  <div class='ocr_page' id='page_1' title='image "/cluster/home/n/w/nwhite01/storage/ocr_20150623/138/uva.x030486987/612.png"; bbox 0 0 4110 6474; ppageno 0'>
   <div class='ocr_carea' id='block_1_1' title="bbox 238 407 364 474">
    <p class='ocr_par' dir='ltr' id='par_1_1' title="bbox 238 407 364 474">
     <span class='ocr_line' id='line_1_1' title="bbox 238 407 364 474; baseline 0.048 -7"><span class='ocrx_word' id='word_1_1' title='bbox 238 407 364 474; x_wconf 75' lang='grc'><strong>1061</strong></span> 
     </span>
    </p>
   </div>
   <div class='ocr_carea' id='block_1_2' title="bbox 1679 425 2080 484">
    <p class='ocr_par' dir='ltr' id='par_1_2' title="bbox 1679 425 2080 484">
     <span class='ocr_line' id='line_1_2' title="bbox 1679 425 2080 484; baseline 0.005 -2"><span class='ocrx_word' id='word_1_2' title='bbox 1679 425 1724 482; x_wconf 73' lang='grc' dir='ltr'>Μ</span> <span class='ocrx_word' id='word_1_3' title='bbox 1743 426 2080 484; x_wconf 65' lang='grc' dir='ltr'><strong>ΕΒΙΤΛΤᾹ.</strong></span> 
     </span>
    </p>
   </div>
   <div class='ocr_carea' id='block_1_3' title="bbox 3288 411 3424 494">
    <p class='ocr_par' dir='ltr' id='par_1_3' title="bbox 3288 411 3424 494">
     <span class='ocr_line' id='line_1_3' title="bbox 3288 411 3424 494; baseline 0.007 -1"><span class='ocrx_word' id='word_1_4' title='bbox 3288 411 3424 494; x_wconf 72' lang='lat'><strong>1002</strong></span> 
     </span>
    </p>
   </div>
   <div class='ocr_carea' id='block_1_4' title="bbox 241 532 1780 609">
    <p class='ocr_par' dir='ltr' id='par_1_4' title="bbox 241 532 1780 609">
     <span class='ocr_line' id='line_1_4' title="bbox 241 532 1780 609; baseline 0.005 -26"><span class='ocrx_word' id='word_1_5' title='bbox 241 532 417 583; x_wconf 78' lang='grc' dir='ltr'>όστων</span> <span class='ocrx_word' id='word_1_6' title='bbox 463 534 565 600; x_wconf 77' lang='grc' dir='ltr'><strong>μού</strong></span> <span class='ocrx_word' id='word_1_7' title='bbox 611 536 748 595; x_wconf 66' lang='grc' dir='ltr'>ἐστιτ</span> <span class='ocrx_word' id='word_1_8' title='bbox 787 539 876 587; x_wconf 72' lang='grc' dir='ltr'>καὶ</span> <span class='ocrx_word' id='word_1_9' title='bbox 923 536 1055 604; x_wconf 71' lang='grc' dir='ltr'>σαρξ</span> <span class='ocrx_word' id='word_1_10' title='bbox 1094 537 1150 602; x_wconf 72' lang='grc' dir='ltr'><strong>ἐξ</strong></span> <span class='ocrx_word' id='word_1_11' title='bbox 1187 539 1281 607; x_wconf 81' lang='grc' dir='ltr'>τῆς</span> <span class='ocrx_word' id='word_1_12' title='bbox 1325 544 1522 609; x_wconf 74' lang='grc' dir='ltr'>σαρκός</span> <span class='ocrx_word' id='word_1_13' title='bbox 1557 558 1688 608; x_wconf 78' lang='grc' dir='ltr'>μου·</span> <span class='ocrx_word' id='word_1_14' title='bbox 1726 540 1780 590; x_wconf 79' lang='grc' dir='ltr'><strong>οὐ</strong></span> 
     </span>
    </p>
   </div>
   <div class='ocr_carea' id='block_1_5' title="bbox 1882 532 3415 609">
    <p class='ocr_par' dir='ltr' id='par_1_5' title="bbox 1890 542 3415 607">
     <span class='ocr_line' id='line_1_5' title="bbox 1890 542 3415 607; baseline 0.001 -14"><span class='ocrx_word' id='word_1_15' title='bbox 1890 559 1949 596; x_wconf 86' lang='lat' dir='ltr'><strong>ns</strong></span> <span class='ocrx_word' id='word_1_16' title='bbox 1977 561 2040 597; x_wconf 75' lang='lat' dir='ltr'><strong>cx</strong></span> <span class='ocrx_word' id='word_1_17' title='bbox 2073 545 2282 598; x_wconf 84' lang='lat' dir='ltr'><strong>ossibus</strong></span> <span class='ocrx_word' id='word_1_18' title='bbox 2314 544 2467 607; x_wconf 87' lang='lat' dir='ltr'><strong>meis,</strong></span> <span class='ocrx_word' id='word_1_19' title='bbox 2491 550 2543 594; x_wconf 89' lang='lat' dir='ltr'><strong>et</strong></span> <span class='ocrx_word' id='word_1_20' title='bbox 2569 555 2693 595; x_wconf 84' lang='lat' dir='ltr'><strong>caro</strong></span> <span class='ocrx_word' id='word_1_21' title='bbox 2714 555 2776 594; x_wconf 80' lang='lat' dir='ltr'><strong>ex</strong></span> <span class='ocrx_word' id='word_1_22' title='bbox 2804 555 2965 593; x_wconf 84' lang='lat' dir='ltr'><strong>carne</strong></span> <span class='ocrx_word' id='word_1_23' title='bbox 2985 555 3100 593; x_wconf 84' lang='lat' dir='ltr'><strong>mea</strong></span> <span class='ocrx_word' id='word_1_24' title='bbox 3129 558 3142 593; x_wconf 88' lang='lat'><strong>:</strong></span> <span class='ocrx_word' id='word_1_25' title='bbox 3171 542 3415 606; x_wconf 84' lang='lat' dir='ltr'><strong>equidem</strong></span> 
     </span>
    </p>
   </div>
   <div class='ocr_carea' id='block_1_6' title="bbox 241 620 1782 697">
    <p class='ocr_par' dir='ltr' id='par_1_6' title="bbox 241 620 1782 697">
     <span class='ocr_line' id='line_1_6' title="bbox 241 620 1782 697; baseline 0.006 -26"><span class='ocrx_word' id='word_1_26' title='bbox 241 620 423 690; x_wconf 87' lang='grc' dir='ltr'>τολμῶ</span> <span class='ocrx_word' id='word_1_27' title='bbox 445 624 570 683; x_wconf 69' lang='grc' dir='ltr'>τοὺς</span> <span class='ocrx_word' id='word_1_28' title='bbox 601 623 898 690; x_wconf 75' lang='grc' dir='ltr'>όμοζύγους</span> <span class='ocrx_word' id='word_1_29' title='bbox 930 627 1100 678; x_wconf 80' lang='grc' dir='ltr'>είπεῖν</span> <span class='ocrx_word' id='word_1_30' title='bbox 1130 628 1294 697; x_wconf 87' lang='grc' dir='ltr'>ἄλλης</span> <span class='ocrx_word' id='word_1_31' title='bbox 1323 630 1416 681; x_wconf 72' lang='grc' dir='ltr'>καὶ</span> <span class='ocrx_word' id='word_1_32' title='bbox 1459 631 1620 696; x_wconf 88' lang='grc' dir='ltr'>ἄλλης</span> <span class='ocrx_word' id='word_1_33' title='bbox 1647 625 1782 680; x_wconf 79' lang='grc' dir='ltr'>εἶναι</span> 
     </span>
    </p>
   </div>
   <div class='ocr_carea' id='block_1_7' title="bbox 245 709 1777 783">
    <p class='ocr_par' dir='ltr' id='par_1_7' title="bbox 245 709 1777 783">
     <span class='ocr_line' id='line_1_7' title="bbox 245 709 1777 783; baseline 0.004 -23"><span class='ocrx_word' id='word_1_34' title='bbox 245 709 468 778; x_wconf 86' lang='grc' dir='ltr'>σαρκδς,</span> <span class='ocrx_word' id='word_1_35' title='bbox 502 710 604 761; x_wconf 73' lang='grc' dir='ltr'>κᾶν</span> <span class='ocrx_word' id='word_1_36' title='bbox 640 714 695 763; x_wconf 82' lang='grc' dir='ltr'>ὲν</span> <span class='ocrx_word' id='word_1_37' title='bbox 738 712 890 764; x_wconf 74' lang='grc' dir='ltr'>δυσὶν</span> <span class='ocrx_word' id='word_1_38' title='bbox 924 714 1277 770; x_wconf 82' lang='grc' dir='ltr'>ὐποστάσεσιν</span> <span class='ocrx_word' id='word_1_39' title='bbox 1324 717 1519 777; x_wconf 78' lang='grc' dir='ltr'>αὐτοὺς</span> <span class='ocrx_word' id='word_1_40' title='bbox 1558 715 1777 783; x_wconf 78' lang='grc' dir='ltr'>Θεωρῶο</span> 
     </span>
    </p>
   </div>
   <div class='ocr_carea' id='block_1_8' title="bbox 245 799 1784 873">
    <p class='ocr_par' dir='ltr' id='par_1_8' title="bbox 245 799 1784 873">
     <span class='ocr_line' id='line_1_8' title="bbox 245 799 1784 873; baseline 0.005 -22"><span class='ocrx_word' id='word_1_41' title='bbox 245 799 334 851; x_wconf 76' lang='grc' dir='ltr'>ενα</span> <span class='ocrx_word' id='word_1_42' title='bbox 373 799 447 870; x_wconf 82' lang='grc' dir='ltr'>μὴ</span> <span class='ocrx_word' id='word_1_43' title='bbox 494 801 715 863; x_wconf 75' lang='grc' dir='ltr'><strong>δικαίως</strong></span> <span class='ocrx_word' id='word_1_44' title='bbox 745 804 1056 873; x_wconf 86' lang='grc' dir='ltr'>κατακριθῶ</span> <span class='ocrx_word' id='word_1_45' title='bbox 1105 805 1244 857; x_wconf 74' lang='grc' dir='ltr'>κατὰ</span> <span class='ocrx_word' id='word_1_46' title='bbox 1292 806 1415 868; x_wconf 86' lang='grc' dir='ltr'>τοὺς</span> <span class='ocrx_word' id='word_1_47' title='bbox 1464 807 1784 869; x_wconf 80' lang='grc' dir='ltr'>ἀθετοῦντας</span> 
     </span>
    </p>
   </div>
   <div class='ocr_carea' id='block_1_9' title="bbox 243 890 1781 962">
    <p class='ocr_par' dir='ltr' id='par_1_9' title="bbox 243 890 1781 962">
     <span class='ocr_line' id='line_1_9' title="bbox 243 890 1781 962; baseline 0.006 -23"><span class='ocrx_word' id='word_1_48' title='bbox 243 890 553 957; x_wconf 72' lang='grc' dir='ltr'>δγγράφους</span> <span class='ocrx_word' id='word_1_49' title='bbox 589 891 679 942; x_wconf 76' lang='grc' dir='ltr'>καὶ</span> <span class='ocrx_word' id='word_1_50' title='bbox 736 891 1012 960; x_wconf 76' lang='grc' dir='ltr'><strong>ἀγράφους</strong></span> <span class='ocrx_word' id='word_1_51' title='bbox 1063 895 1406 962; x_wconf 84' lang='grc' dir='ltr'>παραδόσεις,</span> <span class='ocrx_word' id='word_1_52' title='bbox 1450 896 1557 946; x_wconf 81' lang='grc' dir='ltr'>τῶν</span> <span class='ocrx_word' id='word_1_53' title='bbox 1612 897 1781 962; x_wconf 87' lang='grc' dir='ltr'>ἁγίων</span> 
     </span>
    </p>
   </div>
   <div class='ocr_carea' id='block_1_10' title="bbox 255 978 1778 1053">
    <p class='ocr_par' dir='ltr' id='par_1_10' title="bbox 255 978 1778 1053">
     <span class='ocr_line' id='line_1_10' title="bbox 255 978 1778 1053; baseline 0.007 -24"><span class='ocrx_word' id='word_1_54' title='bbox 255 978 590 1048; x_wconf 81' lang='grc' dir='ltr'>Ἐκκλησιῶν</span> <span class='ocrx_word' id='word_1_55' title='bbox 630 981 722 1031; x_wconf 74' lang='grc' dir='ltr'>καὶ</span> <span class='ocrx_word' id='word_1_56' title='bbox 758 982 855 1048; x_wconf 85' lang='grc' dir='ltr'>τῆς</span> <span class='ocrx_word' id='word_1_57' title='bbox 912 983 1180 1052; x_wconf 74' lang='grc' dir='ltr'><strong>σωτηρίας</strong></span> <span class='ocrx_word' id='word_1_58' title='bbox 1230 985 1386 1052; x_wconf 80' lang='grc' dir='ltr'>ἡμῶν</span> <span class='ocrx_word' id='word_1_59' title='bbox 1416 986 1476 1035; x_wconf 78' lang='grc' dir='ltr'>τὸ</span> <span class='ocrx_word' id='word_1_60' title='bbox 1501 986 1778 1053; x_wconf 76' lang='grc' dir='ltr'>ἐχέγγυον.</span> 
     </span>
    </p>
   </div>
   <div class='ocr_carea' id='block_1_11' title="bbox 241 1068 1780 1140">
    <p class='ocr_par' dir='ltr' id='par_1_11' title="bbox 241 1068 1780 1140">
     <span class='ocr_line' id='line_1_11' title="bbox 241 1068 1780 1140; baseline 0.003 -20"><span class='ocrx_word' id='word_1_61' title='bbox 241 1068 596 1133; x_wconf 80' lang='grc' dir='ltr'>Διαγινὼσκω</span> <span class='ocrx_word' id='word_1_62' title='bbox 623 1068 676 1119; x_wconf 76' lang='grc' dir='ltr'><strong>δὲ</strong></span> <span class='ocrx_word' id='word_1_63' title='bbox 708 1069 904 1136; x_wconf 82' lang='grc' dir='ltr'>μᾶλλον</span> <span class='ocrx_word' id='word_1_64' title='bbox 946 1071 1070 1137; x_wconf 87' lang='grc' dir='ltr'>μίαν</span> <span class='ocrx_word' id='word_1_65' title='bbox 1107 1073 1280 1140; x_wconf 85' lang='grc' dir='ltr'>σάρκα</span> <span class='ocrx_word' id='word_1_66' title='bbox 1326 1073 1541 1134; x_wconf 81' lang='grc' dir='ltr'><strong>τούτους</strong></span> <span class='ocrx_word' id='word_1_67' title='bbox 1574 1075 1780 1139; x_wconf 78' lang='grc' dir='ltr'>λογίζει-</span> 
     </span>
    </p>
   </div>
   <div class='ocr_carea' id='block_1_12' title="bbox 245 1155 1781 1228">
    <p class='ocr_par' dir='ltr' id='par_1_12' title="bbox 245 1155 1781 1228">
     <span class='ocr_line' id='line_1_12' title="bbox 245 1155 1781 1228; baseline 0.005 -22"><span class='ocrx_word' id='word_1_68' title='bbox 245 1155 394 1218; x_wconf 78' lang='grc' dir='ltr'>σθαι,</span> <span class='ocrx_word' id='word_1_69' title='bbox 427 1157 518 1207; x_wconf 81' lang='grc' dir='ltr'>καὶ</span> <span class='ocrx_word' id='word_1_70' title='bbox 550 1158 656 1216; x_wconf 79' lang='grc' dir='ltr'>τοῖς</span> <span class='ocrx_word' id='word_1_71' title='bbox 697 1158 874 1217; x_wconf 76' lang='grc' dir='ltr'>αὐτοῖς</span> <span class='ocrx_word' id='word_1_72' title='bbox 920 1160 1360 1227; x_wconf 83' lang='grc' dir='ltr'>στενοχωρεῖσθαι</span> <span class='ocrx_word' id='word_1_73' title='bbox 1389 1161 1476 1211; x_wconf 80' lang='grc' dir='ltr'>τὸν</span> <span class='ocrx_word' id='word_1_74' title='bbox 1502 1162 1669 1228; x_wconf 84' lang='grc' dir='ltr'>ἄνδρα</span> <span class='ocrx_word' id='word_1_75' title='bbox 1698 1176 1781 1213; x_wconf 83' lang='lat' dir='ltr'><strong>vo-</strong></span> 
     </span>
    </p>
   </div>
   <div class='ocr_carea' id='block_1_13' title="bbox 245 1243 1783 1314">
    <p class='ocr_par' dir='ltr' id='par_1_13' title="bbox 245 1243 1783 1314">
     <span class='ocr_line' id='line_1_13' title="bbox 245 1243 1783 1314; baseline 0.003 -20"><span class='ocrx_word' id='word_1_76' title='bbox 245 1247 428 1311; x_wconf 79' lang='grc' dir='ltr'>μικοίς</span> <span class='ocrx_word' id='word_1_77' title='bbox 449 1243 542 1295; x_wconf 78' lang='grc' dir='ltr'>καὶ</span> <span class='ocrx_word' id='word_1_78' title='bbox 571 1248 869 1306; x_wconf 84' lang='grc' dir='ltr'>κανονικοῖς</span> <span class='ocrx_word' id='word_1_79' title='bbox 905 1248 1369 1314; x_wconf 73' lang='grc' dir='ltr'><strong>παραγγέλμασιν,</strong></span> <span class='ocrx_word' id='word_1_80' title='bbox 1397 1248 1517 1300; x_wconf 82' lang='grc' dir='ltr'>ὅσον</span> <span class='ocrx_word' id='word_1_81' title='bbox 1539 1249 1672 1310; x_wconf 81' lang='grc' dir='ltr'>τέως</span> <span class='ocrx_word' id='word_1_82' title='bbox 1706 1251 1783 1310; x_wconf 84' lang='grc' dir='ltr'>εἰς</span> 
     </span>
    </p>
   </div>
   <div class='ocr_carea' id='block_1_14' title="bbox 245 1328 1781 1404">
    <p class='ocr_par' dir='ltr' id='par_1_14' title="bbox 245 1328 1781 1404">
     <span class='ocr_line' id='line_1_14' title="bbox 245 1328 1781 1404; baseline 0.001 -20"><span class='ocrx_word' id='word_1_83' title='bbox 245 1332 540 1398; x_wconf 78' lang='grc' dir='ltr'>συνάφειαν</span> <span class='ocrx_word' id='word_1_84' title='bbox 568 1334 825 1401; x_wconf 84' lang='grc' dir='ltr'>γαμικὴν,</span> <span class='ocrx_word' id='word_1_85' title='bbox 855 1328 933 1395; x_wconf 72' lang='grc' dir='ltr'>οἷς</span> <span class='ocrx_word' id='word_1_86' title='bbox 963 1335 1052 1385; x_wconf 77' lang='grc' dir='ltr'>καὶ</span> <span class='ocrx_word' id='word_1_87' title='bbox 1075 1337 1107 1403; x_wconf 79' lang='grc' dir='ltr'>ἡ</span> <span class='ocrx_word' id='word_1_88' title='bbox 1135 1335 1318 1387; x_wconf 85' lang='grc' dir='ltr'>τούτου</span> <span class='ocrx_word' id='word_1_89' title='bbox 1371 1340 1781 1404; x_wconf 81' lang='grc' dir='ltr'>στενοχωρείται</span> 
     </span>
    </p>
   </div>
   <div class='ocr_carea' id='block_1_15' title="bbox 241 1422 1783 1492">
    <p class='ocr_par' dir='ltr' id='par_1_15' title="bbox 241 1422 1783 1492">
     <span class='ocr_line' id='line_1_15' title="bbox 241 1422 1783 1492; baseline 0.001 -17"><span class='ocrx_word' id='word_1_90' title='bbox 241 1423 544 1490; x_wconf 78' lang='grc' dir='ltr'>ὁμόζυγοςο</span> <span class='ocrx_word' id='word_1_91' title='bbox 570 1422 756 1492; x_wconf 80' lang='grc' dir='ltr'>ὥσπερ</span> <span class='ocrx_word' id='word_1_92' title='bbox 795 1424 886 1475; x_wconf 73' lang='grc' dir='ltr'>καὶ</span> <span class='ocrx_word' id='word_1_93' title='bbox 929 1423 988 1474; x_wconf 81' lang='grc' dir='ltr'>τὸ</span> <span class='ocrx_word' id='word_1_94' title='bbox 1030 1424 1315 1477; x_wconf 82' lang='grc' dir='ltr'>ἀνάπαλιν.</span> <span class='ocrx_word' id='word_1_95' title='bbox 1356 1426 1461 1477; x_wconf 75' lang='grc' dir='ltr'>Καὶ</span> <span class='ocrx_word' id='word_1_96' title='bbox 1512 1425 1598 1476; x_wconf 81' lang='grc' dir='ltr'>διὰ</span> <span class='ocrx_word' id='word_1_97' title='bbox 1627 1425 1783 1476; x_wconf 82' lang='grc' dir='ltr'>τοῦτο</span> 
     </span>
    </p>
   </div>
   <div class='ocr_carea' id='block_1_16' title="bbox 247 1512 1783 1593">
    <p class='ocr_par' dir='ltr' id='par_1_16' title="bbox 247 1512 1783 1593">
     <span class='ocr_line' id='line_1_16' title="bbox 247 1512 1783 1593; baseline 0.001 -30"><span class='ocrx_word' id='word_1_98' title='bbox 247 1514 326 1593; x_wconf 67' lang='grc' dir='ltr'><strong>μη</strong></span> <span class='ocrx_word' id='word_1_99' title='bbox 382 1512 636 1564; x_wconf 82' lang='grc' dir='ltr'>δύνασθαι</span> <span class='ocrx_word' id='word_1_100' title='bbox 681 1513 770 1564; x_wconf 80' lang='grc' dir='ltr'>τὸν</span> <span class='ocrx_word' id='word_1_101' title='bbox 815 1514 1119 1581; x_wconf 82' lang='grc' dir='ltr'><strong>Δημήτριον</strong></span> <span class='ocrx_word' id='word_1_102' title='bbox 1153 1513 1232 1573; x_wconf 85' lang='grc' dir='ltr'><strong>είς</strong></span> <span class='ocrx_word' id='word_1_103' title='bbox 1265 1516 1493 1577; x_wconf 84' lang='grc' dir='ltr'>γυναῖκα</span> <span class='ocrx_word' id='word_1_104' title='bbox 1528 1514 1624 1580; x_wconf 82' lang='grc' dir='ltr'><strong>τὴν</strong></span> <span class='ocrx_word' id='word_1_105' title='bbox 1656 1513 1783 1564; x_wconf 80' lang='grc' dir='ltr'>Θεο-</span> 
     </span>
    </p>
   </div>
   <div class='ocr_carea' id='block_1_17' title="bbox 242 1600 1780 1671">
    <p class='ocr_par' dir='ltr' id='par_1_17' title="bbox 242 1600 1780 1671">
     <span class='ocr_line' id='line_1_17' title="bbox 242 1600 1780 1671; baseline 0.003 -20"><span class='ocrx_word' id='word_1_106' title='bbox 242 1601 423 1668; x_wconf 83' lang='grc' dir='ltr'>δώραν</span> <span class='ocrx_word' id='word_1_107' title='bbox 467 1601 683 1656; x_wconf 77' lang='grc' dir='ltr'>λαϐεῖν.</span> <span class='ocrx_word' id='word_1_108' title='bbox 747 1600 1092 1669; x_wconf 76' lang='grc' dir='ltr'>λογιζομένην</span> <span class='ocrx_word' id='word_1_109' title='bbox 1145 1601 1520 1671; x_wconf 76' lang='grc' dir='ltr'>δισεξαδέλφην</span> <span class='ocrx_word' id='word_1_110' title='bbox 1570 1603 1730 1655; x_wconf 80' lang='grc' dir='ltr'>αὑτοῦ</span> <span class='ocrx_word' id='word_1_111' title='bbox 1766 1643 1780 1667; x_wconf 93' lang='grc'><strong>,</strong></span> 
     </span>
    </p>
   </div>
   <div class='ocr_carea' id='block_1_18' title="bbox 241 1690 1780 1763">
    <p class='ocr_par' dir='ltr' id='par_1_18' title="bbox 241 1690 1780 1763">
     <span class='ocr_line' id='line_1_18' title="bbox 241 1690 1780 1763; baseline 0.004 -22"><span class='ocrx_word' id='word_1_112' title='bbox 241 1691 333 1743; x_wconf 73' lang='grc' dir='ltr'>διὰ</span> <span class='ocrx_word' id='word_1_113' title='bbox 362 1690 459 1759; x_wconf 80' lang='grc' dir='ltr'>τὴν</span> <span class='ocrx_word' id='word_1_114' title='bbox 487 1693 623 1759; x_wconf 76' lang='grc' dir='ltr'>μετὰ</span> <span class='ocrx_word' id='word_1_115' title='bbox 649 1691 744 1758; x_wconf 84' lang='grc' dir='ltr'>τῆς</span> <span class='ocrx_word' id='word_1_116' title='bbox 766 1693 978 1760; x_wconf 81' lang='grc' dir='ltr'>Μαρίας</span> <span class='ocrx_word' id='word_1_117' title='bbox 1004 1694 1242 1763; x_wconf 79' lang='grc' dir='ltr'>γαμικὴν</span> <span class='ocrx_word' id='word_1_118' title='bbox 1269 1694 1453 1746; x_wconf 82' lang='grc' dir='ltr'>τούτου</span> <span class='ocrx_word' id='word_1_119' title='bbox 1473 1697 1780 1760; x_wconf 79' lang='grc' dir='ltr'>συνάφειαν.</span> 
     </span>
    </p>
   </div>
   <div class='ocr_carea' id='block_1_19' title="bbox 1887 630 3419 700">
    <p class='ocr_par' dir='ltr' id='par_1_19' title="bbox 1887 630 3419 700">
     <span class='ocr_line' id='line_1_19' title="bbox 1887 630 3419 700; baseline -0.003 -12"><span class='ocrx_word' id='word_1_120' title='bbox 1887 635 2064 688; x_wconf 87' lang='lat' dir='ltr'><strong>dicere</strong></span> <span class='ocrx_word' id='word_1_121' title='bbox 2090 651 2190 687; x_wconf 92' lang='lat' dir='ltr'><strong>non</strong></span> <span class='ocrx_word' id='word_1_122' title='bbox 2223 633 2413 694; x_wconf 82' lang='lat' dir='ltr'><strong>audeo,</strong></span> <span class='ocrx_word' id='word_1_123' title='bbox 2437 632 2691 700; x_wconf 72' lang='lat' dir='ltr'><strong>coniuges</strong></span> <span class='ocrx_word' id='word_1_124' title='bbox 2721 632 2940 684; x_wconf 76' lang='lat' dir='ltr'><strong>alterius</strong></span> <span class='ocrx_word' id='word_1_125' title='bbox 2969 630 3278 692; x_wconf 81' lang='lat' dir='ltr'><strong>et_alterius</strong></span> <span class='ocrx_word' id='word_1_126' title='bbox 3298 647 3419 685; x_wconf 87' lang='lat' dir='ltr'><strong>esse</strong></span> 
     </span>
    </p>
   </div>
   <div class='ocr_carea' id='block_1_20' title="bbox 1885 720 3415 788">
    <p class='ocr_par' dir='ltr' id='par_1_20' title="bbox 1885 720 3415 788">
     <span class='ocr_line' id='line_1_20' title="bbox 1885 720 3415 788; baseline -0.002 -12"><span class='ocrx_word' id='word_1_127' title='bbox 1885 725 2084 786; x_wconf 86' lang='lat' dir='ltr'><strong>carnis,</strong></span> <span class='ocrx_word' id='word_1_128' title='bbox 2113 724 2233 776; x_wconf 87' lang='lat' dir='ltr'><strong>licet</strong></span> <span class='ocrx_word' id='word_1_129' title='bbox 2254 737 2344 776; x_wconf 89' lang='lat' dir='ltr'><strong>eos</strong></span> <span class='ocrx_word' id='word_1_130' title='bbox 2373 723 2425 775; x_wconf 91' lang='lat' dir='ltr'><strong>in</strong></span> <span class='ocrx_word' id='word_1_131' title='bbox 2444 722 2653 776; x_wconf 87' lang='lat' dir='ltr'><strong>duabus</strong></span> <span class='ocrx_word' id='word_1_132' title='bbox 2668 721 2911 788; x_wconf 89' lang='lat' dir='ltr'><strong>personis</strong></span> <span class='ocrx_word' id='word_1_133' title='bbox 2929 721 3081 788; x_wconf 74' lang='lat' dir='ltr'><strong>video</strong></span> <span class='ocrx_word' id='word_1_134' title='bbox 3107 737 3118 772; x_wconf 90' lang='lat'>:</span> <span class='ocrx_word' id='word_1_135' title='bbox 3141 736 3204 772; x_wconf 86' lang='lat' dir='ltr'><strong>ne</strong></span> <span class='ocrx_word' id='word_1_136' title='bbox 3226 720 3415 775; x_wconf 69' lang='lat' dir='ltr'><strong>inet-ite</strong></span> 
     </span>
    </p>
   </div>
   <div class='ocr_carea' id='block_1_21' title="bbox 1882 810 3413 878">
    <p class='ocr_par' dir='ltr' id='par_1_21' title="bbox 1882 810 3413 878">
     <span class='ocr_line' id='line_1_21' title="bbox 1882 810 3413 878; baseline -0.001 -14"><span class='ocrx_word' id='word_1_137' title='bbox 1882 811 2439 865; x_wconf 86' lang='lat' dir='ltr'><strong>condemnerillorum</strong></span> <span class='ocrx_word' id='word_1_138' title='bbox 2504 827 2671 870; x_wconf 89' lang='lat' dir='ltr'><strong>more.</strong></span> <span class='ocrx_word' id='word_1_139' title='bbox 2730 811 2822 878; x_wconf 91' lang='lat' dir='ltr'><strong>qui</strong></span> <span class='ocrx_word' id='word_1_140' title='bbox 2890 810 3120 877; x_wconf 80' lang='lat' dir='ltr'><strong>scriptas</strong></span> <span class='ocrx_word' id='word_1_141' title='bbox 3182 819 3234 862; x_wconf 88' lang='lat' dir='ltr'><strong>et</strong></span> <span class='ocrx_word' id='word_1_142' title='bbox 3307 825 3413 862; x_wconf 86' lang='lat' dir='ltr'><strong>nor:</strong></span> 
     </span>
    </p>
   </div>
   <div class='ocr_carea' id='block_1_22' title="bbox 1883 901 3410 967">
    <p class='ocr_par' dir='ltr' id='par_1_22' title="bbox 1883 901 3410 967">
     <span class='ocr_line' id='line_1_22' title="bbox 1883 901 3410 967; baseline -0.003 -13"><span class='ocrx_word' id='word_1_143' title='bbox 1883 902 2111 967; x_wconf 80' lang='lat' dir='ltr'><strong>scriptas</strong></span> <span class='ocrx_word' id='word_1_144' title='bbox 2178 901 2492 953; x_wconf 87' lang='lat' dir='ltr'><strong>traditiones</strong></span> <span class='ocrx_word' id='word_1_145' title='bbox 2557 901 2863 966; x_wconf 85' lang='lat' dir='ltr'><strong>reprobant,</strong></span> <span class='ocrx_word' id='word_1_146' title='bbox 2922 914 3040 966; x_wconf 71' lang='lat' dir='ltr'><strong>qua:</strong></span> <span class='ocrx_word' id='word_1_147' title='bbox 3074 908 3410 955; x_wconf 70' lang='lat' dir='ltr'><strong>sanctarum</strong></span> 
     </span>
    </p>
   </div>
   <div class='ocr_carea' id='block_1_23' title="bbox 1883 987 3409 1055">
    <p class='ocr_par' dir='ltr' id='par_1_23' title="bbox 1883 987 3409 1055">
     <span class='ocr_line' id='line_1_23' title="bbox 1883 987 3409 1055; baseline -0.001 -16"><span class='ocrx_word' id='word_1_148' title='bbox 1883 987 2240 1042; x_wconf 83' lang='lat' dir='ltr'><strong>Ecclesiarum</strong></span> <span class='ocrx_word' id='word_1_149' title='bbox 2265 998 2318 1042; x_wconf 90' lang='lat' dir='ltr'><strong>et</strong></span> <span class='ocrx_word' id='word_1_150' title='bbox 2361 988 2554 1041; x_wconf 86' lang='lat' dir='ltr'><strong>salutis</strong></span> <span class='ocrx_word' id='word_1_151' title='bbox 2611 999 2808 1040; x_wconf 73' lang='lat' dir='ltr'><strong>nostra:</strong></span> <span class='ocrx_word' id='word_1_152' title='bbox 2866 988 3058 1055; x_wconf 71' lang='lat' dir='ltr'><strong>pignus</strong></span> <span class='ocrx_word' id='word_1_153' title='bbox 3111 996 3253 1040; x_wconf 89' lang='lat' dir='ltr'><strong>sunt.</strong></span> <span class='ocrx_word' id='word_1_154' title='bbox 3308 988 3409 1038; x_wconf 72' lang='grc' dir='ltr'><strong>ιω(</strong></span> 
     </span>
    </p>
   </div>
   <div class='ocr_carea' id='block_1_24' title="bbox 1882 1076 3412 1147">
    <p class='ocr_par' dir='ltr' id='par_1_24' title="bbox 1882 1076 3412 1147">
     <span class='ocr_line' id='line_1_24' title="bbox 1882 1076 3412 1147; baseline -0.004 -15"><span class='ocrx_word' id='word_1_155' title='bbox 1882 1079 2061 1147; x_wconf 90' lang='lat' dir='ltr'><strong>potius</strong></span> <span class='ocrx_word' id='word_1_156' title='bbox 2086 1087 2281 1140; x_wconf 85' lang='lat' dir='ltr'><strong>statuo,</strong></span> <span class='ocrx_word' id='word_1_157' title='bbox 2314 1093 2410 1145; x_wconf 90' lang='lat' dir='ltr'><strong>pro</strong></span> <span class='ocrx_word' id='word_1_158' title='bbox 2439 1093 2545 1129; x_wconf 83' lang='lat' dir='ltr'><strong>una</strong></span> <span class='ocrx_word' id='word_1_159' title='bbox 2589 1092 2750 1130; x_wconf 88' lang='lat' dir='ltr'><strong>carne</strong></span> <span class='ocrx_word' id='word_1_160' title='bbox 2807 1077 3100 1138; x_wconf 89' lang='lat' dir='ltr'><strong>ducendos,</strong></span> <span class='ocrx_word' id='word_1_161' title='bbox 3132 1086 3183 1128; x_wconf 89' lang='lat' dir='ltr'><strong>et</strong></span> <span class='ocrx_word' id='word_1_162' title='bbox 3226 1076 3412 1127; x_wconf 82' lang='lat' dir='ltr'><strong>iisdetr.</strong></span> 
     </span>
    </p>
   </div>
   <div class='ocr_carea' id='block_1_25' title="bbox 1882 1164 3414 1236">
    <p class='ocr_par' dir='ltr' id='par_1_25' title="bbox 1882 1164 3414 1236">
     <span class='ocr_line' id='line_1_25' title="bbox 1882 1164 3414 1236; baseline -0.005 -14"><span class='ocrx_word' id='word_1_163' title='bbox 1882 1168 2174 1236; x_wconf 85' lang='lat' dir='ltr'><strong>constringi</strong></span> <span class='ocrx_word' id='word_1_164' title='bbox 2204 1169 2720 1236; x_wconf 71' lang='lat' dir='ltr'><strong>maritumlegalilius</strong></span> <span class='ocrx_word' id='word_1_165' title='bbox 2750 1167 3092 1220; x_wconf 85' lang='lat' dir='ltr'><strong>etcanonieis</strong></span> <span class='ocrx_word' id='word_1_166' title='bbox 3116 1164 3414 1231; x_wconf 76' lang='lat' dir='ltr'><strong>praeceptis,</strong></span> 
     </span>
    </p>
   </div>
   <div class='ocr_carea' id='block_1_26' title="bbox 1880 1254 3422 1328">
    <p class='ocr_par' dir='ltr' id='par_1_26' title="bbox 1880 1254 3422 1328">
     <span class='ocr_line' id='line_1_26' title="bbox 1880 1254 3422 1328; baseline -0.007 -15"><span class='ocrx_word' id='word_1_167' title='bbox 1880 1270 2135 1328; x_wconf 85' lang='lat' dir='ltr'><strong>quantum</strong></span> <span class='ocrx_word' id='word_1_168' title='bbox 2165 1258 2367 1311; x_wconf 83' lang='lat' dir='ltr'><strong>scilicet</strong></span> <span class='ocrx_word' id='word_1_169' title='bbox 2393 1259 2782 1326; x_wconf 85' lang='lat' dir='ltr'><strong>cupulationem</strong></span> <span class='ocrx_word' id='word_1_170' title='bbox 2808 1255 3252 1308; x_wconf 80' lang='lat' dir='ltr'><strong>matritnouialeiu</strong></span> <span class='ocrx_word' id='word_1_171' title='bbox 3291 1254 3422 1303; x_wconf 80' lang='lat' dir='ltr'><strong>atti-</strong></span> 
     </span>
    </p>
   </div>
   <div class='ocr_carea' id='block_1_27' title="bbox 1881 1343 3418 1416">
    <p class='ocr_par' dir='ltr' id='par_1_27' title="bbox 1881 1343 3418 1416">
     <span class='ocr_line' id='line_1_27' title="bbox 1881 1343 3418 1416; baseline -0.007 -13"><span class='ocrx_word' id='word_1_172' title='bbox 1881 1357 1990 1411; x_wconf 80' lang='lat' dir='ltr'><strong>net,</strong></span> <span class='ocrx_word' id='word_1_173' title='bbox 2034 1350 2228 1416; x_wconf 87' lang='lat' dir='ltr'><strong>quibus</strong></span> <span class='ocrx_word' id='word_1_174' title='bbox 2273 1357 2325 1403; x_wconf 88' lang='lat' dir='ltr'><strong>et</strong></span> <span class='ocrx_word' id='word_1_175' title='bbox 2362 1348 2558 1414; x_wconf 69' lang='lat' dir='ltr'><strong>coniux</strong></span> <span class='ocrx_word' id='word_1_176' title='bbox 2616 1347 2734 1413; x_wconf 84' lang='lat' dir='ltr'><strong>ejus</strong></span> <span class='ocrx_word' id='word_1_177' title='bbox 2764 1345 3094 1397; x_wconf 74' lang='lat' dir='ltr'><strong>includitur:</strong></span> <span class='ocrx_word' id='word_1_178' title='bbox 3159 1343 3418 1408; x_wconf 85' lang='lat' dir='ltr'><strong>idemque</strong></span> 
     </span>
    </p>
   </div>
   <div class='ocr_carea' id='block_1_28' title="bbox 1881 1433 3416 1500">
    <p class='ocr_par' dir='ltr' id='par_1_28' title="bbox 1881 1433 3416 1500">
     <span class='ocr_line' id='line_1_28' title="bbox 1881 1433 3416 1500; baseline -0.005 -11"><span class='ocrx_word' id='word_1_179' title='bbox 1881 1439 1995 1492; x_wconf 88' lang='lat' dir='ltr'><strong>vice</strong></span> <span class='ocrx_word' id='word_1_180' title='bbox 2023 1451 2177 1490; x_wconf 82' lang='lat' dir='ltr'><strong>versa</strong></span> <span class='ocrx_word' id='word_1_181' title='bbox 2217 1438 2390 1489; x_wconf 88' lang='lat' dir='ltr'><strong>locum</strong></span> <span class='ocrx_word' id='word_1_182' title='bbox 2427 1437 2641 1489; x_wconf 84' lang='lat' dir='ltr'><strong>habere.</strong></span> <span class='ocrx_word' id='word_1_183' title='bbox 2682 1435 2854 1500; x_wconf 85' lang='lat' dir='ltr'><strong>Atque</strong></span> <span class='ocrx_word' id='word_1_184' title='bbox 2892 1433 2992 1485; x_wconf 87' lang='lat' dir='ltr'><strong>hac</strong></span> <span class='ocrx_word' id='word_1_185' title='bbox 3024 1434 3089 1484; x_wconf 90' lang='lat' dir='ltr'><strong>de</strong></span> <span class='ocrx_word' id='word_1_186' title='bbox 3121 1447 3283 1484; x_wconf 83' lang='lat' dir='ltr'><strong>causa</strong></span> <span class='ocrx_word' id='word_1_187' title='bbox 3314 1446 3416 1481; x_wconf 89' lang='lat' dir='ltr'><strong>non</strong></span> 
     </span>
    </p>
   </div>
   <div class='ocr_carea' id='block_1_29' title="bbox 1879 1520 3416 1596">
    <p class='ocr_par' dir='ltr' id='par_1_29' title="bbox 1879 1520 3416 1596">
     <span class='ocr_line' id='line_1_29' title="bbox 1879 1520 3416 1596; baseline -0.008 -15"><span class='ocrx_word' id='word_1_188' title='bbox 1879 1543 2038 1596; x_wconf 84' lang='lat' dir='ltr'><strong>posse</strong></span> <span class='ocrx_word' id='word_1_189' title='bbox 2070 1527 2393 1580; x_wconf 83' lang='lat' dir='ltr'><strong>Demetrium</strong></span> <span class='ocrx_word' id='word_1_190' title='bbox 2425 1526 2476 1579; x_wconf 91' lang='lat' dir='ltr'><strong>in</strong></span> <span class='ocrx_word' id='word_1_191' title='bbox 2519 1539 2738 1577; x_wconf 78' lang='lat' dir='ltr'><strong>uxorem</strong></span> <span class='ocrx_word' id='word_1_192' title='bbox 2802 1523 2999 1575; x_wconf 87' lang='lat' dir='ltr'><strong>ducere</strong></span> <span class='ocrx_word' id='word_1_193' title='bbox 3056 1520 3416 1580; x_wconf 78' lang='lat' dir='ltr'><strong>Theodoram,</strong></span> 
     </span>
    </p>
   </div>
   <div class='ocr_carea' id='block_1_30' title="bbox 1882 1610 3418 1686">
    <p class='ocr_par' dir='ltr' id='par_1_30' title="bbox 1882 1610 3418 1686">
     <span class='ocr_line' id='line_1_30' title="bbox 1882 1610 3418 1686; baseline -0.005 -18"><span class='ocrx_word' id='word_1_194' title='bbox 1882 1633 1997 1686; x_wconf 67' lang='lat' dir='ltr'><strong>quae</strong></span> <span class='ocrx_word' id='word_1_195' title='bbox 2019 1631 2112 1683; x_wconf 88' lang='lat' dir='ltr'><strong>pro</strong></span> <span class='ocrx_word' id='word_1_196' title='bbox 2145 1616 2362 1668; x_wconf 80' lang='lat' dir='ltr'><strong>sobrina</strong></span> <span class='ocrx_word' id='word_1_197' title='bbox 2392 1615 2508 1682; x_wconf 85' lang='lat' dir='ltr'><strong>ejus</strong></span> <span class='ocrx_word' id='word_1_198' title='bbox 2561 1614 2807 1674; x_wconf 86' lang='lat' dir='ltr'><strong>habetur,</strong></span> <span class='ocrx_word' id='word_1_199' title='bbox 2867 1620 3082 1678; x_wconf 81' lang='lat' dir='ltr'><strong>prapter</strong></span> <span class='ocrx_word' id='word_1_200' title='bbox 3135 1610 3418 1660; x_wconf 82' lang='lat' dir='ltr'><strong>matrimo-</strong></span> 
     </span>
    </p>
   </div>
   <div class='ocr_carea' id='block_1_31' title="bbox 1883 1699 3418 1768">
    <p class='ocr_par' dir='ltr' id='par_1_31' title="bbox 1883 1699 3418 1768">
     <span class='ocr_line' id='line_1_31' title="bbox 1883 1699 3418 1768; baseline -0.008 -8"><span class='ocrx_word' id='word_1_201' title='bbox 1883 1708 2072 1760; x_wconf 88' lang='lat' dir='ltr'><strong>uialem</strong></span> <span class='ocrx_word' id='word_1_202' title='bbox 2104 1705 2273 1762; x_wconf 81' lang='lat' dir='ltr'><strong>iusius</strong></span> <span class='ocrx_word' id='word_1_203' title='bbox 2304 1719 2421 1757; x_wconf 92' lang='lat' dir='ltr'><strong>cum</strong></span> <span class='ocrx_word' id='word_1_204' title='bbox 2457 1703 2616 1756; x_wconf 79' lang='lat' dir='ltr'><strong>Maria</strong></span> <span class='ocrx_word' id='word_1_205' title='bbox 2643 1702 3097 1768; x_wconf 66' lang='lat' dir='ltr'><strong>coniunctionem.</strong></span> <span class='ocrx_word' id='word_1_206' title='bbox 3139 1699 3418 1751; x_wconf 78' lang='lat' dir='ltr'><strong>Assentior</strong></span> 
     </span>
    </p>
   </div>
   <div class='ocr_carea' id='block_1_32' title="bbox 256 1781 1780 1864">
    <p class='ocr_par' dir='ltr' id='par_1_32' title="bbox 256 1781 1780 1849">
     <span class='ocr_line' id='line_1_32' title="bbox 256 1781 1780 1849; baseline 0.002 -18"><span class='ocrx_word' id='word_1_207' title='bbox 256 1781 607 1849; x_wconf 80' lang='grc' dir='ltr'>’Δποδέχομαι</span> <span class='ocrx_word' id='word_1_208' title='bbox 659 1781 714 1832; x_wconf 67' lang='grc' dir='ltr'><strong>δὲ</strong></span> <span class='ocrx_word' id='word_1_209' title='bbox 768 1782 857 1833; x_wconf 76' lang='grc' dir='ltr'><strong>καὶ</strong></span> <span class='ocrx_word' id='word_1_210' title='bbox 901 1785 1024 1843; x_wconf 81' lang='grc' dir='ltr'>τοὺς</span> <span class='ocrx_word' id='word_1_211' title='bbox 1083 1783 1387 1844; x_wconf 82' lang='grc' dir='ltr'>κωλύοντας</span> <span class='ocrx_word' id='word_1_212' title='bbox 1428 1785 1487 1834; x_wconf 85' lang='grc' dir='ltr'>τὸ</span> <span class='ocrx_word' id='word_1_213' title='bbox 1547 1783 1780 1835; x_wconf 76' lang='grc' dir='ltr'>τοιοῦτον</span> 
     </span>
    </p>
   </div>
   <div class='ocr_carea' id='block_1_33' title="bbox 1882 1781 3415 1864">
    <p class='ocr_par' dir='ltr' id='par_1_33' title="bbox 1883 1790 3415 1864">
     <span class='ocr_line' id='line_1_33' title="bbox 1883 1790 3415 1864; baseline -0.01 -14"><span class='ocrx_word' id='word_1_214' title='bbox 1883 1799 2040 1850; x_wconf 86' lang='lat' dir='ltr'><strong>etiam</strong></span> <span class='ocrx_word' id='word_1_215' title='bbox 2074 1798 2160 1858; x_wconf 91' lang='lat' dir='ltr'><strong>iis,</strong></span> <span class='ocrx_word' id='word_1_216' title='bbox 2196 1796 2284 1864; x_wconf 89' lang='lat' dir='ltr'><strong>qui</strong></span> <span class='ocrx_word' id='word_1_217' title='bbox 2313 1794 2758 1846; x_wconf 77' lang='lat' dir='ltr'><strong>ntatrimonialeut</strong></span> <span class='ocrx_word' id='word_1_218' title='bbox 2784 1790 3415 1858; x_wconf 73' lang='lat' dir='ltr'><strong>ejusmodi—contractum</strong></span> 
     </span>
    </p>
   </div>
   <div class='ocr_carea' id='block_1_34' title="bbox 239 1854 1780 1950">
    <p class='ocr_par' dir='ltr' id='par_1_34' title="bbox 239 1867 1780 1937">
     <span class='ocr_line' id='line_1_34' title="bbox 239 1867 1780 1937; baseline -0.002 -17"><span class='ocrx_word' id='word_1_219' title='bbox 239 1868 476 1937; x_wconf 82' lang='grc' dir='ltr'>γαμικὸν</span> <span class='ocrx_word' id='word_1_220' title='bbox 509 1867 602 1920; x_wconf 78' lang='grc' dir='ltr'>τοῦ</span> <span class='ocrx_word' id='word_1_221' title='bbox 633 1867 939 1935; x_wconf 81' lang='grc' dir='ltr'>Δημητρίου</span> <span class='ocrx_word' id='word_1_222' title='bbox 967 1868 1309 1935; x_wconf 79' lang='grc' dir='ltr'>συνάλλαγμα</span> <span class='ocrx_word' id='word_1_223' title='bbox 1329 1867 1417 1921; x_wconf 71' lang='grc' dir='ltr'>διὰ</span> <span class='ocrx_word' id='word_1_224' title='bbox 1449 1869 1570 1927; x_wconf 70' lang='grc' dir='ltr'>τοὺς</span> <span class='ocrx_word' id='word_1_225' title='bbox 1589 1869 1780 1935; x_wconf 88' lang='grc' dir='ltr'>νόμους</span> 
     </span>
    </p>
   </div>
   <div class='ocr_carea' id='block_1_35' title="bbox 1882 1854 3414 1950">
    <p class='ocr_par' dir='ltr' id='par_1_35' title="bbox 1884 1854 3414 1950">
     <span class='ocr_line' id='line_1_35' title="bbox 1884 1854 3414 1950; baseline -0.008 -16"><span class='ocrx_word' id='word_1_226' title='bbox 1884 1854 2464 1950; x_wconf 31' lang='lat' dir='ltr'><strong>Dernetrii&#39;proliibent</strong></span> <span class='ocrx_word' id='word_1_227' title='bbox 2527 1880 2698 1946; x_wconf 71' lang='lat' dir='ltr'><strong>legum</strong></span> <span class='ocrx_word' id='word_1_228' title='bbox 2759 1854 2966 1928; x_wconf 73' lang='lat' dir='ltr'><strong>ratione</strong></span> <span class='ocrx_word' id='word_1_229' title='bbox 3026 1873 3131 1941; x_wconf 89' lang='lat'><strong>(66)</strong></span> <span class='ocrx_word' id='word_1_230' title='bbox 3187 1887 3414 1941; x_wconf 84' lang='lat' dir='ltr'><strong>quarum</strong></span> 
     </span>
    </p>
   </div>
   <div class='ocr_carea' id='block_1_36' title="bbox 238 1955 1776 2025">
    <p class='ocr_par' dir='ltr' id='par_1_36' title="bbox 238 1955 1776 2025">
     <span class='ocr_line' id='line_1_36' title="bbox 238 1955 1776 2025; baseline 0 -20"><span class='ocrx_word' id='word_1_231' title='bbox 238 1955 369 2016; x_wconf 66' lang='grc' dir='ltr'>’τοὺς</span> <span class='ocrx_word' id='word_1_232' title='bbox 390 1955 662 2020; x_wconf 81' lang='grc' dir='ltr'>λέγοντας,</span> <span class='ocrx_word' id='word_1_233' title='bbox 685 1955 742 2004; x_wconf 68' lang='grc' dir='ltr'>ὲν</span> <span class='ocrx_word' id='word_1_234' title='bbox 769 1956 878 2014; x_wconf 79' lang='grc' dir='ltr'>τοῖς</span> <span class='ocrx_word' id='word_1_235' title='bbox 900 1955 1094 2022; x_wconf 77' lang='grc' dir='ltr'>γάμοις</span> <span class='ocrx_word' id='word_1_236' title='bbox 1123 1956 1182 2006; x_wconf 82' lang='grc' dir='ltr'>οὐ</span> <span class='ocrx_word' id='word_1_237' title='bbox 1211 1956 1365 2025; x_wconf 89' lang='grc' dir='ltr'>μόνον</span> <span class='ocrx_word' id='word_1_238' title='bbox 1393 1955 1454 2006; x_wconf 81' lang='grc' dir='ltr'>τὸ</span> <span class='ocrx_word' id='word_1_239' title='bbox 1477 1955 1776 2022; x_wconf 76' lang='grc' dir='ltr'>ἐφειμένον,</span> 
     </span>
    </p>
   </div>
   <div class='ocr_carea' id='block_1_37' title="bbox 243 2043 1780 2113">
    <p class='ocr_par' dir='ltr' id='par_1_37' title="bbox 243 2043 1780 2113">
     <span class='ocr_line' id='line_1_37' title="bbox 243 2043 1780 2113; baseline 0.001 -19"><span class='ocrx_word' id='word_1_240' title='bbox 243 2043 380 2095; x_wconf 80' lang='grc' dir='ltr'><strong>ἀλλά</strong></span> <span class='ocrx_word' id='word_1_241' title='bbox 414 2043 508 2096; x_wconf 76' lang='grc' dir='ltr'>καὶ</span> <span class='ocrx_word' id='word_1_242' title='bbox 548 2043 607 2094; x_wconf 77' lang='grc' dir='ltr'>τὸ</span> <span class='ocrx_word' id='word_1_243' title='bbox 644 2043 915 2113; x_wconf 66' lang='grc' dir='ltr'>εὐπρεπὲς</span> <span class='ocrx_word' id='word_1_244' title='bbox 964 2045 1260 2112; x_wconf 77' lang='grc' dir='ltr'>ζητητέονο</span> <span class='ocrx_word' id='word_1_245' title='bbox 1299 2044 1573 2098; x_wconf 80' lang='grc' dir='ltr'>κατανοῶν</span> <span class='ocrx_word' id='word_1_246' title='bbox 1615 2045 1780 2112; x_wconf 86' lang='grc' dir='ltr'>ἀπρε-</span> 
     </span>
    </p>
   </div>
   <div class='ocr_carea' id='block_1_38' title="bbox 239 2131 1780 2204">
    <p class='ocr_par' dir='ltr' id='par_1_38' title="bbox 239 2131 1780 2204">
     <span class='ocr_line' id='line_1_38' title="bbox 239 2131 1780 2204; baseline 0.002 -21"><span class='ocrx_word' id='word_1_247' title='bbox 239 2134 510 2184; x_wconf 80' lang='grc' dir='ltr'>πέστατον</span> <span class='ocrx_word' id='word_1_248' title='bbox 564 2131 722 2198; x_wconf 74' lang='grc' dir='ltr'>εῖναι,</span> <span class='ocrx_word' id='word_1_249' title='bbox 773 2134 862 2185; x_wconf 76' lang='grc' dir='ltr'>τὸν</span> <span class='ocrx_word' id='word_1_250' title='bbox 916 2136 1073 2203; x_wconf 82' lang='grc' dir='ltr'>μέχρι</span> <span class='ocrx_word' id='word_1_251' title='bbox 1120 2135 1212 2187; x_wconf 77' lang='grc' dir='ltr'>τοῦ</span> <span class='ocrx_word' id='word_1_252' title='bbox 1245 2135 1336 2186; x_wconf 84' lang='grc' dir='ltr'><strong>νῦν</strong></span> <span class='ocrx_word' id='word_1_253' title='bbox 1361 2135 1606 2204; x_wconf 79' lang='grc' dir='ltr'>γαμϐρὸν</span> <span class='ocrx_word' id='word_1_254' title='bbox 1633 2134 1780 2200; x_wconf 68' lang='grc' dir='ltr'>παρὰ</span> 
     </span>
    </p>
   </div>
   <div class='ocr_carea' id='block_1_39' title="bbox 239 2223 1781 2294">
    <p class='ocr_par' dir='ltr' id='par_1_39' title="bbox 239 2223 1781 2294">
     <span class='ocr_line' id='line_1_39' title="bbox 239 2223 1781 2294; baseline 0 -20"><span class='ocrx_word' id='word_1_255' title='bbox 239 2223 336 2288; x_wconf 84' lang='grc' dir='ltr'>τῆς</span> <span class='ocrx_word' id='word_1_256' title='bbox 384 2223 756 2293; x_wconf 75' lang='grc' dir='ltr'>δισεξαδέλφης</span> <span class='ocrx_word' id='word_1_257' title='bbox 812 2223 1117 2290; x_wconf 78' lang='grc' dir='ltr'>λεγόμενον,</span> <span class='ocrx_word' id='word_1_258' title='bbox 1150 2223 1415 2294; x_wconf 79' lang='grc' dir='ltr'>ὁμόζυγον</span> <span class='ocrx_word' id='word_1_259' title='bbox 1469 2224 1635 2288; x_wconf 73' lang='grc' dir='ltr'>αὐτῆς</span> <span class='ocrx_word' id='word_1_260' title='bbox 1669 2227 1781 2276; x_wconf 85' lang='grc' dir='ltr'><strong>ὀνο-</strong></span> 
     </span>
    </p>
   </div>
   <div class='ocr_carea' id='block_1_40' title="bbox 244 2312 1778 2386">
    <p class='ocr_par' dir='ltr' id='par_1_40' title="bbox 244 2312 1778 2386">
     <span class='ocr_line' id='line_1_40' title="bbox 244 2312 1778 2386; baseline -0.003 -18"><span class='ocrx_word' id='word_1_261' title='bbox 244 2312 526 2386; x_wconf 50' lang='lat' dir='ltr'><strong>paucam.</strong></span> <span class='ocrx_word' id='word_1_262' title='bbox 563 2317 682 2368; x_wconf 84' lang='grc' dir='ltr'><strong>Ὀτι</strong></span> <span class='ocrx_word' id='word_1_263' title='bbox 707 2316 760 2368; x_wconf 67' lang='grc' dir='ltr'><strong>δὲ</strong></span> <span class='ocrx_word' id='word_1_264' title='bbox 815 2313 1080 2383; x_wconf 83' lang='grc' dir='ltr'>χρώμενοι</span> <span class='ocrx_word' id='word_1_265' title='bbox 1110 2313 1314 2382; x_wconf 77' lang='grc' dir='ltr'>ῥήμασί</span> <span class='ocrx_word' id='word_1_266' title='bbox 1341 2329 1483 2374; x_wconf 88' lang='grc' dir='ltr'>τινες</span> <span class='ocrx_word' id='word_1_267' title='bbox 1524 2313 1613 2364; x_wconf 79' lang='grc' dir='ltr'>τοῦ</span> <span class='ocrx_word' id='word_1_268' title='bbox 1644 2313 1778 2364; x_wconf 58' lang='grc' dir='ltr'>κατα</span> 
     </span>
    </p>
   </div>
   <div class='ocr_carea' id='block_1_41' title="bbox 238 2401 1779 2472">
    <p class='ocr_par' dir='ltr' id='par_1_41' title="bbox 238 2401 1779 2472">
     <span class='ocr_line' id='line_1_41' title="bbox 238 2401 1779 2472; baseline -0.003 -16"><span class='ocrx_word' id='word_1_269' title='bbox 238 2405 338 2472; x_wconf 86' lang='grc' dir='ltr'>τὴν</span> <span class='ocrx_word' id='word_1_270' title='bbox 360 2403 401 2455; x_wconf 85' lang='grc' dir='ltr'>λ’</span> <span class='ocrx_word' id='word_1_271' title='bbox 431 2404 522 2455; x_wconf 81' lang='grc' dir='ltr'><strong>τοῦ</strong></span> <span class='ocrx_word' id='word_1_272' title='bbox 553 2403 767 2456; x_wconf 85' lang='grc' dir='ltr'>Ἰουλίου</span> <span class='ocrx_word' id='word_1_273' title='bbox 795 2402 980 2472; x_wconf 79' lang='grc' dir='ltr'>μηνὸς,</span> <span class='ocrx_word' id='word_1_274' title='bbox 1005 2402 1100 2468; x_wconf 80' lang='grc' dir='ltr'>τῆς</span> <span class='ocrx_word' id='word_1_275' title='bbox 1135 2401 1204 2470; x_wconf 85' lang='grc' dir='ltr'>ιβ’</span> <span class='ocrx_word' id='word_1_276' title='bbox 1235 2403 1622 2470; x_wconf 80' lang='grc' dir='ltr'>ὲπινεμήσεως,</span> <span class='ocrx_word' id='word_1_277' title='bbox 1657 2418 1779 2453; x_wconf 88' lang='grc' dir='ltr'>ουν-</span> 
     </span>
    </p>
   </div>
   <div class='ocr_carea' id='block_1_42' title="bbox 239 2490 1778 2562">
    <p class='ocr_par' dir='ltr' id='par_1_42' title="bbox 239 2490 1778 2562">
     <span class='ocr_line' id='line_1_42' title="bbox 239 2490 1778 2562; baseline -0.004 -16"><span class='ocrx_word' id='word_1_278' title='bbox 239 2493 420 2547; x_wconf 82' lang='grc' dir='ltr'>οδικοῦ</span> <span class='ocrx_word' id='word_1_279' title='bbox 451 2492 846 2562; x_wconf 77' lang='grc' dir='ltr'>σημειώματος,</span> <span class='ocrx_word' id='word_1_280' title='bbox 875 2491 967 2543; x_wconf 82' lang='grc' dir='ltr'>τοῦ</span> <span class='ocrx_word' id='word_1_281' title='bbox 1001 2492 1098 2560; x_wconf 76' lang='grc' dir='ltr'>μὶν</span> <span class='ocrx_word' id='word_1_282' title='bbox 1133 2492 1431 2558; x_wconf 79' lang='grc' dir='ltr'>ἁγιωτάτου</span> <span class='ocrx_word' id='word_1_283' title='bbox 1456 2490 1618 2561; x_wconf 81' lang='grc' dir='ltr'>κυροῦ</span> <span class='ocrx_word' id='word_1_284' title='bbox 1650 2491 1778 2541; x_wconf 85' lang='grc' dir='ltr'>Θεο-</span> 
     </span>
    </p>
   </div>
   <div class='ocr_carea' id='block_1_43' title="bbox 239 2579 1780 2652">
    <p class='ocr_par' dir='ltr' id='par_1_43' title="bbox 239 2579 1780 2652">
     <span class='ocr_line' id='line_1_43' title="bbox 239 2579 1780 2652; baseline -0.003 -18"><span class='ocrx_word' id='word_1_285' title='bbox 239 2582 422 2634; x_wconf 77' lang='grc' dir='ltr'>δοσίου</span> <span class='ocrx_word' id='word_1_286' title='bbox 453 2583 959 2652; x_wconf 80' lang='grc' dir='ltr'>πατριαρχεύοντος,</span> <span class='ocrx_word' id='word_1_287' title='bbox 998 2579 1150 2649; x_wconf 81' lang='grc' dir='ltr'>ἡμῶν</span> <span class='ocrx_word' id='word_1_288' title='bbox 1179 2582 1233 2633; x_wconf 82' lang='grc' dir='ltr'><strong>δὲ</strong></span> <span class='ocrx_word' id='word_1_289' title='bbox 1263 2580 1353 2633; x_wconf 81' lang='grc' dir='ltr'>τοῦ</span> <span class='ocrx_word' id='word_1_290' title='bbox 1381 2581 1780 2649; x_wconf 76' lang='grc' dir='ltr'>χαρτοφύλακος</span> 
     </span>
    </p>
   </div>
   <div class='ocr_carea' id='block_1_44' title="bbox 241 2670 1778 2742">
    <p class='ocr_par' dir='ltr' id='par_1_44' title="bbox 241 2670 1778 2742">
     <span class='ocr_line' id='line_1_44' title="bbox 241 2670 1778 2742; baseline -0.003 -18"><span class='ocrx_word' id='word_1_291' title='bbox 241 2670 605 2740; x_wconf 69' lang='grc' dir='ltr'>ὶνεργούντων</span> <span class='ocrx_word' id='word_1_292' title='bbox 666 2671 874 2736; x_wconf 81' lang='grc' dir='ltr'>ὀφίκιον</span> <span class='ocrx_word' id='word_1_293' title='bbox 908 2710 922 2734; x_wconf 89' lang='grc'><strong>,</strong></span> <span class='ocrx_word' id='word_1_294' title='bbox 978 2673 1072 2722; x_wconf 76' lang='grc' dir='ltr'>καὶ</span> <span class='ocrx_word' id='word_1_295' title='bbox 1124 2672 1250 2742; x_wconf 78' lang='grc' dir='ltr'>περὶ</span> <span class='ocrx_word' id='word_1_296' title='bbox 1294 2672 1354 2723; x_wconf 77' lang='grc' dir='ltr'><strong>τὸ</strong></span> <span class='ocrx_word' id='word_1_297' title='bbox 1417 2671 1564 2732; x_wconf 85' lang='grc' dir='ltr'>τέλος</span> <span class='ocrx_word' id='word_1_298' title='bbox 1610 2670 1778 2721; x_wconf 79' lang='grc' dir='ltr'>ταῦτα</span> 
     </span>
    </p>
   </div>
   <div class='ocr_carea' id='block_1_45' title="bbox 240 2759 1779 2827">
    <p class='ocr_par' dir='ltr' id='par_1_45' title="bbox 240 2759 1779 2827">
     <span class='ocr_line' id='line_1_45' title="bbox 240 2759 1779 2827; baseline -0.003 -14"><span class='ocrx_word' id='word_1_299' title='bbox 240 2759 542 2824; x_wconf 75' lang='grc' dir='ltr'>διεξιοῦσιν.</span> <span class='ocrx_word' id='word_1_300' title='bbox 579 2759 732 2812; x_wconf 77' lang='grc' dir='ltr'>Ἐπεί</span> <span class='ocrx_word' id='word_1_301' title='bbox 762 2759 866 2827; x_wconf 75' lang='grc' dir='ltr'>γὰρ</span> <span class='ocrx_word' id='word_1_302' title='bbox 897 2762 932 2826; x_wconf 73' lang='grc' dir='ltr'><em>ἡ</em></span> <span class='ocrx_word' id='word_1_303' title='bbox 954 2761 1098 2826; x_wconf 73' lang='grc' dir='ltr'>μετὰ</span> <span class='ocrx_word' id='word_1_304' title='bbox 1127 2760 1402 2813; x_wconf 76' lang='grc' dir='ltr'><strong>Ἰωάννου</strong></span> <span class='ocrx_word' id='word_1_305' title='bbox 1430 2759 1779 2811; x_wconf 76' lang='grc' dir='ltr'><strong>τελεσθεῖσα</strong></span> 
     </span>
    </p>
   </div>
   <div class='ocr_carea' id='block_1_46' title="bbox 234 2847 1778 2918">
    <p class='ocr_par' dir='ltr' id='par_1_46' title="bbox 234 2847 1778 2918">
     <span class='ocr_line' id='line_1_46' title="bbox 234 2847 1778 2918; baseline -0.001 -18"><span class='ocrx_word' id='word_1_306' title='bbox 234 2849 530 2918; x_wconf 75' lang='grc' dir='ltr'>μνηστεία</span> <span class='ocrx_word' id='word_1_307' title='bbox 557 2851 635 2913; x_wconf 85' lang='grc' dir='ltr'>ὡς</span> <span class='ocrx_word' id='word_1_308' title='bbox 683 2850 1094 2913; x_wconf 80' lang='grc' dir='ltr'>ἀνυπόστατος</span> <span class='ocrx_word' id='word_1_309' title='bbox 1117 2850 1378 2912; x_wconf 74' lang='grc' dir='ltr'>λέλυται,</span> <span class='ocrx_word' id='word_1_310' title='bbox 1413 2848 1506 2900; x_wconf 82' lang='grc' dir='ltr'><strong>διὰ</strong></span> <span class='ocrx_word' id='word_1_311' title='bbox 1531 2847 1642 2913; x_wconf 80' lang='grc' dir='ltr'><strong>τὴν</strong></span> <span class='ocrx_word' id='word_1_312' title='bbox 1673 2848 1778 2913; x_wconf 78' lang='grc' dir='ltr'>τῆς</span> 
     </span>
    </p>
   </div>
   <div class='ocr_carea' id='block_1_47' title="bbox 241 2925 1778 3006">
    <p class='ocr_par' dir='ltr' id='par_1_47' title="bbox 241 2925 1778 3006">
     <span class='ocr_line' id='line_1_47' title="bbox 241 2925 1778 3006; baseline -0.003 -14"><span class='ocrx_word' id='word_1_313' title='bbox 241 2939 497 3006; x_wconf 69' lang='grc' dir='ltr'>Εἰρήνης</span> <span class='ocrx_word' id='word_1_314' title='bbox 545 2939 895 3004; x_wconf 79' lang='grc' dir='ltr'>ἀνηὸότητα,</span> <span class='ocrx_word' id='word_1_315' title='bbox 959 2938 1151 3003; x_wconf 73' lang='grc' dir='ltr'>καλῶς</span> <span class='ocrx_word' id='word_1_316' title='bbox 1207 2940 1243 3006; x_wconf 77' lang='grc' dir='ltr'>ἡ</span> <span class='ocrx_word' id='word_1_317' title='bbox 1284 2925 1499 3005; x_wconf 65' lang='grc' dir='ltr'><strong>Εἰρήνη</strong></span> <span class='ocrx_word' id='word_1_318' title='bbox 1531 2937 1778 3003; x_wconf 79' lang='grc' dir='ltr'>δευτέρῳ</span> 
     </span>
    </p>
   </div>
   <div class='ocr_carea' id='block_1_48' title="bbox 237 3027 1780 3095">
    <p class='ocr_par' dir='ltr' id='par_1_48' title="bbox 237 3027 1780 3095">
     <span class='ocr_line' id='line_1_48' title="bbox 237 3027 1780 3095; baseline -0.004 -13"><span class='ocrx_word' id='word_1_319' title='bbox 237 3028 548 3095; x_wconf 75' lang='grc' dir='ltr'><strong>ὲεαόέλςοῳ</strong></span> <span class='ocrx_word' id='word_1_320' title='bbox 579 3027 760 3081; x_wconf 85' lang='grc' dir='ltr'>αὑτοῦ</span> <span class='ocrx_word' id='word_1_321' title='bbox 798 3028 945 3080; x_wconf 82' lang='grc' dir='ltr'>κατὰ</span> <span class='ocrx_word' id='word_1_322' title='bbox 987 3031 1168 3095; x_wconf 79' lang='grc' dir='ltr'>νόμον</span> <span class='ocrx_word' id='word_1_323' title='bbox 1225 3027 1410 3094; x_wconf 79' lang='grc' dir='ltr'>γάμου</span> <span class='ocrx_word' id='word_1_324' title='bbox 1456 3027 1780 3093; x_wconf 71' lang='grc' dir='ltr'><strong>σιοεευχθή-</strong></span> 
     </span>
    </p>
   </div>
   <div class='ocr_carea' id='block_1_49' title="bbox 1883 1961 3414 2034">
    <p class='ocr_par' dir='ltr' id='par_1_49' title="bbox 1883 1961 3414 2034">
     <span class='ocr_line' id='line_1_49' title="bbox 1883 1961 3414 2034; baseline -0.008 -14"><span class='ocrx_word' id='word_1_325' title='bbox 1883 1969 2041 2022; x_wconf 85' lang='lat' dir='ltr'><strong>verba</strong></span> <span class='ocrx_word' id='word_1_326' title='bbox 2070 1978 2196 2022; x_wconf 90' lang='lat' dir='ltr'><strong>sunt</strong></span> <span class='ocrx_word' id='word_1_327' title='bbox 2228 1985 2240 2020; x_wconf 90' lang='lat'><strong>:</strong></span> <span class='ocrx_word' id='word_1_328' title='bbox 2268 1968 2322 2020; x_wconf 92' lang='lat' dir='ltr'><strong>ln</strong></span> <span class='ocrx_word' id='word_1_329' title='bbox 2357 1967 2559 2034; x_wconf 87' lang='lat' dir='ltr'><strong>nuptiis</strong></span> <span class='ocrx_word' id='word_1_330' title='bbox 2591 1979 2694 2017; x_wconf 90' lang='lat' dir='ltr'><strong>non</strong></span> <span class='ocrx_word' id='word_1_331' title='bbox 2733 1965 2907 2017; x_wconf 90' lang='lat' dir='ltr'><strong>solum</strong></span> <span class='ocrx_word' id='word_1_332' title='bbox 2934 1961 3060 2028; x_wconf 90' lang='lat' dir='ltr'><strong>quid</strong></span> <span class='ocrx_word' id='word_1_333' title='bbox 3098 1963 3414 2028; x_wconf 77' lang='lat' dir='ltr'><strong>permissum</strong></span> 
     </span>
    </p>
   </div>
   <div class='ocr_carea' id='block_1_50' title="bbox 1881 2049 3414 2124">
    <p class='ocr_par' dir='ltr' id='par_1_50' title="bbox 1881 2049 3414 2124">
     <span class='ocr_line' id='line_1_50' title="bbox 1881 2049 3414 2124; baseline -0.007 -15"><span class='ocrx_word' id='word_1_334' title='bbox 1881 2060 1972 2120; x_wconf 88' lang='lat' dir='ltr'><strong>sit,</strong></span> <span class='ocrx_word' id='word_1_335' title='bbox 2003 2058 2092 2110; x_wconf 90' lang='lat' dir='ltr'><strong>scd</strong></span> <span class='ocrx_word' id='word_1_336' title='bbox 2120 2059 2279 2111; x_wconf 88' lang='lat' dir='ltr'><strong>etiam</strong></span> <span class='ocrx_word' id='word_1_337' title='bbox 2310 2058 2444 2124; x_wconf 78' lang='lat' dir='ltr'><strong>quid</strong></span> <span class='ocrx_word' id='word_1_338' title='bbox 2469 2056 2772 2118; x_wconf 86' lang='lat' dir='ltr'><strong>honestum,</strong></span> <span class='ocrx_word' id='word_1_339' title='bbox 2806 2049 3256 2106; x_wconf 87' lang='lat' dir='ltr'><strong>c0nsideraudutn</strong></span> <span class='ocrx_word' id='word_1_340' title='bbox 3285 2056 3366 2100; x_wconf 85' lang='lat' dir='ltr'><strong>est</strong></span> <span class='ocrx_word' id='word_1_341' title='bbox 3401 2065 3414 2098; x_wconf 88' lang='lat'><strong>:</strong></span> 
     </span>
    </p>
   </div>
   <div class='ocr_carea' id='block_1_51' title="bbox 1881 2136 3414 2206">
    <p class='ocr_par' dir='ltr' id='par_1_51' title="bbox 1881 2136 3414 2206">
     <span class='ocr_line' id='line_1_51' title="bbox 1881 2136 3414 2206; baseline -0.008 -6"><span class='ocrx_word' id='word_1_342' title='bbox 1881 2148 2005 2199; x_wconf 90' lang='lat' dir='ltr'><strong>dum</strong></span> <span class='ocrx_word' id='word_1_343' title='bbox 2057 2147 2442 2206; x_wconf 79' lang='lat' dir='ltr'><strong>animadverto,</strong></span> <span class='ocrx_word' id='word_1_344' title='bbox 2496 2144 2992 2198; x_wconf 86' lang='lat' dir='ltr'><strong>inhonestissimum</strong></span> <span class='ocrx_word' id='word_1_345' title='bbox 3040 2154 3184 2198; x_wconf 86' lang='lat' dir='ltr'><strong>esse.</strong></span> <span class='ocrx_word' id='word_1_346' title='bbox 3243 2136 3414 2202; x_wconf 90' lang='lat' dir='ltr'><strong>utqui</strong></span> 
     </span>
    </p>
   </div>
   <div class='ocr_carea' id='block_1_52' title="bbox 1880 2229 3416 2292">
    <p class='ocr_par' dir='ltr' id='par_1_52' title="bbox 1880 2229 3416 2292">
     <span class='ocr_line' id='line_1_52' title="bbox 1880 2229 3416 2292; baseline -0.009 -3"><span class='ocrx_word' id='word_1_347' title='bbox 1880 2237 2138 2289; x_wconf 74' lang='lat' dir='ltr'><strong>hactenus</strong></span> <span class='ocrx_word' id='word_1_348' title='bbox 2167 2250 2194 2287; x_wconf 89' lang='lat' dir='ltr'><strong>a</strong></span> <span class='ocrx_word' id='word_1_349' title='bbox 2233 2235 2452 2287; x_wconf 80' lang='lat' dir='ltr'><strong>sobrina</strong></span> <span class='ocrx_word' id='word_1_350' title='bbox 2491 2242 2712 2286; x_wconf 84' lang='lat' dir='ltr'><strong>vocatus</strong></span> <span class='ocrx_word' id='word_1_351' title='bbox 2755 2231 2916 2284; x_wconf 81' lang='lat' dir='ltr'><strong>fuerit</strong></span> <span class='ocrx_word' id='word_1_352' title='bbox 2972 2229 3164 2290; x_wconf 81' lang='lat' dir='ltr'><strong>allinis,</strong></span> <span class='ocrx_word' id='word_1_353' title='bbox 3232 2235 3416 2292; x_wconf 86' lang='lat' dir='ltr'><strong>postea</strong></span> 
     </span>
    </p>
   </div>
   <div class='ocr_carea' id='block_1_53' title="bbox 1879 2319 3416 2391">
    <p class='ocr_par' dir='ltr' id='par_1_53' title="bbox 1879 2319 3416 2391">
     <span class='ocr_line' id='line_1_53' title="bbox 1879 2319 3416 2391; baseline -0.009 -13"><span class='ocrx_word' id='word_1_354' title='bbox 1879 2325 2074 2391; x_wconf 84' lang='lat' dir='ltr'><strong>conjux</strong></span> <span class='ocrx_word' id='word_1_355' title='bbox 2114 2322 2228 2389; x_wconf 85' lang='lat' dir='ltr'><strong>ejus</strong></span> <span class='ocrx_word' id='word_1_356' title='bbox 2257 2323 2570 2390; x_wconf 84' lang='lat' dir='ltr'><strong>appelletur.</strong></span> <span class='ocrx_word' id='word_1_357' title='bbox 2599 2321 2659 2373; x_wconf 88' lang='lat' dir='ltr'><strong>Et</strong></span> <span class='ocrx_word' id='word_1_358' title='bbox 2719 2321 2840 2387; x_wconf 84' lang='lat' dir='ltr'><strong>quia</strong></span> <span class='ocrx_word' id='word_1_359' title='bbox 2891 2319 3134 2372; x_wconf 83' lang='lat' dir='ltr'><strong>nonnulli</strong></span> <span class='ocrx_word' id='word_1_360' title='bbox 3205 2323 3416 2368; x_wconf 79' lang='lat' dir='ltr'><strong>utentes</strong></span> 
     </span>
    </p>
   </div>
   <div class='ocr_carea' id='block_1_54' title="bbox 1881 2403 3415 2484">
    <p class='ocr_par' dir='ltr' id='par_1_54' title="bbox 1881 2403 3415 2484">
     <span class='ocr_line' id='line_1_54' title="bbox 1881 2403 3415 2484; baseline -0.007 -19"><span class='ocrx_word' id='word_1_361' title='bbox 1881 2413 2054 2468; x_wconf 74' lang='lat' dir='ltr'><strong>verbis</strong></span> <span class='ocrx_word' id='word_1_362' title='bbox 2079 2413 2262 2480; x_wconf 84' lang='lat' dir='ltr'><strong>scripti</strong></span> <span class='ocrx_word' id='word_1_363' title='bbox 2297 2412 2582 2484; x_wconf 75' lang='lat' dir='ltr'><strong>synodalis,</strong></span> <span class='ocrx_word' id='word_1_364' title='bbox 2641 2410 2891 2477; x_wconf 85' lang='lat' dir='ltr'><strong>publicati</strong></span> <span class='ocrx_word' id='word_1_365' title='bbox 2939 2409 3023 2460; x_wconf 85' lang='lat' dir='ltr'><strong>die</strong></span> <span class='ocrx_word' id='word_1_366' title='bbox 3047 2421 3158 2459; x_wconf 75' lang='lat' dir='ltr'><strong>xxx</strong></span> <span class='ocrx_word' id='word_1_367' title='bbox 3211 2403 3415 2455; x_wconf 84' lang='lat' dir='ltr'><strong>mensis</strong></span> 
     </span>
    </p>
   </div>
   <div class='ocr_carea' id='block_1_55' title="bbox 1878 2493 3416 2565">
    <p class='ocr_par' dir='ltr' id='par_1_55' title="bbox 1878 2493 3416 2565">
     <span class='ocr_line' id='line_1_55' title="bbox 1878 2493 3416 2565; baseline -0.008 -10"><span class='ocrx_word' id='word_1_368' title='bbox 1878 2502 2023 2565; x_wconf 80' lang='lat' dir='ltr'><strong>Julii,</strong></span> <span class='ocrx_word' id='word_1_369' title='bbox 2064 2500 2355 2554; x_wconf 90' lang='lat' dir='ltr'><strong>indictione</strong></span> <span class='ocrx_word' id='word_1_370' title='bbox 2384 2500 2721 2558; x_wconf 85' lang='lat' dir='ltr'><strong>duodecima,</strong></span> <span class='ocrx_word' id='word_1_371' title='bbox 2756 2513 2877 2550; x_wconf 89' lang='lat' dir='ltr'><strong>cum</strong></span> <span class='ocrx_word' id='word_1_372' title='bbox 2909 2504 3053 2549; x_wconf 83' lang='lat' dir='ltr'><strong>esset</strong></span> <span class='ocrx_word' id='word_1_373' title='bbox 3110 2493 3416 2560; x_wconf 86' lang='lat' dir='ltr'><strong>patriarcha</strong></span> 
     </span>
    </p>
   </div>
   <div class='ocr_carea' id='block_1_56' title="bbox 1880 2580 3416 2647">
    <p class='ocr_par' dir='ltr' id='par_1_56' title="bbox 1880 2580 3416 2647">
     <span class='ocr_line' id='line_1_56' title="bbox 1880 2580 3416 2647; baseline -0.01 -1"><span class='ocrx_word' id='word_1_374' title='bbox 1880 2593 2257 2646; x_wconf 73' lang='lat' dir='ltr'><strong>sanctissimus</strong></span> <span class='ocrx_word' id='word_1_375' title='bbox 2289 2590 2376 2642; x_wconf 91' lang='lat' dir='ltr'><strong>ille</strong></span> <span class='ocrx_word' id='word_1_376' title='bbox 2401 2588 2652 2640; x_wconf 86' lang='lat' dir='ltr'><strong>dominus</strong></span> <span class='ocrx_word' id='word_1_377' title='bbox 2683 2586 3034 2647; x_wconf 86' lang='lat' dir='ltr'><strong>Theodosius,</strong></span> <span class='ocrx_word' id='word_1_378' title='bbox 3058 2593 3108 2637; x_wconf 87' lang='lat' dir='ltr'><strong>et</strong></span> <span class='ocrx_word' id='word_1_379' title='bbox 3129 2598 3223 2634; x_wconf 85' lang='lat' dir='ltr'><strong>nos</strong></span> <span class='ocrx_word' id='word_1_380' title='bbox 3244 2580 3416 2633; x_wconf 86' lang='lat' dir='ltr'><strong>ollicio</strong></span> 
     </span>
    </p>
   </div>
   <div class='ocr_carea' id='block_1_57' title="bbox 1880 2672 3415 2744">
    <p class='ocr_par' dir='ltr' id='par_1_57' title="bbox 1880 2672 3415 2744">
     <span class='ocr_line' id='line_1_57' title="bbox 1880 2672 3415 2744; baseline -0.011 -9"><span class='ocrx_word' id='word_1_381' title='bbox 1880 2681 2191 2735; x_wconf 85' lang='lat' dir='ltr'><strong>chartularii</strong></span> <span class='ocrx_word' id='word_1_382' title='bbox 2249 2679 2613 2744; x_wconf 71' lang='lat' dir='ltr'><strong>iungeremur,</strong></span> <span class='ocrx_word' id='word_1_383' title='bbox 2645 2691 2750 2742; x_wconf 88' lang='lat' dir='ltr'><strong>quo</strong></span> <span class='ocrx_word' id='word_1_384' title='bbox 2779 2677 2832 2728; x_wconf 91' lang='lat' dir='ltr'><strong>in</strong></span> <span class='ocrx_word' id='word_1_385' title='bbox 2863 2675 3062 2738; x_wconf 89' lang='lat' dir='ltr'><strong>scripto</strong></span> <span class='ocrx_word' id='word_1_386' title='bbox 3089 2674 3228 2725; x_wconf 89' lang='lat' dir='ltr'><strong>circa</strong></span> <span class='ocrx_word' id='word_1_387' title='bbox 3260 2672 3415 2721; x_wconf 73' lang='lat' dir='ltr'><strong>linem</strong></span> 
     </span>
    </p>
   </div>
   <div class='ocr_carea' id='block_1_58' title="bbox 1882 2757 3417 2835">
    <p class='ocr_par' dir='ltr' id='par_1_58' title="bbox 1882 2757 3417 2835">
     <span class='ocr_line' id='line_1_58' title="bbox 1882 2757 3417 2835; baseline -0.012 -11"><span class='ocrx_word' id='word_1_388' title='bbox 1882 2771 1990 2824; x_wconf 71' lang='lat' dir='ltr'><strong>[nec</strong></span> <span class='ocrx_word' id='word_1_389' title='bbox 2011 2772 2170 2823; x_wconf 82' lang='lat' dir='ltr'><strong>verba</strong></span> <span class='ocrx_word' id='word_1_390' title='bbox 2194 2771 2439 2835; x_wconf 78' lang='lat' dir='ltr'><strong>leguntur</strong></span> <span class='ocrx_word' id='word_1_391' title='bbox 2464 2760 2626 2817; x_wconf 77' lang='lat' dir='ltr'><strong>:Cum</strong></span> <span class='ocrx_word' id='word_1_392' title='bbox 2651 2766 2783 2816; x_wconf 88' lang='lat' dir='ltr'><strong>enim</strong></span> <span class='ocrx_word' id='word_1_393' title='bbox 2808 2764 3064 2816; x_wconf 85' lang='lat' dir='ltr'><strong>celebrata</strong></span> <span class='ocrx_word' id='word_1_394' title='bbox 3083 2775 3197 2810; x_wconf 82' lang='lat' dir='ltr'><strong>cum</strong></span> <span class='ocrx_word' id='word_1_395' title='bbox 3214 2757 3417 2808; x_wconf 73' lang='lat' dir='ltr'><strong>Joanne</strong></span> 
     </span>
    </p>
   </div>
   <div class='ocr_carea' id='block_1_59' title="bbox 1879 2850 3417 2927">
    <p class='ocr_par' dir='ltr' id='par_1_59' title="bbox 1879 2850 3417 2927">
     <span class='ocr_line' id='line_1_59' title="bbox 1879 2850 3417 2927; baseline -0.012 -13"><span class='ocrx_word' id='word_1_396' title='bbox 1879 2861 2146 2927; x_wconf 75' lang='lat' dir='ltr'><strong>sponsalia</strong></span> <span class='ocrx_word' id='word_1_397' title='bbox 2175 2900 2188 2920; x_wconf 86' lang='lat'><strong>,</strong></span> <span class='ocrx_word' id='word_1_398' title='bbox 2234 2877 2323 2911; x_wconf 86' lang='lat' dir='ltr'><strong>ceu</strong></span> <span class='ocrx_word' id='word_1_399' title='bbox 2364 2859 2572 2910; x_wconf 85' lang='lat' dir='ltr'><strong>minime</strong></span> <span class='ocrx_word' id='word_1_400' title='bbox 2623 2853 2940 2912; x_wconf 76' lang='lat' dir='ltr'><strong>constantia,</strong></span> <span class='ocrx_word' id='word_1_401' title='bbox 2973 2850 3261 2906; x_wconf 81' lang='lat' dir='ltr'><strong>solvantur,</strong></span> <span class='ocrx_word' id='word_1_402' title='bbox 3291 2861 3417 2912; x_wconf 86' lang='lat' dir='ltr'><strong>pro-</strong></span> 
     </span>
    </p>
   </div>
   <div class='ocr_carea' id='block_1_60' title="bbox 1879 2935 3415 3015">
    <p class='ocr_par' dir='ltr' id='par_1_60' title="bbox 1879 2935 3415 3015">
     <span class='ocr_line' id='line_1_60' title="bbox 1879 2935 3415 3015; baseline -0.01 -14"><span class='ocrx_word' id='word_1_403' title='bbox 1879 2960 1988 3015; x_wconf 89' lang='lat' dir='ltr'><strong>pter</strong></span> <span class='ocrx_word' id='word_1_404' title='bbox 2038 2957 2242 3001; x_wconf 69' lang='lat' dir='ltr'><strong>aetatem</strong></span> <span class='ocrx_word' id='word_1_405' title='bbox 2271 2946 2438 2998; x_wconf 75' lang='lat' dir='ltr'><strong>[rente</strong></span> <span class='ocrx_word' id='word_1_406' title='bbox 2469 2944 2777 3008; x_wconf 78' lang='lat' dir='ltr'><strong>impuberem</strong></span> <span class='ocrx_word' id='word_1_407' title='bbox 2806 2956 2822 2991; x_wconf 90' lang='lat'><strong><em>:</em></strong></span> <span class='ocrx_word' id='word_1_408' title='bbox 2851 2949 2984 2995; x_wconf 84' lang='lat' dir='ltr'><strong>recte</strong></span> <span class='ocrx_word' id='word_1_409' title='bbox 3019 2938 3173 2990; x_wconf 78' lang='lat' dir='ltr'><strong>lrsna</strong></span> <span class='ocrx_word' id='word_1_410' title='bbox 3207 2935 3415 2987; x_wconf 84' lang='lat' dir='ltr'><strong>sobrina</strong></span> 
     </span>
    </p>
   </div>
   <div class='ocr_carea' id='block_1_61' title="bbox 1882 3028 3418 3106">
    <p class='ocr_par' dir='ltr' id='par_1_61' title="bbox 1882 3028 3418 3106">
     <span class='ocr_line' id='line_1_61' title="bbox 1882 3028 3418 3106; baseline -0.012 -15"><span class='ocrx_word' id='word_1_411' title='bbox 1882 3040 2046 3106; x_wconf 79' lang='lat' dir='ltr'><strong>ipsius</strong></span> <span class='ocrx_word' id='word_1_412' title='bbox 2077 3039 2182 3106; x_wconf 81' lang='lat' dir='ltr'><strong>lege</strong></span> <span class='ocrx_word' id='word_1_413' title='bbox 2213 3033 2590 3088; x_wconf 80' lang='lat' dir='ltr'><strong>matrimoniali</strong></span> <span class='ocrx_word' id='word_1_414' title='bbox 2611 3031 2956 3098; x_wconf 85' lang='lat' dir='ltr'><strong>copulabitur.</strong></span> <span class='ocrx_word' id='word_1_415' title='bbox 2993 3028 3185 3092; x_wconf 83' lang='lat' dir='ltr'><strong>Quippe</strong></span> <span class='ocrx_word' id='word_1_416' title='bbox 3213 3041 3301 3077; x_wconf 85' lang='lat' dir='ltr'><strong>nec</strong></span> <span class='ocrx_word' id='word_1_417' title='bbox 3325 3039 3418 3087; x_wconf 88' lang='lat' dir='ltr'><strong>pro</strong></span> 
     </span>
    </p>
   </div>
   <div class='ocr_carea' id='block_1_62' title="bbox 237 3110 1780 3207">
    <p class='ocr_par' dir='ltr' id='par_1_62' title="bbox 237 3115 1779 3184">
     <span class='ocr_line' id='line_1_62' title="bbox 237 3115 1779 3184; baseline -0.003 -14"><span class='ocrx_word' id='word_1_418' title='bbox 237 3133 431 3170; x_wconf 77' lang='grc' dir='ltr'>σεται.</span> <span class='ocrx_word' id='word_1_419' title='bbox 463 3116 608 3169; x_wconf 84' lang='grc' dir='ltr'>οὔτε</span> <span class='ocrx_word' id='word_1_420' title='bbox 640 3115 749 3183; x_wconf 74' lang='grc' dir='ltr'>γὰρ</span> <span class='ocrx_word' id='word_1_421' title='bbox 793 3118 1150 3184; x_wconf 70' lang='grc' dir='ltr'>συγγενικὸν</span> <span class='ocrx_word' id='word_1_422' title='bbox 1195 3118 1511 3181; x_wconf 78' lang='grc' dir='ltr'>πρόσωπον</span> <span class='ocrx_word' id='word_1_423' title='bbox 1546 3116 1658 3181; x_wconf 81' lang='grc' dir='ltr'><strong>τὴν</strong></span> <span class='ocrx_word' id='word_1_424' title='bbox 1685 3119 1779 3167; x_wconf 82' lang='lat' dir='ltr'><strong>Et-</strong></span> 
     </span>
    </p>
   </div>
   <div class='ocr_carea' id='block_1_63' title="bbox 1882 3110 3421 3207">
    <p class='ocr_par' dir='ltr' id='par_1_63' title="bbox 1882 3110 3421 3193">
     <span class='ocr_line' id='line_1_63' title="bbox 1882 3110 3421 3193; baseline -0.015 -13"><span class='ocrx_word' id='word_1_425' title='bbox 1882 3142 2100 3193; x_wconf 83' lang='lat' dir='ltr'><strong>persona</strong></span> <span class='ocrx_word' id='word_1_426' title='bbox 2123 3134 2341 3192; x_wconf 85' lang='lat' dir='ltr'><strong>cognata</strong></span> <span class='ocrx_word' id='word_1_427' title='bbox 2371 3121 2662 3174; x_wconf 78' lang='lat' dir='ltr'><strong>Theodorus</strong></span> <span class='ocrx_word' id='word_1_428' title='bbox 2698 3118 2910 3170; x_wconf 84' lang='lat' dir='ltr'><strong>Irenam</strong></span> <span class='ocrx_word' id='word_1_429' title='bbox 2932 3115 3093 3169; x_wconf 84' lang='lat' dir='ltr'><strong>ducit.</strong></span> <span class='ocrx_word' id='word_1_430' title='bbox 3125 3128 3214 3164; x_wconf 87' lang='lat' dir='ltr'><strong>nec</strong></span> <span class='ocrx_word' id='word_1_431' title='bbox 3253 3110 3421 3176; x_wconf 65' lang='lat' dir='ltr'><strong>aﬁini-</strong></span> 
     </span>
    </p>
   </div>
   <div class='ocr_carea' id='block_1_64' title="bbox 229 3205 1782 3278">
    <p class='ocr_par' dir='ltr' id='par_1_64' title="bbox 229 3205 1782 3278">
     <span class='ocr_line' id='line_1_64' title="bbox 229 3205 1782 3278; baseline 0.002 -22"><span class='ocrx_word' id='word_1_432' title='bbox 229 3212 436 3276; x_wconf 63' lang='lat' dir='ltr'><strong>pi&#39;irnr</strong></span> <span class='ocrx_word' id='word_1_433' title='bbox 461 3205 767 3275; x_wconf 72' lang='grc' dir='ltr'>λογίζεται,</span> <span class='ocrx_word' id='word_1_434' title='bbox 809 3211 840 3261; x_wconf 87' lang='lat' dir='ltr'><strong>d</strong></span> <span class='ocrx_word' id='word_1_435' title='bbox 872 3207 1179 3273; x_wconf 78' lang='grc' dir='ltr'>Θεόδωρος.</span> <span class='ocrx_word' id='word_1_436' title='bbox 1209 3207 1342 3258; x_wconf 83' lang='grc' dir='ltr'>οὔτε</span> <span class='ocrx_word' id='word_1_437' title='bbox 1380 3206 1500 3278; x_wconf 75' lang='grc' dir='ltr'>τοῖς</span> <span class='ocrx_word' id='word_1_438' title='bbox 1528 3206 1592 3269; x_wconf 79' lang='grc' dir='ltr'><strong>ἐξ</strong></span> <span class='ocrx_word' id='word_1_439' title='bbox 1620 3206 1782 3274; x_wconf 72' lang='grc' dir='ltr'>ἀγχι-</span> 
     </span>
    </p>
   </div>
   <div class='ocr_carea' id='block_1_65' title="bbox 237 3294 1780 3362">
    <p class='ocr_par' dir='ltr' id='par_1_65' title="bbox 237 3294 1780 3362">
     <span class='ocr_line' id='line_1_65' title="bbox 237 3294 1780 3362; baseline -0.002 -12"><span class='ocrx_word' id='word_1_440' title='bbox 237 3298 445 3360; x_wconf 83' lang='grc' dir='ltr'>στείας</span> <span class='ocrx_word' id='word_1_441' title='bbox 481 3294 723 3362; x_wconf 82' lang='grc' dir='ltr'><strong>δεσμοῖς</strong></span> <span class='ocrx_word' id='word_1_442' title='bbox 751 3295 847 3348; x_wconf 78' lang='grc' dir='ltr'><strong>καί</strong></span> <span class='ocrx_word' id='word_1_443' title='bbox 898 3295 1056 3361; x_wconf 86' lang='grc' dir='ltr'>ὅροις</span> <span class='ocrx_word' id='word_1_444' title='bbox 1113 3296 1525 3361; x_wconf 69' lang='grc' dir='ltr'>συσφίγγεται,</span> <span class='ocrx_word' id='word_1_445' title='bbox 1577 3294 1672 3346; x_wconf 85' lang='grc' dir='ltr'><strong>διὰ</strong></span> <span class='ocrx_word' id='word_1_446' title='bbox 1719 3296 1780 3347; x_wconf 87' lang='grc' dir='ltr'>τὸ</span> 
     </span>
    </p>
   </div>
   <div class='ocr_carea' id='block_1_66' title="bbox 236 3385 1629 3456">
    <p class='ocr_par' dir='ltr' id='par_1_66' title="bbox 236 3385 1629 3456">
     <span class='ocr_line' id='line_1_66' title="bbox 236 3385 1629 3456; baseline -0.001 -17"><span class='ocrx_word' id='word_1_447' title='bbox 236 3385 563 3456; x_wconf 76' lang='grc' dir='ltr'>ὑπερϐῆναι</span> <span class='ocrx_word' id='word_1_448' title='bbox 591 3386 695 3438; x_wconf 76' lang='grc' dir='ltr'><strong>τὸν</strong></span> <span class='ocrx_word' id='word_1_449' title='bbox 717 3387 784 3449; x_wconf 77' lang='grc' dir='ltr'><strong>ἐξ</strong></span> <span class='ocrx_word' id='word_1_450' title='bbox 809 3386 1148 3454; x_wconf 77' lang='grc' dir='ltr'>ἀγχιστείας</span> <span class='ocrx_word' id='word_1_451' title='bbox 1178 3385 1351 3437; x_wconf 79' lang='grc' dir='ltr'>ἕκτον</span> <span class='ocrx_word' id='word_1_452' title='bbox 1377 3386 1629 3452; x_wconf 79' lang='grc' dir='ltr'>βαθμόν.</span> 
     </span>
    </p>
   </div>
   <div class='ocr_carea' id='block_1_67' title="bbox 308 3474 1782 3544">
    <p class='ocr_par' dir='ltr' id='par_1_67' title="bbox 308 3474 1782 3544">
     <span class='ocr_line' id='line_1_67' title="bbox 308 3474 1782 3544; baseline -0.002 -17"><span class='ocrx_word' id='word_1_453' title='bbox 308 3477 562 3528; x_wconf 83' lang='grc' dir='ltr'>Θέλουσιν</span> <span class='ocrx_word' id='word_1_454' title='bbox 600 3478 746 3543; x_wconf 73' lang='grc' dir='ltr'>ἡμᾶς</span> <span class='ocrx_word' id='word_1_455' title='bbox 799 3476 1030 3544; x_wconf 81' lang='grc' dir='ltr'>σιωπᾷν,</span> <span class='ocrx_word' id='word_1_456' title='bbox 1062 3476 1182 3543; x_wconf 87' lang='grc' dir='ltr'>ἄρτι</span> <span class='ocrx_word' id='word_1_457' title='bbox 1227 3474 1485 3527; x_wconf 84' lang='grc' dir='ltr'>τάναντία</span> <span class='ocrx_word' id='word_1_458' title='bbox 1542 3474 1782 3540; x_wconf 78' lang='grc' dir='ltr'>διαγινώ-</span> 
     </span>
    </p>
   </div>
   <div class='ocr_carea' id='block_1_68' title="bbox 237 3561 1781 3630">
    <p class='ocr_par' dir='ltr' id='par_1_68' title="bbox 237 3561 1781 3630">
     <span class='ocr_line' id='line_1_68' title="bbox 237 3561 1781 3630; baseline -0.001 -16"><span class='ocrx_word' id='word_1_459' title='bbox 237 3579 465 3624; x_wconf 86' lang='grc' dir='ltr'>σκοντας</span> <span class='ocrx_word' id='word_1_460' title='bbox 488 3578 504 3592; x_wconf 76' lang='grc' dir='ltr'><strong><em>ο</em></strong></span> <span class='ocrx_word' id='word_1_461' title='bbox 539 3563 750 3630; x_wconf 83' lang='grc' dir='ltr'>πρῶτον</span> <span class='ocrx_word' id='word_1_462' title='bbox 801 3563 898 3630; x_wconf 72' lang='grc' dir='ltr'>μὲν</span> <span class='ocrx_word' id='word_1_463' title='bbox 951 3561 1201 3630; x_wconf 66' lang='grc' dir='ltr'>λέγομεν,</span> <span class='ocrx_word' id='word_1_464' title='bbox 1242 3562 1315 3622; x_wconf 83' lang='grc' dir='ltr'>ὡς</span> <span class='ocrx_word' id='word_1_465' title='bbox 1339 3563 1365 3611; x_wconf 79' lang='grc' dir='ltr'><strong>ό</strong></span> <span class='ocrx_word' id='word_1_466' title='bbox 1391 3564 1531 3613; x_wconf 80' lang='grc' dir='ltr'><strong>κατά</strong></span> <span class='ocrx_word' id='word_1_467' title='bbox 1561 3563 1781 3628; x_wconf 81' lang='grc' dir='ltr'>καιροὺς</span> 
     </span>
    </p>
   </div>
   <div class='ocr_carea' id='block_1_69' title="bbox 236 3648 1780 3721">
    <p class='ocr_par' dir='ltr' id='par_1_69' title="bbox 236 3648 1780 3721">
     <span class='ocr_line' id='line_1_69' title="bbox 236 3648 1780 3721; baseline -0.002 -17"><span class='ocrx_word' id='word_1_468' title='bbox 236 3670 305 3720; x_wconf 80' lang='grc' dir='ltr'>χσ</span> <span class='ocrx_word' id='word_1_469' title='bbox 316 3649 584 3721; x_wconf 66' lang='grc' dir='ltr'>ρτοφύλαξ</span> <span class='ocrx_word' id='word_1_470' title='bbox 609 3652 782 3720; x_wconf 82' lang='grc' dir='ltr'>στόμα</span> <span class='ocrx_word' id='word_1_471' title='bbox 812 3649 1198 3719; x_wconf 79' lang='grc' dir='ltr'>πατριαρχικδν</span> <span class='ocrx_word' id='word_1_472' title='bbox 1216 3648 1578 3716; x_wconf 79' lang='grc' dir='ltr'>λογιζόμενος,</span> <span class='ocrx_word' id='word_1_473' title='bbox 1604 3651 1780 3701; x_wconf 67' lang='grc' dir='ltr'>ἐκεῖνα</span> 
     </span>
    </p>
   </div>
   <div class='ocr_carea' id='block_1_70' title="bbox 234 3738 1781 3810">
    <p class='ocr_par' dir='ltr' id='par_1_70' title="bbox 234 3738 1781 3810">
     <span class='ocr_line' id='line_1_70' title="bbox 234 3738 1781 3810; baseline -0.004 -15"><span class='ocrx_word' id='word_1_474' title='bbox 234 3741 388 3810; x_wconf 65' lang='grc' dir='ltr'>λέγει</span> <span class='ocrx_word' id='word_1_475' title='bbox 422 3744 512 3793; x_wconf 67' lang='grc' dir='ltr'><strong>καὶ</strong></span> <span class='ocrx_word' id='word_1_476' title='bbox 547 3743 770 3809; x_wconf 81' lang='grc' dir='ltr'>γράφει,</span> <span class='ocrx_word' id='word_1_477' title='bbox 805 3742 907 3793; x_wconf 81' lang='grc' dir='ltr'>ὅσα</span> <span class='ocrx_word' id='word_1_478' title='bbox 946 3739 1235 3806; x_wconf 85' lang='grc' dir='ltr'>νεφελώσει</span> <span class='ocrx_word' id='word_1_479' title='bbox 1264 3738 1357 3790; x_wconf 77' lang='grc' dir='ltr'>καὶ</span> <span class='ocrx_word' id='word_1_480' title='bbox 1389 3739 1648 3790; x_wconf 81' lang='grc' dir='ltr'>ὑδατώσει</span> <span class='ocrx_word' id='word_1_481' title='bbox 1683 3741 1781 3806; x_wconf 80' lang='grc' dir='ltr'>τῆς</span> 
     </span>
    </p>
   </div>
   <div class='ocr_carea' id='block_1_71' title="bbox 234 3826 1780 3906">
    <p class='ocr_par' dir='ltr' id='par_1_71' title="bbox 234 3826 1780 3906">
     <span class='ocr_line' id='line_1_71' title="bbox 234 3826 1780 3906; baseline -0.006 -20"><span class='ocrx_word' id='word_1_482' title='bbox 234 3833 478 3900; x_wconf 80' lang='grc' dir='ltr'>κεφαλῆς</span> <span class='ocrx_word' id='word_1_483' title='bbox 500 3833 534 3901; x_wconf 79' lang='grc' dir='ltr'>ἡ</span> <span class='ocrx_word' id='word_1_484' title='bbox 552 3830 851 3900; x_wconf 85' lang='grc' dir='ltr'>ἀκρώρεια.</span> <span class='ocrx_word' id='word_1_485' title='bbox 884 3828 1088 3881; x_wconf 82' lang='grc' dir='ltr'>Οὐκοῦν</span> <span class='ocrx_word' id='word_1_486' title='bbox 1117 3827 1231 3906; x_wconf 59' lang='grc' dir='ltr'><strong>οὐδ)</strong></span> <span class='ocrx_word' id='word_1_487' title='bbox 1259 3827 1557 3888; x_wconf 82' lang='grc' dir='ltr'>αίτιατέους</span> <span class='ocrx_word' id='word_1_488' title='bbox 1580 3826 1611 3893; x_wconf 78' lang='grc' dir='ltr'>ἢ</span> <span class='ocrx_word' id='word_1_489' title='bbox 1631 3827 1780 3877; x_wconf 76' lang='grc' dir='ltr'>ἐπαι-</span> 
     </span>
    </p>
   </div>
   <div class='ocr_carea' id='block_1_72' title="bbox 231 3914 1780 3986">
    <p class='ocr_par' dir='ltr' id='par_1_72' title="bbox 231 3914 1780 3986">
     <span class='ocr_line' id='line_1_72' title="bbox 231 3914 1780 3986; baseline -0.007 -10"><span class='ocrx_word' id='word_1_490' title='bbox 231 3924 448 3985; x_wconf 81' lang='grc' dir='ltr'>νετέους</span> <span class='ocrx_word' id='word_1_491' title='bbox 477 3920 733 3984; x_wconf 73' lang='grc' dir='ltr'>λογιεῖται</span> <span class='ocrx_word' id='word_1_492' title='bbox 757 3935 843 3981; x_wconf 86' lang='grc' dir='ltr'><strong>τις</strong></span> <span class='ocrx_word' id='word_1_493' title='bbox 879 3920 1025 3986; x_wconf 80' lang='grc' dir='ltr'>ἡμᾶς</span> <span class='ocrx_word' id='word_1_494' title='bbox 1065 3914 1607 3984; x_wconf 85' lang='grc' dir='ltr'>καλλιγραφήσαντας</span> <span class='ocrx_word' id='word_1_495' title='bbox 1653 3915 1780 3975; x_wconf 73' lang='grc' dir='ltr'>ἴσως</span> 
     </span>
    </p>
   </div>
   <div class='ocr_carea' id='block_1_73' title="bbox 232 4005 1779 4084">
    <p class='ocr_par' dir='ltr' id='par_1_73' title="bbox 232 4005 1779 4084">
     <span class='ocr_line' id='line_1_73' title="bbox 232 4005 1779 4084; baseline -0.008 -17"><span class='ocrx_word' id='word_1_496' title='bbox 232 4015 332 4084; x_wconf 58' lang='grc' dir='ltr'>τὴν</span> <span class='ocrx_word' id='word_1_497' title='bbox 367 4012 644 4083; x_wconf 81' lang='grc' dir='ltr'>παροῦσαν</span> <span class='ocrx_word' id='word_1_498' title='bbox 697 4009 969 4070; x_wconf 81' lang='grc' dir='ltr'>ὑπόθεσιν,</span> <span class='ocrx_word' id='word_1_499' title='bbox 1002 4007 1033 4076; x_wconf 82' lang='grc' dir='ltr'>ἦ</span> <span class='ocrx_word' id='word_1_500' title='bbox 1073 4006 1380 4058; x_wconf 74' lang='grc' dir='ltr'>τούναντίον</span> <span class='ocrx_word' id='word_1_501' title='bbox 1429 4005 1779 4074; x_wconf 79' lang='grc' dir='ltr'>κακογραφή·</span> 
     </span>
    </p>
   </div>
   <div class='ocr_carea' id='block_1_74' title="bbox 233 4094 1779 4168">
    <p class='ocr_par' dir='ltr' id='par_1_74' title="bbox 233 4094 1779 4168">
     <span class='ocr_line' id='line_1_74' title="bbox 233 4094 1779 4168; baseline -0.009 -10"><span class='ocrx_word' id='word_1_502' title='bbox 233 4121 458 4167; x_wconf 88' lang='grc' dir='ltr'>σαντας.</span> <span class='ocrx_word' id='word_1_503' title='bbox 487 4103 641 4154; x_wconf 78' lang='grc' dir='ltr'>Κατά</span> <span class='ocrx_word' id='word_1_504' title='bbox 675 4098 780 4168; x_wconf 80' lang='grc' dir='ltr'><strong>γὰρ</strong></span> <span class='ocrx_word' id='word_1_505' title='bbox 805 4098 895 4151; x_wconf 78' lang='grc' dir='ltr'><strong>τὸν</strong></span> <span class='ocrx_word' id='word_1_506' title='bbox 924 4098 1136 4165; x_wconf 77' lang='grc' dir='ltr'>Βαροὺχ</span> <span class='ocrx_word' id='word_1_507' title='bbox 1177 4094 1779 4163; x_wconf 77' lang='grc' dir='ltr'>ὑπεγραμματεύσαμεν</span> 
     </span>
    </p>
   </div>
   <div class='ocr_carea' id='block_1_75' title="bbox 231 4183 1780 4262">
    <p class='ocr_par' dir='ltr' id='par_1_75' title="bbox 231 4183 1780 4262">
     <span class='ocr_line' id='line_1_75' title="bbox 231 4183 1780 4262; baseline -0.01 -14"><span class='ocrx_word' id='word_1_508' title='bbox 231 4197 337 4248; x_wconf 83' lang='grc' dir='ltr'>ὃσα</span> <span class='ocrx_word' id='word_1_509' title='bbox 405 4191 616 4262; x_wconf 84' lang='grc' dir='ltr'>θρηνῶν</span> <span class='ocrx_word' id='word_1_510' title='bbox 658 4189 922 4258; x_wconf 74' lang='grc' dir='ltr'>Ἱερεμίας</span> <span class='ocrx_word' id='word_1_511' title='bbox 967 4186 1265 4254; x_wconf 74' lang='grc' dir='ltr'>ἐθρήνησεο</span> <span class='ocrx_word' id='word_1_512' title='bbox 1327 4185 1420 4236; x_wconf 79' lang='grc' dir='ltr'><strong>καὶ</strong></span> <span class='ocrx_word' id='word_1_513' title='bbox 1482 4184 1621 4234; x_wconf 88' lang='grc' dir='ltr'><strong>κατά</strong></span> <span class='ocrx_word' id='word_1_514' title='bbox 1691 4183 1780 4232; x_wconf 72' lang='grc' dir='ltr'>τὸν</span> 
     </span>
    </p>
   </div>
   <div class='ocr_carea' id='block_1_76' title="bbox 243 4269 1774 4348">
    <p class='ocr_par' dir='ltr' id='par_1_76' title="bbox 243 4269 1774 4348">
     <span class='ocr_line' id='line_1_76' title="bbox 243 4269 1774 4348; baseline -0.007 -16"><span class='ocrx_word' id='word_1_515' title='bbox 243 4277 459 4348; x_wconf 79' lang='grc' dir='ltr'>’Δαρὼν</span> <span class='ocrx_word' id='word_1_516' title='bbox 510 4276 866 4342; x_wconf 70' lang='grc' dir='ltr'>ἐλαλήσαμεν,</span> <span class='ocrx_word' id='word_1_517' title='bbox 904 4274 1003 4325; x_wconf 81' lang='grc' dir='ltr'>ὃσα</span> <span class='ocrx_word' id='word_1_518' title='bbox 1055 4272 1230 4324; x_wconf 64' lang='grc' dir='ltr'>λαλπιν</span> <span class='ocrx_word' id='word_1_519' title='bbox 1272 4271 1496 4336; x_wconf 68' lang='grc' dir='ltr'>ὲλάλησε</span> <span class='ocrx_word' id='word_1_520' title='bbox 1554 4269 1774 4336; x_wconf 79' lang='grc' dir='ltr'>Μωσῆς.</span> 
     </span>
    </p>
   </div>
   <div class='ocr_carea' id='block_1_77' title="bbox 231 4358 1778 4433">
    <p class='ocr_par' dir='ltr' id='par_1_77' title="bbox 231 4358 1778 4433">
     <span class='ocr_line' id='line_1_77' title="bbox 231 4358 1778 4433; baseline -0.008 -15"><span class='ocrx_word' id='word_1_521' title='bbox 231 4368 415 4433; x_wconf 78' lang='grc' dir='ltr'>ὀπερ</span> <span class='ocrx_word' id='word_1_522' title='bbox 444 4364 498 4415; x_wconf 70' lang='grc' dir='ltr'><strong>δὲ</strong></span> <span class='ocrx_word' id='word_1_523' title='bbox 533 4364 624 4416; x_wconf 75' lang='grc' dir='ltr'>καὶ</span> <span class='ocrx_word' id='word_1_524' title='bbox 657 4363 773 4413; x_wconf 77' lang='grc' dir='ltr'>τότε</span> <span class='ocrx_word' id='word_1_525' title='bbox 804 4360 899 4428; x_wconf 79' lang='grc' dir='ltr'>τὴν</span> <span class='ocrx_word' id='word_1_526' title='bbox 933 4361 1241 4430; x_wconf 69' lang='grc' dir='ltr'>μικρόνοιαν</span> <span class='ocrx_word' id='word_1_527' title='bbox 1267 4359 1422 4428; x_wconf 82' lang='grc' dir='ltr'>ἡμῶν</span> <span class='ocrx_word' id='word_1_528' title='bbox 1452 4358 1778 4425; x_wconf 78' lang='grc' dir='ltr'>ἐθεράπευσε</span> 
     </span>
    </p>
   </div>
   <div class='ocr_carea' id='block_1_78' title="bbox 1885 3205 3420 3280">
    <p class='ocr_par' dir='ltr' id='par_1_78' title="bbox 1885 3205 3420 3280">
     <span class='ocr_line' id='line_1_78' title="bbox 1885 3205 3420 3280; baseline -0.012 -13"><span class='ocrx_word' id='word_1_529' title='bbox 1885 3217 2007 3267; x_wconf 80' lang='lat' dir='ltr'><strong>tatis</strong></span> <span class='ocrx_word' id='word_1_530' title='bbox 2045 3215 2260 3266; x_wconf 77' lang='lat' dir='ltr'><strong>vinculis</strong></span> <span class='ocrx_word' id='word_1_531' title='bbox 2299 3225 2450 3280; x_wconf 75' lang='lat' dir='ltr'><strong>atque</strong></span> <span class='ocrx_word' id='word_1_532' title='bbox 2498 3209 2690 3277; x_wconf 80' lang='lat' dir='ltr'><strong>legibus</strong></span> <span class='ocrx_word' id='word_1_533' title='bbox 2741 3205 3112 3270; x_wconf 76' lang='lat' dir='ltr'><strong>constringitur</strong></span> <span class='ocrx_word' id='word_1_534' title='bbox 3153 3211 3420 3266; x_wconf 79' lang='lat' dir='ltr'><strong>propterea</strong></span> 
     </span>
    </p>
   </div>
   <div class='ocr_carea' id='block_1_79' title="bbox 1880 3293 3104 3366">
    <p class='ocr_par' dir='ltr' id='par_1_79' title="bbox 1880 3293 3104 3366">
     <span class='ocr_line' id='line_1_79' title="bbox 1880 3293 3104 3366; baseline -0.011 -11"><span class='ocrx_word' id='word_1_535' title='bbox 1880 3304 2014 3364; x_wconf 80' lang='lat' dir='ltr'><strong>quod</strong></span> <span class='ocrx_word' id='word_1_536' title='bbox 2042 3312 2239 3354; x_wconf 75' lang='lat' dir='ltr'><strong>sextum</strong></span> <span class='ocrx_word' id='word_1_537' title='bbox 2264 3317 2326 3353; x_wconf 76' lang='lat' dir='ltr'><strong>ea:</strong></span> <span class='ocrx_word' id='word_1_538' title='bbox 2351 3300 2596 3366; x_wconf 74' lang='lat' dir='ltr'><strong>afﬁnitate</strong></span> <span class='ocrx_word' id='word_1_539' title='bbox 2621 3297 2839 3364; x_wconf 82' lang='lat' dir='ltr'><strong>gradum</strong></span> <span class='ocrx_word' id='word_1_540' title='bbox 2871 3293 3104 3346; x_wconf 70' lang='lat' dir='ltr'><strong>excedat.</strong></span> 
     </span>
    </p>
   </div>
   <div class='ocr_carea' id='block_1_80' title="bbox 2567 3411 2606 3446">
    <p class='ocr_par' dir='ltr' id='par_1_80' title="bbox 2567 3411 2606 3446">
     <span class='ocr_line' id='line_1_80' title="bbox 2567 3411 2606 3446; baseline 0 0"><span class='ocrx_word' id='word_1_541' title='bbox 2567 3411 2606 3446; x_wconf 54' lang='grc' dir='ltr'>β</span> 
     </span>
    </p>
   </div>
   <div class='ocr_carea' id='block_1_81' title="bbox 1950 3454 3418 3535">
    <p class='ocr_par' dir='ltr' id='par_1_81' title="bbox 1950 3454 3418 3535">
     <span class='ocr_line' id='line_1_81' title="bbox 1950 3454 3418 3535; baseline -0.015 -13"><span class='ocrx_word' id='word_1_542' title='bbox 1950 3469 2045 3524; x_wconf 83' lang='lat' dir='ltr'><strong>His</strong></span> <span class='ocrx_word' id='word_1_543' title='bbox 2084 3484 2210 3535; x_wconf 77' lang='lat' dir='ltr'><strong>ergo</strong></span> <span class='ocrx_word' id='word_1_544' title='bbox 2233 3467 2415 3520; x_wconf 83' lang='lat' dir='ltr'><strong>verbis</strong></span> <span class='ocrx_word' id='word_1_545' title='bbox 2445 3473 2678 3522; x_wconf 80' lang='lat' dir='ltr'><strong>utentes.</strong></span> <span class='ocrx_word' id='word_1_546' title='bbox 2706 3471 2882 3514; x_wconf 87' lang='lat' dir='ltr'><strong>tacere</strong></span> <span class='ocrx_word' id='word_1_547' title='bbox 2913 3471 3012 3510; x_wconf 88' lang='lat' dir='ltr'><strong>nos</strong></span> <span class='ocrx_word' id='word_1_548' title='bbox 3072 3454 3283 3513; x_wconf 81' lang='lat' dir='ltr'><strong>volunt,</strong></span> <span class='ocrx_word' id='word_1_549' title='bbox 3329 3466 3418 3517; x_wconf 82' lang='lat' dir='ltr'><strong>qui</strong></span> 
     </span>
    </p>
   </div>
   <div class='ocr_carea' id='block_1_82' title="bbox 1876 3543 3418 3628">
    <p class='ocr_par' dir='ltr' id='par_1_82' title="bbox 1876 3543 3418 3628">
     <span class='ocr_line' id='line_1_82' title="bbox 1876 3543 3418 3628; baseline -0.012 -19"><span class='ocrx_word' id='word_1_550' title='bbox 1876 3560 1984 3628; x_wconf 65' lang='lat' dir='ltr'><strong>jam</strong></span> <span class='ocrx_word' id='word_1_551' title='bbox 2013 3558 2280 3613; x_wconf 79' lang='lat' dir='ltr'><strong>contraria</strong></span> <span class='ocrx_word' id='word_1_552' title='bbox 2324 3556 2655 3608; x_wconf 82' lang='lat' dir='ltr'><strong>statuimus:</strong></span> <span class='ocrx_word' id='word_1_553' title='bbox 2711 3551 2940 3618; x_wconf 88' lang='lat' dir='ltr'><strong>primum</strong></span> <span class='ocrx_word' id='word_1_554' title='bbox 3000 3543 3418 3610; x_wconf 86' lang='lat' dir='ltr'><strong>respondemus,</strong></span> 
     </span>
    </p>
   </div>
   <div class='ocr_carea' id='block_1_83' title="bbox 1880 3630 3424 3715">
    <p class='ocr_par' dir='ltr' id='par_1_83' title="bbox 1880 3630 3424 3715">
     <span class='ocr_line' id='line_1_83' title="bbox 1880 3630 3424 3715; baseline -0.014 -14"><span class='ocrx_word' id='word_1_555' title='bbox 1880 3649 2139 3715; x_wconf 84' lang='lat' dir='ltr'><strong>cujusque</strong></span> <span class='ocrx_word' id='word_1_556' title='bbox 2164 3646 2419 3713; x_wconf 86' lang='lat' dir='ltr'><strong>temporis</strong></span> <span class='ocrx_word' id='word_1_557' title='bbox 2453 3640 2870 3700; x_wconf 86' lang='lat' dir='ltr'><strong>chartularium,</strong></span> <span class='ocrx_word' id='word_1_558' title='bbox 2901 3635 2991 3703; x_wconf 91' lang='lat' dir='ltr'><strong>qui</strong></span> <span class='ocrx_word' id='word_1_559' title='bbox 3012 3647 3073 3686; x_wconf 93' lang='lat' dir='ltr'><strong>os</strong></span> <span class='ocrx_word' id='word_1_560' title='bbox 3098 3630 3424 3698; x_wconf 61' lang='lat' dir='ltr'><strong>patriarcha:</strong></span> 
     </span>
    </p>
   </div>
   <div class='ocr_carea' id='block_1_84' title="bbox 1880 3721 3422 3795">
    <p class='ocr_par' dir='ltr' id='par_1_84' title="bbox 1880 3721 3422 3795">
     <span class='ocr_line' id='line_1_84' title="bbox 1880 3721 3422 3795; baseline -0.015 -5"><span class='ocrx_word' id='word_1_561' title='bbox 1880 3751 2000 3790; x_wconf 90' lang='lat' dir='ltr'><strong>esse</strong></span> <span class='ocrx_word' id='word_1_562' title='bbox 2036 3735 2272 3795; x_wconf 87' lang='lat' dir='ltr'><strong>ducitur,</strong></span> <span class='ocrx_word' id='word_1_563' title='bbox 2305 3747 2364 3785; x_wconf 80' lang='lat' dir='ltr'><strong>ea</strong></span> <span class='ocrx_word' id='word_1_564' title='bbox 2401 3739 2512 3783; x_wconf 87' lang='lat' dir='ltr'><strong>tum</strong></span> <span class='ocrx_word' id='word_1_565' title='bbox 2549 3730 2748 3787; x_wconf 88' lang='lat' dir='ltr'><strong>dicere,</strong></span> <span class='ocrx_word' id='word_1_566' title='bbox 2819 3732 2932 3776; x_wconf 90' lang='lat' dir='ltr'><strong>tum</strong></span> <span class='ocrx_word' id='word_1_567' title='bbox 2992 3721 3248 3777; x_wconf 83' lang='lat' dir='ltr'><strong>scribere,</strong></span> <span class='ocrx_word' id='word_1_568' title='bbox 3303 3729 3422 3782; x_wconf 65' lang='lat' dir='ltr'><strong>quae</strong></span> 
     </span>
    </p>
   </div>
   <div class='ocr_carea' id='block_1_85' title="bbox 1881 3804 3416 3894">
    <p class='ocr_par' dir='ltr' id='par_1_85' title="bbox 1881 3804 3416 3894">
     <span class='ocr_line' id='line_1_85' title="bbox 1881 3804 3416 3894; baseline -0.016 -15"><span class='ocrx_word' id='word_1_569' title='bbox 1881 3826 2070 3894; x_wconf 87' lang='lat' dir='ltr'><strong>capitis</strong></span> <span class='ocrx_word' id='word_1_570' title='bbox 2096 3823 2195 3892; x_wconf 88' lang='lat' dir='ltr'><strong>ipsi</strong></span> <span class='ocrx_word' id='word_1_571' title='bbox 2229 3831 2411 3877; x_wconf 79' lang='lat' dir='ltr'><strong>vertex</strong></span> <span class='ocrx_word' id='word_1_572' title='bbox 2449 3822 2624 3873; x_wconf 86' lang='lat' dir='ltr'><strong>instar</strong></span> <span class='ocrx_word' id='word_1_573' title='bbox 2651 3815 2807 3868; x_wconf 82' lang='lat' dir='ltr'><strong>nubis</strong></span> <span class='ocrx_word' id='word_1_574' title='bbox 2834 3820 2884 3866; x_wconf 89' lang='lat' dir='ltr'><strong>et</strong></span> <span class='ocrx_word' id='word_1_575' title='bbox 2907 3824 3058 3878; x_wconf 70' lang='lat' dir='ltr'><strong>aqua:</strong></span> <span class='ocrx_word' id='word_1_576' title='bbox 3087 3804 3416 3875; x_wconf 82' lang='lat' dir='ltr'><strong>suppeditat.</strong></span> 
     </span>
    </p>
   </div>
   <div class='ocr_carea' id='block_1_86' title="bbox 1879 3892 3421 3981">
    <p class='ocr_par' dir='ltr' id='par_1_86' title="bbox 1879 3892 3421 3981">
     <span class='ocr_line' id='line_1_86' title="bbox 1879 3892 3421 3981; baseline -0.017 -14"><span class='ocrx_word' id='word_1_577' title='bbox 1879 3892 2106 3981; x_wconf 87' lang='lat' dir='ltr'><strong>Ideoque</strong></span> <span class='ocrx_word' id='word_1_578' title='bbox 2136 3927 2232 3964; x_wconf 91' lang='lat' dir='ltr'><strong>nec</strong></span> <span class='ocrx_word' id='word_1_579' title='bbox 2257 3910 2572 3978; x_wconf 89' lang='lat' dir='ltr'><strong>culpandos,</strong></span> <span class='ocrx_word' id='word_1_580' title='bbox 2607 3919 2704 3959; x_wconf 91' lang='lat' dir='ltr'><strong>nec</strong></span> <span class='ocrx_word' id='word_1_581' title='bbox 2735 3899 3030 3956; x_wconf 87' lang='lat' dir='ltr'><strong>laudandos</strong></span> <span class='ocrx_word' id='word_1_582' title='bbox 3064 3910 3162 3949; x_wconf 87' lang='lat' dir='ltr'><strong>nos</strong></span> <span class='ocrx_word' id='word_1_583' title='bbox 3211 3892 3421 3961; x_wconf 82' lang='lat' dir='ltr'><strong>putabit</strong></span> 
     </span>
    </p>
   </div>
   <div class='ocr_carea' id='block_1_87' title="bbox 1878 3981 3421 4070">
    <p class='ocr_par' dir='ltr' id='par_1_87' title="bbox 1878 3981 3421 4070">
     <span class='ocr_line' id='line_1_87' title="bbox 1878 3981 3421 4070; baseline -0.017 -14"><span class='ocrx_word' id='word_1_584' title='bbox 1878 4003 2165 4070; x_wconf 84' lang='lat' dir='ltr'><strong>quispiam,</strong></span> <span class='ocrx_word' id='word_1_585' title='bbox 2197 4001 2285 4067; x_wconf 91' lang='lat' dir='ltr'><strong>qui</strong></span> <span class='ocrx_word' id='word_1_586' title='bbox 2314 4000 2395 4052; x_wconf 87' lang='lat' dir='ltr'><strong>vel</strong></span> <span class='ocrx_word' id='word_1_587' title='bbox 2433 4008 2573 4051; x_wconf 78' lang='lat' dir='ltr'><strong>recte</strong></span> <span class='ocrx_word' id='word_1_588' title='bbox 2627 4000 2943 4061; x_wconf 60' lang='lat' dir='ltr'><strong>praesentem</strong></span> <span class='ocrx_word' id='word_1_589' title='bbox 2994 3998 3235 4045; x_wconf 87' lang='lat' dir='ltr'><strong>causam,</strong></span> <span class='ocrx_word' id='word_1_590' title='bbox 3267 3981 3347 4033; x_wconf 81' lang='lat' dir='ltr'><strong>vel</strong></span> <span class='ocrx_word' id='word_1_591' title='bbox 3390 3994 3421 4032; x_wconf 92' lang='lat' dir='ltr'><strong>e</strong></span> 
     </span>
    </p>
   </div>
   <div class='ocr_carea' id='block_1_88' title="bbox 1878 4072 3424 4149">
    <p class='ocr_par' dir='ltr' id='par_1_88' title="bbox 1878 4072 3424 4149">
     <span class='ocr_line' id='line_1_88' title="bbox 1878 4072 3424 4149; baseline -0.017 -2"><span class='ocrx_word' id='word_1_592' title='bbox 1878 4092 2149 4147; x_wconf 88' lang='lat' dir='ltr'><strong>contrario</strong></span> <span class='ocrx_word' id='word_1_593' title='bbox 2192 4090 2324 4141; x_wconf 87' lang='lat' dir='ltr'><strong>male</strong></span> <span class='ocrx_word' id='word_1_594' title='bbox 2352 4087 2554 4140; x_wconf 72' lang='lat' dir='ltr'><strong>litteris</strong></span> <span class='ocrx_word' id='word_1_595' title='bbox 2571 4080 2835 4149; x_wconf 74' lang='lat' dir='ltr'><strong>complexi</strong></span> <span class='ocrx_word' id='word_1_596' title='bbox 2874 4080 3067 4131; x_wconf 79' lang='lat' dir='ltr'><strong>simus.</strong></span> <span class='ocrx_word' id='word_1_597' title='bbox 3102 4072 3234 4124; x_wconf 80' lang='lat' dir='ltr'><strong>Nam</strong></span> <span class='ocrx_word' id='word_1_598' title='bbox 3275 4082 3424 4121; x_wconf 85' lang='lat' dir='ltr'><strong>more</strong></span> 
     </span>
    </p>
   </div>
   <div class='ocr_carea' id='block_1_89' title="bbox 1878 4166 3424 4244">
    <p class='ocr_par' dir='ltr' id='par_1_89' title="bbox 1878 4166 3424 4244">
     <span class='ocr_line' id='line_1_89' title="bbox 1878 4166 3424 4244; baseline -0.021 -7"><span class='ocrx_word' id='word_1_599' title='bbox 1878 4182 2126 4244; x_wconf 73' lang='lat' dir='ltr'><strong>Bai-uchi,</strong></span> <span class='ocrx_word' id='word_1_600' title='bbox 2163 4181 2350 4234; x_wconf 70' lang='lat' dir='ltr'><strong>scribae</strong></span> <span class='ocrx_word' id='word_1_601' title='bbox 2385 4190 2605 4230; x_wconf 82' lang='lat' dir='ltr'><strong>munere</strong></span> <span class='ocrx_word' id='word_1_602' title='bbox 2630 4171 2793 4224; x_wconf 84' lang='lat' dir='ltr'><strong>functi</strong></span> <span class='ocrx_word' id='word_1_603' title='bbox 2823 4166 3127 4220; x_wconf 83' lang='lat' dir='ltr'><strong>notavimus</strong></span> <span class='ocrx_word' id='word_1_604' title='bbox 3171 4170 3424 4228; x_wconf 66' lang='lat' dir='ltr'><strong>quaecun-</strong></span> 
     </span>
    </p>
   </div>
   <div class='ocr_carea' id='block_1_90' title="bbox 1878 4245 3426 4340">
    <p class='ocr_par' dir='ltr' id='par_1_90' title="bbox 1878 4245 3426 4340">
     <span class='ocr_line' id='line_1_90' title="bbox 1878 4245 3426 4340; baseline -0.021 -15"><span class='ocrx_word' id='word_1_605' title='bbox 1878 4287 1980 4340; x_wconf 88' lang='lat' dir='ltr'><strong>que</strong></span> <span class='ocrx_word' id='word_1_606' title='bbox 2010 4268 2351 4324; x_wconf 87' lang='lat' dir='ltr'><strong>lamentando</strong></span> <span class='ocrx_word' id='word_1_607' title='bbox 2385 4261 2686 4316; x_wconf 82' lang='lat' dir='ltr'><strong>lliercmias</strong></span> <span class='ocrx_word' id='word_1_608' title='bbox 2727 4257 3055 4309; x_wconf 87' lang='lat' dir='ltr'><strong>lamentatus</strong></span> <span class='ocrx_word' id='word_1_609' title='bbox 3093 4257 3214 4302; x_wconf 90' lang='lat' dir='ltr'><strong>est:</strong></span> <span class='ocrx_word' id='word_1_610' title='bbox 3247 4253 3298 4298; x_wconf 91' lang='lat' dir='ltr'><strong>et</strong></span> <span class='ocrx_word' id='word_1_611' title='bbox 3321 4245 3426 4294; x_wconf 81' lang='lat' dir='ltr'><strong>Aa-</strong></span> 
     </span>
    </p>
   </div>
   <div class='ocr_carea' id='block_1_91' title="bbox 1882 4335 3427 4423">
    <p class='ocr_par' dir='ltr' id='par_1_91' title="bbox 1882 4335 3427 4423">
     <span class='ocr_line' id='line_1_91' title="bbox 1882 4335 3427 4423; baseline -0.021 -8"><span class='ocrx_word' id='word_1_612' title='bbox 1882 4335 2030 4414; x_wconf 65' lang='lat' dir='ltr'><strong>ronis</strong></span> <span class='ocrx_word' id='word_1_613' title='bbox 2056 4373 2202 4411; x_wconf 87' lang='lat' dir='ltr'><strong>more</strong></span> <span class='ocrx_word' id='word_1_614' title='bbox 2234 4352 2496 4423; x_wconf 86' lang='lat' dir='ltr'><strong>prolocuti</strong></span> <span class='ocrx_word' id='word_1_615' title='bbox 2549 4363 2758 4407; x_wconf 82' lang='lat' dir='ltr'><strong>sumus,</strong></span> <span class='ocrx_word' id='word_1_616' title='bbox 2806 4355 3134 4412; x_wconf 73' lang='lat' dir='ltr'><strong>qurecunque</strong></span> <span class='ocrx_word' id='word_1_617' title='bbox 3159 4335 3427 4402; x_wconf 71' lang='lat' dir='ltr'><strong>loquendo</strong></span> 
     </span>
    </p>
   </div>
   <div class='ocr_carea' id='block_1_92' title="bbox 229 4421 1780 4524">
    <p class='ocr_par' dir='ltr' id='par_1_92' title="bbox 229 4421 1778 4524">
     <span class='ocr_line' id='line_1_92' title="bbox 229 4421 1778 4524; baseline -0.006 -18"><span class='ocrx_word' id='word_1_618' title='bbox 229 4421 397 4524; x_wconf 70' lang='grc' dir='ltr'>χάριν</span> <span class='ocrx_word' id='word_1_619' title='bbox 421 4452 511 4504; x_wconf 78' lang='grc' dir='ltr'><strong>τοῦ</strong></span> <span class='ocrx_word' id='word_1_620' title='bbox 547 4451 786 4503; x_wconf 77' lang='grc' dir='ltr'>τοιούτου</span> <span class='ocrx_word' id='word_1_621' title='bbox 831 4421 1164 4518; x_wconf 60' lang='grc' dir='ltr'>ζητηματος,</span> <span class='ocrx_word' id='word_1_622' title='bbox 1204 4421 1417 4517; x_wconf 74' lang='grc' dir='ltr'>ἐγράφη</span> <span class='ocrx_word' id='word_1_623' title='bbox 1467 4421 1593 4515; x_wconf 80' lang='grc' dir='ltr'>παρ’</span> <span class='ocrx_word' id='word_1_624' title='bbox 1625 4445 1778 4513; x_wconf 82' lang='grc' dir='ltr'>ήμῶν</span> 
     </span>
    </p>
   </div>
   <div class='ocr_carea' id='block_1_93' title="bbox 1882 4421 3419 4524">
    <p class='ocr_par' dir='ltr' id='par_1_93' title="bbox 1885 4421 3419 4501">
     <span class='ocr_line' id='line_1_93' title="bbox 1885 4421 3419 4501; baseline -0.018 -1"><span class='ocrx_word' id='word_1_625' title='bbox 1885 4451 2097 4501; x_wconf 86' lang='lat' dir='ltr'><strong>locutus</strong></span> <span class='ocrx_word' id='word_1_626' title='bbox 2157 4421 2245 4496; x_wconf 73' lang='lat' dir='ltr'><strong>est</strong></span> <span class='ocrx_word' id='word_1_627' title='bbox 2268 4441 2461 4492; x_wconf 84' lang='lat' dir='ltr'><strong>Moses.</strong></span> <span class='ocrx_word' id='word_1_628' title='bbox 2488 4437 2638 4501; x_wconf 79' lang='lat' dir='ltr'><strong>Quod</strong></span> <span class='ocrx_word' id='word_1_629' title='bbox 2675 4443 2850 4485; x_wconf 89' lang='lat' dir='ltr'><strong>autem</strong></span> <span class='ocrx_word' id='word_1_630' title='bbox 2880 4429 3184 4482; x_wconf 89' lang='lat' dir='ltr'><strong>intellectus</strong></span> <span class='ocrx_word' id='word_1_631' title='bbox 3245 4421 3419 4475; x_wconf 84' lang='lat' dir='ltr'><strong>nostri</strong></span> 
     </span>
    </p>
   </div>
   <div class='ocr_carea' id='block_1_94' title="bbox 230 4536 1780 4610">
    <p class='ocr_par' dir='ltr' id='par_1_94' title="bbox 230 4536 1780 4610">
     <span class='ocr_line' id='line_1_94' title="bbox 230 4536 1780 4610; baseline -0.006 -15"><span class='ocrx_word' id='word_1_632' title='bbox 230 4547 295 4595; x_wconf 77' lang='grc' dir='ltr'>ὲν</span> <span class='ocrx_word' id='word_1_633' title='bbox 321 4541 398 4610; x_wconf 84' lang='grc' dir='ltr'><strong>τῷ</strong></span> <span class='ocrx_word' id='word_1_634' title='bbox 433 4542 476 4610; x_wconf 82' lang='grc' dir='ltr'><strong>β’</strong></span> <span class='ocrx_word' id='word_1_635' title='bbox 509 4541 806 4608; x_wconf 78' lang='grc' dir='ltr'>κεφαλαίῳ,</span> <span class='ocrx_word' id='word_1_636' title='bbox 839 4540 931 4592; x_wconf 83' lang='grc' dir='ltr'>τοῦ</span> <span class='ocrx_word' id='word_1_637' title='bbox 961 4544 1028 4606; x_wconf 81' lang='grc' dir='ltr'>ιγ’</span> <span class='ocrx_word' id='word_1_638' title='bbox 1060 4538 1239 4590; x_wconf 91' lang='grc' dir='ltr'>τίτλου</span> <span class='ocrx_word' id='word_1_639' title='bbox 1285 4536 1374 4588; x_wconf 83' lang='grc' dir='ltr'>τοῦ</span> <span class='ocrx_word' id='word_1_640' title='bbox 1403 4536 1780 4604; x_wconf 87' lang='grc' dir='ltr'>νομοκανόνου.</span> 
     </span>
    </p>
   </div>
   <div class='ocr_carea' id='block_1_95' title="bbox 231 4623 1782 4699">
    <p class='ocr_par' dir='ltr' id='par_1_95' title="bbox 231 4623 1782 4699">
     <span class='ocr_line' id='line_1_95' title="bbox 231 4623 1782 4699; baseline -0.006 -15"><span class='ocrx_word' id='word_1_641' title='bbox 231 4631 474 4696; x_wconf 79' lang='grc' dir='ltr'>Εἴπομεν</span> <span class='ocrx_word' id='word_1_642' title='bbox 493 4631 597 4699; x_wconf 69' lang='grc' dir='ltr'>γὰρ</span> <span class='ocrx_word' id='word_1_643' title='bbox 615 4630 671 4681; x_wconf 80' lang='grc' dir='ltr'>τὸ</span> <span class='ocrx_word' id='word_1_644' title='bbox 689 4628 928 4681; x_wconf 78' lang='grc' dir='ltr'>τοιοῦτον</span> <span class='ocrx_word' id='word_1_645' title='bbox 950 4629 1240 4696; x_wconf 82' lang='grc' dir='ltr'>κεφάλαιον</span> <span class='ocrx_word' id='word_1_646' title='bbox 1271 4624 1682 4695; x_wconf 74' lang='grc' dir='ltr'>ἑρμηνεύοντες,</span> <span class='ocrx_word' id='word_1_647' title='bbox 1707 4623 1782 4685; x_wconf 81' lang='grc' dir='ltr'>ὡς</span> 
     </span>
    </p>
   </div>
   <div class='ocr_carea' id='block_1_96' title="bbox 227 4713 1786 4786">
    <p class='ocr_par' dir='ltr' id='par_1_96' title="bbox 227 4713 1786 4786">
     <span class='ocr_line' id='line_1_96' title="bbox 227 4713 1786 4786; baseline -0.006 -15"><span class='ocrx_word' id='word_1_648' title='bbox 227 4717 329 4772; x_wconf 74' lang='grc' dir='ltr'>καὶ</span> <span class='ocrx_word' id='word_1_649' title='bbox 352 4716 626 4786; x_wconf 77' lang='grc' dir='ltr'>βασιλικὸν</span> <span class='ocrx_word' id='word_1_650' title='bbox 648 4716 884 4769; x_wconf 70' lang='grc' dir='ltr'>ικὼλυσε</span> <span class='ocrx_word' id='word_1_651' title='bbox 914 4718 1235 4786; x_wconf 85' lang='grc' dir='ltr'>πρόσταγμα</span> <span class='ocrx_word' id='word_1_652' title='bbox 1256 4715 1314 4765; x_wconf 88' lang='grc' dir='ltr'>τὸ</span> <span class='ocrx_word' id='word_1_653' title='bbox 1342 4713 1674 4781; x_wconf 79' lang='grc' dir='ltr'>ζητούμενον</span> <span class='ocrx_word' id='word_1_654' title='bbox 1696 4729 1786 4762; x_wconf 89' lang='grc' dir='ltr'>συ-</span> 
     </span>
    </p>
   </div>
   <div class='ocr_carea' id='block_1_97' title="bbox 227 4802 1785 4875">
    <p class='ocr_par' dir='ltr' id='par_1_97' title="bbox 227 4802 1785 4875">
     <span class='ocr_line' id='line_1_97' title="bbox 227 4802 1785 4875; baseline -0.005 -13"><span class='ocrx_word' id='word_1_655' title='bbox 227 4809 378 4862; x_wconf 80' lang='grc' dir='ltr'>νοικὲ</span> <span class='ocrx_word' id='word_1_656' title='bbox 389 4826 518 4869; x_wconf 85' lang='grc' dir='ltr'>σιον,</span> <span class='ocrx_word' id='word_1_657' title='bbox 548 4806 650 4860; x_wconf 79' lang='grc' dir='ltr'>κᾶν</span> <span class='ocrx_word' id='word_1_658' title='bbox 667 4806 1226 4875; x_wconf 83' lang='grc' dir='ltr'>καταστρωθῆναιοὺκ</span> <span class='ocrx_word' id='word_1_659' title='bbox 1249 4802 1473 4870; x_wconf 73' lang='grc' dir='ltr'>ἔφθασε,</span> <span class='ocrx_word' id='word_1_660' title='bbox 1489 4803 1628 4870; x_wconf 77' lang='grc' dir='ltr'>καὶὴ</span> <span class='ocrx_word' id='word_1_661' title='bbox 1666 4803 1785 4854; x_wconf 83' lang='grc' dir='ltr'><strong>Ἐκ·-</strong></span> 
     </span>
    </p>
   </div>
   <div class='ocr_carea' id='block_1_98' title="bbox 226 4887 1778 4968">
    <p class='ocr_par' dir='ltr' id='par_1_98' title="bbox 226 4887 1778 4968">
     <span class='ocr_line' id='line_1_98' title="bbox 226 4887 1778 4968; baseline -0.006 -16"><span class='ocrx_word' id='word_1_662' title='bbox 226 4897 430 4968; x_wconf 82' lang='grc' dir='ltr'>κλησία</span> <span class='ocrx_word' id='word_1_663' title='bbox 446 4897 540 4966; x_wconf 69' lang='grc' dir='ltr'>τὴν</span> <span class='ocrx_word' id='word_1_664' title='bbox 555 4895 744 4950; x_wconf 82' lang='grc' dir='ltr'>τούτου</span> <span class='ocrx_word' id='word_1_665' title='bbox 765 4896 984 4965; x_wconf 84' lang='grc' dir='ltr'>ποίησιν</span> <span class='ocrx_word' id='word_1_666' title='bbox 1006 4895 1105 4945; x_wconf 83' lang='grc' dir='ltr'><strong>οὐκ</strong></span> <span class='ocrx_word' id='word_1_667' title='bbox 1126 4892 1392 4960; x_wconf 83' lang='grc' dir='ltr'>ἀνέχεται.</span> <span class='ocrx_word' id='word_1_668' title='bbox 1417 4887 1549 4942; x_wconf 75' lang='grc' dir='ltr'>Εἶτά</span> <span class='ocrx_word' id='word_1_669' title='bbox 1579 4906 1778 4958; x_wconf 85' lang='grc' dir='ltr'>φαμεν,</span> 
     </span>
    </p>
   </div>
   <div class='ocr_carea' id='block_1_99' title="bbox 225 4979 1781 5066">
    <p class='ocr_par' dir='ltr' id='par_1_99' title="bbox 225 4979 1781 5066">
     <span class='ocr_line' id='line_1_99' title="bbox 225 4979 1781 5066; baseline -0.008 -26"><span class='ocrx_word' id='word_1_670' title='bbox 225 4989 314 5066; x_wconf 68' lang='grc' dir='ltr'><strong>ὡς</strong></span> <span class='ocrx_word' id='word_1_671' title='bbox 338 4986 738 5055; x_wconf 84' lang='grc' dir='ltr'>σημειωμάτων</span> <span class='ocrx_word' id='word_1_672' title='bbox 763 4982 1244 5053; x_wconf 76' lang='grc' dir='ltr'>προκομιζομένων</span> <span class='ocrx_word' id='word_1_673' title='bbox 1292 4979 1659 5045; x_wconf 86' lang='grc' dir='ltr'>ταλαυγενῶν,</span> <span class='ocrx_word' id='word_1_674' title='bbox 1690 4979 1781 5030; x_wconf 75' lang='grc' dir='ltr'>καὶ</span> 
     </span>
    </p>
   </div>
   <div class='ocr_carea' id='block_1_100' title="bbox 226 5069 1787 5145">
    <p class='ocr_par' dir='ltr' id='par_1_100' title="bbox 226 5069 1787 5145">
     <span class='ocr_line' id='line_1_100' title="bbox 226 5069 1787 5145; baseline -0.006 -16"><span class='ocrx_word' id='word_1_675' title='bbox 226 5077 320 5129; x_wconf 65' lang='grc' dir='ltr'>διὰ</span> <span class='ocrx_word' id='word_1_676' title='bbox 336 5073 384 5107; x_wconf 86' lang='grc'><strong><em>⁸³</em></strong></span> <span class='ocrx_word' id='word_1_677' title='bbox 412 5077 752 5145; x_wconf 72' lang='grc' dir='ltr'>γραμμάτων</span> <span class='ocrx_word' id='word_1_678' title='bbox 786 5073 982 5144; x_wconf 85' lang='grc' dir='ltr'>ὁμοίων</span> <span class='ocrx_word' id='word_1_679' title='bbox 1016 5070 1501 5141; x_wconf 74' lang='grc' dir='ltr'>ἑκκλησιαστικῶν,</span> <span class='ocrx_word' id='word_1_680' title='bbox 1533 5069 1787 5129; x_wconf 77' lang='grc' dir='ltr'>διυλιζὸν-</span> 
     </span>
    </p>
   </div>
   <div class='ocr_carea' id='block_1_101' title="bbox 226 5156 1782 5229">
    <p class='ocr_par' dir='ltr' id='par_1_101' title="bbox 226 5156 1782 5229">
     <span class='ocr_line' id='line_1_101' title="bbox 226 5156 1782 5229; baseline -0.006 -13"><span class='ocrx_word' id='word_1_681' title='bbox 226 5179 342 5216; x_wconf 81' lang='grc' dir='ltr'><strong>των</strong></span> <span class='ocrx_word' id='word_1_682' title='bbox 376 5164 467 5214; x_wconf 80' lang='grc' dir='ltr'>καὶ</span> <span class='ocrx_word' id='word_1_683' title='bbox 502 5163 660 5215; x_wconf 79' lang='grc' dir='ltr'>αὑτὸν</span> <span class='ocrx_word' id='word_1_684' title='bbox 681 5163 772 5214; x_wconf 78' lang='grc' dir='ltr'>τὸν</span> <span class='ocrx_word' id='word_1_685' title='bbox 803 5161 1130 5229; x_wconf 86' lang='grc' dir='ltr'>φαυλότατον</span> <span class='ocrx_word' id='word_1_686' title='bbox 1168 5158 1401 5212; x_wconf 85' lang='grc' dir='ltr'>κώνωπα</span> <span class='ocrx_word' id='word_1_687' title='bbox 1423 5157 1517 5211; x_wconf 82' lang='grc' dir='ltr'>τοῦ</span> <span class='ocrx_word' id='word_1_688' title='bbox 1548 5156 1782 5208; x_wconf 80' lang='grc' dir='ltr'>τοιούτου</span> 
     </span>
    </p>
   </div>
   <div class='ocr_carea' id='block_1_102' title="bbox 228 5245 1777 5321">
    <p class='ocr_par' dir='ltr' id='par_1_102' title="bbox 228 5245 1777 5321">
     <span class='ocr_line' id='line_1_102' title="bbox 228 5245 1777 5321; baseline -0.006 -18"><span class='ocrx_word' id='word_1_689' title='bbox 228 5251 674 5321; x_wconf 74' lang='grc' dir='ltr'>ξητήματος,καὶ</span> <span class='ocrx_word' id='word_1_690' title='bbox 693 5250 1102 5305; x_wconf 78' lang='grc' dir='ltr'>ἀποκαλούντων</span> <span class='ocrx_word' id='word_1_691' title='bbox 1127 5249 1282 5301; x_wconf 79' lang='grc' dir='ltr'>τοῦτο</span> <span class='ocrx_word' id='word_1_692' title='bbox 1306 5245 1777 5317; x_wconf 81' lang='grc' dir='ltr'>παρανομώτατον,</span> 
     </span>
    </p>
   </div>
   <div class='ocr_carea' id='block_1_103' title="bbox 1886 4515 3427 4588">
    <p class='ocr_par' dir='ltr' id='par_1_103' title="bbox 1886 4515 3427 4588">
     <span class='ocr_line' id='line_1_103' title="bbox 1886 4515 3427 4588; baseline -0.019 0"><span class='ocrx_word' id='word_1_693' title='bbox 1886 4531 2133 4588; x_wconf 84' lang='lat' dir='ltr'><strong>tenuitati</strong></span> <span class='ocrx_word' id='word_1_694' title='bbox 2165 4538 2292 4581; x_wconf 89' lang='lat' dir='ltr'><strong>tunc</strong></span> <span class='ocrx_word' id='word_1_695' title='bbox 2333 4526 2567 4579; x_wconf 86' lang='lat' dir='ltr'><strong>remedio</strong></span> <span class='ocrx_word' id='word_1_696' title='bbox 2592 4523 2690 4574; x_wconf 77' lang='lat' dir='ltr'><strong>fuit</strong></span> <span class='ocrx_word' id='word_1_697' title='bbox 2719 4523 2771 4572; x_wconf 90' lang='lat' dir='ltr'><strong>in</strong></span> <span class='ocrx_word' id='word_1_698' title='bbox 2808 4520 2907 4572; x_wconf 88' lang='lat' dir='ltr'><strong>hac</strong></span> <span class='ocrx_word' id='word_1_699' title='bbox 2953 4515 3276 4584; x_wconf 65' lang='lat' dir='ltr'><strong>quaestione,</strong></span> <span class='ocrx_word' id='word_1_700' title='bbox 3309 4524 3427 4576; x_wconf 88' lang='lat' dir='ltr'><strong>per-</strong></span> 
     </span>
    </p>
   </div>
   <div class='ocr_carea' id='block_1_104' title="bbox 1886 4596 3430 4688">
    <p class='ocr_par' dir='ltr' id='par_1_104' title="bbox 1886 4596 3430 4688">
     <span class='ocr_line' id='line_1_104' title="bbox 1886 4596 3430 4688; baseline -0.018 -13"><span class='ocrx_word' id='word_1_701' title='bbox 1886 4623 2144 4688; x_wconf 82' lang='lat' dir='ltr'><strong>scriptum</strong></span> <span class='ocrx_word' id='word_1_702' title='bbox 2173 4633 2203 4670; x_wconf 88' lang='lat' dir='ltr'><strong>a</strong></span> <span class='ocrx_word' id='word_1_703' title='bbox 2233 4616 2383 4669; x_wconf 85' lang='lat' dir='ltr'><strong>nobis</strong></span> <span class='ocrx_word' id='word_1_704' title='bbox 2416 4621 2495 4667; x_wconf 84' lang='lat' dir='ltr'><strong>est</strong></span> <span class='ocrx_word' id='word_1_705' title='bbox 2526 4613 2577 4663; x_wconf 90' lang='lat' dir='ltr'><strong>in</strong></span> <span class='ocrx_word' id='word_1_706' title='bbox 2639 4610 2814 4676; x_wconf 88' lang='lat' dir='ltr'><strong>capite</strong></span> <span class='ocrx_word' id='word_1_707' title='bbox 2863 4603 3099 4659; x_wconf 83' lang='lat' dir='ltr'><strong>secundo</strong></span> <span class='ocrx_word' id='word_1_708' title='bbox 3127 4599 3264 4652; x_wconf 84' lang='lat' dir='ltr'><strong>tituli</strong></span> <span class='ocrx_word' id='word_1_709' title='bbox 3311 4596 3430 4649; x_wconf 75' lang='grc' dir='ltr'>Χιιι</span> 
     </span>
    </p>
   </div>
   <div class='ocr_carea' id='block_1_105' title="bbox 1886 4689 3431 4766">
    <p class='ocr_par' dir='ltr' id='par_1_105' title="bbox 1886 4689 3431 4766">
     <span class='ocr_line' id='line_1_105' title="bbox 1886 4689 3431 4766; baseline -0.019 -4"><span class='ocrx_word' id='word_1_710' title='bbox 1886 4705 2272 4762; x_wconf 88' lang='lat' dir='ltr'><strong>Nomocanoni.</strong></span> <span class='ocrx_word' id='word_1_711' title='bbox 2333 4700 2541 4766; x_wconf 88' lang='lat' dir='ltr'><strong>Quippe</strong></span> <span class='ocrx_word' id='word_1_712' title='bbox 2604 4701 2765 4763; x_wconf 90' lang='lat' dir='ltr'><strong>caput</strong></span> <span class='ocrx_word' id='word_1_713' title='bbox 2818 4692 2948 4746; x_wconf 91' lang='lat' dir='ltr'><strong>illud</strong></span> <span class='ocrx_word' id='word_1_714' title='bbox 3016 4689 3431 4754; x_wconf 77' lang='lat' dir='ltr'><strong>interpretantes</strong></span> 
     </span>
    </p>
   </div>
   <div class='ocr_carea' id='block_1_106' title="bbox 1885 4775 3434 4856">
    <p class='ocr_par' dir='ltr' id='par_1_106' title="bbox 1885 4775 3434 4856">
     <span class='ocr_line' id='line_1_106' title="bbox 1885 4775 3434 4856; baseline -0.019 -4"><span class='ocrx_word' id='word_1_715' title='bbox 1885 4797 2138 4856; x_wconf 76' lang='lat' dir='ltr'><strong>diximus,</strong></span> <span class='ocrx_word' id='word_1_716' title='bbox 2169 4793 2328 4845; x_wconf 84' lang='lat' dir='ltr'><strong>etiam</strong></span> <span class='ocrx_word' id='word_1_717' title='bbox 2360 4789 2531 4841; x_wconf 89' lang='lat' dir='ltr'><strong>edicto</strong></span> <span class='ocrx_word' id='word_1_718' title='bbox 2557 4781 2901 4851; x_wconf 85' lang='lat' dir='ltr'><strong>imperatorio</strong></span> <span class='ocrx_word' id='word_1_719' title='bbox 2945 4775 3271 4846; x_wconf 83' lang='lat' dir='ltr'><strong>prohibitum</strong></span> <span class='ocrx_word' id='word_1_720' title='bbox 3313 4787 3434 4825; x_wconf 86' lang='lat' dir='ltr'><strong>esse</strong></span> 
     </span>
    </p>
   </div>
   <div class='ocr_carea' id='block_1_107' title="bbox 1887 4863 3428 4944">
    <p class='ocr_par' dir='ltr' id='par_1_107' title="bbox 1887 4863 3428 4944">
     <span class='ocr_line' id='line_1_107' title="bbox 1887 4863 3428 4944; baseline -0.019 -7"><span class='ocrx_word' id='word_1_721' title='bbox 1887 4882 2308 4943; x_wconf 87' lang='lat' dir='ltr'><strong>matrimonium,</strong></span> <span class='ocrx_word' id='word_1_722' title='bbox 2341 4893 2446 4944; x_wconf 85' lang='lat' dir='ltr'><strong>quo</strong></span> <span class='ocrx_word' id='word_1_723' title='bbox 2477 4877 2543 4928; x_wconf 88' lang='lat' dir='ltr'><strong>de</strong></span> <span class='ocrx_word' id='word_1_724' title='bbox 2571 4874 2766 4940; x_wconf 81' lang='lat' dir='ltr'><strong>agitur,</strong></span> <span class='ocrx_word' id='word_1_725' title='bbox 2796 4870 2920 4922; x_wconf 88' lang='lat' dir='ltr'><strong>licet</strong></span> <span class='ocrx_word' id='word_1_726' title='bbox 2947 4867 3002 4918; x_wconf 88' lang='lat' dir='ltr'><strong>in</strong></span> <span class='ocrx_word' id='word_1_727' title='bbox 3053 4873 3170 4916; x_wconf 86' lang='lat' dir='ltr'><strong>acta</strong></span> <span class='ocrx_word' id='word_1_728' title='bbox 3202 4863 3428 4915; x_wconf 89' lang='lat' dir='ltr'><strong>relatum</strong></span> 
     </span>
    </p>
   </div>
   <div class='ocr_carea' id='block_1_108' title="bbox 1888 4951 3429 5032">
    <p class='ocr_par' dir='ltr' id='par_1_108' title="bbox 1888 4951 3429 5032">
     <span class='ocr_line' id='line_1_108' title="bbox 1888 4951 3429 5032; baseline -0.019 -5"><span class='ocrx_word' id='word_1_729' title='bbox 1888 4989 1993 5027; x_wconf 92' lang='lat' dir='ltr'><strong>non</strong></span> <span class='ocrx_word' id='word_1_730' title='bbox 2022 4973 2201 5032; x_wconf 82' lang='lat' dir='ltr'><strong>fuerit,</strong></span> <span class='ocrx_word' id='word_1_731' title='bbox 2227 4977 2278 5022; x_wconf 92' lang='lat' dir='ltr'><strong>et</strong></span> <span class='ocrx_word' id='word_1_732' title='bbox 2314 4965 2554 5018; x_wconf 87' lang='lat' dir='ltr'><strong>Ecclesia</strong></span> <span class='ocrx_word' id='word_1_733' title='bbox 2613 4958 3090 5030; x_wconf 77' lang='lat' dir='ltr'><strong>promulgationem</strong></span> <span class='ocrx_word' id='word_1_734' title='bbox 3148 4951 3264 5016; x_wconf 83' lang='lat' dir='ltr'><strong>ejus</strong></span> <span class='ocrx_word' id='word_1_735' title='bbox 3321 4962 3429 5000; x_wconf 91' lang='lat' dir='ltr'><strong>non</strong></span> 
     </span>
    </p>
   </div>
   <div class='ocr_carea' id='block_1_109' title="bbox 1889 5038 3433 5118">
    <p class='ocr_par' dir='ltr' id='par_1_109' title="bbox 1889 5038 3433 5118">
     <span class='ocr_line' id='line_1_109' title="bbox 1889 5038 3433 5118; baseline -0.017 -4"><span class='ocrx_word' id='word_1_736' title='bbox 1889 5061 2172 5115; x_wconf 73' lang='lat' dir='ltr'><strong>suSIineat.</strong></span> <span class='ocrx_word' id='word_1_737' title='bbox 2202 5055 2398 5109; x_wconf 86' lang='lat' dir='ltr'><strong>Deinde</strong></span> <span class='ocrx_word' id='word_1_738' title='bbox 2425 5052 2766 5118; x_wconf 84' lang='lat' dir='ltr'><strong>subjicimus,</strong></span> <span class='ocrx_word' id='word_1_739' title='bbox 2798 5045 2938 5114; x_wconf 88' lang='lat' dir='ltr'><strong>quod</strong></span> <span class='ocrx_word' id='word_1_740' title='bbox 2964 5057 3084 5096; x_wconf 88' lang='lat' dir='ltr'><strong>cum</strong></span> <span class='ocrx_word' id='word_1_741' title='bbox 3123 5038 3433 5092; x_wconf 82' lang='lat' dir='ltr'><strong>natationes</strong></span> 
     </span>
    </p>
   </div>
   <div class='ocr_carea' id='block_1_110' title="bbox 1889 5124 3432 5222">
    <p class='ocr_par' dir='ltr' id='par_1_110' title="bbox 1889 5124 3432 5222">
     <span class='ocr_line' id='line_1_110' title="bbox 1889 5124 3432 5222; baseline -0.021 -16"><span class='ocrx_word' id='word_1_742' title='bbox 1889 5154 2080 5222; x_wconf 66' lang='lat' dir='ltr'><strong>priscae</strong></span> <span class='ocrx_word' id='word_1_743' title='bbox 2113 5147 2477 5218; x_wconf 85' lang='lat' dir='ltr'><strong>proferuntur,</strong></span> <span class='ocrx_word' id='word_1_744' title='bbox 2512 5151 2562 5195; x_wconf 90' lang='lat' dir='ltr'><strong>et</strong></span> <span class='ocrx_word' id='word_1_745' title='bbox 2591 5138 2891 5193; x_wconf 76' lang='lat' dir='ltr'><strong>consimilia</strong></span> <span class='ocrx_word' id='word_1_746' title='bbox 2924 5133 3119 5200; x_wconf 82' lang='lat' dir='ltr'><strong>scripta</strong></span> <span class='ocrx_word' id='word_1_747' title='bbox 3175 5124 3432 5222; x_wconf 75' lang='lat' dir='ltr'><strong>ecclesia-</strong></span> 
     </span>
    </p>
   </div>
   <div class='ocr_carea' id='block_1_111' title="bbox 1887 5211 3429 5307">
    <p class='ocr_par' dir='ltr' id='par_1_111' title="bbox 1887 5211 3429 5307">
     <span class='ocr_line' id='line_1_111' title="bbox 1887 5211 3429 5307; baseline -0.02 -13"><span class='ocrx_word' id='word_1_748' title='bbox 1887 5211 2041 5302; x_wconf 76' lang='lat' dir='ltr'><strong>stica,</strong></span> <span class='ocrx_word' id='word_1_749' title='bbox 2075 5235 2454 5307; x_wconf 82' lang='lat' dir='ltr'><strong>pravissimutn</strong></span> <span class='ocrx_word' id='word_1_750' title='bbox 2487 5241 2538 5283; x_wconf 91' lang='lat' dir='ltr'><strong>ct</strong></span> <span class='ocrx_word' id='word_1_751' title='bbox 2568 5233 2679 5296; x_wconf 85' lang='lat' dir='ltr'><strong>ipsa</strong></span> <span class='ocrx_word' id='word_1_752' title='bbox 2708 5226 2932 5280; x_wconf 87' lang='lat' dir='ltr'><strong>culicem</strong></span> <span class='ocrx_word' id='word_1_753' title='bbox 2988 5215 3298 5288; x_wconf 68' lang='lat' dir='ltr'><strong>quaestionis</strong></span> <span class='ocrx_word' id='word_1_754' title='bbox 3325 5211 3429 5265; x_wconf 85' lang='lat' dir='ltr'><strong>hu-</strong></span> 
     </span>
    </p>
   </div>
   <div class='ocr_carea' id='block_1_112' title="bbox 1457 5374 2125 5433">
    <p class='ocr_par' dir='ltr' id='par_1_112' title="bbox 1457 5374 2125 5433">
     <span class='ocr_line' id='line_1_112' title="bbox 1457 5374 2125 5433; baseline -0.007 -1"><span class='ocrx_word' id='word_1_755' title='bbox 1457 5378 1683 5432; x_wconf 66' lang='lat' dir='ltr'><strong>VABIAE</strong></span> <span class='ocrx_word' id='word_1_756' title='bbox 1727 5374 2125 5433; x_wconf 74' lang='lat' dir='ltr'><strong>LECTIONES.</strong></span> 
     </span>
    </p>
   </div>
   <div class='ocr_carea' id='block_1_113' title="bbox 301 5475 824 5546">
    <p class='ocr_par' dir='ltr' id='par_1_113' title="bbox 301 5475 824 5546">
     <span class='ocr_line' id='line_1_113' title="bbox 301 5475 824 5546; baseline -0.004 -16"><span class='ocrx_word' id='word_1_757' title='bbox 301 5478 353 5509; x_wconf 83' lang='grc'><strong><em>⁸⁸</em></strong></span> <span class='ocrx_word' id='word_1_758' title='bbox 374 5475 824 5546; x_wconf 81' lang='grc' dir='ltr'>διαγραμμάτων.</span> 
     </span>
    </p>
   </div>
   <div class='ocr_carea' id='block_1_114' title="bbox 1721 5573 1950 5629">
    <p class='ocr_par' dir='ltr' id='par_1_114' title="bbox 1721 5573 1950 5629">
     <span class='ocr_line' id='line_1_114' title="bbox 1721 5573 1950 5629; baseline -0.013 0"><span class='ocrx_word' id='word_1_759' title='bbox 1721 5573 1950 5629; x_wconf 69' lang='grc' dir='ltr'><strong>ΝΟΤᾸΕ.</strong></span> 
     </span>
    </p>
   </div>
   <div class='ocr_carea' id='block_1_115' title="bbox 305 5689 1966 5768">
    <p class='ocr_par' dir='ltr' id='par_1_115' title="bbox 305 5689 1966 5768">
     <span class='ocr_line' id='line_1_115' title="bbox 305 5689 1966 5768; baseline -0.009 -12"><span class='ocrx_word' id='word_1_760' title='bbox 305 5698 418 5768; x_wconf 77' lang='grc'><strong>(66)</strong></span> <span class='ocrx_word' id='word_1_761' title='bbox 476 5697 708 5768; x_wconf 73' lang='lat' dir='ltr'><strong>Se&#39;upcr.</strong></span> <span class='ocrx_word' id='word_1_762' title='bbox 744 5697 804 5752; x_wconf 83' lang='lat'><strong>0.</strong></span> <span class='ocrx_word' id='word_1_763' title='bbox 843 5698 918 5752; x_wconf 88' lang='lat' dir='ltr'><strong>De</strong></span> <span class='ocrx_word' id='word_1_764' title='bbox 949 5714 1052 5766; x_wconf 85' lang='lat' dir='ltr'><strong>reg.</strong></span> <span class='ocrx_word' id='word_1_765' title='bbox 1079 5697 1191 5764; x_wconf 82' lang='lat' dir='ltr'><strong>jur.</strong></span> <span class='ocrx_word' id='word_1_766' title='bbox 1220 5695 1284 5749; x_wconf 86' lang='lat' dir='ltr'><strong>Et</strong></span> <span class='ocrx_word' id='word_1_767' title='bbox 1312 5695 1346 5747; x_wconf 91' lang='grc' dir='ltr'>Ι.</span> <span class='ocrx_word' id='word_1_768' title='bbox 1375 5692 1461 5747; x_wconf 60' lang='grc' dir='ltr'>ιθ..</span> <span class='ocrx_word' id='word_1_769' title='bbox 1500 5691 1557 5742; x_wconf 79' lang='lat' dir='ltr'><strong>D.</strong></span> <span class='ocrx_word' id='word_1_770' title='bbox 1594 5689 1667 5742; x_wconf 89' lang='lat' dir='ltr'><strong>De</strong></span> <span class='ocrx_word' id='word_1_771' title='bbox 1690 5690 1776 5740; x_wconf 85' lang='lat' dir='ltr'><strong>rit.</strong></span> <span class='ocrx_word' id='word_1_772' title='bbox 1821 5698 1966 5754; x_wconf 84' lang='lat' dir='ltr'><strong>nupt.</strong></span> 
     </span>
    </p>
   </div>
  </div>
