4110 6456
708 398 848 467 1063

1930 403 2210 464 THEOD.
2254 403 2728 464 BALSAMONIS

3764 402 3886 466 1066

710 526 801 594 jus
826 523 1169 593 percolantla,
1203 533 1257 578 et
1287 524 1676 592 iniquissimam
1711 526 1848 581 hanc
1879 530 2235 595 appellanda;

2285 532 2311 584 ἱ
2341 530 2506 590 οὐδεὶς
2538 529 2610 598 μὴ
2645 528 3061 600 σκαρδαμύττων
3091 528 3220 596 πρδς
3257 525 3356 594 τὴν
3390 524 3699 593 ἐνάργειαν,
3742 527 3882 577 ἐκεί*-

715 628 874 667 nemo
902 628 1050 676 sane,
1074 612 1164 681 qui
1196 617 1259 665 ad
1291 614 1585 666 evidentem
1638 616 1897 667 rationem
1935 631 2038 668 non
2071 618 2257 669 conni-

715 708 856 765 ναι,
883 701 968 753 illa
1003 701 1215 769 quidem
1244 703 1383 755 velut
1411 704 1603 755 abolita
1632 704 1923 765 damnabit,
1964 706 2253 771 praesertim

716 804 839 843 cum
868 804 966 843 nec
995 790 1202 843 sublata
1256 790 1367 843 sint
1414 790 1631 843 disertis
1689 794 1866 844 verbis
1927 806 1957 843 a
2014 794 2256 859 presenti

720 878 962 948 synodali
1018 879 1266 945 scripto;
1323 893 1441 945 quae
1490 888 1664 931 autem
1742 880 1843 931 hoc
1892 880 2254 939 continentur,

720 968 941 1020 canonis
970 974 1022 1019 et
1072 967 1330 1035 legalibus
1397 968 1655 1022 doctrinis
1713 968 2031 1035 exequabit.
2078 967 2260 1033 Itaque

721 1055 1021 1121 respiciens
1070 1055 1122 1107 in
1182 1063 1452 1107 auctorem
1504 1065 1555 1108 et
1605 1068 2093 1112 consummatorem
2138 1058 2257 1111 tldei

721 1152 937 1207 nostrae,
978 1143 1259 1196 Dominum
1288 1158 1350 1197 ac
1398 1143 1562 1197 Deum
1618 1157 1856 1200 nostrum
1908 1146 2258 1201 JesdmChri~

721 1240 883 1293 stum,
923 1244 1109 1281 rursus
1159 1230 1285 1281 aio:
1324 1230 1465 1297 quod
1500 1246 1617 1283 cum
1647 1248 1870 1301 magnus
1918 1234 2007 1286 ille
2066 1234 2259 1286 Paulus

723 1319 887 1383 dicat,
917 1320 1103 1374 Mulier
1126 1323 1354 1389 corporis
1399 1324 1479 1375 sui
1535 1333 1837 1389 potestatem
1890 1341 1991 1376 non
2065 1326 2245 1386 habet,

723 1410 813 1462 sed
838 1410 1057 1461 maritus
1093 1426 1109 1461 ε
1138 1426 1198 1461 σε
1216 1412 1458 1461 similiter
1482 1412 1699 1462 maritus
1724 1420 2026 1475 potestatem
2076 1427 2257 1477 corpo-

723 1498 798 1549 ris
822 1498 901 1549 sui
928 1513 1028 1549 non
1054 1498 1223 1562 habet,
1250 1498 1336 1549 sed
1366 1514 1495 1549 uxor
1523 1515 1539 1550 :
1602 1498 1893 1566 itidemque
1943 1514 2062 1552 cum
2117 1500 2259 1553 sacri

726 1596 961 1635 canones
991 1592 1043 1635 et
1075 1585 1202 1635 tomi
1254 1598 1373 1636 cum
1403 1584 1562 1636 vidua
1591 1585 1929 1637 matrimonio
1954 1586 2257 1653 copulatum

727 1684 825 1736 pro
846 1671 1055 1737 digamo
1083 1671 1364 1733 habentes,
1392 1672 1455 1724 ad
1494 1674 1714 1741 gradum
1746 1674 1974 1740 aliquem
2010 1675 2259 1727 ecclesia-

726 1758 917 1809 sticum
955 1759 1229 1825 pervenire
1259 1774 1361 1811 non
1412 1761 1589 1812 sinant
1618 1776 1632 1812 :
1661 1775 1720 1813 ac
1756 1776 1820 1813 ne
1842 1760 2079 1813 defuncti
2136 1762 2260 1828 qui-

732 1844 852 1897 dem
906 1846 1200 1900 sacerdotis
1249 1848 1530 1915 conjugem
1595 1848 1658 1900 ad
1709 1848 1973 1902 secundas
2033 1851 2264 1905 transire

2355 636 2457 669 νων
2514 622 2608 685 μὲν
2658 618 3068 686 καταψηφιεῖται
3118 615 3342 683 σχολὴν,
3396 615 3489 666 καὶ
3531 615 3702 665 ταῦτα
3752 615 3879 684 μηδι

2355 708 2738 774 ἀναιρεθέντων
2794 707 2969 775 ῥητῶς
3024 706 3124 757 ὑπὸ
3163 704 3253 755 τοῦ
3308 706 3570 772 παρόντος
3606 704 3880 755 συνοδικοῦ

2358 811 2419 861 ση
2432 794 2762 860 μειώματοςο
2792 796 2858 844 τὰ
2881 793 2935 843 δι
2966 794 3021 844 ἐν
3050 793 3220 859 τούτῳ
3268 794 3647 860 περιεχόμενα,
3681 808 3886 843 κανονι-

2357 884 2466 941 κοίς
2494 882 2582 932 καὶ
2610 882 2854 948 νομίμοις
2882 880 3127 943 έξισώσει
3152 881 3489 949 διδάγμασιν.
3528 880 3769 947 ’Δφορῶν
3798 877 3885 933 οὖν

2356 970 2431 1028 εἰς
2461 969 2548 1018 τὸν
2576 971 2670 1035 τῆς
2711 970 2940 1029 πίστεως
2986 969 3222 1036 ἀρχηγὸν
3246 969 3336 1019 καὶ
3369 968 3657 1035 τελειωτὴν
3690 968 3886 1034 Κύριον

2356 1056 2450 1106 καὶ
2496 1054 2625 1105 Θεὸν
2666 1055 2821 1121 ἡμῶν
2874 1056 3077 1122 Ἰησοῦν
3118 1056 3366 1123 Χριστὸν,
3398 1056 3540 1120 λέγω
3568 1058 3659 1107 καὶ
3699 1055 3882 1117 αὖθις·

2357 1142 2431 1202 ὡς
2456 1143 2571 1193 ἐπεὶ
2602 1144 2629 1192 ό
2653 1142 2819 1209 μέγας
2854 1143 3059 1202 Παῦλός
3110 1158 3291 1208 φησιν’
3334 1144 3393 1194 Ἠ
3424 1142 3575 1209 γυνή
3613 1142 3716 1194 τοῦ
3739 1142 3887 1194 ιδίου

2356 1227 2620 1293 σώματος
2653 1229 2760 1278 οὐκ
2789 1227 3129 1288 ἐξουσιάζει,
3153 1228 3287 1279 ἀλλ’
3320 1231 3352 1280 ό
3379 1230 3528 1293 ἀνήρ
3548 1243 3561 1257 ⁸
3590 1229 3799 1293 ὁμοίως
3826 1227 3890 1279 δέ

2358 1316 2450 1367 καί
2480 1318 2511 1367 ό
2544 1314 2695 1380 ἀνὴρ
2751 1314 2854 1366 τοῦ
2903 1313 3049 1367 ίδίου
3074 1314 3341 1381 σώματος
3386 1317 3496 1367 οὐκ
3545 1314 3887 1376 ἐξουσιάζει,

2357 1402 2489 1456 ἀλλ’
2528 1402 2563 1467 ή
2607 1402 2780 1469 γυνή.
2831 1403 2893 1453 Οί
2929 1402 2983 1453 δέ
3033 1401 3163 1452 θεῖοι
3203 1402 3295 1453 καὶ
3347 1402 3478 1468 ἱεροὶ
3534 1402 3751 1463 κανόνες
3802 1402 3890 1453 καὶ

2358 1491 2508 1558 τόμοι
2548 1491 2635 1541 τὸν
2675 1490 2809 1558 μετὰ
2838 1491 3007 1558 χήρας
3042 1490 3291 1558 γαμικῶς
3316 1490 3646 1555 συναφθέντα
3678 1490 3883 1556 λογιζό-

2362 1600 2507 1651 μενοι
2539 1582 2785 1648 δίγαμίον,
2833 1583 2910 1642 είς
2944 1581 3393 1649 ἐκκλησιαστικὸν
3426 1580 3631 1648 βαθμὸν
3668 1582 3768 1633 οὐκ
3800 1582 3890 1633 εὑ-

2358 1671 2599 1722 δοκοῦσιν
2646 1672 2835 1730 έλθεϊν,
2890 1671 3001 1722 ἀλλ’
3054 1672 3171 1722 οὐδὲ
3220 1672 3315 1740 τὴν
3355 1673 3445 1724 τοῦ
3482 1673 3890 1741 τελευτήσαντος

2364 1759 2549 1825 ίερέως
2616 1758 2875 1825 ὀμόζυγον
2957 1760 3419 1828 δευτερογαμῆσαι
3486 1760 3890 1829 παραχωροῦσι,

2364 1846 2577 1905 πάντως
2625 1845 2711 1896 διὰ
2763 1845 2860 1913 τὴν
2912 1846 3211 1915 ταυτότητα
3241 1847 3345 1897 τῶν
3404 1849 3669 1914 σωμάτων
3698 1847 3891 1911 αὐτῶν,

728 1932 944 2000 nuptias
976 1935 1307 2001 permittant,
1340 1936 1497 2003 idque
1530 1938 1748 1989 omnino
1809 1946 2025 2003 propter
2074 1940 2257 1992 identi-

2364 1930 2540 1993 καθὼς
2569 1934 2633 1983 τὰ
2668 1934 2794 2000 περὶ
2849 1932 3035 1985 τούτου
3089 1933 3411 2002 παρίσταται
3453 1935 3515 1986 ὲκ
3560 1935 3652 1987 τοῦ
3697 1935 3774 1987 λα’
3802 1935 3891 1988 καὶ

728 2027 889 2072 tatem
912 2035 1191 2088 corporum
1217 2024 1473 2089 ipsorum,
1502 2024 1951 2091 quemadmodum
1979 2027 2261 2080 manifesto

731 2106 899 2174 liquet
949 2122 1013 2159 ex
1052 2123 1176 2161 nxt
1218 2117 1269 2163 et
1335 2125 1479 2162 nm
1532 2112 1703 2178 capite
1758 2114 1893 2165 tituli
1936 2114 2089 2181 primi
2139 2114 2258 2167 libri

733 2196 798 2248 Ill
842 2196 1211 2263 Basilicarum,
1265 2210 1317 2252 et
1391 2216 1512 2254 xuv
1570 2216 1775 2255 canone
1829 2205 1997 2256 sancti
2061 2204 2263 2268 Basilii,

730 2284 883 2350 cujus
906 2286 959 2337 in
990 2288 1090 2339 nne
1116 2287 1334 2351 dicitur,
1376 2288 1483 2343 Nos
1526 2291 1765 2344 diaconze
1812 2306 2029 2360 corpus,
2094 2294 2259 2346 veluti

735 2385 856 2437 quae
886 2382 1193 2425 consecrata
1235 2376 1412 2438 fuerit,
1447 2392 1551 2430 non
1592 2380 1819 2447 amplius
1847 2381 1899 2433 in
1929 2394 2027 2434 usu
2056 2383 2257 2433 carnali

732 2472 852 2511 esse
878 2462 1277 2526 permittimus:
1330 2466 1573 2531 equidem
1624 2467 1807 2534 judico
1868 2470 2183 2523 canonicmn
2210 2479 2262 2523 et

733 2545 1024 2611 legitimum
1060 2563 1197 2610 esse,
1233 2559 1289 2601 ut
1338 2555 1652 2607 auctoritate
1692 2558 2039 2624 prohibeatur
2089 2561 2264 2613 eccle-

733 2634 971 2696 siastica,
1004 2639 1289 2703 quominus
1321 2655 1461 2692 unus
1486 2648 1539 2693 et
1587 2641 1723 2695 idem
1770 2644 1977 2699 duabus
2027 2647 2264 2701 sobrinis

736 2724 1032 2789 cupuIetur,
1065 2740 1126 2778 ac
1177 2728 1293 2780 vice
1343 2744 1542 2783 versa:
1602 2732 1753 2798 sique
1805 2734 1938 2787 clam
2000 2736 2260 2802 ejusmodi

734 2810 862 2877 quid
900 2811 1095 2863 factum
1130 2813 1309 2875 fuerit,
1346 2815 1411 2869 de
1446 2819 1707 2871 industria
1741 2820 2043 2887 dirimatur,
2100 2826 2262 2879 etin-

737 2898 1061 2952 terveniente
1116 2915 1268 2966 ρει-ηε
1304 2906 1621 2970 corrigatur.

1343 3011 1641 3066 EIUSDEM

737 3112 971 3180 Ερῖειοία
1007 3122 1068 3171 de
1092 3120 1335 3192 incensis,
1364 3139 1477 3190 qua:
1510 3141 1539 3176 a
1573 3127 1875 3192 patriarcha
1925 3130 2045 3183 dari
2092 3131 2259 3185 solent

1062 3203 1119 3237 es
1151 3189 1233 3240 die
1253 3206 1351 3256 quo
1378 3189 1670 3246 ’catechesia
1698 3195 1931 3250 habetur.

803 3332 882 3387 Tu
913 3336 1148 3403 quidem,
1182 3337 1495 3394 charissime
1524 3340 1620 3404 illi,
1659 3344 2039 3411 gloriosissime
2069 3349 2256 3414 judex,

735 3430 787 3473 et
812 3424 1058 3490 praefecte
1108 3425 1478 3492 jndiciorum,
1537 3444 1657 3482 cum
1717 3430 1912 3487 Davide
1987 3436 2255 3501 psallens:

735 3508 1003 3579 Interroga
1032 3523 1231 3579 patrem
1264 3524 1432 3577 tuum,
1463 3532 1523 3570 ac
1562 3520 1703 3573 dicet
1753 3522 1843 3574 tibi
1871 3540 1885 3588 ;
1918 3526 2156 3579 seniores
2188 3537 2259 3590 te,

738 3612 800 3649 ac
822 3600 1201 3651 remmtiabunt
1229 3602 1322 3653 tibi
1349 3618 1363 3664 ;
1410 3616 1551 3657 recte
1590 3620 1909 3674 cognoscere
1924 3590 2167 3679 cupivisti
2195 3629 2258 3668 ex

737 3686 908 3748 nobis,
949 3700 1052 3753 qua
1081 3686 1144 3739 de
1174 3701 1332 3741 causa
1356 3691 1469 3743 dari
1498 3696 1692 3760 populo
1714 3698 1919 3751 soleant
1948 3714 1976 3751 a
2001 3702 2261 3770 cujusque

738 3774 995 3838 temporis
1050 3776 1401 3830 sanctissimis
1458 3782 1776 3846 patriarchis
1834 3786 2081 3851 incensa,
2140 3800 2261 3857 post

737 3858 969 3911 habitam
1030 3864 1357 3919 catecliesin.
1408 3866 1516 3935 Ego
1579 3886 1703 3924 vero
1770 3872 1911 3928 faces
1963 3875 2262 3934 aﬂlictionis

737 3944 987 4000 hauriens
1022 3948 1075 4000 in
1104 3950 1311 4014 exsilio,
1343 3956 1635 4008 cunctabar
1670 3958 1926 4015 hactenus
1954 3962 2004 4014 in
2038 3980 2261 4031 respon-

736 4035 929 4088 dendo.
982 4036 1085 4089 Sed
1136 4041 1387 4105 quoniam
1443 4044 1622 4099 cuivis
1678 4051 1893 4114 petenti,
1943 4059 1995 4103 et
2054 4068 2260 4121 semper

737 4122 970 4188 quidem,
1024 4133 1130 4177 tam
1192 4128 1395 4195 lingua,
1454 4147 1613 4198 quam
1680 4151 1836 4190 manu
1890 4140 2018 4193 dare
2071 4142 2261 4197 debere

736 4210 935 4277 didici,
988 4213 1099 4267 hac
1144 4215 1210 4267 ad
1266 4218 1735 4290 interrogationem
1779 4240 1842 4279 ex
1904 4235 2139 4297 tempore
2180 4246 2263 4285 re-

736 4300 993 4366 spondeo.

806 4387 1167 4441 Celsissimam
1228 4404 1505 4445 sacrorum
1582 4395 1959 4464 imperatorum
2032 4404 2264 4458 circum-

738 4475 1088 4540 spectionem,
1120 4486 1173 4531 et
1198 4482 1630 4546 patriarcharum
1667 4488 2095 4555 amplitudinem,
2126 4495 2264 4547 inter

737 4561 839 4612 alia
895 4561 1184 4619 reddebant
1238 4568 1365 4621 olim
1424 4574 1784 4637 augustiorem
1838 4577 2002 4629 etiam
2074 4594 2263 4634 annum

737 4662 895 4717 roga,
957 4666 1020 4705 ac
1070 4652 1310 4708 baiorum
1347 4658 1677 4726 largitiones.
1728 4660 1935 4731 Quippe
2005 4667 2263 4722 sedebant

738 4736 894 4789 annis
940 4737 1164 4806 singulis
1214 4742 1475 4812 cujusque
1534 4748 1789 4815 temporis
1843 4752 2155 4819 patriarchae
2201 4770 2262 4809 ac

739 4821 1105 4891 imperatores,
1166 4835 1220 4880 et
1252 4845 1344 4896 per
1393 4832 1504 4885 haec
1544 4835 1788 4891 subditos
1828 4838 1893 4891 ad
1939 4838 2261 4894 benevolen-

740 4910 866 4961 tiam
917 4914 1231 4967 invitabant.
1260 4915 1413 4970 Novit
1468 4921 1567 4974 hoc
1594 4932 1801 4987 patrum
1832 4929 2259 4994 conscriptorum

742 4998 1103 5064 amplissimus
1127 5003 1279 5066 ordo,
1311 5018 1371 5055 ac
1420 5006 1663 5063 fortassis
1693 5013 1849 5062 etiam
1879 5014 2137 5075 nonnulli,
2168 5017 2260 5083 qui

742 5083 843 5139 hac
871 5096 1026 5141 atate
1076 5100 1256 5143 nostra
1299 5091 1503 5144 vivunt.
1530 5094 1647 5147 Non
1687 5098 1825 5149 enim
1860 5108 1981 5152 ante
2024 5108 2260 5167 tempora

743 5172 975 5228 Euclidis
1029 5178 1231 5241 prodita
1278 5187 1403 5233 sunt
1463 5184 1655 5247 gerris,
1714 5198 1809 5237 nec
1880 5188 2259 5239 somniantium

744 5264 1037 5315 vetnlarum
1083 5264 1285 5318 fabellas
1336 5277 1460 5320 sunt
1494 5287 1507 5321 :
1554 5272 1643 5323 scd
1680 5288 1847 5339 usque
1878 5273 1940 5324 ad
1982 5276 2259 5342 imperium

744 5350 944 5403 domini
994 5350 1328 5407 Constantini
1385 5356 1537 5411 Ducas
1595 5358 1805 5411 duravit
1860 5372 2113 5428 angustus
2176 5367 2262 5417 ille

748 5454 864 5491 mos
891 5450 997 5491 tam
1051 5442 1103 5493 in
1131 5443 1298 5506 ipsius
1335 5442 1443 5506 Dei,
1480 5462 1636 5510 quam
1690 5448 2065 5515 imperatorum
2098 5456 2259 5517 regia,

746 5534 799 5579 et
830 5530 1049 5581 omnino
1082 5530 1275 5583 bonum
1307 5531 1405 5584 hoc
1446 5533 1509 5584 ad
1551 5548 1647 5587 nos
1678 5549 1887 5602 quoque
1918 5546 2258 5604 propagatum

749 5616 864 5679 luit,
920 5633 948 5670 a
996 5620 1285 5682 majoribus
1334 5621 1397 5672 ad
1446 5630 1684 5687 nepotes,
1729 5638 1755 5675 a
1811 5629 2150 5692 generatione
2196 5625 2259 5678 ad

2361 2020 2437 2088 λβ¹
2469 2020 2781 2087 κεφαλαίου,
2825 2021 2917 2073 τοῦ
2976 2020 3187 2090 πρώτου
3223 2023 3421 2085 τίτλου,
3472 2023 3565 2075 τοῦ
3617 2029 3667 2088 γ’
3696 2023 3891 2092 βιϐλίου

2361 2112 2467 2163 τῶν
2499 2110 2812 2175 Βασιλικῶν,
2843 2113 2933 2163 καὶ
2967 2113 3056 2164 τοῦ
3092 2113 3171 2179 μδ¹
3208 2114 3426 2175 κανόνος
3460 2113 3552 2164 τοῦ
3597 2115 3751 2180 ἁγίου
3786 2116 3890 2166 Βα-

2364 2200 2579 2261 σιλείου,
2631 2199 2872 2265 λέγοντος
2924 2201 3050 2269 περὶ
3093 2201 3151 2251 τὸ
3203 2200 3371 2262 τέλος*
3433 2202 3621 2269 Ἡμεῖς
3664 2198 3755 2253 οὖν
3799 2204 3892 2270 τῆς

2361 2287 2603 2339 διακόνου
2630 2288 2686 2339 τὸ
2717 2288 2891 2355 σῶμα,
2911 2288 2984 2349 ὡς
3015 2288 3443 2357 καθιερωμένης,
3474 2290 3653 2342 οὐκέτι
3684 2291 3896 2360 έπιτρέ·

2363 2390 2531 2441 πομεν
2572 2378 2626 2425 έν
2668 2378 2852 2444 χρήσει
2886 2373 3023 2427 εἶναι
3074 2380 3334 2445 σαρκικῇ”
3369 2378 3707 2443 διαγινώσκω
3737 2396 3893 2429 κανο-

2360 2464 2504 2514 νικὸν
2554 2459 2690 2516 εἶναι
2740 2465 2828 2515 καὶ
2870 2466 3115 2532 νόμιμον,
3179 2466 3237 2516 τὸ
3293 2466 3425 2533 μετὰ
3483 2466 3762 2527 αὑθεντίας
3800 2469 3893 2517 έκο

2361 2552 2742 2618 κλησιαστικῆς
2792 2552 3086 2605 κωλύεσθαι
3134 2554 3223 2604 τὸν
3277 2554 3434 2605 αὑτὸν
3492 2556 3585 2607 καὶ
3639 2556 3732 2605 ἱνα
3775 2556 3895 2605 δυσὶ

2358 2639 2750 2706 δισεξαδέλφαις
2790 2642 3144 2693 συνάπτεσθαι
3171 2682 3185 2705 ,
3240 2644 3330 2693 καὶ
3375 2644 3434 2693 τό
3473 2643 3762 2695 ἀνάπαλιν·
3799 2646 3894 2695 καὶ

2363 2727 2409 2776 εί
2438 2726 2582 2777 λάθοι
2606 2728 2849 2792 γενέσθαι
2877 2728 3110 2779 τοιοῦτόν
3133 2746 3203 2788 τι,
3233 2732 3526 2791 σπουδαίως
3545 2733 3891 2796 διασπᾶσθαι,

2366 2814 2455 2863 καὶ
2484 2815 2595 2880 μετ’
2619 2814 2885 2882 έπιτιμίου
2912 2814 3261 2882 διορθοῦσθαι.

2926 3006 3059 3056 ΤΟΥ
3096 3007 3321 3058 ΑΥΤΟΥ

2376 3112 2717 3187 Ἐπιστολὴ,
2770 3114 2959 3187 χάρινΔ
2992 3115 3106 3167 τῶν
3139 3116 3456 3187 διδομένων
3517 3118 3893 3187 θυμιαμάτων

2430 3180 2584 3245 παρὰ
2610 3182 2717 3255 tot?
2754 3184 3131 3251 πατριάρχου,
3173 3180 3317 3237 κατὰ
3362 3185 3474 3251 τὴν
3517 3180 3737 3254 ἠῄέρᾰν
3783 3188 3895 3255 τῆς

2429 3250 2828 3315 κατηχήσεως.

2430 3338 2499 3389 Σὺ
2580 3338 2697 3405 μὲν,
2773 3337 3090 3404 τριπόθητον
3168 3339 3371 3404 τέκνον,
3431 3342 3877 3410 μεγαλοδοξότατε

2360 3424 2535 3495 κριτὰ,
2595 3426 2685 3475 καὶ⁵
2731 3424 2848 3491 έπὶ,
2878 3423 2983 3474 τῶν
3038 3426 3266 3492 κρίσεων
3298 3467 3312 3491 ,
3363 3428 3572 3494 ψάλλων
3620 3433 3756 3497 μετὰ
3789 3433 3883 3484 τοῦ

2362 3514 2699 3581 θεοπάτορος,
2773 3512 3070 3583 Ἐρὼτησον
3116 3518 3207 3567 τὸν
3251 3515 3455 3583 πατέρα
3506 3533 3618 3575 σου,
3658 3520 3747 3570 καὶ
3780 3523 3897 3587 ipsi

2363 3616 2461 3660 σοι,
2493 3601 2613 3660 τοὺς
2660 3600 3051 3668 πρεσϐυτέρους
3106 3618 3195 3653 σου
3245 3605 3335 3654 καὶ
3367 3606 3728 3671 ἀπαγγελοῦσι
3781 3624 3891 3659 σοι·

2362 3688 2535 3748 καλῶς
2570 3689 2829 3756 έζήτησας
2858 3689 3044 3755 μαθεῖν
3073 3689 3131 3753 ἐξ
3158 3690 3332 3759 ἡμῶν,
3363 3693 3499 3749 τινος
3523 3696 3677 3763 χάριν
3722 3697 3897 3748 δίδον·

2359 3793 2446 3828 ται
2474 3777 2549 3843 τῷ
2574 3776 2684 3845 λαῷ
2715 3778 2859 3843 παρὰ
2883 3777 2989 3829 τῶν
3025 3778 3159 3831 κατὰ
3188 3782 3405 3849 καιροὺς
3445 3784 3762 3848 ἁγιωτάτων
3791 3802 3897 3837 πα-

2359 3866 2627 3933 τριαρχῶν
2680 3866 2813 3935 μετὰ
2865 3866 2961 3936 τὴν
3011 3868 3299 3936 κατήχησιν
3356 3868 3687 3938 θυμιάματα.
3756 3875 3899 3941 Ἐγὼ

2360 3953 2414 4004 si
2445 3954 2607 4005 πίνων
2627 3956 2847 4022 τρυγίαν
2872 3954 3095 4022 θλίψεως
3138 3956 3437 4025 ὑπερόριον,
3495 3958 3697 4010 ὤκνουν
3760 3964 3898 4027 πρὸς

2361 4043 2454 4110 τὴν
2478 4044 2782 4111 ἀπόκρισιν.
2839 4044 2987 4095 Ἐπεὶ
3039 4045 3093 4095 δὲ
3145 4044 3302 4097 παντὶ
3358 4046 3433 4113 τῷ
3485 4047 3738 4111 αίτοῦντι,
3800 4051 3900 4103 καὶ

2363 4133 2605 4193 πάντοτε,
2643 4131 2736 4183 καὶ
2760 4132 2968 4204 γλώττῃ
3000 4134 3091 4184 καὶ
3116 4134 3256 4202 χειρὶ
3277 4135 3503 4201 ὀφείλειν
3555 4136 3749 4187 διδόναι
3796 4155 3899 4204 με.

2364 4220 2599 4289 paena,
2631 4221 2884 4289 σχεδιάζω
2906 4238 2986 4273 σοι
3021 4220 3187 4274 ταῦτα
3222 4222 3353 4290 πρὸς
3389 4223 3482 4291 τὴν
3512 4224 3799 4291 έρὼτησιν.

2285 4388 2334 4445 Ι)
2427 4400 2533 4466 Τὴν
2559 4399 2887 4468 ὑψηλοτάτην
2910 4400 3014 4451 τῶν
3043 4398 3198 4451 θείων
3237 4399 3647 4466 αὐτοκρατόρων
3695 4416 3899 4466 neptu-

2364 4487 2485 4555 πὴν,
2522 4487 2739 4538 καὶτῶν
2768 4486 3113 4555 πατριαρχῶν
3150 4490 3247 4552 τὴν
3302 4487 3713 4554 μεγαλειότητα,
3756 4491 3897 4557 μετά

2360 4574 2465 4623 τῶν
2504 4572 2671 4625 ἄλλων
2717 4573 2970 4640 έσέμνουν
3010 4575 3102 4623 καὶ
3155 4574 3356 4638 έτήσιοι
3409 4574 3559 4640 ρόγαι
3612 4576 3763 4636 ποτέ,
3802 4578 3897 4627 καὶ

2364 4665 2528 4732 βαῖων
2581 4664 3002 4732 φιλοτιμήματα.
3067 4661 3354 4729 Ἐκάθηντο
3408 4664 3513 4729 γὰρ
3570 4663 3801 4729 έτησίως
3846 4665 3897 4716 οι

2360 4752 2498 4803 κατά
2518 4752 2732 4818 καιροὺς
2759 4751 3087 4820 πατριάρχαι
3105 4749 3195 4799 καὶ
3233 4748 3485 4815 βασιλεῖς,
3534 4749 3627 4800 καὶ
3661 4767 3897 4817 μετεκα-

2358 4836 2543 4887 λοῦντο
2574 4838 2696 4898 τοὺς
2758 4837 3027 4905 ὑπηκόους
3064 4834 3151 4887 διὰ
3203 4834 3400 4886 τούτων
3466 4836 3600 4904 πρὸς
3656 4836 3894 4891 εὔνοιαν,

2361 4920 2477 4976 Οἵδε
2503 4923 2668 4975 ταῦτα
2686 4924 2781 4985 τῆς
2806 4924 3097 4991 συγκλήτου
3129 4922 3315 4991 βουλῆς
3337 4924 3394 4973 τὸ
3429 4923 3743 4991 ὑπέρτατον,
3763 4926 3895 4988 ἴσως

2358 5013 2411 5063 δὲ
2440 5014 2531 5063 καί
2557 5029 2698 5074 τινες
2726 5013 2831 5063 τῶν
2851 5014 2947 5081 τῆς
2974 5012 3090 5064 καθ’
3140 5014 3284 5081 ἡμᾶς
3330 5015 3539 5078 γενεᾶς.
3590 5015 3723 5065 Οὐδὲ
3753 5018 3894 5084 ’γὰρ

2363 5100 2459 5164 πρὸ
2549 5099 2825 5150 Εὐκλείδου
2879 5099 3361 5166 μεμυθολόγηνται,
3436 5098 3552 5151 οὐδὲ
3628 5102 3893 5167 γραῖδεων

2360 5188 2502 5238 ἐστὶν
2533 5185 3004 5255 όνειροπολούντων
3044 5186 3333 5253 λογὺδρια’
3391 5187 3523 5237 ἀλλὰ
3576 5188 3738 5255 μέχρι
3790 5185 3896 5255 τῆς

2362 5274 2631 5342 βασιλείας
2662 5274 2752 5325 τοῦ
2786 5274 2959 5325 Δούκα
2989 5273 3152 5341 κυροῦ
3182 5276 3579 5325 Κωνσταντίνου
3623 5276 3716 5326 καὶ
3755 5277 3894 5326 ταύο

2358 5378 2457 5429 την
2484 5357 2623 5428 εἶχον
2662 5361 2755 5428 τὴν
2779 5361 3205 5429 σεμνοπρέπειαν
3233 5362 3297 5411 τὰ
3318 5361 3409 5411 τοῦ
3440 5360 3573 5411 Θεοῦ
3639 5362 3731 5411 καὶ
3784 5363 3897 5413 τῶν

2363 5451 2620 5519 βασιλέων
2651 5452 2940 5515 ἀνάκτορα,
2970 5452 3057 5500 καὶ
3082 5449 3293 5509 πάντως
3327 5449 3542 5513 γέγονεν
3561 5448 3703 5500 ams
3732 5450 3897 5501 καλὸν

2363 5539 2496 5603 πρὸς
2520 5539 2663 5603 ἡμᾶς
2700 5536 3083 5602 διαδόσιμονὲκ
3107 5536 3379 5603 προγόνων
3416 5536 3493 5597 είς
3524 5536 3739 5595 παῖδας,
3802 5538 3898 5587 καὶ

2360 5626 2423 5677 lat
2451 5625 2617 5692 φυλῆς
2656 5628 2727 5685 si;
2758 5625 2923 5691 φυλὴν
2970 5625 3415 5692 πτερυςσόμενον.
3462 5624 3521 5675 Ei
3571 5625 3639 5687 δ’,
3663 5626 3802 5689 ὅπερ
3831 5624 3895 5675 οὐ
