4110 6474
277 394 426 458 1065

1689 412 1796 472 ΜΕ
1809 416 2093 476 DiTA'l'A.

3350 429 3364 487 l
3379 431 3481 490 066

271 523 600 590 πέπεισμαι,
622 524 713 575 καὶ
737 525 891 577 τοῦτο
920 527 1084 596 λήθης
1109 530 1253 600 βυθῷ
1285 536 1820 605 κατακέχωσται,καὶ

1933 549 2321 615 generationem
2370 551 2660 604 transiens.
2702 551 2817 614 Sin,
2870 553 3011 620 quod
3061 554 3306 620 equidem
3369 570 3477 608 non

272 612 588 674 Κασταλίας
620 612 758 682 ὕδωρ
781 616 1098 684 εὐχάριστον
1135 620 1244 670 τῶν
1299 623 1421 674 τότε
1486 629 1830 694 κρατούντων

269 699 331 750 οὗ
356 700 617 770 κηρύττει
645 702 742 770 τὴν
777 705 1046 771 πρόνοιαν,
1086 707 1218 760 ἀλλὰ
1279 711 1586 782 μεμὸράναι
1641 717 1832 785 βίϐλων

274 788 585 857 ιστορικῶν,
619 792 708 844 καὶ
771 796 1081 861 συγγραφαὶ
1133 800 1410 851 τακτικῶν
1460 804 1835 873 ἁνακτορικῶν

272 876 628 944 κεκράξονται
665 882 804 932 κατὰ
842 881 1126 952 Στέντορα.
1161 886 1268 938 Καὶ
1294 889 1356 941 σὺ
1395 890 1450 941 δὲ
1483 898 1682 956 παντὸς
1705 912 1835 948 συν-

268 965 549 1034 τάγματος
572 967 789 1034 λογικοῦ
835 971 1002 1024 τελῶν
1065 974 1350 1044 ὑφηγητὴς
1398 981 1830 1050 νουνεχέστατος,

270 1055 378 1108 κάν
413 1059 583 1124 τούτῳ
608 1060 686 1125 τῷ
705 1062 978 1130 σπουδαίῳ
1018 1063 1362 1134 προϐλήματι
1421 1070 1832 1142 πλεονεκτήσεις

276 1143 526 1206 πολλοὺς,
558 1147 651 1198 καί
684 1164 772 1215 μοι
800 1149 1158 1219 σνλλαλήσεις
1172 1153 1249 1221 τῷ
1279 1156 1519 1224 γέροντι.
1565 1160 1721 1212 Ἀλλὰ
1739 1163 1834 1216 καὶ

271 1233 368 1285 τοῦ
398 1233 654 1302 βασιλέως
684 1238 851 1305 κυροῦ
902 1241 1311 1296 Κωνσταντίνου
1360 1247 1450 1298 τοῦ
1513 1250 1832 1320 Μονομάχου

271 1324 343 1376 τὰ
383 1325 790 1382 θεσπεσιώτατα
829 1329 1197 1400 διατάγματα,
1245 1334 1317 1387 τὰ
1358 1337 1833 1411 τελεσφορήσαντα

271 1415 340 1467 τὰ
393 1416 622 1486 όφφίκια
652 1419 744 1471 τοῦ
773 1419 990 1473 ἐπὶτῶν
1023 1423 1277 1489 κρίσεων,
1318 1428 1408 1479 καὶ
1439 1428 1531 1480 τοῦ
1594 1432 1832 1500 νομοφύ-

270 1503 933 1578 λακος,καὶδιοριζόμενα
962 1510 1184 1572 τούτους
1245 1514 1472 1582 ἑτησίως
1534 1521 1670 1587 μετὰ
1739 1522 1834 1574 καὶ

270 1593 448 1647 ἄλλων
471 1597 676 1648 πολλῶν
701 1599 1071 1667 ἀποφέρεσθαι
1096 1603 1254 1670 χάριν
1285 1605 1447 1672 ρόγας
1477 1607 1579 1661 ἀνὰ
1612 1614 1829 1680 χρυσίου

267 1685 491 1755 τοσήνδε
515 1689 806 1756 ποσότητα,
838 1690 929 1740 καλ⁵
971 1691 1038 1742 τὰ
1073 1692 1274 1759 συνήθη
1330 1694 1477 1762 βαΐα,
1537 1699 1635 1750 οὐκ
1695 1703 1830 1752 εἰσὶν

267 1773 326 1822 ἐν
368 1771 444 1841 τῷ
469 1773 699 1842 οὐρανῷ,
722 1776 841 1827 οὐδὲ
870 1776 1041 1845 πέραν
1065 1777 1357 1847 θαλάσσης,
1398 1782 1482 1842 ἵνα
1539 1801 1622 1846 τις
1678 1787 1826 1857 sing,

267 1858 363 1920 Τίς
396 1858 564 1912 ταῦτα
591 1863 942 1929 μετακομίσει
974 1881 1097 1930 μοι,
1132 1866 1286 1934 Παρὰ
1317 1867 1372 1919 δὲ
1421 1873 1486 1938 τῇ
1531 1873 1670 1938 χειρί
1716 1849 1828 1939 σου,
1865 1849 1907 1904 Β

266 1947 362 1998 καὶ
385 1949 450 2017 τῇ
476 1948 668 2017 καρδίᾳ
701 1965 816 2010 σου,
875 1951 964 2002 καὶ
1010 1950 1086 2019 τῷ
1134 1953 1358 2021 στόματί
1405 1955 1496 2007 σού
1555 1960 1678 2009 εἰσι.
1727 1960 1832 2011 Καὶ

264 2034 484 2096 πάντως
515 2037 952 2105 γνωμολογήσεις
991 2039 1055 2090 ὲκ
1119 2039 1321 2092 τούτων
1370 2044 1462 2094 τοῦ
1511 2046 1832 2114 πράγματος

261 2125 363 2193 τὴν
402 2124 679 2194 ἀλήθειαν.
711 2127 831 2178 Τῶν
863 2131 994 2193 γοῦν
1013 2127 1274 2196 βασιλέων
1301 2131 1391 2184 καὶ
1422 2132 1528 2185 τῶν
1560 2150 1830 2204 πατριαρ-

262 2216 376 2284 χῶν
413 2218 881 2286 μεγαλυνομένων,
913 2219 988 2281 ὡς
1016 2219 1253 2290 εἴρηται,
1305 2222 1391 2275 διὰ
1420 2225 1526 2276 τῶν
1560 2225 1723 2293 βαῖων
1739 2226 1830 2280 καὶ

260 2307 374 2358 τῶν
399 2308 594 2378 ρογῶν,
633 2309 736 2361 ἔδει
764 2309 901 2372 τέως
927 2311 1053 2373 τοὺς
1085 2313 1426 2382 πατριάρχας
1457 2317 1579 2377 τοὺς
1606 2316 1703 2385 τὴν
1732 2317 1832 2386 ἀρ·

263 2397 426 2463 χαίαν
465 2399 630 2467 μέχρι
657 2398 751 2451 τοῦ
779 2399 873 2453 νῦν
922 2403 1319 2470 συντηροῦντας
1370 2405 1676 2474 συνήθειαν,
1740 2411 1832 2461 καί

264 2486 560 2554 χρυσίνους
596 2489 1085 2559 παραμετροῦντας
1115 2495 1233 2555 τοῖς
1281 2493 1580 2562 κληρικοῖς,
1633 2497 1831 2550 διδόναι

263 2580 363 2632 καὶ
411 2581 561 2650 βαΐα,
598 2583 779 2646 καθὼς
817 2587 1250 2653 προτετύπωται.
1302 2589 1451 2642 Ἐπεὶ
1493 2590 1536 2642 δ’
1579 2591 1676 2643 οὐκ
1735 2586 1830 2643 οἷδ’

260 2672 416 2736 ὅπως
448 2672 506 2724 οὗ
549 2672 794 2740 φαίνεταί
828 2692 957 2727 ποτε
1019 2676 1176 2730 τοῦτο
1243 2681 1520 2747 γινόμενον
1551 2718 1563 2741 ,
1614 2680 1728 2732 ἀλλ’
1773 2682 1830 2733 ὲν

262 2763 388 2822 ταῖς
421 2762 651 2832 ἡμέραις
675 2764 780 2816 τῶν
798 2768 1154 2835 κατηχήσεων
1184 2769 1303 2820 ἀντὶ
1333 2769 1504 2836 ρογῶν
1533 2769 1625 2820 καὶ
1660 2769 1829 2838 βαῖων

264 2851 407 2918 μόνα
465 2852 769 2922 διδόασιτῷ
815 2853 925 2922 λαῷ
964 2854 1277 2924 θυμιάματα
1315 2875 1327 2887 ’
1376 2858 1674 2925 σκοπητέον
1729 2859 1832 2927 πρὸ

260 2940 508 3003 πάντων,
533 2943 590 2993 τὸ
611 2943 1008 3012 σημαινόμενον
1037 2945 1144 2996 τῶν
1179 2945 1367 3012 βαΐων,
1420 2949 1513 2998 καὶ
1572 2945 1831 3015 ζητητέον

265 3028 372 3098 τὴν
403 3031 603 3094 αἰτίαν,
627 3032 693 3084 δι’
718 3033 782 3100 ἢν
816 3033 1134 3102 θυμιάματα
1178 3036 1276 3102 μὲν
1303 3035 1532 3087 δίδονται
1564 3037 1703 3089 κατὰ
1732 3038 1830 3107 τὴν

261 3119 482 3187 ἡμέραν
504 3120 601 3188 τῆς
637 3124 1008 3191 κατηχήσεως,
1040 3127 1132 3177 καὶ
1161 3125 1300 3176 κατὰ
1334 3125 1428 3192 τὴν
1458 3126 1700 3194 μεγάλην
1745 3145 1832 3180 τε·
1858 3157 1898 3213 c

258 3209 436 3277 τράδα
463 3212 629 3280 κηρία
657 3214 746 3263 καὶ
774 3212 1090 3280 θυμιάματα
1122 3231 1134 3242 ⁸
1185 3215 1349 3283 κηρία
1371 3216 1424 3267 δὲ
1451 3216 1544 3267 καὶ
1598 3217 1823 3286 σταυρὸς

261 3300 407 3351 κατά
434 3300 529 3368 τῆς
560 3301 815 3369 βαῖφόρου
842 3300 888 3332 ⁸⁸
919 3302 1016 3372 τὴν
1047 3304 1423 3373 Κυριώνυμον.

1933 636 2183 699 arbitror,
2217 638 2317 692 hoc
2349 640 2510 692 etiam
2542 640 2828 694 oblivionis
2870 656 3064 709 gurges
3093 642 3392 708 absorbuit,
3424 653 3478 696 et

1931 723 2169 790 gratiosa
2189 724 2377 778 isthaec
2424 739 2562 793 aqua
2598 727 2850 781 Castalia:
2880 729 3274 796 providentiam
3321 746 3481 798 supe-

1933 809 2092 865 rioris
2133 813 2403 866 memoriae
2441 814 2740 882 principum
2787 830 2892 868 non
2942 817 3192 883 pmdicat
3248 821 3478 871 :saltem

1934 903 2252 953 membrana:
2281 901 2538 954 librorum
2569 903 2974 969 historicorum,
3001 912 3052 956 et
3073 906 3477 959 ordinationum

1934 986 2232 1040 aulicarum
2289 1000 2632 1042 monumenta
2691 991 2962 1044 Stentoris
3004 991 3057 1044 in
3110 1009 3308 1046 morem
3369 994 3481 1046 hate

1935 1073 2359 1141 proclamabunt.
2416 1073 2496 1128 Tu
2549 1091 2785 1144 quoque,
2840 1079 2935 1142 qui
2987 1076 3231 1144 cujusvis
3282 1078 3478 1133 eruditi

1935 1162 2122 1230 scripti
2158 1164 2504 1216 acutissimus
2535 1177 2595 1217 es
2623 1152 2914 1232 interpres,
2946 1165 3108 1216 etiam
3151 1164 3204 1216 in
3243 1165 3342 1218 hac
3373 1182 3478 1218 non

1936 1251 2067 1305 levis
2096 1252 2346 1304 momenti
2370 1253 2664 1320 quastione
2686 1252 3053 1320 compluribus
3083 1255 3192 1306 eris
3214 1256 3480 1320 superior,

1933 1354 1996 1394 ac
2035 1355 2119 1395 me
2170 1356 2351 1395 senem
2385 1343 2438 1394 in
2469 1341 2700 1396 dicendo
2754 1344 2990 1409 iuvabis.
3034 1342 3341 1408 Quinetiam
3378 1346 3482 1396 im-

1931 1431 2217 1498 peratoris,
2270 1433 2475 1486 domini
2529 1432 2870 1487 Constantini
2909 1433 3251 1486 Monnutachi
3304 1433 3478 1486 edicta

1933 1522 2324 1585 sacratissima,
2350 1523 2549 1590 quibus
2593 1523 2838 1576 ordinata
2873 1531 2999 1575 sunt
3041 1522 3213 1575 oliicia
3246 1522 3478 1590 praefecti

1930 1608 2284 1674 Judiciorum,
2309 1620 2361 1663 et
2402 1613 2840 1682 nomopliylacis,
2869 1623 2921 1665 et
2948 1627 3066 1680 quae
3092 1620 3354 1674 statuunt,
3390 1629 3482 1665 eos

1930 1699 2126 1754 debere
2158 1702 2395 1772 singulos
2453 1705 2505 1756 in
2550 1721 2743 1764 annos.
2783 1713 2977 1771 praeter
3021 1705 3122 1754 alia
3156 1743 3170 1766 ,
3222 1703 3479 1770 consequi

1933 1791 2137 1844 ratione
2172 1806 2331 1858 rogzn,
2359 1791 2650 1860 quemlibet
2679 1793 2794 1843 auri
2829 1793 2985 1842 talem
3022 1804 3082 1841 ac
3116 1792 3272 1842 talem
3312 1803 3482 1857 quan-

1933 1882 2159 1942 titatem,
2194 1897 2298 1934 una
2344 1897 2468 1934 cum
2519 1882 2796 1934 consuetis
2841 1879 3017 1942 baiis;
3073 1895 3176 1932 non
3239 1879 3292 1931 in
3345 1879 3482 1932 coalo

1933 1981 2082 2030 sunt.
2136 1985 2236 2024 nec
2286 1980 2435 2025 trans
2490 1986 2658 2032 mare,
2722 1972 2795 2022 uti
2855 1970 3033 2023 dicere
3081 1970 3203 2037 quis
3271 1970 3478 2032 debeat,

1933 2059 2194 2122 Quisnam
2232 2060 2346 2113 haec
2380 2059 2566 2114 aﬂ’eret
2599 2059 2774 2113 mihi?
2804 2059 2906 2112 Sed
2944 2070 3070 2114 sunt
3101 2061 3152 2113 in
3181 2077 3339 2112 nianu
3369 2071 3478 2120 tua,

1931 2147 2060 2200 etin
2100 2149 2264 2202 corde
2313 2156 2427 2212 tuo,
2486 2156 2540 2202 et
2599 2150 2650 2201 in
2695 2164 2788 2202 ore
2852 2157 2963 2201 tuo.
3028 2149 3200 2216 Atque
3263 2151 3482 2201 omnino

1935 2238 2007 2290 rei
2075 2239 2351 2293 veritatem
2410 2255 2474 2292 ex
2529 2239 2614 2293 his
2665 2240 2860 2293 mentis
2936 2239 3182 2291 acumine
3241 2239 3477 2305 colliges.

1933 2324 2064 2378 Cum
2120 2335 2293 2380 autem
2344 2327 2693 2394 imperatores
2771 2337 2823 2381 et
2883 2327 3199 2395 patriarchae
3275 2328 3475 2396 magni-

1935 2415 2198 2468 ﬁcentiam
2270 2430 2365 2469 ceu
2430 2416 2632 2469 dictum
2692 2423 2818 2479 est,
2885 2430 3036 2468 suam
3109 2414 3480 2467 demonstrent

1936 2519 2028 2570 per
2058 2504 2172 2556 baia
2225 2514 2276 2556 et
2326 2518 2504 2570 rogas,
2561 2518 2690 2558 sane
2725 2519 2819 2572 par
2851 2515 2987 2568 erat,
3041 2511 3098 2557 ut
3138 2504 3476 2572 patriarchae.

1933 2590 2021 2656 qui
2061 2589 2292 2656 priscam
2339 2589 2598 2643 hactenus
2634 2591 3080 2645 consuetudinem
3129 2600 3475 2648 conservant.

1931 2684 1981 2727 ct
2040 2689 2232 2728 aureos
2283 2675 2496 2729 clericis
2552 2691 2803 2731 nummos
2875 2679 3257 2739 admetiuntur.
3316 2678 3476 2730 etiam

1933 2765 2062 2832 ipsis
2116 2765 2233 2818 baia
2281 2764 2492 2827 darent.
2539 2766 2990 2833 quemadmodum
3041 2767 3336 2819 indicatum
3385 2779 3473 2821 est

1934 2863 2110 2908 antea.
2157 2852 2260 2906 Sed
2285 2853 2537 2920 quoniam
2568 2856 2686 2917 lies,
2720 2856 3032 2924 nescioqua
3056 2857 3121 2911 de
3153 2871 3338 2921 causa,
3370 2874 3474 2909 non

1934 2943 2165 3010 amplius
2223 2941 2334 2996 ﬁeri
2416 2942 2679 3007 videmus,
2730 2943 2826 2998 sed
2891 2944 2957 3000 iis
3006 2946 3216 3012 diebus,
3281 2947 3476 3013 quibus

1934 3032 2240 3086 catecheses
2273 3033 2557 3096 habentur,
2590 3035 2708 3086 loco
2731 3050 2976 3102 rogat-um
3008 3044 3060 3089 et
3085 3037 3326 3089 baiurum
3356 3037 3467 3089 sola

1933 3123 2130 3189 populo
2162 3122 2292 3174 dant
2322 3122 2543 3176 incensa
2575 3141 2587 3175 :
2621 3123 3072 3176 considerandum
3106 3135 3226 3178 ante
3276 3127 3476 3189 omnia,

1932 3213 2200 3282 quodnam
2223 3213 2372 3266 vocis
2415 3213 2666 3266 baiorum
2697 3212 3059 3281 signiﬁcatum
3087 3212 3174 3274 sit,
3213 3222 3261 3266 et
3303 3214 3478 3279 inqui-

1927 3306 2116 3366 renda,
2150 3313 2372 3372 propter
2414 3319 2575 3372 quam
2625 3305 2845 3358 incensa
2889 3304 3085 3357 dantur
3130 3304 3180 3356 in
3225 3305 3307 3358 die
3334 3316 3478 3358 cate-

259 3409 275 3438 ‹
299 3393 483 3455 ιιυδῑε,
523 3404 575 3445 et
637 3408 829 3460 magna
881 3392 1011 3448 feria
1041 3406 1252 3463 quarta,
1282 3397 1425 3451 eerei
1462 3412 1582 3450 cum
1626 3395 1902 3460 incensis;
1935 3394 2075 3448 cerei
2111 3393 2344 3462 denique
2381 3406 2508 3446 cum
2573 3395 2827 3448 crucibus
2885 3408 2947 3448 ea
3014 3394 3304 3462 Dominica,
3371 3409 3475 3464 qua

260 3482 389 3534 baia
425 3492 726 3548 gestantur.

339 3565 439 3624 Οἴα
473 3572 568 3638 μὲν
607 3568 698 3623 οὖν
729 3569 866 3643 ἦσαν
891 3575 958 3625 τὰ
982 3576 1108 3642 βαΐα
1136 3578 1336 3640 ἐκεῖνα,
1362 3577 1510 3646 παρὰ
1565 3577 1826 3645 βασιλέων

263 3659 522 3727 διδόμενά
563 3678 690 3712 ποτε
750 3663 842 3714 καὶ
886 3664 1257 3733 πατριαρχῶν,
1300 3666 1434 3728 τέως
1485 3667 1594 3732 ἐγὼ
1627 3669 1826 3733 ἀγνοῶ.

265 3746 409 3800 Οὔτε
443 3748 549 3817 γὰρ
602 3749 710 3801 ἀπὸ
757 3751 935 3820 χειρὸς
994 3750 1279 3821 βασιλικῆς
1345 3755 1376 3823 ἢ
1431 3755 1829 3824 πατριαρχικῆς

267 3838 423 3910 βαῐον
463 3838 495 3905 ὴ
542 3839 659 3906 χείρ
686 3856 787 3907 μου
817 3839 953 3907 μετὰ
1005 3840 1170 3910 ρόγας
1212 3842 1446 3909 ἐδέξατο,
1517 3846 1608 3896 καὶ
1659 3843 1832 3898 ταῦτα

266 3926 667 3997 πλουτιζομένη
693 3929 813 3981 καθ’
845 3931 1078 3998 ἑκάστην
1110 3932 1291 4000 σχεδὸν
1317 3933 1407 3985 ὑπ’
1443 3933 1643 3998 αὐτῶν,
1701 3933 1826 3988 οὔτε

263 4018 366 4088 τὴν
382 4017 583 4072 τούτων
623 4020 881 4089 ποιότητα
915 4024 1045 4090 παρ’
1075 4023 1274 4090 ἐτέρων
1336 4025 1648 4092 μεμάθηκα.
1685 4024 1828 4077 Κλά-

265 4109 392 4170 δους
421 4107 476 4160 δὲ
513 4109 771 4176 φοινίκων
801 4110 896 4162 καὶ
933 4111 1209 4181 μυρσινῶν
1252 4112 1432 4182 βλέπω
1464 4115 1589 4176 τοὺς
1614 4114 1827 4183 ἀνθρώ-

267 4216 406 4260 πους
468 4199 818 4268 κατέχοντας,
876 4202 968 4255 καὶ
1031 4200 1126 4270 τὴν
1177 4202 1432 4272 βαῖφόρον
1485 4203 1822 4269 δοξάζοντας.

269 4288 438 4350 Ιιοίας
465 4288 520 4341 δὲ
550 4290 832 4342 διαλέκτου
873 4291 932 4343 τὸ
968 4291 1120 4360 βαῖον
1156 4295 1287 4358 ἐστὶ,
1325 4294 1416 4346 καὶ
1459 4297 1579 4347 τίνα
1644 4311 1826 4363 σημαο

266 4379 392 4431 σίαν
405 4380 514 4448 ἔχει
544 4381 682 4433 κατὰ
711 4381 1008 4449 Ῥωμαίους
1022 4383 1113 4435 καὶ
1130 4383 1416 4449 Ἕλληνας,
1436 4384 1825 4453 δηλωθήσεται.

267 4469 429 4521 Βαῖον
461 4470 597 4522 κατὰ
655 4471 955 4539 Ῥωμαίους
1010 4471 1133 4524 οὔτε
1172 4473 1363 4535 κλάδος
1421 4475 1566 4525 ἐστὶν
1597 4476 1658 4527 ὲκ
1716 4475 1824 4527 δέν-

264 4557 395 4625 δρου
420 4559 768 4628 κοπτόμενος,
791 4559 912 4612 οὔτε
931 4561 1082 4630 ῥόδον
1118 4563 1182 4615 ικ
1227 4563 1492 4632 ροδωνιᾶς
1523 4563 1826 4632 συναγόμε-

267 4663 384 4711 νον,
406 4645 529 4701 οὕτε
559 4649 743 4717 κρίνον
771 4650 834 4701 ὲκ
864 4651 1151 4718 κρινωνιᾶς
1172 4652 1560 4718 συλλεγόμενον
1584 4667 1597 4682 ο
1617 4653 1830 4722 ἀνθρω-

270 4740 403 4808 πίνη
422 4738 467 4770 ⁸⁸
488 4739 542 4791 δὲ
565 4741 777 4810 γνώμη,
810 4742 875 4794 ὲκ
904 4739 1056 4794 τοῦδε
1078 4743 1156 4803 είς
1181 4742 1297 4795 τόδε
1319 4742 1636 4811 μετάόασις,
1657 4743 1830 4812 ἀγαθὴ

269 4828 576 4899 δηλονότιῆ
612 4833 842 4900 πονηρά.
896 4833 1172 4885 Ἐντεῦθεν
1226 4834 1333 4900 γὰρ
1370 4832 1492 4894 τοὺς
1549 4837 1825 4901 παιδοτρί-

272 4918 375 4978 ϐας
417 4917 693 4987 βσίούὶους
722 4921 1183 4989 κατονομάςομιν,
1213 4921 1286 4983 ὡς
1326 4924 1393 4974 τὰ
1427 4922 1670 4992 νηπιώδη
1722 4921 1826 4974 τῶν

272 5007 484 5059 παίδων
559 5010 879 5078 φρονήματα
941 5010 1272 5080 μετάγοντας
1324 5009 1457 5079 πρὸς
1503 5010 1822 5079 ὰρῤἐνωσιν.

274 5096 388 5149 Καὶ
427 5096 935 5168 πραεσαρικάτορας
962 5099 1210 5168 λέγομεν,
1245 5100 1368 5161 τοὺς
1394 5099 1829 5166 ποικιλλομένους

274 5182 420 5234 κατὰ
470 5182 565 5250 τὴν
609 5185 717 5249 [ριν
781 5187 1099 5255 συνεργοὺς,
1159 5187 1251 5238 καὶ
1306 5185 1653 5254 προδιδόντας
1704 5188 1834 5246 τοὺς

274 5270 616 5337 πρόσφυγας.
641 5272 749 5338 Τῆς
777 5272 904 5335 γοῦν
945 5271 1196 5334 ἰουδαίας
1223 5273 1316 5324 καὶ⁵
1360 5271 1706 5340 Ἰερουσαλὴμ
1736 5287 1828 5337 γει

278 5360 513 5429 νομένης
551 5361 868 5429 ὑποχειρίας
922 5362 1028 5414 τῶν
1081 5362 1362 5427 Ῥωμαίων
1409 5360 1485 5429 τῷ
1539 5361 1829 5426 στέμματι,

283 5449 425 5518 μετὰ
447 5448 508 5502 τὸ
540 5451 875 5518 μοναρχήσαι
925 5452 1013 5503 τὸν
1065 5452 1280 5505 Ἰούλιον
1333 5451 1602 5521 Καίσαρα,
1665 5450 1827 5520 (οὕτω

1999 3577 2285 3630 Enimvero
2332 3576 2632 3644 cuiusmodi
2664 3577 2860 3629 fuerint
2909 3577 2998 3629 illa
3048 3576 3186 3640 baia,
3237 3591 3353 3645 ane
3408 3577 3474 3629 ab

1934 3665 2354 3734 imperatoribus
2383 3675 2437 3719 et
2474 3667 2798 3735 patriarchis
2824 3667 2950 3720 olim
2997 3668 3288 3731 dabantur,
3319 3669 3476 3734 equi-

1934 3755 2054 3809 dem
2081 3757 2343 3810 hactenus
2375 3757 2582 3827 ignoro.
2613 3755 2721 3811 Nec
2750 3759 2894 3823 enim
2926 3757 2994 3810 ab
3022 3759 3368 3824 imperatoria
3397 3760 3477 3812 vel

1930 3844 2272 3915 patriarchali
2306 3860 2466 3899 manu
2507 3845 2682 3899 baium
2715 3845 2928 3914 aliquod
2969 3861 3088 3898 cum
3130 3861 3254 3914 roga
3285 3861 3478 3901 manus

1933 3949 2048 3988 mea
2089 3949 2324 4003 unquam
2379 3935 2606 4002 accepit,
2640 3936 2764 3988 licet
2803 3935 2870 3988 ab
2895 3933 2973 3987 cis
3023 3935 3222 4002 alioqui
3267 3943 3474 3987 tantum

1931 4039 2039 4076 non
2073 4023 2312 4092 quotidie
2354 4023 2820 4093 collocupletctur,
2876 4035 2974 4074 nec
3010 4022 3201 4075 horum
3249 4025 3478 4090 qualita-

1934 4124 2035 4167 tem
2074 4128 2139 4168 ex
2180 4115 2300 4169 aliis
2348 4114 2604 4167 intellexi.
2657 4111 2960 4164 Palmarum
2999 4122 3194 4174 tamen,
3248 4127 3308 4164 ac
3335 4127 3480 4182 myr—

1933 4212 2110 4259 tormn
2161 4220 2343 4260 ramos
2399 4213 2581 4258 tenere
2629 4217 2792 4254 manu
2844 4200 3089 4254 homines
3147 4200 3321 4264 video,
3355 4216 3476 4254 cum

1933 4293 2072 4348 diem
2113 4293 2411 4355 celebrant,
2444 4306 2552 4359 qua
2606 4289 2723 4344 baia
2757 4297 3056 4358 gestantur.
3093 4289 3155 4342 Et
3194 4292 3476 4355 cujuSnam

1937 4383 2128 4452 lingua:
2158 4382 2477 4435 vocabulum
2510 4381 2582 4436 sit
2615 4380 2813 4436 baium,
2857 4393 3084 4447 quamve
3129 4378 3480 4446 signiﬁcatio-

1937 4487 2057 4524 nem
2086 4472 2278 4525 ltabeat
2304 4473 2602 4525 secundum
2633 4467 2907 4522 Romanos
2928 4477 2981 4521 et
3007 4466 3241 4528 Grrecos.
3275 4467 3481 4520 indica-

1933 4560 2098 4616 bitur.
2123 4561 2310 4615 Baium
2342 4561 2520 4630 lingua
2551 4557 2794 4612 Romana
2818 4571 2991 4625 neque
3038 4570 3243 4610 rammn
3274 4555 3480 4623 signiti-

1935 4660 2044 4716 cat,
2076 4666 2142 4706 ex
2185 4651 2380 4705 arbore
2405 4664 2623 4713 casum,
2659 4664 2833 4716 neque
2865 4661 3042 4701 rosam
3073 4660 3140 4700 ex
3168 4655 3348 4699 roseto
3375 4647 3480 4698 rol-

1938 4738 2156 4802 lectatn,
2209 4753 2384 4807 neque
2427 4737 2596 4791 lilium
2639 4737 2773 4790 :sed
2821 4742 2900 4790 est
2950 4734 3118 4789 animi
3163 4732 3378 4786 humani
3414 4735 3480 4786 ab

1934 4844 2039 4884 una
2075 4830 2342 4884 sententia
2382 4829 2434 4879 in
2486 4826 2644 4877 aliam
2691 4824 2983 4888 traductio,
3019 4823 3157 4877 bona
3208 4820 3477 4879 videlicet,

1932 4919 2014 4972 vel
2070 4931 2250 4986 prava.
2300 4915 2562 4970 Nimirum
2622 4914 2748 4966 hinc
2787 4915 2865 4975 lit,
2919 4922 2976 4964 ut
3051 4923 3335 4978 puerorum
3379 4909 3476 4957 nia-

1933 5008 2129 5078 εῖδει-οε
2184 5007 2513 5074 appellemus
2572 5003 2798 5067 baiulos,
2844 5001 3008 5054 veluti
3054 4999 3144 5068 qui
3192 5011 3477 5066 puerorum

1939 5098 2149 5151 animos
2225 5095 2457 5149 infantes
2527 5092 2592 5147 ad
2669 5093 2979 5145 virilitatem
3048 5087 3348 5140 traducunt.
3415 5082 3476 5136 Et

1935 5186 2382 5254 praevaricatores
2461 5183 2690 5236 dicimus
2764 5195 2859 5234 eos
2925 5179 3314 5246 cooperarios,
3385 5174 3476 5241 qui

1936 5277 2216 5326 variantur
2241 5273 2409 5324 instar
2449 5270 2624 5335 iridis,
2658 5278 2712 5322 et
2743 5269 2966 5321 clientes
3011 5264 3266 5334 produnt.
3295 5262 3474 5329 Itaque

1933 5376 2053 5414 rum
2086 5358 2268 5414 Judaza
2301 5367 2354 5413 et
2387 5356 2755 5425 Hierosolyma
2798 5355 2935 5408 facta
2961 5352 3153 5406 luisset
3208 5351 3472 5402 ltoniano-

1934 5468 2052 5507 rum
2110 5450 2336 5518 imperio
2408 5447 2639 5502 subdita.
2703 5445 2818 5498 solo
2876 5455 3052 5496 rerum
3107 5438 3281 5509 potito
3327 5435 3471 5490 Julia

1532 5607 1765 5661 ΥΑΒΙᾹΞ
1806 5607 2197 5661 LECTlONl'IS.

351 5725 392 5754 “
428 5725 645 5791 σταυροὶ
673 5727 804 5775 κατὰ
829 5723 920 5782 τὴν
957 5722 1263 5788 summa»

545 5840 816 5900 Pnaoc.
852 5835 963 5894 Gn.
1008 5833 1410 5894 CXXXVIII.

1338 5726 1379 5755 ⁸³
1415 5728 1747 5791 ἁντριιέπίνης
1781 5724 1830 5773 δὲ

1820 5755 1826 5760 ⁴
1859 5743 1887 5762 .V.

1871 5744 1887 5789 ί
1907 5729 2097 5792 κιὶιέιιις..
