4104 6470
666 369 797 435 1067

1825 381 2103 447 THEOD.
2142 384 2231 444 ΒΑ
2244 384 2541 448 LSAMON
2554 388 2618 449 IS

3745 387 3875 452 1068

662 502 908 565 (Isesare;
952 496 1052 570 (sic
1098 500 1242 554 enim
1294 499 1513 564 factum),
1571 510 1627 555 ut
1688 502 1969 558 Dominum
2021 504 2215 560 Pilatus

2326 505 2433 575 γάρ
2458 506 2553 559 καὶ
2579 504 2807 567 nium;
2846 504 2937 557 τὸν
2978 504 3183 574 Κύριον
3236 504 3441 575 ἔκρινε,
3478 508 3571 561 καὶ
3603 509 3701 577 τὴν
3747 510 3871 563 Ἰου⁴

656 590 944 659 judicaret,
969 605 1031 645 ac
1051 577 1312 644 'Judaam
1348 591 1530 647 Caesar
1559 592 1834 664 Augustus
1865 605 2130 659 censeret,
2162 604 2215 651 et

664 678 861 732 Paulus
894 695 1016 733 cum
1052 678 1425 748 damnaretur,
1463 683 1668 739 diceret
1700 701 1716 741 :
1749 685 1877 740 Sisti
1904 700 1987 741 me
2014 685 2215 740 Casari

665 778 871 838 oportet
898 772 934 833 ;)
970 780 1189 838 paterna
1237 769 1542 826 Iuda-orum
1596 774 1773 845 lingua
1809 791 1931 830 cum
1976 776 2217 832 Romana

663 866 987 912 commutata
1021 858 1137 913 fuit.
1166 859 1369 929 Quippe
1398 860 1564 917 Judaei
1617 879 1738 917 cum
1770 864 2063 935 gentilibus
2104 880 2218 934 per-

666 950 835 1012 misti,
906 965 1093 1003 eorum
1168 952 1414 1004 lnstituta
1484 953 1808 1008 didicerunt.
1884 954 2015 1008 Cum
2088 969 2216 1024 ergo

669 1040 850 1105 populi
926 1038 1135 1094 Judaici
1210 1041 1477 1106 seniores,
1538 1050 1589 1097 et
1670 1045 1970 1099 scribarum
2042 1053 2216 1101 cintus

662 1130 884 1183 vidisset
921 1128 1205 1184 Dominum
1266 1130 1539 1201 Deumque
1602 1141 1868 1200 nostrum,
1911 1135 2002 1204 qui
2052 1136 2217 1205 tergis

656 1217 967 1272 ςΙιρνιιιίοίε
1019 1219 1237 1280 insidet.
1290 1234 1385 1287 per
1426 1221 1809 1277 demissionem
1850 1225 2063 1279 asinino
2092 1225 2213 1279 vebi

662 1310 823 1374 pullo,
850 1324 968 1363 cum
1009 1311 1357 1367 nihilominus
1379 1328 1525 1367 more
1551 1316 1696 1383 regio
1721 1332 1749 1369 a
1786 1319 2213 1387 praecedentibus

665 1408 717 1449 et
743 1400 1094 1467 sequentibus
1124 1402 1440 1469 stiparetur,
1472 1417 1533 1457 ac
1566 1405 1954 1477 Hierosolyma:
1982 1409 2214 1479 dignita-

660 1498 764 1541 tem
825 1489 1178 1559 amplificaret
1263 1492 1483 1562 (quippe
1559 1493 1740 1550 Sionis
1794 1498 1979 1551 urbem
2052 1513 2215 1568 super

665 1577 913 1633 universa
951 1580 1295 1633 tabernacula
1324 1580 1508 1636 Jacobi
1536 1582 1740 1653 dilexit)
1776 1586 2021 1639 viderent
2050 1586 2212 1640 etiam

666 1669 852 1723 turbas
898 1669 962 1722 ad
1003 1678 1199 1723 terram
1246 1671 1456 1728 tunicas
1505 1688 1633 1730 suas
1678 1676 2122 1742 substet-nentes,
2162 1686 2215 1733 et

662 1756 777 1810 vias
811 1756 1084 1811 molliores
1108 1758 1411 1825 reddentes,
1440 1763 1621 1830 pueris
1644 1778 1823 1819 ramos
1846 1768 2204 1835 gestantibus.

662 1859 723 1897 ac
756 1846 1081 1909 dicentibus,
1120 1847 1370 1902 llosanna
1406 1852 1515 1905 lilio
1567 1853 1709 1923 regis
1761 1854 1995 1910 Davidisl
2045 1857 2206 1912 bene-

663 1936 844 1990 dictus
894 1951 948 1991 es
982 1938 1072 2006 qui
1128 1940 1279 1992 venis
1314 1955 1325 1991 ε
1359 1955 1463 1995 non
1512 1943 1699 1997 dixere
1736 1960 1860 1998 cum
1909 1948 2206 2017 proplictis,

660 2019 922 2087 Laudate,
954 2027 1103 2092 pueri
1135 2025 1418 2082 Dominum
1448 2048 1462 2093 ;
1492 2045 1683 2099 neque,
1718 2031 1903 2089 Gaude
1923 2036 2210 2091 vehemen-

660 2122 743 2162 ter
773 2112 877 2164 lilia
912 2114 1111 2177 Sionis,
1143 2120 1368 2185 praedica
1408 2120 1632 2189 gloriam
1690 2122 1780 2178 Dei
1820 2124 2205 2195 Hierosolyma,

660 2203 911 2268 quoniam
936 2219 1061 2258 ecce
1098 2222 1189 2259 rex
1218 2216 1344 2262 tuus
1387 2210 1535 2263 venit
1577 2212 1671 2266 tibi
1707 2214 1853 2267 mitis
1877 2222 1930 2269 et
1963 2230 2209 2282 servans,

658 2300 709 2343 et
738 2300 918 2347 vectus
944 2295 1164 2348 asinino
1197 2297 1341 2359 pullo
1360 2296 1467 2351 lilio
1488 2299 1805 2370 subjugalis.
1824 2302 1956 2356 Cum
1977 2305 2118 2359 enim
2148 2320 2212 2360 os

661 2379 917 2441 habeant,
966 2382 1137 2451 inquit
1173 2384 1280 2449 ille,
1313 2400 1417 2439 non
1463 2387 1752 2457 loquentur
1802 2406 1817 2442 :
1850 2405 1971 2443 cum
2004 2394 2209 2456 oculos,

662 2484 766 2522 non
800 2470 1057 2525 videbunt
1095 2492 1106 2525 :
1147 2490 1265 2528 cum
1316 2491 1498 2541 aures,
1534 2494 1639 2532 non
1666 2481 1887 2535 audient
1916 2498 1928 2533 :
1955 2482 2211 2551 quoniam

663 2562 918 2615 rordibus
948 2577 1135 2617 eorum
1189 2566 1431 2621 velamen
1482 2568 1614 2638 legis
1652 2578 1705 2624 et
1742 2571 2096 2642 ignorationis
2130 2576 2214 2627 ln-

662 2651 883 2705 cumbit.

738 2741 1001 2797 Nimirum
1026 2754 1085 2799 ut
1107 2755 1418 2814 peccatores
1437 2748 1921 2818 excandescebant,
1944 2761 1996 2807 et
2020 2768 2213 2809 accen-

664 2834 927 2888 debantur
959 2836 1059 2898 ira.
1093 2845 1145 2891 et
1183 2839 1481 2894 fremebant
1514 2842 1788 2904 dentibus.
1830 2852 1883 2897 et
1926 2846 2213 2900 contabes-

668 2927 885 2990 rebant,
924 2941 1046 2981 cum
1080 2929 1355 2984 dicerent:
1385 2930 1730 2997 Egredimiui,
1760 2942 1967 3002 gentes,
2001 2935 2214 3003 egredi-

667 3017 819 3081 mini,
858 3018 1060 3086 populi,
1094 3032 1156 3072 ac
1185 3020 1380 3084 videte,
1412 3036 1519 3089 quo
1545 3028 1700 3091 pacto
1738 3024 1971 3078 mundus
1999 3025 2217 3085 univer-

2317 596 2472 650 δαίαν
2503 598 2717 665 Καῖσαρ
2750 594 3056 661 Αῦγουστος
3084 597 3462 665 ἀπεγράψατο,
3521 599 3617 652 καὶ
3668 600 3873 660 Παῦλος

2319 685 2771 754 κατακρινόμενος
2792 683 2918 753 ἔφη’
2940 685 3030 736 Δεῖ
3064 702 3130 753 με
3158 690 3500 757 παραστῆναι
3520 688 3595 757 τῷ
3618 690 3871 759 Καίσαρι)

2317 777 2349 843 η
2401 775 2624 845 πατρῴα
2657 775 2763 828 τῶν
2802 774 3071 828 Ἰουδαίων
3117 776 3399 840 διάλεκτος
3458 779 3595 849 πρὸς
3632 780 3731 847 τὴν
3768 780 3873 832 τῶν

2328 863 2613 932 Ῥωμαίων
2645 864 3136 934 μετεστοιχείωται.
3171 865 3294 928 Τοῖς
3317 866 3493 919 ἔθνεσι
3540 868 3648 937 γὰρ
3677 867 3873 935 ἀμίγη·

2318 971 2437 1019 σαν,
2457 954 2547 1006 καὶ
2584 953 2786 1022 ἔμαθον
2832 954 2902 1005 τὰ
2947 954 3153 1008 τούτων
3198 956 3623 1027 ἐπιτηδεύματα.
3661 958 3877 1019 Ἰδόντες

2315 1041 2491 1095 τοίνυν
2520 1040 2626 1093 τῶν
2654 1041 2918 1093 Ἰουδαίων
2944 1043 2994 1093 οί
3020 1044 3431 1112 δημογέροντες,
3466 1046 3557 1098 καὶ
3573 1046 3681 1099 τῶν
3697 1061 3876 1115 γραμ-

2318 1133 2529 1203 ματέων
2548 1134 2574 1184 ό
2606 1131 2857 1199 σύλλογος
2880 1133 2969 1185 τὸν
2999 1134 3093 1185 ἐπὶ
3120 1134 3309 1197 νώτοις
3336 1136 3674 1205 χερουϐικοῖας
3709 1137 3876 1205 καθή-

2318 1240 2476 1293 μενον
2503 1224 2703 1292 Κύριον
2758 1226 2851 1277 καὶ
2879 1224 3011 1278 Θεὸν
3059 1226 3235 1295 ἡμῶν,
3269 1229 3362 1279 ἐπὶ
3399 1227 3579 1281 πώλου
3603 1222 3711 1296 μὲν
3757 1229 3876 1280 δνου

2314 1314 2452 1366 κατά
2478 1313 2879 1380 συγκατάϐασιν
2901 1314 3287 1385 εποχούμενον,
3318 1317 3611 1385 βασιλικῶς
3632 1318 3690 1370 δὲ
3725 1319 3873 1388 παρὰ

2314 1402 2423 1455 τῶν
2452 1403 2800 1472 προαγόντων
2857 1404 2949 1456 καὶ
2978 1403 3085 1455 τῶν
3115 1404 3394 1472 ἑπομένων
3440 1407 3876 1475 στενοχωρούμε-

2314 1506 2425 1554 νον,
2491 1490 2585 1542 καὶ
2619 1489 2717 1561 τὴν
2761 1491 3117 1562 Ἰερουσαλὴμ
3184 1491 3576 1560 μεγαλύνοντα,
3626 1494 3876 1564 ἠγάπησε

2314 1580 2420 1650 γὰρ
2471 1580 2571 1651 τὴν
2621 1582 2775 1633 πόλιν
2830 1582 2967 1635 Σιὼν
3019 1582 3157 1650 ὑπὲρ
3214 1581 3390 1635 πάντα
3424 1584 3494 1636 τά
3543 1584 3876 1651 σκηνώματα

2328 1670 2541 1740 Ἰακὼϐ)
2581 1671 2821 1733 καὶτοὺς
2852 1670 3040 1739 ὄχλους
3079 1672 3176 1739 μιν
3222 1674 3286 1741 τῇ
3344 1674 3414 1741 γῇ
3470 1673 3596 1734 τοὺς
3645 1673 3877 1740 χιτῶνας

2318 1757 2735 1828 στρωννύοντας,
2779 1759 2873 1811 καὶ
2934 1759 3032 1821 τὰς
3087 1760 3237 1822 ὀδοὺς
3272 1760 3691 1828 μαλακίζοντας,
3752 1763 3878 1822 τοὺς

2318 1850 2508 1912 παῖδας
2524 1849 2579 1901 δὲ
2605 1848 3074 1919 κλαδηφοροῦντας
3105 1850 3199 1902 καὶ
3226 1851 3500 1917 λέγονταςο
3546 1850 3775 1903 Ὠσαννά
3800 1850 3879 1921 τῷ

2306 1938 2409 2009 υίῷ
2436 1940 2530 1991 τοῦ
2558 1938 2819 2009 βασιλέως
2843 1940 3023 1992 Δαϐίδε
3048 1939 3407 2010 εὐλογημένος
3430 1934 3478 1991 sl
3504 1941 3531 1992 ό
3556 1939 3875 2009 ἐρχόμενος

2308 2028 2405 2081 ούκ
2430 2025 2581 2080 εἷπον
2623 2027 2759 2096 μετά
2783 2027 2890 2080 τῶν
2918 2027 3231 2097 προφητῶν·
3284 2028 3521 2089 Αίνεῖτε,
3547 2027 3741 2088 παῖδες
3768 2026 3881 2079 Κύ-

2312 2134 2445 2189 ριον·
2470 2118 2610 2181 οὐδὲ,
2636 2119 2807 2188 Χαῖρε
2834 2118 3056 2187 σφόδρα.
3085 2117 3319 2187 θύγατερ
3342 2117 3499 2182 Σιὼν,
3529 2119 3765 2187 κήρυττε
3790 2117 3879 2171 δό-

2318 2207 2415 2272 ξαν
2444 2205 2575 2259 Θεοῦ
2619 2205 2990 2277 Ἰερουσαλὴμ,
3019 2207 3098 2259 ὅτι
3128 2206 3236 2259 ίδοὺ
3276 2205 3526 2274 βασιλεύς
3578 2223 3671 2259 σου
3724 2208 3878 2276 ἔρχε-

2310 2296 2399 2350 ταί
2438 2314 2517 2350 σοι
2552 2295 2734 2365 πραῢς
2781 2297 2874 2349 καὶ
2925 2295 3132 2361 σώζων,
3181 2296 3524 2365 ἐπιϐεϐηκὼς
3568 2300 3650 2361 είς
3699 2298 3878 2351 πῶλον

2312 2388 2456 2452 δνου,
2482 2387 2594 2441 υίδν
2630 2385 2943 2453 ὑποζυγίου.
2981 2386 3234 2455 Ἔχοντες
3270 2386 3378 2456 γὰρ
3431 2386 3627 2455 στόμα,
3687 2386 3876 2456 φησιν,

2311 2480 2372 2534 οὐ
2406 2479 2721 2533 καλέσουσιν
2752 2493 2766 2506 '
2797 2476 3130 2545 ὀφθαλμοὺς,
3169 2480 3266 2529 καὶ
3298 2476 3397 2529 οὐκ
3432 2476 3658 2545 ὄψονται
3678 2468 3698 2507 ἶ
3741 2473 3876 2536 ὦτα.

2314 2568 2408 2620 καὶ
2429 2568 2528 2620 οὐκ
2561 2564 2921 2621 ἀκούσουσιν·
2968 2565 3049 2616 ὅτι
3105 2566 3223 2626 ταῖς
3260 2564 3507 2635 καρδίαις
3551 2564 3731 2618 αὐτῶν
3774 2564 3877 2617 κά-

2313 2658 2502 2725 λυμμα
2529 2657 2692 2725 νόμου
2714 2655 2809 2708 καὶ⁵
2842 2653 3115 2723 ἀγνωσίας
3145 2655 3445 2708 ἐπίκειται.

2395 2744 2814 2813 Ἥγανάκτησαν
2842 2742 2895 2795 δὲ
2918 2743 2991 2805 ὠς
3021 2744 3351 2813 ἁμαρτωλοὶ,
3380 2744 3473 2797 καὶ
3491 2741 3865 2813 ὠργίσθησαν,

2315 2835 2407 2889 καὶ
2431 2835 2555 2896 τοὺς
2591 2832 2808 2894 ὀδόντας
2835 2830 3085 2899 εϐρυξαν,
3114 2832 3206 2883 καὶ
3236 2831 3530 2900 ιτάκησαν,
3562 2831 3657 2889 καὶ
3691 2826 3867 2885 show

2315 2923 2587 2990 Ἐξέλθετε
2617 2923 2769 2992 ῑθνη,
2810 2921 3048 2987 έξέλθετε
3089 2922 3225 2988 λαοὶ,
3272 2924 3365 2976 καὶ
3391 2922 3546 2986 ίδετε,
3601 2922 3718 2985 πῶς
3758 2923 3879 2985 ὅλος

2315 3018 2343 3069 ό
2377 3016 2574 3084 κόσμος
2598 3014 2797 3080 ύπάγει
2825 3012 2999 3067 ὀπίσω
3029 3012 3215 3065 αὑτοῦ.
3250 3012 3341 3065 Διὸ
3390 3014 3484 3067 καὶ
3515 3015 3628 3069 τῶν
3666 3014 3877 3069 κλάδων

665 3118 759 3158 sus
784 3114 903 3171 post
936 3120 1058 3159 eum
1091 3106 1269 3159 vadat.
1290 3108 1521 3179 Ideoque
1541 3113 1896 3179 gestationem
1943 3128 2213 3167 ramorum

2320 3106 2396 3177 μὴ
2430 3105 2698 3167 συνιέντες
2728 3104 2787 3156 τὸ
2814 3103 3182 3174 δορυφόρημα,
3211 3104 3385 3159 Βαϐαὶ
3433 3106 3572 3159 κατά
3616 3106 3876 3176 μαινομέ-

664 3209 770 3247 non
818 3194 1194 3263 intelligentes,
1268 3198 1596 3254 furiosorum
1660 3215 1809 3257 more
1858 3203 2209 3258 clamabant:

664 3285 840 3351 Babze;
896 3286 1102 3341 seducti
1156 3298 1278 3341 sunt
1338 3306 1547 3354 omnes,
1604 3306 1792 3347 omnes
1828 3294 2043 3347 inutiles
2083 3294 2212 3348 farti

663 3387 789 3428 sunt
853 3386 905 3433 et
963 3377 1311 3434 deﬂexerunt.
1372 3381 1565 3436 Proh:
1625 3383 1767 3454 leges
1822 3392 1876 3437 et
1951 3393 2216 3454 praecepta

667 3465 899 3521 Mosaica
936 3476 1129 3536 praeter
1161 3471 1616 3537 exspectationem
1648 3472 1832 3527 baium
1874 3473 2029 3527 facta:
2066 3483 2213 3538 sunt,

668 3558 768 3609 tioc
798 3564 899 3617 est.
928 3557 1221 3611 secundum
1266 3560 1505 3628 ipsorum
1534 3561 1817 3626 insaniam,
1863 3562 2102 3615 redactio
2146 3564 2209 3616 ad

664 3644 969 3699 interitum.
1002 3647 1075 3699 lta
1130 3650 1238 3715 jam
1292 3657 1435 3703 recte
1478 3650 1767 3716 declarata,
1837 3667 1953 3705 mea
1998 3652 2217 3722 quidem

668 3736 942 3803 opinione,
974 3737 1216 3791 baiarum
1244 3753 1371 3793 voce
1403 3777 1417 3801 ,
1449 3739 1758 3805 dicendum,
1815 3756 1923 3811 quo
1972 3750 2132 3811 pacto
2161 3752 2215 3798 et

669 3826 1022 3892 quamobrem
1046 3840 1072 3878 a
1101 3829 1463 3883 sanctissimis
1492 3830 1814 3898 patriarcbis
1836 3839 1954 3899 post
1973 3832 2217 3885 cateclie-

668 3918 750 3970 sin
780 3918 1002 3971 incensa
1042 3917 1256 3983 dentur,
1288 3917 1373 3972 die
1399 3919 1639 3973 baiorum
1663 3922 1999 3990 gestationis.
2033 3937 2222 3978 cruces

663 4014 719 4059 et
744 4006 907 4071 cerei,
936 4021 1124 4061 rursus
1157 4021 1347 4076 magna
1373 4007 1501 4061 feria
1520 4018 1710 4078 quarta
1743 4013 1885 4066 cerei
1903 4022 1956 4067 et
1980 4014 2221 4080 incensa,

672 4092 757 4146 die
778 4093 947 4145 sancti
981 4090 1258 4149 Pascliatis
1298 4096 1648 4152 salutationes
1677 4107 1729 4151 et
1768 4099 2046 4169 tricipitia.

747 4182 985 4237 Dicimus
1046 4193 1194 4248 ergo,
1236 4184 1379 4252 quod
1444 4201 1563 4239 cum
1595 4189 1742 4241 natio
1790 4188 2102 4244 Judaeoruin
2158 4194 2221 4243 ad

674 4273 849 4325 lucem
868 4274 1223 4337 caacutiverit,
1256 4282 1309 4328 et
1336 4275 1560 4331 salutem
1587 4278 1938 4347 appellaverit
1970 4281 2219 4341 exitium.

672 4362 820 4414 velut
866 4363 1160 4416 indicatum
1217 4374 1301 4418 est
1348 4366 1508 4426 (solet
1586 4370 1728 4421 enim
1778 4372 2093 4435 usuvenire,
2164 4380 2223 4425 ut

2317 3215 2439 3260 νους
2467 3197 2717 3265 ἐϐόησαν,
2767 3194 2932 3263 βαϐαὶ
2986 3194 3180 3257 πάντες
3229 3195 3623 3265 πεπλάνηνται,
3676 3196 3877 3255 πάντες

2317 3283 2693 3355 ἠχρειώθησαν
2719 3284 2812 3337 καὶ
2842 3282 3137 3348 έξέκλιναν.
3192 3282 3362 3336 Βαϐαὶ
3414 3284 3520 3336 τῶν
3568 3285 3878 3338 Μωσαῖκῶν

2318 3372 2723 3443 παραγγελιῶν,
2762 3373 2909 3442 βαῖον
2933 3372 3334 3441 ἀπροσδόκητον
3367 3372 3578 3440 γέγονε,
3632 3376 3880 3431 τουτέστι

2318 3465 2457 3518 κατά
2512 3464 2611 3533 τὴν
2656 3463 2859 3516 τούτων
2908 3462 3163 3517 ἀπόνοιαν
3191 3501 3207 3525 ,
3269 3462 3553 3531 μεταφορὰ
3598 3463 3735 3532 πρὸς
3774 3468 3882 3517 ἀπ-

2316 3552 2532 3609 ώλειαν.
2564 3553 2719 3607 Οὕτω
2750 3552 2930 3615 καλῶς
2977 3551 3419 3622 σαφηνιοθείσης,
3448 3553 3521 3616 ὡς
3550 3552 3756 3622 οἴομαι,
3781 3554 3880 3620 τῆς

2318 3645 2424 3698 τῶν
2459 3645 2624 3716 βατων
2656 3644 2859 3713 φωνῆς,
2894 3643 3083 3715 ῥητέον
3112 3643 3259 3705 ὅπως
3283 3643 3379 3696 καὶ
3405 3642 3546 3695 διατί
3578 3643 3730 3712 παρὰ
3768 3643 3879 3696 τῶν

2321 3734 2638 3803 ἀγιωτάτων
2686 3732 3038 3803 πατριαρχῶν
3088 3732 3224 3801 μετά
3248 3731 3345 3801 τὴν
3383 3734 3685 3801 κατήχησιν
3719 3731 3882 3800 θυμιο

2322 3827 2501 3894 ἀματσ
2550 3824 2802 3885 δίδονται,
2854 3824 2992 3876 κατά
3041 3822 3140 3892 τὴν
3189 3820 3471 3891 βαϊοφόρον
3503 3822 3729 3889 σταυροὶ
3787 3822 3881 3874 καὶ

2322 3915 2508 3984 κηρία,
2549 3914 2642 3966 καὶ⁵
2671 3907 2825 3974 αὖθις
2848 3912 2986 3965 κατά
3021 3912 3119 3981 τὴν
3156 3912 3397 3981 μεγάλην
3430 3911 3661 3982 τετράδα
3714 3912 3880 3980 κηρία

2332 4010 2424 4058 καὶ
2445 4004 2787 4074 θυμιάματα,
2820 4002 2912 4055 καὶ
2950 4000 3092 4056 κατά
3112 4000 3171 4054 τὸ
3198 4000 3351 4068 ἆγιον
3373 4001 3563 4069 Πάσχα
3598 4000 3879 4070 ἀσπασμοί

2324 4096 2416 4150 καὶ
2437 4094 2754 4165 τρικέφαλα.

2391 4185 2572 4252 Φαμὲν
2605 4184 2803 4244 τοίνυν,
2836 4181 2909 4245 ὡς
2944 4179 3034 4233 τοῦ
3055 4180 3245 4248 γένους
3281 4178 3389 4232 τῶν
3438 4178 3704 4233 Ἰουδαίων
3746 4180 3881 4249 πρὶς

2323 4276 2383 4327 τδ
2410 4268 2522 4343 φῶς
2555 4271 2988 4340 ἀϐλεπτήσαντος
3008 4310 3024 4331 ,
3074 4270 3168 4323 καὶ
3197 4270 3293 4339 τὴν
3333 4271 3607 4340 σωτηρίαν
3638 4273 3882 4326 πανωλε-

2326 4372 2479 4441 θρίαν
2529 4369 3018 4438 κατονομάσαντος,
3079 4366 3153 4429 ὡς
3196 4367 3527 4436 διείληπται,
3586 4368 3723 4431 (τοῖς
3776 4369 3881 4438 γὰρ

673 4460 932 4527 aurugine
989 4461 1357 4517 laborantibus
1394 4464 1495 4517 mel
1531 4466 1601 4530 sit
1636 4468 1901 4529 amarum)
1933 4507 1947 4531 ,
2013 4482 2113 4522 nos
2145 4470 2215 4522 eis

2330 4460 2604 4531 ίκτεριῶσι
2629 4459 2689 4512 τὸ
2718 4459 2839 4528 μέλι
2865 4457 3057 4527 πικρόν
3076 4456 3267 4526 ἐστιν),
3301 4458 3461 4525 ἡμεῖς
3476 4457 3740 4511 τάναντία
3757 4458 3882 4511 τού-

677 4550 951 4602 cnntraria
1019 4553 1315 4607 sentientes
1369 4562 1419 4607 et
1472 4554 1746 4617 facientes,
1772 4559 1994 4627 (quippe
2052 4557 2221 4612 solem

676 4653 784 4693 non
816 4640 1233 4696 conniventibus
1260 4645 1434 4698 oculis
1469 4644 1917 4715 intuemur),cum
1945 4662 2221 4701 ramorum

676 4733 970 4798 gestatione
1041 4742 1338 4789 conventus
1406 4735 1739 4791 celebremus
1821 4743 1874 4792 et
1961 4736 2224 4792 insaniam

678 4822 914 4889 ipsorum
974 4824 1117 4877 velut
1176 4824 1229 4877 in
1266 4826 1538 4895 triumpho
1582 4827 1927 4895 spectandam
1955 4828 2221 4883 exhiben-

678 4922 760 4968 tes
787 4914 935 4977 (facti
964 4917 1244 4971 suntcnim
1293 4917 1657 4986 spectaculum
1698 4917 2054 4988 mortalibus),
2090 4932 2227 4971 con—

682 5006 945 5063 ﬁteantur.
994 5019 1055 5057 ac
1115 5020 1448 5075 nequaquam
1509 5006 1831 5068 inﬁciemur,
1876 5022 1977 5061 nos
2006 5007 2224 5075 quidem

684 5108 804 5147 esse
844 5092 1015 5147 factos
1059 5096 1237 5148 baium
1307 5095 1463 5157 ﬁdei;
1496 5096 1588 5149 sed
1624 5111 1686 5149 ex
1724 5096 1910 5150 umbra
1935 5097 2004 5149 ad
2035 5098 2231 5150 verita-

2323 4570 2435 4615 τοις
2462 4552 2780 4622 φρονοῦντες
2806 4550 2900 4603 καὶ
2928 4548 3253 4617 πράττοντες
3300 4549 3738 4617 (ἀσκαρδαμυκτὶ
3773 4550 3880 4617 γὰρ

2324 4647 2414 4695 τὸν
2464 4642 2612 4711 ἥλιον
2664 4638 2953 4709 βλέπομεν)
3005 4637 3470 4707 κλαδηφοροῦντες
3516 4640 3881 4709 πανηγυρίζο-

2331 4752 2450 4805 μεν,
2480 4733 2571 4786 καὶ
2600 4733 2696 4800 τὴν
2724 4730 2945 4783 ἐκείνων
2974 4729 3231 4781 ἀπόνοιαν
3272 4726 3716 4796 θριαμϐεύοντες,
3758 4731 3885 4785 θέα-

2329 4842 2455 4894 τρον
2507 4823 2617 4892 γὰρ
2666 4822 2760 4873 καὶ
2802 4817 3107 4889 ἀνθρώποις
3143 4819 3490 4886 γεγόνασιν),
3520 4819 3885 4889 ὁμολογοῦμεν

2332 4915 2425 4967 καὶ
2455 4914 2554 4966 οὐκ
2586 4911 2913 4981 ἀρνούμεθα,
2962 4908 3112 4978 βαῖον
3155 4909 3440 4975 γεγονέναι
3495 4911 3593 4977 τῆς
3632 4912 3882 4971 πίστεως·

2332 5007 2444 5059 ἀλλ’
2482 5008 2545 5057 ἐκ
2585 5004 2742 5065 σκιᾶς
2803 5002 2937 5071 πρὸς
2992 5001 3270 5068 ἀλήθειαν,
3321 5001 3435 5053 ἀλλ’
3469 5003 3547 5063 είς
3591 5002 3885 5056 ἀθανασίαν

2332 5099 2441 5151 ἀπὸ
2486 5094 2808 5165 θνητότητος
2833 5108 2846 5124 ο
2883 5092 2977 5144 καὶ
3014 5091 3139 5159 βαΐα
3167 5092 3291 5152 τοὺς
3335 5092 3560 5154 κλάδους
3588 5094 3888 5161 κατονομά-

696 5196 828 5247 tem,
864 5183 955 5237 sed
987 5183 1052 5236 ad
1082 5184 1536 5238 immortalitatem
1564 5200 1627 5239 ex
1648 5186 1975 5239 mortalitate
2007 5202 2019 5237 :
2060 5200 2215 5254 nequi

2337 5189 2539 5251 ζοντες,
2591 5185 2689 5236 οὐκ
2741 5179 3198 5249 ἑπαισχυνόμεθα.
3248 5178 3404 5232 Οὕτω
3433 5180 3758 5247 φρονοῦντες
3799 5179 3891 5232 aui.

698 5290 797 5327 nos
836 5274 998 5342 pudet
1056 5289 1237 5327 ramos
1278 5276 1398 5330 illos
1448 5276 1718 5345 appellare
1770 5276 1910 5331 baia.
1950 5276 2007 5329 In
2047 5275 2215 5328 eaden

2335 5278 2383 5329 οί
2416 5274 2725 5327 πιστότατοι
2789 5270 3046 5339 βασιλεῖς,
3074 5271 3195 5330 ταῖς
3246 5268 3480 5337 ἐτησίοις
3534 5270 3724 5340 ρόγαις
3760 5270 3887 5340 βαΐα

693 5368 1014 5419 i-xsistontes
1035 5366 1228 5433 Opinne
1242 5365 1540 5421 fidelissimi
1564 5367 1854 5435 principes,
1879 5366 2073 5420 annuis
2094 5366 2215 5433 rogi:

2340 5366 2821 5435 συνεπρυτάνευον,
2858 5361 2915 5425 ἐξ
2963 5360 3204 5430 ἀργύρου
3238 5359 3395 5428 τυχὸν
3439 5359 3473 5428 ἢ
3506 5359 3712 5429 χρυσοῦ
3762 5360 3891 5412 καλ-

698 5458 815 5505 Ιοςιὶπ
854 5456 1173 5517 miscebant,
1206 5469 1427 5524 argento
1487 5468 1614 5525 puta
1651 5458 1734 5509 vel
1790 5472 1922 5510 auro
1953 5466 2229 5509 exornata.

693 5545 903 5610 Quippe
952 5546 1471 5613 eongratulaliautur
1504 5546 1594 5606 iis.
1646 5548 1738 5613 qui
1769 5547 1879 5599 tunc
1935 5560 2237 5611 conseque-

2337 5456 2626 5520 λυνόμενα.
2656 5451 2977 5518 Συνέχαιρον
3036 5448 3144 5515 γὰρ
3189 5449 3299 5507 τοῖς
3350 5446 3689 5514 λαμϐάνουσι
3723 5446 3892 5499 ταῦτα

2339 5541 2673 5613 ὀρθοδοξοῦσι
2721 5541 2787 5592 τὰ
2843 5539 2975 5606 πρὸς
3013 5538 3164 5602 Θεὸν,
3230 5538 3324 5588 καὶ
3398 5538 3773 5605 εὐνοουμένοις
3828 5538 3893 5588 τὰ

701 5637 917 5693 bantur,
954 5633 1095 5686 "elut
1120 5636 1438 5688 orthodoxis
1468 5651 1591 5704 erga
1627 5636 1810 5697 Deuui,
1840 5646 1888 5688 et
1943 5638 2086 5703 ipsos
2112 5650 2215 5699 erg:

2345 5635 2477 5697 πρδς
2514 5629 2727 5690 αὐτούς.
2775 5628 2925 5679 Ἐπεὶ
2958 5627 3010 5677 δὲ
3042 5626 3147 5677 τῶν
3191 5626 3287 5693 μὲν
3329 5624 3591 5693 βασιλέων
3615 5627 3674 5677 αὶ
3717 5628 3891 5695 ρόγαι,

706 5727 972 5793 principes
1005 5724 1299 5778 benevolis.
1332 5724 1465 5790 Quia
1502 5742 1623 5780 vero
1654 5727 1953 5793 principum
2018 5726 2232 5791 qtidcm

2344 5720 2434 5769 καί
2469 5717 2571 5767 τῶν
2603 5716 2765 5784 βαῖων
2792 5717 2853 5767 τὶ
2885 5713 3016 5782 ἄνθη
3046 5715 3109 5763 τὶ
3142 5714 3361 5774 ταύταις
3406 5715 3889 5773 συνανατέλλοντα.
