  <div class='ocr_page' id='page_1' title='image "/cluster/home/n/w/nwhite01/storage/ocr_20150623/138/uva.x030486987/616.png"; bbox 0 0 4104 6474; ppageno 0'>
   <div class='ocr_carea' id='block_1_1' title="bbox 225 428 365 490">
    <p class='ocr_par' dir='ltr' id='par_1_1' title="bbox 225 428 365 490">
     <span class='ocr_line' id='line_1_1' title="bbox 225 428 365 490; baseline 0.029 -4"><span class='ocrx_word' id='word_1_1' title='bbox 225 428 365 490; x_wconf 79' lang='lat'><strong>1069</strong></span> 
     </span>
    </p>
   </div>
   <div class='ocr_carea' id='block_1_2' title="bbox 1633 431 2053 494">
    <p class='ocr_par' dir='ltr' id='par_1_2' title="bbox 1633 431 2053 494">
     <span class='ocr_line' id='line_1_2' title="bbox 1633 431 2053 494; baseline 0.012 -6"><span class='ocrx_word' id='word_1_2' title='bbox 1633 431 2053 494; x_wconf 72' lang='lat' dir='ltr'><strong>MEDITATA.</strong></span> 
     </span>
    </p>
   </div>
   <div class='ocr_carea' id='block_1_3' title="bbox 3310 432 3444 494">
    <p class='ocr_par' dir='ltr' id='par_1_3' title="bbox 3310 432 3444 494">
     <span class='ocr_line' id='line_1_3' title="bbox 3310 432 3444 494; baseline -0.007 -1"><span class='ocrx_word' id='word_1_3' title='bbox 3310 432 3444 494; x_wconf 87' lang='lat'><strong>1070</strong></span> 
     </span>
    </p>
   </div>
   <div class='ocr_carea' id='block_1_4' title="bbox 235 550 1778 626">
    <p class='ocr_par' dir='ltr' id='par_1_4' title="bbox 235 552 1778 626">
     <span class='ocr_line' id='line_1_4' title="bbox 235 552 1778 626; baseline -0.004 -18"><span class='ocrx_word' id='word_1_4' title='bbox 235 556 342 625; x_wconf 70' lang='grc' dir='ltr'><strong>πρδ</strong></span> <span class='ocrx_word' id='word_1_5' title='bbox 361 556 566 626; x_wconf 71' lang='grc' dir='ltr'>χρόνων</span> <span class='ocrx_word' id='word_1_6' title='bbox 605 556 916 625; x_wconf 74' lang='grc' dir='ltr'>ἐσχόλασαν,</span> <span class='ocrx_word' id='word_1_7' title='bbox 934 556 999 608; x_wconf 75' lang='grc' dir='ltr'>δι’</span> <span class='ocrx_word' id='word_1_8' title='bbox 1019 555 1085 624; x_wconf 76' lang='grc' dir='ltr'>ἢν</span> <span class='ocrx_word' id='word_1_9' title='bbox 1106 553 1280 606; x_wconf 83' lang='grc' dir='ltr'>αἰτίαν</span> <span class='ocrx_word' id='word_1_10' title='bbox 1311 552 1512 606; x_wconf 80' lang='grc' dir='ltr'>ἀνωθεν</span> <span class='ocrx_word' id='word_1_11' title='bbox 1536 552 1778 620; x_wconf 81' lang='grc' dir='ltr'>εἴπομεν·</span> 
     </span>
    </p>
   </div>
   <div class='ocr_carea' id='block_1_5' title="bbox 1883 550 3438 626">
    <p class='ocr_par' dir='ltr' id='par_1_5' title="bbox 1885 550 3438 620">
     <span class='ocr_line' id='line_1_5' title="bbox 1885 550 3438 620; baseline -0.001 -19"><span class='ocrx_word' id='word_1_12' title='bbox 1885 565 2026 618; x_wconf 72' lang='lat' dir='ltr'><strong>rogm</strong></span> <span class='ocrx_word' id='word_1_13' title='bbox 2045 551 2395 619; x_wconf 86' lang='lat' dir='ltr'><strong>baiorumque</strong></span> <span class='ocrx_word' id='word_1_14' title='bbox 2421 551 2594 610; x_wconf 84' lang='lat' dir='ltr'><strong>ﬂores.</strong></span> <span class='ocrx_word' id='word_1_15' title='bbox 2622 553 2710 619; x_wconf 87' lang='lat' dir='ltr'><strong>qui</strong></span> <span class='ocrx_word' id='word_1_16' title='bbox 2736 567 2855 606; x_wconf 90' lang='lat' dir='ltr'><strong>cum</strong></span> <span class='ocrx_word' id='word_1_17' title='bbox 2881 552 3024 620; x_wconf 71' lang='lat' dir='ltr'><strong>rogis</strong></span> <span class='ocrx_word' id='word_1_18' title='bbox 3041 550 3438 607; x_wconf 76' lang='lat' dir='ltr'><strong>exoriebantur.</strong></span> 
     </span>
    </p>
   </div>
   <div class='ocr_carea' id='block_1_6' title="bbox 233 643 1787 714">
    <p class='ocr_par' dir='ltr' id='par_1_6' title="bbox 233 643 1787 714">
     <span class='ocr_line' id='line_1_6' title="bbox 233 643 1787 714; baseline -0.003 -16"><span class='ocrx_word' id='word_1_19' title='bbox 233 647 349 700; x_wconf 84' lang='grc' dir='ltr'>τῶν</span> <span class='ocrx_word' id='word_1_20' title='bbox 377 647 432 698; x_wconf 80' lang='grc' dir='ltr'>δὲ</span> <span class='ocrx_word' id='word_1_21' title='bbox 457 645 616 698; x_wconf 85' lang='grc' dir='ltr'>θείων</span> <span class='ocrx_word' id='word_1_22' title='bbox 650 647 1002 714; x_wconf 80' lang='grc' dir='ltr'>πατριαρχῶν</span> <span class='ocrx_word' id='word_1_23' title='bbox 1031 649 1085 698; x_wconf 86' lang='grc' dir='ltr'><strong>αί</strong></span> <span class='ocrx_word' id='word_1_24' title='bbox 1137 646 1294 714; x_wconf 83' lang='grc' dir='ltr'>ῥόγαι</span> <span class='ocrx_word' id='word_1_25' title='bbox 1351 643 1787 712; x_wconf 83' lang='grc' dir='ltr'>δημοσιεύονται,</span> 
     </span>
    </p>
   </div>
   <div class='ocr_carea' id='block_1_7' title="bbox 233 735 1790 808">
    <p class='ocr_par' dir='ltr' id='par_1_7' title="bbox 233 735 1790 808">
     <span class='ocr_line' id='line_1_7' title="bbox 233 735 1790 808; baseline -0.003 -18"><span class='ocrx_word' id='word_1_26' title='bbox 233 740 332 790; x_wconf 71' lang='grc' dir='ltr'>καὶ</span> <span class='ocrx_word' id='word_1_27' title='bbox 371 739 397 806; x_wconf 78' lang='grc' dir='ltr'><strong>η</strong></span> <span class='ocrx_word' id='word_1_28' title='bbox 435 739 678 804; x_wconf 76' lang='grc' dir='ltr'>συνήθως</span> <span class='ocrx_word' id='word_1_29' title='bbox 707 738 955 806; x_wconf 80' lang='grc' dir='ltr'><strong>διδομένη</strong></span> <span class='ocrx_word' id='word_1_30' title='bbox 987 739 1120 808; x_wconf 77' lang='grc' dir='ltr'><strong>ρόγα</strong></span> <span class='ocrx_word' id='word_1_31' title='bbox 1143 737 1282 788; x_wconf 81' lang='grc' dir='ltr'>κατὰ</span> <span class='ocrx_word' id='word_1_32' title='bbox 1304 737 1400 805; x_wconf 75' lang='grc' dir='ltr'>τὴν</span> <span class='ocrx_word' id='word_1_33' title='bbox 1431 735 1632 803; x_wconf 80' lang='grc' dir='ltr'>κυρξως</span> <span class='ocrx_word' id='word_1_34' title='bbox 1653 736 1790 786; x_wconf 73' lang='grc' dir='ltr'>ἀπό-</span> 
     </span>
    </p>
   </div>
   <div class='ocr_carea' id='block_1_8' title="bbox 233 823 1792 894">
    <p class='ocr_par' dir='ltr' id='par_1_8' title="bbox 233 823 1792 894">
     <span class='ocr_line' id='line_1_8' title="bbox 233 823 1792 894; baseline -0.002 -18"><span class='ocrx_word' id='word_1_35' title='bbox 233 841 410 891; x_wconf 77' lang='grc' dir='ltr'>κρεω,</span> <span class='ocrx_word' id='word_1_36' title='bbox 431 827 506 886; x_wconf 83' lang='grc' dir='ltr'><strong>είς</strong></span> <span class='ocrx_word' id='word_1_37' title='bbox 538 826 634 891; x_wconf 78' lang='grc' dir='ltr'>τὴν</span> <span class='ocrx_word' id='word_1_38' title='bbox 687 825 921 892; x_wconf 83' lang='grc' dir='ltr'>ὲτησίως</span> <span class='ocrx_word' id='word_1_39' title='bbox 979 825 1376 894; x_wconf 76' lang='grc' dir='ltr'>προϐαίνουσαν</span> <span class='ocrx_word' id='word_1_40' title='bbox 1408 823 1792 890; x_wconf 78' lang='grc' dir='ltr'>ὲκκλησιαστι·</span> 
     </span>
    </p>
   </div>
   <div class='ocr_carea' id='block_1_9' title="bbox 236 913 1791 984">
    <p class='ocr_par' dir='ltr' id='par_1_9' title="bbox 236 913 1791 984">
     <span class='ocr_line' id='line_1_9' title="bbox 236 913 1791 984; baseline -0.003 -18"><span class='ocrx_word' id='word_1_41' title='bbox 236 915 342 982; x_wconf 69' lang='grc' dir='ltr'>κῆν</span> <span class='ocrx_word' id='word_1_42' title='bbox 373 916 538 983; x_wconf 69' lang='grc' dir='ltr'>ρόγαν</span> <span class='ocrx_word' id='word_1_43' title='bbox 571 915 709 967; x_wconf 86' lang='grc' dir='ltr'><strong>κατά</strong></span> <span class='ocrx_word' id='word_1_44' title='bbox 738 915 835 984; x_wconf 74' lang='grc' dir='ltr'>τὴν</span> <span class='ocrx_word' id='word_1_45' title='bbox 876 915 1118 983; x_wconf 78' lang='grc' dir='ltr'><strong>μεγάλην</strong></span> <span class='ocrx_word' id='word_1_46' title='bbox 1145 915 1332 982; x_wconf 78' lang='grc' dir='ltr'><strong>τρίτην</strong></span> <span class='ocrx_word' id='word_1_47' title='bbox 1379 913 1665 982; x_wconf 81' lang='grc' dir='ltr'>μετέπεσε,</span> <span class='ocrx_word' id='word_1_48' title='bbox 1695 930 1791 962; x_wconf 88' lang='grc' dir='ltr'>κα-</span> 
     </span>
    </p>
   </div>
   <div class='ocr_carea' id='block_1_10' title="bbox 231 1002 1792 1072">
    <p class='ocr_par' dir='ltr' id='par_1_10' title="bbox 231 1002 1792 1072">
     <span class='ocr_line' id='line_1_10' title="bbox 231 1002 1792 1072; baseline -0.003 -18"><span class='ocrx_word' id='word_1_49' title='bbox 231 1004 365 1064; x_wconf 79' lang='grc' dir='ltr'>θὼς,</span> <span class='ocrx_word' id='word_1_50' title='bbox 419 1004 483 1054; x_wconf 72' lang='grc' dir='ltr'>τὰ</span> <span class='ocrx_word' id='word_1_51' title='bbox 519 1003 719 1055; x_wconf 83' lang='grc' dir='ltr'>παλαιά</span> <span class='ocrx_word' id='word_1_52' title='bbox 771 1003 986 1055; x_wconf 75' lang='grc' dir='ltr'><strong>λαλοῦσι</strong></span> <span class='ocrx_word' id='word_1_53' title='bbox 1037 1003 1282 1072; x_wconf 77' lang='grc' dir='ltr'>ρογάλια,</span> <span class='ocrx_word' id='word_1_54' title='bbox 1319 1002 1551 1054; x_wconf 85' lang='grc' dir='ltr'>διδόασιν</span> <span class='ocrx_word' id='word_1_55' title='bbox 1593 1003 1641 1051; x_wconf 80' lang='lat' dir='ltr'><strong>oi</strong></span> <span class='ocrx_word' id='word_1_56' title='bbox 1689 1017 1792 1051; x_wconf 76' lang='grc' dir='ltr'>πα-</span> 
     </span>
    </p>
   </div>
   <div class='ocr_carea' id='block_1_11' title="bbox 232 1091 1791 1163">
    <p class='ocr_par' dir='ltr' id='par_1_11' title="bbox 232 1091 1791 1163">
     <span class='ocr_line' id='line_1_11' title="bbox 232 1091 1791 1163; baseline -0.001 -20"><span class='ocrx_word' id='word_1_57' title='bbox 232 1094 487 1160; x_wconf 77' lang='grc' dir='ltr'>τριάρχαι</span> <span class='ocrx_word' id='word_1_58' title='bbox 545 1093 682 1162; x_wconf 85' lang='grc' dir='ltr'>μετὰ</span> <span class='ocrx_word' id='word_1_59' title='bbox 727 1093 823 1162; x_wconf 80' lang='grc' dir='ltr'>τὴν</span> <span class='ocrx_word' id='word_1_60' title='bbox 868 1095 1166 1163; x_wconf 76' lang='grc' dir='ltr'><strong>κατήχησιν</strong></span> <span class='ocrx_word' id='word_1_61' title='bbox 1197 1092 1272 1162; x_wconf 83' lang='grc' dir='ltr'>τῷ</span> <span class='ocrx_word' id='word_1_62' title='bbox 1305 1093 1417 1162; x_wconf 79' lang='grc' dir='ltr'><strong>λαῷ</strong></span> <span class='ocrx_word' id='word_1_63' title='bbox 1447 1093 1518 1152; x_wconf 82' lang='grc' dir='ltr'>ὡς</span> <span class='ocrx_word' id='word_1_64' title='bbox 1566 1091 1691 1158; x_wconf 75' lang='grc' dir='ltr'>βαΐα</span> <span class='ocrx_word' id='word_1_65' title='bbox 1724 1092 1791 1143; x_wconf 67' lang='grc' dir='ltr'>τὰ</span> 
     </span>
    </p>
   </div>
   <div class='ocr_carea' id='block_1_12' title="bbox 231 1181 1789 1251">
    <p class='ocr_par' dir='ltr' id='par_1_12' title="bbox 231 1181 1789 1251">
     <span class='ocr_line' id='line_1_12' title="bbox 231 1181 1789 1251; baseline -0.002 -17"><span class='ocrx_word' id='word_1_66' title='bbox 231 1184 587 1249; x_wconf 65' lang='grc' dir='ltr'>θυμιάματα·</span> <span class='ocrx_word' id='word_1_67' title='bbox 644 1183 1094 1251; x_wconf 83' lang='grc' dir='ltr'>παρεγγυώμενοι</span> <span class='ocrx_word' id='word_1_68' title='bbox 1135 1183 1201 1234; x_wconf 81' lang='grc' dir='ltr'>δι’</span> <span class='ocrx_word' id='word_1_69' title='bbox 1248 1182 1426 1235; x_wconf 70' lang='grc' dir='ltr'>αὐτῶν</span> <span class='ocrx_word' id='word_1_70' title='bbox 1451 1181 1649 1233; x_wconf 81' lang='grc' dir='ltr'>ὡσανεὶ</span> <span class='ocrx_word' id='word_1_71' title='bbox 1681 1184 1789 1242; x_wconf 81' lang='grc' dir='ltr'>τοῖς</span> 
     </span>
    </p>
   </div>
   <div class='ocr_carea' id='block_1_13' title="bbox 235 1273 1785 1344">
    <p class='ocr_par' dir='ltr' id='par_1_13' title="bbox 235 1273 1785 1344">
     <span class='ocr_line' id='line_1_13' title="bbox 235 1273 1785 1344; baseline 0.001 -20"><span class='ocrx_word' id='word_1_72' title='bbox 235 1275 593 1342; x_wconf 75' lang='grc' dir='ltr'>λαμϐάνουσι,</span> <span class='ocrx_word' id='word_1_73' title='bbox 638 1279 967 1341; x_wconf 81' lang='grc' dir='ltr'><strong>μεταπεσεῖν</strong></span> <span class='ocrx_word' id='word_1_74' title='bbox 1023 1278 1085 1327; x_wconf 81' lang='grc' dir='ltr'>ὲκ</span> <span class='ocrx_word' id='word_1_75' title='bbox 1125 1275 1222 1341; x_wconf 76' lang='grc' dir='ltr'>τῆς</span> <span class='ocrx_word' id='word_1_76' title='bbox 1257 1274 1464 1344; x_wconf 80' lang='grc' dir='ltr'>φαύλης</span> <span class='ocrx_word' id='word_1_77' title='bbox 1493 1273 1785 1341; x_wconf 71' lang='grc' dir='ltr'>διαγωγῆς,</span> 
     </span>
    </p>
   </div>
   <div class='ocr_carea' id='block_1_14' title="bbox 229 1363 1785 1432">
    <p class='ocr_par' dir='ltr' id='par_1_14' title="bbox 229 1363 1785 1432">
     <span class='ocr_line' id='line_1_14' title="bbox 229 1363 1785 1432; baseline 0 -18"><span class='ocrx_word' id='word_1_78' title='bbox 229 1363 414 1424; x_wconf 76' lang='grc' dir='ltr'>καθώς</span> <span class='ocrx_word' id='word_1_79' title='bbox 445 1381 542 1415; x_wconf 87' lang='grc' dir='ltr'><strong>που</strong></span> <span class='ocrx_word' id='word_1_80' title='bbox 592 1365 685 1416; x_wconf 75' lang='grc' dir='ltr'>καὶ</span> <span class='ocrx_word' id='word_1_81' title='bbox 718 1365 1123 1432; x_wconf 80' lang='grc' dir='ltr'>καθηγήθησαν,</span> <span class='ocrx_word' id='word_1_82' title='bbox 1159 1365 1247 1416; x_wconf 69' lang='grc' dir='ltr'>καὶ</span> <span class='ocrx_word' id='word_1_83' title='bbox 1307 1365 1373 1415; x_wconf 88' lang='grc' dir='ltr'>δι’</span> <span class='ocrx_word' id='word_1_84' title='bbox 1429 1363 1785 1432; x_wconf 80' lang='grc' dir='ltr'>ὀλιγοημὲρου</span> 
     </span>
    </p>
   </div>
   <div class='ocr_carea' id='block_1_15' title="bbox 228 1451 1787 1520">
    <p class='ocr_par' dir='ltr' id='par_1_15' title="bbox 228 1451 1787 1520">
     <span class='ocr_line' id='line_1_15' title="bbox 228 1451 1787 1520; baseline -0.001 -17"><span class='ocrx_word' id='word_1_85' title='bbox 228 1454 564 1519; x_wconf 71' lang='grc' dir='ltr'><strong>ἐπιστροφῆς</strong></span> <span class='ocrx_word' id='word_1_86' title='bbox 595 1452 868 1520; x_wconf 79' lang='grc' dir='ltr'>βασιλείαν</span> <span class='ocrx_word' id='word_1_87' title='bbox 899 1454 1113 1504; x_wconf 83' lang='grc' dir='ltr'>αἰώνιον</span> <span class='ocrx_word' id='word_1_88' title='bbox 1142 1451 1587 1517; x_wconf 70' lang='grc' dir='ltr'>ἀνταλλάξασθαι.</span> <span class='ocrx_word' id='word_1_89' title='bbox 1622 1453 1787 1503; x_wconf 81' lang='grc' dir='ltr'>Εὐτε-</span> 
     </span>
    </p>
   </div>
   <div class='ocr_carea' id='block_1_16' title="bbox 225 1542 1779 1611">
    <p class='ocr_par' dir='ltr' id='par_1_16' title="bbox 225 1542 1779 1611">
     <span class='ocr_line' id='line_1_16' title="bbox 225 1542 1779 1611; baseline 0 -18"><span class='ocrx_word' id='word_1_90' title='bbox 225 1543 346 1594; x_wconf 83' lang='grc' dir='ltr'>λέσι</span> <span class='ocrx_word' id='word_1_91' title='bbox 374 1543 429 1594; x_wconf 80' lang='grc' dir='ltr'>δὲ</span> <span class='ocrx_word' id='word_1_92' title='bbox 469 1544 770 1611; x_wconf 79' lang='grc' dir='ltr'>θυμιάμασι</span> <span class='ocrx_word' id='word_1_93' title='bbox 794 1543 930 1594; x_wconf 82' lang='grc' dir='ltr'><strong>κατά</strong></span> <span class='ocrx_word' id='word_1_94' title='bbox 961 1543 1354 1611; x_wconf 80' lang='grc' dir='ltr'>σμικρολόγους</span> <span class='ocrx_word' id='word_1_95' title='bbox 1382 1544 1476 1594; x_wconf 75' lang='grc' dir='ltr'>καὶ</span> <span class='ocrx_word' id='word_1_96' title='bbox 1509 1542 1779 1610; x_wconf 70' lang='grc' dir='ltr'>κῖμῆικας</span> 
     </span>
    </p>
   </div>
   <div class='ocr_carea' id='block_1_17' title="bbox 225 1633 1785 1702">
    <p class='ocr_par' dir='ltr' id='par_1_17' title="bbox 225 1633 1785 1702">
     <span class='ocr_line' id='line_1_17' title="bbox 225 1633 1785 1702; baseline 0 -18"><span class='ocrx_word' id='word_1_97' title='bbox 225 1635 330 1684; x_wconf 85' lang='grc' dir='ltr'>οὐκ</span> <span class='ocrx_word' id='word_1_98' title='bbox 353 1634 691 1686; x_wconf 72' lang='grc' dir='ltr'>ἑλαττονοῦσι</span> <span class='ocrx_word' id='word_1_99' title='bbox 717 1633 775 1686; x_wconf 78' lang='grc' dir='ltr'>τὸ</span> <span class='ocrx_word' id='word_1_100' title='bbox 811 1633 1094 1702; x_wconf 80' lang='grc' dir='ltr'><strong>μεγαλεῖον</strong></span> <span class='ocrx_word' id='word_1_101' title='bbox 1131 1633 1221 1685; x_wconf 90' lang='grc' dir='ltr'><strong>τοῦ</strong></span> <span class='ocrx_word' id='word_1_102' title='bbox 1259 1633 1602 1700; x_wconf 77' lang='grc' dir='ltr'><strong>ῐῐνεύματος⁸</strong></span> <span class='ocrx_word' id='word_1_103' title='bbox 1647 1634 1785 1700; x_wconf 80' lang='grc' dir='ltr'>(πῶς</span> 
     </span>
    </p>
   </div>
   <div class='ocr_carea' id='block_1_18' title="bbox 224 1720 1787 1790">
    <p class='ocr_par' dir='ltr' id='par_1_18' title="bbox 224 1720 1787 1790">
     <span class='ocr_line' id='line_1_18' title="bbox 224 1720 1787 1790; baseline -0.001 -18"><span class='ocrx_word' id='word_1_104' title='bbox 224 1722 337 1787; x_wconf 80' lang='grc' dir='ltr'>γὰρ</span> <span class='ocrx_word' id='word_1_105' title='bbox 379 1723 426 1772; x_wconf 86' lang='grc' dir='ltr'>οἱ</span> <span class='ocrx_word' id='word_1_106' title='bbox 463 1725 638 1773; x_wconf 71' lang='grc' dir='ltr'>πᾶσαν</span> <span class='ocrx_word' id='word_1_107' title='bbox 669 1722 766 1790; x_wconf 76' lang='grc' dir='ltr'>τὴν</span> <span class='ocrx_word' id='word_1_108' title='bbox 811 1721 1135 1790; x_wconf 73' lang='grc' dir='ltr'><strong>οἰκουμένην</strong></span> <span class='ocrx_word' id='word_1_109' title='bbox 1195 1720 1619 1788; x_wconf 73' lang='grc' dir='ltr'>φιλανθρωπίαις</span> <span class='ocrx_word' id='word_1_110' title='bbox 1656 1737 1787 1771; x_wconf 80' lang='grc' dir='ltr'>παν·</span> 
     </span>
    </p>
   </div>
   <div class='ocr_carea' id='block_1_19' title="bbox 223 1810 1781 1880">
    <p class='ocr_par' dir='ltr' id='par_1_19' title="bbox 223 1810 1781 1880">
     <span class='ocr_line' id='line_1_19' title="bbox 223 1810 1781 1880; baseline 0.002 -21"><span class='ocrx_word' id='word_1_111' title='bbox 223 1810 487 1872; x_wconf 65' lang='grc' dir='ltr'>τεδαπαῖς</span> <span class='ocrx_word' id='word_1_112' title='bbox 544 1814 954 1880; x_wconf 78' lang='grc' dir='ltr'><strong>σαγηνεύοντες,</strong></span> <span class='ocrx_word' id='word_1_113' title='bbox 1012 1813 1104 1864; x_wconf 82' lang='grc' dir='ltr'>καὶ</span> <span class='ocrx_word' id='word_1_114' title='bbox 1149 1813 1327 1863; x_wconf 72' lang='grc' dir='ltr'>πᾶσαν</span> <span class='ocrx_word' id='word_1_115' title='bbox 1380 1811 1781 1879; x_wconf 83' lang='grc' dir='ltr'>πενητεύουσαν</span> 
     </span>
    </p>
   </div>
   <div class='ocr_carea' id='block_1_20' title="bbox 223 1899 1779 1970">
    <p class='ocr_par' dir='ltr' id='par_1_20' title="bbox 223 1899 1779 1970">
     <span class='ocr_line' id='line_1_20' title="bbox 223 1899 1779 1970; baseline 0 -20"><span class='ocrx_word' id='word_1_116' title='bbox 223 1899 607 1964; x_wconf 73' lang='grc' dir='ltr'>αῦλακίζοντες</span> <span class='ocrx_word' id='word_1_117' title='bbox 669 1903 927 1970; x_wconf 69' lang='grc' dir='ltr'>ἄρουραν,</span> <span class='ocrx_word' id='word_1_118' title='bbox 983 1903 1077 1955; x_wconf 71' lang='grc' dir='ltr'>καὶ</span> <span class='ocrx_word' id='word_1_119' title='bbox 1148 1901 1412 1969; x_wconf 79' lang='grc' dir='ltr'><strong>πολύχουν</strong></span> <span class='ocrx_word' id='word_1_120' title='bbox 1468 1901 1779 1970; x_wconf 79' lang='grc' dir='ltr'>εὐεργεσίας</span> 
     </span>
    </p>
   </div>
   <div class='ocr_carea' id='block_1_21' title="bbox 221 1987 1780 2065">
    <p class='ocr_par' dir='ltr' id='par_1_21' title="bbox 221 1987 1780 2065">
     <span class='ocr_line' id='line_1_21' title="bbox 221 1987 1780 2065; baseline 0.001 -27"><span class='ocrx_word' id='word_1_121' title='bbox 221 1987 530 2065; x_wconf 62' lang='grc' dir='ltr'>θερίζοντες</span> <span class='ocrx_word' id='word_1_122' title='bbox 551 1991 829 2060; x_wconf 81' lang='grc' dir='ltr'>ἀσταχυν;)</span> <span class='ocrx_word' id='word_1_123' title='bbox 868 1991 1001 2043; x_wconf 84' lang='grc' dir='ltr'><strong>ἀλλά</strong></span> <span class='ocrx_word' id='word_1_124' title='bbox 1035 1992 1132 2059; x_wconf 81' lang='grc' dir='ltr'><strong>τῆς</strong></span> <span class='ocrx_word' id='word_1_125' title='bbox 1163 1992 1374 2060; x_wconf 73' lang='grc' dir='ltr'>ἡμέρας</span> <span class='ocrx_word' id='word_1_126' title='bbox 1409 1991 1504 2061; x_wconf 72' lang='grc' dir='ltr'>τὴν</span> <span class='ocrx_word' id='word_1_127' title='bbox 1555 1991 1780 2057; x_wconf 84' lang='grc' dir='ltr'>δύναμιν</span> 
     </span>
    </p>
   </div>
   <div class='ocr_carea' id='block_1_22' title="bbox 221 2078 1780 2148">
    <p class='ocr_par' dir='ltr' id='par_1_22' title="bbox 221 2078 1780 2148">
     <span class='ocr_line' id='line_1_22' title="bbox 221 2078 1780 2148; baseline 0.002 -21"><span class='ocrx_word' id='word_1_128' title='bbox 221 2078 603 2146; x_wconf 75' lang='grc' dir='ltr'>αἰνιττόμενοι,</span> <span class='ocrx_word' id='word_1_129' title='bbox 628 2080 720 2130; x_wconf 73' lang='grc' dir='ltr'>καὶ</span> <span class='ocrx_word' id='word_1_130' title='bbox 748 2079 1087 2141; x_wconf 70' lang='grc' dir='ltr'>διδάσκοντες</span> <span class='ocrx_word' id='word_1_131' title='bbox 1107 2080 1343 2148; x_wconf 75' lang='grc' dir='ltr'>ὡσπερεὶ</span> <span class='ocrx_word' id='word_1_132' title='bbox 1361 2080 1428 2131; x_wconf 77' lang='grc' dir='ltr'>δι’</span> <span class='ocrx_word' id='word_1_133' title='bbox 1456 2080 1630 2131; x_wconf 82' lang='grc' dir='ltr'>αὐτῶν</span> <span class='ocrx_word' id='word_1_134' title='bbox 1655 2080 1780 2139; x_wconf 67' lang='grc' dir='ltr'>τοὺς</span> 
     </span>
    </p>
   </div>
   <div class='ocr_carea' id='block_1_23' title="bbox 221 2164 1779 2236">
    <p class='ocr_par' dir='ltr' id='par_1_23' title="bbox 221 2164 1779 2236">
     <span class='ocr_line' id='line_1_23' title="bbox 221 2164 1779 2236; baseline 0.001 -20"><span class='ocrx_word' id='word_1_135' title='bbox 221 2166 616 2234; x_wconf 68' lang='grc' dir='ltr'>λαμϐάνοντας,</span> <span class='ocrx_word' id='word_1_136' title='bbox 647 2171 830 2220; x_wconf 83' lang='grc' dir='ltr'>ὁποῖον</span> <span class='ocrx_word' id='word_1_137' title='bbox 865 2164 1002 2222; x_wconf 78' lang='grc' dir='ltr'>εἶναι</span> <span class='ocrx_word' id='word_1_138' title='bbox 1025 2170 1104 2220; x_wconf 86' lang='grc' dir='ltr'><strong>δεῖ</strong></span> <span class='ocrx_word' id='word_1_139' title='bbox 1127 2170 1186 2220; x_wconf 79' lang='grc' dir='ltr'>τὸ</span> <span class='ocrx_word' id='word_1_140' title='bbox 1206 2168 1432 2236; x_wconf 73' lang='grc' dir='ltr'>ψυχικὸν</span> <span class='ocrx_word' id='word_1_141' title='bbox 1459 2169 1779 2236; x_wconf 71' lang='grc' dir='ltr'>κατάστημα</span> 
     </span>
    </p>
   </div>
   <div class='ocr_carea' id='block_1_24' title="bbox 224 2255 1776 2326">
    <p class='ocr_par' dir='ltr' id='par_1_24' title="bbox 224 2255 1776 2326">
     <span class='ocr_line' id='line_1_24' title="bbox 224 2255 1776 2326; baseline 0.003 -22"><span class='ocrx_word' id='word_1_142' title='bbox 224 2255 323 2306; x_wconf 82' lang='grc' dir='ltr'><strong>τοῦ</strong></span> <span class='ocrx_word' id='word_1_143' title='bbox 347 2257 711 2322; x_wconf 67' lang='grc' dir='ltr'>νηστεύοντος,</span> <span class='ocrx_word' id='word_1_144' title='bbox 746 2258 834 2309; x_wconf 58' lang='grc' dir='ltr'>κα*</span> <span class='ocrx_word' id='word_1_145' title='bbox 875 2260 971 2326; x_wconf 84' lang='grc' dir='ltr'>τῆς</span> <span class='ocrx_word' id='word_1_146' title='bbox 999 2257 1287 2326; x_wconf 77' lang='grc' dir='ltr'>μετανοίας</span> <span class='ocrx_word' id='word_1_147' title='bbox 1321 2259 1379 2309; x_wconf 72' lang='grc' dir='ltr'><strong>τὸ</strong></span> <span class='ocrx_word' id='word_1_148' title='bbox 1401 2258 1776 2324; x_wconf 70' lang='grc' dir='ltr'>ὁλοκαύτωμα,</span> 
     </span>
    </p>
   </div>
   <div class='ocr_carea' id='block_1_25' title="bbox 226 2345 1780 2416">
    <p class='ocr_par' dir='ltr' id='par_1_25' title="bbox 226 2345 1780 2416">
     <span class='ocr_line' id='line_1_25' title="bbox 226 2345 1780 2416; baseline 0.003 -22"><span class='ocrx_word' id='word_1_149' title='bbox 226 2345 320 2394; x_wconf 76' lang='grc' dir='ltr'>καὶ</span> <span class='ocrx_word' id='word_1_150' title='bbox 356 2347 452 2411; x_wconf 71' lang='grc' dir='ltr'>τῆς</span> <span class='ocrx_word' id='word_1_151' title='bbox 483 2348 786 2414; x_wconf 83' lang='grc' dir='ltr'>προσευχῆς</span> <span class='ocrx_word' id='word_1_152' title='bbox 813 2347 872 2398; x_wconf 81' lang='grc' dir='ltr'>τὸ</span> <span class='ocrx_word' id='word_1_153' title='bbox 903 2347 1171 2416; x_wconf 82' lang='grc' dir='ltr'>θυμίαμα.</span> <span class='ocrx_word' id='word_1_154' title='bbox 1205 2348 1313 2398; x_wconf 68' lang='grc' dir='ltr'><strong>Καὶ</strong></span> <span class='ocrx_word' id='word_1_155' title='bbox 1344 2349 1463 2399; x_wconf 85' lang='grc' dir='ltr'>τότε</span> <span class='ocrx_word' id='word_1_156' title='bbox 1511 2348 1608 2416; x_wconf 84' lang='grc' dir='ltr'>μὲν</span> <span class='ocrx_word' id='word_1_157' title='bbox 1641 2347 1780 2399; x_wconf 79' lang='grc' dir='ltr'>οὕτω</span> 
     </span>
    </p>
   </div>
   <div class='ocr_carea' id='block_1_26' title="bbox 222 2429 1778 2504">
    <p class='ocr_par' dir='ltr' id='par_1_26' title="bbox 222 2429 1778 2504">
     <span class='ocr_line' id='line_1_26' title="bbox 222 2429 1778 2504; baseline 0.004 -26"><span class='ocrx_word' id='word_1_158' title='bbox 222 2429 614 2483; x_wconf 76' lang='grc' dir='ltr'>κατευθύνονσι</span> <span class='ocrx_word' id='word_1_159' title='bbox 637 2433 734 2498; x_wconf 77' lang='grc' dir='ltr'>τῆς</span> <span class='ocrx_word' id='word_1_160' title='bbox 768 2434 1017 2502; x_wconf 74' lang='grc' dir='ltr'>νηστείας</span> <span class='ocrx_word' id='word_1_161' title='bbox 1051 2434 1111 2486; x_wconf 73' lang='grc' dir='ltr'>τὸ</span> <span class='ocrx_word' id='word_1_162' title='bbox 1136 2434 1370 2488; x_wconf 75' lang='grc' dir='ltr'>στάδιον.</span> <span class='ocrx_word' id='word_1_163' title='bbox 1412 2435 1566 2487; x_wconf 81' lang='grc' dir='ltr'>Κατά</span> <span class='ocrx_word' id='word_1_164' title='bbox 1590 2435 1646 2487; x_wconf 80' lang='grc' dir='ltr'>δὲ</span> <span class='ocrx_word' id='word_1_165' title='bbox 1679 2437 1778 2504; x_wconf 75' lang='grc' dir='ltr'>τὴν</span> 
     </span>
    </p>
   </div>
   <div class='ocr_carea' id='block_1_27' title="bbox 221 2516 1777 2590">
    <p class='ocr_par' dir='ltr' id='par_1_27' title="bbox 221 2516 1777 2590">
     <span class='ocr_line' id='line_1_27' title="bbox 221 2516 1777 2590; baseline 0.008 -26"><span class='ocrx_word' id='word_1_166' title='bbox 221 2517 326 2582; x_wconf 74' lang='grc' dir='ltr'>τῆς</span> <span class='ocrx_word' id='word_1_167' title='bbox 366 2516 653 2588; x_wconf 77' lang='grc' dir='ltr'>βαῖοφόρου</span> <span class='ocrx_word' id='word_1_168' title='bbox 687 2523 1027 2589; x_wconf 72' lang='grc' dir='ltr'>χαρμόσννον</span> <span class='ocrx_word' id='word_1_169' title='bbox 1057 2521 1420 2590; x_wconf 83' lang='grc' dir='ltr'>κυριὼνυμον,</span> <span class='ocrx_word' id='word_1_170' title='bbox 1447 2523 1521 2584; x_wconf 85' lang='grc' dir='ltr'>ὡς</span> <span class='ocrx_word' id='word_1_171' title='bbox 1552 2523 1777 2576; x_wconf 81' lang='grc' dir='ltr'>ἀθλοθέ-</span> 
     </span>
    </p>
   </div>
   <div class='ocr_carea' id='block_1_28' title="bbox 222 2603 1779 2677">
    <p class='ocr_par' dir='ltr' id='par_1_28' title="bbox 222 2603 1779 2677">
     <span class='ocr_line' id='line_1_28' title="bbox 222 2603 1779 2677; baseline 0.005 -25"><span class='ocrx_word' id='word_1_172' title='bbox 222 2620 316 2654; x_wconf 83' lang='grc' dir='ltr'><strong>ται</strong></span> <span class='ocrx_word' id='word_1_173' title='bbox 343 2603 680 2668; x_wconf 83' lang='grc' dir='ltr'>καθίσαντες,</span> <span class='ocrx_word' id='word_1_174' title='bbox 711 2607 980 2676; x_wconf 79' lang='grc' dir='ltr'>(Ἐκάθισε</span> <span class='ocrx_word' id='word_1_175' title='bbox 1014 2608 1140 2677; x_wconf 78' lang='grc' dir='ltr'>γὰρ,</span> <span class='ocrx_word' id='word_1_176' title='bbox 1177 2609 1362 2675; x_wconf 73' lang='grc' dir='ltr'>φησὶν,</span> <span class='ocrx_word' id='word_1_177' title='bbox 1393 2609 1420 2658; x_wconf 83' lang='grc' dir='ltr'><strong>ὁ</strong></span> <span class='ocrx_word' id='word_1_178' title='bbox 1477 2609 1674 2677; x_wconf 76' lang='grc' dir='ltr'>κρῖνων</span> <span class='ocrx_word' id='word_1_179' title='bbox 1703 2609 1779 2662; x_wconf 79' lang='grc' dir='ltr'>διο</span> 
     </span>
    </p>
   </div>
   <div class='ocr_carea' id='block_1_29' title="bbox 225 2690 1776 2766">
    <p class='ocr_par' dir='ltr' id='par_1_29' title="bbox 225 2690 1776 2766">
     <span class='ocr_line' id='line_1_29' title="bbox 225 2690 1776 2766; baseline 0.006 -27"><span class='ocrx_word' id='word_1_180' title='bbox 225 2690 574 2757; x_wconf 82' lang='grc' dir='ltr'>καιοσύνην,)</span> <span class='ocrx_word' id='word_1_181' title='bbox 614 2694 912 2756; x_wconf 77' lang='grc' dir='ltr'>δεξιοῦνται</span> <span class='ocrx_word' id='word_1_182' title='bbox 943 2697 1066 2758; x_wconf 84' lang='grc' dir='ltr'>τοὺς</span> <span class='ocrx_word' id='word_1_183' title='bbox 1092 2697 1150 2748; x_wconf 81' lang='grc' dir='ltr'>τὸ</span> <span class='ocrx_word' id='word_1_184' title='bbox 1185 2699 1520 2766; x_wconf 74' lang='grc' dir='ltr'>παγκράτιον</span> <span class='ocrx_word' id='word_1_185' title='bbox 1545 2699 1643 2765; x_wconf 79' lang='grc' dir='ltr'>τῆς</span> <span class='ocrx_word' id='word_1_186' title='bbox 1683 2716 1776 2766; x_wconf 84' lang='grc' dir='ltr'>νη-</span> 
     </span>
    </p>
   </div>
   <div class='ocr_carea' id='block_1_30' title="bbox 225 2781 1780 2856">
    <p class='ocr_par' dir='ltr' id='par_1_30' title="bbox 225 2781 1780 2856">
     <span class='ocr_line' id='line_1_30' title="bbox 225 2781 1780 2856; baseline 0.006 -27"><span class='ocrx_word' id='word_1_187' title='bbox 225 2781 416 2843; x_wconf 78' lang='grc' dir='ltr'>στείας</span> <span class='ocrx_word' id='word_1_188' title='bbox 467 2784 814 2851; x_wconf 84' lang='grc' dir='ltr'>νικήσαντας,</span> <span class='ocrx_word' id='word_1_189' title='bbox 894 2787 1086 2856; x_wconf 85' lang='grc' dir='ltr'>τιμίων</span> <span class='ocrx_word' id='word_1_190' title='bbox 1151 2789 1244 2839; x_wconf 73' lang='grc' dir='ltr'>καὶ</span> <span class='ocrx_word' id='word_1_191' title='bbox 1304 2787 1470 2854; x_wconf 81' lang='grc' dir='ltr'>ἁγίων</span> <span class='ocrx_word' id='word_1_192' title='bbox 1535 2789 1780 2855; x_wconf 73' lang='grc' dir='ltr'>σταυρῶν</span> 
     </span>
    </p>
   </div>
   <div class='ocr_carea' id='block_1_31' title="bbox 223 2868 1778 2944">
    <p class='ocr_par' dir='ltr' id='par_1_31' title="bbox 223 2868 1778 2944">
     <span class='ocr_line' id='line_1_31' title="bbox 223 2868 1778 2944; baseline 0.005 -26"><span class='ocrx_word' id='word_1_193' title='bbox 223 2868 551 2936; x_wconf 76' lang='grc' dir='ltr'>ἀγιάσμασι,</span> <span class='ocrx_word' id='word_1_194' title='bbox 605 2873 697 2923; x_wconf 71' lang='grc' dir='ltr'>καὶ</span> <span class='ocrx_word' id='word_1_195' title='bbox 751 2873 952 2941; x_wconf 80' lang='grc' dir='ltr'>κηρίων</span> <span class='ocrx_word' id='word_1_196' title='bbox 1026 2874 1343 2941; x_wconf 78' lang='grc' dir='ltr'>φωτοὸόλων</span> <span class='ocrx_word' id='word_1_197' title='bbox 1409 2877 1778 2944; x_wconf 83' lang='grc' dir='ltr'>χαρίσμασιν.</span> 
     </span>
    </p>
   </div>
   <div class='ocr_carea' id='block_1_32' title="bbox 227 2957 1774 3030">
    <p class='ocr_par' dir='ltr' id='par_1_32' title="bbox 227 2957 1774 3030">
     <span class='ocr_line' id='line_1_32' title="bbox 227 2957 1774 3030; baseline 0.005 -21"><span class='ocrx_word' id='word_1_198' title='bbox 227 2957 366 3009; x_wconf 65' lang='grc' dir='ltr'><strong>Οὐδὲ</strong></span> <span class='ocrx_word' id='word_1_199' title='bbox 405 2959 508 3028; x_wconf 76' lang='grc' dir='ltr'>γὰρ</span> <span class='ocrx_word' id='word_1_200' title='bbox 541 2960 754 3012; x_wconf 81' lang='grc' dir='ltr'>θέλουσι</span> <span class='ocrx_word' id='word_1_201' title='bbox 821 2966 1142 3030; x_wconf 82' lang='grc' dir='ltr'>σκιαμαχεῖν</span> <span class='ocrx_word' id='word_1_202' title='bbox 1189 2964 1315 3026; x_wconf 76' lang='grc' dir='ltr'>τοὺς</span> <span class='ocrx_word' id='word_1_203' title='bbox 1376 2965 1600 3027; x_wconf 75' lang='grc' dir='ltr'>πιστοὺς</span> <span class='ocrx_word' id='word_1_204' title='bbox 1658 2965 1774 3017; x_wconf 87' lang='grc' dir='ltr'>κατ’</span> 
     </span>
    </p>
   </div>
   <div class='ocr_carea' id='block_1_33' title="bbox 223 3047 1780 3122">
    <p class='ocr_par' dir='ltr' id='par_1_33' title="bbox 223 3047 1780 3122">
     <span class='ocr_line' id='line_1_33' title="bbox 223 3047 1780 3122; baseline 0.008 -27"><span class='ocrx_word' id='word_1_205' title='bbox 223 3047 466 3109; x_wconf 76' lang='grc' dir='ltr'>ἐκείνους</span> <span class='ocrx_word' id='word_1_206' title='bbox 493 3050 614 3110; x_wconf 73' lang='grc' dir='ltr'>τοῦς</span> <span class='ocrx_word' id='word_1_207' title='bbox 638 3051 1018 3120; x_wconf 74' lang='grc' dir='ltr'>νηπιὸφρονας,</span> <span class='ocrx_word' id='word_1_208' title='bbox 1055 3053 1164 3104; x_wconf 76' lang='grc' dir='ltr'>ἀλλ’</span> <span class='ocrx_word' id='word_1_209' title='bbox 1194 3052 1268 3115; x_wconf 83' lang='grc' dir='ltr'><strong>ὡς</strong></span> <span class='ocrx_word' id='word_1_210' title='bbox 1300 3055 1397 3122; x_wconf 79' lang='grc' dir='ltr'>ήδη</span> <span class='ocrx_word' id='word_1_211' title='bbox 1453 3055 1552 3122; x_wconf 80' lang='grc' dir='ltr'>τῆς</span> <span class='ocrx_word' id='word_1_212' title='bbox 1579 3054 1780 3108; x_wconf 74' lang='grc' dir='ltr'>δικαιοο</span> 
     </span>
    </p>
   </div>
   <div class='ocr_carea' id='block_1_34' title="bbox 225 3137 1778 3212">
    <p class='ocr_par' dir='ltr' id='par_1_34' title="bbox 225 3137 1778 3212">
     <span class='ocr_line' id='line_1_34' title="bbox 225 3137 1778 3212; baseline 0.005 -24"><span class='ocrx_word' id='word_1_213' title='bbox 225 3137 397 3204; x_wconf 82' lang='grc' dir='ltr'>σύνης</span> <span class='ocrx_word' id='word_1_214' title='bbox 426 3138 513 3188; x_wconf 61' lang='grc' dir='ltr'><strong>τὸν</strong></span> <span class='ocrx_word' id='word_1_215' title='bbox 555 3139 703 3207; x_wconf 67' lang='grc' dir='ltr'><strong>⁴ἥλιον</strong></span> <span class='ocrx_word' id='word_1_216' title='bbox 749 3140 1064 3208; x_wconf 78' lang='grc' dir='ltr'>βλέποντας,</span> <span class='ocrx_word' id='word_1_217' title='bbox 1093 3141 1190 3212; x_wconf 82' lang='grc' dir='ltr'>τὴν</span> <span class='ocrx_word' id='word_1_218' title='bbox 1229 3142 1356 3195; x_wconf 84' lang='grc' dir='ltr'>νέαν</span> <span class='ocrx_word' id='word_1_219' title='bbox 1385 3143 1520 3195; x_wconf 88' lang='grc' dir='ltr'>Σιὼν</span> <span class='ocrx_word' id='word_1_220' title='bbox 1538 3145 1625 3197; x_wconf 83' lang='grc' dir='ltr'>διὰ</span> <span class='ocrx_word' id='word_1_221' title='bbox 1666 3147 1778 3198; x_wconf 80' lang='grc' dir='ltr'><strong>πὼ-</strong></span> 
     </span>
    </p>
   </div>
   <div class='ocr_carea' id='block_1_35' title="bbox 222 3226 1774 3302">
    <p class='ocr_par' dir='ltr' id='par_1_35' title="bbox 222 3226 1774 3302">
     <span class='ocr_line' id='line_1_35' title="bbox 222 3226 1774 3302; baseline 0.005 -27"><span class='ocrx_word' id='word_1_222' title='bbox 222 3227 321 3276; x_wconf 85' lang='grc' dir='ltr'><strong>λου</strong></span> <span class='ocrx_word' id='word_1_223' title='bbox 360 3226 678 3291; x_wconf 74' lang='grc' dir='ltr'>φωτῖζόντα,</span> <span class='ocrx_word' id='word_1_224' title='bbox 737 3230 1135 3298; x_wconf 81' lang='grc' dir='ltr'>προτρέπονται</span> <span class='ocrx_word' id='word_1_225' title='bbox 1180 3231 1248 3283; x_wconf 82' lang='grc' dir='ltr'>δι’</span> <span class='ocrx_word' id='word_1_226' title='bbox 1286 3232 1460 3283; x_wconf 77' lang='grc' dir='ltr'>αὐτῶν</span> <span class='ocrx_word' id='word_1_227' title='bbox 1510 3235 1620 3294; x_wconf 87' lang='grc' dir='ltr'>τοῖς</span> <span class='ocrx_word' id='word_1_228' title='bbox 1679 3233 1774 3302; x_wconf 66' lang='grc' dir='ltr'>ἤδη</span> 
     </span>
    </p>
   </div>
   <div class='ocr_carea' id='block_1_36' title="bbox 221 3319 1776 3390">
    <p class='ocr_par' dir='ltr' id='par_1_36' title="bbox 221 3319 1776 3390">
     <span class='ocr_line' id='line_1_36' title="bbox 221 3319 1776 3390; baseline 0.003 -23"><span class='ocrx_word' id='word_1_229' title='bbox 221 3319 546 3384; x_wconf 79' lang='grc' dir='ltr'>νηστεύουσι</span> <span class='ocrx_word' id='word_1_230' title='bbox 579 3321 830 3386; x_wconf 83' lang='grc' dir='ltr'>νηστείαν</span> <span class='ocrx_word' id='word_1_231' title='bbox 859 3319 1140 3388; x_wconf 79' lang='grc' dir='ltr'>Κυριακὴν</span> <span class='ocrx_word' id='word_1_232' title='bbox 1181 3321 1776 3390; x_wconf 71' lang='grc' dir='ltr'>τεσσαρακονθήμερι,ν,</span> 
     </span>
    </p>
   </div>
   <div class='ocr_carea' id='block_1_37' title="bbox 222 3408 1779 3479">
    <p class='ocr_par' dir='ltr' id='par_1_37' title="bbox 222 3408 1779 3479">
     <span class='ocr_line' id='line_1_37' title="bbox 222 3408 1779 3479; baseline 0.004 -21"><span class='ocrx_word' id='word_1_233' title='bbox 222 3408 467 3458; x_wconf 75' lang='grc' dir='ltr'>καὶτῶν</span> <span class='ocrx_word' id='word_1_234' title='bbox 518 3410 702 3460; x_wconf 77' lang='grc' dir='ltr'>παθῶν</span> <span class='ocrx_word' id='word_1_235' title='bbox 756 3409 821 3461; x_wconf 83' lang='grc' dir='ltr'><strong>τά</strong></span> <span class='ocrx_word' id='word_1_236' title='bbox 857 3411 990 3479; x_wconf 80' lang='grc' dir='ltr'>νέφη</span> <span class='ocrx_word' id='word_1_237' title='bbox 1057 3410 1316 3474; x_wconf 78' lang='grc' dir='ltr'>διώξασι,</span> <span class='ocrx_word' id='word_1_238' title='bbox 1369 3414 1779 3466; x_wconf 83' lang='grc' dir='ltr'>συνανατέλλειν</span> 
     </span>
    </p>
   </div>
   <div class='ocr_carea' id='block_1_38' title="bbox 223 3496 1777 3571">
    <p class='ocr_par' dir='ltr' id='par_1_38' title="bbox 223 3496 1777 3571">
     <span class='ocr_line' id='line_1_38' title="bbox 223 3496 1777 3571; baseline 0.005 -25"><span class='ocrx_word' id='word_1_239' title='bbox 223 3496 370 3563; x_wconf 87' lang='grc' dir='ltr'><strong>μετά</strong></span> <span class='ocrx_word' id='word_1_240' title='bbox 398 3497 489 3548; x_wconf 84' lang='grc' dir='ltr'><strong>τοῦ</strong></span> <span class='ocrx_word' id='word_1_241' title='bbox 520 3499 796 3564; x_wconf 75' lang='grc' dir='ltr'>γίγαντος.</span> <span class='ocrx_word' id='word_1_242' title='bbox 823 3500 958 3550; x_wconf 66' lang='lat' dir='ltr'><strong>Bai:</strong></span> <span class='ocrx_word' id='word_1_243' title='bbox 985 3500 1082 3566; x_wconf 82' lang='grc' dir='ltr'>μὲν</span> <span class='ocrx_word' id='word_1_244' title='bbox 1117 3500 1402 3568; x_wconf 80' lang='grc' dir='ltr'>κατέχουσι</span> <span class='ocrx_word' id='word_1_245' title='bbox 1431 3504 1548 3564; x_wconf 87' lang='grc' dir='ltr'>ταῖς</span> <span class='ocrx_word' id='word_1_246' title='bbox 1598 3505 1777 3571; x_wconf 60' lang='grc' dir='ltr'>χερσὶ,</span> 
     </span>
    </p>
   </div>
   <div class='ocr_carea' id='block_1_39' title="bbox 218 3585 1777 3659">
    <p class='ocr_par' dir='ltr' id='par_1_39' title="bbox 218 3585 1777 3659">
     <span class='ocr_line' id='line_1_39' title="bbox 218 3585 1777 3659; baseline 0.004 -23"><span class='ocrx_word' id='word_1_247' title='bbox 218 3585 314 3637; x_wconf 73' lang='grc' dir='ltr'><strong>διὰ</strong></span> <span class='ocrx_word' id='word_1_248' title='bbox 341 3586 406 3636; x_wconf 68' lang='grc' dir='ltr'>τὸ</span> <span class='ocrx_word' id='word_1_249' title='bbox 438 3590 759 3653; x_wconf 81' lang='grc' dir='ltr'>μεταπεσεῖν</span> <span class='ocrx_word' id='word_1_250' title='bbox 787 3589 844 3650; x_wconf 79' lang='grc' dir='ltr'>ἐξ</span> <span class='ocrx_word' id='word_1_251' title='bbox 875 3588 1150 3657; x_wconf 81' lang='grc' dir='ltr'>ὲμπαθοῦς</span> <span class='ocrx_word' id='word_1_252' title='bbox 1174 3592 1264 3640; x_wconf 73' lang='grc' dir='ltr'>καὶ</span> <span class='ocrx_word' id='word_1_253' title='bbox 1298 3591 1610 3659; x_wconf 82' lang='grc' dir='ltr'>κοινοτέρας</span> <span class='ocrx_word' id='word_1_254' title='bbox 1648 3594 1777 3652; x_wconf 80' lang='grc' dir='ltr'>ἴσως</span> 
     </span>
    </p>
   </div>
   <div class='ocr_carea' id='block_1_40' title="bbox 217 3673 1778 3748">
    <p class='ocr_par' dir='ltr' id='par_1_40' title="bbox 217 3673 1778 3748">
     <span class='ocr_line' id='line_1_40' title="bbox 217 3673 1778 3748; baseline 0.004 -23"><span class='ocrx_word' id='word_1_255' title='bbox 217 3673 502 3741; x_wconf 77' lang='grc' dir='ltr'>διαγωγῆς</span> <span class='ocrx_word' id='word_1_256' title='bbox 559 3677 695 3744; x_wconf 70' lang='grc' dir='ltr'>πρὸς</span> <span class='ocrx_word' id='word_1_257' title='bbox 731 3677 1069 3745; x_wconf 69' lang='grc' dir='ltr'>ὑψηλοτέραν</span> <span class='ocrx_word' id='word_1_258' title='bbox 1129 3677 1220 3729; x_wconf 75' lang='grc' dir='ltr'>καὶ</span> <span class='ocrx_word' id='word_1_259' title='bbox 1276 3678 1498 3746; x_wconf 81' lang='grc' dir='ltr'>ἀπαθῆ·</span> <span class='ocrx_word' id='word_1_260' title='bbox 1538 3680 1700 3748; x_wconf 86' lang='grc' dir='ltr'>κηρία</span> <span class='ocrx_word' id='word_1_261' title='bbox 1723 3680 1778 3731; x_wconf 78' lang='grc' dir='ltr'>δὲ</span> 
     </span>
    </p>
   </div>
   <div class='ocr_carea' id='block_1_41' title="bbox 221 3765 1779 3838">
    <p class='ocr_par' dir='ltr' id='par_1_41' title="bbox 221 3765 1779 3838">
     <span class='ocr_line' id='line_1_41' title="bbox 221 3765 1779 3838; baseline 0.004 -24"><span class='ocrx_word' id='word_1_262' title='bbox 221 3765 321 3815; x_wconf 69' lang='grc' dir='ltr'><strong>καὶ</strong></span> <span class='ocrx_word' id='word_1_263' title='bbox 355 3767 641 3832; x_wconf 73' lang='grc' dir='ltr'>σταυροὺς.</span> <span class='ocrx_word' id='word_1_264' title='bbox 672 3766 757 3818; x_wconf 80' lang='grc' dir='ltr'><strong>διὰ</strong></span> <span class='ocrx_word' id='word_1_265' title='bbox 782 3769 841 3818; x_wconf 71' lang='grc' dir='ltr'>τὸ</span> <span class='ocrx_word' id='word_1_266' title='bbox 876 3767 1199 3818; x_wconf 77' lang='grc' dir='ltr'>καταϐαλεῖν</span> <span class='ocrx_word' id='word_1_267' title='bbox 1227 3767 1361 3834; x_wconf 80' lang='grc' dir='ltr'><strong>μετά</strong></span> <span class='ocrx_word' id='word_1_268' title='bbox 1398 3767 1492 3819; x_wconf 81' lang='grc' dir='ltr'><strong>τοῦ</strong></span> <span class='ocrx_word' id='word_1_269' title='bbox 1521 3768 1618 3835; x_wconf 79' lang='grc' dir='ltr'>τῆς</span> <span class='ocrx_word' id='word_1_270' title='bbox 1647 3769 1779 3838; x_wconf 86' lang='grc' dir='ltr'>ἀλη-</span> 
     </span>
    </p>
   </div>
   <div class='ocr_carea' id='block_1_42' title="bbox 222 3853 1778 3924">
    <p class='ocr_par' dir='ltr' id='par_1_42' title="bbox 222 3853 1778 3924">
     <span class='ocr_line' id='line_1_42' title="bbox 222 3853 1778 3924; baseline 0.005 -22"><span class='ocrx_word' id='word_1_271' title='bbox 222 3853 381 3912; x_wconf 81' lang='grc' dir='ltr'>Θεέας</span> <span class='ocrx_word' id='word_1_272' title='bbox 408 3854 583 3918; x_wconf 87' lang='grc' dir='ltr'>φωτὸς</span> <span class='ocrx_word' id='word_1_273' title='bbox 637 3853 698 3904; x_wconf 71' lang='grc' dir='ltr'><strong>τὸ</strong></span> <span class='ocrx_word' id='word_1_274' title='bbox 765 3856 1074 3924; x_wconf 77' lang='grc' dir='ltr'>ἀρχέκακον</span> <span class='ocrx_word' id='word_1_275' title='bbox 1120 3856 1292 3907; x_wconf 76' lang='grc' dir='ltr'>Σατάν</span> <span class='ocrx_word' id='word_1_276' title='bbox 1333 3857 1426 3908; x_wconf 78' lang='grc' dir='ltr'>καὶ</span> <span class='ocrx_word' id='word_1_277' title='bbox 1469 3857 1778 3910; x_wconf 83' lang='grc' dir='ltr'>ἀντίπαλον.</span> 
     </span>
    </p>
   </div>
   <div class='ocr_carea' id='block_1_43' title="bbox 221 3941 1778 4012">
    <p class='ocr_par' dir='ltr' id='par_1_43' title="bbox 221 3941 1778 4012">
     <span class='ocr_line' id='line_1_43' title="bbox 221 3941 1778 4012; baseline 0.002 -21"><span class='ocrx_word' id='word_1_278' title='bbox 221 3941 334 3991; x_wconf 83' lang='grc' dir='ltr'><strong>Καὶ</strong></span> <span class='ocrx_word' id='word_1_279' title='bbox 360 3943 409 3991; x_wconf 86' lang='grc' dir='ltr'><strong>τί</strong></span> <span class='ocrx_word' id='word_1_280' title='bbox 432 3942 538 4010; x_wconf 81' lang='grc' dir='ltr'><strong>γάρ</strong></span> <span class='ocrx_word' id='word_1_281' title='bbox 558 3942 684 3993; x_wconf 76' lang='grc' dir='ltr'>ἄλλο</span> <span class='ocrx_word' id='word_1_282' title='bbox 712 3941 882 4010; x_wconf 85' lang='grc' dir='ltr'>δῶρον</span> <span class='ocrx_word' id='word_1_283' title='bbox 906 3943 1186 4010; x_wconf 82' lang='grc' dir='ltr'>δοθήσεται</span> <span class='ocrx_word' id='word_1_284' title='bbox 1217 3945 1326 4003; x_wconf 82' lang='grc' dir='ltr'>τοῖς</span> <span class='ocrx_word' id='word_1_285' title='bbox 1358 3943 1424 3994; x_wconf 75' lang='grc' dir='ltr'>δι’</span> <span class='ocrx_word' id='word_1_286' title='bbox 1455 3943 1778 4012; x_wconf 76' lang='grc' dir='ltr'>ἐγκρατείας</span> 
     </span>
    </p>
   </div>
   <div class='ocr_carea' id='block_1_44' title="bbox 220 4032 1776 4101">
    <p class='ocr_par' dir='ltr' id='par_1_44' title="bbox 220 4032 1776 4101">
     <span class='ocr_line' id='line_1_44' title="bbox 220 4032 1776 4101; baseline 0.002 -21"><span class='ocrx_word' id='word_1_287' title='bbox 220 4034 482 4098; x_wconf 79' lang='grc' dir='ltr'>νικήσασι</span> <span class='ocrx_word' id='word_1_288' title='bbox 536 4032 594 4083; x_wconf 80' lang='grc' dir='ltr'><strong>τὸ</strong></span> <span class='ocrx_word' id='word_1_289' title='bbox 634 4032 774 4098; x_wconf 83' lang='grc' dir='ltr'>μέγα</span> <span class='ocrx_word' id='word_1_290' title='bbox 823 4033 919 4100; x_wconf 84' lang='grc' dir='ltr'>τῆς</span> <span class='ocrx_word' id='word_1_291' title='bbox 975 4032 1224 4099; x_wconf 87' lang='grc' dir='ltr'>νηστείας</span> <span class='ocrx_word' id='word_1_292' title='bbox 1271 4033 1626 4101; x_wconf 81' lang='grc' dir='ltr'>παγκράτιον,</span> <span class='ocrx_word' id='word_1_293' title='bbox 1684 4032 1776 4083; x_wconf 83' lang='grc' dir='ltr'><strong>τοῦ</strong></span> 
     </span>
    </p>
   </div>
   <div class='ocr_carea' id='block_1_45' title="bbox 219 4119 1776 4190">
    <p class='ocr_par' dir='ltr' id='par_1_45' title="bbox 219 4119 1776 4190">
     <span class='ocr_line' id='line_1_45' title="bbox 219 4119 1776 4190; baseline 0.001 -19"><span class='ocrx_word' id='word_1_294' title='bbox 219 4120 554 4189; x_wconf 78' lang='grc' dir='ltr'>τριποθητου</span> <span class='ocrx_word' id='word_1_295' title='bbox 591 4121 734 4172; x_wconf 86' lang='grc' dir='ltr'>θείου</span> <span class='ocrx_word' id='word_1_296' title='bbox 785 4119 1014 4188; x_wconf 83' lang='grc' dir='ltr'>σταυροῦ</span> <span class='ocrx_word' id='word_1_297' title='bbox 1067 4119 1407 4190; x_wconf 82' lang='grc' dir='ltr'>τιμιώτερον,</span> <span class='ocrx_word' id='word_1_298' title='bbox 1465 4120 1555 4173; x_wconf 81' lang='grc' dir='ltr'><strong>τοῦ</strong></span> <span class='ocrx_word' id='word_1_299' title='bbox 1609 4122 1776 4188; x_wconf 83' lang='grc' dir='ltr'>μύλας</span> 
     </span>
    </p>
   </div>
   <div class='ocr_carea' id='block_1_46' title="bbox 227 4209 1777 4280">
    <p class='ocr_par' dir='ltr' id='par_1_46' title="bbox 227 4209 1777 4280">
     <span class='ocr_line' id='line_1_46' title="bbox 227 4209 1777 4280; baseline 0 -19"><span class='ocrx_word' id='word_1_300' title='bbox 227 4210 359 4278; x_wconf 65' lang='grc' dir='ltr'>ᾅδου</span> <span class='ocrx_word' id='word_1_301' title='bbox 396 4210 689 4276; x_wconf 72' lang='grc' dir='ltr'>παμφάγου</span> <span class='ocrx_word' id='word_1_302' title='bbox 719 4209 1120 4278; x_wconf 78' lang='grc' dir='ltr'>συντρίψαντος,</span> <span class='ocrx_word' id='word_1_303' title='bbox 1155 4210 1248 4262; x_wconf 57' lang='grc' dir='ltr'><strong>καὶ⁵</strong></span> <span class='ocrx_word' id='word_1_304' title='bbox 1287 4210 1455 4272; x_wconf 84' lang='grc' dir='ltr'>πύλας</span> <span class='ocrx_word' id='word_1_305' title='bbox 1512 4209 1656 4280; x_wconf 72' lang='grc' dir='ltr'>ζωῆς</span> <span class='ocrx_word' id='word_1_306' title='bbox 1701 4213 1777 4280; x_wconf 81' lang='grc' dir='ltr'>τῷ</span> 
     </span>
    </p>
   </div>
   <div class='ocr_carea' id='block_1_47' title="bbox 222 4301 1774 4368">
    <p class='ocr_par' dir='ltr' id='par_1_47' title="bbox 222 4301 1774 4368">
     <span class='ocr_line' id='line_1_47' title="bbox 222 4301 1774 4368; baseline 0.002 -18"><span class='ocrx_word' id='word_1_307' title='bbox 222 4303 376 4365; x_wconf 79' lang='grc' dir='ltr'>γένει</span> <span class='ocrx_word' id='word_1_308' title='bbox 433 4301 537 4350; x_wconf 80' lang='grc' dir='ltr'>τῶν</span> <span class='ocrx_word' id='word_1_309' title='bbox 567 4301 865 4368; x_wconf 71' lang='grc' dir='ltr'>ἀνθρώπιον</span> <span class='ocrx_word' id='word_1_310' title='bbox 926 4301 1271 4364; x_wconf 74' lang='grc' dir='ltr'>ἀνοῖξαντος;</span> <span class='ocrx_word' id='word_1_311' title='bbox 1323 4302 1544 4358; x_wconf 75' lang='grc' dir='ltr'>Πάντως</span> <span class='ocrx_word' id='word_1_312' title='bbox 1598 4301 1774 4353; x_wconf 69' lang='grc' dir='ltr'>οἰδένο</span> 
     </span>
    </p>
   </div>
   <div class='ocr_carea' id='block_1_48' title="bbox 219 4386 1775 4457">
    <p class='ocr_par' dir='ltr' id='par_1_48' title="bbox 219 4386 1775 4457">
     <span class='ocr_line' id='line_1_48' title="bbox 219 4386 1775 4457; baseline -0.001 -17"><span class='ocrx_word' id='word_1_313' title='bbox 219 4390 274 4440; x_wconf 82' lang='grc' dir='ltr'><strong>εί</strong></span> <span class='ocrx_word' id='word_1_314' title='bbox 331 4388 404 4455; x_wconf 85' lang='grc' dir='ltr'>μή</span> <span class='ocrx_word' id='word_1_315' title='bbox 443 4403 521 4447; x_wconf 81' lang='grc' dir='ltr'><strong>τις</strong></span> <span class='ocrx_word' id='word_1_316' title='bbox 562 4390 700 4439; x_wconf 85' lang='grc' dir='ltr'>εῐποι</span> <span class='ocrx_word' id='word_1_317' title='bbox 753 4388 841 4439; x_wconf 71' lang='grc' dir='ltr'>τὸν</span> <span class='ocrx_word' id='word_1_318' title='bbox 874 4386 938 4438; x_wconf 84' lang='grc' dir='ltr'>δι’</span> <span class='ocrx_word' id='word_1_319' title='bbox 974 4388 1134 4439; x_wconf 78' lang='grc' dir='ltr'>αὑτοῦ</span> <span class='ocrx_word' id='word_1_320' title='bbox 1192 4388 1286 4456; x_wconf 72' lang='grc' dir='ltr'>τὴν</span> <span class='ocrx_word' id='word_1_321' title='bbox 1329 4388 1597 4457; x_wconf 84' lang='grc' dir='ltr'>σωτηρίαν</span> <span class='ocrx_word' id='word_1_322' title='bbox 1648 4390 1775 4456; x_wconf 74' lang='grc' dir='ltr'>ἡμῖν</span> 
     </span>
    </p>
   </div>
   <div class='ocr_carea' id='block_1_49' title="bbox 1898 640 3437 707">
    <p class='ocr_par' dir='ltr' id='par_1_49' title="bbox 1898 640 3437 707">
     <span class='ocr_line' id='line_1_49' title="bbox 1898 640 3437 707; baseline 0.001 -17"><span class='ocrx_word' id='word_1_323' title='bbox 1898 649 2022 692; x_wconf 86' lang='lat' dir='ltr'><strong>ante</strong></span> <span class='ocrx_word' id='word_1_324' title='bbox 2064 640 2264 693; x_wconf 74' lang='lat' dir='ltr'><strong>multos</strong></span> <span class='ocrx_word' id='word_1_325' title='bbox 2303 655 2472 692; x_wconf 91' lang='lat' dir='ltr'><strong>annos</strong></span> <span class='ocrx_word' id='word_1_326' title='bbox 2529 640 2806 694; x_wconf 85' lang='lat' dir='ltr'><strong>desierunt</strong></span> <span class='ocrx_word' id='word_1_327' title='bbox 2847 655 2912 694; x_wconf 75' lang='lat' dir='ltr'><strong>ex</strong></span> <span class='ocrx_word' id='word_1_328' title='bbox 2963 655 3023 693; x_wconf 90' lang='lat' dir='ltr'><strong>ea</strong></span> <span class='ocrx_word' id='word_1_329' title='bbox 3051 655 3237 700; x_wconf 88' lang='lat' dir='ltr'><strong>causa,</strong></span> <span class='ocrx_word' id='word_1_330' title='bbox 3282 656 3437 707; x_wconf 66' lang='lat' dir='ltr'><strong>quam</strong></span> 
     </span>
    </p>
   </div>
   <div class='ocr_carea' id='block_1_50' title="bbox 1897 731 3437 803">
    <p class='ocr_par' dir='ltr' id='par_1_50' title="bbox 1897 731 3437 803">
     <span class='ocr_line' id='line_1_50' title="bbox 1897 731 3437 803; baseline 0.001 -19"><span class='ocrx_word' id='word_1_331' title='bbox 1897 731 2298 794; x_wconf 77' lang='lat' dir='ltr'><strong>indicavimus;</strong></span> <span class='ocrx_word' id='word_1_332' title='bbox 2359 748 2483 785; x_wconf 88' lang='lat' dir='ltr'><strong>cum</strong></span> <span class='ocrx_word' id='word_1_333' title='bbox 2559 747 2700 801; x_wconf 68' lang='lat' dir='ltr'><strong>rogat</strong></span> <span class='ocrx_word' id='word_1_334' title='bbox 2784 734 3210 803; x_wconf 77' lang='lat' dir='ltr'><strong>patriarcharum</strong></span> <span class='ocrx_word' id='word_1_335' title='bbox 3264 735 3437 785; x_wconf 86' lang='lat' dir='ltr'><strong>adhuc</strong></span> 
     </span>
    </p>
   </div>
   <div class='ocr_carea' id='block_1_51' title="bbox 1897 822 3435 893">
    <p class='ocr_par' dir='ltr' id='par_1_51' title="bbox 1897 822 3435 893">
     <span class='ocr_line' id='line_1_51' title="bbox 1897 822 3435 893; baseline 0.001 -21"><span class='ocrx_word' id='word_1_336' title='bbox 1897 822 1946 873; x_wconf 90' lang='lat' dir='ltr'><strong>in</strong></span> <span class='ocrx_word' id='word_1_337' title='bbox 1981 836 2081 875; x_wconf 90' lang='lat' dir='ltr'><strong>usu</strong></span> <span class='ocrx_word' id='word_1_338' title='bbox 2144 824 2361 889; x_wconf 81' lang='lat' dir='ltr'><strong>publico</strong></span> <span class='ocrx_word' id='word_1_339' title='bbox 2390 823 2520 888; x_wconf 90' lang='lat' dir='ltr'><strong>sint,</strong></span> <span class='ocrx_word' id='word_1_340' title='bbox 2562 835 2787 892; x_wconf 74' lang='lat' dir='ltr'><strong>quaeque</strong></span> <span class='ocrx_word' id='word_1_341' title='bbox 2821 837 2920 892; x_wconf 87' lang='lat' dir='ltr'><strong>pro</strong></span> <span class='ocrx_word' id='word_1_342' title='bbox 2947 838 3091 877; x_wconf 91' lang='lat' dir='ltr'><strong>more</strong></span> <span class='ocrx_word' id='word_1_343' title='bbox 3121 822 3278 876; x_wconf 90' lang='lat' dir='ltr'><strong>datur</strong></span> <span class='ocrx_word' id='word_1_344' title='bbox 3308 837 3435 893; x_wconf 78' lang='lat' dir='ltr'><strong>roga</strong></span> 
     </span>
    </p>
   </div>
   <div class='ocr_carea' id='block_1_52' title="bbox 1894 911 3436 979">
    <p class='ocr_par' dir='ltr' id='par_1_52' title="bbox 1894 911 3436 979">
     <span class='ocr_line' id='line_1_52' title="bbox 1894 911 3436 979; baseline 0.002 -18"><span class='ocrx_word' id='word_1_345' title='bbox 1894 911 1983 962; x_wconf 85' lang='lat' dir='ltr'><strong>die</strong></span> <span class='ocrx_word' id='word_1_346' title='bbox 2013 914 2192 964; x_wconf 87' lang='lat' dir='ltr'><strong>carnis</strong></span> <span class='ocrx_word' id='word_1_347' title='bbox 2220 913 2402 979; x_wconf 85' lang='lat' dir='ltr'><strong>privii,</strong></span> <span class='ocrx_word' id='word_1_348' title='bbox 2428 913 2508 966; x_wconf 91' lang='lat' dir='ltr'><strong>sic</strong></span> <span class='ocrx_word' id='word_1_349' title='bbox 2533 914 2814 965; x_wconf 87' lang='lat' dir='ltr'><strong>immutata</strong></span> <span class='ocrx_word' id='word_1_350' title='bbox 2851 913 2941 976; x_wconf 87' lang='lat' dir='ltr'><strong>sit,</strong></span> <span class='ocrx_word' id='word_1_351' title='bbox 2963 921 3020 965; x_wconf 91' lang='lat' dir='ltr'><strong>ut</strong></span> <span class='ocrx_word' id='word_1_352' title='bbox 3051 914 3101 964; x_wconf 89' lang='lat' dir='ltr'><strong>in</strong></span> <span class='ocrx_word' id='word_1_353' title='bbox 3121 915 3436 966; x_wconf 81' lang='lat' dir='ltr'><strong>anniversa-</strong></span> 
     </span>
    </p>
   </div>
   <div class='ocr_carea' id='block_1_53' title="bbox 1896 1001 3431 1071">
    <p class='ocr_par' dir='ltr' id='par_1_53' title="bbox 1896 1001 3431 1071">
     <span class='ocr_line' id='line_1_53' title="bbox 1896 1001 3431 1071; baseline 0.005 -20"><span class='ocrx_word' id='word_1_354' title='bbox 1896 1001 2030 1052; x_wconf 92' lang='lat' dir='ltr'><strong>riam</strong></span> <span class='ocrx_word' id='word_1_355' title='bbox 2075 1014 2255 1068; x_wconf 77' lang='lat' dir='ltr'><strong>rogant</strong></span> <span class='ocrx_word' id='word_1_356' title='bbox 2315 1003 2740 1056; x_wconf 77' lang='lat' dir='ltr'><strong>ecclesiasticam</strong></span> <span class='ocrx_word' id='word_1_357' title='bbox 2802 1017 3007 1071; x_wconf 65' lang='lat' dir='ltr'><strong>magnae</strong></span> <span class='ocrx_word' id='word_1_358' title='bbox 3064 1003 3207 1057; x_wconf 71' lang='lat' dir='ltr'><strong>ferite</strong></span> <span class='ocrx_word' id='word_1_359' title='bbox 3261 1005 3431 1058; x_wconf 72' lang='lat' dir='ltr'><strong>tertia:</strong></span> 
     </span>
    </p>
   </div>
   <div class='ocr_carea' id='block_1_54' title="bbox 1893 1088 3432 1161">
    <p class='ocr_par' dir='ltr' id='par_1_54' title="bbox 1893 1088 3432 1161">
     <span class='ocr_line' id='line_1_54' title="bbox 1893 1088 3432 1161; baseline 0.003 -20"><span class='ocrx_word' id='word_1_360' title='bbox 1893 1088 2116 1151; x_wconf 79' lang='lat' dir='ltr'><strong>incidat,</strong></span> <span class='ocrx_word' id='word_1_361' title='bbox 2151 1091 2600 1157; x_wconf 79' lang='lat' dir='ltr'><strong>quemadmodum</strong></span> <span class='ocrx_word' id='word_1_362' title='bbox 2621 1092 2839 1160; x_wconf 86' lang='lat' dir='ltr'><strong>antiqua</strong></span> <span class='ocrx_word' id='word_1_363' title='bbox 2865 1091 3082 1161; x_wconf 76' lang='lat' dir='ltr'><strong>Rogalia</strong></span> <span class='ocrx_word' id='word_1_364' title='bbox 3110 1093 3432 1161; x_wconf 89' lang='lat' dir='ltr'><strong>loquuntur:</strong></span> 
     </span>
    </p>
   </div>
   <div class='ocr_carea' id='block_1_55' title="bbox 1894 1179 3434 1251">
    <p class='ocr_par' dir='ltr' id='par_1_55' title="bbox 1894 1179 3434 1251">
     <span class='ocr_line' id='line_1_55' title="bbox 1894 1179 3434 1251; baseline 0.003 -20"><span class='ocrx_word' id='word_1_365' title='bbox 1894 1179 2098 1232; x_wconf 88' lang='lat' dir='ltr'><strong>idcirco</strong></span> <span class='ocrx_word' id='word_1_366' title='bbox 2152 1179 2280 1234; x_wconf 83' lang='lat' dir='ltr'><strong>dant</strong></span> <span class='ocrx_word' id='word_1_367' title='bbox 2335 1181 2656 1248; x_wconf 73' lang='lat' dir='ltr'><strong>patriarcha:</strong></span> <span class='ocrx_word' id='word_1_368' title='bbox 2708 1183 2905 1249; x_wconf 85' lang='lat' dir='ltr'><strong>p0pulo</strong></span> <span class='ocrx_word' id='word_1_369' title='bbox 2959 1191 3079 1251; x_wconf 90' lang='lat' dir='ltr'><strong>post</strong></span> <span class='ocrx_word' id='word_1_370' title='bbox 3124 1184 3434 1238; x_wconf 86' lang='lat' dir='ltr'><strong>catechcsin</strong></span> 
     </span>
    </p>
   </div>
   <div class='ocr_carea' id='block_1_56' title="bbox 1892 1271 3435 1343">
    <p class='ocr_par' dir='ltr' id='par_1_56' title="bbox 1892 1271 3435 1343">
     <span class='ocr_line' id='line_1_56' title="bbox 1892 1271 3435 1343; baseline 0.004 -22"><span class='ocrx_word' id='word_1_371' title='bbox 1892 1271 2131 1334; x_wconf 83' lang='lat' dir='ltr'><strong>incensa,</strong></span> <span class='ocrx_word' id='word_1_372' title='bbox 2156 1271 2276 1325; x_wconf 92' lang='lat' dir='ltr'><strong>loco</strong></span> <span class='ocrx_word' id='word_1_373' title='bbox 2308 1272 2550 1325; x_wconf 86' lang='lat' dir='ltr'><strong>baiorum</strong></span> <span class='ocrx_word' id='word_1_374' title='bbox 2577 1292 2590 1333; x_wconf 84' lang='lat'><strong>;</strong></span> <span class='ocrx_word' id='word_1_375' title='bbox 2623 1274 2767 1325; x_wconf 83' lang='lat' dir='ltr'><strong>velut</strong></span> <span class='ocrx_word' id='word_1_376' title='bbox 2791 1273 3138 1326; x_wconf 88' lang='lat' dir='ltr'><strong>admonentes</strong></span> <span class='ocrx_word' id='word_1_377' title='bbox 3177 1275 3316 1335; x_wconf 69' lang='lat' dir='ltr'><strong>illos,</strong></span> <span class='ocrx_word' id='word_1_378' title='bbox 3344 1275 3435 1343; x_wconf 91' lang='lat' dir='ltr'><strong>qui</strong></span> 
     </span>
    </p>
   </div>
   <div class='ocr_carea' id='block_1_57' title="bbox 1889 1363 3434 1432">
    <p class='ocr_par' dir='ltr' id='par_1_57' title="bbox 1889 1363 3434 1432">
     <span class='ocr_line' id='line_1_57' title="bbox 1889 1363 3434 1432; baseline 0.002 -19"><span class='ocrx_word' id='word_1_379' title='bbox 1889 1374 1950 1413; x_wconf 87' lang='lat' dir='ltr'><strong>ea</strong></span> <span class='ocrx_word' id='word_1_380' title='bbox 1981 1371 2221 1423; x_wconf 90' lang='lat' dir='ltr'><strong>sumunt,</strong></span> <span class='ocrx_word' id='word_1_381' title='bbox 2252 1371 2309 1414; x_wconf 89' lang='lat' dir='ltr'><strong>ut</strong></span> <span class='ocrx_word' id='word_1_382' title='bbox 2333 1365 2591 1416; x_wconf 86' lang='lat' dir='ltr'><strong>rationem</strong></span> <span class='ocrx_word' id='word_1_383' title='bbox 2617 1363 2828 1416; x_wconf 84' lang='lat' dir='ltr'><strong>vivendi</strong></span> <span class='ocrx_word' id='word_1_384' title='bbox 2860 1377 3075 1430; x_wconf 81' lang='lat' dir='ltr'><strong>pravam</strong></span> <span class='ocrx_word' id='word_1_385' title='bbox 3103 1364 3434 1432; x_wconf 84' lang='lat' dir='ltr'><strong>relinquant,</strong></span> 
     </span>
    </p>
   </div>
   <div class='ocr_carea' id='block_1_58' title="bbox 1889 1447 3432 1519">
    <p class='ocr_par' dir='ltr' id='par_1_58' title="bbox 1889 1447 3432 1519">
     <span class='ocr_line' id='line_1_58' title="bbox 1889 1447 3432 1519; baseline 0.003 -19"><span class='ocrx_word' id='word_1_386' title='bbox 1889 1448 2030 1500; x_wconf 80' lang='lat' dir='ltr'><strong>sicut</strong></span> <span class='ocrx_word' id='word_1_387' title='bbox 2064 1447 2238 1502; x_wconf 89' lang='lat' dir='ltr'><strong>edocti</strong></span> <span class='ocrx_word' id='word_1_388' title='bbox 2277 1451 2402 1511; x_wconf 88' lang='lat' dir='ltr'><strong>sint,</strong></span> <span class='ocrx_word' id='word_1_389' title='bbox 2435 1465 2496 1504; x_wconf 82' lang='lat' dir='ltr'><strong>ac</strong></span> <span class='ocrx_word' id='word_1_390' title='bbox 2531 1465 2623 1519; x_wconf 85' lang='lat' dir='ltr'><strong>per</strong></span> <span class='ocrx_word' id='word_1_391' title='bbox 2672 1453 3079 1505; x_wconf 85' lang='lat' dir='ltr'><strong>conversionem</strong></span> <span class='ocrx_word' id='word_1_392' title='bbox 3132 1467 3432 1519; x_wconf 88' lang='lat' dir='ltr'><strong>paucorum</strong></span> 
     </span>
    </p>
   </div>
   <div class='ocr_carea' id='block_1_59' title="bbox 1887 1538 3430 1610">
    <p class='ocr_par' dir='ltr' id='par_1_59' title="bbox 1887 1538 3430 1610">
     <span class='ocr_line' id='line_1_59' title="bbox 1887 1538 3430 1610; baseline 0.003 -20"><span class='ocrx_word' id='word_1_393' title='bbox 1887 1538 2098 1591; x_wconf 88' lang='lat' dir='ltr'><strong>dierum</strong></span> <span class='ocrx_word' id='word_1_394' title='bbox 2162 1539 2264 1592; x_wconf 87' lang='lat' dir='ltr'><strong>sibi</strong></span> <span class='ocrx_word' id='word_1_395' title='bbox 2335 1555 2554 1605; x_wconf 79' lang='lat' dir='ltr'><strong>regnum</strong></span> <span class='ocrx_word' id='word_1_396' title='bbox 2590 1541 2718 1594; x_wconf 87' lang='lat' dir='ltr'><strong>illud</strong></span> <span class='ocrx_word' id='word_1_397' title='bbox 2779 1550 3036 1594; x_wconf 70' lang='lat' dir='ltr'><strong>mtcrnum</strong></span> <span class='ocrx_word' id='word_1_398' title='bbox 3091 1555 3430 1610; x_wconf 82' lang='lat' dir='ltr'><strong>comparent.</strong></span> 
     </span>
    </p>
   </div>
   <div class='ocr_carea' id='block_1_60' title="bbox 1885 1629 3437 1700">
    <p class='ocr_par' dir='ltr' id='par_1_60' title="bbox 1885 1629 3437 1700">
     <span class='ocr_line' id='line_1_60' title="bbox 1885 1629 3437 1700; baseline 0.001 -18"><span class='ocrx_word' id='word_1_399' title='bbox 1885 1629 2152 1682; x_wconf 75' lang='lat' dir='ltr'><strong>Caeterum</strong></span> <span class='ocrx_word' id='word_1_400' title='bbox 2189 1644 2284 1698; x_wconf 89' lang='lat' dir='ltr'><strong>per</strong></span> <span class='ocrx_word' id='word_1_401' title='bbox 2310 1629 2419 1682; x_wconf 62' lang='lat' dir='ltr'><strong>haec</strong></span> <span class='ocrx_word' id='word_1_402' title='bbox 2445 1631 2664 1684; x_wconf 79' lang='lat' dir='ltr'><strong>incensa</strong></span> <span class='ocrx_word' id='word_1_403' title='bbox 2698 1631 2824 1685; x_wconf 92' lang='lat' dir='ltr'><strong>vilis</strong></span> <span class='ocrx_word' id='word_1_404' title='bbox 2856 1632 3034 1699; x_wconf 86' lang='lat' dir='ltr'><strong>pretii,</strong></span> <span class='ocrx_word' id='word_1_405' title='bbox 3075 1647 3222 1684; x_wconf 81' lang='lat' dir='ltr'><strong>more</strong></span> <span class='ocrx_word' id='word_1_406' title='bbox 3248 1649 3437 1700; x_wconf 83' lang='lat' dir='ltr'><strong>pareo—</strong></span> 
     </span>
    </p>
   </div>
   <div class='ocr_carea' id='block_1_61' title="bbox 1887 1720 3433 1790">
    <p class='ocr_par' dir='ltr' id='par_1_61' title="bbox 1887 1720 3433 1790">
     <span class='ocr_line' id='line_1_61' title="bbox 1887 1720 3433 1790; baseline 0.001 -20"><span class='ocrx_word' id='word_1_407' title='bbox 1887 1733 2005 1771; x_wconf 91' lang='lat' dir='ltr'><strong>rum</strong></span> <span class='ocrx_word' id='word_1_408' title='bbox 2040 1721 2319 1772; x_wconf 84' lang='lat' dir='ltr'><strong>hominum</strong></span> <span class='ocrx_word' id='word_1_409' title='bbox 2360 1729 2414 1772; x_wconf 87' lang='lat' dir='ltr'><strong>et</strong></span> <span class='ocrx_word' id='word_1_410' title='bbox 2467 1734 2780 1782; x_wconf 80' lang='lat' dir='ltr'><strong>avarorum,</strong></span> <span class='ocrx_word' id='word_1_411' title='bbox 2839 1720 3172 1787; x_wconf 74' lang='lat' dir='ltr'><strong>majestatem</strong></span> <span class='ocrx_word' id='word_1_412' title='bbox 3201 1722 3433 1790; x_wconf 74' lang='lat' dir='ltr'><strong>spiritus</strong></span> 
     </span>
    </p>
   </div>
   <div class='ocr_carea' id='block_1_62' title="bbox 1888 1808 3429 1878">
    <p class='ocr_par' dir='ltr' id='par_1_62' title="bbox 1888 1808 3429 1878">
     <span class='ocr_line' id='line_1_62' title="bbox 1888 1808 3429 1878; baseline 0.001 -18"><span class='ocrx_word' id='word_1_413' title='bbox 1888 1823 1991 1860; x_wconf 91' lang='lat' dir='ltr'><strong>nou</strong></span> <span class='ocrx_word' id='word_1_414' title='bbox 2050 1808 2404 1873; x_wconf 70' lang='lat' dir='ltr'><strong>deminuunt,</strong></span> <span class='ocrx_word' id='word_1_415' title='bbox 2440 1809 2566 1878; x_wconf 90' lang='lat' dir='ltr'><strong>(quo</strong></span> <span class='ocrx_word' id='word_1_416' title='bbox 2623 1809 2763 1862; x_wconf 83' lang='lat' dir='ltr'><strong>enim</strong></span> <span class='ocrx_word' id='word_1_417' title='bbox 2812 1809 2862 1862; x_wconf 82' lang='lat' dir='ltr'><strong>id</strong></span> <span class='ocrx_word' id='word_1_418' title='bbox 2903 1819 3058 1878; x_wconf 71' lang='lat' dir='ltr'><strong>pacto</strong></span> <span class='ocrx_word' id='word_1_419' title='bbox 3113 1810 3344 1863; x_wconf 78' lang='lat' dir='ltr'><strong>facerent</strong></span> <span class='ocrx_word' id='word_1_420' title='bbox 3374 1809 3429 1871; x_wconf 87' lang='lat' dir='ltr'><strong>ii,</strong></span> 
     </span>
    </p>
   </div>
   <div class='ocr_carea' id='block_1_63' title="bbox 1887 1899 3430 1965">
    <p class='ocr_par' dir='ltr' id='par_1_63' title="bbox 1887 1899 3430 1965">
     <span class='ocr_line' id='line_1_63' title="bbox 1887 1899 3430 1965; baseline 0 -16"><span class='ocrx_word' id='word_1_421' title='bbox 1887 1899 1976 1965; x_wconf 85' lang='lat' dir='ltr'><strong>qui</strong></span> <span class='ocrx_word' id='word_1_422' title='bbox 2027 1909 2296 1952; x_wconf 88' lang='lat' dir='ltr'><strong>terrarum</strong></span> <span class='ocrx_word' id='word_1_423' title='bbox 2348 1899 2531 1951; x_wconf 82' lang='lat' dir='ltr'><strong>orbem</strong></span> <span class='ocrx_word' id='word_1_424' title='bbox 2589 1899 2900 1952; x_wconf 88' lang='lat' dir='ltr'><strong>universum</strong></span> <span class='ocrx_word' id='word_1_425' title='bbox 2940 1899 3108 1953; x_wconf 87' lang='lat' dir='ltr'><strong>variis</strong></span> <span class='ocrx_word' id='word_1_426' title='bbox 3158 1900 3430 1951; x_wconf 76' lang='lat' dir='ltr'><strong>beneﬂciis</strong></span> 
     </span>
    </p>
   </div>
   <div class='ocr_carea' id='block_1_64' title="bbox 1889 1989 3431 2055">
    <p class='ocr_par' dir='ltr' id='par_1_64' title="bbox 1889 1989 3431 2055">
     <span class='ocr_line' id='line_1_64' title="bbox 1889 1989 3431 2055; baseline -0.001 -14"><span class='ocrx_word' id='word_1_427' title='bbox 1889 1989 2160 2049; x_wconf 89' lang='lat' dir='ltr'><strong>irretiunt,</strong></span> <span class='ocrx_word' id='word_1_428' title='bbox 2195 1997 2245 2042; x_wconf 90' lang='lat' dir='ltr'><strong>et</strong></span> <span class='ocrx_word' id='word_1_429' title='bbox 2267 2002 2426 2043; x_wconf 88' lang='lat' dir='ltr'><strong>omne</strong></span> <span class='ocrx_word' id='word_1_430' title='bbox 2450 2004 2634 2041; x_wconf 80' lang='lat' dir='ltr'><strong>arvum</strong></span> <span class='ocrx_word' id='word_1_431' title='bbox 2661 1989 2842 2042; x_wconf 90' lang='lat' dir='ltr'><strong>sterile</strong></span> <span class='ocrx_word' id='word_1_432' title='bbox 2867 1990 3091 2051; x_wconf 85' lang='lat' dir='ltr'><strong>sulcant,</strong></span> <span class='ocrx_word' id='word_1_433' title='bbox 3120 1989 3431 2055; x_wconf 83' lang='lat' dir='ltr'><strong>opimasqne</strong></span> 
     </span>
    </p>
   </div>
   <div class='ocr_carea' id='block_1_65' title="bbox 1890 2077 3434 2146">
    <p class='ocr_par' dir='ltr' id='par_1_65' title="bbox 1890 2077 3434 2146">
     <span class='ocr_line' id='line_1_65' title="bbox 1890 2077 3434 2146; baseline 0 -16"><span class='ocrx_word' id='word_1_434' title='bbox 1890 2077 2257 2131; x_wconf 68' lang='lat' dir='ltr'><strong>beneficentiae</strong></span> <span class='ocrx_word' id='word_1_435' title='bbox 2312 2077 2490 2145; x_wconf 86' lang='lat' dir='ltr'><strong>spicas</strong></span> <span class='ocrx_word' id='word_1_436' title='bbox 2542 2077 2805 2146; x_wconf 83' lang='lat' dir='ltr'><strong>metunt?)</strong></span> <span class='ocrx_word' id='word_1_437' title='bbox 2866 2077 2956 2130; x_wconf 84' lang='lat' dir='ltr'><strong>sed</strong></span> <span class='ocrx_word' id='word_1_438' title='bbox 3003 2077 3266 2130; x_wconf 85' lang='lat' dir='ltr'><strong>occultam</strong></span> <span class='ocrx_word' id='word_1_439' title='bbox 3317 2077 3434 2143; x_wconf 81' lang='lat' dir='ltr'><strong>ejus</strong></span> 
     </span>
    </p>
   </div>
   <div class='ocr_carea' id='block_1_66' title="bbox 1887 2167 3434 2236">
    <p class='ocr_par' dir='ltr' id='par_1_66' title="bbox 1887 2167 3434 2236">
     <span class='ocr_line' id='line_1_66' title="bbox 1887 2167 3434 2236; baseline 0 -18"><span class='ocrx_word' id='word_1_440' title='bbox 1887 2167 1993 2222; x_wconf 86' lang='lat' dir='ltr'><strong>diei</strong></span> <span class='ocrx_word' id='word_1_441' title='bbox 2023 2169 2130 2220; x_wconf 92' lang='lat' dir='ltr'><strong>vim</strong></span> <span class='ocrx_word' id='word_1_442' title='bbox 2157 2169 2392 2222; x_wconf 90' lang='lat' dir='ltr'><strong>indicare</strong></span> <span class='ocrx_word' id='word_1_443' title='bbox 2420 2167 2627 2229; x_wconf 88' lang='lat' dir='ltr'><strong>volunt,</strong></span> <span class='ocrx_word' id='word_1_444' title='bbox 2661 2169 2912 2236; x_wconf 82' lang='lat' dir='ltr'><strong>quasiqm</strong></span> <span class='ocrx_word' id='word_1_445' title='bbox 2949 2168 3144 2221; x_wconf 85' lang='lat' dir='ltr'><strong>docere</strong></span> <span class='ocrx_word' id='word_1_446' title='bbox 3178 2182 3270 2234; x_wconf 90' lang='lat' dir='ltr'><strong>per</strong></span> <span class='ocrx_word' id='word_1_447' title='bbox 3320 2167 3434 2219; x_wconf 69' lang='lat' dir='ltr'><strong>haec</strong></span> 
     </span>
    </p>
   </div>
   <div class='ocr_carea' id='block_1_67' title="bbox 1886 2251 3435 2322">
    <p class='ocr_par' dir='ltr' id='par_1_67' title="bbox 1886 2251 3435 2322">
     <span class='ocr_line' id='line_1_67' title="bbox 1886 2251 3435 2322; baseline 0.002 -20"><span class='ocrx_word' id='word_1_448' title='bbox 1886 2267 1998 2312; x_wconf 85' lang='lat' dir='ltr'><strong>eos,</strong></span> <span class='ocrx_word' id='word_1_449' title='bbox 2053 2251 2144 2320; x_wconf 87' lang='lat' dir='ltr'><strong>qui</strong></span> <span class='ocrx_word' id='word_1_450' title='bbox 2175 2267 2233 2305; x_wconf 82' lang='lat' dir='ltr'><strong>ea</strong></span> <span class='ocrx_word' id='word_1_451' title='bbox 2272 2261 2512 2318; x_wconf 87' lang='lat' dir='ltr'><strong>sunumt,</strong></span> <span class='ocrx_word' id='word_1_452' title='bbox 2546 2253 2720 2322; x_wconf 84' lang='lat' dir='ltr'><strong>qualis</strong></span> <span class='ocrx_word' id='word_1_453' title='bbox 2752 2268 2872 2306; x_wconf 86' lang='lat' dir='ltr'><strong>esse</strong></span> <span class='ocrx_word' id='word_1_454' title='bbox 2905 2253 3098 2306; x_wconf 85' lang='lat' dir='ltr'><strong>debeat</strong></span> <span class='ocrx_word' id='word_1_455' title='bbox 3133 2253 3294 2305; x_wconf 87' lang='lat' dir='ltr'><strong>animi</strong></span> <span class='ocrx_word' id='word_1_456' title='bbox 3328 2264 3435 2306; x_wconf 85' lang='lat' dir='ltr'><strong>sla-</strong></span> 
     </span>
    </p>
   </div>
   <div class='ocr_carea' id='block_1_68' title="bbox 1887 2343 3429 2411">
    <p class='ocr_par' dir='ltr' id='par_1_68' title="bbox 1887 2343 3429 2411">
     <span class='ocr_line' id='line_1_68' title="bbox 1887 2343 3429 2411; baseline 0.001 -17"><span class='ocrx_word' id='word_1_457' title='bbox 1887 2351 1971 2395; x_wconf 83' lang='lat' dir='ltr'><strong>tus</strong></span> <span class='ocrx_word' id='word_1_458' title='bbox 2001 2343 2156 2405; x_wconf 89' lang='lat' dir='ltr'><strong>ineo,</strong></span> <span class='ocrx_word' id='word_1_459' title='bbox 2175 2343 2264 2410; x_wconf 91' lang='lat' dir='ltr'><strong>qui</strong></span> <span class='ocrx_word' id='word_1_460' title='bbox 2286 2343 2550 2410; x_wconf 84' lang='lat' dir='ltr'><strong>jejunium</strong></span> <span class='ocrx_word' id='word_1_461' title='bbox 2580 2343 2852 2403; x_wconf 83' lang='lat' dir='ltr'><strong>observat,</strong></span> <span class='ocrx_word' id='word_1_462' title='bbox 2880 2344 3035 2411; x_wconf 89' lang='lat' dir='ltr'><strong>quale</strong></span> <span class='ocrx_word' id='word_1_463' title='bbox 3061 2343 3429 2396; x_wconf 79' lang='lat' dir='ltr'><strong>holocaustum</strong></span> 
     </span>
    </p>
   </div>
   <div class='ocr_carea' id='block_1_69' title="bbox 1887 2431 3429 2500">
    <p class='ocr_par' dir='ltr' id='par_1_69' title="bbox 1887 2431 3429 2500">
     <span class='ocr_line' id='line_1_69' title="bbox 1887 2431 3429 2500; baseline 0.001 -19"><span class='ocrx_word' id='word_1_464' title='bbox 1887 2432 2248 2498; x_wconf 61' lang='lat' dir='ltr'><strong>pmnitentiat,</strong></span> <span class='ocrx_word' id='word_1_465' title='bbox 2312 2442 2363 2485; x_wconf 86' lang='lat' dir='ltr'><strong>et</strong></span> <span class='ocrx_word' id='word_1_466' title='bbox 2419 2431 2746 2500; x_wconf 82' lang='lat' dir='ltr'><strong>precationis</strong></span> <span class='ocrx_word' id='word_1_467' title='bbox 2804 2433 3102 2486; x_wconf 88' lang='lat' dir='ltr'><strong>incensum.</strong></span> <span class='ocrx_word' id='word_1_468' title='bbox 3175 2435 3250 2486; x_wconf 84' lang='lat' dir='ltr'><strong>Ac</strong></span> <span class='ocrx_word' id='word_1_469' title='bbox 3304 2441 3429 2486; x_wconf 71' lang='lat' dir='ltr'><strong>tunc</strong></span> 
     </span>
    </p>
   </div>
   <div class='ocr_carea' id='block_1_70' title="bbox 1886 2519 3422 2587">
    <p class='ocr_par' dir='ltr' id='par_1_70' title="bbox 1886 2519 3422 2587">
     <span class='ocr_line' id='line_1_70' title="bbox 1886 2519 3422 2587; baseline -0.001 -19"><span class='ocrx_word' id='word_1_470' title='bbox 1886 2519 2101 2586; x_wconf 80' lang='lat' dir='ltr'><strong>quidem</strong></span> <span class='ocrx_word' id='word_1_471' title='bbox 2162 2521 2230 2570; x_wconf 79' lang='lat' dir='ltr'><strong>ita</strong></span> <span class='ocrx_word' id='word_1_472' title='bbox 2288 2519 2476 2586; x_wconf 84' lang='lat' dir='ltr'><strong>jejuuii</strong></span> <span class='ocrx_word' id='word_1_473' title='bbox 2511 2519 2842 2572; x_wconf 71' lang='lat' dir='ltr'><strong>curriz&#39;ulttm</strong></span> <span class='ocrx_word' id='word_1_474' title='bbox 2898 2520 3156 2587; x_wconf 79' lang='lat' dir='ltr'><strong>dirigunt.</strong></span> <span class='ocrx_word' id='word_1_475' title='bbox 3186 2519 3251 2572; x_wconf 87' lang='grc' dir='ltr'>Λι</span> <span class='ocrx_word' id='word_1_476' title='bbox 3299 2535 3422 2571; x_wconf 79' lang='lat' dir='ltr'><strong>vero</strong></span> 
     </span>
    </p>
   </div>
   <div class='ocr_carea' id='block_1_71' title="bbox 1886 2607 3430 2678">
    <p class='ocr_par' dir='ltr' id='par_1_71' title="bbox 1886 2607 3430 2678">
     <span class='ocr_line' id='line_1_71' title="bbox 1886 2607 3430 2678; baseline 0 -18"><span class='ocrx_word' id='word_1_477' title='bbox 1886 2610 2002 2661; x_wconf 61' lang='lat' dir='ltr'><strong>Ireta</strong></span> <span class='ocrx_word' id='word_1_478' title='bbox 2036 2609 2122 2661; x_wconf 85' lang='lat' dir='ltr'><strong>illa</strong></span> <span class='ocrx_word' id='word_1_479' title='bbox 2147 2609 2233 2662; x_wconf 91' lang='lat' dir='ltr'><strong>die</strong></span> <span class='ocrx_word' id='word_1_480' title='bbox 2263 2607 2537 2662; x_wconf 69' lang='lat' dir='ltr'><strong>Dom‘nica</strong></span> <span class='ocrx_word' id='word_1_481' title='bbox 2569 2609 2813 2662; x_wconf 80' lang='lat' dir='ltr'><strong>haiorum</strong></span> <span class='ocrx_word' id='word_1_482' title='bbox 2848 2611 3184 2678; x_wconf 74' lang='lat' dir='ltr'><strong>gestationis,</strong></span> <span class='ocrx_word' id='word_1_483' title='bbox 3239 2624 3296 2662; x_wconf 80' lang='lat' dir='ltr'><strong>sc</strong></span> <span class='ocrx_word' id='word_1_484' title='bbox 3317 2611 3430 2661; x_wconf 78' lang='lat' dir='ltr'><strong>len-</strong></span> 
     </span>
    </p>
   </div>
   <div class='ocr_carea' id='block_1_72' title="bbox 1888 2698 3428 2767">
    <p class='ocr_par' dir='ltr' id='par_1_72' title="bbox 1888 2698 3428 2767">
     <span class='ocr_line' id='line_1_72' title="bbox 1888 2698 3428 2767; baseline 0.002 -21"><span class='ocrx_word' id='word_1_485' title='bbox 1888 2705 1969 2750; x_wconf 85' lang='lat' dir='ltr'><strong>tes</strong></span> <span class='ocrx_word' id='word_1_486' title='bbox 1999 2713 2097 2763; x_wconf 90' lang='lat' dir='ltr'><strong>pro</strong></span> <span class='ocrx_word' id='word_1_487' title='bbox 2133 2713 2282 2751; x_wconf 87' lang='lat' dir='ltr'><strong>more</strong></span> <span class='ocrx_word' id='word_1_488' title='bbox 2307 2698 2746 2751; x_wconf 83' lang='lat' dir='ltr'><strong>distrilmcntium</strong></span> <span class='ocrx_word' id='word_1_489' title='bbox 2805 2699 3020 2767; x_wconf 68' lang='lat' dir='ltr'><strong>prtemia</strong></span> <span class='ocrx_word' id='word_1_490' title='bbox 3056 2700 3271 2767; x_wconf 76' lang='lat' dir='ltr'><strong>(quippe</strong></span> <span class='ocrx_word' id='word_1_491' title='bbox 3301 2713 3428 2751; x_wconf 91' lang='lat' dir='ltr'><strong>con-</strong></span> 
     </span>
    </p>
   </div>
   <div class='ocr_carea' id='block_1_73' title="bbox 1886 2787 3425 2854">
    <p class='ocr_par' dir='ltr' id='par_1_73' title="bbox 1886 2787 3425 2854">
     <span class='ocr_line' id='line_1_73' title="bbox 1886 2787 3425 2854; baseline 0.002 -17"><span class='ocrx_word' id='word_1_492' title='bbox 1886 2787 2040 2847; x_wconf 85' lang='lat' dir='ltr'><strong>sedit,</strong></span> <span class='ocrx_word' id='word_1_493' title='bbox 2058 2787 2306 2854; x_wconf 89' lang='lat' dir='ltr'><strong>inquiunt</strong></span> <span class='ocrx_word' id='word_1_494' title='bbox 2324 2787 2534 2842; x_wconf 75' lang='lat' dir='ltr'><strong>Littcrzc</strong></span> <span class='ocrx_word' id='word_1_495' title='bbox 2563 2802 2750 2850; x_wconf 64' lang='lat' dir='ltr'><strong>sacrm,</strong></span> <span class='ocrx_word' id='word_1_496' title='bbox 2779 2789 2866 2854; x_wconf 87' lang='lat' dir='ltr'><strong>qui</strong></span> <span class='ocrx_word' id='word_1_497' title='bbox 2886 2787 3091 2853; x_wconf 88' lang='lat' dir='ltr'><strong>judicat</strong></span> <span class='ocrx_word' id='word_1_498' title='bbox 3111 2788 3425 2854; x_wconf 86' lang='lat' dir='ltr'><strong>justitiam),</strong></span> 
     </span>
    </p>
   </div>
   <div class='ocr_carea' id='block_1_74' title="bbox 1886 2874 3427 2944">
    <p class='ocr_par' dir='ltr' id='par_1_74' title="bbox 1886 2874 3427 2944">
     <span class='ocr_line' id='line_1_74' title="bbox 1886 2874 3427 2944; baseline 0.003 -20"><span class='ocrx_word' id='word_1_499' title='bbox 1886 2874 2126 2928; x_wconf 85' lang='lat' dir='ltr'><strong>victores</strong></span> <span class='ocrx_word' id='word_1_500' title='bbox 2186 2874 2238 2926; x_wconf 89' lang='lat' dir='ltr'><strong>in</strong></span> <span class='ocrx_word' id='word_1_501' title='bbox 2289 2875 2791 2942; x_wconf 75' lang='lat' dir='ltr'><strong>certaminejejunii</strong></span> <span class='ocrx_word' id='word_1_502' title='bbox 2825 2876 3177 2944; x_wconf 88' lang='lat' dir='ltr'><strong>pretiosarum</strong></span> <span class='ocrx_word' id='word_1_503' title='bbox 3214 2886 3427 2931; x_wconf 78' lang='lat' dir='ltr'><strong>saneta-</strong></span> 
     </span>
    </p>
   </div>
   <div class='ocr_carea' id='block_1_75' title="bbox 1885 2965 3422 3031">
    <p class='ocr_par' dir='ltr' id='par_1_75' title="bbox 1885 2965 3422 3031">
     <span class='ocr_line' id='line_1_75' title="bbox 1885 2965 3422 3031; baseline 0.001 -16"><span class='ocrx_word' id='word_1_504' title='bbox 1885 2978 2114 3031; x_wconf 89' lang='lat' dir='ltr'><strong>rumque</strong></span> <span class='ocrx_word' id='word_1_505' title='bbox 2193 2965 2435 3018; x_wconf 90' lang='lat' dir='ltr'><strong>crucium</strong></span> <span class='ocrx_word' id='word_1_506' title='bbox 2526 2966 2961 3028; x_wconf 84' lang='lat' dir='ltr'><strong>lustrationibus,</strong></span> <span class='ocrx_word' id='word_1_507' title='bbox 3022 2975 3075 3020; x_wconf 91' lang='lat' dir='ltr'><strong>et</strong></span> <span class='ocrx_word' id='word_1_508' title='bbox 3148 2980 3422 3020; x_wconf 87' lang='lat' dir='ltr'><strong>cercormn</strong></span> 
     </span>
    </p>
   </div>
   <div class='ocr_carea' id='block_1_76' title="bbox 1885 3054 3424 3124">
    <p class='ocr_par' dir='ltr' id='par_1_76' title="bbox 1885 3054 3424 3124">
     <span class='ocr_line' id='line_1_76' title="bbox 1885 3054 3424 3124; baseline 0.001 -18"><span class='ocrx_word' id='word_1_509' title='bbox 1885 3054 2177 3108; x_wconf 89' lang='lat' dir='ltr'><strong>lucentium</strong></span> <span class='ocrx_word' id='word_1_510' title='bbox 2208 3054 2368 3108; x_wconf 91' lang='lat' dir='ltr'><strong>donis</strong></span> <span class='ocrx_word' id='word_1_511' title='bbox 2395 3055 2694 3124; x_wconf 78' lang='lat' dir='ltr'><strong>excipiunt.</strong></span> <span class='ocrx_word' id='word_1_512' title='bbox 2718 3055 2924 3124; x_wconf 85' lang='lat' dir='ltr'><strong>Quippe</strong></span> <span class='ocrx_word' id='word_1_513' title='bbox 2947 3070 3053 3108; x_wconf 93' lang='lat' dir='ltr'><strong>non</strong></span> <span class='ocrx_word' id='word_1_514' title='bbox 3083 3069 3199 3107; x_wconf 87' lang='lat' dir='ltr'><strong>cum</strong></span> <span class='ocrx_word' id='word_1_515' title='bbox 3219 3056 3424 3107; x_wconf 68' lang='lat' dir='ltr'><strong>umbris</strong></span> 
     </span>
    </p>
   </div>
   <div class='ocr_carea' id='block_1_77' title="bbox 1885 3142 3424 3210">
    <p class='ocr_par' dir='ltr' id='par_1_77' title="bbox 1885 3142 3424 3210">
     <span class='ocr_line' id='line_1_77' title="bbox 1885 3142 3424 3210; baseline 0.001 -13"><span class='ocrx_word' id='word_1_516' title='bbox 1885 3145 2149 3198; x_wconf 86' lang='lat' dir='ltr'><strong>dimicare</strong></span> <span class='ocrx_word' id='word_1_517' title='bbox 2184 3142 2368 3196; x_wconf 80' lang='lat' dir='ltr'><strong>ﬁdeles</strong></span> <span class='ocrx_word' id='word_1_518' title='bbox 2399 3143 2606 3206; x_wconf 91' lang='lat' dir='ltr'><strong>volunt,</strong></span> <span class='ocrx_word' id='word_1_519' title='bbox 2641 3143 2909 3198; x_wconf 79' lang='lat' dir='ltr'><strong>fatuorum</strong></span> <span class='ocrx_word' id='word_1_520' title='bbox 2963 3159 3149 3210; x_wconf 83' lang='lat' dir='ltr'><strong>more,</strong></span> <span class='ocrx_word' id='word_1_521' title='bbox 3192 3145 3283 3198; x_wconf 84' lang='lat' dir='ltr'><strong>sed</strong></span> <span class='ocrx_word' id='word_1_522' title='bbox 3330 3159 3424 3198; x_wconf 86' lang='lat' dir='ltr'><strong>eos</strong></span> 
     </span>
    </p>
   </div>
   <div class='ocr_carea' id='block_1_78' title="bbox 1885 3231 3422 3300">
    <p class='ocr_par' dir='ltr' id='par_1_78' title="bbox 1885 3231 3422 3300">
     <span class='ocr_line' id='line_1_78' title="bbox 1885 3231 3422 3300; baseline 0.002 -18"><span class='ocrx_word' id='word_1_523' title='bbox 1885 3231 2049 3286; x_wconf 87' lang='lat' dir='ltr'><strong>veluti</strong></span> <span class='ocrx_word' id='word_1_524' title='bbox 2073 3233 2184 3300; x_wconf 87' lang='lat' dir='ltr'><strong>jam</strong></span> <span class='ocrx_word' id='word_1_525' title='bbox 2238 3231 2564 3298; x_wconf 82' lang='lat' dir='ltr'><strong>aspicientes</strong></span> <span class='ocrx_word' id='word_1_526' title='bbox 2593 3232 2818 3300; x_wconf 72' lang='lat' dir='ltr'><strong>justitire</strong></span> <span class='ocrx_word' id='word_1_527' title='bbox 2873 3233 3062 3295; x_wconf 87' lang='lat' dir='ltr'><strong>solem,</strong></span> <span class='ocrx_word' id='word_1_528' title='bbox 3095 3233 3186 3300; x_wconf 86' lang='lat' dir='ltr'><strong>qui</strong></span> <span class='ocrx_word' id='word_1_529' title='bbox 3232 3248 3422 3285; x_wconf 84' lang='lat' dir='ltr'><strong>novam</strong></span> 
     </span>
    </p>
   </div>
   <div class='ocr_carea' id='block_1_79' title="bbox 1888 3319 3423 3390">
    <p class='ocr_par' dir='ltr' id='par_1_79' title="bbox 1888 3319 3423 3390">
     <span class='ocr_line' id='line_1_79' title="bbox 1888 3319 3423 3390; baseline -0.003 -15"><span class='ocrx_word' id='word_1_530' title='bbox 1888 3319 2104 3375; x_wconf 86' lang='lat' dir='ltr'><strong>Sionem</strong></span> <span class='ocrx_word' id='word_1_531' title='bbox 2140 3336 2234 3389; x_wconf 90' lang='lat' dir='ltr'><strong>per</strong></span> <span class='ocrx_word' id='word_1_532' title='bbox 2261 3323 2461 3390; x_wconf 88' lang='lat' dir='ltr'><strong>pullum</strong></span> <span class='ocrx_word' id='word_1_533' title='bbox 2482 3322 2768 3383; x_wconf 87' lang='lat' dir='ltr'><strong>illuminat,</strong></span> <span class='ocrx_word' id='word_1_534' title='bbox 2803 3336 2894 3390; x_wconf 88' lang='lat' dir='ltr'><strong>per</strong></span> <span class='ocrx_word' id='word_1_535' title='bbox 2920 3322 3029 3375; x_wconf 61' lang='lat' dir='ltr'><strong>hac</strong></span> <span class='ocrx_word' id='word_1_536' title='bbox 3051 3323 3423 3383; x_wconf 80' lang='lat' dir='ltr'><strong>exhortantur,</strong></span> 
     </span>
    </p>
   </div>
   <div class='ocr_carea' id='block_1_80' title="bbox 1881 3409 3424 3478">
    <p class='ocr_par' dir='ltr' id='par_1_80' title="bbox 1881 3409 3424 3478">
     <span class='ocr_line' id='line_1_80' title="bbox 1881 3409 3424 3478; baseline -0.002 -15"><span class='ocrx_word' id='word_1_537' title='bbox 1881 3420 1938 3463; x_wconf 87' lang='lat' dir='ltr'><strong>ut</strong></span> <span class='ocrx_word' id='word_1_538' title='bbox 1971 3410 2220 3464; x_wconf 85' lang='lat' dir='ltr'><strong>absoluto</strong></span> <span class='ocrx_word' id='word_1_539' title='bbox 2253 3409 2532 3463; x_wconf 91' lang='lat' dir='ltr'><strong>Dominico</strong></span> <span class='ocrx_word' id='word_1_540' title='bbox 2559 3410 2763 3462; x_wconf 89' lang='lat' dir='ltr'><strong>dierum</strong></span> <span class='ocrx_word' id='word_1_541' title='bbox 2792 3409 3142 3478; x_wconf 76' lang='lat' dir='ltr'><strong>quadraginta</strong></span> <span class='ocrx_word' id='word_1_542' title='bbox 3196 3409 3424 3476; x_wconf 82' lang='lat' dir='ltr'><strong>jejunio,</strong></span> 
     </span>
    </p>
   </div>
   <div class='ocr_carea' id='block_1_81' title="bbox 1879 3498 3424 3566">
    <p class='ocr_par' dir='ltr' id='par_1_81' title="bbox 1879 3498 3424 3566">
     <span class='ocr_line' id='line_1_81' title="bbox 1879 3498 3424 3566; baseline -0.002 -15"><span class='ocrx_word' id='word_1_543' title='bbox 1879 3511 1931 3552; x_wconf 85' lang='lat' dir='ltr'><strong>et</strong></span> <span class='ocrx_word' id='word_1_544' title='bbox 1962 3500 2198 3554; x_wconf 85' lang='lat' dir='ltr'><strong>nubibus</strong></span> <span class='ocrx_word' id='word_1_545' title='bbox 2227 3499 2478 3553; x_wconf 89' lang='lat' dir='ltr'><strong>vitiorum</strong></span> <span class='ocrx_word' id='word_1_546' title='bbox 2512 3498 2772 3566; x_wconf 80' lang='lat' dir='ltr'><strong>expulsis,</strong></span> <span class='ocrx_word' id='word_1_547' title='bbox 2800 3513 2902 3550; x_wconf 88' lang='lat' dir='ltr'><strong>una</strong></span> <span class='ocrx_word' id='word_1_548' title='bbox 2928 3513 3049 3550; x_wconf 91' lang='lat' dir='ltr'><strong>cum</strong></span> <span class='ocrx_word' id='word_1_549' title='bbox 3085 3499 3184 3550; x_wconf 91' lang='lat' dir='ltr'><strong>hoc</strong></span> <span class='ocrx_word' id='word_1_550' title='bbox 3214 3499 3424 3566; x_wconf 70' lang='lat' dir='ltr'><strong>gigante</strong></span> 
     </span>
    </p>
   </div>
   <div class='ocr_carea' id='block_1_82' title="bbox 1881 3583 3422 3655">
    <p class='ocr_par' dir='ltr' id='par_1_82' title="bbox 1881 3583 3422 3655">
     <span class='ocr_line' id='line_1_82' title="bbox 1881 3583 3422 3655; baseline 0 -17"><span class='ocrx_word' id='word_1_551' title='bbox 1881 3587 2048 3653; x_wconf 90' lang='lat' dir='ltr'><strong>(dicto</strong></span> <span class='ocrx_word' id='word_1_552' title='bbox 2085 3589 2339 3640; x_wconf 91' lang='lat' dir='ltr'><strong>nimirum</strong></span> <span class='ocrx_word' id='word_1_553' title='bbox 2373 3587 2506 3655; x_wconf 84' lang='lat' dir='ltr'><strong>sole)</strong></span> <span class='ocrx_word' id='word_1_554' title='bbox 2539 3587 2871 3640; x_wconf 82' lang='lat' dir='ltr'><strong>exoriantur.</strong></span> <span class='ocrx_word' id='word_1_555' title='bbox 2932 3583 2993 3636; x_wconf 87' lang='lat' dir='ltr'><strong>Et</strong></span> <span class='ocrx_word' id='word_1_556' title='bbox 3030 3586 3149 3639; x_wconf 90' lang='lat' dir='ltr'><strong>baia</strong></span> <span class='ocrx_word' id='word_1_557' title='bbox 3205 3588 3422 3654; x_wconf 89' lang='lat' dir='ltr'><strong>quidem</strong></span> 
     </span>
    </p>
   </div>
   <div class='ocr_carea' id='block_1_83' title="bbox 1879 3676 3420 3746">
    <p class='ocr_par' dir='ltr' id='par_1_83' title="bbox 1879 3676 3420 3746">
     <span class='ocr_line' id='line_1_83' title="bbox 1879 3676 3420 3746; baseline 0.001 -19"><span class='ocrx_word' id='word_1_558' title='bbox 1879 3677 2131 3729; x_wconf 85' lang='lat' dir='ltr'><strong>manibus</strong></span> <span class='ocrx_word' id='word_1_559' title='bbox 2157 3686 2444 3746; x_wconf 86' lang='lat' dir='ltr'><strong>propterea</strong></span> <span class='ocrx_word' id='word_1_560' title='bbox 2501 3684 2704 3740; x_wconf 85' lang='lat' dir='ltr'><strong>tenent,</strong></span> <span class='ocrx_word' id='word_1_561' title='bbox 2759 3676 2900 3744; x_wconf 92' lang='lat' dir='ltr'><strong>quod</strong></span> <span class='ocrx_word' id='word_1_562' title='bbox 2966 3676 3199 3729; x_wconf 86' lang='lat' dir='ltr'><strong>traducti</strong></span> <span class='ocrx_word' id='word_1_563' title='bbox 3255 3677 3420 3730; x_wconf 81' lang='lat' dir='ltr'><strong>sinta</strong></span> 
     </span>
    </p>
   </div>
   <div class='ocr_carea' id='block_1_84' title="bbox 1878 3764 3420 3833">
    <p class='ocr_par' dir='ltr' id='par_1_84' title="bbox 1878 3764 3420 3833">
     <span class='ocr_line' id='line_1_84' title="bbox 1878 3764 3420 3833; baseline 0.001 -17"><span class='ocrx_word' id='word_1_564' title='bbox 1878 3765 2068 3818; x_wconf 82' lang='lat' dir='ltr'><strong>vitiosa</strong></span> <span class='ocrx_word' id='word_1_565' title='bbox 2097 3765 2428 3833; x_wconf 78' lang='lat' dir='ltr'><strong>profanaque</strong></span> <span class='ocrx_word' id='word_1_566' title='bbox 2454 3765 2685 3820; x_wconf 76' lang='lat' dir='ltr'><strong>fortasse</strong></span> <span class='ocrx_word' id='word_1_567' title='bbox 2713 3765 2842 3825; x_wconf 88' lang='lat' dir='ltr'><strong>vita,</strong></span> <span class='ocrx_word' id='word_1_568' title='bbox 2873 3764 2935 3818; x_wconf 88' lang='lat' dir='ltr'><strong>ad</strong></span> <span class='ocrx_word' id='word_1_569' title='bbox 2964 3765 3335 3819; x_wconf 89' lang='lat' dir='ltr'><strong>sublimiorem</strong></span> <span class='ocrx_word' id='word_1_570' title='bbox 3368 3779 3420 3818; x_wconf 76' lang='lat' dir='ltr'><strong>et</strong></span> 
     </span>
    </p>
   </div>
   <div class='ocr_carea' id='block_1_85' title="bbox 1877 3857 3420 3925">
    <p class='ocr_par' dir='ltr' id='par_1_85' title="bbox 1877 3857 3420 3925">
     <span class='ocr_line' id='line_1_85' title="bbox 1877 3857 3420 3925; baseline 0.001 -18"><span class='ocrx_word' id='word_1_571' title='bbox 1877 3857 2135 3910; x_wconf 87' lang='lat' dir='ltr'><strong>vitiorum</strong></span> <span class='ocrx_word' id='word_1_572' title='bbox 2191 3863 2503 3925; x_wconf 81' lang='lat' dir='ltr'><strong>expertem:</strong></span> <span class='ocrx_word' id='word_1_573' title='bbox 2557 3871 2744 3910; x_wconf 90' lang='lat' dir='ltr'><strong>cereos</strong></span> <span class='ocrx_word' id='word_1_574' title='bbox 2794 3871 2920 3910; x_wconf 86' lang='lat' dir='ltr'><strong>vero</strong></span> <span class='ocrx_word' id='word_1_575' title='bbox 2972 3871 3092 3911; x_wconf 87' lang='lat' dir='ltr'><strong>cum</strong></span> <span class='ocrx_word' id='word_1_576' title='bbox 3143 3858 3420 3916; x_wconf 85' lang='lat' dir='ltr'><strong>crucibus,</strong></span> 
     </span>
    </p>
   </div>
   <div class='ocr_carea' id='block_1_86' title="bbox 1877 3944 3422 4014">
    <p class='ocr_par' dir='ltr' id='par_1_86' title="bbox 1877 3944 3422 4014">
     <span class='ocr_line' id='line_1_86' title="bbox 1877 3944 3422 4014; baseline 0 -18"><span class='ocrx_word' id='word_1_577' title='bbox 1877 3944 2020 4014; x_wconf 92' lang='lat' dir='ltr'><strong>quod</strong></span> <span class='ocrx_word' id='word_1_578' title='bbox 2059 3960 2181 3999; x_wconf 90' lang='lat' dir='ltr'><strong>cum</strong></span> <span class='ocrx_word' id='word_1_579' title='bbox 2211 3947 2414 4000; x_wconf 92' lang='lat' dir='ltr'><strong>lumine</strong></span> <span class='ocrx_word' id='word_1_580' title='bbox 2435 3946 2681 4000; x_wconf 80' lang='lat' dir='ltr'><strong>veritatis</strong></span> <span class='ocrx_word' id='word_1_581' title='bbox 2705 3953 2975 3999; x_wconf 90' lang='lat' dir='ltr'><strong>auctorem</strong></span> <span class='ocrx_word' id='word_1_582' title='bbox 3017 3946 3192 3999; x_wconf 92' lang='lat' dir='ltr'><strong>omnis</strong></span> <span class='ocrx_word' id='word_1_583' title='bbox 3224 3947 3346 3998; x_wconf 89' lang='lat' dir='ltr'><strong>mali</strong></span> <span class='ocrx_word' id='word_1_584' title='bbox 3369 3959 3422 4000; x_wconf 84' lang='lat' dir='ltr'><strong>et</strong></span> 
     </span>
    </p>
   </div>
   <div class='ocr_carea' id='block_1_87' title="bbox 1879 4035 3423 4104">
    <p class='ocr_par' dir='ltr' id='par_1_87' title="bbox 1879 4035 3423 4104">
     <span class='ocr_line' id='line_1_87' title="bbox 1879 4035 3423 4104; baseline 0.001 -17"><span class='ocrx_word' id='word_1_585' title='bbox 1879 4037 2255 4090; x_wconf 88' lang='lat' dir='ltr'><strong>adversarium</strong></span> <span class='ocrx_word' id='word_1_586' title='bbox 2317 4051 2473 4090; x_wconf 89' lang='lat' dir='ltr'><strong>suum</strong></span> <span class='ocrx_word' id='word_1_587' title='bbox 2556 4035 2808 4088; x_wconf 86' lang='lat' dir='ltr'><strong>Satanam</strong></span> <span class='ocrx_word' id='word_1_588' title='bbox 2871 4036 3299 4104; x_wconf 87' lang='lat' dir='ltr'><strong>prostraveriut.</strong></span> <span class='ocrx_word' id='word_1_589' title='bbox 3361 4037 3423 4088; x_wconf 71' lang='lat' dir='ltr'><strong>Et</strong></span> 
     </span>
    </p>
   </div>
   <div class='ocr_carea' id='block_1_88' title="bbox 1879 4127 3418 4197">
    <p class='ocr_par' dir='ltr' id='par_1_88' title="bbox 1879 4127 3418 4197">
     <span class='ocr_line' id='line_1_88' title="bbox 1879 4127 3418 4197; baseline 0 -18"><span class='ocrx_word' id='word_1_590' title='bbox 1879 4128 2145 4197; x_wconf 89' lang='lat' dir='ltr'><strong>quodnam</strong></span> <span class='ocrx_word' id='word_1_591' title='bbox 2180 4128 2320 4180; x_wconf 87' lang='lat' dir='ltr'><strong>aliud</strong></span> <span class='ocrx_word' id='word_1_592' title='bbox 2354 4130 2552 4181; x_wconf 86' lang='lat' dir='ltr'><strong>donum</strong></span> <span class='ocrx_word' id='word_1_593' title='bbox 2581 4127 2668 4190; x_wconf 89' lang='lat' dir='ltr'><strong>iis,</strong></span> <span class='ocrx_word' id='word_1_594' title='bbox 2691 4127 2783 4196; x_wconf 92' lang='lat' dir='ltr'><strong>qui</strong></span> <span class='ocrx_word' id='word_1_595' title='bbox 2818 4141 2911 4195; x_wconf 90' lang='lat' dir='ltr'><strong>per</strong></span> <span class='ocrx_word' id='word_1_596' title='bbox 2961 4129 3340 4181; x_wconf 85' lang='lat' dir='ltr'><strong>continentiam</strong></span> <span class='ocrx_word' id='word_1_597' title='bbox 3367 4129 3418 4179; x_wconf 87' lang='lat' dir='ltr'><strong>in</strong></span> 
     </span>
    </p>
   </div>
   <div class='ocr_carea' id='block_1_89' title="bbox 1879 4215 3418 4283">
    <p class='ocr_par' dir='ltr' id='par_1_89' title="bbox 1879 4215 3418 4283">
     <span class='ocr_line' id='line_1_89' title="bbox 1879 4215 3418 4283; baseline -0.001 -15"><span class='ocrx_word' id='word_1_598' title='bbox 1879 4216 1970 4268; x_wconf 90' lang='lat' dir='ltr'><strong>illo</strong></span> <span class='ocrx_word' id='word_1_599' title='bbox 2007 4230 2196 4283; x_wconf 80' lang='lat' dir='ltr'><strong>magno</strong></span> <span class='ocrx_word' id='word_1_600' title='bbox 2222 4215 2411 4283; x_wconf 87' lang='lat' dir='ltr'><strong>jejunii</strong></span> <span class='ocrx_word' id='word_1_601' title='bbox 2472 4215 2766 4269; x_wconf 87' lang='lat' dir='ltr'><strong>certamine</strong></span> <span class='ocrx_word' id='word_1_602' title='bbox 2814 4215 3042 4268; x_wconf 85' lang='lat' dir='ltr'><strong>victores</strong></span> <span class='ocrx_word' id='word_1_603' title='bbox 3098 4216 3418 4279; x_wconf 79' lang='lat' dir='ltr'><strong>exstiterint,</strong></span> 
     </span>
    </p>
   </div>
   <div class='ocr_carea' id='block_1_90' title="bbox 1878 4303 3416 4373">
    <p class='ocr_par' dir='ltr' id='par_1_90' title="bbox 1878 4303 3416 4373">
     <span class='ocr_line' id='line_1_90' title="bbox 1878 4303 3416 4373; baseline 0.001 -17"><span class='ocrx_word' id='word_1_604' title='bbox 1878 4303 1994 4356; x_wconf 87' lang='lat' dir='ltr'><strong>dari</strong></span> <span class='ocrx_word' id='word_1_605' title='bbox 2050 4305 2338 4372; x_wconf 76' lang='lat' dir='ltr'><strong>pretiosius</strong></span> <span class='ocrx_word' id='word_1_606' title='bbox 2416 4304 2587 4373; x_wconf 84' lang='lat' dir='ltr'><strong>possit</strong></span> <span class='ocrx_word' id='word_1_607' title='bbox 2639 4304 2971 4371; x_wconf 82' lang='lat' dir='ltr'><strong>Optatissima</strong></span> <span class='ocrx_word' id='word_1_608' title='bbox 3026 4318 3179 4357; x_wconf 87' lang='lat' dir='ltr'><strong>sacra</strong></span> <span class='ocrx_word' id='word_1_609' title='bbox 3237 4319 3416 4363; x_wconf 88' lang='lat' dir='ltr'><strong>cruce.</strong></span> 
     </span>
    </p>
   </div>
   <div class='ocr_carea' id='block_1_91' title="bbox 1877 4390 3415 4460">
    <p class='ocr_par' dir='ltr' id='par_1_91' title="bbox 1877 4390 3415 4460">
     <span class='ocr_line' id='line_1_91' title="bbox 1877 4390 3415 4460; baseline -0.001 -16"><span class='ocrx_word' id='word_1_610' title='bbox 1877 4407 1996 4459; x_wconf 68' lang='lat' dir='ltr'><strong>quae</strong></span> <span class='ocrx_word' id='word_1_611' title='bbox 2019 4393 2198 4444; x_wconf 90' lang='lat' dir='ltr'><strong>omnia</strong></span> <span class='ocrx_word' id='word_1_612' title='bbox 2225 4392 2535 4446; x_wconf 85' lang='lat' dir='ltr'><strong>devorantis</strong></span> <span class='ocrx_word' id='word_1_613' title='bbox 2563 4390 2757 4445; x_wconf 79' lang='lat' dir='ltr'><strong>inferni</strong></span> <span class='ocrx_word' id='word_1_614' title='bbox 2787 4393 3052 4460; x_wconf 79' lang='lat' dir='ltr'><strong>genuinos</strong></span> <span class='ocrx_word' id='word_1_615' title='bbox 3078 4391 3415 4453; x_wconf 84' lang='lat' dir='ltr'><strong>comminuit,</strong></span> 
     </span>
    </p>
   </div>
   <div class='ocr_carea' id='block_1_92' title="bbox 218 4476 1778 4549">
    <p class='ocr_par' dir='ltr' id='par_1_92' title="bbox 218 4476 1770 4547">
     <span class='ocr_line' id='line_1_92' title="bbox 218 4476 1770 4547; baseline 0.001 -19"><span class='ocrx_word' id='word_1_616' title='bbox 218 4478 574 4547; x_wconf 72' lang='grc' dir='ltr'>σχεδιάσαντα</span> <span class='ocrx_word' id='word_1_617' title='bbox 615 4476 817 4544; x_wconf 81' lang='grc' dir='ltr'>Ἰησοῦν</span> <span class='ocrx_word' id='word_1_618' title='bbox 847 4477 1077 4545; x_wconf 73' lang='grc' dir='ltr'>Χριστὸν</span> <span class='ocrx_word' id='word_1_619' title='bbox 1109 4478 1198 4529; x_wconf 68' lang='grc' dir='ltr'>καὶ</span> <span class='ocrx_word' id='word_1_620' title='bbox 1240 4477 1368 4528; x_wconf 72' lang='grc' dir='ltr'>Θεὸν</span> <span class='ocrx_word' id='word_1_621' title='bbox 1399 4477 1572 4544; x_wconf 79' lang='grc' dir='ltr'>ἡμῶν.</span> <span class='ocrx_word' id='word_1_622' title='bbox 1621 4478 1770 4529; x_wconf 78' lang='grc' dir='ltr'>Ἐπεὶ</span> 
     </span>
    </p>
   </div>
   <div class='ocr_carea' id='block_1_93' title="bbox 1883 4476 3416 4549">
    <p class='ocr_par' dir='ltr' id='par_1_93' title="bbox 1883 4479 3416 4549">
     <span class='ocr_line' id='line_1_93' title="bbox 1883 4479 3416 4549; baseline -0.003 -15"><span class='ocrx_word' id='word_1_623' title='bbox 1883 4491 1926 4534; x_wconf 78' lang='grc' dir='ltr'><strong>ει</strong></span> <span class='ocrx_word' id='word_1_624' title='bbox 1983 4480 2218 4532; x_wconf 89' lang='lat' dir='ltr'><strong>humano</strong></span> <span class='ocrx_word' id='word_1_625' title='bbox 2281 4482 2459 4549; x_wconf 76' lang='lat' dir='ltr'><strong>generi</strong></span> <span class='ocrx_word' id='word_1_626' title='bbox 2511 4479 2632 4534; x_wconf 74' lang='lat' dir='ltr'><strong>vita:</strong></span> <span class='ocrx_word' id='word_1_627' title='bbox 2666 4489 2846 4547; x_wconf 87' lang='lat' dir='ltr'><strong>portas</strong></span> <span class='ocrx_word' id='word_1_628' title='bbox 2893 4480 3150 4548; x_wconf 80' lang='lat' dir='ltr'><strong>aperuit?</strong></span> <span class='ocrx_word' id='word_1_629' title='bbox 3199 4480 3416 4533; x_wconf 80' lang='lat' dir='ltr'><strong>omnino</strong></span> 
     </span>
    </p>
   </div>
   <div class='ocr_carea' id='block_1_94' title="bbox 213 4565 1769 4636">
    <p class='ocr_par' dir='ltr' id='par_1_94' title="bbox 213 4565 1769 4636">
     <span class='ocr_line' id='line_1_94' title="bbox 213 4565 1769 4636; baseline 0.001 -18"><span class='ocrx_word' id='word_1_630' title='bbox 213 4569 277 4619; x_wconf 74' lang='grc' dir='ltr'>δὲ</span> <span class='ocrx_word' id='word_1_631' title='bbox 308 4567 404 4617; x_wconf 82' lang='grc' dir='ltr'>καὶ</span> <span class='ocrx_word' id='word_1_632' title='bbox 433 4567 652 4632; x_wconf 79' lang='grc' dir='ltr'>βασιλέα</span> <span class='ocrx_word' id='word_1_633' title='bbox 685 4567 903 4627; x_wconf 84' lang='grc' dir='ltr'>πολλαῖς</span> <span class='ocrx_word' id='word_1_634' title='bbox 927 4565 1392 4635; x_wconf 81' lang='grc' dir='ltr'>δορυφορούμενον</span> <span class='ocrx_word' id='word_1_635' title='bbox 1423 4567 1652 4636; x_wconf 83' lang='grc' dir='ltr'>κυριότη</span> <span class='ocrx_word' id='word_1_636' title='bbox 1667 4584 1769 4630; x_wconf 82' lang='grc' dir='ltr'>σιν,</span> 
     </span>
    </p>
   </div>
   <div class='ocr_carea' id='block_1_95' title="bbox 213 4655 1772 4725">
    <p class='ocr_par' dir='ltr' id='par_1_95' title="bbox 213 4655 1772 4725">
     <span class='ocr_line' id='line_1_95' title="bbox 213 4655 1772 4725; baseline 0.001 -18"><span class='ocrx_word' id='word_1_637' title='bbox 213 4657 445 4725; x_wconf 75' lang='grc' dir='ltr'>ἀμέσως</span> <span class='ocrx_word' id='word_1_638' title='bbox 477 4655 508 4723; x_wconf 86' lang='grc' dir='ltr'>ἢ</span> <span class='ocrx_word' id='word_1_639' title='bbox 543 4658 680 4706; x_wconf 76' lang='grc' dir='ltr'>κατὰ</span> <span class='ocrx_word' id='word_1_640' title='bbox 708 4655 950 4724; x_wconf 78' lang='grc' dir='ltr'>ῥυπαροῦ</span> <span class='ocrx_word' id='word_1_641' title='bbox 984 4657 1405 4724; x_wconf 81' lang='grc' dir='ltr'>καταστήματος</span> <span class='ocrx_word' id='word_1_642' title='bbox 1432 4657 1530 4707; x_wconf 82' lang='grc' dir='ltr'>οὐκ</span> <span class='ocrx_word' id='word_1_643' title='bbox 1564 4656 1772 4719; x_wconf 79' lang='grc' dir='ltr'>ἔξεστιν</span> 
     </span>
    </p>
   </div>
   <div class='ocr_carea' id='block_1_96' title="bbox 216 4744 1767 4814">
    <p class='ocr_par' dir='ltr' id='par_1_96' title="bbox 216 4744 1767 4814">
     <span class='ocr_line' id='line_1_96' title="bbox 216 4744 1767 4814; baseline -0.002 -17"><span class='ocrx_word' id='word_1_644' title='bbox 216 4744 605 4807; x_wconf 74' lang='grc' dir='ltr'>ὑποδέξασθαι,</span> <span class='ocrx_word' id='word_1_645' title='bbox 639 4746 752 4797; x_wconf 87' lang='grc' dir='ltr'>Νῦν</span> <span class='ocrx_word' id='word_1_646' title='bbox 786 4747 908 4814; x_wconf 83' lang='grc' dir='ltr'>μὲν,</span> <span class='ocrx_word' id='word_1_647' title='bbox 951 4746 1112 4814; x_wconf 68' lang='grc' dir='ltr'>φησὶν</span> <span class='ocrx_word' id='word_1_648' title='bbox 1160 4748 1186 4796; x_wconf 82' lang='grc' dir='ltr'><strong>δ</strong></span> <span class='ocrx_word' id='word_1_649' title='bbox 1243 4747 1412 4814; x_wconf 88' lang='grc' dir='ltr'>μέγας</span> <span class='ocrx_word' id='word_1_650' title='bbox 1464 4746 1767 4814; x_wconf 78' lang='grc' dir='ltr'>ἀρχιερεὺς,</span> 
     </span>
    </p>
   </div>
   <div class='ocr_carea' id='block_1_97' title="bbox 211 4835 1772 4904">
    <p class='ocr_par' dir='ltr' id='par_1_97' title="bbox 211 4835 1772 4904">
     <span class='ocr_line' id='line_1_97' title="bbox 211 4835 1772 4904; baseline -0.003 -17"><span class='ocrx_word' id='word_1_651' title='bbox 211 4839 334 4896; x_wconf 82' lang='grc' dir='ltr'>τοῖς</span> <span class='ocrx_word' id='word_1_652' title='bbox 368 4837 693 4903; x_wconf 69' lang='grc' dir='ltr'>ἀγχεμάχοις</span> <span class='ocrx_word' id='word_1_653' title='bbox 724 4835 1183 4904; x_wconf 84' lang='grc' dir='ltr'>συναριθμήθητε,</span> <span class='ocrx_word' id='word_1_654' title='bbox 1237 4838 1346 4896; x_wconf 87' lang='grc' dir='ltr'>τοῖς</span> <span class='ocrx_word' id='word_1_655' title='bbox 1396 4836 1772 4901; x_wconf 71' lang='grc' dir='ltr'>σφενδονήταις</span> 
     </span>
    </p>
   </div>
   <div class='ocr_carea' id='block_1_98' title="bbox 215 4923 1773 4993">
    <p class='ocr_par' dir='ltr' id='par_1_98' title="bbox 215 4923 1773 4993">
     <span class='ocr_line' id='line_1_98' title="bbox 215 4923 1773 4993; baseline -0.001 -18"><span class='ocrx_word' id='word_1_656' title='bbox 215 4924 693 4992; x_wconf 75' lang='grc' dir='ltr'>συστοιχειώθητε,</span> <span class='ocrx_word' id='word_1_657' title='bbox 724 4927 839 4986; x_wconf 86' lang='grc' dir='ltr'>τοῖς</span> <span class='ocrx_word' id='word_1_658' title='bbox 873 4927 1211 4986; x_wconf 86' lang='grc' dir='ltr'>ἀκοντισταῖς</span> <span class='ocrx_word' id='word_1_659' title='bbox 1275 4924 1629 4993; x_wconf 73' lang='grc' dir='ltr'>συνανάϐητε,</span> <span class='ocrx_word' id='word_1_660' title='bbox 1680 4923 1773 4974; x_wconf 75' lang='grc' dir='ltr'>καὶ</span> 
     </span>
    </p>
   </div>
   <div class='ocr_carea' id='block_1_99' title="bbox 216 5012 1773 5082">
    <p class='ocr_par' dir='ltr' id='par_1_99' title="bbox 216 5012 1773 5082">
     <span class='ocr_line' id='line_1_99' title="bbox 216 5012 1773 5082; baseline 0.001 -18"><span class='ocrx_word' id='word_1_661' title='bbox 216 5015 340 5074; x_wconf 86' lang='grc' dir='ltr'>τοῖς</span> <span class='ocrx_word' id='word_1_662' title='bbox 373 5016 786 5080; x_wconf 38' lang='grc' dir='ltr'>τροπαιοιιςόροις</span> <span class='ocrx_word' id='word_1_663' title='bbox 821 5014 1258 5081; x_wconf 83' lang='grc' dir='ltr'>συνανακλίθητε.</span> <span class='ocrx_word' id='word_1_664' title='bbox 1301 5013 1451 5065; x_wconf 64' lang='grc' dir='ltr'>Μετὰ</span> <span class='ocrx_word' id='word_1_665' title='bbox 1489 5014 1543 5064; x_wconf 79' lang='grc' dir='ltr'>δὲ</span> <span class='ocrx_word' id='word_1_666' title='bbox 1579 5012 1773 5082; x_wconf 76' lang='grc' dir='ltr'>μικρὸν</span> 
     </span>
    </p>
   </div>
   <div class='ocr_carea' id='block_1_100' title="bbox 213 5103 1770 5171">
    <p class='ocr_par' dir='ltr' id='par_1_100' title="bbox 213 5103 1770 5171">
     <span class='ocr_line' id='line_1_100' title="bbox 213 5103 1770 5171; baseline -0.002 -13"><span class='ocrx_word' id='word_1_667' title='bbox 213 5103 635 5171; x_wconf 78' lang='grc' dir='ltr'>ἀνοιχθησονται</span> <span class='ocrx_word' id='word_1_668' title='bbox 665 5106 791 5171; x_wconf 80' lang='grc' dir='ltr'>ὑμῖν</span> <span class='ocrx_word' id='word_1_669' title='bbox 823 5105 890 5156; x_wconf 83' lang='grc' dir='ltr'>τὰ</span> <span class='ocrx_word' id='word_1_670' title='bbox 923 5106 1216 5170; x_wconf 73' lang='grc' dir='ltr'>ἀνάκτορα,</span> <span class='ocrx_word' id='word_1_671' title='bbox 1264 5108 1354 5154; x_wconf 69' lang='grc' dir='ltr'>καὶ</span> <span class='ocrx_word' id='word_1_672' title='bbox 1377 5103 1521 5170; x_wconf 80' lang='grc' dir='ltr'>ἴδητε</span> <span class='ocrx_word' id='word_1_673' title='bbox 1565 5104 1652 5155; x_wconf 78' lang='grc' dir='ltr'><strong>τὸν</strong></span> <span class='ocrx_word' id='word_1_674' title='bbox 1683 5105 1770 5155; x_wconf 87' lang='grc' dir='ltr'>ού-</span> 
     </span>
    </p>
   </div>
   <div class='ocr_carea' id='block_1_101' title="bbox 215 5191 1769 5266">
    <p class='ocr_par' dir='ltr' id='par_1_101' title="bbox 215 5191 1769 5266">
     <span class='ocr_line' id='line_1_101' title="bbox 215 5191 1769 5266; baseline -0.003 -18"><span class='ocrx_word' id='word_1_675' title='bbox 215 5195 390 5266; x_wconf 86' lang='grc' dir='ltr'>ρανοῦ</span> <span class='ocrx_word' id='word_1_676' title='bbox 432 5197 522 5245; x_wconf 70' lang='grc' dir='ltr'>καὶ</span> <span class='ocrx_word' id='word_1_677' title='bbox 551 5195 651 5261; x_wconf 83' lang='grc' dir='ltr'>γῆς</span> <span class='ocrx_word' id='word_1_678' title='bbox 701 5194 1050 5261; x_wconf 86' lang='grc' dir='ltr'>βασιλεύοντα</span> <span class='ocrx_word' id='word_1_679' title='bbox 1099 5191 1508 5260; x_wconf 83' lang='grc' dir='ltr'>ἀπερίγραπτον</span> <span class='ocrx_word' id='word_1_680' title='bbox 1567 5193 1769 5262; x_wconf 79' lang='grc' dir='ltr'>Κύριον</span> 
     </span>
    </p>
   </div>
   <div class='ocr_carea' id='block_1_102' title="bbox 215 5279 1771 5350">
    <p class='ocr_par' dir='ltr' id='par_1_102' title="bbox 215 5279 1771 5350">
     <span class='ocr_line' id='line_1_102' title="bbox 215 5279 1771 5350; baseline -0.005 -13"><span class='ocrx_word' id='word_1_681' title='bbox 215 5285 318 5337; x_wconf 76' lang='grc' dir='ltr'>καὶ</span> <span class='ocrx_word' id='word_1_682' title='bbox 351 5281 483 5335; x_wconf 74' lang='grc' dir='ltr'>Θεὸν</span> <span class='ocrx_word' id='word_1_683' title='bbox 507 5281 658 5350; x_wconf 71' lang='grc' dir='ltr'>ἡμῶν</span> <span class='ocrx_word' id='word_1_684' title='bbox 683 5281 955 5350; x_wconf 86' lang='grc' dir='ltr'>σαρκικῶς</span> <span class='ocrx_word' id='word_1_685' title='bbox 985 5280 1137 5348; x_wconf 75' lang='grc' dir='ltr'>χερσὶ</span> <span class='ocrx_word' id='word_1_686' title='bbox 1169 5279 1394 5331; x_wconf 75' lang='grc' dir='ltr'>δικαίων</span> <span class='ocrx_word' id='word_1_687' title='bbox 1440 5281 1771 5347; x_wconf 74' lang='grc' dir='ltr'>περιγραφό-</span> 
     </span>
    </p>
   </div>
   <div class='ocr_carea' id='block_1_103' title="bbox 217 5368 1773 5444">
    <p class='ocr_par' dir='ltr' id='par_1_103' title="bbox 217 5368 1773 5444">
     <span class='ocr_line' id='line_1_103' title="bbox 217 5368 1773 5444; baseline -0.003 -20"><span class='ocrx_word' id='word_1_688' title='bbox 217 5389 406 5444; x_wconf 79' lang='grc' dir='ltr'>μενον,</span> <span class='ocrx_word' id='word_1_689' title='bbox 441 5373 531 5423; x_wconf 74' lang='grc' dir='ltr'>καὶ</span> <span class='ocrx_word' id='word_1_690' title='bbox 555 5370 696 5440; x_wconf 73' lang='grc' dir='ltr'>ζωὴν</span> <span class='ocrx_word' id='word_1_691' title='bbox 726 5370 1076 5440; x_wconf 76' lang='grc' dir='ltr'>ἀτελεύτητον</span> <span class='ocrx_word' id='word_1_692' title='bbox 1106 5370 1223 5420; x_wconf 76' lang='grc' dir='ltr'>ἀντὶ</span> <span class='ocrx_word' id='word_1_693' title='bbox 1261 5368 1426 5436; x_wconf 78' lang='grc' dir='ltr'><strong>βαῖων</strong></span> <span class='ocrx_word' id='word_1_694' title='bbox 1468 5369 1773 5436; x_wconf 76' lang='grc' dir='ltr'>φιλοτιμού-</span> 
     </span>
    </p>
   </div>
   <div class='ocr_carea' id='block_1_104' title="bbox 216 5458 1768 5531">
    <p class='ocr_par' dir='ltr' id='par_1_104' title="bbox 216 5458 1768 5531">
     <span class='ocr_line' id='line_1_104' title="bbox 216 5458 1768 5531; baseline -0.004 -18"><span class='ocrx_word' id='word_1_695' title='bbox 216 5479 406 5531; x_wconf 81' lang='grc' dir='ltr'>μενον.</span> <span class='ocrx_word' id='word_1_696' title='bbox 454 5461 560 5513; x_wconf 70' lang='grc' dir='ltr'><strong>Καὶ</strong></span> <span class='ocrx_word' id='word_1_697' title='bbox 599 5460 737 5511; x_wconf 83' lang='grc' dir='ltr'><strong>κατά</strong></span> <span class='ocrx_word' id='word_1_698' title='bbox 769 5460 865 5528; x_wconf 78' lang='grc' dir='ltr'>μὲν</span> <span class='ocrx_word' id='word_1_699' title='bbox 912 5459 1008 5526; x_wconf 82' lang='grc' dir='ltr'>τὴν</span> <span class='ocrx_word' id='word_1_700' title='bbox 1043 5460 1381 5528; x_wconf 76' lang='grc' dir='ltr'>χαρμόσννον</span> <span class='ocrx_word' id='word_1_701' title='bbox 1430 5458 1768 5526; x_wconf 85' lang='grc' dir='ltr'>κυριώνυμον</span> 
     </span>
    </p>
   </div>
   <div class='ocr_carea' id='block_1_105' title="bbox 212 5547 1772 5617">
    <p class='ocr_par' dir='ltr' id='par_1_105' title="bbox 212 5547 1772 5617">
     <span class='ocr_line' id='line_1_105' title="bbox 212 5547 1772 5617; baseline -0.003 -16"><span class='ocrx_word' id='word_1_702' title='bbox 212 5552 314 5617; x_wconf 77' lang='grc' dir='ltr'>τῆς</span> <span class='ocrx_word' id='word_1_703' title='bbox 369 5550 479 5600; x_wconf 82' lang='grc' dir='ltr'><strong>τῶν</strong></span> <span class='ocrx_word' id='word_1_704' title='bbox 537 5548 702 5616; x_wconf 81' lang='grc' dir='ltr'>βαῖων</span> <span class='ocrx_word' id='word_1_705' title='bbox 759 5549 956 5615; x_wconf 80' lang='grc' dir='ltr'>σεπτῆς</span> <span class='ocrx_word' id='word_1_706' title='bbox 1005 5547 1379 5616; x_wconf 77' lang='grc' dir='ltr'>πανηγύρεως,</span> <span class='ocrx_word' id='word_1_707' title='bbox 1458 5547 1622 5614; x_wconf 81' lang='grc' dir='ltr'>κηρία</span> <span class='ocrx_word' id='word_1_708' title='bbox 1680 5547 1772 5597; x_wconf 70' lang='grc' dir='ltr'>καὶ</span> 
     </span>
    </p>
   </div>
   <div class='ocr_carea' id='block_1_106' title="bbox 211 5635 1768 5706">
    <p class='ocr_par' dir='ltr' id='par_1_106' title="bbox 211 5635 1768 5706">
     <span class='ocr_line' id='line_1_106' title="bbox 211 5635 1768 5706; baseline -0.002 -17"><span class='ocrx_word' id='word_1_709' title='bbox 211 5637 488 5706; x_wconf 81' lang='grc' dir='ltr'>σταυροὺς</span> <span class='ocrx_word' id='word_1_710' title='bbox 517 5637 876 5702; x_wconf 76' lang='grc' dir='ltr'>λαμϐάνοντες</span> <span class='ocrx_word' id='word_1_711' title='bbox 901 5639 948 5688; x_wconf 78' lang='lat' dir='ltr'><strong>oi</strong></span> <span class='ocrx_word' id='word_1_712' title='bbox 971 5637 1107 5696; x_wconf 69' lang='grc' dir='ltr'>λαοὶ,</span> <span class='ocrx_word' id='word_1_713' title='bbox 1141 5638 1235 5704; x_wconf 78' lang='grc' dir='ltr'>τὴν</span> <span class='ocrx_word' id='word_1_714' title='bbox 1263 5636 1401 5688; x_wconf 83' lang='grc' dir='ltr'><strong>κατά</strong></span> <span class='ocrx_word' id='word_1_715' title='bbox 1422 5635 1510 5686; x_wconf 88' lang='grc' dir='ltr'><strong>τοῦ</strong></span> <span class='ocrx_word' id='word_1_716' title='bbox 1541 5635 1768 5687; x_wconf 70' lang='grc' dir='ltr'>θανάτου</span> 
     </span>
    </p>
   </div>
   <div class='ocr_carea' id='block_1_107' title="bbox 212 5726 1767 5794">
    <p class='ocr_par' dir='ltr' id='par_1_107' title="bbox 212 5726 1767 5794">
     <span class='ocr_line' id='line_1_107' title="bbox 212 5726 1767 5794; baseline -0.001 -17"><span class='ocrx_word' id='word_1_717' title='bbox 212 5730 374 5792; x_wconf 79' lang='grc' dir='ltr'>νίκην</span> <span class='ocrx_word' id='word_1_718' title='bbox 406 5728 616 5786; x_wconf 79' lang='grc' dir='ltr'>ἑαυτοῖς</span> <span class='ocrx_word' id='word_1_719' title='bbox 652 5727 1166 5794; x_wconf 79' lang='grc' dir='ltr'>προμνηστεῦονται,</span> <span class='ocrx_word' id='word_1_720' title='bbox 1197 5727 1286 5778; x_wconf 76' lang='grc' dir='ltr'>καὶ</span> <span class='ocrx_word' id='word_1_721' title='bbox 1319 5727 1389 5787; x_wconf 81' lang='grc' dir='ltr'>ὡς</span> <span class='ocrx_word' id='word_1_722' title='bbox 1417 5726 1640 5792; x_wconf 73' lang='grc' dir='ltr'>ἀστέρες</span> <span class='ocrx_word' id='word_1_723' title='bbox 1673 5743 1767 5775; x_wconf 77' lang='grc' dir='ltr'>κα-</span> 
     </span>
    </p>
   </div>
   <div class='ocr_carea' id='block_1_108' title="bbox 1876 4566 3414 4636">
    <p class='ocr_par' dir='ltr' id='par_1_108' title="bbox 1876 4566 3414 4636">
     <span class='ocr_line' id='line_1_108' title="bbox 1876 4566 3414 4636; baseline -0.001 -15"><span class='ocrx_word' id='word_1_724' title='bbox 1876 4569 2108 4629; x_wconf 87' lang='lat' dir='ltr'><strong>nullum,</strong></span> <span class='ocrx_word' id='word_1_725' title='bbox 2137 4568 2240 4622; x_wconf 83' lang='lat' dir='ltr'><strong>nisi</strong></span> <span class='ocrx_word' id='word_1_726' title='bbox 2265 4568 2384 4636; x_wconf 87' lang='lat' dir='ltr'><strong>quis</strong></span> <span class='ocrx_word' id='word_1_727' title='bbox 2408 4566 2586 4621; x_wconf 89' lang='lat' dir='ltr'><strong>dicere</strong></span> <span class='ocrx_word' id='word_1_728' title='bbox 2603 4569 2728 4621; x_wconf 89' lang='lat' dir='ltr'><strong>velit</strong></span> <span class='ocrx_word' id='word_1_729' title='bbox 2748 4568 2930 4622; x_wconf 79' lang='lat' dir='ltr'><strong>Jcsum</strong></span> <span class='ocrx_word' id='word_1_730' title='bbox 2955 4569 3222 4621; x_wconf 87' lang='lat' dir='ltr'><strong>Christum</strong></span> <span class='ocrx_word' id='word_1_731' title='bbox 3249 4566 3414 4621; x_wconf 88' lang='lat' dir='ltr'><strong>Deum</strong></span> 
     </span>
    </p>
   </div>
   <div class='ocr_carea' id='block_1_109' title="bbox 1875 4657 3413 4725">
    <p class='ocr_par' dir='ltr' id='par_1_109' title="bbox 1875 4657 3413 4725">
     <span class='ocr_line' id='line_1_109' title="bbox 1875 4657 3413 4725; baseline 0.001 -15"><span class='ocrx_word' id='word_1_732' title='bbox 1875 4667 2138 4716; x_wconf 87' lang='lat' dir='ltr'><strong>nostrum,</strong></span> <span class='ocrx_word' id='word_1_733' title='bbox 2174 4657 2264 4724; x_wconf 92' lang='lat' dir='ltr'><strong>qui</strong></span> <span class='ocrx_word' id='word_1_734' title='bbox 2298 4671 2394 4724; x_wconf 91' lang='lat' dir='ltr'><strong>per</strong></span> <span class='ocrx_word' id='word_1_735' title='bbox 2429 4671 2644 4710; x_wconf 88' lang='lat' dir='ltr'><strong>crucem</strong></span> <span class='ocrx_word' id='word_1_736' title='bbox 2674 4658 2828 4711; x_wconf 89' lang='lat' dir='ltr'><strong>nobis</strong></span> <span class='ocrx_word' id='word_1_737' title='bbox 2851 4658 3073 4710; x_wconf 86' lang='lat' dir='ltr'><strong>salutem</strong></span> <span class='ocrx_word' id='word_1_738' title='bbox 3104 4657 3413 4725; x_wconf 90' lang='lat' dir='ltr'><strong>acquisivit.</strong></span> 
     </span>
    </p>
   </div>
   <div class='ocr_carea' id='block_1_110' title="bbox 1875 4745 3417 4813">
    <p class='ocr_par' dir='ltr' id='par_1_110' title="bbox 1875 4745 3417 4813">
     <span class='ocr_line' id='line_1_110' title="bbox 1875 4745 3417 4813; baseline 0.001 -15"><span class='ocrx_word' id='word_1_739' title='bbox 1875 4745 1932 4798; x_wconf 79' lang='lat' dir='ltr'><strong>Et</strong></span> <span class='ocrx_word' id='word_1_740' title='bbox 1966 4747 2220 4810; x_wconf 87' lang='lat' dir='ltr'><strong>quoniam</strong></span> <span class='ocrx_word' id='word_1_741' title='bbox 2274 4762 2448 4813; x_wconf 75' lang='lat' dir='ltr'><strong>regem</strong></span> <span class='ocrx_word' id='word_1_742' title='bbox 2486 4747 2777 4800; x_wconf 88' lang='lat' dir='ltr'><strong>multorum</strong></span> <span class='ocrx_word' id='word_1_743' title='bbox 2804 4746 3175 4799; x_wconf 85' lang='lat' dir='ltr'><strong>dominatuum</strong></span> <span class='ocrx_word' id='word_1_744' title='bbox 3215 4749 3417 4801; x_wconf 86' lang='lat' dir='ltr'><strong>satelli-</strong></span> 
     </span>
    </p>
   </div>
   <div class='ocr_carea' id='block_1_111' title="bbox 1877 4837 3418 4904">
    <p class='ocr_par' dir='ltr' id='par_1_111' title="bbox 1877 4837 3418 4904">
     <span class='ocr_line' id='line_1_111' title="bbox 1877 4837 3418 4904; baseline 0 -15"><span class='ocrx_word' id='word_1_745' title='bbox 1877 4838 1950 4889; x_wconf 89' lang='lat' dir='ltr'><strong>tio</strong></span> <span class='ocrx_word' id='word_1_746' title='bbox 1992 4840 2247 4904; x_wconf 81' lang='lat' dir='ltr'><strong>stipatum</strong></span> <span class='ocrx_word' id='word_1_747' title='bbox 2285 4838 2404 4891; x_wconf 87' lang='lat' dir='ltr'><strong>sine</strong></span> <span class='ocrx_word' id='word_1_748' title='bbox 2434 4837 2636 4898; x_wconf 85' lang='lat' dir='ltr'><strong>medio,</strong></span> <span class='ocrx_word' id='word_1_749' title='bbox 2689 4837 2770 4888; x_wconf 75' lang='lat' dir='ltr'><strong>vel</strong></span> <span class='ocrx_word' id='word_1_750' title='bbox 2827 4850 2949 4888; x_wconf 91' lang='lat' dir='ltr'><strong>cum</strong></span> <span class='ocrx_word' id='word_1_751' title='bbox 3005 4844 3143 4888; x_wconf 81' lang='lat' dir='ltr'><strong>statu</strong></span> <span class='ocrx_word' id='word_1_752' title='bbox 3201 4837 3418 4890; x_wconf 78' lang='lat' dir='ltr'><strong>sordido</strong></span> 
     </span>
    </p>
   </div>
   <div class='ocr_carea' id='block_1_112' title="bbox 1875 4923 3417 4993">
    <p class='ocr_par' dir='ltr' id='par_1_112' title="bbox 1875 4923 3417 4993">
     <span class='ocr_line' id='line_1_112' title="bbox 1875 4923 3417 4993; baseline -0.001 -15"><span class='ocrx_word' id='word_1_753' title='bbox 1875 4941 1981 4979; x_wconf 92' lang='grc' dir='ltr'>ιιοιι</span> <span class='ocrx_word' id='word_1_754' title='bbox 2016 4927 2137 4978; x_wconf 89' lang='lat' dir='ltr'><strong>licet</strong></span> <span class='ocrx_word' id='word_1_755' title='bbox 2170 4928 2415 4990; x_wconf 70' lang='lat' dir='ltr'><strong>exe‘cere</strong></span> <span class='ocrx_word' id='word_1_756' title='bbox 2444 4943 2457 4989; x_wconf 85' lang='lat'><strong>;</strong></span> <span class='ocrx_word' id='word_1_757' title='bbox 2488 4923 2639 4976; x_wconf 85' lang='lat' dir='ltr'><strong>Nunc</strong></span> <span class='ocrx_word' id='word_1_758' title='bbox 2690 4926 2926 4992; x_wconf 88' lang='lat' dir='ltr'><strong>quidem,</strong></span> <span class='ocrx_word' id='word_1_759' title='bbox 2975 4925 3145 4992; x_wconf 80' lang='lat' dir='ltr'><strong>inquit</strong></span> <span class='ocrx_word' id='word_1_760' title='bbox 3196 4941 3417 4993; x_wconf 71' lang='lat' dir='ltr'><strong>magnus</strong></span> 
     </span>
    </p>
   </div>
   <div class='ocr_carea' id='block_1_113' title="bbox 1877 5013 3413 5082">
    <p class='ocr_par' dir='ltr' id='par_1_113' title="bbox 1877 5013 3413 5082">
     <span class='ocr_line' id='line_1_113' title="bbox 1877 5013 3413 5082; baseline -0.003 -15"><span class='ocrx_word' id='word_1_761' title='bbox 1877 5015 1965 5068; x_wconf 89' lang='lat' dir='ltr'><strong>ille</strong></span> <span class='ocrx_word' id='word_1_762' title='bbox 2011 5013 2271 5082; x_wconf 80' lang='lat' dir='ltr'><strong>pontifex,</strong></span> <span class='ocrx_word' id='word_1_763' title='bbox 2297 5015 2436 5066; x_wconf 88' lang='lat' dir='ltr'><strong>inter</strong></span> <span class='ocrx_word' id='word_1_764' title='bbox 2472 5013 2654 5081; x_wconf 77' lang='lat' dir='ltr'><strong>pedem</strong></span> <span class='ocrx_word' id='word_1_765' title='bbox 2676 5014 3013 5068; x_wconf 79' lang='lat' dir='ltr'><strong>conferentes</strong></span> <span class='ocrx_word' id='word_1_766' title='bbox 3041 5014 3413 5073; x_wconf 77' lang='lat' dir='ltr'><strong>numeremiui,</strong></span> 
     </span>
    </p>
   </div>
   <div class='ocr_carea' id='block_1_114' title="bbox 1877 5101 3414 5171">
    <p class='ocr_par' dir='ltr' id='par_1_114' title="bbox 1877 5101 3414 5171">
     <span class='ocr_line' id='line_1_114' title="bbox 1877 5101 3414 5171; baseline -0.001 -16"><span class='ocrx_word' id='word_1_767' title='bbox 1877 5103 2214 5156; x_wconf 85' lang='lat' dir='ltr'><strong>iunditorum</strong></span> <span class='ocrx_word' id='word_1_768' title='bbox 2247 5101 2437 5155; x_wconf 90' lang='lat' dir='ltr'><strong>ordine</strong></span> <span class='ocrx_word' id='word_1_769' title='bbox 2465 5103 2769 5168; x_wconf 84' lang='lat' dir='ltr'><strong>consistite,</strong></span> <span class='ocrx_word' id='word_1_770' title='bbox 2804 5118 2924 5157; x_wconf 92' lang='lat' dir='ltr'><strong>cum</strong></span> <span class='ocrx_word' id='word_1_771' title='bbox 2962 5102 3255 5171; x_wconf 79' lang='lat' dir='ltr'><strong>sagittariis</strong></span> <span class='ocrx_word' id='word_1_772' title='bbox 3297 5117 3414 5170; x_wconf 80' lang='lat' dir='ltr'><strong>per-</strong></span> 
     </span>
    </p>
   </div>
   <div class='ocr_carea' id='block_1_115' title="bbox 1875 5189 3414 5261">
    <p class='ocr_par' dir='ltr' id='par_1_115' title="bbox 1875 5189 3414 5261">
     <span class='ocr_line' id='line_1_115' title="bbox 1875 5189 3414 5261; baseline 0.001 -19"><span class='ocrx_word' id='word_1_773' title='bbox 1875 5193 2003 5258; x_wconf 78' lang='lat' dir='ltr'><strong>gite,</strong></span> <span class='ocrx_word' id='word_1_774' title='bbox 2035 5205 2156 5243; x_wconf 91' lang='lat' dir='ltr'><strong>cum</strong></span> <span class='ocrx_word' id='word_1_775' title='bbox 2207 5191 2544 5260; x_wconf 77' lang='lat' dir='ltr'><strong>gestantibus</strong></span> <span class='ocrx_word' id='word_1_776' title='bbox 2579 5200 2778 5261; x_wconf 73' lang='lat' dir='ltr'><strong>tropaea</strong></span> <span class='ocrx_word' id='word_1_777' title='bbox 2808 5192 3163 5259; x_wconf 83' lang='lat' dir='ltr'><strong>procumbite.</strong></span> <span class='ocrx_word' id='word_1_778' title='bbox 3217 5189 3414 5244; x_wconf 87' lang='lat' dir='ltr'><strong>Verum</strong></span> 
     </span>
    </p>
   </div>
   <div class='ocr_carea' id='block_1_116' title="bbox 1874 5281 3414 5351">
    <p class='ocr_par' dir='ltr' id='par_1_116' title="bbox 1874 5281 3414 5351">
     <span class='ocr_line' id='line_1_116' title="bbox 1874 5281 3414 5351; baseline 0.001 -20"><span class='ocrx_word' id='word_1_779' title='bbox 1874 5289 1997 5350; x_wconf 88' lang='lat' dir='ltr'><strong>post</strong></span> <span class='ocrx_word' id='word_1_780' title='bbox 2026 5281 2280 5351; x_wconf 74' lang='lat' dir='ltr'><strong>exiguum</strong></span> <span class='ocrx_word' id='word_1_781' title='bbox 2309 5281 2569 5350; x_wconf 83' lang='lat' dir='ltr'><strong>temporis</strong></span> <span class='ocrx_word' id='word_1_782' title='bbox 2591 5282 2925 5336; x_wconf 88' lang='lat' dir='ltr'><strong>intervallum</strong></span> <span class='ocrx_word' id='word_1_783' title='bbox 2951 5281 3063 5349; x_wconf 80' lang='lat' dir='ltr'><strong>ipsa</strong></span> <span class='ocrx_word' id='word_1_784' title='bbox 3090 5281 3231 5350; x_wconf 77' lang='lat' dir='ltr'><strong>regia</strong></span> <span class='ocrx_word' id='word_1_785' title='bbox 3264 5282 3414 5334; x_wconf 67' lang='lat' dir='ltr'><strong>vobis</strong></span> 
     </span>
    </p>
   </div>
   <div class='ocr_carea' id='block_1_117' title="bbox 1873 5369 3414 5438">
    <p class='ocr_par' dir='ltr' id='par_1_117' title="bbox 1873 5369 3414 5438">
     <span class='ocr_line' id='line_1_117' title="bbox 1873 5369 3414 5438; baseline -0.001 -16"><span class='ocrx_word' id='word_1_786' title='bbox 1873 5372 2162 5436; x_wconf 87' lang='lat' dir='ltr'><strong>aperietur,</strong></span> <span class='ocrx_word' id='word_1_787' title='bbox 2198 5384 2258 5422; x_wconf 91' lang='lat' dir='ltr'><strong>ac</strong></span> <span class='ocrx_word' id='word_1_788' title='bbox 2290 5371 2536 5424; x_wconf 80' lang='lat' dir='ltr'><strong>videbitis</strong></span> <span class='ocrx_word' id='word_1_789' title='bbox 2561 5371 2680 5424; x_wconf 69' lang='grc' dir='ltr'>ραιιὶ</span> <span class='ocrx_word' id='word_1_790' title='bbox 2705 5379 2966 5438; x_wconf 63' lang='lat' dir='ltr'><strong>terraeque</strong></span> <span class='ocrx_word' id='word_1_791' title='bbox 3004 5369 3220 5438; x_wconf 74' lang='lat' dir='ltr'><strong>Regem,</strong></span> <span class='ocrx_word' id='word_1_792' title='bbox 3253 5371 3414 5423; x_wconf 76' lang='lat' dir='ltr'><strong>nullis</strong></span> 
     </span>
    </p>
   </div>
   <div class='ocr_carea' id='block_1_118' title="bbox 1873 5459 3416 5528">
    <p class='ocr_par' dir='ltr' id='par_1_118' title="bbox 1873 5459 3416 5528">
     <span class='ocr_line' id='line_1_118' title="bbox 1873 5459 3416 5528; baseline -0.001 -16"><span class='ocrx_word' id='word_1_793' title='bbox 1873 5461 2343 5528; x_wconf 88' lang='lat' dir='ltr'><strong>circumscriptum</strong></span> <span class='ocrx_word' id='word_1_794' title='bbox 2376 5460 2620 5513; x_wconf 85' lang='lat' dir='ltr'><strong>terminis</strong></span> <span class='ocrx_word' id='word_1_795' title='bbox 2651 5459 2932 5513; x_wconf 88' lang='lat' dir='ltr'><strong>Dominum</strong></span> <span class='ocrx_word' id='word_1_796' title='bbox 2975 5459 3248 5528; x_wconf 89' lang='lat' dir='ltr'><strong>Deumque</strong></span> <span class='ocrx_word' id='word_1_797' title='bbox 3289 5475 3416 5511; x_wconf 83' lang='lat' dir='ltr'><strong>nos-</strong></span> 
     </span>
    </p>
   </div>
   <div class='ocr_carea' id='block_1_119' title="bbox 1874 5549 3410 5617">
    <p class='ocr_par' dir='ltr' id='par_1_119' title="bbox 1874 5549 3410 5617">
     <span class='ocr_line' id='line_1_119' title="bbox 1874 5549 3410 5617; baseline 0.001 -17"><span class='ocrx_word' id='word_1_798' title='bbox 1874 5560 2015 5602; x_wconf 89' lang='lat' dir='ltr'><strong>trum</strong></span> <span class='ocrx_word' id='word_1_799' title='bbox 2060 5550 2349 5602; x_wconf 88' lang='lat' dir='ltr'><strong>carnaliter</strong></span> <span class='ocrx_word' id='word_1_800' title='bbox 2383 5550 2652 5617; x_wconf 86' lang='lat' dir='ltr'><strong>justorum</strong></span> <span class='ocrx_word' id='word_1_801' title='bbox 2707 5549 2956 5602; x_wconf 89' lang='lat' dir='ltr'><strong>manibus</strong></span> <span class='ocrx_word' id='word_1_802' title='bbox 3013 5549 3410 5608; x_wconf 70' lang='lat' dir='ltr'><strong>circumscrib‘,</strong></span> 
     </span>
    </p>
   </div>
   <div class='ocr_carea' id='block_1_120' title="bbox 1875 5635 3412 5706">
    <p class='ocr_par' dir='ltr' id='par_1_120' title="bbox 1875 5635 3412 5706">
     <span class='ocr_line' id='line_1_120' title="bbox 1875 5635 3412 5706; baseline -0.001 -18"><span class='ocrx_word' id='word_1_803' title='bbox 1875 5641 2147 5706; x_wconf 77' lang='lat' dir='ltr'><strong>vitamque</strong></span> <span class='ocrx_word' id='word_1_804' title='bbox 2178 5638 2327 5692; x_wconf 85' lang='lat' dir='ltr'><strong>vobis</strong></span> <span class='ocrx_word' id='word_1_805' title='bbox 2360 5639 2463 5691; x_wconf 84' lang='lat' dir='ltr'><strong>line</strong></span> <span class='ocrx_word' id='word_1_806' title='bbox 2497 5646 2769 5691; x_wconf 78' lang='lat' dir='ltr'><strong>carentem</strong></span> <span class='ocrx_word' id='word_1_807' title='bbox 2791 5637 3033 5690; x_wconf 83' lang='lat' dir='ltr'><strong>baiarum</strong></span> <span class='ocrx_word' id='word_1_808' title='bbox 3063 5636 3179 5689; x_wconf 90' lang='lat' dir='ltr'><strong>loco</strong></span> <span class='ocrx_word' id='word_1_809' title='bbox 3213 5635 3412 5702; x_wconf 79' lang='lat' dir='ltr'><strong>largiri.</strong></span> 
     </span>
    </p>
   </div>
   <div class='ocr_carea' id='block_1_121' title="bbox 1875 5723 3414 5795">
    <p class='ocr_par' dir='ltr' id='par_1_121' title="bbox 1875 5723 3414 5795">
     <span class='ocr_line' id='line_1_121' title="bbox 1875 5723 3414 5795; baseline -0.002 -16"><span class='ocrx_word' id='word_1_810' title='bbox 1875 5728 1947 5779; x_wconf 82' lang='lat' dir='ltr'><strong>Ac</strong></span> <span class='ocrx_word' id='word_1_811' title='bbox 1975 5730 2088 5778; x_wconf 74' lang='lat' dir='ltr'><strong>Izr-ta</strong></span> <span class='ocrx_word' id='word_1_812' title='bbox 2120 5728 2333 5795; x_wconf 70' lang='lat' dir='ltr'><strong>quidem</strong></span> <span class='ocrx_word' id='word_1_813' title='bbox 2363 5727 2449 5778; x_wconf 85' lang='lat' dir='ltr'><strong>illa</strong></span> <span class='ocrx_word' id='word_1_814' title='bbox 2487 5727 2572 5780; x_wconf 88' lang='lat' dir='ltr'><strong>die</strong></span> <span class='ocrx_word' id='word_1_815' title='bbox 2614 5725 2886 5779; x_wconf 75' lang='lat' dir='ltr'><strong>Dominira</strong></span> <span class='ocrx_word' id='word_1_816' title='bbox 2925 5725 3240 5780; x_wconf 85' lang='lat' dir='ltr'><strong>venerabilis</strong></span> <span class='ocrx_word' id='word_1_817' title='bbox 3266 5723 3414 5776; x_wconf 77' lang='lat' dir='ltr'><strong>baio-</strong></span> 
     </span>
    </p>
   </div>
  </div>
