4104 6476
661 406 787 473 toil

1897 411 2175 471 TllEOD.
2218 411 2306 469 ΒΛ
2320 408 2688 468 LSAMONIS

3738 402 3866 465 1072

665 540 789 583 Tum
817 530 1147 591 lcstivitatis,
1187 529 1312 579 dum
1353 529 1535 596 populi
1568 543 1753 582 cereos
1783 538 1834 580 ct
1857 545 2051 581 cruces
2070 529 2210 580 acci-
2240 582 2243 591 |

2350 528 2677 594 αφωτίςουσι
2703 527 2797 595 τὴν
2819 528 3079 594 ἄναστρον
3104 532 3333 595 σφαῖραν
3361 527 3457 594 τῆς
3477 526 3855 591 ἀπογνώσεως,

672 620 823 686 piunt
851 654 866 680 ,
913 619 1193 670 victorian:
1238 616 1497 670 adversus
1525 625 1752 669 mortem
1782 618 1884 670 sibi
1918 626 2066 670 certe
2099 616 2192 669 des

680 708 1013 772 pondent,ct
1066 710 1239 761 instar
1290 707 1528 760 siderum
1582 706 1887 758 illuminant
1938 712 2212 772 expertem

2324 622 2355 688 ἡ
2387 621 2459 682 ὡς
2482 620 2653 672 δοῦλοι
2688 620 2860 671 πιστοὶ
2888 619 3293 688 λαμπαδηφόροι
3321 618 3418 677 τὰς
3445 616 3685 687 τριόδους
3708 631 3857 683 περι-

2330 708 2610 775 ερχόμενοι
2639 744 2654 769 ,
2698 705 2789 757 τοῦ
2853 706 3082 771 νυμφίου
3130 707 3224 774 τὴν
3278 702 3533 772 ἑνδημίαν
3584 700 3859 766 καταλαμο

674 808 941 849 ιιδιιυευηι
1014 800 1277 865 sphaeram
1336 795 1773 863 desperationis;
1827 796 1907 848 vel
1966 803 2220 861 tamquam

2350 798 2608 865 ιρύνουσι,
2641 798 2734 848 καὶ
2763 796 2858 865 τὴν
2887 796 3066 862 λώόην
3090 796 3197 845 τῶν
3229 795 3286 846 ἑν
3333 797 3513 845 σκότει
3537 791 3859 857 καθημένων

679 888 818 939 servi
867 888 1063 947 lideles,
1106 886 1195 953 qui
1220 884 1360 937 faces
1387 895 1620 954 gestant,
1653 901 1747 952 per
1779 885 1937 936 trivia
1982 884 2225 936 circum-

2324 886 2655 954 αἱρεσιωτῶν
2686 884 3090 953 θριαμὸεύουσι.
3126 883 3277 937 Μετά
3308 882 3363 935 δὲ
3412 884 3601 951 τρίτην
3631 882 3859 948 ἡμέραν,

674 986 883 1038 euntes,
924 978 1207 1029 adventum
1273 978 1456 1043 sponsi
1524 976 1937 1044 splendidiorem
1971 975 2220 1035 reddunt.

2374 975 2479 1027 τῶν
2509 974 2860 1043 ἀνθρωπίνων
2893 973 3076 1041 ψυχῶν
3120 972 3390 1039 κηδεμὼν,
3440 972 3469 1021 ὀ
3515 971 3859 1037 πατριάρχης

676 1068 850 1133 deque
881 1068 1024 1134 lepra
1066 1066 1415 1119 sectariorum
1440 1066 1491 1117 in
1516 1065 1741 1133 caligine
1771 1063 2070 1117 sedentium
2092 1077 2225 1131 qua-

2350 1065 2484 1132 νημὶ,
2509 1062 2630 1114 καθ’
2670 1063 2860 1115 ἑαυτὸν
2894 1062 3080 1129 ὥσπερ
3110 1061 3579 1127 συλλογισάμενος,
3628 1058 3702 1127 μὴ
3725 1058 3859 1127 λάθῃ

676 1156 721 1208 si
756 1157 1109 1223 triumphant.
1144 1155 1269 1207 Post
1298 1154 1439 1207 diem
1471 1169 1596 1208 vero
1629 1154 1845 1205 tertium
1888 1160 2106 1205 curator
2133 1152 2222 1205 illo

2350 1168 2418 1213 τις
2477 1151 2769 1220 ἀχρειῶσαι
2820 1151 2913 1203 τοῦ
2963 1150 3226 1219 σωτηρίου
3271 1149 3477 1209 πάθους
3522 1148 3589 1199 τά
3638 1148 3863 1208 ἔπαθλα,

680 1245 1033 1296 humanarum
1093 1245 1420 1307 animarum,
1462 1242 1712 1296 videlicet
1742 1243 1860 1309 ipse
1887 1240 2220 1308 patriarcha,

2350 1242 2443 1294 καὶ
2483 1242 2604 1311 μιλι
2635 1242 2740 1311 γὰρ
2766 1242 2919 1294 εῐωθε
2942 1240 3197 1302 πολλάκις
3218 1240 3313 1308 τὴν
3343 1237 3582 1307 ἡδύτητα
3610 1238 3865 1307 μετάγειν

680 1334 836 1401 quasi
902 1332 1204 1385 rationibus
1253 1346 1437 1385 secum
1497 1331 1769 1397 expensis,
1821 1344 1887 1383 ne
1920 1328 2043 1397 quis
2080 1330 2218 1382 clam

2350 1330 2404 1391 ηίς
2426 1328 2635 1397 ἔμετον,
2668 1330 2715 1381 εί
2750 1328 3111 1398 μεταληφθείη
3168 1328 3318 1395 παρά
3353 1328 3411 1379 τὸ
3442 1324 3755 1395 χρήσιμον,)
3795 1323 3867 1383 ὡς

686 1426 802 1489 ipso
860 1423 1112 1475 salutaris
1165 1422 1431 1489 passionis
1489 1423 1707 1490 praemia
1770 1426 1962 1473 tractet
2008 1418 2227 1487 indigne

2350 1419 2604 1487 ιγρυπνος
2632 1418 2803 1485 φύλαξ
2833 1419 3065 1479 ἀναστάς
3092 1417 3485 1487 ὀρθριαίτερον,
3527 1417 3709 1468 δίδωσι
3758 1418 3866 1475 τοῖς

683 1512 829 1577 (nam
868 1511 1041 1574 ipsum
1072 1510 1173 1561 mel
1202 1524 1418 1577 quoque
1467 1508 1663 1576 saepius
1690 1507 2026 1560 dulcedinem
2076 1520 2223 1558 suam

2350 1511 2536 1569 τιστοῖς
2570 1509 2905 1575 θυμιάματα,
2934 1506 3139 1574 ὁμιλῶν
3172 1503 3283 1558 οἷον
3322 1508 3407 1559 διὰ
3435 1505 3641 1557 τούτων
3662 1505 3867 1565 αὐτοῖς,

685 1600 737 1651 in
774 1599 1029 1651 vomitum
1068 1606 1385 1651 convertere
1412 1598 1568 1660 solet,
1600 1597 1643 1649 si
1696 1596 1852 1647 aliter
1876 1608 2036 1663 quam
2071 1608 2224 1663 expe-

686 1687 819 1746 diat.
848 1694 1119 1755 sumptum
1149 1687 1270 1753 sit),
1308 1687 1480 1739 instar
1515 1685 1755 1739 custodis
1784 1684 2022 1752 vigilacis
2056 1693 2232 1737 matu-

689 1777 803 1829 rius
834 1790 1083 1844 surgens,
1135 1776 1342 1828 incensi
1392 1775 1487 1829 dat
1535 1774 1805 1834 ﬁdelibus.
1846 1773 2089 1827 iudicare
2132 1787 2229 1842 per

692 1866 805 1919 hac
837 1843 1047 1925 volens,
1097 1875 1152 1919 et
1207 1864 1495 1918 admonere
1528 1902 1544 1928 ,
1575 1878 1641 1917 ue
1688 1863 1881 1917 festivo
1938 1876 2107 1925 more,
2139 1860 2231 1914 sed
2263 1843 2305 1899 Β

696 1954 935 2022 pugilum
969 1955 1075 2007 ritu
1136 1951 1389 2020 deinceps
1433 1951 1639 2005 dierum
1684 1950 2013 2004 curriculum
2062 1949 2235 2004 susci-

697 2042 863 2108 piant.
897 2038 1044 2093 Lieet
1073 2041 1239 2102 enim,
1264 2040 1459 2107 inquit,
1494 2040 1697 2106 absque
1721 2038 1961 2107 periculo
1982 2050 2230 2106 magnum

702 2130 829 2182 illud
863 2130 1052 2197 ieiunii
1088 2130 1309 2198 pelagus
1340 2144 1367 2180 a
1401 2130 1581 2181 crucis
1611 2130 1728 2181 velo
1759 2127 2026 2181 sublevati
2071 2127 2232 2194 traje-

700 2220 875 2279 cistis.
916 2228 968 2271 et
1026 2219 1091 2272 ad
1150 2218 1389 2271 divinum
1422 2228 1632 2287 portum
1687 2224 1999 2271 sanctorum
2033 2216 2233 2269 Christi

706 2308 903 2375 Deique
942 2308 1113 2360 nostri
1149 2307 1446 2360 cruciatum
1490 2306 1811 2375 appulistis:
1850 2317 2028 2359 tamen
2064 2306 2234 2358 instar

705 2397 851 2450 illius
882 2395 1162 2463 prudentis
1191 2396 1563 2465 negotiatoris,
1612 2395 2041 2448 inaestimabilem
2088 2393 2235 2447 illum

707 2487 957 2539 unionem
982 2486 1258 2539 consecuti
1282 2500 1387 2539 non
1413 2487 1564 2538 estis.
1588 2484 1776 2537 Adhuc
1800 2484 1943 2537 enim
1964 2484 2237 2550 praedones

705 2588 766 2626 ac
799 2574 1032 2626 latrones
1061 2574 1299 2626 studiose
1330 2571 1547 2625 domino
1576 2586 1669 2637 per
1704 2571 1953 2625 tenebras
1976 2572 2237 2625 insidian-

708 2671 816 2724 tur,
848 2669 899 2715 et
948 2661 1049 2715 reti
1086 2659 1318 2729 quodam
1381 2660 1651 2713 homicidii
1692 2669 1940 2724 consuto,
1994 2660 2239 2728 capiendi

706 2750 821 2816 ejus
858 2751 1194 2804 occasionem
1246 2758 1512 2817 quaerunt.
1560 2748 1731 2817 Igitur
1783 2748 1942 2803 etiam
1985 2748 2239 2819 deinceps

708 2842 1011 2910 vigilemus,
1048 2848 1101 2893 et
1124 2856 1243 2893 cum
1265 2839 1463 2894 ludatis
1492 2841 1745 2895 excubias
1773 2841 2051 2908 agentibus
2084 2855 2243 2895 excu-

713 2932 918 2984 bemus.
957 2928 1059 2997 Ipsi
1087 2930 1304 2998 quidem
1334 2925 1385 2982 in
1423 2930 1657 2983 tenebris
1691 2945 1784 2998 per
1806 2945 1952 2984 mare
1978 2931 2245 3000 vagabun-

714 3025 823 3077 tur,
858 3016 1131 3071 incassum
1158 3017 1290 3071 retia
1325 3016 1597 3069 laxantes:
1642 3030 1741 3069 nos
1787 3026 1965 3071 autem
2003 3018 2241 3071 ambule-

720 3121 838 3158 mus
872 3108 921 3159 in
952 3108 1059 3168 die,
1094 3122 1155 3159 ac
1177 3107 1312 3161 lucis
1329 3121 1487 3177 opera
1516 3107 2059 3176 consequemurzipsi
2087 3108 2244 3162 sudes

726 3198 900 3252 hamis
932 3199 1283 3260 uncinahunt,
1328 3212 1427 3250 nos
1456 3197 1691 3265 praedam
1748 3198 2109 3251 lucrabimur:
2148 3199 2249 3267 ipsi

720 3290 967 3342 unionem
1006 3290 1058 3341 in
1106 3289 1282 3356 lapide
1344 3296 1544 3356 tegent,
1583 3302 1681 3341 nos
1730 3301 1848 3340 eum
1890 3288 1942 3340 in
2001 3292 2250 3343 testaceis

718 3380 861 3430 vasis
903 3377 1273 3430 recondemus.
1309 3374 1593 3444 Postquam
1632 3377 1683 3428 in
1709 3375 1847 3429 hunc
1873 3378 2087 3430 modum
2128 3378 2251 3431 data

720 3474 845 3519 sunt
876 3467 1115 3528 incensa,
1178 3476 1230 3519 et
1261 3466 1488 3535 populus
1544 3480 1755 3519 rursum
1791 3480 1979 3521 manus
2012 3482 2136 3521 suas
2186 3467 2251 3521 ad

716 3554 1141 3623 jejuniipelam-
1183 3567 1440 3621 prospero
1482 3566 1646 3607 cursu
1680 3552 1897 3615 direxit,
1936 3563 2253 3623 noctemque

724 3654 1033 3698 sanctorum
1085 3642 1286 3694 Christi
1358 3642 1696 3695 cruciatuum
1755 3642 1946 3697 iaculis
2015 3644 2253 3699 accensis

674 3736 675 3739 “
724 3733 1058 3787 collustravit
1098 3734 1242 3801 (nam
1297 3730 1351 3785 in
1402 3728 1488 3783 die
1540 3731 1898 3796 ambulantes,
1954 3738 2011 3784 ut
2070 3747 2254 3786 eorum

729 3836 895 3881 more.
922 3822 1013 3889 qui
1058 3821 1332 3875 aiixbulant
1366 3821 1419 3873 in
1478 3818 1732 3883 tenebris,
1767 3827 2028 3873 nocturna
2059 3820 2258 3875 faciant

729 3912 922 3965 itinera
961 3909 1075 3964 ﬁeri
1105 3910 1252 3964 nullo
1270 3909 1429 3963 modo
1457 3908 1676 3979 potest):
1726 3916 1838 3962 tum
1867 3924 1991 3963 vero
2025 3924 2259 3978 sponsus

732 4000 978 4055 Ecclesia!
996 4014 1184 4053 rursus
1207 4000 1456 4053 exoriens
1480 4001 1647 4052 instar
1674 4000 1919 4053 matutini
1938 4008 2027 4052 aut
2050 4014 2259 4065 vesper-

728 4092 823 4142 tini
850 4090 1081 4151 Arcturi,
1122 4088 1208 4141 die
1250 4087 1425 4141 fausto
1454 4089 1626 4141 sancti
1656 4088 1933 4142 Paschalis
1984 4088 2258 4144 Dominico

734 4179 875 4232 velut
900 4178 1036 4231 alter
1058 4177 1270 4230 divinus
1300 4174 1473 4231 Moses
1500 4178 1621 4231 sinu
1655 4191 1751 4230 suo
1778 4176 1979 4230 Christi
2006 4180 2258 4246 populum

729 4264 953 4333 excipit,
994 4265 1254 4332 quasique
1314 4267 1695 4333 congratularis
1756 4267 1856 4329 eis,
1906 4269 1995 4336 qui
2050 4284 2259 4321 omnem

732 4352 1089 4405 sceleritatem
1122 4348 1493 4420 Egyptiacam
1536 4357 1895 4418 excusserint,
1943 4365 1993 4409 et
2023 4354 2260 4410 Pharao-

2330 1598 2424 1650 καὶ
2460 1598 2864 1665 ύποτιθᾶμενος,
2920 1595 2995 1664 μὴ
3043 1594 3453 1663 πανηγυρικῶς,
3498 1592 3634 1645 ἀλλά
3682 1594 3871 1659 ἀγωνι-

2331 1688 2531 1749 στικῶς
2559 1687 2668 1739 τῶν
2699 1686 2892 1755 ἑφεξῆς
2924 1684 3087 1752 τριῶν
3124 1684 3344 1753 ἡμερῶν
3381 1683 3443 1735 τὸ
3484 1682 3697 1735 στάδιον
3740 1683 3869 1734 ἀνα-

2330 1776 2601 1839 δέξασθαι.
2648 1776 2762 1829 Κάν
2809 1777 2916 1844 γάρ
2970 1774 3287 1836 ἀκινδύνως,
3314 1775 3465 1841 φησὶ,
3496 1774 3557 1825 τὸ
3606 1772 3747 1841 μέγα
3774 1770 3871 1834 τῆς

2331 1867 2579 1936 νηστείας
2638 1863 3066 1934 διεπεραιώθητε
3124 1864 3355 1931 πέλαγος
3413 1862 3489 1931 τῷ
3564 1861 3716 1928 ἱστίῳ
3782 1858 3873 1909 τοῦ

2335 1954 2563 2024 σταυροῦ
2607 1954 3008 2024 κουφιζόμενοι,
3076 1953 3167 2005 καὶ
3217 1953 3366 2021 παρά
3408 1950 3486 2019 τῷ
3510 1950 3638 2016 Θείῳ
3695 1947 3872 2015 λιμένι

2334 2045 2441 2098 τῶν
2471 2044 2639 2111 ἀγίων
2666 2043 2850 2096 παθῶν
2880 2042 2972 2095 τοῦ
3007 2036 3243 2111 Χριστοῦ
3276 2042 3369 2093 καὶ
3392 2038 3525 2091 θεοῦ
3561 2038 3716 2105 ἡμῶν
3745 2051 3875 2087 κατα

2339 2135 2639 2203 ηντήσατε,
2696 2132 2828 2187 ἀλλά
2879 2131 2968 2184 τὸν
3034 2132 3297 2200 ἀτίμητον
3367 2129 3465 2181 οὐκ
3513 2128 3875 2193 ἐπλουτήσατε

2340 2226 2641 2294 μάργαρον.
2689 2224 2764 2287 ὡς
2817 2226 3021 2289 ἐκεῖνος
3064 2226 3092 2278 ὁ
3126 2225 3386 2293 φρόνιμος
3440 2222 3700 2290 εμπορος.
3757 2216 3877 2269 ἐτι

2337 2315 2441 2382 γὰρ
2470 2314 2713 2383 ἅρπαγες
2747 2315 2840 2367 καὶ
2863 2314 3058 2383 λῃσταὶ
3082 2312 3383 2373 σπουδαίως
3412 2309 3764 2379 ιρεδοδιφῶσι
3790 2306 3877 2359 τὸν

2336 2392 2561 2471 Κύριον,
2594 2405 2686 2457 καὶ
2717 2405 2957 2471 σαγήνην
2992 2404 3298 2472 μιαιφονίας
3330 2400 3725 2470 συρράψαντες,
3763 2413 3880 2449 και-

2341 2492 2665 2562 ροσκοποῦσι
2688 2492 2872 2545 τούτου
2893 2493 2991 2561 τὴν
3013 2491 3233 2544 ἅλωσιν.
3254 2490 3501 2559 Γρηγορή
3511 2504 3689 2555 σωμεν
3704 2487 3879 2537 τοίνυν

2342 2583 2434 2635 καὶ
2463 2580 2677 2651 ἑφεξῆς,
2730 2582 2824 2633 καὶ
2880 2582 2991 2643 τοῖς
3022 2578 3387 2647 ἀγρυπνοῦσιν
3447 2575 3718 2635 Ἰουδαίοις
3758 2590 3880 2625 συν-

2343 2670 2794 2741 αγρυπνὴσωμεν.
2828 2669 2989 2723 Αὐτοὶ
3031 2668 3130 2737 μὲν
3174 2669 3282 2737 γάρ
3324 2668 3380 2719 ὲν
3418 2665 3597 2717 σκότει
3625 2679 3883 2716 ποντοπο-

2344 2762 2585 2831 ρὴσουσι,
2639 2763 2821 2820 κεναῖς
2854 2758 3079 2819 ὠλέναις
3136 2758 3430 2824 ἀφάσοντες
3451 2755 3670 2807 δίκτυα·
3725 2755 3885 2821 ἡμεῖς

2342 2850 2386 2901 δ’
2408 2849 2465 2900 tv
2494 2846 2672 2915 ἡμέρᾳ
2698 2848 3170 2914 περιπατήσωμεν,
3202 2846 3292 2897 καὶ
3319 2844 3411 2897 τοῦ
3440 2845 3615 2911 φωτὸς
3646 2844 3714 2895 τὰ
3738 2844 3875 2911 ιργα

2343 2935 2641 3005 ληψόμεθα.
2674 2936 2836 2987 Αὐτοὶ
2892 2937 3017 2996 τοὺς
3062 2936 3332 2996 σκόλοπας
3380 2933 3883 3001 ἀγκιστρεύσουσιν,

2346 3027 2511 3095 ἡμεῖς
2541 3024 2595 3077 ιδ
2622 3024 2718 3093 τὴν
2750 3024 2922 3091 ἄγραν
2950 3022 3317 3092 κερδήσωμεν.
3341 3023 3499 3074 Αὐτοὶ
3536 3023 3628 3075 τὸν
3670 3024 3886 3090 μάργα-

2276 3144 2318 3201 c
2352 3132 2441 3185 ρον
2478 3116 2533 3165 ιν
2559 3113 2687 3182 λίθῳ
2717 3113 3065 3181 καλύψουσιν,
3100 3115 3257 3181 ἡμεῖς
3284 3113 3337 3164 δὲ
3377 3112 3561 3164 τοῦτον
3606 3114 3663 3163 ὲν
3694 3112 3890 3179 ὀστρα-

2352 3203 2517 3263 κίνοις
2550 3202 3071 3269 ἀποθησαυρίσωμεν
3108 3201 3373 3253 σκεύεσιν.
3411 3200 3566 3251 Οὕτω
3597 3200 3889 3266 γινομένης

2352 3292 2443 3345 καὶ
2464 3291 2658 3359 ταύτης
2694 3292 2800 3343 τῶν
2824 3291 3176 3359 θυμιαμάτων
3204 3290 3302 3358 τῆς
3332 3291 3637 3351 διαδόσεως,
3670 3291 3762 3341 καὶ
3788 3288 3887 3341 τοῦ

2350 3378 2476 3431 λαοῦ
2503 3380 2599 3440 τὰς
2626 3381 2807 3447 χεῖρας
2840 3380 2996 3431 πάλιν
3019 3382 3109 3430 επὶ
3130 3380 3188 3431 τὸ
3222 3382 3317 3447 τῆς
3349 3381 3598 3445 νηστείας
3624 3377 3897 3446 οὐριοδρο-

2355 3470 2622 3537 μὴσαντος
2652 3470 2902 3533 πέλαγος,
2930 3468 3019 3520 καὶ
3050 3467 3143 3538 την
3173 3469 3339 3520 νύκτα
3367 3467 3473 3519 τῶν
3506 3465 3675 3533 ἁγίων
3707 3466 3897 3519 παθῶν

2350 3559 2444 3611 τοῦ
2464 3558 2695 3626 Χριστοῦ
2726 3558 2971 3626 λαμπάσι
3005 3557 3572 3625 καταπυρσεύσαντος,
3607 3555 3752 3623 (τοὺς
3782 3555 3896 3623 γὰρ

2354 3648 2411 3699 ἐν
2462 3647 2642 3715 ἡμέρᾳ
2688 3646 3116 3715 περιπατοῦντας
3169 3644 3512 3698 νυκτοόατεῖν
3573 3642 3715 3695 κατά
3767 3643 3897 3705 τοὺς

2355 3735 2763 3805 ισκοτισμίνους
2791 3735 3094 3803 ἀδύνατον,)
3125 3736 3153 3787 δ
3179 3735 3275 3802 τῆς
3320 3733 3644 3802 Ἐκκλησίας
3664 3732 3899 3800 νυμφίος

2355 3824 2636 3885 ἀνατείλας
2667 3825 2757 3876 καὶ
2779 3823 2960 3887 πάλιν,
2987 3824 3131 3877 καθά
3157 3840 3239 3886 τις
3259 3823 3405 3891 εῖπῃ,
3434 3822 3563 3888 ἑῷος
3593 3822 3896 3890 ἀρκτοῦρος

2356 3916 2447 3967 καὶ
2465 3913 2872 3984 ἀκροκνέφαιος,
2893 3914 3031 3967 κατὰ
3051 3914 3149 3981 τὴν
3172 3912 3399 3981 φαιδρὰν
3414 3911 3505 3963 τοῦ
3530 3909 3683 3977 ἀγίου
3704 3911 3899 3980 Πάσχα

2357 4006 2565 4073 ἡμέραν
2590 4003 2686 4073 τὴν
2719 4002 3053 4071 κυριὼνυμον
3082 4004 3154 4064 ὡς
3189 4002 3344 4065 ἀλλος
3367 4002 3653 4064 Θεσπέσιος
3685 4003 3897 4071 Μωσῆς

2357 4094 2445 4147 τὸν
2471 4093 2564 4146 τοῦ
2599 4092 2832 4161 Χριστοῦ
2867 4093 2991 4145 λαδν
3015 4091 3414 4157 ἑγκολπίζεται.
3442 4093 3551 4145 Καὶ
3585 4093 3906 4160 συγχαίρων

2359 4176 2467 4233 οἷον
2502 4182 2701 4243 αὐτοῖς,
2755 4182 2932 4233 πᾶσαν
2981 4182 3355 4251 Αίγυπτιακὴν
3414 4182 3904 4249 ἀποτιναξαμένοις

2362 4273 2633 4338 κακότητα
2655 4271 2745 4323 καὶ
2764 4271 2958 4338 Φαραὼ
2977 4270 3206 4340 διώκτην
3231 4272 3656 4323 καταποντίσασι
3676 4287 3689 4298 ·
3712 4269 3904 4332 Δεῦτε,

2364 4364 2548 4428 φησὶν,
2583 4362 2717 4413 ἴδετε
2747 4362 2843 4428 τῆς
2869 4360 3172 4430 ὀρθοδοξίας
3209 4362 3258 4413 ol
3321 4361 3568 4430 ἔμποροι,
3607 4360 3656 4411 oi
3689 4360 3749 4411 τδ
3798 4361 3903 4427 τῆς

736 4454 851 4491 ιιειιι
917 4448 1314 4505 persecutorem
1373 4441 1505 4492 mari
1571 4442 1960 4496 submerserint
2000 4446 2237 4497 :Adeste

2366 4451 2614 4517 νηστείας
2652 4450 2945 4511 ἀκινδύνως
3000 4451 3330 4516 περάσαντες
3393 4450 3645 4516 πέλαγος.
3698 4448 3800 4501 ποῦ
3846 4451 3909 4501 τὸ

732 4528 924 4595 inquit,
960 4529 1179 4597 aspicite
1204 4544 1298 4582 vos
1318 4537 1635 4583 inercatOres
1656 4530 1962 4584 orthodoxe
1985 4532 2261 4597 doctrinm,

730 4616 822 4679 qui
883 4617 1017 4667 citra
1078 4617 1375 4684 periculum
1434 4617 1653 4684 pelagus
1704 4616 1890 4683 ieiunii
1950 4618 2258 4685 traiecistis.

735 4716 967 4769 quonam
1000 4702 1214 4755 invidiae
1243 4701 1437 4758 ﬂuctus
1459 4704 1580 4757 vitae
1601 4704 1912 4758 thesaurum
1942 4705 2259 4774 iactaverit:

732 4785 947 4837 ubinam
979 4783 1275 4840 insomnem
1334 4788 1485 4841 illum
1531 4788 1785 4844 unionem
1837 4791 2069 4846 turbinis
2096 4802 2263 4849 aestus

733 4872 1018 4941 abreptum
1050 4873 1106 4926 in
1171 4874 1439 4942 sepulcro,
1466 4884 1715 4942 tanquam
1738 4877 1790 4929 in
1816 4885 2013 4940 ostreo.
2038 4881 2260 4935 caelave-

737 4962 827 5012 rit.
880 4960 1125 5031 Cumque
1172 4963 1417 5017 videritis
1439 4964 1644 5017 saniem
1712 4966 1763 5016 vi
1818 4964 2044 5035 fulguris
2093 4970 2261 5023 divini

735 5060 1079 5111 cmnmotam,
1108 5062 1161 5105 et
1188 5053 1441 5105 unionem
1463 5052 1677 5119 propria
1711 5064 1975 5122 potestate
1992 5058 2260 5125 prodeun-

740 5150 865 5200 tem,
902 5153 961 5190 ac
990 5144 1288 5208 expositum
1320 5143 1653 5210 emptoribus
1673 5146 1806 5196 citra
1833 5147 1998 5198 ullum
2013 5148 2259 5214 pretium;

739 5228 967 5293 accipite
994 5244 1113 5281 eum
1151 5231 1408 5298 vobisque
1457 5232 1780 5298 peculiarem
1820 5233 1997 5299 facite,
2034 5250 2094 5288 ac
2145 5239 2262 5289 vitae

738 5324 952 5368 aeternae
991 5318 1300 5370 thesaurum
1348 5317 1747 5388 vobismetipsis
1803 5321 2079 5388 acquirite.
2135 5320 2265 5375 For-

738 5408 901 5460 tassis
950 5409 1107 5461 etiam
1172 5424 1318 5463 more
1367 5409 1535 5478 patris
1592 5411 1820 5468 liberum
1870 5413 2119 5475 amantis,
2174 5414 2261 5481 qui

2370 4539 2509 4605 μέγα
2534 4538 2680 4605 κῦμα
2702 4537 2793 4589 τοῦ
2826 4538 3016 4602 φθόνου
3050 4538 3139 4589 τὸν
3168 4537 3265 4604 τῆς
3311 4537 3450 4603 ζωῆς
3482 4536 3752 4605 θησαυρὸν
3786 4535 3905 4587 ἀπο

2367 4624 2581 4676 εκύλισε
2602 4640 2614 4653 ·
2653 4623 2753 4676 ποῦ
2791 4624 2880 4676 τὸν
2912 4624 3208 4692 ἀκοίμητον
3256 4624 3536 4693 μάργαρον
3566 4621 3906 4690 εύροκλύδων

2365 4713 2668 4780 τυφωνικὺς
2695 4712 2769 4773 ὡς
2799 4716 2856 4764 iv
2902 4712 3107 4782 ὀστρέῳ
3141 4712 3217 4781 τῷ
3257 4714 3408 4780 τάφῳ
3432 4712 3762 4780 κατέκρυψε.
3793 4714 3906 4765 Καὶ

2371 4801 2567 4864 ιδδντες
2592 4801 2654 4853 τὸ
2682 4802 2777 4871 μὲν
2803 4801 3022 4869 ἔλυτρον
3059 4801 3449 4869 μετασαλευθὲν
3472 4799 3698 4866 δυνάμει
3717 4799 3907 4866 θεῖκῆς

2370 4887 2675 4957 ἀστραπῆς,
2714 4890 2805 4940 τὸν
2834 4887 2889 4940 δὲ
2937 4888 3213 4958 μάργαρον
3249 4887 3602 4950 αὐτεξουσίως
3630 4886 3910 4951 ἑξανατείι-

2367 4974 2669 5040 λαντα,καὶ
2694 4979 2769 5038 είς
2809 4978 3075 5045 ιμπορίαν
3116 4978 3469 5045 προκείμενον
3510 4975 3908 5044 ἀπραγμάτευ-

2366 5080 2476 5123 τον,
2526 5062 2716 5116 λάϐετε
2761 5064 2944 5118 τοῦτον
2993 5064 3084 5115 καὶ
3136 5063 3443 5117 ιδιώσασθαι
3492 5062 3569 5126 ⁸⁸,
3624 5065 3719 5115 καὶ
3763 5062 3910 5130 ζωὴν

2374 5151 2588 5203 αίώνιον
2618 5153 2824 5213 ἑαυτοῖς
2860 5152 3347 5222 ἀποθησαυρίσατε.
3384 5152 3535 5219 Τάχα
3558 5150 3614 5203 δι
3646 5150 3738 5202 καὶ
3768 5148 3910 5203 κατὰ

2372 5242 2576 5307 πατέρα
2625 5240 2994 5307 φιλόστοργον,
3057 5238 3146 5292 νῦν
3196 5239 3420 5307 πρώτως
3484 5239 3658 5290 ἰδόντα
3715 5240 3908 5297 παῖδας

2371 5329 2670 5394 ἀμύμονας,
2702 5328 2808 5379 ἀπὸ
2844 5330 3054 5397 μακρᾶς
3081 5329 3171 5381 καὶ
3212 5327 3555 5389 κινδυνὼδους
3603 5327 3911 5395 ἀποδημίας

2372 5416 2619 5476 ἀϐλαϐῶς
2660 5416 3077 5485 ὲνδημὴσαντας,
3128 5416 3185 5466 ὲν
3214 5416 3474 5485 φιλήματι
3508 5418 3649 5485 ἀγίῳ
3682 5433 3916 5487 περιχα-

1954 5607 2179 5660 VARI/[‘3
2220 5606 2604 5661 LECTIONES.

809 5693 851 5723 "
892 5692 1186 5746 ἰδιώσασθε.
