4104 6488
235 387 372 456 1073

1670 397 2072 458 ΜΕΙΠἸΑΤΑ.

3309 395 3440 459 10⁸14

247 519 357 590 ρῶς
387 519 813 583 κατασπάζεται,
845 523 936 576 καὶ
967 523 1180 590 ἀνοίξας
1206 526 1331 589 τοὺς
1359 525 1662 596 θησαυροὺς
1693 527 1783 594 τῆς

1888 525 1996 592 jam
2032 521 2265 590 primum
2290 519 2428 574 filios
2461 520 2602 574 videt
2631 533 2695 574 ex
2741 518 2993 587 ioginqiia
3022 530 3079 572 et
3133 519 3433 586 periculusa

243 610 492 679 εὐλογίας
523 611 708 673 αὐτοῦ,
739 613 1026 678 δεξιοῦνται
1055 614 1275 680 τούτους
1305 618 1650 687 νομίσμασιν,
1681 617 1789 669 ὀλίο

239 714 364 766 γοις
420 702 517 768 μὲν
582 702 723 753 κατά
751 702 812 753 τὸ
867 705 1450 772 φαινόμενον,“πολλοῖς
1476 707 1532 759 δὲ
1558 706 1694 758 κατά
1731 705 1791 757 τὸ

241 788 551 857 νοούμενον.
589 790 832 860 Ἀφορῶν
864 791 970 859 γάρ
1004 794 1083 854 είς
1105 793 1197 845 τὸν
1223 795 1326 861 ’τῆς
1366 795 1599 856 πίστεως
1623 795 1790 863 ἀρχη-

240 877 338 941 γδν
364 877 458 929 καὶ
477 878 762 948 τελειωτὴν
799 879 1000 947 Ἰησοῦν
1023 882 1254 949 Χριστὸν
1279 883 1368 935 τὸν
1397 882 1642 951 ἀληθινὸν
1661 882 1791 934 Θεὸν

239 964 418 1032 ἡμῶν,
449 965 880 1036 ἀρῤαδωνίζεται
901 969 987 1020 δια
1013 968 1218 1022 τούτων
1243 971 1425 1032 αὐτοῖς
1459 971 1552 1024 καὶ
1579 970 1674 1040 τὴν
1699 968 1792 1022 τοῦ

241 1053 401 1117 ἁγίου
438 1053 748 1122 Πνεὺματος
785 1056 1149 1127 ἐπιφοίτησιν.

1893 610 2327 681 peregrinatione
2377 608 2595 662 domum
2682 607 2877 661 illaesos
2935 607 3243 669 redeuntes,
3291 607 3441 661 laeta-

1895 703 2112 756 bundus
2143 713 2237 753 eos
2296 714 2418 752 cum
2450 698 2638 750 osculo
2671 706 2860 750 sancto
2896 696 3116 758 salutat,
3154 702 3206 749 et
3235 694 3438 764 apertis

1899 791 2177 845 thesauris
2206 787 2602 843 benedictionis
2636 801 2768 851 suae,
2795 784 3136 838 numismatis
3167 798 3261 837 eos
3293 785 3441 838 exci-

1896 883 1991 950 pit,
2029 881 2238 946 exiguis
2287 878 2502 947 quidem
2534 877 2642 932 illis
2672 876 2726 930 in
2780 876 3048 944 speciem;
3101 873 3195 929 sed
3222 874 3432 943 magnis

1898 972 2018 1040 ejus
2050 972 2286 1031 ratione,
2327 967 2473 1038 quod
2506 964 2845 1034 intelligitur.
2895 965 3102 1033 Quippe
3148 964 3442 1034 respiciens

1898 1062 1952 1114 in
2025 1069 2302 1112 auctorem
2384 1065 2437 1110 et
2501 1061 2995 1110 consutnmatorem
3057 1054 3202 1115 iidei.
3260 1054 3442 1110 Jesum

239 1143 542 1211 Christum,
601 1161 786 1200 verum
843 1148 993 1204 illum
1067 1151 1234 1206 Deum
1305 1163 1588 1218 nostrum;
1641 1155 1786 1209 velut
1873 1154 2035 1208 arrha
2087 1155 2210 1207 data
2264 1166 2359 1220 per
2409 1150 2522 1204 haec
2573 1150 2652 1203 eis
2723 1147 3009 1217 pollicetur
3072 1146 3331 1214 futurum,
3385 1152 3446 1204 ul

242 1231 484 1302 Spiritus
545 1246 772 1292 sanctus
803 1253 967 1307 super
1013 1255 1108 1295 eos
1139 1245 1340 1298 veniat.

307 1322 494 1378 Ταῦτα
531 1327 688 1395 ἡμεῖς
718 1329 794 1391 ὡς
820 1330 1191 1399 ἀρχιτέκτονες
1220 1335 1474 1403 γέροντες
1502 1335 1786 1402 γεγράφα-

240 1415 341 1480 μέν
373 1432 477 1479 σοι,
503 1416 801 1483 σοφώτατε,
837 1419 930 1472 καὶ
961 1420 1314 1490 ὑπεδείξαμεν
1369 1439 1451 1474 σοι
1498 1424 1789 1490 ἀπολογίας

239 1506 512 1574 θεμέλιον.
540 1509 611 1560 Σὺ
642 1508 698 1561 δὲ
731 1508 805 1572 ὡς
832 1509 987 1571 ἄλλος
1020 1511 1304 1582 Βεσελεὴλ,
1339 1515 1790 1583 ἐποικοδομήσας

235 1597 297 1648 τὸ
317 1597 537 1663 ἀληθές.
562 1598 822 1667 Θεμέλιον
844 1600 950 1670 γὰρ
980 1602 1135 1655 ἄλλον
1162 1603 1356 1668 οὐδεὶς,
1384 1605 1538 1674 φησὶ,
1566 1604 1788 1658 δύναται

237 1684 414 1738 θεῖναι
445 1689 596 1757 παρά
639 1690 729 1741 τὸν
780 1690 1047 1759 κείμενον,
1119 1694 1326 1762 Ἰησοῦν
1377 1697 1630 1766 Χριστὸν,
1664 1691 1709 1764 ᾧ
1756 1699 1789 1769 ἠ

233 1773 363 1841 δόξα
395 1777 487 1828 καὶ
524 1778 586 1830 τὸ
609 1779 808 1848 κράτος
839 1781 918 1842 είς
950 1781 1076 1844 τοὺς
1119 1783 1340 1847 αἰῶνας.
1386 1789 1577 1858 ’Δμήν.

786 1981 921 2036 ΤΟΥ
976 1985 1207 2040 ΑΥΤΟΥ

230 2088 488 2154 Μελέτη.
533 2089 704 2164 χάριν
752 2090 861 2158 τῆς
917 2096 1009 2164 εις.
1057 2096 1198 2160 τοὺς
1240 2097 1436 2162 θείους
1462 2099 1645 2164 ναοὺς
1671 2099 1788 2153 τῶν

302 2161 718 2238 μοναστηρίων
807 2161 1124 2238 γιῖομένης
1198 2161 1636 2233 μετακλήσεως-⁷
1689 2169 1788 2222 διὰ

305 2229 726 2293 σημαντηρίων
760 2229 952 2296 τριῶν.

308 2315 527 2369 Βλέπων
558 2318 950 2386 ἀπειροκάλους
997 2321 1168 2382 τινας,
1201 2322 1296 2374 καὶ
1334 2325 1468 2393 πρὸς
1501 2326 1663 2393 μηδὲν
1694 2329 1785 2380 εὐ-

239 2404 562 2475 καιροῦντας
590 2409 883 2475 ἐπωφελὲς,
916 2408 1029 2461 ἀλλ’
1058 2410 1089 2479 ἢ
1126 2411 1303 2478 λέγειν
1333 2430 1384 2464 τι
1433 2417 1526 2466 καλ⁵
1568 2415 1788 2469 ἀκούειν

234 2495 567 2564 καινότερον,
621 2497 854 2562 ματαίαν
892 2499 1296 2562 ἀποκαλοῦντας
1352 2502 1444 2553 καὶ
1499 2505 1788 2557 σκανδαλο-

233 2585 390 2636 ποιὸν
418 2586 514 2654 τὴν
564 2585 648 2638 διὰ
699 2587 1080 2655 σημαντηρίων
1110 2590 1275 2656 τριῶν
1333 2593 1411 2653 είς
1457 2595 1582 2656 τοὺς
1628 2596 1785 2655 ναοὺς

235 2676 527 2745 γινομένην
558 2676 664 2728 τῶν
689 2676 1029 2746 μοναζόντων
1091 2681 1443 2748 μετάκλησιν,
1481 2683 1642 2752 χάριν
1686 2684 1786 2751 τῆς

231 2765 347 2817 τῶν
369 2765 524 2817 θείων
541 2767 853 2834 δοξολογιῶν
879 2769 1211 2838 ἀκροάσεως·
1233 2770 1455 2840 (Ἤρκει
1477 2774 1606 2840 γάρ,
1633 2777 1783 2842 φησι,

231 2851 302 2903 δι’
357 2853 473 2914 ἑνὸς
533 2855 728 2914 αὐτοὺς
776 2855 1245 2921 μεταστέλλεσθαι,
1281 2859 1373 2910 καὶ
1433 2861 1508 2928 μὴ
1546 2861 1786 2927 γίνεσθαι

233 2941 378 2994 κατά
409 2943 514 2995 τῶν
539 2944 707 3010 ἁγίων
751 2945 1084 3015 Ἑκκλησιῶν
1106 2948 1200 2999 τοῦ
1237 2947 1371 3001 Θεοῦ
1412 2952 1787 3021 μυκτηρισμδν

235 3034 334 3085 καὶ
361 3035 663 3103 χλευασμὸν
689 3037 836 3105 παρά
862 3038 967 3089 τῶν
1000 3040 1346 3092 κυκλούντων
1386 3043 1529 3110 ἡμᾶς
1554 3043 1786 3108 ἀσεϐῶν,

233 3123 526 3174 κάντεῦθεν
557 3126 648 3177 καὶ
667 3126 976 3195 παραϐολὴν
996 3128 1050 3179 ὲν
1076 3132 1185 3189 τοῖς
1213 3131 1408 3194 ἔθνεσι,
1443 3133 1573 3200 μηδὲ
1593 3132 1790 3201 θριαμ-

1968 1330 2091 1385 Haee
2117 1345 2216 1385 nos
2269 1331 2434 1384 veluti
2487 1328 2861 1399 provectiores
2895 1325 3179 1381 architecti
3224 1327 3446 1396 scripsi-

1895 1436 2016 1475 mus
2044 1422 2161 1484 tibi,
2194 1421 2276 1475 vir
2306 1421 2691 1482 eruditissime,
2729 1433 2793 1474 ac
2849 1418 3256 1472 fundamentum
3289 1419 3448 1473 satis-

1898 1511 2153 1567 factiouis
2191 1512 2346 1580 quasi
2383 1511 2551 1580 digito
2581 1510 3153 1564 commonstravimus.
3183 1507 3260 1560 Tu
3299 1509 3446 1562 velut

1897 1600 2032 1654 alter
2066 1601 2329 1665 Beseleel,
2363 1616 2550 1654 verum
2582 1611 2952 1668 superstrues.
2990 1597 3201 1665 Quippe
3243 1596 3442 1650 funda-

1896 1698 2138 1745 mentum
2169 1691 2337 1754 aliud,
2372 1699 2429 1744 ut
2456 1691 2545 1743 ille
2574 1689 2773 1756 inquit,
2809 1703 2964 1741 nemo
3027 1702 3226 1756 ponere
3274 1694 3446 1755 potest

1895 1792 2089 1854 prater
2114 1781 2189 1843 id,
2214 1780 2358 1850 quod
2387 1780 2629 1848 positum
2661 1787 2765 1842 est,
2788 1776 2971 1832 Jesum
3005 1779 3210 1832 scilicet
3252 1776 3444 1830 (Ἀπία-

1893 1880 2008 1926 tum
2031 1909 2046 1936 ,
2079 1871 2170 1925 cui
2200 1871 2371 1942 gloria
2397 1876 2452 1923 et
2482 1868 2766 1937 imperium
2801 1868 2853 1920 in
2880 1868 3308 1922 saecula..Amen.

2519 1977 2828 2034 EJUSDEM

1956 2093 2294 2158 Heditatum,
2341 2091 2404 2146 de
2434 2092 2819 2152 convocatinne.
2854 2107 2967 2158 qua:
3032 2090 3098 2156 ﬁt
3145 2093 3215 2142 ad
3263 2102 3442 2142 sacras

2161 2162 2593 2215 monasteriorum
2624 2161 2880 2227 a'des,per
2897 2161 2999 2211 tria
3029 2160 3195 2226 signa.

1955 2317 2226 2384 Quoniam
2255 2315 2411 2370 video
2441 2315 2705 2382 quosdam
2735 2312 3038 2380 imperitos.
3064 2321 3115 2365 et
3141 2312 3353 2366 nullam
3375 2314 3438 2366 ad

1885 2423 2002 2462 rem
2040 2408 2232 2461 utilem
2271 2406 2515 2466 idoneos,
2545 2417 2706 2472 quam
2749 2410 2810 2455 ut
2858 2401 3061 2471 aliquid
3116 2403 3236 2455 novi
3260 2402 3444 2456 dicant

1893 2507 1942 2549 et
1969 2497 2192 2550 audiant
2223 2495 2442 2550 stultam
2480 2509 2544 2547 ac
2577 2491 2817 2548 scandali
2843 2492 3051 2559 plenam
3087 2505 3281 2545 vocare
3312 2506 3439 2545 con-

1887 2587 2229 2639 vocationem
2294 2584 2680 2637 monachorum
2739 2580 2803 2633 ad
2871 2595 3058 2633 sacras
3108 2579 3269 2645 aedes,
3325 2595 3441 2649 qua:

1885 2674 2059 2728 tribus
2118 2674 2174 2726 iit
2235 2674 2427 2741 signis,
2479 2670 2867 2724 celebrationes
2921 2669 3131 2724 divinas
3188 2671 3439 2724 audiendi

1885 2779 2050 2818 causa
2103 2761 2627 2831 (Suﬂiciehatcnim,
2688 2759 2972 2827 inquiunt,
3034 2774 3142 2812 uno
3183 2759 3442 2814 duntaxat

1892 2867 1986 2907 eos
2018 2853 2176 2921 signo
2237 2848 2575 2919 congregari,
2634 2863 2734 2902 nec
2785 2848 3009 2916 praeberi
3066 2864 3283 2902 causam
3313 2850 3442 2902 sub-

1890 2935 2155 2998 sannaridi
2179 2949 2233 2995 et
2260 2938 2521 2994 irridendi
2549 2925 2882 2994 sanctas'Dei
2914 2937 3182 2993 Ecclesias
3211 2940 3442 2992 cireum-

1891 3033 2147 3087 dantibos
2199 3045 2298 3084 nos
2334 3029 2537 3097 impiis,
2583 3035 2641 3081 ut
2670 3027 2926 3097 parubola
2960 3027 3086 3082 ﬁant
3113 3026 3252 3082 inter
3279 3044 3426 3096 pnga

1895 3136 2016 3186 uos,
2086 3135 2185 3175 nec
2220 3128 2419 3174 statum
2471 3119 2830 3172 monasticum
2862 3118 3005 3170 velut
3068 3119 3120 3170 in
3174 3118 3441 3183 triumpho

233 3212 488 3303 δεύεσθαι
523 3215 582 3266 τὸ
644 3217 953 3288 μοναχικδν,
1007 3218 1082 3280 ὡς
1110 3219 1269 3287 δῆθεν
1309 3225 1387 3282 είς
1421 3222 1547 3288 μίαν
1598 3221 1783 3274 διαλα-

1893 3212 2245 3281 spectandum
2276 3208 2545 3268 exhiberi,
2576 3209 2734 3275 quasi
2773 3208 2836 3261 ad
2871 3221 3028 3259 unam
3057 3206 3438 3259 commonitio-

233 3300 358 3354 λιάν
394 3303 465 3371 μὴ
511 3304 909 3372 εὐσυνθετοῦν³>
947 3309 1193 3374 παριστῶ
1238 3309 1325 3363 διὰ
1371 3311 1470 3378 τῆς
1509 3313 1786 3380 παρούσης

233 3407 341 3459 μου
371 3395 605 3458 γραφῆς,
647 3395 722 3454 ὼς
754 3394 875 3445 οὔτε
907 3395 992 3447 διὰ
1017 3397 1112 3457 τὰς
1155 3397 1462 3465 φληναφίας
1519 3401 1627 3452 τῶν
1657 3402 1786 3452 ἀσε-

229 3479 368 3540 ϐῶν,
394 3480 516 3531 οὔτε
535 3482 621 3533 διά
637 3483 733 3543 τὰς
756 3483 1036 3544 δυσκολίας
1057 3485 1164 3536 τῶν
1193 3489 1470 3552 μοναστῶν
1493 3490 1782 3558 ἐπενοήθη,

226 3570 322 3622 διὰ
347 3572 727 3638 σημαντηρίων
755 3571 919 3641 τριῶν
940 3573 1036 3636 τὰς
1070 3574 1223 3636 Θείας
1254 3575 1558 3641 δοξολογίας
1590 3579 1784 3648 ἐπικη-

232 3659 528 3730 ρύττεσθαι
557 3678 569 3690 ·
604 3660 738 3713 ἀλλά
779 3661 864 3715 διὰ
918 3662 1072 3730 λόγον
1102 3665 1596 3733 ἀρχαιοπαοάδοτον
1623 3685 1780 3721 σπου-

228 3749 533 3802 δαιότατον.

305 3919 426 3973 Τῶν
456 3920 564 3990 γάρ
595 3920 690 3972 ἐπ”
723 3920 1048 3990 Ἐκκλησίας
1073 3925 1666 3997 γινομένωνὴμερινῶν
1690 3937 1784 3984 καὶ

230 4010 563 4077 νυκτερινῶν
598 4010 930 4077 δοξολογιῶν,
963 4015 1098 4063 κατά
1124 4013 1184 4064 τὸ
1205 4014 1295 4065 τοῦ
1317 4019 1591 4086 προφήτου
1623 4021 1786 4074 Δαίῖιδ

231 4097 614 4164 Θεσπιώδημα,
646 4098 704 4146 τὸ
739 4097 892 4161 λέγον
923 4111 937 4125 °
985 4097 1070 4148 Ἐν
1111 4099 1334 4170 ἑσπέρᾳ,
1367 4105 1457 4155 καὶ
1507 4107 1668 4174 πρωῒ,
1692 4109 1784 4160 καὶ

233 4185 554 4255 μεσημϐρίᾳ
603 4186 949 4253 διηγήσομαι,
1003 4188 1097 4238 καὶ
1158 4191 1470 4255 ἀπαγγελῶ,
1523 4196 1616 4245 καὶ
1670 4198 1782 4247 εἰσ-

228 4274 523 4328 ακοῦσεται
549 4274 646 4340 τῆς
673 4275 851 4340 φωνῆς
880 4292 977 4342 μου
1000 4278 1025 4326 δ
1049 4277 1270 4343 Κύριοςο
1294 4279 1399 4330 ἀπὸ
1420 4281 1524 4331 τῶν
1544 4283 1634 4334 δύο
1663 4302 1783 4337 συν-

227 4363 567 4430 τελουμένων
586 4363 887 4431 Δίαοηκῶν,
919 4364 1023 4416 ἀπὸ
1057 4369 1149 4433 τῆς
1175 4367 1315 4430 Νέας
1345 4370 1537 4441 δηλαδὴ
1572 4375 1664 4424 καὶ
1686 4376 1782 4442 τῆς

231 4451 499 4513 Παλαιᾶς,
532 4452 670 4502 κατά
710 4451 816 4502 τῶν
845 4451 1016 4516 ἁγίων
1058 4453 1148 4504 καὶ
1205 4453 1474 4525 Θεοφόρων
1528 4460 1782 4529 Πατέρων

1893 3315 2015 3353 nem
2051 3314 2111 3353 se
2151 3307 2300 3351 recte
2326 3311 2432 3349 non
2461 3295 2794 3362 componat);
2825 3294 3069 3361 equidem
3110 3293 3209 3344 hoc
3239 3293 3440 3359 scripto

1891 3389 2274 3458 prohabo,nec
2308 3397 2523 3454 propter
2577 3386 2697 3438 illas
2743 3383 3030 3449 inpiorum
3087 3395 3279 3448 nugas,
3339 3394 3438 3433 nec

1888 3486 2118 3547 pr0pter
2207 3476 2598 3527 monachorum
2661 3470 3007 3525 morositates
3080 3470 3438 3538 excogitatum

1885 3581 2026 3630 esse,
2057 3573 2116 3618 ut
2166 3564 2342 3616 tribus
2372 3563 2540 3631 signis
2568 3559 2988 3629 gloriﬁealiones
3017 3558 3213 3612 divinae
3231 3560 3440 3612 denun-

1886 3656 2136 3708 tientur:
2205 3650 2299 3705 sed
2368 3659 2586 3720 propter
2617 3650 2798 3716 magni
2854 3647 3110 3701 momenti
3176 3647 3437 3702 rationem
3492 3684 3499 3691 -

1894 3740 2211 3812 quamdam,
2248 3739 2315 3793 ab
2340 3739 2581 3809 antiquis
2643 3737 2854 3794 saeculis
2889 3752 2984 3806 per
3034 3751 3227 3791 manus
3266 3736 3436 3790 tradi-

1886 3842 1994 3887 tam
2007 3871 2021 3886 .

1954 3921 2162 3990 Quippe
2185 3936 2307 3975 cum
2352 3919 2441 3974 Dei
2489 3920 2903 3985 celebrationes,
2934 3934 3056 3987 quin
3092 3918 3324 3972 interdiu
3374 3927 3428 3969 et

1887 4020 2048 4066 noctu
2089 4013 2223 4065 ﬁunt
2274 4012 2327 4064 in
2376 4010 2635 4073 Ecclesia,
2681 4011 2850 4076 juxta
2888 4007 3102 4060 υενίιίίε
3159 4005 3434 4073 prophetae

1885 4101 2192 4163 oraculum,
2225 4099 2381 4165 cujus
2418 4098 2578 4149 verba
2621 4105 2785 4149 sunt:
2821 4093 3063 4162 Vesperi,
3096 4103 3148 4146 et
3183 4107 3357 4157 mane,
3383 4101 3437 4144 ct

1886 4191 1938 4244 in
2011 4190 2234 4242 meridie
2310 4187 2561 4246 narrabo.
2630 4193 2683 4239 et
2743 4184 3082 4240 renuntiabo.
3145 4198 3438 4251 vocemque

1885 4294 2057 4331 meam
2099 4277 2362 4329 Dominus
2405 4275 2585 4328 audiet
2620 4295 2630 4327 :
2664 4288 2787 4326 eum
2841 4275 3004 4341 igitur
3043 4273 3121 4325 ha:
3159 4272 3440 4338 perﬁcian-

1886 4376 1971 4418 tur
2001 4382 2064 4419 ex
2090 4366 2302 4418 duobus
2329 4364 2713 4424 Tcstamentis,
2740 4360 2888 4414 Novo
2913 4363 3117 4414 scilicet
3143 4376 3203 4413 ac
3236 4359 3435 4422 Veteri,

1878 4456 2029 4521 juxta
2085 4463 2400 4506 sanctorum
2454 4461 2507 4506 et
2557 4451 2812 4504 divinitus
2863 4450 3159 4503 aiﬂatorum
3216 4449 3434 4501 Patrum

230 4540 555 4609 παράδοσιν,
587 4538 792 4608 ὡρίσθη
813 4540 916 4606 πρὸ
950 4542 1166 4592 πάντων
1196 4542 1508 4606 δοξάζεσθαι
1531 4549 1620 4599 τὸν
1652 4551 1780 4600 Θεὸν

1888 4541 2225 4594 traditionem
2261 4560 2274 4594 :
2310 4549 2433 4594 ante
2456 4539 2632 4593 omnia
2662 4540 2926 4592 sancitum
2956 4546 3037 4592 est
3084 4549 3136 4590 ut
3167 4539 3434 4606 gloriﬁce-

229 4631 342 4684 ἀπὸ
368 4630 466 4696 τῆς
484 4629 628 4690 Θείας
650 4631 900 4696 κιννύρας
929 4630 1017 4681 τοῦ
1039 4630 1361 4700 θεοπάτορος
1385 4633 1635 4704 (Ἅνοέξω
1655 4639 1781 4708 γὰρ,

231 4720 421 4789 φησὶν,
460 4718 515 4769 ὲν
535 4719 811 4786 ψαλτηρίῳ
842 4719 900 4770 τὸ
926 4721 1215 4788 πρόϐλημά
1249 4723 1371 4793 μου)
1396 4725 1488 4774 καὶ
1524 4725 1660 4792 μετά
1689 4728 1783 4796 τὴν

227 4808 423 4860 τούτου
452 4805 764 4868 ἀνάπτυξιν,
786 4809 874 4858 τὸν
919 4807 1059 4860 Θεῖον
1092 4809 1395 4876 με>.ισσῶνα
1426 4811 1523 4879 τῆς
1562 4815 1785 4882 Ἐκκλη-

229 4899 356 4959 aia;
379 4896 815 4962 ὲξαγωνίζεσθαι,
843 4897 926 4948 διὰ
949 4899 1141 4963 κηρίου
1171 4899 1528 4951 διδασκαλιῶν
1560 4903 1785 4969 εὐαγγε-

226 4987 420 5047 λικῶν,
445 4986 536 5037 τοῦ
560 4988 778 5054 κέντρου
807 4985 1121 5050 φωτίζοντος
1141 4987 1237 5055 τὴν
1260 4990 1625 5055 σκοτόμαιναν
1647 5009 1658 5019 ·
1695 4992 1780 5044 διὰ

232 5076 452 5146 μέλιτος
466 5075 689 5140 γραφῶν
703 5075 1086 5139 ἀποστολικῶν,
1103 5076 1477 5143 γλυκαίνοντος
1491 5078 1588 5144 τῆς
1603 5081 1778 5131 οἰκου-

232 5168 402 5236 μένης
429 5166 495 5215 τά
517 5166 726 5232 πέρατα
753 5180 764 5191 ·
803 5166 893 5216 καὶ
925 5167 1010 5218 διὰ
1046 5168 1392 5236 μαρτυρικῶν
1425 5171 1774 5238 ἀφηγήσξων,

233 5255 650 5325 μεγαλυνουσῶν
681 5255 768 5306 τὸν
788 5255 1045 5324 ἔνσαρκον
1067 5246 1370 5325 οἰκονομίαν
1413 5258 1505 5310 τοῦ
1544 5261 1775 5328 Χριστοῦ

229 5348 328 5399 καὶ
369 5344 499 5396 Θεοῦ
535 5346 710 5411 ἡμῶν.
744 5346 832 5398 At’)
872 5346 965 5396 καὶ
998 5351 1153 5414 χάριν
1185 5348 1280 5414 μὲν
1319 5349 1427 5400 τῶν
1451 5349 1508 5412 ἶοξ
1538 5351 1769 5417 ψαλμῶν

223 5434 324 5489 τοῦ
353 5433 691 5501 θεοπάτορος,
723 5434 815 5484 καὶ
867 5434 1087 5497 λοιπῶν,
1122 5436 1227 5486 τῶν
1261 5439 1316 5487 ὲν
1348 5441 1409 5506 τῇ
1435 5439 1656 5506 ὀρϐρινῇ
1689 5443 1770 5490 60-

228 5521 448 5588 ξολογίᾳ
493 5522 594 5590 πρὸ
623 5523 714 5573 τοῦ
746 5523 1085 5588 ἁγιοπολίτου
1118 5524 1463 5592 ψαλλομένων
1492 5529 1769 5590 ἑκάστοτε,

223 5611 456 5668 καὶταῖς
484 5609 828 5677 ψαλλομένων
862 5611 1103 5678 συνήθως
1153 5614 1208 5663 ὲν
1259 5617 1373 5674 ταῖς
1420 5616 1586 5674 θείαις
1637 5616 1773 5682 [spo-

226 5701 524 5752 τελεςτίαιβ
578 5703 670 5750 καὶ
726 5701 839 5761 ταῖς
882 5701 1191 5768 ἑσπεριναϊς
1259 5707 1601 5772 προσευχαῖς,
1670 5705 1772 5775 πρὸ

1885 4638 1975 4683 tur
2005 4630 2144 4683 Deus
2176 4645 2270 4699 per
2318 4644 2526 4683 sacram
2575 4628 2790 4682 Davidis
2838 4629 3122 4691 citharam,
3163 4630 3433 4693 (Aperiam

1885 4721 2052 4785 enim,
2097 4721 2292 4784 inquit,
2330 4720 2383 4770 in
2448 4719 2700 4785 psalterio
2739 4718 3086 4785 quaestionem
3144 4718 3338 4785 meam)
3386 4727 3435 4770 et

1887 4818 2006 4878 post
2043 4810 2455 4878 explicationem
2497 4808 2636 4874 ejus,
2689 4817 2746 4860 nt
2798 4823 3010 4861 sacrum
3057 4822 3277 4861 examen
3334 4807 3437 4859 Ec-

1884 4899 2065 4952 clesia:
2094 4908 2264 4951 semet
2291 4907 2539 4950 exerceat
2569 4911 2661 4964 per
2690 4898 3120 4963 evangelicarum
3151 4894 3432 4949 doctrina-

1888 5005 2004 5042 rum
2085 4988 2308 5050 favum,
2392 4988 2614 5041 stimulo
2686 4986 2967 5055 caliginem
3053 4986 3434 5049 illuminante;

1883 5096 2086 5149 perque
2119 5083 2221 5134 mel
2255 5081 2674 5148 apostolicorum
2704 5082 3050 5147 scriptorum,
3083 5077 3223 5146 quod
3250 5078 3431 5131 dulce.

1884 5173 2062 5224 dinem
2101 5172 2298 5224 finibus
2347 5171 2502 5224 orbis
2543 5182 2804 5224 terrarum
2839 5168 3030 5231 oﬂert;
3066 5182 3126 5220 ac
3177 5182 3269 5235 per
3307 5182 3428 5217 nar.

1886 5262 2124 5313 rationes
2171 5260 2401 5326 denique
2447 5259 2511 5311 de
2562 5258 2885 5327 martyribus
2919 5271 3037 5324 quae
3086 5254 3417 5306 administro.

1882 5352 2081 5416 tionem
2135 5350 2187 5401 in
2220 5364 2383 5402 carne
2411 5349 2610 5402 Christi
2653 5347 2853 5415 Deique
2882 5346 3050 5399 nostri
3083 5343 3422 5410 ampliﬁcant.

1884 5438 2116 5504 [deoque
2189 5445 2406 5505 propter
2462 5453 2550 5489 sex
2607 5437 2725 5489 illus
2788 5434 3006 5486 Davidis
3067 5434 3321 5500 psalmos,
3377 5440 3430 5484 ct

1880 5528 2141 5595 reliquos,
2203 5530 2293 5595 qui
2350 5528 2570 5580 assidue
2621 5527 2673 5578 in
2730 5523 3113 5592 gloriﬁcatione
3170 5522 3429 5575 matutina

1877 5625 2144 5668 canuntur
2190 5625 2315 5666 ante
2369 5614 2790 5682 ltagiopolitam;
2843 5621 2895 5662 et
2933 5619 3150 5678 propter
3178 5624 3294 5670 eos,
3334 5610 3426 5674 qui

1877 5720 1975 5772 pro
2007 5720 2150 5759 more
2205 5713 2492 5766 canuntur,
2540 5719 2658 5755 cum
2694 5717 2779 5754 res
2824 5699 3001 5752 divina
3042 5702 3325 5769 peragitur,
3375 5710 3426 5749 et
