4104 6482
64 5 83 27 Ξ
116 20 141 29 -ι
164 20 236 30 b.-

284 398 418 462 l085

1333 403 1650 466 CONSTIT
1711 407 2009 468 ECCLES.
2036 407 2469 474 COLLEC‘HO.

3385 420 3523 486 1085

224 578 227 579 ν
272 525 364 561 τιν
392 507 681 578 ὀμοούσιον
708 508 828 562 μίσον
866 508 942 579 τῷ
972 511 1144 579 lla-:9!
1168 512 1310 565 κατὰ
1345 514 1440 582 τὴν
1470 514 1722 583 θεότητα,
1758 516 1843 569 καὶ

1957 516 2122 571 Mar’a
2175 517 2400 587 Deipara
2454 518 2749 586 inliciatur,
2797 522 2900 579 hoc
2951 533 3056 590 est,
3089 525 3261 597 ipsam
3309 529 3538 587 salutem

264 599 555 669 ἰμοούσιον
605 601 737 670 ἡμῖν
772 602 864 655 τὸν
900 605 1060 656 αὑτὸν
1113 605 1252 658 κατὰ
1298 607 1392 676 τὴν
1429 607 1846 676 ἀνθρωπότητα.

266 691 371 745 Τὸν
398 692 560 746 αὐτὸν
603 693 661 747 δὲ
680 694 881 765 τρόπον
906 694 1000 747 καὶ
1039 696 1449 766 Ἀπολλινάριον
1470 698 1560 750 τὸν
1583 698 1851 769 ψυχορρθό-

268 798 383 853 ρον,
430 782 525 836 τὸν
575 784 739 838 ἄνουν
782 785 1010 852 λέγοντα
1055 786 1147 837 τὸν
1191 785 1394 855 Κύριον
1434 789 1588 858 ἡμῶν
1649 788 1854 859 Ἰησοῦν

266 876 526 945 Χριστὸν,
581 876 672 930 τὸν
718 876 843 929 Υίὸν
893 878 987 929 τοῦ
1037 877 1171 931 Θεοῦ
1217 879 1312 930 καὶ
1355 878 1488 932 Θεὸν
1528 880 1717 949 ἡμῶνυ
1764 882 1857 935 καὶ

270 968 538 1038 σύγχυσιν
579 970 696 1039 ἦτοι
744 970 958 1038 φυρμὸν
993 970 1282 1036 εἰσάγοντα
1335 973 1400 1039 τῇ
1445 972 1856 1043 ὲνανθρωπησει

269 1061 367 1113 τοῦ
407 1059 730 1130 μονογενοῦς
760 1058 886 1113 Υίοῦ
925 1059 1018 1113 τοῦ
1053 1059 1209 1115 Θεοῦ.
1248 1063 1357 1115 Καὶ
1394 1062 1601 1126 πάντας
1631 1064 1756 1125 τοὺς
1788 1064 1856 1116 τὰ

269 1151 417 1202 αὐτὰ
450 1152 826 1219 φρονήσαντας
856 1150 888 1221 ἢ
919 1151 1271 1220 φρονοῦντας.
1301 1154 1363 1205 El
1396 1153 1504 1223 γάρ
1532 1171 1674 1215 τινες
1712 1156 1849 1223 μετὰ

270 1241 480 1310 ταύτην
513 1242 610 1295 καὶ
636 1243 792 1313 ἡμῶν
822 1243 1225 1313 προαγόρευσιν
1261 1245 1356 1296 καὶ
1384 1244 1479 1314 τὴν
1516 1247 1654 1297 κατὰ
1686 1246 1854 1300 τόπον

271 1332 705 1401 θεοςριλεστάτων
738 1334 894 1405 ἡμῶν
933 1338 1250 1389 ἐπισκόπων
1285 1338 1658 1406 πληροφορίαν
1690 1338 1851 1405 εὐρε-

268 1425 404 1479 θῶσι
437 1424 531 1479 τοῦ
559 1426 748 1479 λοιποῦ
784 1426 1009 1497 γνώμης
1035 1429 1267 1481 ἐναντίοι
1300 1429 1475 1489 ὄντες,
1506 1427 1583 1498 μὴ
1620 1428 1848 1495 προσδο-

272 1515 491 1585 κήσωσι
530 1516 861 1588 συγγνώμης
886 1518 1205 1586 ἀξιωθῆναι.
1243 1518 1557 1587 Κελεύομεν
1589 1520 1697 1587 γὰρ
1722 1519 1851 1578 τοὺς

268 1608 547 1672 τοιούτους
576 1608 1044 1680 ὁμολογουμένους
1076 1610 1385 1683 αἱρετικοῦς
1414 1611 1491 1680 τῷ
1522 1628 1597 1679 πρ
1610 1613 1852 1682 ῑσσήκοντι

272 1697 687 1753 ύποϐάλλεσθαι
728 1701 1117 1770 σωφρονισμῷ.

264 1804 327 1848 ut
379 1795 594 1849 veniam
636 1796 947 1866 impetrent.
979 1794 1239 1851 Jubemus
1284 1797 1431 1851 enim
1488 1796 1647 1861 tales,
1684 1797 1845 1853 veluti
1888 1799 2169 1857 confessos
2237 1802 2567 1869 haereticos,
2648 1805 3102 1859 animadversioni

262 1889 482 1959 subjici.

353 1986 586 2055 Ὁμοίως
618 1987 713 2041 καὶ
752 1986 865 2057 ἔχει
899 1987 957 2040 τὸ
991 1989 1154 2057 ῥητὸν
1190 1988 1389 2052 οὓτως.

366 2078 430 2134 ’0
456 2079 642 2146 αὐτὸς
662 2080 965 2147 ,βασιλεὺς
992 2084 1753 2149 Κωνσταντινουπολίταις.

339 2171 447 2225 Τὸν
505 2172 733 2243 Σωτῆρα
794 2174 890 2227 καὶ
940 2176 1218 2245 Δεσπότην
1269 2177 1375 2230 τῶν
1435 2175 1572 2230 ὅλων
1644 2176 1851 2246 Ἰησοῦν

265 2265 529 2337 Χριστὸν,
570 2266 662 2319 τὸν
694 2267 947 2338 ἀληθινὸν
979 2269 1113 2321 Θεὸν
1142 2270 1299 2338 ἡμῶν
1333 2271 1731 2341 θεραπεύοντες
1763 2271 1852 2324 διὰ

262 2360 485 2411 πάντων
501 2358 900 2427 σπουδάζομεν,
923 2360 1044 2412 ὅσον
1065 2361 1334 2429 ἐνδέχεται
1355 2362 1480 2413 νοῦν
1501 2362 1852 2431 καταλαμϐά-

259 2464 375 2499 νειν
400 2446 758 2515 ἀνθρώπινον,
788 2448 1069 2517 μιμεῖσθαι
1098 2448 1194 2519 τὴν
1218 2448 1381 2502 αὑτοῦ
1409 2450 1844 2517 συγκατάὄασιν.

266 2542 386 2594 Καὶ
416 2540 670 2610 εὑρόντες
697 2540 847 2603 τινὰς
886 2543 952 2609 τῇ
981 2541 1277 2610 νοσομανίᾳ
1309 2542 1718 2611 κρατουμένους
1740 2543 1849 2597 τῶν

263 2629 485 2685 ἀσεϐῶν
535 2629 831 2699 Νεστορίου
880 2631 973 2682 καὶ
1008 2629 1304 2699 Εὑτυχοΰς,
1336 2630 1446 2682 τῶν
1495 2632 1706 2701 ἐχθρῶν
1754 2632 1848 2685 τοῦ

266 2722 410 2775 Θεοῦ
460 2722 557 2775 καὶ
610 2722 710 2790 τῆς
762 2721 924 2789 ἁγίας
984 2720 1282 2790 καθολικῆς
1332 2724 1425 2774 καὶ
1481 2723 1850 2792 ἀποστολικῆς

282 2812 637 2881 Ἕκκλησίας,
666 2812 1033 2882 ἀρνουμένους
1059 2813 1157 2880 τὴν
1189 2812 1351 2879 ἁγίαν
1385 2813 1592 2877 ἔνδοξον
1621 2816 1850 2883 ἀειπαρ-

272 2903 428 2956 θένον
457 2904 674 2971 Μαρίαν
701 2903 959 2956 Θεοτόκον
988 2905 1161 2957 εἰπεῖν
1189 2905 1393 2973 κυρίως
1423 2908 1516 2956 καὶ
1544 2912 1683 2959 κατὰ
1713 2906 1849 2974 ἁλη-

269 2996 459 3048 θειαν
492 2995 841 3065 ὲσπεύσαμεν
864 2996 1083 3061 τούτους
1121 3000 1219 3066 τὴν
1249 2999 1414 3068 ὀρθὴν
1442 3000 1551 3051 τῶν
1581 3000 1848 3070 Χριστια-

267 3082 376 3136 νῶν
403 3083 714 3154 διδαχθῆναι
752 3084 954 3141 πίστιν.
1003 3088 1065 3139 Ol
1093 3087 1149 3139 δὲ
1170 3128 1185 3151 ,
1218 3090 1455 3151 ἀνιάτως
1478 3088 1714 3157 ἔχοντες,
1752 3107 1849 3143 πε-

270 3173 580 3244 ριέρχονται
606 3218 619 3242 ,
648 3177 788 3229 καθὰ
824 3180 1222 3248 μεμαθήκαμεν
1243 3222 1257 3246 ,
1292 3182 1389 3244 τὰς
1414 3182 1524 3235 τῶν
1559 3182 1853 3235 ἁπλουστέ-

269 3281 385 3332 ρων
432 3264 611 3335 ψυχάς
662 3268 1092 3335 ἐκταράσσοντές
1137 3286 1197 3322 τε
1247 3273 1341 3324 καὶ
1383 3273 1847 3341 σκανδαλίζοντες,

264 3357 361 3409 καὶ
395 3358 615 3412 ἐναντία
663 3360 760 3427 τῆς
807 3360 967 3427 ἁγίας
1008 3362 1301 3432 καθολικῆς
1350 3366 1443 3417 καὶ
1484 3365 1844 3435 ἀποστολικῇς

282 3449 606 3516 Ἑκκλησίας
637 3450 907 3519 λέγοντες.
949 3452 1269 3519 Ἀναγκαῖον
1302 3456 1481 3507 τοίνυν
1514 3456 1843 3525 ἐνομίσαμεν

263 3537 567 3591 καταλῦσαι
608 3539 708 3607 μὲν
738 3540 834 3602 τὰς
867 3542 974 3593 τῶν
1009 3543 1303 3609 αίρετικῶν
1332 3542 1705 3610 ψευδολογίας,
1745 3562 1842 3597 σα-

263 3628 487 3699 φηνίσαι
526 3630 583 3681 δὲ
624 3632 791 3684 πᾶσιν
830 3632 979 3693 ὅπως
1012 3649 1071 3683 τε
1105 3632 1318 3696 δοξάζει
1351 3635 1382 3703 ἡ
1424 3635 1554 3701 ἁγία
1584 3636 1677 3686 τοῦ
1706 3635 1842 3688 Θεοῦ

260 3720 598 3791 ἀποστολικὴ
633 3724 725 3773 καὶ
760 3722 1021 3789 καθολικὴ
1067 3723 1360 3792 Ἐκκλησία
1382 3765 1398 3788 ,
1429 3724 1755 3794 κηρύττουσι
1785 3726 1843 3778 δὲ

257 3813 307 3863 oi
339 3810 547 3881 ταύτης
583 3813 867 3867 ὁσιώτατοι
908 3815 1070 3884 ἱερεῖς
1091 3854 1106 3879 ,
1149 3811 1229 3877 οἷς
1262 3818 1357 3867 καὶ
1383 3817 1539 3885 ἡμεῖς
1582 3816 1843 3883 ἑπόμενοι

262 3904 477 3974 φανερὰ
509 3904 854 3976 καθιστῶμεν
883 3907 950 3958 τὰ
974 3908 1102 3977 περὶ
1130 3906 1226 3976 τῆς
1259 3909 1315 3961 ἐν
1347 3909 1484 3976 ἡμῖν
1518 3908 1749 3971 ἐλπίδος,
1781 3908 1842 3960 ού

260 3996 598 4059 καινίζοντες
623 3996 828 4061 πίστιν,
869 3997 944 4067 μὴ
972 3999 1205 4063 γένοιτο,
1248 3998 1361 4051 ἀλλ’
1392 3998 1705 4066 ἐλέγχοντες
1743 3999 1843 4070 τὴν

260 4087 465 4156 μανίαν
500 4087 609 4140 τῶν
650 4087 987 4159 φρονούντων
1019 4089 1089 4141 τὰ
1122 4090 1228 4143 τῶν
1258 4089 1471 4141 ἀσεϐῶν
1502 4088 1792 4159 αίρετικῶν
1822 4106 1837 4121 ·

259 4182 400 4249 ὅπερ
432 4180 529 4250 ἢδη
566 4179 658 4232 καὶ
692 4182 750 4233 ὲν
783 4182 1093 4250 προοιμίοις
1119 4184 1216 4250 τῆς
1252 4180 1528 4251 ἡμετέρας
1565 4179 1841 4250 βασιλείας

257 4268 588 4337 πράξαντες,
620 4272 754 4322 πᾶσι
774 4271 1077 4341 κατάδηλον
1106 4272 1465 4340 ἐποιήσαμεν.
1500 4271 1837 4340 Πιστεύομεν

256 4364 367 4431 γὰρ
405 4361 484 4425 είς
511 4360 607 4415 ἕνα
632 4362 764 4414 Θεὸν
796 4362 1014 4432 Πατέρα
1048 4361 1484 4431 παντοκράτορα,
1515 4363 1609 4415 καὶ
1635 4365 1712 4424 είς
1746 4362 1839 4415 ἕνα

261 4455 469 4524 Κύριον
514 4454 723 4523 Ἰησοῦν
753 4454 986 4524 Χριστὸν
1017 4453 1108 4506 τὸν
1143 4453 1267 4506 rem
1300 4453 1395 4507 τοῦ
1426 4453 1562 4507 Θεοῦ
1594 4494 1608 4518 ,
1641 4456 1735 4508 καὶ
1764 4458 1842 4518 είς

256 4548 415 4613 ἅγιον
466 4546 713 4617 Πνεῦμα,
754 4546 882 4616 μίαν
922 4544 1109 4598 ούσίαν
1163 4547 1221 4597 ὲν
1273 4548 1451 4615 τρισὶν
1509 4546 1840 4599 ὑποστάσεσι

259 4636 721 4707 προσκυνοῦντες,
753 4638 881 4707 μίαν
910 4639 1158 4709 θεότητα,
1195 4638 1323 4707 μίαν
1348 4640 1595 4709 δύναμιν,
1631 4640 1835 4710 Τριάδα

256 4727 565 4798 ὀμοούσιον.
603 4730 721 4783 Ἐπ’
742 4730 983 4799 ἐσχάτων
1003 4729 1057 4781 δὲ
1084 4729 1192 4783 τῶν
1218 4731 1439 4800 ἡμερῶν
1465 4730 1836 4801 ὁμολογοῦμεν

254 4822 349 4873 τὸν
390 4821 594 4891 Κύριον
618 4822 773 4892 ἡμῶν
814 4820 1021 4891 Ἰησοῦν
1049 4822 1304 4892 Χριστὸν,
1334 4824 1423 4876 τὸν
1453 4823 1715 4893 μονογενῆ
1746 4824 1836 4876 τὸν

258 4915 391 4967 rte»
418 4914 511 4967 τοῦ
545 4914 703 4979 Θεοῦ,
738 4915 827 4967 τὸν
862 4917 925 4967 ὲκ
951 4913 1085 4967 Θεοῦ
1116 4914 1373 4985 ἀληθινοῦ
1401 4914 1534 4967 Θεὸν
1560 4913 1834 4983 ἀληθινὸν,

252 5007 350 5059 τὸν
378 5005 483 5076 πρὸ
509 5005 720 5060 αἰώνων
742 5008 835 5059 καὶ
858 5006 1099 5075 ἀχρόνους
1123 5010 1184 5059 ὲκ
1199 5006 1290 5059 τοῦ
1315 5007 1527 5077 Πατρὸς
1550 5005 1839 5076 γεννηθέν-

254 5114 350 5161 τα,
375 5101 467 5151 τὸν
490 5098 760 5151 συναῖδιον
793 5095 870 5168 τῷ
895 5098 1088 5168 Πατρὶ,
1119 5100 1209 5150 τὸν
1242 5099 1299 5164 ἐξ
1320 5096 1381 5150 οὗ
1414 5099 1481 5150 τὰ
1516 5102 1714 5163 πάντα,
1742 5099 1836 5150 καὶ

254 5194 324 5246 ἱι*
343 5184 405 5243 οὗ
421 5190 488 5243 τὰ
510 5191 708 5254 πάντα,
730 5190 1054 5243 κατελθόντα
1076 5194 1137 5243 ἐκ
1160 5191 1266 5244 τῶν
1282 5191 1527 5260 οὐρανῶν
1551 5189 1834 5258 σαρκωθῆ-

254 5304 346 5339 ναι
375 5285 441 5336 ἐκ
470 5283 786 5352 Πνεύματος
821 5283 999 5351 ἁγίου,
1035 5285 1129 5338 καὶ
1158 5285 1256 5352 τῆς
1292 5283 1450 5350 ἁγίας
1476 5282 1689 5347 ἐνδόξου
1719 5284 1834 5336 ἀει·

254 5376 531 5445 παρθένου
570 5376 789 5447 Μαρίας
818 5394 832 5408 -
874 5375 969 5427 καὶ
1007 5375 1453 5447 ὲνανθρωπῆσαι,
1500 5392 1731 5444 σταυρυν
1769 5390 1826 5424 τε

256 5459 550 5541 ὑπομεῖναι
565 5469 702 5539 ὑπὲρ
719 5470 751 5539 ἡ
762 5469 878 5538 μῶν
900 5470 989 5521 ἐπὶ
1005 5470 1227 5521 Ποντίου
1248 5468 1502 5533 Πιλάτου,
1520 5467 1755 5537 ταφῆναί
1772 5483 1830 5520 τε

256 5565 352 5617 καὶ
390 5565 688 5632 ἀναστῆναι
726 5566 790 5633 τῇ
822 5563 981 5634 τρίτῃ
1019 5562 1225 5632 ἡμέρῃ,
1262 5561 1376 5624 ἑνὸς
1415 5560 1630 5613 καὶτοῦ
1666 5558 1831 5612 αὐτοῦ

253 5656 325 5706 τὰ
370 5670 429 5706 τε
458 5654 608 5723 πάθη
638 5655 731 5705 xxi
766 5653 832 5705 τὰ
873 5653 1128 5721 θαύματα
1170 5651 1313 5720 ἆπέρ
1348 5651 1638 5719 ὑπέμεινεν
1678 5650 1833 5702 ἐκου-

255 5749 384 5810 σῖως
419 5750 477 5800 ἐν
510 5748 693 5815 σαρκὶ,
728 5746 1105 5813 γινώσκοντες.
1140 5746 1213 5798 Οὔ
1247 5745 1356 5815 γὰρ
1390 5743 1545 5798 ἄλλον
1577 5744 1670 5796 τὸν
1700 5744 1835 5794 Θεὸν

253 5840 453 5907 Λόγον,
494 5840 589 5893 καὶ
623 5839 779 5895 ἄλλον
808 5839 894 5891 τὸν
927 5838 1159 5910 Χριστὸν
1198 5837 1558 5906 ἐπιστάμεθα,
1590 5834 1704 5889 ἀλλ’
1739 5836 1838 5889 ἕνα

1960 619 2233 677 nostram;
2268 625 2439 679 neque
2466 614 2758 667 contltetur
2784 618 3029 671 eumdem
3058 633 3154 686 per
3178 620 3358 674 omnia
3381 620 3527 676 Patri

1963 702 2477 757 consubstantialem
2533 707 2831 774 secundum
2882 708 3243 775 divinitatem,
3286 723 3341 767 et
3381 715 3536 769 nobis

1964 793 2481 849 consubstantialem
2529 800 2821 852 secundum
2871 801 3286 859 immanitatem.
3335 804 3534 860 Eodem

1967 885 2126 937 modo
2159 894 2211 938 et
2256 886 2620 953 Apollinarem
2670 889 2863 943 animae
2902 892 3401 959 exterminatorcm,
3444 896 3535 962 qui

1963 977 2123 1030 tradit
2175 976 2455 1031 Dominum
2518 991 2762 1033 nostrum
2822 979 3008 1036 Jesum
3061 983 3378 1050 Christum,
3439 986 3533 1040 Dei

1962 1067 2181 1132 Filium,
2226 1084 2289 1123 ac
2335 1071 2501 1125 Deum
2551 1083 2814 1135 nostrum,
2869 1084 3048 1129 mente
3082 1092 3306 1145 carere;
3352 1078 3534 1132 confu-

1960 1163 2280 1231 sioncmque
2314 1165 2429 1220 sive
2458 1166 2893 1221 connuistionem
2924 1169 3219 1223 introducit
3252 1170 3304 1224 in
3357 1173 3539 1240 unige-

1959 1256 2055 1308 niti
2110 1253 2230 1308 Filii
2270 1257 2358 1310 Dei
2409 1258 2878 1313 inhumanatione.
2937 1257 3229 1315 Universus
3275 1264 3537 1330 denique,

1961 1346 2051 1412 qui
2102 1347 2291 1398 horum
2328 1347 2609 1414 Opiniones
2660 1349 2830 1401 secuti
2872 1360 3019 1411 sunt,
3072 1351 3151 1405 vel
3208 1364 3531 1417 sequuntur.

1958 1432 2165 1503 Quippe
2211 1435 2256 1488 si
2304 1435 2394 1503 qui
2422 1443 2541 1503 post
2572 1436 2708 1490 hanc
2753 1446 2991 1491 nostrain
3042 1441 3529 1505 prtermisitionem,

1962 1534 2018 1579 et
2069 1526 2601 1596 religiosissimorum
2634 1529 2860 1599 singulis
2893 1531 2944 1583 in
2982 1522 3119 1585 locis
3162 1532 3531 1599 episcoporum

1965 1627 2281 1670 nostrorum
2320 1616 2759 1681 aﬂirmatiuncm,
2807 1620 3001 1688 reperti
3044 1621 3304 1691 deinceps
3338 1622 3538 1677 fuerint

1961 1720 2085 1760 esse
2113 1708 2404 1762 contrariae
2438 1710 2745 1774 sententiae,
2779 1726 2882 1763 nun
2920 1721 3233 1779 etspeeteut
3268 1711 3529 1779 futurum,

3200 1817 3526 1887 competenti

1881 1997 1924 2053 Β
2021 1989 2084 2043 Et
2111 1988 2365 2042 similiter
2395 2003 2456 2042 se
2493 1988 2653 2042 habet
2680 1988 2824 2057 quod
2855 1989 3058 2042 dictum
3090 1998 3176 2043 est
3207 1990 3308 2044 hoc
3346 1990 3527 2047 modo.

2251 2078 2401 2134 Idem
2426 2078 2565 2147 Imp.
2595 2078 3227 2146 ConstantinOpolitanis.

2030 2170 2375 2224 Servatorem
2407 2172 2480 2221 ac
2534 2168 2818 2222 Dominum
2847 2167 3006 2236 hujus
3041 2168 3280 2222 universi
3335 2166 3528 2223 Jesutn

1953 2261 2227 2317 Christum
2264 2275 2451 2313 verum
2478 2258 2649 2313 Deum
2676 2268 2919 2313 nostrum
2942 2257 3181 2314 colentes
3211 2274 3304 2325 per
3323 2259 3527 2324 omnia,

1950 2354 2192 2409 studiose
2248 2355 2440 2407 damus
2478 2365 2734 2419 operam,
2790 2361 3052 2418 quantum
3106 2349 3223 2416 ejus
3284 2352 3520 2405 humana

1952 2456 2104 2495 mens
2151 2440 2368 2508 assequi
2421 2447 2613 2507 potest,
2662 2443 2720 2488 ut
2769 2436 3150 2490 demissionem
3184 2435 3299 2502 ejus
3346 2437 3525 2489 imite-

1953 2547 2096 2585 mur.
2139 2530 2383 2599 Cumque
2433 2528 2719 2582 nonnullos
2768 2527 3156 2591 invenerimus,
3188 2528 3278 2596 qui
3338 2531 3527 2581 morbo

1950 2637 2013 2675 ac
2040 2620 2220 2675 furore
2246 2619 2534 2687 impiorum
2578 2615 2811 2671 Nestorii
2861 2627 2915 2672 et
2966 2616 3245 2687 Eutychis,
3293 2618 3526 2670 hostium

1951 2710 2066 2772 Dei,
2098 2720 2152 2761 et
2183 2720 2385 2762 sanctae
2420 2706 2702 2761 catholica:
2732 2719 2893 2773 atque
2916 2705 3222 2775 apostolicae
3245 2704 3525 2768 Ecclesiae,

1950 2799 2299 2854 detinentur:
2334 2798 2634 2850 inliciantes
2665 2811 2722 2849 se
2746 2805 2987 2848 sanctam
3013 2795 3185 2861 illaut,
3210 2795 3524 2864 gloriosam,

1950 2902 2269 2961 perpetuam
2298 2888 2576 2959 Virginem
2611 2886 2856 2952 Mariam,
2892 2887 3108 2956 preprie
3136 2901 3200 2940 ac
3223 2887 3517 2941 secundum

1949 2984 2234 3037 veritatem
2270 2981 2454 3036 dicere
2504 2980 2828 3048 Deiparam;
2878 2980 2928 3033 id
2986 2993 3206 3047 Operam
3256 2979 3525 3045 dedimus,

1950 3085 2007 3127 ut
2040 3076 2091 3127 hi
2125 3083 2325 3128 tectam
2356 3072 2783 3127 Christianorum
2819 3070 2977 3124 tidem
3007 3070 3383 3125 edocerentur.
3414 3069 3517 3122 Alii

1952 3184 2070 3222 cum
2103 3168 2429 3221 incurabiles
2475 3167 2605 3231 sint,
2656 3180 2897 3221 errorem
2939 3180 3092 3219 suum
3141 3175 3383 3234 tegentes
3415 3162 3525 3219 cir-

1952 3268 2246 3323 cumeunt,
2303 3260 2378 3311 uti
2455 3257 2673 3326 quidem
2740 3258 3067 3325 accepimus,
3132 3257 3520 3321 simpliciorum

1873 3356 1919 3419 ρ
1950 3354 2157 3405 animos
2188 3350 2573 3403 conturbantes
2593 3359 2645 3401 et
2680 3349 3035 3411 olfendcutes,
3068 3362 3131 3402 ac
3176 3345 3516 3417 pruierentes

1948 3453 2147 3494 sancta:
2177 3441 2456 3494 catholicus
2480 3450 2534 3494 et
2573 3440 2879 3509 apostolica:
2918 3437 3174 3492 Ecclesia:
3222 3439 3516 3493 contraria.

1945 3532 2308 3596 Quamobrem
2342 3531 2712 3584 ncceSsarium
2756 3529 3030 3592 duximus,
3075 3536 3183 3580 tam
3232 3529 3518 3583 haeretica-

1945 3637 2063 3675 rum
2104 3620 2379 3674 mendacia
2405 3620 2687 3685 dissipare,
2718 3633 2879 3686 (tuam
2913 3619 3178 3672 universis
3201 3619 3515 3691 explanare,

1944 3713 2213 3782 quamodo
2263 3711 2465 3765 sentiat
2508 3720 2693 3763 sancta
2743 3709 2834 3763 Dei
2905 3719 2958 3762 et
3024 3709 3292 3764 Catholica
3343 3720 3511 3779 atque

1945 3803 2239 3871 apostolica
2285 3801 2548 3865 Ecclesia,
2591 3812 2644 3855 et
2690 3800 2930 3870 ejusdem
2979 3801 3308 3855 Sanctissimi
3340 3794 3519 3857 sacer.

1945 3897 2098 3948 dotes
2146 3895 2452 3963 praedicent.
2503 3891 2739 3958 Quorum
2792 3891 3019 3963 vestigia
3065 3908 3163 3948 nos
3214 3892 3373 3946 etiam
3419 3894 3517 3948 ἐυ-

1944 3998 2195 4058 quentes,
2233 3985 2647 4041 maniiestamus
2699 3998 2784 4050 ea,
2835 4000 2955 4054 qua:
3015 3983 3083 4038 de
3134 3998 3252 4051 spe,
3302 3999 3420 4052 quae
3466 3987 3518 4037 in

1945 4080 2099 4133 nobis
2131 4087 2236 4142 est,
2269 4078 2536 4132 sentimus
2566 4092 2581 4129 :
2622 4091 2726 4129 non
2766 4076 2923 4129 Iidem
2962 4075 3305 4138 innovantes,
3340 4073 3516 4143 (absit

1945 4171 2084 4239 hoc)
2116 4169 2207 4223 sed
2237 4177 2593 4234 coarguentes
2625 4165 2833 4216 illorqu
2880 4163 3165 4227 insaniam,
3199 4164 3287 4231 qui
3326 4166 3517 4216 eadem

1944 4276 2065 4317 cum
2115 4260 2294 4329 impiis
2328 4259 2444 4312 istis
2481 4256 2750 4311 haereticis
2787 4254 3029 4309 sentiunt
3065 4272 3080 4308 :
3110 4256 3253 4323 quod
3291 4256 3507 4325 quidem

1940 4360 1997 4405 et
2059 4352 2108 4403 in
2140 4346 2452 4417 primordiis
2509 4346 2719 4415 imperii
2784 4345 2956 4398 nostri
3015 4358 3137 4398 cum
3188 4346 3513 4406 iaceremus,

1942 4441 2076 4495 satis
2134 4428 2389 4493 omnibus
2463 4436 2703 4489 animum
2780 4445 3025 4489 nostrum
3095 4436 3512 4489 declaravimus.

1943 4534 2150 4602 Quippe
2192 4531 2463 4586 credimus
2495 4530 2547 4581 in
2574 4542 2738 4581 unum
2785 4527 2950 4580 Deum
3000 4525 3212 4580 Patrem
3261 4527 3510 4595 omnipo-

1946 4636 2164 4689 tentem,
2222 4631 2276 4677 et
2329 4620 2383 4675 in
2446 4635 2607 4673 unum
2660 4616 2948 4671 Dominum
2997 4614 3181 4669 Jesum
3215 4614 3513 4681 Christum,

1868 4682 1913 4739 υ
1942 4716 2137 4770 Filium
2171 4715 2279 4777 Dei,
2311 4722 2364 4767 et
2406 4712 2459 4765 in
2493 4710 2755 4780 Spiritum
2791 4718 3058 4774 sanctum,
3106 4724 3264 4763 unam
3323 4723 3513 4763 essen-

1945 4809 2073 4864 tiam
2107 4807 2158 4861 in
2192 4806 2365 4859 tribus
2400 4803 2642 4874 personis
2673 4801 2982 4864 adorantes,
3016 4815 3180 4854 unam
3232 4801 3514 4867 deitatem,

1943 4916 2106 4955 unum
2160 4906 2524 4965 potestatem,
2561 4895 2883 4947 Trinitatem
2936 4894 3092 4946 unius
3134 4896 3401 4947 essentiam
3454 4891 3510 4945 in

1933 4992 2191 5047 extremis
2207 4995 2387 5042 autem
2408 4984 2596 5038 diebus
2617 4981 2937 5036 confitemur
2958 4980 3242 5034 Dominum
3265 4990 3507 5035 nostrum

1931 5082 2115 5137 Jesutn
2163 5078 2463 5140 Christum,
2507 5074 2838 5144 unigenitum
2890 5070 2983 5125 Dei
3045 5070 3282 5134 Filium,
3332 5071 3496 5125 Deum

1940 5185 2122 5225 verum
2154 5183 2219 5223 ex
2251 5168 2356 5220 Deo
2380 5172 2667 5225 vero,ante
2695 5160 2889 5214 saecula
2923 5168 2978 5213 et
3005 5158 3123 5212 sine
3146 5167 3386 5225 tempore
3418 5172 3507 5226 ge-

1941 5265 2111 5319 nitum
2139 5276 2203 5315 ex
2233 5259 2413 5320 Patre,
2439 5256 2580 5311 Patri
2619 5264 2973 5318 consternunt,
3006 5266 3129 5306 eum
3181 5251 3380 5319 ipsum,
3439 5267 3505 5303 ex

1938 5371 2044 5423 quo
2074 5352 2273 5415 onmia,
2311 5358 2364 5405 et
2394 5363 2485 5417 per
2516 5361 2674 5415 quem
2704 5346 2909 5409 omnia,
2933 5344 3242 5413 degressum
3271 5356 3299 5394 e
3327 5341 3507 5403 caelis,

1940 5446 2278 5498 inearnatnm
2324 5454 2444 5493 esse
2484 5443 2550 5490 de
2580 5434 2783 5504 Spiritu
2809 5447 3019 5499 sanczo,
3051 5443 3105 5486 et
3136 5441 3351 5497 sancta,
3388 5431 3507 5499 glo-

1940 5542 2107 5597 riosa,
2134 5542 2501 5601 perpetuaque
2527 5527 2744 5598 Virgine
2779 5524 2967 5587 Maria,
3000 5534 3055 5579 et
3086 5524 3359 5578 hominem
3391 5537 3511 5576 esse

1946 5627 2169 5688 factum,
2192 5635 2513 5690 crucmnque
2544 5634 2642 5688 pro
2668 5618 2823 5671 nobis
2857 5615 3142 5687 pertulisse
3185 5614 3285 5668 sub
3319 5614 3510 5667 Pontio

1947 5716 2135 5782 Pilato,
2198 5715 2464 5784 sepultum
2514 5723 2653 5777 esse,
2717 5708 3079 5763 resnrrexisse
3130 5706 3217 5760 die
3270 5702 3431 5760 tertio
3488 5724 3502 5759 :

1948 5811 2104 5866 unius
2163 5820 2214 5863 et
2273 5808 2510 5875 ejusdem
2577 5805 2834 5858 miracula
2890 5811 2945 5855 ct
2997 5800 3309 5863 cruciatus,
3367 5810 3508 5866 quos
