4104 6484
229 385 370 451 1093

1247 410 1586 472 CONSTIT.
1617 416 1918 480 ECCLES.
1968 424 2405 493 COLLECTIO.

3332 446 3472 514 1094

231 506 403 573 λόγου
428 508 757 579 ἠρνήσαντο.
799 511 897 566 Διὰ
935 515 1096 571 τοῦτο
1121 527 1425 589 γραφικαῖς
1464 529 1778 596 μαρτυρίαις

231 599 282 625 ,λ
317 601 444 625 _.-__t
701 624 706 625 ,
750 607 799 625 η.
1015 612 1027 625 .
1099 612 1112 625 .
1250 616 1261 625 .
1379 615 1401 625 -
1637 617 1647 625 ,
1687 621 1726 625 __

1900 546 2211 604 perpetuam
2245 539 2519 610 Virginem
2571 545 2835 616 Mariam,
2878 549 3159 621 Deiparam
3209 561 3473 625 przedica-

223 599 285 652 τὸ
313 601 450 655 αὐτὸ
483 604 640 670 ἁγιον
695 607 925 677 μάθημα
981 612 1028 662 oi
1066 612 1346 682 εἰρημένοι
1375 615 1519 683 ἁγιοι
1571 617 1647 688 ρν¹
1686 621 1798 674 lla-

223 691 390 759 τέρες
411 693 545 746 Θεὸν
575 699 980 764 σαφηνίσαντες
1007 703 1347 773 ὲτρὰνωσαν.
1407 710 1579 763 Τοῦτο
1616 713 1710 764 καὶ
1737 712 1793 766 αι

223 780 387 834 ἄλλαι
417 783 629 838 ἅπασαι
662 789 815 854 ἁγιαι
851 792 1080 856 σύνοδοι,
1117 798 1392 851 τουτέστιν
1421 803 1452 870 ὴ
1484 804 1541 852 ὲν
1583 801 1796 873 Ἐφέσῳ

221 875 469 942 προτέρα
499 879 592 930 καὶ
633 881 664 948 ἠ
701 883 759 933 ὲν
786 883 1113 953 Χαλκηδόνι,
1166 891 1233 956 τῇ
1279 891 1419 960 αὐτῇ
1448 893 1633 948 πίστει
1661 897 1796 949 ἁκο-

227 963 592 1035 λουθήσασαι.
628 972 881 1034 ἐδέξαντο
903 978 997 1028 καὶ
1029 977 1326 1046 ἐφύλαξαν,
1359 985 1455 1036 καὶ
1506 986 1602 1054 τὴν
1631 989 1793 1053 ἁγίαν

224 1056 442 1123 ἔνδοξον
508 1062 870 1132 ἁειπαρθένον
925 1068 1144 1135 Μαρίαν
1195 1072 1456 1127 Θεοτόκον
1497 1079 1791 1147 ἐκήρυξαν,

226 1150 328 1202 καὶ
354 1155 479 1215 τοὺς
506 1153 582 1224 μὴ
615 1156 1014 1223 ὁμολογοῦντας
1041 1162 1210 1231 αὐτὴν
1237 1167 1502 1220 Θεοτόκον
1527 1171 1797 1238 ἀνεθεμά-

220 1260 406 1297 τισαν.
461 1245 698 1311 Ὀμοίως
730 1249 789 1302 δὲ
838 1252 1242 1321 ἀνεθεμάτισαν
1293 1259 1389 1312 καὶ
1429 1264 1554 1325 τοὺς
1605 1264 1793 1332 ἕτερον

222 1333 561 1406 σύμϐολονῆ
620 1341 777 1406 ἅγιον
806 1343 1040 1412 μάθημα
1071 1348 1468 1416 παραδιδόντας
1519 1354 1674 1420 παρὰ
1731 1356 1791 1408 τὸ

215 1423 326 1475 ὑπὸ
384 1424 484 1492 μὶν
514 1426 621 1480 τῶν
655 1431 758 1500 τιη⁹
789 1433 960 1498 ἁγίων
988 1435 1245 1506 Πατέρων
1277 1441 1522 1505 ἐκτεθὲν,
1557 1462 1793 1514 σαφηνι-

219 1514 353 1568 σθὲν
385 1516 440 1569 δὲ
475 1519 568 1570 καὶ
618 1523 898 1590 τρανωθὲν
929 1527 1079 1594 παρὰ
1105 1528 1214 1580 τῶν
1259 1532 1316 1582 ὲν
1338 1533 1508 1604 ταύτῃ
1534 1540 1601 1604 τῇ
1638 1538 1793 1606 βασι-

210 1603 452 1678 λευούσῃ
479 1609 633 1662 πόλει
677 1611 786 1664 τῶν
829 1621 906 1684 ρν’
954 1615 1122 1682 ἁγίων
1169 1620 1449 1691 Πατέρων.
1481 1603 1647 1696 Καὶῆ
1691 1628 1792 1696 μὲν

214 1695 275 1746 ὲν
332 1695 544 1766 Ἐφέσῳ
604 1703 846 1772 προτέρα
891 1705 985 1758 τόν
1018 1724 1075 1760 τε
1134 1710 1306 1780 ἀσεϐῆ
1352 1713 1649 1786 Νεστόριον
1696 1695 1791 1771 καὶ

210 1787 283 1840 τὰ
332 1789 515 1843 αὐτῶν
573 1792 821 1862 δόγματα
872 1800 1088 1853 καθεῖλε
1143 1821 1200 1855 τε
1254 1807 1347 1859 καί⁵
1405 1809 1787 1878 ἁνεθεμὰτισε,

215 1882 319 1933 καὶ
354 1884 477 1947 τοὺς
502 1885 571 1938 τὰ
596 1887 762 1941 αὑτοῦ
798 1893 1177 1959 φρονήσαντας
1207 1898 1239 1968 ἢ
1275 1900 1636 1968 φρονοῦντας,
1689 1904 1785 1956 καὶ

214 1972 343 2034 τοὺς
379 1977 808 2042 συναινέσαντας
838 1982 988 2050 αύτῷ
1019 1984 1050 2051 ἢ
1097 1991 1483 2055 συναινοῦντας
1515 1994 1786 2063 ἀνεθεμά-

209 2075 366 2114 τισεν
395 2075 410 2090 ⁰
449 2063 482 2129 ἠ
510 2063 569 2116 δι
610 2065 666 2118 ὲν
691 2066 994 2137 Χαλκηδόνι
1024 2073 1156 2140 ἁγία
1190 2077 1408 2142 σύνοδος
1447 2081 1665 2136 καθείλέ
1723 2103 1783 2136 τε

212 2150 317 2204 καὶ
376 2153 599 2217 ἐξέϐαλε
651 2159 761 2213 τῶν
793 2161 964 2229 ἁγίων
1008 2165 1100 2217 τοῦ
1156 2167 1289 2222 Θεοῦ
1329 2172 1656 2241 ἐκκλησιῶν,
1689 2176 1784 2228 καὶ

209 2243 574 2313 ἁνεθεμὰτισε
605 2250 698 2302 καὶ
729 2251 821 2304 τὸν
852 2254 1024 2325 ἀσεϐῆ
1055 2258 1324 2328 Εὑτυχέα,
1378 2263 1469 2316 καὶ
1511 2263 1576 2318 τὰ
1616 2265 1782 2321 αὑτοῦ

205 2335 484 2407 δόγματα,
518 2342 610 2393 καὶ
631 2341 759 2404 τοὺς
790 2343 855 2396 τὰ
879 2345 1042 2398 αὑτοῦ
1062 2351 1436 2418 φρονήσαντας
1463 2355 1494 2423 ἢ
1522 2356 1783 2424 φρονοῦν-

204 2445 336 2494 τας,
381 2435 632 2495 καὶτοὺς
678 2437 1168 2510 συναινέσανταςῆ
1230 2445 1636 2511 ωναινοῦντας,
1686 2449 1784 2502 καὶ

209 2525 426 2587 πάντας
450 2527 506 2580 δὲ
542 2527 668 2590 τοὺς
708 2531 1048 2600 αίρετικοῦς,
1081 2534 1270 2588 καὶτὰ
1307 2536 1486 2590 αὐτῶν
1507 2536 1779 2608 δόγματα,

206 2617 308 2671 καὶ
342 2618 471 2680 τοὺς
504 2620 573 2674 τὰ
599 2621 778 2681 αὐτῶν
807 2627 1190 2694 φρονήσαντας
1219 2628 1252 2698 ἢ
1293 2631 1624 2698 φρονοῦντας
1649 2634 1779 2686 ἁνε-

207 2711 529 2780 θεμὰτισεν.
571 2712 806 2781 Ὁμοίως
846 2717 901 2771 δὲ
933 2719 1294 2789 ἁνεθεμὰτισε
1343 2724 1437 2776 καὶ
1485 2725 1781 2797 Νεστόριον

207 2803 314 2859 καὶ
344 2805 414 2858 τὰ
448 2806 615 2861 αὑτοῦ
649 2809 919 2880 δόγματα,
960 2814 1057 2866 καὶ
1085 2815 1212 2878 τοὺς
1245 2817 1312 2868 τὰ
1344 2817 1512 2870 αὐτοῦ
1576 2822 1781 2889 φρονή-

207 2913 418 2960 σαντας
444 2899 476 2970 ἢ
510 2901 864 2971 φρονοῦντας,
907 2906 1000 2957 καὶ
1029 2907 1153 2966 τοὺς
1181 2909 1606 2971 συναινέσαντας
1631 2913 1781 2981 αὖτῷ

206 2992 240 3052 ἢ
277 2994 689 3056 συναινοῦντας.
735 2996 801 3048 Ἥ
833 2997 971 3067 αὑτὴ
997 2998 1052 3051 δὲ
1083 3000 1140 3050 ὲν
1170 2999 1478 3070 Χαλκηδόνι
1498 3003 1626 3071 ἁγία
1654 3004 1781 3056 σύν-

205 3083 330 3145 οδος
357 3083 455 3137 καὶ
499 3085 598 3154 τὴν
638 3087 732 3140 τοῦ
785 3089 1022 3156 μεγάλου
1085 3090 1334 3160 Πρόκλου
1391 3093 1527 3163 πρὸς
1575 3095 1781 3166 Ἀρμε-

1901 634 2048 688 runt,
2075 637 2128 680 et
2158 631 2500 687 anathemate
2544 637 2889 700 damnarunt,
2923 644 3013 708 qui
3050 659 3167 699 eam
3198 662 3303 702 uou
3337 665 3468 703 cou—

1900 716 2180 773 ﬂtcrentur
2209 737 2328 776 esse
2361 723 2664 790 Dciparam.
2697 729 3067 788 Consimiliter
3094 746 3146 789 et
3177 737 3298 791 illos
3335 755 3467 794 ana-

1899 807 2121 863 themati
2156 813 2522 880 subjeceruut,
2556 822 2644 882 qui
2667 823 2810 874 aliud
2841 828 3140 893 symbolum
3174 847 3460 894 sacrtttnt'e

1897 900 2274 957 documentum
2313 909 2608 972 traderent,
2658 927 2852 978 prmter
2889 918 2982 982 id,
3016 924 3156 987 quod
3195 938 3222 974 a
3270 926 3477 993 sanctis

1897 993 1999 1047 518
2024 997 2278 1052 Pati-ibus
2310 1003 2632 1065 expositum,
2662 1009 3001 1075 explanatum
3035 1015 3470 1086 declaratumque

1898 1083 2000 1137 fuit
2029 1101 2056 1138 a
2090 1087 2184 1140 l50
2215 1093 2413 1142 sanctis
2442 1091 2713 1149 Patribus.
2737 1101 2824 1166 qui
2853 1100 2953 1152 hac
2987 1102 3037 1154 in
3071 1106 3200 1158 urbe
3233 1083 3465 1176 impera-

1895 1177 2032 1229 toria
2064 1192 2449 1236 convenerunt.
2485 1183 2546 1236 Et
2587 1187 2756 1252 prima
2805 1190 3018 1254 quidem
3075 1193 3339 1259 Ephesius
3373 1213 3464 1268 sy-

1895 1266 2066 1320 nodus
2113 1269 2332 1336 impium
2390 1275 2535 1326 illum
2593 1276 2921 1341 Nestorium,
2957 1281 3178 1350 ejusque
3216 1287 3466 1354 dogmata

1895 1364 2170 1429 abrogavit
2214 1377 2262 1417 et
2312 1368 2650 1426 anathemate
2682 1374 2988 1439 damnavit;
3037 1380 3330 1448 eodemque
3369 1381 3465 1436 da-

1895 1456 2103 1507 mnavit
2137 1467 2186 1510 cI
2240 1458 2357 1512 illos
2387 1462 2747 1526 anathemate,
2776 1467 2872 1532 qui.
2911 1469 3025 1533 ejus
3054 1469 3334 1536 opiniones
3381 1471 3463 1526 vel

1893 1547 2063 1598 secuti
2091 1560 2291 1607 essent.
2326 1553 2407 1604 vel
2448 1568 2840 1622 sequerentur;
2880 1561 3035 1626 quive
3069 1577 3192 1616 cum
3242 1581 3306 1618 eo
3336 1583 3464 1619 con-

1893 1639 2218 1704 sensissent,
2253 1653 2342 1692 aut
2373 1650 2762 1701 consentirent.
2797 1650 3054 1704 Sanctum
3087 1670 3214 1707 vero
3240 1656 3461 1710 Chalce-

1892 1727 2127 1782 donense
2175 1732 2456 1786 concilium
2507 1740 2802 1808 abrogavit,
2843 1751 2892 1794 et
2937 1745 3135 1798 sanctis
3171 1744 3256 1798 Dei
3294 1748 3463 1800 eccle-

1891 1819 1984 1870 siis
2013 1821 2190 1887 ejecit,
2216 1833 2377 1891 atque
2401 1828 2740 1882 anathemate
2771 1830 3066 1891 damnavit.
3095 1845 3203 1887 tum
3236 1837 3458 1902 impium

1891 1908 2036 1961 illum
2072 1910 2384 1979 Eutychem,
2416 1916 2641 1982 eiusque
2669 1919 2935 1986 dogmata,
2967 1933 3078 1975 tum
3110 1923 3226 1992 ejus
3253 1928 3461 1993 opinio-

1889 2015 1983 2054 nes
2033 2014 2264 2067 secutos,
2297 2007 2376 2058 vel
2409 2019 2718 2076 sequentes.
2751 2023 2804 2065 et
2843 2016 2932 2081 qui
2962 2032 3080 2069 cum
3113 2034 3176 2071 eo
3211 2021 3290 2072 vel
3328 2038 3459 2076 con-

1888 2093 2203 2160 sensissent,
2257 2097 2340 2150 vel
2391 2102 2789 2167 consentirent;
2841 2117 3001 2173 atque
3042 2124 3232 2164 omnes
3283 2114 3444 2166 etiam

1889 2185 2169 2242 harreticos
2196 2203 2488 2259 eorumque
2514 2193 2756 2260 dogmata
2784 2210 2903 2248 cum
2937 2197 3022 2263 iis,
3051 2201 3136 2261 qui
3174 2201 3455 2270 ονὶηἰοηιοε

1886 2275 2123 2344 ipsorum
2159 2280 2386 2346 amplexi
2420 2292 2627 2348 essent,
2657 2285 2740 2338 vel
2781 2288 3269 2357 amplecterentur;
3299 2299 3456 2360 quive

1886 2383 2004 2422 cum
2047 2370 2124 2423 eis
2156 2374 2594 2437 consensi~scnt,
2641 2386 2731 2428 aut
2784 2380 3175 2443 consentirent,
3227 2385 3456 2436 anathe-

1888 2466 2029 2510 mate
2078 2461 2361 2526 percussit.
2391 2461 2754 2518 Consimiliter
2782 2476 2834 2519 et
2875 2466 3180 2524 Nestorium
3231 2475 3457 2526 anathe-

1888 2548 2017 2602 mati
2065 2550 2313 2615 subjecit,
2353 2550 2576 2620 ejusque
2610 2555 2895 2624 dogmata;
2931 2574 3050 2612 cum
3088 2563 3171 2624 iis,
3220 2563 3309 2630 qui
3344 2566 3458 2632 epi-

1885 2640 2072 2695 nioues
2114 2642 2280 2708 ipsius
2330 2647 2559 2713 amplexi
2593 2659 2811 2714 essent,
2851 2651 2932 2704 vel
2965 2653 3454 2721 amplecterentur:

1883 2728 2042 2798 quive
2066 2745 2184 2784 cum
2208 2748 2272 2786 co
2294 2736 2716 2798 consensissent.
2740 2749 2832 2792 aut
2849 2745 3232 2797 consentirent.
3253 2744 3452 2798 Eadem

1883 2832 2038 2874 sacra
2065 2822 2890 2898 ChalcedOueusis(H)synodus
2919 2832 3083 2885 etiam
3117 2837 3288 2902 magni
3317 2835 3457 2887 illius

1883 2908 2058 2965 Procli
2087 2914 2362 2979 epistolam
2400 2918 2466 2968 ad
2494 2918 2777 2974 Armenios
2811 2922 3088 2991 scriptam,
3126 2939 3229 2991 qua
3261 2934 3458 2980 tracta-

1885 3010 1997 3067 tur,
2027 3004 2129 3057 dici
2167 3005 2384 3071 debere,
2422 3009 2563 3075 quod
2603 3009 2859 3064 Dominus
2901 3025 3088 3068 noster
3117 3013 3270 3069 Jesns
3296 3015 3454 3071 Chri-

1885 3103 2024 3159 stus,
2062 3094 2230 3149 Filius
2270 3096 2358 3151 ille
2405 3097 2518 3163 Dei,
2568 3099 2815 3169 Deusquc
2851 3115 3036 3158 noster
3064 3145 3078 3168 ,
3109 3121 3245 3160 unus
3281 3108 3350 3162 sit
3385 3123 3453 3162 ev.

207 3174 361 3237 νίους
394 3179 706 3244 γραφεῖσαν
733 3179 1027 3250 ἐπιστολὴν
1055 3184 1185 3252 περὶ
1225 3184 1321 3236 τοῦ
1370 3188 1566 3255 χρῆναι
1594 3186 1778 3254 λέγειν

1884 3199 2067 3244 sancta
2115 3189 2400 3254 Trinitate,
2445 3206 2540 3256 per
2587 3193 2898 3249 relationem
2951 3211 3101 3250 suam
3154 3198 3355 3265 recepit
3403 3210 3457 3253 et

203 3265 299 3318 τὸν
325 3269 607 3336 Δεσπότην
645 3269 803 3338 ἡμῶν
857 3271 1067 3340 Ἰησοῦν
1115 3274 1351 3344 Χριστὸν
1394 3275 1486 3329 τὸν
1521 3278 1645 3331 Υίὶν
1681 3278 1774 3332 τοῦ

205 3355 350 3409 Θεοῦ
398 3358 493 3410 καὶ
523 3358 656 3411 Θεὸν
709 3361 867 3430 ἡμῶν
914 3362 1010 3414 ενα
1056 3363 1157 3433 τῆς
1205 3367 1369 3433 ἁγίας
1412 3368 1642 3436 Τριὰδος
1687 3371 1777 3425 διὰ

206 3447 312 3513 τῆς
347 3450 555 3514 οἰκείας
607 3453 887 3522 ἀναφορᾶς
923 3455 1140 3520 ἐδέξατό
1171 3474 1229 3510 τε
1275 3459 1367 3512 καὶ
1417 3461 1774 3518 ἐϐεϐαίωσεν.

201 3542 267 3596 Et
289 3543 404 3613 γὰρ
429 3544 526 3605 τὰς
551 3545 854 3614 εἰρημένας
911 3547 973 3616 δὴ
1023 3549 1187 3616 ἁγίας
1220 3551 1473 3616 συνόδους
1515 3556 1776 3624 παρεξέλ-

201 3632 412 3701 Θωμεν,
464 3633 496 3702 ἢ
560 3637 630 3687 τὰ
686 3637 817 3704 παρ’
848 3636 1030 3689 αὐτῶν
1077 3639 1510 3704 διατυπωθὲντα,
1563 3643 1776 3714 δίδομεν

195 3727 389 3780 ἄδειαν
421 3728 530 3788 τοῖς
557 3727 932 3798 καθαιρεθεῐσι
967 3729 1301 3799 παράὑτῶν
1335 3723 1635 3804 αίρετικοῖς
1677 3738 1772 3791 καὶ

193 3820 315 3880 τοῖς
339 3817 522 3869 αὐτῶν
551 3817 788 3886 δόγμασι
822 3822 921 3887 τὴν
977 3822 1190 3875 ἑαυτῶν
1223 3822 1420 3893 λοίμην
1475 3826 1636 3881 πάλιν
1691 3829 1772 3892 εἰς

192 3912 297 3974 τὰς
330 3912 494 3979 ἁγίας
518 3911 610 3965 τοῦ
647 3911 782 3965 Θεοῦ
834 3914 1159 3983 Ἐκκλησίας
1193 3916 1600 3972 ὲνδείκνυσθαιυ
1636 3923 1773 3993 ὅπερ

191 4004 297 4056 οὐκ
331 4002 609 4071 δνδέχεται
646 4004 960 4074 πραχθῆναί
992 4022 1142 4058 ποτε·
1177 4006 1249 4076 μὴ
1275 4007 1510 4074 γένοιτο.
1557 4009 1772 4084 Ἐπειδὴ

189 4096 251 4146 al
280 4092 578 4163 εἰρημέναι
606 4094 870 4164 τέσσαρες
888 4095 1042 4162 ἁγιαι
1076 4094 1283 4150 σύνοδοι
1306 4097 1394 4150 διὰ
1422 4098 1531 4151 τῶν
1554 4102 1772 4154 οἰκείων

191 4184 495 4252 δογμάτων
521 4185 646 4246 τοὺς
677 4186 1011 4253 αἱρετικοὺς,
1048 4187 1144 4238 καὶ
1184 4188 1252 4238 τὰ
1287 4187 1494 4241 τούτων
1526 4190 1772 4259 δόγματα

193 4276 492 4339 ἐξέϐαλον·
525 4277 618 4328 καὶΔ
653 4276 708 4327 εί
739 4293 822 4338 τις
845 4278 981 4345 πρὸς
1013 4278 1142 4345 μίαν
1160 4279 1270 4330 τῶν
1307 4281 1614 4348 είρημένων
1644 4299 1768 4334 συν-

191 4368 338 4420 όδων
373 4363 736 4434 saetosum,
773 4366 1042 4435 πρόδηλός
1070 4369 1216 4419 ὲστιν
1242 4371 1423 4422 ἐκεῖνα
1455 4371 1668 4439 φρονῶν
1700 4373 1770 4425 τὰ

188 4459 474 4527 δόγματα,
504 4457 575 4510 τὰ
614 4458 744 4528 παρ’
769 4459 947 4511 αὐτῶν
981 4459 1315 4528 ἐκϐληθέντα
1351 4479 1408 4513 τε
1442 4464 1535 4516 καὶ
1574 4463 1770 4517 ἀναθε-

192 4549 556 4618 ματισθέντα.
590 4549 798 4618 Μηδεὶς
829 4549 1006 4602 τοίνυν
1039 4551 1185 4619 ὑμᾶς
1237 4553 1530 4618 ταραξάτω
1593 4555 1762 4607 ἐλπίδι

192 4635 416 4706 ματαίᾳ
449 4635 846 4704 κρατούμενος,
870 4638 952 4689 ὅτι
984 4638 1143 4706 ἡμεῖς
1174 4639 1418 4692 ἐναντίον
1471 4642 1578 4694 τῶν
1618 4645 1768 4714 είρηο

190 4728 384 4794 μένων
419 4726 590 4792 ἁγίων
637 4726 919 4797 τεσσάρων
953 4729 1184 4785 συνόδων
1215 4731 1554 4800 ἐπράξαμεν,
1581 4734 1767 4804 ἥττρά-

188 4818 388 4886 ξομεν,
417 4815 449 4883 ἢ
480 4815 793 4886 πραχθῆναι
853 4818 1004 4886 παρὰ
1052 4836 1160 4871 τισι
1211 4821 1663 4890 συγχωρήσομεν,
1731 4823 1762 4890 ἢ

186 4906 626 4977 περιαιρεθῆναι
685 4907 783 4977 τὴν
845 4908 950 4960 τῶν
1000 4909 1172 4977 ἁγίων
1225 4910 1406 4962 αὐτῶν
1479 4914 1766 4980 τεσσάρων

183 5001 352 5053 ὁσίαν
389 5000 611 5068 μνήμην
641 5001 704 5052 ὲκ
753 4999 862 5052 τῶν
922 5002 1230 5070 εἰρημένων
1283 5003 1384 5071 τῆς
1429 5003 1758 5071 Ἐκκλησίας

183 5089 477 5160 διπτύχων
522 5091 845 5162 ἀνεξόμεθα.
879 5092 1099 5156 Πάντας
1130 5093 1239 5164 γὰρ
1272 5097 1395 5159 τοὺς
1430 5097 1563 5164 παρ’
1588 5095 1767 5148 αὐτῶν

1883 3269 2240 3335 caniirmavit.
2299 3279 2562 3335 Nimirum
2618 3283 2660 3338 si
2713 3295 2862 3338 extra
2909 3298 3143 3354 quatuor
3196 3289 3456 3344 iudicatas

1881 3381 2099 3424 sanctas
2149 3373 2404 3441 synodos,
2441 3372 2526 3426 vel
2578 3374 2644 3428 ab
2691 3375 2770 3430 eis
2804 3377 3028 3441 saucita,
3075 3378 3447 3460 deﬂectimus,

1881 3461 2149 3516 licentiam
2183 3463 2474 3527 hmreticis,
2504 3478 2638 3531 quos
2673 3465 2774 3519 illa
2799 3465 3202 3535 destruxerunt,
3243 3480 3293 3523 et
3326 3472 3456 3539 αοε-

1880 3555 2113 3609 matibus
2140 3569 2325 3608 eorum
2363 3555 2744 3620 concedimus,
2782 3569 2984 3626 peSIeut
3038 3575 3189 3614 suum
3244 3562 3450 3614 sanctis

1881 3647 1974 3700 Dei
2032 3647 2284 3700 Ecciesiis
2313 3649 2640 3701 ostentandi.
2693 3649 2844 3714 Quod
2891 3651 3050 3712 absit,
3106 3662 3164 3706 ut
3217 3669 3452 3723 unquam

1884 3739 1995 3792 ﬂeri
2029 3737 2208 3790 liceat.
2242 3736 2686 3806 Quandoquidem
2723 3741 2970 3794 indicata:
3001 3753 3232 3811 quatuor
3263 3745 3453 3813 synodi

1879 3826 2114 3883 decretis
2144 3826 2260 3882 suis
2292 3839 2399 3879 tam
2446 3828 2592 3896 ipsos
2623 3828 2925 3894 htereticos,
2953 3845 3112 3898 quam
3138 3846 3325 3887 eorum
3363 3833 3456 3890 do-

1879 3926 2056 3987 gmata
2086 3917 2407 3983 expulerunt
2440 3932 2453 3968 :
2495 3931 2559 3972 ac
2591 3918 2636 3972 si
2663 3919 2784 3988 quis
2814 3921 2879 3974 de
2913 3935 3019 3974 uno
3054 3921 3317 3976 dictorum
3367 3940 3453 3979 sa-

1877 4023 2102 4063 crorum
2136 4007 2496 4063 conciliorum
2529 4008 2763 4072 dubitet,
2799 4010 2845 4065 is
2877 4012 3162 4066 manifesto
3185 4028 3244 4067 se
3277 4015 3453 4082 prodit

1877 4101 2125 4168 amplecti
2165 4115 2227 4156 ea
2259 4101 2531 4172 dogmata,
2561 4116 2681 4170 qum
2727 4103 2795 4156 ab
2842 4103 2945 4157 illis
2981 4105 3178 4170 reiecta
3215 4115 3361 4167 sunt,
3399 4117 3453 4160 et

1876 4192 2218 4244 anathemate
2269 4191 2536 4244 damnata.
2592 4192 2758 4248 Nemo
2807 4195 2968 4263 igitur
3027 4194 3300 4250 incassum
3347 4213 3445 4250 nos

1879 4283 2076 4345 turbet,
2105 4295 2202 4350 spe
2228 4295 2363 4333 vana
2396 4280 2679 4344 subnixus,
2711 4285 2863 4351 quasi
2899 4298 2997 4338 nos
3025 4284 3225 4352 aliquid
3257 4286 3452 4340 adver-

1875 4388 1966 4428 sus
1998 4372 2264 4426 iudicatas
2289 4381 2519 4438 quatuor
2543 4374 2776 4444 synodos
2809 4374 3211 4441 admiserimus,
3243 4379 3324 4431 vel
3349 4378 3450 4431 ad-

1874 4465 2087 4518 missuri
2116 4464 2301 4524 simus.
2343 4464 2427 4518 vel
2466 4466 2775 4519 concessnri
2803 4507 2819 4529 ,
2862 4475 2921 4520 ut
2962 4467 3313 4533 admittatur;
3364 4469 3448 4521 vel

1878 4555 2178 4616 toleraturi,
2215 4563 2272 4607 ut
2304 4556 2617 4610 earumdem
2664 4566 2974 4612 sanctarum
3005 4569 3241 4626 quatuor
3282 4573 3444 4628 syno-

1876 4647 2064 4700 dorum
2099 4645 2348 4712 religiosa
2385 4646 2641 4699 memoria
2670 4647 2734 4699 dc
2766 4647 3017 4701 indicatis
3061 4647 3309 4702 Ecclesia:
3353 4664 3448 4703 eo-

1877 4736 2085 4790 dicibus
2111 4735 2760 4806 tollatur(l5).Universos
2781 4739 2924 4792 enim
2955 4739 3022 4792 ab
3046 4740 3124 4792 eis
3151 4740 3447 4808 depositas,

1876 4836 1931 4880 et
1982 4827 2327 4881 anathemate
2384 4828 2686 4892 damnatos,
2742 4844 2844 4880 ttna
2899 4844 3019 4882 cum
3074 4831 3442 4897 depositorum

1878 4918 2243 4982 dogmatibus,
2287 4928 2341 4972 et
2372 4919 2456 4982 iis,
2489 4920 2578 4987 qui
2611 4919 2896 4989 opiniones
2927 4920 3165 4988 ipsorum
3211 4921 3445 4991 amplexi

1875 5021 2020 5075 sunt,
2073 5012 2154 5066 vel
2217 5011 2658 5085 amplectuntur,
2698 5011 3025 5065 anathemati
3086 5010 3441 5066 devovemus.

1877 5099 2238 5166 Quamobrem
2295 5107 2414 5154 oret
2462 5114 2560 5170 pro
2607 5100 2786 5165 nobis,
2822 5107 2875 5153 et
2913 5099 3186 5170 republica
3216 5110 3400 5155 nostra
3424 5137 3442 5162 .

1392 5259 1722 5322 Annibalis
1758 5259 2006 5321 Fabroti
2038 5266 2224 5322 nolte.

259 5402 384 5474 (Η)
430 5401 628 5489 Eadem
655 5421 805 5489 sacra
837 5405 1086 5486 Chaiced.
1116 5405 1257 5489 Idem
1295 5409 1766 5489 Facuudzﬁadcr‘u

183 5473 531 5545 reforsancta
567 5473 996 5528 Chalcedonensis
1019 5479 1269 5544 synodus.
1295 5491 1342 5535 et
1374 5481 1548 5545 magni
1584 5479 1762 5531 Procli

182 5546 256 5597 ad
297 5543 580 5613 Armenios
609 5545 852 5610 scriptam
881 5543 1174 5609 epistolam,
1209 5550 1272 5600 de
1308 5565 1366 5600 ea
1390 5543 1532 5613 quod
1564 5562 1758 5608 oportet

181 5615 370 5666 dico're
420 5610 695 5666 Dominum
747 5615 930 5676 Jesum
978 5616 1242 5688 Chrisgrm
1297 5610 1494 5670 Filium
1545 5617 1656 5682 Dei,
1708 5632 1794 5688 et,

181 5683 360 5736 Deum
401 5691 662 5744 nostrum,
693 5700 851 5754 unum
884 5699 1077 5738 sanctae
1133 5685 1424 5747 Trinitatis,
1465 5704 1556 5754 per
1601 5688 1772 5741 suam'

179 5751 505 5804 re!ationent
534 5753 748 5812 suscepit
787 5763 834 5805 et
880 5755 1224 5818 conﬁrmat-it.
1281 5755 1336 5809 Si
1372 5751 1506 5808 enim
1563 5758 1754 5821 prirdi-

180 5835 302 5876 stas
331 5829 548 5874 sanctas
589 5831 813 5881 quatuor
843 5825 1065 5883 simodo:
1089 5827 1547 5893 eqrediamur,aut
1579 5827 1641 5880 ab
1672 5828 1748 5880 Itis

1874 5411 2150 5472 disposita,
2193 5410 2379 5461 (lamus
2419 5409 2726 5476 facultatem
2765 5411 3045 5471 hmreticis,
3086 5410 3174 5476 qui
3207 5411 3439 5474 depositi

1871 5480 1935 5528 ab
1963 5479 2035 5529 eis
2083 5489 2225 5536 sunt,
2267 5489 2314 5529 et
2342 5495 2520 5531 eorum
2547 5480 2873 5545 dogmatibus
2905 5495 3052 5530 suam
3086 5479 3445 5545 pestilentiam

1869 5547 2053 5600 iterum
2088 5549 2140 5598 in
2168 5559 2378 5600 sanctas
2414 5548 2506 5598 Dei
2539 5547 2794 5599 Ecclesia:
2826 5559 3116 5602 ostentare.

1938 5617 2050 5682 (l5)
2095 5616 2376 5669 (Iudicibus
2411 5617 2650 5668 tollatur.
2685 5615 2847 5669 chta
2884 5620 3119 5684 synodus
3147 5617 3326 5670 collat.
3356 5617 3390 5668 ἓ
3422 5635 3439 5674 ι

1866 5683 2092 5738 Sanctas
2120 5698 2348 5753 quatuor
2382 5686 2609 5753 synodos
2650 5683 2921 5751 majestas
2945 5688 3103 5745 ipsius
3137 5685 3222 5749 (de
3267 5684 3437 5737 Justi-

1864 5756 2045 5816 uiano)
2083 5757 2248 5806 sacris
2278 5757 2534 5820 diptychis
2585 5756 2745 5808 inseri
2787 5768 2845 5808 et
2895 5756 3151 5822 publicari
3185 5755 3325 5820 fecit.
3373 5754 3437 5809 V.

1863 5824 2055 5889 Evagr.
2081 5825 2171 5879 lib.
2204 5840 2273 5888 tv,
2311 5839 2356 5877 c.
2394 5825 2470 5877 ll.
