4104 6480
599 399 743 465 1115

1805 400 2086 459 ΤΙΙΕΟΙ).
2127 397 2613 458 BALSAMONIS

3708 385 3837 450 lilii

666 511 781 566 Lib.
808 527 850 578 ι,
875 511 958 565 ιίι.
988 510 1044 575 3,
1077 513 1295 567 constit.
1334 512 1396 564 10
1430 508 1562 583 (8|),
1605 511 1759 581 cujus
1818 509 2057 570 initium,
2105 508 2160 562 Si

2337 508 2457 560 Bt6.
2493 506 2561 571 α’,
2599 507 2705 560 ait.
2740 505 2807 573 γ’,
2835 503 2974 558 διάτ.
3006 509 3058 567 ι’,
3087 498 3210 576 ἧςή
3242 500 3406 571 ἁρχὴ,
3431 497 3490 554 Si
3523 499 3663 569 quis.
3703 499 3840 551 Ἐάν

589 607 727 675 quis,
746 605 846 670 Qui
872 605 949 660 vel
969 605 1402 672 impressionem,
1420 603 1498 658 vel
1517 617 1899 670 quamcunque
1919 601 2170 668 injuriant

597 697 850 750 Ecclesia:
868 695 987 750 loco
1020 695 1219 749 inferre
1245 705 1470 748 conatus
1501 693 1684 757 fuerit,
1717 693 1935 762 capitali
1962 693 2174 760 suppli-

597 789 683 840 cio
711 788 957 856 punitur.

665 876 784 934 Lib.
812 895 849 941 I,
889 879 972 932 tit.
999 881 1052 940 3.
1078 880 1297 933 constit.
1338 878 1421 941 13,
1464 877 1618 946 cujus
1656 877 1889 940 initium,
1920 875 1980 950 Si
2007 877 2174 929 eccle-

595 970 710 1022 sia.
741 969 842 1035 Qui
876 969 1230 1024 ecclesiarum
1259 969 1543 1038 privilegia
1593 968 1775 1032 violat,
1831 967 2069 1038 quinque
2107 967 2172 1020 li-

597 1061 812 1114 brarum
837 1060 955 1114 auri
997 1061 1216 1114 inultam
1257 1070 1495 1130 praestat.

668 1231 786 1285 Lib.
826 1248 865 1296 ι,
901 1232 983 1284 tit.
1021 1231 1075 1294 5,
1108 1233 1330 1284 constit.
1366 1230 1460 1295 20,
1491 1232 1643 1301 cujus
1668 1230 1904 1294 initium,
1951 1228 2008 1284 Si
2033 1231 2172 1298 quis.

603 1321 703 1374 libi
737 1321 989 1388 clericus,
1018 1322 1098 1374 vel
1129 1321 1447 1383 monachus,
1479 1321 1562 1374 vel
1590 1322 1920 1385 diaconissa,
1964 1322 2045 1374 vel
2087 1335 2176 1374 so-

597 1412 815 1475 litaria.
878 1414 1025 1468 tntilo
1064 1413 1281 1467 condito
1331 1422 1656 1467 testamento
1701 1413 2019 1477 decesserit,
2078 1425 2178 1465 nec

595 1505 714 1571 ejus
747 1505 1117 1560 liarreilitatein
1144 1507 1336 1560 adierit
1359 1507 1615 1572 ecclesia,
1643 1508 1726 1559 vel
1756 1505 2168 1570 monasterium,

598 1605 882 1665 propterea
916 1597 1057 1666 quod
1087 1608 1228 1651 esset
1268 1597 1626 1666 ascriptitius,
1677 1608 1770 1650 aut
1804 1595 2052 1660 libertus,
2085 1605 2180 1650 ant

598 1688 824 1742 curialis
867 1707 880 1744 :
923 1691 966 1742 si
1019 1705 1152 1758 quas
1218 1691 1380 1744 liabet
1432 1689 1691 1742 adversus
1745 1705 1868 1743 eum
1934 1689 2175 1742 actiones

599 1780 852 1845 ecclesia,
885 1780 967 1836 vel
994 1783 1398 1848 monasterium,
1431 1783 1694 1838 adversus
1737 1781 1980 1836 luereucs
2012 1796 2174 1850 expc.

603 1875 790 1926 rietur.

675 1964 849 2031 Lib.t,
884 1966 968 2019 tit.
996 1966 1048 2029 5,
1075 1967 1300 2020 constit.
1331 1965 1423 2029 ‘22,
1460 1965 1616 2033 cujus
1662 1965 1901 2028 initium,
1959 1962 2016 2018 Si
2048 1980 2174 2033 qua.

601 2054 893 2126 Privilegia
930 2072 1024 2125 per
1058 2058 1312 2126 antiquas
1337 2055 1759 2112 constitutiones
1783 2055 2030 2110 ecclesiis
2055 2071 2182 2108 con-

601 2162 777 2208 cessa,
810 2155 926 2200 rata
959 2148 1087 2202 sint.

673 2237 792 2292 Lib.
832 2254 870 2302 ι,
906 2240 988 2294 tit.
1022 2241 1076 2302 3,
1103 2241 1327 2294 constit.
1354 2239 1447 2302 26,
1482 2239 1632 2305 cujus
1670 2239 1904 2297 initium.
1936 2238 2182 2292 Decerni-

603 2345 742 2381 mus.
787 2327 898 2383 Nec
930 2330 1202 2397 publiCum
1237 2331 1453 2400 aliquod
1485 2329 1793 2393 aedilicium,
1826 2344 1924 2384 nec
1949 2329 2089 2398 quod
2114 2330 2181 2384 ad

601 2419 1054 2472 oblectamentum
1090 2419 1326 2485 civitatis
1356 2419 1690 2473 destinatum
1715 2419 1806 2480 sit,
1839 2433 1869 2472 ι
1901 2419 2183 2472 monachis

605 2518 699 2563 ant
728 2511 942 2565 clericis
975 2513 1283 2579 sttrripilor,
1318 2523 1374 2565 ut
1399 2511 1472 2566 sit
1497 2513 1745 2566 ecclesia.

683 2600 798 2656 Lib.
839 2620 878 2660 ι.
912 2603 998 2657 tit.
1032 2604 1084 2664 5.
1127 2605 1344 2658 c0nstit.
1385 2605 1474 2669 32,
1509 2604 1663 2671 cujus
1689 2604 1925 2668 initium,
1969 2603 2180 2660 Omnes.

606 2693 796 2751 Omnia
829 2697 1130 2768 privilegia,
1183 2714 1302 2767 qua:
1351 2713 1446 2764 per
1475 2699 1725 2766 antiquas
1771 2698 2185 2754 constitutiones

603 2787 850 2843 ecclesiis
877 2805 1133 2844 concessa
1166 2801 1308 2853 sunt,
1340 2801 1455 2846 rata
1489 2798 1668 2846 sunto.

677 2967 795 3022 Lib.
831 2985 870 3031 ι,
909 2969 992 3022 ιίι.
1019 2969 1072 3032 3,
1113 2969 1330 3024 constit.
1361 2970 1452 3030 34,
1481 2969 1636 3038 cujus
1673 2969 1911 3033 initium,
1964 2968 2182 3025 Omnia.

605 3059 896 3129 Privilegia
927 3062 1164 3128 praestita
1187 3062 1455 3120 ecclesiis.
1489 3071 1580 3114 snt
1609 3061 1941 3126 hominibus,
1977 3072 2068 3116 aut
2095 3078 2184 3117 rc-

608 3152 712 3206 bus
741 3152 1112 3218 ecclesiarum,
1144 3153 1294 3207 llrma
1325 3163 1505 3208 sunto.

680 3330 799 3384 Lib.
835 3348 872 3395 ι,
910 3332 992 3385 tit.
1018 3335 1072 3396 ’5,
1097 3335 1314 3389 constit.
1339 3336 1428 3400 Η,
1451 3336 1602 3405 cujus
1630 3334 1858 3401 initium,
1885 3337 1994 3390 τῶν
2018 3339 2183 3406 ιερῶν

611 3423 876 3477 κανόνων.
935 3423 1248 3494 Presbyter,
1288 3436 1381 3479 aut
1431 3426 1690 3480 diaconus
1731 3427 1864 3496 (82),
1904 3428 1957 3482 in
1997 3430 2186 3482 matri-

613 3515 796 3568 monio
819 3518 1020 3568 versari
1050 3531 1154 3568 non
1182 3527 1427 3584 possunt.
1463 3517 1825 3583 Quamobrem
1865 3519 1909 3574 si
1940 3519 2061 3587 quis
2087 3519 2189 3573 hoc.

613 3603 829 3666 fecerit,
874 3612 926 3656 et
957 3605 1111 3657 uxori
1147 3621 1258 3658 suae
1300 3621 1383 3659 res
1418 3607 1628 3675 aliquas
1658 3606 1892 3671 dederit,
1931 3609 2012 3661 vel
2050 3608 2189 3662 inter

615 3695 766 3748 vivos
825 3695 1131 3759 donatione,
1181 3700 1262 3751 vel
1315 3699 1367 3751 in
1424 3708 1764 3765 testamento,
1811 3699 2062 3762 ecclesia,
2103 3701 2189 3755 cui

617 3787 824 3850 subest,
868 3802 959 3842 eas
1007 3788 1147 3856 ipsas
1187 3788 1286 3842 sibi
1321 3789 1578 3844 vindicat.

691 3878 809 3932 Lib.
835 3895 872 3941 ι,
905 3881 986 3932 tit.
1023 3880 1075 3942 '5,
1102 3880 1320 3936 constit.
1343 3881 1430 3944 53,
1456 3880 1608 3945 cujus
1646 3881 1878 3941 initium.
1911 3881 2187 3949 Raptores.

618 3967 727 4019 Res
754 3965 888 4034 ejus,
921 3969 1010 4037 qui
1062 3968 1455 4030 diaconissam,
1506 3977 1598 4022 aut
1649 3969 1908 4036 virginem
1974 3972 2190 4036 rapuit;

615 4059 882 4122 ecclesia,
938 4060 1024 4114 cui
1077 4060 1296 4126 subest,
1368 4061 1524 4130 pleno
1597 4061 1837 4116 dominio
1904 4063 2190 4132 consequi.

622 4161 726 4200 ιιιν.

694 4240 812 4295 Lib.
856 4257 893 4303 ι,
929 4243 1012 4295 tit.
1051 4244 1103 4304 ι,
1146 4245 1368 4297 constit.
1401 4244 1453 4308 3,
1511 4245 1664 4313 cujus
1721 4246 1951 4312 initium,
2003 4249 2190 4303 Nemo.

622 4329 850 4385 Disserit
891 4334 1002 4385 haec
1028 4333 1360 4398 constitutio,
1391 4344 1444 4388 et
1473 4342 1716 4402 exponit,
1749 4338 1999 4405 qualibus
2027 4355 2054 4392 a
2091 4341 2193 4391 cri-

623 4421 865 4476 minibus
925 4421 1123 4477 l'estum
1195 4425 1403 4478 dierum
1468 4424 1810 4481 Pascbalinm
1873 4430 1983 4497 (83)
2053 4431 2190 4485 libe-

622 4522 727 4564 t‘et.

699 4603 815 4658 Lib.
844 4621 880 4667 ι,
917 4605 998 4659 tit.
1031 4607 1082 4671 5,
1117 4608 1336 4660 canstit.
1365 4607 1415 4669 l,
1444 4607 1596 4676 cujus
1629 4608 1856 4672 initium,
1890 4609 2190 4680 Privilegia.

627 4695 877 4751 ll.eretici
971 4698 1212 4752 ecrlesiis
1295 4698 1498 4752 indulta
1567 4699 1844 4770 privilegia
1913 4701 2014 4754 sibi
2085 4717 2190 4755 non

2272 618 2380 665 τις.
2426 601 2484 652 '0
2516 599 2703 664 ἔφοδον
2735 598 3054 666 οἱανδήποτε
3100 594 3432 664 παρίσταται
3480 592 3837 661 ιπιχιιρήσας

2273 693 2495 757 ποιῆσαι
2525 692 2603 760 τῷ
2647 693 2744 760 τῆς
2779 689 3104 756 Ἐκκλησίας
3141 687 3289 754 τόπῳ
3322 683 3638 752 κιφαλικῶς
3670 700 3840 750 τιμωο

2275 784 2474 850 psi-rat.

2345 871 2464 926 8:6.
2494 879 2563 933 α’,
2599 871 2703 924 sit.
2732 876 2798 936 γ’,
2836 869 2978 921 διάτ.
3025 864 3113 932 ιγ’,
3149 862 3266 938 ἦςὴ
3302 867 3466 935 ἁρχὴ,
3501 863 3562 919 Si
3592 862 3839 917 ecclesia.

2286 965 2431 1018 Ἐὰν
2457 966 2494 1030 ἠ
2543 963 2889 1027 Ἐκκλησία.
2933 961 2992 1014 Ὀ
3041 961 3108 1012 τὰ
3143 960 3252 1012 τῶν
3294 957 3635 1027 Ἐκκλησιῶν
3669 973 3844 1025 παρα-

2275 1057 2516 1124 φθιίρων
2555 1054 2841 1125 προνόμια,
2875 1053 3167 1120 privilegia,
3204 1053 3366 1105 πέντε
3397 1051 3586 1121 λίτρας
3619 1049 3844 1118 χρυσίου

2275 1151 2632 1218 προτιμᾶται.

2346 1241 2465 1293 Bt6.
2497 1239 2567 1300 α’,
2596 1241 2700 1294 τιτ.
2726 1238 2797 1306 γ’,
2831 1238 2968 1291 διάτ.
3001 1243 3071 1300 κ’,
3097 1232 3212 1307 ἦςή
3236 1235 3402 1304 ἀρχὴ,
3431 1233 3492 1287 Si
3517 1233 3655 1293 quis.
3674 1231 3846 1283 ’Λειτ-

2277 1331 2431 1384 θέτου
2463 1331 2894 1400 τελευτήσαντος
2929 1327 3024 1380 τοῦ
3055 1325 3343 1397 κληρικοῦ,
3388 1325 3420 1392 ἢ
3455 1323 3548 1376 τοῦ
3584 1322 3841 1391 μοναχοῦ,

2277 1423 2712 1491 ἢδιακονίσσης,
2754 1424 2786 1489 ἢ
2839 1419 3194 1489 μοναστρίας.
3241 1418 3334 1469 καὶ
3376 1417 3450 1484 μὴ
3502 1414 3846 1483 κληρονομη-

2277 1513 2460 1572 οέντος
2493 1513 2597 1565 ὐπὸ
2629 1514 2723 1580 τῆς
2755 1510 3086 1579 Ἐκκλησίας
3128 1507 3159 1576 ἢ
3205 1507 3300 1559 τοῦ
3334 1505 3723 1574 μοναστηρίου,
3764 1503 3848 1554 διὰ

2276 1603 2336 1654 τὸ
2363 1598 2504 1654 ιῐναι
2546 1602 2710 1654 αὑτὸν
2749 1601 3135 1668 ὲναπόγραφον
3161 1599 3194 1666 ἢ
3227 1595 3620 1662 ἀπελεύθερον,
3661 1595 3692 1662 ἢ
3729 1594 3850 1662 βου-

2278 1692 2504 1760 λευτήν·
2535 1691 2588 1744 εἴ
2609 1708 2757 1752 τινας
2785 1691 2898 1758 ἔχει
2929 1690 3048 1742 κατ’
3080 1687 3244 1741 αὑτοῦ
3277 1686 3525 1753 ἀγωγὰς.
3558 1687 3591 1754 ἡ
3619 1685 3850 1754 Ἐκκλησ

2281 1785 2392 1847 σία,
2439 1784 2472 1852 ἢ
2523 1783 2884 1854 μοναθτήριον
2914 1781 3132 1850 κινήσει
3164 1780 3307 1831 κατὰ
3339 1779 3448 1830 τῶν
3493 1778 3688 1830 τούτου
3719 1779 3851 1844 11n-

2284 1875 2404 1944 ρονό
2409 1895 2546 1944 μων.

2354 1966 2471 2018 Βι6.
2510 1972 2582 2029 α’,
2635 1965 2740 2018 sit.
2786 1962 2856 2031 γ’,
2905 1964 3042 2016 διατ.
3078 1963 3184 2031 ιβ’,
3235 1961 3302 2035 ἧς
3334 1965 3368 2032 ἡ
3402 1963 3568 2032 ἁρχὴ.
3601 1963 3674 2016 ει
3701 1978 3853 2024 τινα,

2283 2057 2340 2112 Si
2370 2075 2493 2126 qua.
2532 2057 2808 2127 Προνόμια
2855 2058 2924 2110 τὰ
2957 2059 3076 2118 ταῖς
3110 2055 3466 2123 Ἐκκλησίαις
3499 2057 3563 2107 ἑκ
3608 2053 3854 2106 παλαιῶν

2280 2146 2572 2211 διατάξεων
2605 2147 3075 2214 πεφιλοτιμημένι
3103 2144 3398 2213 κρατείτω.

2319 2239 2471 2291 νΒιό.
2519 2235 2588 2301 α’,
2621 2237 2728 2292 τίτ.
2769 2235 2837 2304 γ’,
2873 2237 3021 2291 διατ.
3053 2235 3167 2300 κς’,
3214 2231 3283 2304 ἧς
3328 2237 3360 2305 ἡ
3394 2236 3559 2304 ἀργὴ,
3609 2234 3856 2287 Decerni-

2285 2346 2422 2382 mtts.
2471 2330 2608 2381 Ὑπὸ
2664 2327 2919 2396 μοναχῶν
2974 2329 3005 2396 ἢ
3065 2326 3342 2396 κληρικῶν
3399 2328 3537 2395 μήτε
3599 2327 3858 2394 δημόσιον

2284 2421 2652 2488 οἱκονόμημα,
2685 2421 2821 2488 μήτε
2854 2419 2986 2489 πρὸς
3011 2420 3202 2488 τέρψιν
3229 2418 3439 2480 πόλεως
3473 2418 3860 2488 ἀφωρισμένον

2286 2513 2365 2573 εἰς
2401 2513 2730 2582 Ἐκκλησίαν
2761 2512 3201 2580 ὑφαρπαζέσοω.

2359 2605 2478 2659 Βισ.
2529 2611 2598 2668 α’,
2649 2605 2758 2658 τίτ.
2794 2604 2866 2671 γ’,
2924 2605 3068 2658 διὰτ.
3123 2605 3224 2673 λβ’,
3260 2601 3326 2677 ἧς
3365 2605 3398 2674 ἡ
3435 2603 3599 2672 ἀρχὴ.
3647 2602 3858 2656 Omnes.

2292 2697 2476 2749 Πάντα
2527 2698 2594 2747 τὰ
2645 2694 2985 2764 πριδιλέγια,
3025 2693 3185 2748 ἅτινα
3235 2697 3355 2755 ταῖς
3391 2691 3747 2760 Ἐκκλησίαις
3800 2693 3859 2742 ὲκ

2291 2788 2540 2842 παλαιῶν
2585 2786 2882 2853 διατάξεων
2936 2784 3434 2854 πιφιλοτίμηνται,
3490 2782 3667 2834 ταῦτα
3728 2797 3854 2849 xpu-

2289 2882 2469 2934 τείτω.

2365 2972 2480 3026 Βισ.
2520 2972 2590 3036 α’,
2621 2972 2727 3024 sit.
2769 2978 2838 3039 γ’,
2861 2971 3002 3024 διάτ.
3033 2969 3124 3031 λδ’,
3157 2964 3224 3039 ἧς
3254 2970 3288 3036 ἡ
3327 2967 3494 3035 ἁρχὴ,
3527 2964 3746 3018 Omnia.
3782 2961 3859 3014 Τὰ

2293 3065 2710 3135 παρασχεθέντα
2747 3064 3064 3133 πριόιλέγια
3105 3065 3227 3124 ταῖς
3277 3060 3624 3126 ἐκκλησίαις,
3671 3057 3704 3126 ἢ
3755 3057 3861 3116 τοῖς

2212 3172 2254 3230 c
2287 3157 2621 3227 ἀνθρώποις,
2665 3155 2699 3225 ἢ
2758 3158 3063 3225 πράγματα
3109 3153 3219 3206 τῶν
3282 3149 3618 3220 ἐκκλησιῶν,
3670 3147 3862 3217 βέϐαια

2290 3249 2550 3303 ἔστωσαν.

2364 3341 2483 3394 Βιὸ.
2519 3349 2588 3407 α’,
2626 3342 2731 3396 τίτ.
2761 3341 2830 3409 γ’,
2856 3339 2996 3392 διάτ.
3033 3336 3137 3406 po",
3170 3331 3236 3406 ἧς
3271 3336 3302 3402 ἡ
3339 3335 3504 3402 ἀρχὴ.
3547 3329 3668 3383 Τῶν
3701 3327 3864 3396 ιερῶν

2295 3435 2590 3486 κανόνων.
2634 3431 2696 3486 Ὀ
2727 3430 3104 3499 πρεσϐύτερος
3135 3428 3168 3495 ἢ
3201 3429 3229 3477 ὁ
3260 3424 3509 3482 διάκονος
3549 3422 3610 3472 οὑ
3646 3421 3864 3472 δύναται

2297 3525 2496 3593 γάμοις
2549 3521 2930 3589 προσομιλεῖν.
2989 3516 3172 3579 Ὅθεν,
3226 3516 3321 3566 ἐὰν
3383 3531 3465 3574 τις
3522 3510 3766 3563 τοιοῦτόν
3815 3525 3864 3560 τι

2297 3614 2520 3681 ποιήσῃ,
2566 3610 2659 3663 καὶ
2691 3599 2949 3679 παράσχῃ
2983 3611 3048 3676 τῇ
3085 3605 3280 3658 ἑαυτοῦ
3308 3607 3522 3673 γαμετῇ
3554 3620 3676 3654 τινα
3699 3601 3868 3670 πρᾶτ’

2301 3721 2446 3774 ματα
2487 3702 2834 3770 ἐντερόιϐως,
2894 3702 2925 3770 ἢ
2979 3704 3035 3752 ὲν
3087 3697 3340 3767 διαθήκῃ,
3399 3699 3431 3765 ἡ
3478 3693 3742 3762 ἐκκλησία
3781 3692 3867 3760 ὑφ’

2298 3792 2364 3861 ἢν
2391 3793 2555 3850 τελεῖ.
2587 3793 2763 3844 ταῦτα
2799 3791 3081 3844 διεκδικεῖ.

2372 3885 2487 3937 Β.6.
2531 3884 2599 3947 α’,
2631 3889 2734 3938 sit.
2769 3891 2836 3951 γ’,
2869 3884 3007 3939 διάτ.
3059 3889 3158 3950 ιγ’,
3190 3876 3256 3951 ἧς
3287 3883 3318 3948 ἡ
3363 3878 3526 3947 ἀρχὴ,
3563 3878 3870 3945 Ἂρπαγες.

2304 3977 2581 4043 Raptores.
2609 3977 2690 4028 Τὰ
2713 3976 2806 4027 τοῦ
2839 3976 3185 4042 ἁρπάσαντος
3219 3971 3571 4025 διακόνισσαν
3603 3973 3636 4040 ἦ
3674 3968 3870 4037 παρθέ-

2300 4081 2390 4115 νον
2428 4067 2731 4132 πράγματα
2777 4066 2810 4134 ὴ
2865 4065 3132 4134 ἐκκλησία
3167 4065 3259 4132 ὑφ’
3291 4064 3358 4134 ἢν
3389 4062 3556 4125 τελεῖ,
3609 4061 3751 4113 κατὰ
3785 4077 3872 4112 ss-

2302 4156 2449 4209 λείαν
2473 4157 2794 4210 δεσποτείαν
2825 4156 3112 4225 λαμϐάνει.

2375 4250 2493 4302 Βιὸ.
2523 4249 2593 4311 α’,
2620 4250 2725 4303 sit.
2779 4247 2848 4316 γ’,
2878 4250 3017 4302 διάτ.
3057 4256 3130 4316 γ’,
3177 4245 3244 4320 ἦς
3281 4250 3316 4317 ἠ
3361 4246 3528 4315 ἁρχὴ,
3585 4244 3772 4298 Nemo.
3811 4243 3873 4294 Ἡ

2303 4340 2546 4404 διάταξις
2581 4340 2938 4409 διαλαμϐάνει
2964 4342 3058 4394 καὶ
3091 4341 3262 4408 λέγει,
3311 4340 3481 4391 ποίων
3515 4337 3873 4407 ἐγκλημάτων

2301 4431 2635 4501 ὲλευϐεροίὴ
2680 4434 2840 4504 ἑορτὴ
2875 4433 2979 4486 τῶν
3014 4432 3331 4501 πασχαλίων
3366 4431 3612 4498 ἡμερῶν.

2379 4609 2500 4663 Βιϐ.
2539 4618 2608 4674 α’,
2654 4612 2760 4666 τίτ.
2807 4618 2866 4672 ι’,
2900 4609 3043 4664 διὰτ.
3075 4613 3146 4672 α’,
3186 4605 3252 4680 ἧς
3299 4610 3332 4678 ἡ
3364 4609 3528 4678 ἁρχὴ,
3560 4608 3870 4676 Προνόμια,

2309 4701 2618 4772 Prlvilegia.
2664 4702 2726 4754 Oi
2772 4701 3040 4769 αἱρετικοὶ
3067 4699 3142 4770 μὴ
3172 4699 3566 4751 ὲκδικεὶτωσαν
3597 4698 3665 4749 τὰ
3696 4713 3873 4766 παρα-

1815 4845 2152 4906 Annibalis
2177 4846 2432 4907 Fabroti
2471 4857 2654 4906 noue.

700 4964 810 5085 (ξι)
875 4963 1190 5019 Constitutio
1238 4982 1292 5020 ι.
1340 4965 1472 5021 Vide
1533 4965 1751 5021 Saresb.
1810 4967 1928 5022 Pol.
1967 4969 2063 5021 lib.
2135 4987 2186 5033 ν,

629 5051 681 5088 C.
719 5051 769 5085 ἴ).

704 5103 816 5171 (82)
852 5103 1124 5175 Presbyter
1145 5117 1236 5159 aut
1260 5109 1536 5161 diaconus.
1568 5106 1905 5175 Presbyteri,
1950 5107 2193 5168 diaconi,

634 5183 689 5226 et
713 5174 1035 5227 snbdiaconi
1100 5179 1508 5231 matrimonium
1558 5174 1890 5230 contrahere
1926 5193 2031 5228 non
2072 5194 2198 5244 pos-

636 5253 784 5302 sunt,
819 5245 1054 5309 alioq'iin
1119 5247 1186 5296 ab
1218 5246 1396 5299 ollicio
1427 5257 1792 5304 removentur,
1830 5261 1948 5313 cap.
1983 5247 2003 5298 l
2062 5256 2113 5299 et
2141 5247 2195 5308 2,

638 5324 776 5365 exrr.
811 5313 1045 5380 qnicler.
1089 5317 1166 5366 vel
1201 5326 1456 5369 voventes.
1488 5315 1696 5369 Concil.
1747 5315 2095 5368 Aureliancn.
2134 5331 2194 5380 ll,

639 5400 688 5432 «τ.
726 5383 778 5440 8.
819 5391 1035 5449 propter
1079 5395 1261 5438 votum
1317 5387 1706 5439 continentia}:
1749 5386 1878 5451 quia
1941 5395 2048 5436 tam
2081 5386 2198 5438 dia-

643 5452 766 5504 coni
800 5469 957 5516 qnain
987 5453 1303 5508 subdiaconi
1337 5471 1462 5508 cum
1499 5455 1727 5521 primum
1761 5455 1824 5505 ad
1861 5455 2065 5507 clerum
2102 5455 2192 5508 ad-

645 5522 977 5582 sciscuntur,
1009 5537 1230 5577 carnem
1262 5540 1414 5578 suain
1449 5524 1502 5575 in
1561 5532 1824 5576 aeternum
1878 5524 2191 5591 obsignant.

649 5591 714 5660 Et
746 5605 810 5642 ex
841 5591 1119 5657 juniornm
1152 5595 1466 5660 pontificum
1527 5592 2024 5647 Constitutionibus
2067 5607 2200 5647 con-

645 5659 869 5728 jugatus
901 5676 1008 5714 non
1047 5659 1346 5715 assoniitnr
1377 5663 1440 5714 ad
1503 5662 1888 5722 sacerdotium,
1937 5663 2201 5716 diacona-

654 5739 913 5800 tumtaut
943 5730 1420 5792 subdiaconatuin,
1454 5733 1559 5785 nisi
1596 5732 1882 5785 conversio
1934 5733 2206 5800 promissa

652 5799 746 5865 sit,
786 5799 846 5855 C.
890 5801 1089 5856 assumi
1109 5811 1157 5855 et
1187 5819 1290 5860 sm.
1333 5802 1578 5872 distinct.
1611 5801 1695 5864 l8,
1730 5815 1780 5857 ι.
1808 5802 1903 5857 ult.
1935 5799 2065 5860 dist.
2101 5803 2166 5856 3|
2189 5840 2202 5858 .

2312 4973 2373 5025 D.
2403 4971 2719 5041 Ilieronym.
2757 4975 2809 5026 in
2841 4975 3004 5040 epist.
3041 4973 3129 5037 50,
3161 4971 3225 5024 ad
3264 4969 3676 5041 Pammacbinm
3705 4985 3720 5023 :
3754 4966 3876 5032 Epi-

2303 5046 2465 5111 scopi.
2506 5039 2825 5110 presbyteri,
2878 5039 3092 5096 diaconi
3163 5051 3254 5092 ant
3306 5040 3531 5106 virgines
3579 5039 3870 5105 eliguntur,

2304 5127 2392 5162 aut
2427 5115 2590 5168 vidui.
2621 5121 2713 5164 aut
2740 5123 2876 5165 certe
2939 5121 3054 5178 post
3119 5111 3475 5163 sacerdotium
3519 5111 3571 5159 in
3624 5118 3878 5160 a'ternum

2303 5184 2500 5246 pudici.
2535 5183 2670 5235 Vide
2706 5181 2767 5236 P.
2801 5183 3119 5234 Damianum
3147 5182 3308 5246 epist.
3343 5179 3376 5230 5
3411 5177 3506 5230 lib.
3546 5189 3694 5238 ιν,ρι
3722 5179 3876 5242 epist.

2304 5251 2393 5308 15,
2434 5253 2528 5304 lib.
2571 5269 2623 5304 v.
2661 5254 2718 5306 In
2756 5252 3059 5305 minoribus
3101 5258 3281 5300 autem
3347 5247 3637 5300 ordinibus
3681 5246 3879 5300 consti-

2310 5323 2467 5380 tutis,
2501 5333 2629 5386 puta
2677 5322 3000 5382 lectoribus,
3062 5319 3407 5376 cantoribus,
3458 5317 3730 5374 ostiariis.
3789 5331 3877 5366 es-

2308 5391 2594 5444 orcistisct
2619 5390 2911 5460 acolytbis,
2938 5391 3064 5442 licet
3093 5387 3503 5460 matrimonian
3530 5387 3878 5460 contrahere,

2309 5473 2432 5511 can.
2459 5461 2530 5513 '25
2591 5453 2863 5524 Aposiol.;
2899 5474 3024 5512 can.
3057 5460 3089 5510 ti
3120 5458 3312 5525 synodi
3345 5458 3397 5509 in
3427 5453 3626 5508 Trullo
3663 5463 3879 5515 coacta,

2309 5526 2444 5581 Nov.
2482 5545 2533 5590 ν,
2568 5543 2688 5596 cap.
2723 5530 2827 5581 8et
2862 5545 2995 5592 xxii,
3025 5527 3281 5596 cnpaﬂ.

2384 5589 3111 5669 (8A3)DierimiPostumium:
3153 5595 3260 5650 Leo
3301 5595 3570 5669 Μαίνῃ,
3607 5607 3798 5669 _s_errn_.
3825 5589 3881 5653 ξ’,

2306 5669 2372 5723 de
2403 5662 2855 5734 Qu'adragesima.
2892 5665 3028 5724 Vide
3092 5667 3338 5736 Append.
3404 5664 3543 5718 Cod.
3607 5662 3878 5718 ‘l‘beodos.

2307 5754 2360 5809 p.
2392 5738 2455 5792 l'l
2490 5747 2540 5794 et
2567 5753 2684 5807 seq.
