4104 6480
233 413 366 477 1117

1279 430 1616 496 CONSTIT.
1650 434 1952 495 ECCLES.
1979 438 2407 505 COLLECTIO.

3332 421 3463 487 1H8

233 527 488 600 σχεθέντα
528 531 650 592 ταῖς
687 531 1002 603 ἐκκλησίαις
1067 537 1356 607 προνόμια.
1425 541 1625 604 Μόνοις
1689 543 1797 613 γὰρ

1904 549 2200 602 vindicent.
2266 546 2400 602 Nam
2459 547 2592 602 solis
2649 542 2962 601 orthodoxis
3021 554 3082 592 ea
3157 535 3467 590 concedun-

228 620 401 674 ταῦτα
426 625 537 684 τοίς
567 621 868 691 ὀρθοδόξοις
901 627 1275 696 ἐπιτρέπεται.

298 710 420 764 Bt6.
463 708 530 774 a',
583 711 760 773 τίτλος
812 711 873 775 ε’,
927 715 1168 781 διάταξις
1200 726 1270 788 η’,
1300 717 1365 792 ἧς
1401 724 1431 788 ἡ
1468 724 1633 794 ἀρχὴ,
1677 726 1801 791 Qui-

231 815 450 871 cunque.
499 804 578 857 Τὰ
623 804 735 858 τῶν
769 806 1222 876 Εὑτυγιανιστῶν,
1253 815 1371 882 ἦτοι
1417 816 1800 886 Ἀπολλιναρι-

235 891 378 945 στῶν
423 895 764 965 μοναστήρια
800 900 863 967 τῇ
915 900 1011 967 τῆς
1073 902 1284 972 ἑνορίας
1332 906 1596 977 ἐκκλησίᾳ
1629 924 1799 965 ποοσ-

230 984 671 1053 κυρωθήσονται.

296 1076 417 1130 Βιϐ.
449 1075 517 1140 α’,
549 1080 652 1132 τίτ.
685 1087 748 1137 ε’.
777 1081 913 1135 διάτ.
951 1083 1004 1148 ι’,
1045 1078 1110 1155 ἦς
1144 1086 1368 1158 ἡάρχὴ,
1417 1087 1478 1142 Si
1504 1091 1642 1158 quis.
1679 1093 1798 1160 Μη-

228 1165 338 1229 δεὶς
383 1168 493 1219 τῶν
526 1169 824 1238 ὀρθοδόξων
864 1173 1071 1242 κτῆμα,
1110 1179 1167 1228 ἐν
1209 1171 1252 1244 ᾧ
1300 1181 1453 1231 ἐστιν
1494 1180 1796 1247 ὀρθοδόξων

228 1255 518 1324 ἐκκλησία,
578 1259 610 1328 ἢ
667 1261 978 1332 εὐκτήριον,
1027 1267 1084 1316 ἐν
1125 1266 1360 1337 διαθήκῃ
1392 1268 1422 1336 ἦ
1456 1269 1653 1339 δωρεᾷ,
1681 1271 1712 1340 ἢ
1742 1273 1798 1322 ἐν

224 1346 518 1418 τελευταίᾳ
551 1348 802 1420 βουλήσει
829 1353 860 1422 ἢ
891 1353 1034 1425 άλλῳ
1065 1358 1252 1426 τρόπῳ
1290 1358 1603 1422 ἐκποιείτω,
1641 1361 1673 1430 ἢ
1716 1361 1798 1413 δι-

223 1435 362 1491 δότω
387 1440 678 1510 αίρετικῷ.

294 1529 416 1582 Βιό,
471 1530 540 1595 α’,
579 1533 683 1587 τίτ.
718 1534 783 1599 θ’,
824 1537 968 1592 διάτ.
1018 1539 1105 1606 ιβ’,
1135 1536 1204 1611 ἧς
1239 1545 1270 1612 ὴ
1320 1544 1484 1614 ἀρχὴ,
1521 1545 1800 1600 σωίὶεοία-

224 1634 364 1670 rum.
397 1621 458 1674 0i
487 1623 644 1676 τόποι
680 1627 727 1676 οί
770 1629 850 1688 είς
873 1629 972 1690 τὰς
1001 1631 1252 1693 συνόδους
1282 1634 1662 1704 ἁφωρισμένοι
1692 1637 1802 1690 τῶν

227 1710 499 1764 σεϐόντων
539 1714 630 1765 τὸν
669 1715 898 1786 οὐρανὸν
937 1719 1054 1781 ταῖς
1097 1721 1420 1791 ἐκκλησίαις
1449 1726 1800 1795 προσχωρού-

227 1802 466 1857 σθωσαν.

1905 648 2012 694 ll".

1973 730 2089 784 Lib.
2119 746 2154 793 ι,
2189 731 2269 785 tit.
2299 731 2354 795 5,
2381 730 2599 784 constit.
2625 728 2678 790 8,
2701 725 2857 792 cujus
2886 723 3120 784 initium,
3147 720 3476 786 Quicunque.

1903 820 2430 891 Eutycbianistarum
2454 808 2567 874 sive
2590 817 3094 885 Apollinaristat'unt
3149 811 3477 865 monasteria

1901 911 2146 964 ecclesia:
2183 909 2458 964 territorio
2490 909 2834 962 addicentur.

1975 1087 2094 1140 Lib.
2130 1104 2166 1151 I,
2199 1087 2282 1141 tit.
2319 1089 2372 1149 5,
2435 1095 2613 1140 const.
2653 1085 2737 1147 10,
2781 1083 2935 1150 cujus
2976 1082 3188 1135 initium
3240 1082 3298 1134 St
3337 1082 3476 1147 quis.

1902 1177 2068 1232 Nemo
2103 1180 2362 1248 prtedium
2411 1179 2836 1231 ortltodoxorum
2873 1176 2924 1228 in
2957 1191 3067 1242 quo
3101 1183 3184 1226 est
3215 1173 3475 1226 orthodo-

1901 1282 2094 1320 xorum
2125 1269 2374 1327 ecclesia.
2422 1269 2502 1322 vel
2549 1267 2869 1327 oratorium,
2906 1266 2957 1316 in
2990 1275 3332 1326 testamento,
3395 1265 3476 1317 vel

1903 1358 2208 1416 donatione,
2237 1358 2315 1410 vel
2354 1360 2402 1408 in
2435 1372 2682 1423 suprema
2731 1355 3025 1415 voluntate,
3062 1352 3142 1404 vel
3183 1352 3288 1405 alio
3323 1351 3481 1403 modo

1905 1449 2118 1512 aliencl,
2155 1458 2244 1500 aut
2279 1449 2359 1501 det
2395 1449 2646 1501 ltmretit-o
2685 1445 2816 1511 (ει).

1975 1538 2096 1592 Lib.
2127 1554 2163 1599 t,
2199 1540 2280 1591 tit.
2314 1537 2368 1599 9,
2409 1538 2628 1591 constit.
2666 1538 2752 1596 1‘2,
2792 1535 2943 1602 cujus
2981 1534 3216 1594 initium,
3258 1531 3484 1584 Cadit-o-

1906 1634 2098 1684 larunt.
2126 1630 2263 1682 Loca
2291 1629 2654 1682 ctrlicolarum
2689 1626 3042 1680 conventibus
3063 1625 3355 1691 assignata,
3390 1637 3482 1675 ec-

1904 1724 2083 1778 clesiis
2113 1723 2449 1776 addicuntur.

294 1893 416 1947 Βισ.
454 1901 522 1956 α’,
547 1896 652 1950 τίτ.
699 1897 762 1961 θ’,
805 1899 945 1955 διάτ.
983 1909 1075 1972 ιη’,
1107 1899 1175 1974 ἧς
1216 1907 1247 1976 ή
1296 1907 1462 1977 ἀρχὴ,
1520 1907 1633 1961 Hac
1664 1908 1790 1962 cati-

1972 1901 2089 1955 Lib.
2124 1918 2161 1964 ι,
2199 1903 2280 1955 tit.
2307 1903 2360 1967 9,
2390 1902 2607 1955 conslit.
2639 1902 2727 1963 18,
2764 1895 2914 1968 cujus
2937 1899 3174 1961 initium,
3213 1899 3326 1952 (Iac
3349 1901 3484 1954 vatio

223 1995 369 2040 tura.
413 1990 556 2042 Νέου
592 1994 1106 2049 κατασκευασθεῖσα
1140 2002 1432 2069 συναγωγὴ
1464 2000 1733 2054 Ἰουδαίων
1764 2004 1797 2074 ἢ

225 2079 587 2147 Σαμαρειτῶν
615 2087 679 2154 τῇ
717 2087 984 2158 ἐκκλησίᾳ
1031 2092 1488 2160 προσκυρούσθω.

297 2168 417 2220 Βιό.
447 2175 517 2233 α’,
550 2171 654 2224 τίτ.
688 2171 779 2234 ια’,
812 2173 953 2227 διάτ.
985 2181 1046 2240 ε’,
1079 2172 1148 2246 ἦς
1174 2179 1204 2246 ὴ
1233 2179 1396 2248 ἁρχὴ,
1427 2178 1618 2232 Omnia
1663 2180 1796 2234 loca.

222 2259 282 2312 Ol
312 2259 370 2310 ἐν
400 2258 728 2332 Καρθαγένῃ
757 2264 1024 2332 ίερατικοὶ
1048 2268 1231 2333 τόποι,
1260 2271 1307 2322 οι
1335 2270 1487 2338 παρὰ
1524 2270 1616 2323 τοῦ
1647 2272 1802 2338 βασι-

220 2350 360 2412 λέως
413 2355 534 2414 ταῖς
592 2354 916 2422 ἐκκλησίαις
969 2357 1343 2429 δωρηθέντες,
1417 2363 1800 2433 ἀναφαιρέτως

222 2441 538 2509 μενέτωσαν
565 2446 693 2515 παρ’
737 2447 951 2510 αὐταῖς.

294 2533 415 2588 Βισ.
453 2535 523 2600 α’,
565 2538 671 2590 τίτ.
720 2536 806 2607 ιβ’,
837 2540 978 2592 διάτ.
1024 2546 1085 2605 ε’,
1121 2536 1185 2612 ἧς
1217 2543 1249 2611 η
1284 2543 1446 2614 ἀρχὴ,
1511 2545 1802 2600 Denuntia-

224 2640 362 2678 mus.
387 2627 594 2696 Μηδεὶς
633 2631 691 2680 ἐν
739 2633 859 2691 ταῖς
895 2631 1233 2698 ἁγιωτάταις
1279 2635 1618 2704 ἐκκλησίαις,
1670 2638 1701 2707 ἢ
1740 2641 1797 2690 ἐν

220 2716 408 2780 ἄλλοις
441 2724 864 2790 προσκυνητοῐς,
893 2724 952 2776 ἐν
1000 2721 1081 2787 οἷς
1122 2727 1178 2779 αἱ
1207 2728 1364 2796 εὐχαὶ
1400 2730 1800 2797 ἐπιτελοῦνται,

219 2809 817 2882 ἐκδοήσεικεχρήσθω,
851 2815 882 2886 ἢ
919 2819 1111 2872 στάσιν
1158 2821 1403 2882 κινείτω.
1440 2824 1679 2895 ἐσχάτην
1713 2825 1800 2876 ἐν-

217 2902 412 2956 τεῦθεν
442 2904 799 2974 ὑφορώμενος
830 2909 1128 2976 τιμωρίαν.

294 2992 413 3046 Βισ.
443 2992 513 3056 α’,
539 2995 644 3050 τίτ.
678 3003 766 3063 ιγ’,
793 3000 932 3055 διάτ.
981 3001 1042 3066 δ’,
1074 2997 1196 3074 ἦςή
1230 3005 1393 3075 ἁρχὴ.
1445 3006 1797 3064 Jamdudum.

231 3082 292 3137 Ὀ
322 3087 379 3138 ἐν
404 3086 673 3156 ἐκκλησίᾳ
709 3087 1094 3159 ἐλευθερωθεὶς
1120 3095 1210 3147 ἐπὶ
1236 3095 1329 3147 τοῦ
1353 3096 1524 3166 δήμου
1558 3100 1650 3150 καὶ
1677 3100 1800 3151 ἐπι-

221 3173 430 3230 σκόπου
469 3177 690 3242 βεϐαίαν
722 3182 918 3234 κτᾶται
950 3182 1045 3253 τὴν
1081 3185 1418 3257 ἐλευθερίαν.

286 3357 411 3412 Βιό.
445 3364 513 3424 α’,
540 3359 645 3412 τίτ.
685 3366 776 3426 ιγ’,
809 3362 948 3417 διάτ.
980 3361 1045 3432 β’,
1077 3360 1143 3436 ἦς
1175 3367 1208 3434 ἠ
1236 3366 1402 3436 ἀρχὴ,
1462 3367 1564 3432 Qui
1593 3369 1802 3438 religio-

215 3468 298 3508 ια.
331 3452 504 3504 Ὅταν
539 3455 594 3504 ἐν
621 3454 884 3524 ἐκκλησίᾳ
914 3473 1019 3519 τις.
1069 3459 1336 3526 παρόντος
1367 3460 1457 3512 τοῦ
1479 3461 1799 3525 ἐπισκόπου,

215 3543 582 3613 ἐλιυθερωθῇ,
623 3546 767 3598 οὕτω
815 3548 1055 3613 γενέσθω
1108 3550 1430 3621 ἐλεύθερος,
1474 3552 1550 3615 ὡς
1582 3553 1802 3606 πάντων

215 3636 328 3690 τῶν
354 3638 760 3706 νενομισμένων
787 3639 876 3690 ἐπὶ
904 3641 967 3708 τῇ
1003 3640 1289 3710 ἐλευθερίᾳ
1322 3642 1654 3711 γενομένων.

293 3728 413 3783 Βιό.
441 3727 510 3796 γ’,
543 3729 648 3782 τίτ.
703 3729 792 3799 ιβ’,
840 3730 981 3783 διάτ.
1036 3729 1100 3800 β’,
1133 3727 1251 3803 ἦςή
1282 3734 1448 3803 ἀρχὴ,
1484 3732 1700 3787 Omnes.
1740 3734 1802 3785 Οί

214 3815 493 3879 δικασταὶ,
529 3817 623 3869 καὶ
649 3818 707 3869 τὸ
737 3819 844 3870 τῶν
869 3820 1074 3872 πόλεων
1107 3820 1336 3890 πλῆθος,
1388 3823 1480 3874 καὶ
1508 3824 1574 3876 τὰ
1605 3825 1801 3892 συστιὴ⁹

223 3923 376 3976 ματα
427 3909 536 3960 τῶν
576 3908 803 3976 τεχνῶν,
847 3912 1027 3962 πᾶσαν
1071 3910 1169 3976 τὴν
1205 3914 1491 3982 Κυριακὴν
1531 3914 1804 3983 άργείτω·

219 4017 363 4053 σαν·
424 4004 688 4070 γεωργοῖς
743 4002 797 4053 δὲ
830 4002 1034 4066 ἐξέστω
1086 4007 1208 4068 ταῖς
1254 4007 1488 4070 οἰκείαις
1519 4008 1804 4077 ἐργασίαις

220 4096 684 4164 προσκαρτερεῖν.

295 4184 416 4235 Βισ.
451 4190 520 4249 γ’,
578 4184 682 4237 τίτ.
719 4185 805 4254 ιβ’,
862 4186 1000 4240 διὰτ.
1056 4186 1121 4254 β’,
1169 4181 1236 4257 ἦς
1283 4191 1315 4258 ἡ
1359 4190 1521 4258 ἁρχὴ,
1559 4189 1801 4256 Quadra-

219 4279 396 4347 ginta.
443 4278 530 4329 ‘Ev
579 4281 639 4346 τῇ
673 4283 1084 4349 τεσσαρακοστῇ
1121 4281 1228 4332 τῶν
1259 4283 1526 4350 νηστειῶν
1560 4283 1804 4354 μηδεμία

217 4369 518 4434 διάγνωσις
549 4368 914 4435 ἐγκλημάτων
950 4371 1318 4438 προϐαινέτω.

291 4458 415 4512 Βι6.
449 4455 517 4525 γ’,
550 4460 654 4512 τίτ.
688 4458 777 4526 ιβ’,
840 4460 977 4514 διάτ.
1032 4466 1107 4523 ς’,
1152 4456 1219 4531 ἧς
1261 4463 1292 4530 ὴ
1362 4465 1527 4532 ἀρχὴ,
1585 4463 1800 4519 Omnes.

1902 2005 2050 2046 tura.
2075 1993 2360 2048 Exstructa
2387 1992 2694 2046 Jndzeorum
2725 1994 2805 2046 vel
2840 1994 3307 2046 Samaritanorum
3343 2007 3478 2046 nova

1902 2099 2196 2154 synagoga,
2230 2085 2470 2138 ecclesiae
2504 2085 2794 2141 addicitor.

1976 2175 2152 2238 Lib.l,
2193 2176 2273 2229 tit.
2303 2176 2387 2238 ll,
2420 2177 2638 2228 constit.
2673 2176 2727 2236 5,
2785 2176 2939 2242 cujus
2994 2177 3229 2238 initium,
3287 2174 3481 2229 Omnia

1904 2268 2041 2321 loca.
2077 2267 2239 2320 Sacra
2274 2267 2604 2335 Carthagine
2641 2269 2753 2320 loca
2786 2269 2922 2335 (85),
2958 2269 3204 2321 ecclesiis
3249 2269 3314 2323 ab
3364 2269 3482 2337 ipso

1903 2359 2227 2428 imperatore
2253 2361 2467 2422 donata,
2499 2370 2746 2412 maneant
2776 2361 2853 2413 eis
2881 2361 3207 2429 inadempta.

1974 2541 2092 2595 Lib.
2123 2559 2160 2600 ι,
2197 2541 2282 2592 ιίι.
2327 2540 2413 2602 12,
2453 2539 2672 2593 constit.
2705 2539 2757 2600 5,
2788 2540 2943 2602 cujus
2972 2539 3207 2602 initium,
3263 2539 3477 2593 Damm-

1905 2632 2119 2684 tiamus.
2153 2630 2324 2684 Nemo
2352 2630 2714 2682 Sanctissimis
2745 2629 2793 2680 in
2821 2631 3088 2692 ecclesiis,
3137 2633 3217 2683 vel
3261 2633 3311 2683 in
3361 2631 3482 2685 aliis

1904 2722 2306 2777 venerabilibus
2359 2721 2508 2784 locis,
2544 2721 2596 2774 in
2645 2722 2839 2790 quibus
2893 2730 3016 2774 vota
3075 2722 3480 2788 concipiuntur,

1903 2814 2428 2868 conclamationibus
2469 2814 2654 2875 utitor,
2716 2813 2796 2865 vel
2846 2812 3165 2865 seditionem
3224 2823 3479 2877 moveto;

1905 2906 2156 2960 ttltintum
2192 2904 2318 2957 inde
2349 2903 2671 2972 supplicium
2712 2903 3026 2956 formidans.

1977 2999 2093 3052 Lib.
2120 3015 2156 3061 t,
2199 2996 2280 3050 tit.
2316 2998 2402 3055 l5.
2441 2998 2658 3050 coustit.
2693 2997 2746 3058 4,
2790 2996 2942 3062 cujus
2976 2997 3206 3059 initium,
3253 2996 3483 3049 Iamdu-

1903 3087 2028 3141 dum
2081 3087 2213 3157 (86).
2269 3085 2368 3152 Qni
2428 3084 2789 3137 manumissus
2826 3095 2904 3136 est
2933 3084 2983 3135 in
3010 3086 3261 3147 ecclesia,
3299 3101 3480 3139 (‘Ol'alll

1827 3195 1874 3256 ο
1907 3180 2062 3248 plebe
2101 3194 2163 3231 ac
2191 3176 2458 3245 episc0pis
2494 3177 2624 3245 (87),
2674 3175 2978 3228 libertatem
3028 3186 3230 3230 certam
3291 3191 3487 3232 conse-

1905 3271 2105 3337 quitur.

1982 3362 2094 3414 l.ib.
2137 3377 2173 3422 ι,
2211 3361 2290 3415 ιῑι.
2326 3361 2655 3422 13,constit.
2687 3358 2741 3423 Ξ,
2777 3357 2932 3425 cujus
2961 3359 3196 3419 inititnn,
3228 3357 3332 3423 Qui
3363 3360 3484 3412 reli-

1905 3456 2070 3525 giosa.
2137 3456 2267 3509 Cum
2308 3456 2361 3507 in
2418 3455 2643 3506 ecclesia
2694 3454 2836 3522 quis,
2883 3455 3138 3520 episeopo
3195 3463 3480 3520 praesente,

1907 3549 2266 3599 manumissus
2307 3546 2484 3600 fuerit.
2524 3547 2594 3598 ita
2628 3545 2762 3597 liber
2796 3546 2906 3607 fiat,
2935 3554 3096 3614 atque
3130 3544 3173 3595 si
3207 3543 3391 3595 omnia
3427 3543 3480 3596 in

1908 3639 2337 3692 manumissione
2368 3638 2630 3691 solemnia
2663 3648 2877 3690 servata
2910 3636 3162 3688 fuissent.

1981 3732 2100 3784 Lib.
2131 3747 2211 3788 ιιι.
2247 3731 2329 3784 tit.
2376 3730 2457 3789 l2.
2490 3729 2710 3782 constit.
2732 3729 2785 3792 ‘2,
2831 3728 3239 3796 cnju'sinitinm,
3263 3726 3485 3781 Omnes.

1908 3826 2002 3879 Die
2039 3824 2315 3878 Dominico
2349 3822 2458 3893 (88)
2490 3822 2697 3887 jndices
2725 3836 2936 3880 omnes,
2969 3831 3021 3872 et
3053 3819 3333 3871 civitatum
3365 3817 3489 3884 ple:

1908 3917 2001 3971 bes
2028 3957 2040 3976 .
2087 3925 2140 3967 et
2179 3917 2374 3968 artium
2437 3922 2752 3967 cunctarum
2808 3911 3030 3977 collegia
3063 3949 3078 3971 ,
3141 3907 3426 3977 qniescant
3466 3924 3480 3960 :

1907 4008 2158 4078 agricolis
2199 4021 2326 4060 vero
2363 4005 2522 4059 liceat
2549 4013 2604 4056 ut
2639 4002 2819 4072 operis
2845 4001 2955 4054 suis
2989 4000 3178 4054 intenti
3208 4000 3338 4053 sint.

1976 4187 2092 4241 Lib.
2133 4203 2211 4246 ιιι,
2249 4186 2330 4239 tit.
2366 4184 2452 4249 l2,
2479 4184 2698 4235 constit.
2725 4182 2775 4245 5,
2803 4181 2956 4250 cujus
2976 4180 3209 4243 initium,
3233 4178 3490 4242 Quadra—

1907 4282 2054 4351 ginta
2090 4279 2224 4346 (89).
2253 4278 2305 4329 lu
2334 4277 2664 4346 jejuniornm
2709 4277 3145 4345 quadragesima,
3201 4273 3344 4326 nulla
3395 4285 3481 4325 co-

1907 4374 2076 4442 gnitio
2109 4370 2405 4424 criminalis
2437 4369 2609 4423 locum
2641 4370 2856 4422 habeat.

1978 4464 2097 4517 Lib.
2129 4463 2321 4526 ttl,tit.
2374 4461 2457 4525 1‘2,
2506 4461 2725 4514 c0nslit.
2774 4460 2825 4524 6,
2881 4459 2994 4525 (90)
3048 4455 3199 4523 cujus
3238 4454 3472 4517 initium,

219 4553 338 4614 Τὰς
394 4551 457 4603 ιε’
484 4551 583 4619 τῆς
620 4551 933 4618 Πασχαλίας
969 4553 1206 4622 ἡμέρας,
1265 4554 1358 4605 καὶ
1408 4554 1506 4624 τὴν
1561 4555 1799 4626 Χριστοῦ

1913 4562 2122 4611 Omnes.
2169 4555 2490 4620 Quindecim
2520 4553 2707 4606 diebus
2732 4549 3094 4620 paschalibus,
3124 4559 3176 4601 et
3206 4548 3291 4600 die
3319 4547 3483 4599 natali

216 4645 448 4706 Γένναν,
487 4643 576 4694 καὶ
606 4642 672 4695 τὰ
704 4644 1027 4708 Θεοφάνεια,
1079 4644 1174 4696 καὶ
1215 4644 1454 4713 ἑκάστης
1509 4647 1806 4717 ἑϐδομάδος

1909 4650 2138 4712 Christi,
2174 4659 2224 4702 et
2257 4647 2658 4716 Theophaniis,
2711 4653 2762 4696 et
2810 4642 3100 4706 cujuslibet
3163 4641 3490 4706 septimame

218 4735 537 4808 Κυριακὴν,
591 4738 686 4788 κα).
737 4736 794 4787 ἐν
827 4739 893 4806 τῇ
950 4739 1138 4807 μνήμῃ
1172 4736 1266 4790 τοῦ
1300 4739 1509 4802 πάθους
1537 4739 1645 4792 τῶν
1677 4742 1799 4794 άπο-

1911 4741 2213 4803 Dominica,
2249 4750 2302 4793 et
2333 4740 2386 4791 in
2448 4739 2709 4792 memoria
2768 4735 3041 4804 passionis
3088 4732 3481 4800 apostolorum,

1383 4837 1718 4898 Annibalis
1759 4839 2017 4901 Fabroli
2049 4846 2234 4899 notua.

292 4942 409 5013 (8t)
471 4938 760 4993 Hmretico.
828 4936 962 4990 Nam
1027 4938 1470 5013 nec__baeret_.icus
1523 4941 1796 5013 ejusmodi

219 5008 489 5085 praequam
522 5023 842 5085 comparare
875 5017 1078 5077 potest.
1107 5008 1396 5078 TheOphil.
1424 5012 1490 5064 ad
1523 5010 1624 5082 §2.
1663 5011 1797 5067 Inst.

219 5080 284 5140 de
319 5080 502 5138 inutit.
535 5081 720 5142 stipul.

297 5157 411 5224 (sat
439 5149 756 5224 Carthagine
792 5150 927 5204 loca.
976 5149 1314 5207 Constitutio
1377 5151 1543 5205 missa
1597 5163 1682 5204 est
1732 5153 1798 5206 ad

223 5221 485 5298 populum
510 5221 1015 5298 Cartbaginensem.

296 5290 412 5364 (86)
447 5290 954 5364 Ιαιιιιίιιάιιηιίμυιιιι
991 5303 1165 5350 estex
1218 5293 1392 5347 tribus
1446 5290 1795 5364 Constantini

225 5359 746 5421 constitutionibus.
781 5359 1070 5422 Nicephor.
1111 5365 1204 5418 lib.
1233 5379 1327 5423 vn,
1351 5376 1401 5415 c.
1439 5360 1524 5414 16.

300 5435 414 5505 (87)
450 5432 525 5484 Ac
555 5432 845 5505 episcopis.”
900 5432 1040 5505 Ὑπὸ
1105 5436 1340 5505 μάρτυσι
1374 5433 1486 5505 τοῖς
1543 5430 1794 5505 tepebat"

226 5500 596 5560 Su'zomenus,
636 5519 673 5562 ι,
716 5518 765 5554 c.
792 5503 874 5556 l9.
936 5500 1115 5559 Addit'
1145 5500 1538 5558 Cbustantinus
1572 5502 1623 5553 in
1687 5502 1723 5556 1.
1779 5519 1790 5554 ι

225 5577 358 5631 cotl.
403 5573 477 5625 De
507 5572 586 5624 his
619 5574 708 5643 qui
756 5574 810 5625 in
862 5571 1007 5627 Eccl.
1065 5573 1349 5628 manumit.
1402 5578 1458 5643 et
1513 5585 1653 5643 sequ
1716 5572 1798 5626 Ab

226 5643 510 5714 episcopis
545 5640 761 5711 quoque
802 5651 856 5696 et
905 5643 1122 5699 clericis
1175 5640 1547 5714 manumissos
1581 5641 1797 5714 justam

226 5707 540 5771 libertatem
566 5707 870 5780 consequi;
914 5728 1145 5779 quorum
1214 5713 1402 5766 favore
1451 5707 1797 5766 Jusdnianus

228 5799 453 5853 apioque
494 5784 748 5852 pleraque
782 5784 1074 5850 singularia
1104 5784 1481 5853 constituerat,
1515 5791 1573 5832 ut
1603 5781 1795 5853 scribit

231 5851 522 5911 Balsamon
559 5853 627 5908 ad
658 5851 778 5908 ean.
813 5853 900 5917 85,
969 5854 1158 5918 synodi
1205 5852 1461 5918 Catthag.
1503 5866 1608 5917 quo
1669 5851 1790 5918 jure

1903 4958 2023 4998 Cum
2061 4942 2207 4994 Italia
2235 4941 2438 4993 dudum
2473 4948 2739 5004 uteretur,
2777 4938 2983 5005 placuit
3051 4933 3326 4988 Africanis
3382 4931 3484 4984 Pa-

1907 5013 2084 5065 tribus
2154 5009 2443 5080 Augustini
2489 5010 2789 5073 suggestio,
2863 5022 2966 5071 qua
3034 5005 3366 5060 Suadebatnr
3421 5012 3479 5055 ut

1904 5083 2046 5134 idem
2078 5081 2223 5145 jusa
2274 5081 2518 5147 principe
2575 5080 2974 5144 postularetur,
3022 5085 3079 5128 ut
3137 5082 3354 5127 constat
3411 5090 3478 5126 cx

1906 5166 2111 5206 canon.
2141 5152 2206 5203 64
2241 5161 2289 5200 et
2325 5149 2391 5202 89.
2433 5149 2638 5201 Ecclcs.
2672 5148 2838 5200 Afric.

1977 5220 2193 5285 (88)Die
2225 5220 2517 5271 Dominico.
2547 5220 2678 5272 Vide
2710 5235 2831 5282 sup.
2859 5217 3039 5267 Parat.
3087 5218 3170 5269 tit.
3209 5216 3257 5270 l.

1976 5291 2086 5354 (89)
2115 5290 2500 5356 Quadraginta.
2537 5287 2669 5341 Vulc
2700 5302 2818 5352 sup.
2858 5289 2980 5338 eo.l.
3019 5287 3198 5338 l’nrat.

1973 5361 2084 5430 (90)
2147 5361 2265 5412 Lib.
2336 5375 2417 5430 ut.
2479 5360 2557 5430 tit.
2599 5356 2930 5430 l2,ACon_st.
2986 5356 3058 5430 6_.
3102 5356 3471 5430 TlteOp/taniis.

1901 5430 1958 5484 ln
2001 5432 2036 5482 l.
2070 5426 2150 5494 ⁷7,
2181 5447 2230 5484 c.
2288 5429 2349 5483 de
2383 5427 2482 5495 fer.
2522 5427 2723 5487 Brod:ei
2756 5426 2951 5495 codex,
3021 5426 3472 5494 Epipuaniarum,

1906 5501 2133 5567 quidam
2173 5494 2635 5570 Epiphaniorum.
2666 5507 2723 5570 ut
2749 5494 3101 5570 c._blcnagii,
3161 5496 3248 5570 alii
3298 5495 3482 5547 'l'beo-

1913 5565 2291 5636 phaniormn.‘
2327 5569 2470 5622 Bals.
2540 5567 2606 5618 τὰ
2659 5565 3314 5636 Θεοφάνεια--ηριιιι-ςιιίιρι·
3353 5604 3379 5636 ,_
3419 5575 3478 5617 ut

1907 5632 2390 5708 Theophaniorum
2431 5638 2622 5708 legisse
2658 5637 2928 5708 videatur.
2961 5632 3315 5708 lloc_ftestnm‘
3366 5633 3474 5686 La-

1909 5711 2004 5764 tini
2058 5702 2223 5765 etiam
2278 5719 2491 5763 veteres
2522 5703 2882 5774 Epiphaniam
2945 5702 3230 5774 vgcabaut,
3289 5702 3470 5756 Amm.

1907 5780 2208 5838 blarccllin.
2249 5776 2447 5834 xxt.V.
2480 5772 2644 5847 Greg.
2689 5774 2820 5830 Naz.
2855 5788 2937 5829 or.
2973 5772 3065 5840 58,
3092 5772 3213 5826 init.
