4104 6494
234 464 370 529 1197

1245 473 1325 532 CC
1340 474 1575 533 NSTl'l‘.
1614 474 1905 534 ECCLES.
1962 477 2396 539 C01.I.ECTIO.

3311 479 3445 543 1393

231 582 324 633 καὶ
348 580 398 631 οί
426 580 485 631 ἑν
516 579 695 645 ἀξίαις
735 581 828 633 καὶ
858 583 1143 651 στρατιαῖς
1169 582 1322 646 δντες
1352 586 1625 653 ἐπιμελῶς
1660 589 1774 648 τοὺς

1894 588 2054 651 derit,
2098 590 2285 646 ultimo
2337 589 2602 658 supplicio
2644 588 2889 644 adicitur.
2935 589 3060 645 item
3106 593 3194 661 qui
3232 599 3441 649 suntin

227 672 285 723 ιν
358 672 545 732 αὐτοῖς
612 669 888 733 τοιούτους
949 673 1106 735 ὄντας
1169 674 1636 743 ἁναζητείτωσαν,
1692 680 1786 730 καὶ

232 762 703 827 παραδιδότωσαν.
770 764 924 816 Ἐπεὶ
970 763 1475 832 συλλαμϐανόμενος
1531 768 1559 817 ὁ
1615 768 1789 820 Μανι-

230 857 407 925 χαῖος,
435 857 527 908 ἐὰν
553 856 679 926 είπῃ
708 856 1071 923 γινώσκεσθαι
1105 858 1261 926 παρά
1299 865 1478 921 τινων,
1513 861 1785 927 ἁρμοδίως

225 947 627 1017 τιμωροῦνται,
657 949 733 1009 ὼς
778 948 846 1000 τὰ
890 947 1025 999 αὐτὰ
1087 949 1513 1016 ἁμαρτάνοντες,
1557 951 1659 1004 κᾶν
1711 950 1786 1020 μὴ

225 1035 370 1107 ἦσαν
412 1039 661 1092 τοιοῦτοι.
696 1038 775 1090 Τὰ
819 1038 959 1091 αὐτὰ
1005 1039 1113 1107 γὰρ
1147 1039 1487 1108 ἁμαρτάνειν
1534 1040 1785 1093 δοκοῦσιν

224 1130 275 1181 οῖ
304 1130 666 1197 γινώσκοντες
698 1130 797 1198 μὲν
825 1129 915 1180 τὸν
942 1130 1349 1197 ἁμαρτάνοντα,
1386 1129 1461 1197 μὴ
1498 1128 1783 1192 ποιοῦντες

221 1222 279 1272 δὲ
311 1220 496 1273 τοῦτον
556 1220 877 1287 κατάδηλον,
914 1220 977 1272 '0
1032 1218 1173 1289 ἔχων
1226 1220 1406 1289 βιϐλία
1459 1220 1783 1291 μανιχαῖκὰ,

225 1313 324 1364 καὶ
367 1312 441 1378 ui]
473 1312 656 1380 φέρων
683 1312 772 1362 ἐπὶ
799 1310 877 1377 τῷ
915 1311 1189 1363 καυθσῖκναι
1238 1314 1584 1379 τιμωρεῖται.

294 1486 394 1539 ῙΖ’.
424 1486 489 1537 Δί
518 1484 622 1537 τῶν
646 1482 998 1551 Σαμαρειτῶν
1024 1484 1343 1549 συναγωγαὶ
1374 1486 1782 1555 καθαιροῦνται,

215 1573 316 1653 καὶ
346 1573 440 1624 ἐὰν
484 1572 645 1633 ἄλλας
675 1573 1069 1641 ἐπιχειρήσωσι
1109 1572 1355 1639 ποιῆσαι,
1390 1572 1781 1641 τιμωροῦνται.

237 1664 316 1715 Ού
350 1662 601 1715 δύνανται
639 1661 695 1712 δὲ
739 1660 1015 1728 διαδόχους
1060 1660 1199 1728 ἔχειν
1244 1664 1306 1713 ἐκ
1336 1662 1684 1732 διαθήκης,ἧ
1721 1664 1779 1729 ἐξ

218 1750 525 1814 ἀδιαθέτου,
589 1750 728 1819 πλὴν
792 1750 1128 1819 ὀρθοδόξωνο
1188 1750 1311 1802 οὔτε
1380 1750 1697 1819 δωροῦνται,
1747 1754 1779 1821 ἢ

214 1843 397 1904 ἄλλως
425 1840 701 1894 ἑκποιοῦσι
736 1843 846 1896 τοῖς
897 1840 971 1910 μὴ
1001 1840 1154 1894 οὖσιν
1200 1841 1537 1910 όρθοδόξοις*
1573 1843 1708 1895 ἀλλὰ
1751 1845 1780 1895 6

1893 679 2242 747 dignitatibus
2291 690 2347 734 et
2397 680 2599 734 militiis
2650 681 2969 744 constituti,
3017 682 3254 737 studiose
3309 686 3443 738 tales

1893 770 2031 823 inter
2062 785 2119 824 se
2148 770 2455 839 perquirant
2501 784 2563 822 ac
2596 773 2829 823 tradant.
2877 772 3081 839 Quippe
3121 788 3240 827 cum
3270 772 3439 828 Mani-

1891 858 2090 921 cbaeus,
2121 859 2207 924 qui
2236 858 2729 926 comprehenditur,
2761 858 2836 909 ait
2877 872 2933 910 se
2964 867 3148 911 notum
3176 859 3440 926 aliquibus

1889 963 2008 1000 esse
2041 966 2051 999 :
2090 962 2245 1015 poena
2276 948 2348 999 illi
2379 956 2718 1016 competente
2744 945 3067 1011 adiciuntur,
3094 948 3439 1003 velutiisdem

1891 1038 2125 1103 peccatis
2164 1038 2402 1102 obnoxii,
2444 1038 2566 1091 licet
2594 1038 2863 1104 ejusmodi
2908 1054 3011 1091 non
3052 1049 3255 1093 essent.
3303 1039 3433 1092 Nam

1888 1127 2072 1179 eadem
2140 1128 2387 1181 videntur
2434 1128 2714 1181 admittere
2744 1166 2759 1189 ,
2809 1128 2899 1197 qui
2948 1144 3066 1181 cum
3133 1141 3441 1196 peccantem

1892 1217 2097 1281 norint,
2131 1226 2309 1271 tamen
2354 1233 2474 1269 eum
2521 1233 2624 1271 non
2676 1218 2878 1271 faciunt
2927 1218 3291 1272 manifestum.
3340 1219 3440 1285 Qui

1891 1308 2057 1361 libros
2097 1308 2255 1361 habet
2290 1306 2801 1374 (57)Manichaicos,
2840 1322 2939 1362 nec
2987 1323 3081 1363 eos
3132 1310 3443 1364 manifestat

1888 1408 1943 1451 ut
1977 1398 2381 1463 comburantur,
2412 1398 2653 1466 punitur.
2766 1410 2768 1413 '

1961 1487 2124 1545 XVII.
2166 1492 2461 1561 Svnagogte
2485 1492 2872 1546 Samaritarum
2909 1491 3019 1563 ('58)
3044 1493 3347 1555 abolentur,
3388 1500 3443 1544 et

1887 1580 2019 1634 alias
2038 1584 2080 1633 si
2115 1581 2290 1634 facere
2320 1582 2498 1633 conati
2531 1581 2745 1645 fuerint,
2768 1582 3079 1648 puniuntur.
3109 1579 3216 1634 Nec
3241 1581 3441 1634 habere

1886 1684 2224 1723 successores
2254 1680 2476 1737 possunt
2497 1686 2563 1723 ex
2595 1680 2931 1735 testamento,
2959 1671 3040 1724 vel
3068 1675 3135 1724 ab
3162 1672 3271 1724 inte
3309 1679 3437 1726 tato.

1886 1769 2077 1825 praeter
2108 1758 2467 1822 orthodoxos;
2519 1772 2616 1811 nec
2660 1759 2972 1812 donationes
3021 1758 3224 1812 faciunt
3264 1758 3438 1810 aliove

1888 1848 2045 1902 modo
2070 1847 2196 1917 quid
2228 1848 2463 1902 alienant
2493 1848 2542 1901 iu
2567 1863 2681 1911 eos,
2710 1849 2798 1916 qui
2830 1864 2933 1901 non
2966 1858 3091 1903 sunt
3125 1848 3435 1908 orthodoxi,

216 1932 412 1999 φίσκος
455 1931 592 1984 αὐτὰ
628 1932 833 1983 ὲκδικεῖ
883 1933 1108 2000 προνοίᾳ
1161 1932 1268 1983 τῶν
1317 1932 1633 1984 ἐπισκόπων
1684 1934 1774 1986 xui

1880 1944 1974 1992 sed
2013 1940 2247 1993 vindicat
2284 1955 2344 1992 ea
2382 1941 2564 2006 ﬁscus,
2594 1954 2721 1995 cura
2752 1941 3123 2005 episconorum
3170 1947 3223 1992 et
3254 1938 3437 2006 praesi-

213 2022 329 2074 τῶν
359 2022 636 2091 ἀρχόντων

287 2110 396 2165 lH'.
448 2112 527 2164 Τὰ
578 2111 707 2180 περὶ
756 2111 865 2162 τῶν
912 2111 1269 2180 Σαμαρειτῶν
1347 2111 1777 2182 νομοθετηθέντα

216 2203 315 2256 ἰπὶ
378 2205 498 2264 ταῖς
557 2203 899 2268 συναγωγαῖς
946 2202 1038 2252 καὶ
1092 2203 1212 2263 ταῖς
1268 2202 1536 2271 διαδοχαῖς
1590 2206 1780 2272 κρατεῖ

215 2293 317 2347 καὶ
346 2293 441 2346 ἐπὶ
477 2294 590 2353 τοῖς
622 2292 1018 2353 Μοντανισταῖς
1065 2291 1158 2343 καὶ
1192 2293 1307 2354 τοῖς
1358 2293 1774 2362 Ἀσκοδρούγοις

213 2386 315 2439 καὶ
353 2384 620 2449 Ὀφίταις.
662 2382 827 2433 Μὸνει
853 2380 961 2448 γὰρ
1017 2379 1293 2449 ὀρθόδοξοι
1346 2381 1777 2451 κληρονομοῦσιν

210 2475 409 2535 αὐτούς
441 2476 505 2525 ἐκ
532 2471 794 2540 διαθήκης
823 2471 916 2523 καὶ
956 2470 1014 2533 ἐξ
1064 2470 1370 2534 ἁδιαθέτου,
1425 2471 1520 2524 καὶ
1567 2472 1777 2540 ληγάτα

210 2565 603 2635 λαμϐάνουσιν.
638 2564 701 2615 Oi
756 2562 813 2613 δὲ
863 2561 1039 2614 λοιποὶ
1089 2562 1369 2631 αἱρετικοὶ,
1419 2562 1698 2615 τουτέστιν
1729 2565 1779 2621 οἱ

218 2666 299 2726 μη
332 2654 621 2726 ὀρθόδοξοι,
654 2652 750 2706 καὶ
779 2654 826 2704 ol
860 2650 1143 2719 Ἕλληνες,
1178 2651 1274 2702 καὶ
1314 2651 1364 2703 οί
1414 2652 1776 2721 Σαμαρεῖται,

210 2747 278 2799 ού
327 2742 729 2814 στρατεύονται,
775 2739 895 2793 οὔτε
938 2739 1299 2808 ἀξιωματικοὶ
1349 2739 1611 2811 γίνονται,
1655 2744 1779 2798 οὔτε

214 2839 474 2905 δημόσιον
509 2834 857 2903 μετέρχονται
884 2833 1208 2900 φρόντισμα,
1238 2828 1361 2884 οὔτε
1407 2830 1775 2900 πτιόεύουσιν,

215 2926 346 2979 οὔτε
383 2923 787 2993 συνηγοροῦσιν.
836 2921 897 2973 Εἰ
926 2920 981 2971 δέ
1010 2937 1092 2980 τις
1121 2919 1261 2987 ὑπὲρ
1307 2920 1400 2978 τοῦ
1428 2928 1611 2995 τυχεῖν
1634 2941 1780 2987 τινος

215 3016 447 3080 senatui.
477 3028 913 3089 προοποιησηται
944 3011 1035 3069 τὸν
1072 3010 1372 3084 ὁρθόδοξον,
1399 3019 1493 3068 καὶ
1526 3015 1601 3084 μὴ
1634 3016 1774 3084 φανῇ

214 3117 356 3183 ἔχων
406 3113 657 3177 γυναῖκα,
688 3109 719 3177 ἢ
774 3107 963 3167 παῖδας
1013 3106 1345 3175 αἱρετικοὺς,
1383 3109 1478 3159 καὶ
1510 3106 1585 3173 μὴ
1614 3121 1779 3174 προσ-

1881 2029 2006 2082 dum
2041 2029 2451 2086 interveniente.

1948 2118 2135 2174 Xi'lll.
2171 2119 2301 2185 Quae
2348 2121 2413 2174 de
2455 2120 2736 2174 Samaritis
2786 2119 3120 2187 promulgata
3168 2126 3315 2179 sunt,
3368 2119 3433 2168 ad

1879 2224 2180 2282 synagogas
2227 2221 2281 2264 et
2322 2212 2695 2265 successiones
2733 2224 2921 2263 eorum
2971 2207 3287 2275 spectantia,
3322 2220 3437 2258 rata

1880 2307 2012 2351 sunt
2039 2297 2201 2350 etiam
2230 2297 2286 2350 in
2317 2294 2682 2357 Montanistis,
2714 2303 2769 2348 et
2800 2294 3138 2361 Ascodrugis,
3176 2302 3228 2346 et
3272 2290 3439 2358 Ophi-

1880 2391 1970 2443 tis.
2002 2388 2209 2456 Quippe
2238 2387 2337 2441 soli
2366 2385 2647 2441 orthodoxi
2680 2386 3012 2439 haereditates
3031 2398 3211 2437 eorum
3244 2383 3439 2435 adeunt

1879 2498 1947 2537 ex
1977 2489 2323 2542 testamento,
2359 2479 2443 2533 vel
2476 2480 2543 2532 ab
2580 2480 2858 2540 intestato,
2890 2485 2945 2530 et
2977 2475 3144 2545 legata
3195 2472 3431 2537 capiunt.

1881 2571 2093 2640 Reliqui
2123 2578 2299 2621 autem
2346 2567 2740 2637 ἤπιοῑὶρίέῦοο
2770 2574 2874 2625 est.
2908 2579 3013 2617 non
3048 2561 3352 2620 orthodoxi,
3384 2571 3435 2613 et

1878 2662 2097 2731 pagani,
2125 2668 2177 2713 et
2205 2657 2508 2720 Samaritae,
2533 2671 2639 2710 non
2671 2656 2918 2716 militant,
2954 2668 3124 2721 neque
3151 2652 3433 2721 dignitates

1880 2753 2285 2823 adipiscuntur,
2332 2764 2505 2820 neque
2545 2761 2729 2803 curam
2780 2745 3043 2811 public-am
3098 2742 3432 2809 suscipiunt,

1879 2858 2056 2912 neque
2089 2842 2420 2912 professores
2466 2838 2621 2898 (lunt.
2664 2849 2835 2905 neque
2868 2835 3045 2889 causis
3094 2834 3435 2902 patrocinan.

1883 2944 1989 2987 tttr.
2039 2931 2191 2998 Quod
2237 2932 2280 2985 si
2356 2930 2510 2998 quis,
2561 2936 2619 2980 ut
2679 2928 2868 2981 horum
2914 2924 3113 2992 aliquid
3162 2923 3431 2989 impetret,

1879 3024 2237 3079 Ortltodoxum
2300 3036 2360 3076 se
2411 3018 2779 3081 simulaverit.
2838 3029 3070 3082 eumque
3137 3015 3437 3068 constiterit

1882 3113 2081 3166 habere
2108 3126 2329 3165 uxorem
2362 3119 2455 3161 aut
2484 3109 2680 3161 liberos
2714 3105 3018 3168 hazreticos,
3048 3118 3148 3157 nec
3189 3103 3332 3172 ipsos
3366 3107 3431 3156 ad

213 3206 402 3273 αγάγῃ
439 3200 632 3260 αὐτοὺς
680 3202 749 3267 τῇ
796 3195 1095 3266 όρθοδοξίᾳ,
1122 3196 1460 3248 ἐκϐάλλεται.
1497 3196 1559 3247 Εἰ
1588 3195 1644 3247 δὲ
1681 3195 1774 3247 καὶ

1882 3201 2191 3269 religionem
2225 3200 2576 3254 orthodoxam
2604 3197 2907 3261 adduxerit,
2940 3196 3170 3263 pellitur.
3200 3193 3348 3258 Quod
3386 3196 3433 3249 si

213 3294 391 3357 λάθοι,
422 3294 483 3344 ού
514 3289 733 3342 δύναταί
782 3305 835 3339 τι
866 3286 957 3339 τοῦ
996 3285 1158 3337 αὑτοῦ
1195 3286 1501 3354 δωρεῖσθαι,
1532 3285 1566 3354 ἦ
1598 3286 1772 3349 ἄλλως

216 3385 459 3438 ἒκποιεῖν
493 3379 808 3449 αἱρετικῶν·
847 3376 981 3429 ἀλλὰ
1011 3374 1182 3428 ταῦτα
1234 3378 1328 3428 καὶ
1352 3376 1452 3443 τὴν
1482 3376 1764 3445 αίρετικὴν

216 3471 669 3539 καταφερομένην
714 3465 878 3521 αὐτοῦ
936 3466 1298 3536 κληρονομίαν
1328 3467 1535 3520 ὲκδικεῖ
1574 3468 1633 3520 τὺ
1675 3468 1774 3537 δη-

217 3568 427 3637 μόσιον.
479 3562 719 3615 Καθόλου
759 3562 865 3628 γὰρ
902 3562 951 3611 οἱ
1003 3559 1366 3627 μετασχόντες
1417 3559 1770 3630 στρατείας-ἢ

217 3660 401 3723 ἀξίας.
450 3656 483 3725 ἢ
539 3652 889 3721 συνηγορίας,
948 3651 981 3719 ἢ
1035 3650 1304 3718 δημοσίας
1359 3650 1692 3719 φιλοτιμίας,
1740 3650 1772 3717 ἢ

218 3748 655 3819 συγκροτήσεως,
718 3743 866 3812 παρὰ
934 3742 1108 3810 μόνων
1167 3740 1461 3810 όρθοδόξων
1514 3742 1775 3811 κληρονο-

217 3840 468 3910 μοῦνται,
508 3838 601 3888 καὶ
635 3835 702 3885 τὰ
748 3832 806 3896 ἐξ
849 3831 1026 3883 αὐτῶν
1067 3831 1318 3884 ὁπωσοῦν
1376 3834 1453 3893 τίς
1504 3833 1776 3901 αἱρετικὸν

213 3931 484 3999 ἐρχόμενα
537 3926 597 3977 τὸ
650 3925 908 3991 δημόσιον
961 3921 1184 3973 ἐκδικεῖ.
1242 3921 1368 3973 Ἐὰν
1424 3922 1611 3989 ἕτερος
1668 3923 1775 3974 τῶν

217 4016 611 4071 συνοικούντων
636 4010 931 4083 ὀρθόδοξος,
962 4011 994 4081 ἢ
1029 4012 1122 4063 καὶ
1152 4011 1311 4072 ἄλλος
1356 4013 1651 4082 αἱρετικὸς,
1692 4011 1774 4063 δεῖ

215 4109 469 4176 γενέσθαι
522 4106 645 4166 τοὺς
688 4103 879 4164 παῖδας
932 4102 1111 4154 αὐτῶν
1149 4102 1480 4173 όρθοδόξους.
1513 4104 1575 4154 Εἰ
1617 4103 1673 4156 δὲ
1722 4104 1772 4153 oi

220 4199 320 4267 μὲν
348 4194 613 4265 όρθόδοξοι
661 4192 935 4259 γίνωνται,
977 4193 1024 4242 οἱ
1070 4190 1127 4242 δὲ
1180 4192 1434 4260 μείνωσιν
1484 4194 1769 4259 αἱρετικοὶ.

220 4289 372 4359 μόνοι
393 4283 819 4355 κληρονομοῦσιν
854 4280 1116 4349 ἑκατέρου
1155 4281 1356 4345 γονέως
1386 4282 1434 4332 οί
1464 4282 1758 4350 όρθόδοξοι.

216 4380 278 4433 Εἰ
306 4380 365 4430 δὲ
410 4377 606 4432 πάντες
659 4371 795 4424 εἰσὶν
847 4372 1137 4438 αἱρετικοὶ,
1172 4373 1453 4437 συγγενεῖς
1504 4370 1771 4438 ὀρθόδοξοι

216 4466 641 4540 κληρονομοῦσιν
666 4479 680 4494 ·
710 4464 741 4533 ἢ
772 4464 846 4533 μὴ
875 4464 1043 4516 ὅντων
1068 4464 1271 4529 αὐτῶν,
1308 4466 1335 4516 ό
1365 4465 1577 4532 φίσκος.
1616 4466 1768 4533 Ἔχει

1891 3290 2106 3349 aluerit,
2161 3288 2346 3356 nequit
2383 3302 2447 3342 ex
2504 3287 2662 3340 rebus
2706 3286 2817 3338 suis
2860 3284 3150 3353 quidquam
3203 3284 3428 3343 donare.

1876 3376 1976 3435 lvel
2021 3380 2127 3434 alio
2170 3379 2330 3433 modo
2383 3377 2678 3431 transferre
2723 3376 2788 3429 ad
2823 3376 3167 3435 haereticum;
3204 3374 3294 3427 sed
3323 3381 3431 3428 tant

1878 3474 2013 3533 haec,
2045 3486 2205 3539 quam
2237 3470 2605 3524 baereditatem
2640 3468 2967 3529 baereticam,
2998 3481 3116 3535 qua;
3159 3466 3226 3519 ad
3258 3465 3428 3533 ipsum

1878 3562 2197 3623 devolvitur,
2224 3560 2387 3614 tiscus
2419 3559 2521 3612 sibi
2552 3559 2805 3612 vindieat.
2838 3557 2895 3610 In
2924 3556 3232 3609 universum
3259 3559 3424 3616 enim.

1877 3654 1968 3722 qui
1999 3652 2283 3721 participes
2317 3649 2466 3704 fuere
2512 3648 2731 3711 militiae,
2764 3647 2847 3702 vel
2878 3648 3166 3715 dignitatis,
3201 3647 3284 3699 vel
3331 3648 3428 3697 ad-

1879 3744 2195 3808 vocationis,
2228 3743 2311 3796 vel
2364 3741 2589 3810 publica:
2631 3739 2989 3804 liberalitatis,
3024 3739 3104 3792 vel
3159 3749 3428 3795 sustenta-

1881 3836 2042 3891 tionis
2068 3835 2219 3905 ;(39),
2262 3834 2593 3889 orthodoxos
2635 3833 2892 3887 duntaxat
2934 3831 3173 3885 haeredes
3205 3833 3421 3893 habent.

1877 3938 1931 3981 et
1979 3941 2099 3995 qua:
2144 3926 2209 3978 ab
2260 3926 2387 3994 ipsis
2447 3924 2511 3978 ad
2555 3924 2863 3977 haereticum
2910 3936 3228 3991 quocunque
3268 3922 3426 3975 modo

1876 4017 2217 4088 perveniunt,
2266 4018 2430 4070 iiscus
2458 4016 2556 4069 sibi
2604 4016 2858 4069 vindicat.
2893 4015 2947 4069 Si
2976 4014 3259 4082 conjugnm
3291 4015 3427 4066 alter

1876 4108 2211 4162 orthodoxus
2260 4107 2349 4169 sit,
2394 4106 2530 4159 alter
2560 4107 2863 4171 haereticus,
2913 4118 3096 4177 eorum
3134 4105 3286 4158 liberi
3333 4119 3424 4157 or-

1878 4199 2094 4253 thodoxi
2132 4198 2245 4251 fieri
2277 4198 2488 4251 debent.
2516 4197 2665 4262 Quod
2691 4198 2733 4251 si
2768 4199 2960 4265 partim
2984 4198 3270 4252 orthodoxi
3300 4198 3424 4251 iacti

1876 4292 2002 4352 sint,
2041 4291 2234 4356 partim
2268 4289 2499 4342 haeretici
2533 4289 2852 4352 manserint,
2886 4290 2982 4343 soli
3022 4301 3145 4342 sunt
3172 4290 3409 4344 haereue:

1877 4381 2153 4445 utriusque
2207 4377 2445 4446 parentis
2507 4376 2816 4431 orthodoxi.
2865 4375 2958 4430 Sin
3008 4378 3242 4430 universi
3301 4388 3424 4431 sunt

1878 4468 2135 4530 haeretici,
2177 4466 2459 4520 orthodoxi
2507 4467 2706 4539 agnati,
2746 4467 2823 4518 vel
2861 4466 3070 4535 cognati
3100 4465 3414 4526 succedunt,

212 4562 502 4629 διαφόρους
557 4557 748 4617 ποινὰς
790 4554 933 4607 κατά
976 4555 1085 4606 τών
1116 4555 1523 4624 ῥᾳθυμούντων,
1573 4556 1666 4607 καὶ
1700 4556 1774 4625 μὴ

1880 4566 1971 4609 aut
2022 4556 2087 4608 iis
2140 4570 2244 4608 non
2308 4553 2663 4615 exstantibus,
2725 4552 2900 4606 fiscus.
2956 4552 3203 4608 Continet
3262 4555 3423 4607 etiam

213 4652 488 4717 ἐξιόντων,
516 4649 549 4718 ἢ
586 4645 897 4717 μηνυόντων
936 4645 1215 4714 ἀρχόντων
1261 4646 1355 4697 καὶ
1388 4646 1593 4709 τάξεων
1624 4646 1774 4697 πολι-

209 4742 382 4798 τικῶν
431 4742 527 4793 καὶ
578 4736 982 4809 στρατιωτικῶν
1032 4736 1379 4789 ἐπισκόπωψ
1434 4737 1631 4796 οἵτινες
1680 4740 1773 4789 καὶ

1875 4647 2117 4698 diversas
2159 4658 2346 4713 poenas
2374 4652 2561 4698 contra
2604 4643 2953 4712 negligentes,
2999 4653 3053 4697 et
3097 4657 3202 4695 non
3241 4659 3421 4712 perse-

1873 4745 2116 4803 quentes,
2167 4743 2256 4787 aut
2304 4734 2605 4788 indicantes
2661 4734 2936 4802 prtesides,
2978 4744 3031 4787 et
3077 4733 3266 4797 ollicia,
3316 4743 3422 4787 tam

209 4835 344 4902 περὶ
406 4832 513 4884 τῶν
556 4829 942 4899 ῥᾳθυμούντων
987 4825 1262 4895 ἀρχόντων
1314 4827 1645 4895 ἀναφέρουσι
1698 4828 1773 4896 τῷ

1880 4826 2069 4885 [·ἰνί11ιι.
2121 4839 2283 4893 quam
2319 4824 2587 4886 militaria,
2634 4834 2689 4878 et
2726 4826 3003 4893 episcopos
3038 4842 3052 4876 :
3092 4826 3179 4892 qui
3212 4825 3421 4893 quidem

211 4922 448 4995 βασιλεῖ.
481 4921 546 4972 Δί
579 4920 634 4971 δὲ
666 4917 845 4969 ποιναὶ
872 4915 946 4985 τῷ
979 4915 1155 4983 φίσκῳ
1185 4915 1541 4981 ἁομόζουσιν.

1889 4917 1953 4968 de
1982 4914 2367 4981 negligentibus
2394 4915 2711 4983 prtesidibus
2744 4917 2807 4968 ad
2864 4918 3237 4981 imperatorem
3280 4916 3423 4970 defe-

1888 5015 2029 5059 runt.
2060 5004 2235 5060 Multa:
2270 5016 2445 5061 autem
2480 5011 2607 5061 tisco
2634 5018 2956 5073 competunt.

1374 5094 1690 5155 Annibalis
1721 5096 1963 5157 Fabroti
2005 5103 2187 5157 notes.

285 5197 400 5267 (37)
434 5194 538 5259 Qui
568 5195 726 5247 libras
750 5192 922 5246 habet.
962 5192 1085 5247 Haec
1117 5191 1341 5247 deerant
1367 5193 1424 5246 in
1456 5192 1770 5249 Leunclavii

210 5270 426 5325 codice.

285 5336 378 5401 (38
401 5335 691 5405 Synaqua:
715 5330 1119 5405 Sqmaritarum.
1156 5328 1306 5383 lianc
1343 5329 1523 5405 legent
1558 5330 1770 5405 videtur

214 5398 520 5473 intelligere
554 5398 861 5473 Procopius
908 5400 1229 5473 in__areana,
1262 5409 1319 5473 et
1363 5398 1595 5467 Cyrillus
1636 5404 1770 5473 διες-

215 5466 782 5539 umpol'itanus,quem
808 5467 938 5539 citat
972 5466 1227 5539 Nicolaus
1260 5466 1611 5539 Alemanutts,
1632 5466 1761 5522 ibid.

214 5550 272 5602 in
297 5536 472 5596 Notis.
522 5536 817 5607 Procopius
863 5538 955 5600 ait,
1008 5536 1396 5589 Samaritarum
1464 5536 1659 5592 liberos
1707 5550 1761 5591 et

214 5623 476 5682 cognatos
505 5610 641 5662 nihil
667 5624 731 5661 ex
758 5607 1094 5682 testamentis
1122 5613 1405 5682 parentum
1439 5608 1523 5682 vel
1556 5622 1758 5682 cogna-

212 5674 395 5737 toan
435 5693 626 5746 capere
672 5690 829 5746 posse
874 5692 887 5727 :
940 5674 1078 5739 quod
1123 5676 1293 5746 tacite
1327 5674 1657 5746 signiﬁcatur
1703 5679 1754 5729 in

216 5758 252 5805 Ι.
285 5744 581 5805 ,ιιιςιίηζοιι
624 5762 728 5813 qua
775 5744 1055 5796 Samaritae
1089 5757 1191 5794 non
1228 5744 1365 5797 alios
1404 5745 1601 5798 habent
1650 5748 1755 5797 lun-

213 5822 376 5877 redcs
410 5815 843 5870 testamentarios
892 5823 981 5865 aut
1034 5813 1318 5882 legitimos,
1373 5828 1531 5883 qnam
1563 5820 1750 5869 ortho-

1879 5195 2147 5248 doxos.ld
2172 5204 2352 5249 tamen
2386 5195 2525 5265 quod
2564 5196 3029 5265 scriliitbyrillus,
3060 5199 3355 5252 Samaritas
3394 5227 3421 5261 η

1878 5278 1993 5330 rep.
2024 5265 2256 5333 gerenda
2297 5267 2650 5326 summoveri,
2684 5270 2856 5333 magis
2906 5270 3139 5334 pertinet
3182 5270 3244 5321 ad
3291 5272 3324 5327 1,
3360 5276 3424 5330 12

1875 5342 1928 5405 et
1962 5334 2044 5393 l8.
2082 5336 2134 5386 h.
2164 5345 2230 5396 t.,
2260 5348 2361 5400 qua
2401 5335 2681 5405 Samaritae
2712 5335 3068 5405 prohibentur
3096 5353 3282 5405 gerere
3309 5360 3421 5396 nm-

1873 5401 2130 5482 gistratus
2153 5404 2432 5482 et_hab_ere
2461 5401 3228 5482 dignitates.Cteterunrhanc
3257 5412 3420 5482 legem

1870 5473 2151 5545 abrogavit
2200 5470 2564 5535 Justinianus,
2596 5471 2814 5526 Novella
2857 5488 3036 5545 ειεξιτ.
3066 5477 3117 5530 in
3159 5493 3262 5545 qun
3304 5470 3421 5535 ἔξω-

1869 5539 1992 5619 gula
2023 5540 2076 5619 d_.
2110 5544 2243 5619 legis
2279 5551 2861 5619 e_aptta_recen.sentur.
2892 5542 3140 5619 Justintts
3166 5539 3293 5601 vero
3322 5567 3421 5619 po-

1868 5617 1982 5661 stea
2041 5612 2094 5662 d.
2136 5608 2408 5684 Novellum
2455 5608 2748 5684 Justiniani
2804 5615 3023 5684 sustulit
3073 5613 3204 5670 Nov.
3242 5608 3418 5684 cxitv,

1863 5692 1984 5744 qua:
2016 5690 2192 5733 exstat
2220 5677 2463 5734 Paratitl.
2496 5682 2588 5733 lib.
2623 5694 2701 5743 ιιι,
2742 5696 2793 5734 c.
2828 5683 2879 5735 5.

1934 5747 2044 5815 (59)
2067 5747 2500 5825 ειιιιειιιαιὶριιὲε.
2524 5748 2724 5803 Glossae
2754 5750 3092 5809 Graeco-Lat.
3116 5759 3415 5825 συγκροτεῖ,

1861 5829 2125 5881 sustento,
2169 5818 2552 5889 συγκρότησις,
2588 5826 2926 5876 sustentatin.
