4082 6466
282 342 408 408 1281

1303 353 1636 417 CONSTlT.
1681 360 1972 420 ECCLES.
2016 363 2438 423 COLLECTiO.

3353 371 3486 432 1282

271 459 397 524 τικῆ
431 456 699 519 ὑποθέσει,
730 463 757 510 ό
789 461 970 530 ἄρχων
999 462 1196 530 ταύτης
1229 465 1537 533 ἀκροάσθω,
1569 467 1802 531 ἐνυπόθη

1935 485 2134 537 praases
2165 488 2280 525 eam
2313 474 2520 536 audiat,
2574 483 2863 541 przrstante
2917 475 3225 529 cautionem
3286 477 3484 530 clerico

270 561 363 598 κον
385 546 848 620 ὁμολογίαν’ὃρκου
873 553 1038 620 χωρὶς
1063 554 1410 621 ἐκτιθεμένου
1431 558 1521 606 τοῦ
1547 557 1822 626 κληρικοῦ.

271 636 328 686 El
359 636 412 688 δέ
448 639 868 709 ἐκκλησιαστικὴ
905 643 1049 711 αὑτῷ
1083 642 1307 713 ζήτησις
1341 647 1636 712 ἐπάγεται,
1672 647 1828 714 μόνος

266 731 294 779 ό
322 729 617 792 ἐπίσκοπος
647 734 850 802 ταύτην
882 736 1128 802 κρινέτω.

353 817 668 871 Ἐπίσκοποί
696 837 846 882 τινας
875 823 993 873 κατ’
1019 824 1261 892 ἀλλήλων
1290 828 1579 878 κινούντων
1609 825 1716 898 [τσ.
1747 845 1827 878 κι-

265 907 503 977 νοῦντες]
537 910 714 971 αἰτίας
749 912 897 980 παρὰ
928 912 1006 981 τῷ
1044 913 1155 982 ἰδίῳ
1187 916 1589 978 δικαζέσθωσαν
1625 934 1827 984 μητρο-

265 997 477 1068 πολίτῃ,
509 1001 970 1069 συνακροωμένων
996 1003 1086 1056 δύο
1116 1005 1425 1057 ἐπισκόπων
1451 1005 1551 1073 τῆς
1583 1009 1820 1058 συνόδου.

263 1085 504 1155 Θατέρου
537 1088 591 1139 δὲ
625 1089 700 1158 μὴ
731 1093 1065 1159 αοιχοῦντος
1093 1097 1156 1163 τῇ
1188 1095 1391 1147 τούτων
1422 1098 1633 1166 κρίσει,
1666 1098 1693 1148 ὁ
1724 1099 1827 1166 ἀρε

267 1175 445 1241 μόδιος
485 1179 822 1248 πατριάρχης
863 1180 1102 1244 ἐξετάσει
1142 1185 1238 1252 την
1273 1184 1471 1252 ψῆφον,
1518 1187 1590 1255 μὴ
1633 1187 1822 1249 δεδιὼς

261 1265 536 1332 ἔκκλητον.

329 1355 741 1426 Μητροπολίτης
785 1359 838 1410 δέ
878 1361 1199 1429 ἐναγόμενος
1246 1365 1396 1430 παρὰ
1433 1365 1508 1430 τῷ
1553 1365 1664 1433 ἰδίῳ
1707 1382 1824 1429 κρι-

259 1440 430 1492 νέσοω
468 1445 794 1513 πατριάρχῃ.
835 1448 890 1498 Ὀ
925 1448 1084 1508 αὐτὸς
1115 1447 1170 1499 δὲ
1205 1448 1553 1513 φυλαττέσθω
1584 1450 1819 1518 τρακτά-

257 1548 342 1591 τος
372 1533 464 1583 καὶ
493 1534 582 1584 ἐπὶ
612 1535 889 1604 κληρικοῦ,
917 1538 991 1605 τῷ
1024 1538 1137 1606 ἰδίῳ
1165 1538 1446 1604 ἐνάγοντος
1475 1540 1756 1608 ἐπισκόπῳ
1787 1541 1816 1608 ἢ

260 1623 647 1692 μητροπολίτῃ.
678 1626 756 1676 Τὰ
783 1627 836 1678 δὲ
868 1628 1125 1696 εἰρημένα
1155 1628 1368 1682 ἅπαντα
1400 1631 1685 1696 πρόσωπα,
1713 1631 1820 1682 εἴτε

255 1713 404 1778 παρὰ
428 1715 535 1774 τοῖς
569 1714 717 1774 ἰδίοις
747 1718 1086 1780 ἐπισκόποις,
1117 1719 1146 1786 ἡ
1182 1719 1626 1788 μητρθπολίταιςν
1656 1720 1686 1785 ἢ
1729 1736 1822 1770 πα·

252 1801 538 1869 τριάρχαις
570 1802 906 1868 δικάζονται,
943 1807 1053 1858 cite
1091 1808 1220 1875 παρ’
1246 1810 1452 1875 ἑτέροις
1483 1809 1626 1859 τισίν
1652 1826 1664 1838 ·
1700 1809 1820 1859 οὕτε

251 1889 306 1941 δὲ
339 1892 566 1958 ἐγγύην,
594 1893 715 1944 οὔτε
748 1894 1049 1962 ἐξωμοσίαν
1077 1897 1216 1965 ὑπὲρ
1244 1899 1341 1966 τῆς
1368 1898 1521 1968 δίκης
1556 1899 1821 1968 παρέχουε-

253 1995 359 2044 σιν,
391 1981 527 2033 ἀλλὰ
561 1983 722 2051 μόνον
752 1985 1024 2053 ὑπόθηκον
1051 1989 1319 2041 cautiona.

320 2153 435 2215 ua;
465 2154 745 2225 κληρικδς,
781 2158 994 2226 εὐαγῶν
1020 2160 1200 2212 τόπων
1224 2163 1500 2233 διοικητὴς
1525 2163 1622 2227 ὢν,
1654 2167 1819 2218 ἀπαι-

246 2243 450 2296 τείσθω
499 2246 595 2296 ὅσα
640 2246 706 2297 ἂν
750 2246 1205 2315 λογοθετούμενος
1255 2251 1447 2320 φανείη
1497 2256 1819 2321 χρεωστῶν,

251 2335 346 2384 καὶ
399 2336 533 2400 μετὰ
580 2337 906 2407 καταδολὴν,
954 2340 1002 2390 εἰ
1051 2341 1197 2408 λέγει
1247 2343 1445 2405 ἀδίκως
1492 2346 1818 2414 εύθυνθῆναι

249 2423 356 2474 ὑπὸ
379 2423 474 2475 τοῦ
505 2425 630 2476 ἰδίου
661 2428 978 2493 ἐπισκόπου,
1007 2431 1096 2481 τὸν
1127 2431 1346 2500 μείζονα
1375 2435 1672 2488 ἐπίσκοπον
1701 2440 1820 2489 ἐπι-

245 2510 518 2564 καλείσθω
537 2526 550 2541 ⁸
581 2514 1041 2588 τούτωνεέχόντων
1069 2523 1250 2588 χώραν
1277 2525 1371 2575 καὶ
1406 2525 1498 2576 ἐπὶ
1525 2525 1630 2577 τῶν
1655 2529 1817 2578 αὑτοῦ

247 2601 619 2672 κληρονόμων.

325 2778 383 2828 '0
412 2775 669 2846 κληρικδς
697 2780 846 2849 παρὰ
876 2783 1100 2852 γνώμην
1124 2784 1218 2837 τοῦ
1250 2785 1380 2838 ἰδίου
1408 2787 1705 2841 ἐπισκόπου
1739 2790 1811 2859 μὴ

241 2867 614 2935 ἀποδημείτω,
639 2869 733 2931 τὰς
757 2875 1160 2941 προειρημένας
1184 2877 1375 2938 ποινὰς
1396 2877 1811 2947 εὐλαϐούμενος,

238 2954 304 3017 a;
333 2957 475 3008 κατὰ
501 2956 606 3008 τῶν
633 2960 946 3013 ἐπισκόπων
977 2965 1256 3033 ἐπήγαγεν
1287 2967 1319 3034 ἡ
1348 2965 1614 3033 διάταξις.

312 3046 424 3107 Πᾶς
486 3046 542 3097 δὲ
592 3047 919 3116 ἐπίσκοπος,
972 3053 1356 3124 εὑρισκόμενος
1400 3059 1458 3109 ἐν
1504 3060 1810 3129 Βυζαντίῳ,

237 3137 391 3203 παρὰ
435 3138 614 3205 μόνοις
649 3143 761 3202 τοῖς
803 3141 1060 3212 ἐπάρχοις
1101 3145 1131 3214 ἢ
1168 3149 1279 3207 τοῖς
1321 3147 1482 3208 θείοις
1522 3149 1801 3213 δικασταῖς

237 3228 515 3295 ἐναγέσθω
536 3270 550 3292 ,
585 3231 642 3280 ἐν
671 3224 714 3296 ᾧ
742 3233 930 3300 γέγονε
964 3237 1336 3304 προκάταρξις
1365 3239 1420 3288 ἐν
1449 3241 1512 3307 τῇ
1550 3241 1767 3307 πατρίδι
1795 3259 1806 3270 ο

232 3319 370 3370 ὅπου
413 3319 521 3390 γάρ
562 3323 594 3390 ἡ
636 3323 1040 3392 προκάταρξις,
1077 3331 1168 3379 καὶ
1212 3330 1270 3380 τὸ
1311 3330 1484 3398 πέρας
1523 3331 1619 3398 τῆς
1657 3331 1808 3400 δίκης

231 3412 595 3476 γυμνάζεται.

318 3503 376 3554 '0
410 3505 821 3574 ἀποκρισιάριος
851 3507 925 3576 μὴ
956 3509 1231 3575 ἐναγέοθω
1263 3511 1400 3578 ὑπὲρ
1426 3511 1533 3563 τῶν
1561 3513 1807 3565 ἀποστει-

229 3594 438 3646 λάντων
469 3596 650 3646 αὐτόν.
686 3596 745 3647 Εἰ
779 3595 834 3647 δέ
874 3599 968 3648 καὶ
1005 3599 1227 3661 ἐντολάς
1261 3600 1442 3665 ἐνάγει
1470 3606 1596 3664 τινί,
1626 3606 1807 3654 ἀντενο

229 3685 474 3752 αγέσθω.
517 3686 749 3755 Ὁμοίως
793 3687 849 3739 δὲ
899 3689 995 3740 καὶ
1045 3689 1182 3759 ὑπὲρ
1233 3685 1306 3745 ὧν
1353 3693 1647 3762 συνήλλαξε
1688 3700 1806 3758 ταῖς

228 3777 554 3843 ἀποκρίσεσι
597 3777 880 3832 διακονῶν.
919 3779 1101 3832 Ταῦτα
1143 3785 1235 3836 καὶ
1280 3785 1408 3851 περί
1441 3785 1549 3836 τῶν
1583 3789 1805 3838 ἐπισκό-

227 3879 348 3915 πων
387 3867 610 3934 κρατεί,
649 3866 736 3917 διὰ
772 3871 1109 3937 χειροτονίαν
1146 3871 1178 3940 ἦ
1221 3874 1518 3940 πρεσὸείαν
1554 3875 1804 3928 ἀνελθόν-

223 3971 339 4006 των
371 3957 428 4007 ἐν
465 3958 1028 4013 Κωνσταντινονπόλει
1057 4002 1071 4027 ,
1104 3963 1214 4015 τῶν
1249 3966 1474 4033 χρονίων
1515 3984 1801 4036 παραγραο

225 4046 344 4112 φῶν
375 4049 437 4097 ἐκ
465 4047 564 4113 τῆς
594 4048 778 4100 αὐτῶν
804 4051 1128 4119 ἀπολήψεως
1162 4053 1238 4122 μὴ
1272 4053 1677 4124 βλαπτομένων.

312 4135 372 4186 '0
408 4137 666 4205 κληρικδς
701 4141 793 4190 καὶ
826 4143 853 4191 ὁ
889 4143 1121 4212 μοναχδς
1159 4145 1249 4195 καί
1281 4145 1345 4196 δι’
1372 4146 1579 4199 ἑαυτῶν
1613 4150 1701 4200 καὶ
1735 4151 1801 4202 δι’

222 4225 484 4277 ἐντολέων
519 4228 847 4296 ἐνυϐρίστως
883 4233 1247 4298 ἐναγέτωσαν.
1281 4237 1601 4306 Μονάστρια
1633 4239 1688 4290 δὲ
1724 4240 1798 4306 μὴ

220 4317 545 4381 ἀφελκέσθω
577 4320 670 4369 τοῦ
714 4324 1110 4390 μοναστηρίου,
1153 4326 1288 4378 ἀλλὰ
1322 4327 1390 4378 δι’
1422 4330 1676 4393 ἐντολέως
1709 4334 1796 4383 ὲν-

219 4402 443 4468 αγέσθω
467 4441 481 4468 ,
522 4405 615 4456 τοῦ
652 4409 1078 4476 παρασαίνοντος
1113 4413 1364 4467 δικαστοῦ
1383 4416 1477 4485 τῆς
1514 4419 1687 4490 ζώνης
1706 4440 1794 4488 γυ-

223 4495 526 4562 μνουμένου
542 4511 557 4527 ο
579 4496 671 4548 τοῦ
696 4497 750 4549 δὲ
776 4501 1100 4555 ἐκδιδαστοῦ
1126 4507 1258 4575 πρὸς
1279 4505 1353 4577 [in
1373 4509 1480 4561 alio
1500 4527 1599 4563 ms.
1622 4513 1795 4582 παρὰ]

217 4588 331 4646 τοῖς
385 4589 693 4654 εἰρημένοις
748 4590 1172 4661 βασανιζομένου
1225 4600 1319 4650 καὶ
1371 4600 1746 4670 ἐξοριζομένΟυ
1778 4621 1791 4635 ο

217 4676 406 4728 ἄδειαν
440 4676 653 4742 ἔχοντος
684 4680 778 4732 τοῦ
821 4684 1119 4736 ἐπισκόπου
1159 4689 1386 4755 μηνύειν
1423 4690 1634 4758 βασιλεί
1667 4697 1793 4763 περί

215 4783 429 4817 τουτου.

288 5041 562 5109 Κληρικδς
598 5042 862 5105 αἰτιαθεὶς
893 5046 1131 5116 τέσσαρα
1171 5052 1398 5119 κεράτια
1441 5054 1582 5123 λόγῳ
1622 5073 1788 5127 σπορ·

208 5129 417 5179 τούλων
462 5132 760 5198 παρεχέτω.
809 5135 867 5184 Εἰ
912 5135 966 5186 δὲ
1015 5139 1070 5188 ἐν
1116 5141 1406 5209 ἐπαρχίαις
1451 5145 1590 5195 κατὰ
1637 5145 1784 5200 θείαν

213 5223 462 5274 κέλευσιν
513 5222 542 5290 ἦ
599 5228 1031 5294 πατριαρχικὴν,
1083 5230 1113 5298 ἦ
1172 5230 1428 5299 ἄρχοντος
1485 5237 1784 5304 ἐπιτροπὴν

209 5316 378 5382 σταλῇ
411 5314 547 5382 πρὸς
578 5315 773 5376 αὐτοὺς
807 5317 1154 5388 ἐκϐιϐαστὴς,
1186 5323 1438 5389 χρύσινον
1465 5332 1531 5379 α’.
1571 5328 1780 5381 Πολλῶν

204 5407 260 5460 δὲ
297 5407 439 5474 ὑπὲρ
477 5408 602 5475 μιᾶς
639 5409 811 5469 αἰτίας
849 5411 1324 5480 ύπομνησθέντων,
1360 5415 1417 5467 ἓν
1453 5419 1780 5486 σπόρτουὶρν

203 5498 350 5564 ὑπὲρ
381 5499 594 5551 πάντων
622 5501 863 5556 διδόσθω.
900 5503 1225 5564 Ἐπίσκοπος
1255 5507 1307 5558 δὲ
1341 5509 1604 5572 αἰτιαθεὶς
1639 5514 1776 5582 ὑπὲρ

206 5589 346 5646 ἰδίας
383 5592 560 5652 αἰτίας
595 5593 784 5643 διδότω
822 5597 1142 5662 σπὲρτουλα.
1182 5600 1462 5670 Μηδαμῶς
1497 5604 1550 5654 δὲ
1586 5607 1776 5672 ἐναγέ-

200 5684 316 5736 σθω
351 5683 490 5751 ὑπὲρ
522 5686 615 5752 τῆς
651 5685 781 5746 ἰδίας
813 5689 1135 5756 ἐκκλησίας,
1171 5692 1284 5743 ἀλλ’
1308 5695 1333 5744 ὀ
1364 5697 1642 5764 οἰκονόμος
1676 5702 1772 5753 αὐ.

1939 562 2039 614 sub
2071 560 2388 614 facultatum
2445 579 2662 617 suarum
2712 565 3063 633 obligatione,
3118 568 3253 619 citra
3305 567 3487 635 jusju-

1936 653 2184 705 randum.
2213 653 2305 707 Sin
2343 655 2712 708 ecelesiastica
2747 657 2811 709 lis
2864 656 2913 709 ei
2965 657 3284 720 intentatur,
3338 672 3398 711 so
3425 673 3486 707 ns

1932 738 2218 804 episcopus
2251 739 2302 788 in
2340 739 2427 790 illa
2457 739 2618 805 judex
2652 753 2790 796 esto.

2001 824 2134 878 Cum
2167 828 2406 896 episcopi
2442 831 2566 882 lites
2600 833 2862 886 adversus
2895 849 2954 886 se
2987 835 3216 887 invicem
3247 846 3482 898 movent,

1932 915 2072 980 apud
2112 921 2587 987 metropolitanum
2623 937 2779 974 suum
2814 925 3189 992 experiantur,
3230 941 3332 978 una
3359 942 3480 978 cum

1933 1005 2023 1057 illo
2047 1005 2260 1061 duobus
2287 1011 2560 1078 episcOpis
2581 1027 2610 1064 e
2642 1013 2873 1066 concilio
2901 1029 3093 1067 causas
3119 1015 3483 1068 audientibus.

1929 1091 2082 1155 Quod
2118 1097 2160 1147 si
2201 1095 2392 1148 horum
2428 1099 2690 1154 alteruter
2747 1115 2852 1151 non
2895 1101 3219 1154 assentiatur
3271 1101 3483 1154 illorum

1927 1183 2156 1248 judicio,
2192 1185 2494 1250 patriarcha
2528 1200 2840 1256 competens
2896 1191 3224 1242 sententiain
3282 1194 3486 1243 exami-

1931 1273 2095 1332 nabit,
2132 1274 2332 1325 nullam
2375 1276 2580 1329 veritus
2615 1278 3062 1344 appellationem.

1999 1361 2150 1423 Quod
2230 1362 2273 1415 si
2334 1367 2782 1430 lliell'OpOiilMillS
2853 1369 2940 1427 sit,
3001 1370 3092 1436 qui
3147 1372 3480 1427 convenitur.

1929 1450 2072 1516 apud
2109 1452 2476 1517 patriarcham
2519 1470 2675 1506 suum
2703 1455 3000 1523 judicator.
3037 1457 3181 1511 Idem
3219 1465 3484 1510 tractatus

1929 1547 2173 1589 servator
2199 1539 2359 1591 etiam
2397 1540 2450 1591 in
2483 1541 2703 1604 clerico,
2743 1543 2834 1610 qui
2869 1559 3026 1597 suum
3060 1545 3314 1597 convenit
3367 1546 3487 1612 epi-

1927 1641 2173 1694 scopum,
2247 1639 2341 1682 aut
2411 1633 2908 1700 metrOpolitanum.
2965 1635 3232 1688 Caeterum
3295 1651 3482 1690 omnes

1929 1716 2178 1770 iudicatae
2211 1733 2478 1784 personae,
2535 1724 2647 1775 sive
2680 1725 2816 1790 apud
2869 1725 3149 1792 episcopos
3201 1734 3354 1790 sues,
3392 1737 3483 1780 aut

1862 1798 1899 1850 Β
1931 1809 2401 1874 metropolitanos,
2426 1820 2515 1863 aut
2550 1812 2887 1878 patriarchas
2911 1813 3146 1880 litigant,
3183 1814 3297 1867 sive
3322 1817 3482 1868 etiam

1926 1898 2067 1962 apud
2103 1897 2238 1951 alios
2267 1900 2570 1966 quosdam;
2627 1915 2724 1953 nec
2764 1901 3187 1970 lidejussionem,
3223 1903 3304 1954 vel
3331 1904 3486 1970 juru-

1926 1983 2116 2035 toriam
2153 1987 2458 2038 cautionem
2493 1986 2603 2040 litis
2654 1988 2875 2042 nomine
2936 1998 3216 2056 praestant,
3265 1993 3358 2044 sed
3400 2007 3486 2045 so-

1926 2075 2031 2125 lam
2075 2075 2424 2128 securitatem
2459 2076 2559 2129 sub
2589 2076 2849 2129 bouorum
2884 2077 3229 2146 obligatione.

1993 2165 2070 2216 Ab
2096 2165 2238 2217 omni
2264 2167 2480 2229 clerico,
2511 2169 2599 2234 qui
2628 2167 3002 2235 religiosorum
3039 2168 3277 2221 locorum
3314 2169 3483 2221 admi-

1924 2264 2183 2308 nistrator
2221 2267 2319 2317 est,
2355 2257 2640 2325 exiguntor
2671 2273 2731 2309 ea
2793 2272 3132 2326 qu:ecunqne
3180 2260 3484 2312 constiterit

1923 2357 2044 2395 eum
2104 2343 2322 2402 debere.
2359 2361 2479 2397 cum
2521 2349 2760 2400 rationes
2799 2348 2864 2400 ad
2914 2348 3032 2412 ipso
3067 2350 3386 2414 redduntur,
3421 2367 3483 2403 ac

1924 2431 2196 2488 solutione
2229 2434 2398 2497 facta,
2434 2437 2478 2488 si
2523 2437 2667 2490 dicat
2703 2438 2904 2504 injuste
2935 2443 3172 2494 rationes
3206 2452 3422 2496 exactas
3454 2459 3481 2494 a

1921 2539 1980 2576 se
2012 2539 2104 2592 per
2135 2527 2450 2595 episcopum
2487 2544 2671 2595 suum,
2716 2531 3030 2598 episcopum
3086 2533 3342 2602 majorem
3384 2537 3482 2589 iat-

1921 2616 2136 2681 ploret:
2177 2617 2260 2670 his
2293 2619 2428 2686 ipsis
2469 2619 2643 2673 locum
2698 2621 3030 2675 habentibus
3081 2625 3242 2677 etiam
3282 2625 3335 2677 in
3369 2626 3476 2678 hie-

1921 2704 2142 2758 redibus
2173 2705 2315 2773 ejus.

1990 2816 2234 2872 Clericus
2267 2830 2462 2886 preter
2498 2822 2829 2874 voluntatem
2865 2824 3106 2894 episcopi
3136 2828 3215 2878 sui
3255 2844 3478 2900 peregre

1920 2922 1986 2959 ne
2035 2909 2421 2974 proﬁciscitor,
2475 2913 2759 2978 praedictas
2819 2930 3006 2988 puellas
3061 2919 3284 2982 veritus,
3342 2936 3479 2988 quas

1920 2997 2180 3054 adversus
2216 3002 2497 3069 episcopos
2539 3003 2651 3055 hanc
2685 2985 3010 3058 constitutio
3044 3009 3257 3062 statuit.

1989 3090 2177 3145 Omnis
2231 3091 2537 3161 cpiscopus,
2579 3095 2667 3162 qui
2704 3096 2944 3165 Byzantii
2997 3100 3282 3166 reperitur,
3335 3105 3474 3170 apud

1916 3181 2061 3234 solos
2096 3183 2376 3249 praefectos
2411 3187 2684 3251 praetorio,
2743 3189 2824 3240 vel
2860 3189 3073 3241 divinos
3098 3188 3310 3254 judiees
3343 3207 3474 3246 con-

1914 3277 2144 3339 venitor,
2199 3276 2264 3329 de
2299 3293 2406 3346 quo
2444 3281 2675 3346 primum
2713 3281 2853 3333 facta
2886 3290 2969 3335 est
3005 3281 3111 3335 litis
3143 3287 3466 3339 contestatio

1912 3364 1967 3416 in
2011 3367 2204 3433 patria.
2242 3365 2342 3420 Ubi
2394 3371 2535 3421 enim
2571 3371 2678 3422 litis
2711 3375 3033 3427 contestatio
3084 3373 3220 3427 facta
3256 3384 3360 3441 est,
3401 3377 3470 3430 ibi

1912 3455 2034 3508 linis
2069 3456 2226 3508 etiam
2260 3458 2370 3512 litis
2397 3473 2701 3512 exercetur.

1979 3547 2379 3613 Apocrisiarius
2412 3565 2598 3603 eorum
2636 3554 2879 3614 nomine,
2931 3554 3022 3619 qui
3079 3555 3343 3608 miserunt
3385 3557 3470 3622 ip-

1911 3651 2054 3698 sum,
2114 3651 2180 3689 ne
2227 3641 2569 3692 convenitor.
2624 3638 2679 3692 Si
2737 3656 2862 3693 vero
2913 3643 3187 3694 mandatis
3235 3646 3470 3712 acceptis

1909 3725 2138 3794 aliquem
2174 3727 2445 3792 convenit,
2483 3732 2826 3785 reconventio
2859 3731 3033 3783 locum
3062 3732 3277 3783 habeto.
3310 3731 3470 3784 Smi-

1906 3816 2031 3869 liter
2098 3826 2152 3869 et
2206 3817 2421 3871 illorum
2498 3821 2715 3873 nomine
2775 3823 3112 3884 convenitor,
3182 3838 3300 3892 quae
3339 3827 3463 3876 dum

1905 3907 2248 3974 apocrisiarii
2279 3917 2505 3963 monere
2540 3910 2807 3982 iungitur,
2846 3915 3136 3966 contraxit.
3176 3913 3374 3966 Eadem
3411 3918 3459 3964 in

1904 3997 2176 4065 episcopis
2228 4014 2442 4066 quoque
2479 4001 2656 4053 locum
2715 4003 2934 4066 habent,
2990 4003 3076 4070 qui
3120 4013 3338 4072 propter
3373 4019 3465 4056 or-

1903 4085 2260 4149 dinationem,
2291 4098 2386 4142 aut
2419 4091 2741 4159 legationem
2775 4093 3038 4159 aliquam,
3080 4093 3485 4147 Conslunt'rltu-‘

1903 4176 2069 4243 polim
2099 4179 2389 4232 venerint:
2434 4182 2937 4250 praescriptionibus
2979 4184 3120 4251 longi
3183 4186 3463 4252 temporis,

1903 4281 1969 4319 ex
2005 4266 2249 4333 ipsorum
2283 4268 2554 4333 absentia,
2591 4271 2741 4322 nullo
2777 4285 2938 4323 mone
2968 4271 3246 4326 lardeudis.

1970 4353 2209 4409 Clericus
2236 4365 2290 4410 et
2316 4359 2638 4422 monachus,
2663 4367 2772 4410 tam
2804 4360 2855 4411 in
2886 4375 2982 4412 sua
3014 4375 3268 4429 persona,
3297 4377 3456 4430 quam

1826 4452 1999 4512 Dper
2055 4455 2460 4513 procuratores,
2518 4451 2721 4518 absque
2773 4451 2986 4519 injuriis
3043 4455 3458 4508 conveniuntor.

1903 4533 2195 4589 Monastria
2236 4552 2360 4590 vero
2423 4554 2490 4592 ne
2544 4541 2876 4594 abstrahitor
2911 4559 2940 4596 e
2972 4548 3325 4607 monasterio,
3362 4549 3454 4598 sed

1897 4635 1993 4688 per
2044 4635 2454 4691 procuratorem
2514 4630 2854 4693 convenitor,
2919 4633 3121 4700 judice,
3205 4635 3294 4702 qui
3355 4634 3456 4686 hoe

1896 4714 2316 4778 transgreditur,
2342 4717 2560 4785 cingulo
2588 4720 2908 4786 spoliando;
2947 4734 3263 4776 exsecutore
3300 4739 3445 4786 vero,

1895 4809 2090 4869 praeter
2144 4803 2399 4870 indicata,
2455 4811 2738 4863 tormentis
2793 4813 2956 4864 etiam
3013 4813 3348 4880 subjiriendo
3399 4827 3451 4867 et

1894 4890 2180 4960 relegando
2209 4912 2221 4947 :
2253 4897 2509 4964 episcopo
2542 4898 2815 4952 licentiam
2854 4902 3103 4966 habente,
3138 4913 3193 4954 ut
3243 4909 3305 4956 de
3351 4904 3452 4956 hac

1893 4999 1950 5036 re
1985 4985 2252 5052 signiﬁcet
2284 4991 2617 5059 imperatori.

1963 5075 2206 5131 Clericus
2279 5091 2589 5143 accusatus,
2668 5093 2905 5146 quatuor
2961 5086 3186 5152 siliquas
3244 5089 3453 5142 ratione

1891 5168 2258 5233 sportularum
2292 5171 2527 5238 prazbeto
2591 5171 2644 5224 Si
2678 5189 2804 5227 vero
2844 5177 2892 5226 in
2947 5177 3242 5242 provinciis
3293 5177 3452 5243 jussu

1889 5251 2255 5322 imperatorio,
2313 5261 2394 5313 vel
2435 5261 2799 5329 patriartlmli,
2834 5268 2912 5316 Vel
2949 5280 3215 5332 pernussu
3251 5270 3450 5333 prtesi~

1886 5344 1969 5396 dis
2003 5360 2291 5401 exsecutor
2321 5350 2384 5403 ad
2419 5369 2512 5405 eos
2542 5355 2743 5408 missus
2804 5355 2983 5418 luet‘it,
3021 5357 3251 5408 Solidum
3281 5375 3444 5410 unum

1885 5447 2159 5503 praestent.
2227 5440 2378 5505 Quod
2446 5445 2489 5496 si
2549 5446 2728 5513 plures
2761 5447 2925 5498 unius
2979 5462 3158 5500 causa:
3233 5451 3452 5504 nomine

1881 5531 2201 5582 commoniti
2234 5531 2451 5596 fuerint,
2489 5551 2608 5588 unze
2640 5538 2907 5590 duntaxat
2938 5539 3175 5590 omnium
3225 5541 3442 5594 nomine

1881 5621 2185 5686 praebe-utor
2225 5625 2499 5692 sportulm.
2546 5626 2844 5696 Episcopus
2881 5639 3171 5684 accusatus
3199 5628 3306 5679 litis
3334 5643 3444 5680 ειιω

1880 5726 2043 5766 causa
2079 5715 2257 5770 nullas
2291 5716 2379 5772 det
2412 5721 2706 5786 sportulas.
2749 5720 2893 5776 Idem
2931 5722 3078 5776 nullo
3122 5719 3280 5772 modo
3314 5733 3445 5772 con-
