  <div class='ocr_page' id='page_1' title='image "/cluster/home/n/w/nwhite01/storage/ocr_20150623/138/uva.x030486987/744.png"; bbox 0 0 4082 6486; ppageno 0'>
   <div class='ocr_carea' id='block_1_1' title="bbox 171 381 302 448">
    <p class='ocr_par' dir='ltr' id='par_1_1' title="bbox 171 381 302 448">
     <span class='ocr_line' id='line_1_1' title="bbox 171 381 302 448; baseline -0.015 0"><span class='ocrx_word' id='word_1_1' title='bbox 171 381 302 448; x_wconf 82' lang='lat' dir='ltr'><strong>i301</strong></span> 
     </span>
    </p>
   </div>
   <div class='ocr_carea' id='block_1_2' title="bbox 167 591 1728 664">
    <p class='ocr_par' dir='ltr' id='par_1_2' title="bbox 167 591 1728 664">
     <span class='ocr_line' id='line_1_2' title="bbox 167 591 1728 664; baseline 0.001 -21"><span class='ocrx_word' id='word_1_2' title='bbox 167 609 270 644; x_wconf 85' lang='grc' dir='ltr'><strong>πον</strong></span> <span class='ocrx_word' id='word_1_3' title='bbox 311 592 443 659; x_wconf 83' lang='grc' dir='ltr'>περὶ</span> <span class='ocrx_word' id='word_1_4' title='bbox 486 592 594 644; x_wconf 80' lang='grc' dir='ltr'><strong>τῶν</strong></span> <span class='ocrx_word' id='word_1_5' title='bbox 644 592 726 654; x_wconf 87' lang='grc' dir='ltr'><strong>είς</strong></span> <span class='ocrx_word' id='word_1_6' title='bbox 779 591 1019 645; x_wconf 73' lang='grc' dir='ltr'><strong>διάδοσιν</strong></span> <span class='ocrx_word' id='word_1_7' title='bbox 1070 594 1384 663; x_wconf 82' lang='grc' dir='ltr'>πτωχῶν,ἦ</span> <span class='ocrx_word' id='word_1_8' title='bbox 1425 593 1728 664; x_wconf 75' lang='grc' dir='ltr'>ἀνάρρυσιν</span> 
     </span>
    </p>
   </div>
   <div class='ocr_carea' id='block_1_3' title="bbox 166 680 1730 753">
    <p class='ocr_par' dir='ltr' id='par_1_3' title="bbox 166 680 1730 753">
     <span class='ocr_line' id='line_1_3' title="bbox 166 680 1730 753; baseline 0.001 -21"><span class='ocrx_word' id='word_1_9' title='bbox 166 681 276 732; x_wconf 89' lang='grc' dir='ltr'><strong>τῶν</strong></span> <span class='ocrx_word' id='word_1_10' title='bbox 319 681 712 751; x_wconf 76' lang='grc' dir='ltr'>αἰχμαλώτων,</span> <span class='ocrx_word' id='word_1_11' title='bbox 758 680 1106 753; x_wconf 76' lang='grc' dir='ltr'>ἀπροσιῖνπως</span> <span class='ocrx_word' id='word_1_12' title='bbox 1161 700 1218 735; x_wconf 84' lang='grc' dir='ltr'><strong>τε</strong></span> <span class='ocrx_word' id='word_1_13' title='bbox 1280 684 1373 736; x_wconf 82' lang='grc' dir='ltr'>καὶ</span> <span class='ocrx_word' id='word_1_14' title='bbox 1428 683 1730 750; x_wconf 79' lang='grc' dir='ltr'>ἀνωνύμως</span> 
     </span>
    </p>
   </div>
   <div class='ocr_carea' id='block_1_4' title="bbox 167 773 657 840">
    <p class='ocr_par' dir='ltr' id='par_1_4' title="bbox 167 773 657 840">
     <span class='ocr_line' id='line_1_4' title="bbox 167 773 657 840; baseline 0.01 -18"><span class='ocrx_word' id='word_1_15' title='bbox 167 773 657 840; x_wconf 69' lang='grc' dir='ltr'><strong>καταλειφθέντων.</strong></span> 
     </span>
    </p>
   </div>
   <div class='ocr_carea' id='block_1_5' title="bbox 239 860 1730 931">
    <p class='ocr_par' dir='ltr' id='par_1_5' title="bbox 239 860 1730 931">
     <span class='ocr_line' id='line_1_5' title="bbox 239 860 1730 931; baseline 0.003 -19"><span class='ocrx_word' id='word_1_16' title='bbox 239 861 350 922; x_wconf 73' lang='grc' dir='ltr'><strong>Τὰς</strong></span> <span class='ocrx_word' id='word_1_17' title='bbox 374 860 480 912; x_wconf 86' lang='grc' dir='ltr'><strong>τῶν</strong></span> <span class='ocrx_word' id='word_1_18' title='bbox 506 861 763 931; x_wconf 80' lang='grc' dir='ltr'>διαδόχων</span> <span class='ocrx_word' id='word_1_19' title='bbox 793 864 886 917; x_wconf 81' lang='grc' dir='ltr'>καὶ</span> <span class='ocrx_word' id='word_1_20' title='bbox 921 864 1220 918; x_wconf 84' lang='grc' dir='ltr'>ἀδιαθὲτων</span> <span class='ocrx_word' id='word_1_21' title='bbox 1253 864 1596 924; x_wconf 78' lang='grc' dir='ltr'>ἐπισκόπων,</span> <span class='ocrx_word' id='word_1_22' title='bbox 1637 866 1730 916; x_wconf 81' lang='grc' dir='ltr'>καὶ</span> 
     </span>
    </p>
   </div>
   <div class='ocr_carea' id='block_1_6' title="bbox 166 950 1730 1022">
    <p class='ocr_par' dir='ltr' id='par_1_6' title="bbox 166 950 1730 1022">
     <span class='ocr_line' id='line_1_6' title="bbox 166 950 1730 1022; baseline 0.002 -21"><span class='ocrx_word' id='word_1_23' title='bbox 166 950 372 1002; x_wconf 79' lang='grc' dir='ltr'>λοιπῶν</span> <span class='ocrx_word' id='word_1_24' title='bbox 411 953 702 1020; x_wconf 82' lang='grc' dir='ltr'>ίερατικῶν</span> <span class='ocrx_word' id='word_1_25' title='bbox 773 955 1080 1022; x_wconf 81' lang='grc' dir='ltr'><strong>προσώπων</strong></span> <span class='ocrx_word' id='word_1_26' title='bbox 1143 954 1457 1022; x_wconf 81' lang='grc' dir='ltr'><strong>περιουσίας</strong></span> <span class='ocrx_word' id='word_1_27' title='bbox 1509 954 1565 1005; x_wconf 74' lang='lat' dir='ltr'><strong>ai</strong></span> <span class='ocrx_word' id='word_1_28' title='bbox 1610 953 1730 1005; x_wconf 82' lang='grc' dir='ltr'>κατ’</span> 
     </span>
    </p>
   </div>
   <div class='ocr_carea' id='block_1_7' title="bbox 167 1041 1080 1114">
    <p class='ocr_par' dir='ltr' id='par_1_7' title="bbox 167 1041 1080 1114">
     <span class='ocr_line' id='line_1_7' title="bbox 167 1041 1080 1114; baseline 0.004 -22"><span class='ocrx_word' id='word_1_29' title='bbox 167 1041 366 1104; x_wconf 75' lang='grc' dir='ltr'>αὐτοὺς</span> <span class='ocrx_word' id='word_1_30' title='bbox 405 1041 686 1112; x_wconf 70' lang='grc' dir='ltr'><strong>ἐκκλησίαι</strong></span> <span class='ocrx_word' id='word_1_31' title='bbox 723 1043 1080 1114; x_wconf 69' lang='grc' dir='ltr'>διαδέχονται.</span> 
     </span>
    </p>
   </div>
   <div class='ocr_carea' id='block_1_8' title="bbox 240 1219 1732 1294">
    <p class='ocr_par' dir='ltr' id='par_1_8' title="bbox 240 1219 1732 1294">
     <span class='ocr_line' id='line_1_8' title="bbox 240 1219 1732 1294; baseline 0.005 -24"><span class='ocrx_word' id='word_1_32' title='bbox 240 1219 433 1273; x_wconf 86' lang='grc' dir='ltr'>Τίτλου</span> <span class='ocrx_word' id='word_1_33' title='bbox 467 1221 560 1274; x_wconf 83' lang='grc' dir='ltr'><strong>τοῦ</strong></span> <span class='ocrx_word' id='word_1_34' title='bbox 586 1222 751 1274; x_wconf 82' lang='grc' dir='ltr'>αὐτοῦ</span> <span class='ocrx_word' id='word_1_35' title='bbox 776 1224 1019 1289; x_wconf 80' lang='grc' dir='ltr'>διάταξις</span> <span class='ocrx_word' id='word_1_36' title='bbox 1042 1223 1107 1276; x_wconf 82' lang='grc' dir='ltr'><strong>θ’.</strong></span> <span class='ocrx_word' id='word_1_37' title='bbox 1141 1220 1233 1275; x_wconf 82' lang='grc' dir='ltr'>Δεῖ</span> <span class='ocrx_word' id='word_1_38' title='bbox 1259 1226 1382 1287; x_wconf 75' lang='grc' dir='ltr'>τοὺς</span> <span class='ocrx_word' id='word_1_39' title='bbox 1416 1225 1732 1294; x_wconf 71' lang='grc' dir='ltr'>οἰκονόμους</span> 
     </span>
    </p>
   </div>
   <div class='ocr_carea' id='block_1_9' title="bbox 167 1309 1730 1384">
    <p class='ocr_par' dir='ltr' id='par_1_9' title="bbox 167 1309 1730 1384">
     <span class='ocr_line' id='line_1_9' title="bbox 167 1309 1730 1384; baseline 0.003 -22"><span class='ocrx_word' id='word_1_40' title='bbox 167 1309 280 1363; x_wconf 83' lang='grc' dir='ltr'><strong>τῶν</strong></span> <span class='ocrx_word' id='word_1_41' title='bbox 306 1312 612 1380; x_wconf 73' lang='grc' dir='ltr'><strong>ἐκκλησιῶν</strong></span> <span class='ocrx_word' id='word_1_42' title='bbox 639 1313 806 1376; x_wconf 80' lang='grc' dir='ltr'><strong>ἀδεῶς</strong></span> <span class='ocrx_word' id='word_1_43' title='bbox 850 1316 1085 1367; x_wconf 73' lang='grc' dir='ltr'>ἐκδικεῖν</span> <span class='ocrx_word' id='word_1_44' title='bbox 1134 1315 1198 1367; x_wconf 71' lang='grc' dir='ltr'><strong>τά</strong></span> <span class='ocrx_word' id='word_1_45' title='bbox 1250 1313 1602 1384; x_wconf 70' lang='grc' dir='ltr'><strong>περιελθόντα</strong></span> <span class='ocrx_word' id='word_1_46' title='bbox 1652 1317 1730 1378; x_wconf 90' lang='grc' dir='ltr'><strong>είς</strong></span> 
     </span>
    </p>
   </div>
   <div class='ocr_carea' id='block_1_10' title="bbox 166 1400 1734 1475">
    <p class='ocr_par' dir='ltr' id='par_1_10' title="bbox 166 1400 1734 1475">
     <span class='ocr_line' id='line_1_10' title="bbox 166 1400 1734 1475; baseline 0.006 -25"><span class='ocrx_word' id='word_1_47' title='bbox 166 1400 269 1468; x_wconf 80' lang='grc' dir='ltr'>τὴν</span> <span class='ocrx_word' id='word_1_48' title='bbox 301 1400 576 1469; x_wconf 84' lang='grc' dir='ltr'>βασιλείαν</span> <span class='ocrx_word' id='word_1_49' title='bbox 603 1403 713 1456; x_wconf 90' lang='grc' dir='ltr'><strong>τῶν</strong></span> <span class='ocrx_word' id='word_1_50' title='bbox 742 1406 960 1471; x_wconf 82' lang='grc' dir='ltr'>εὐαγῶν</span> <span class='ocrx_word' id='word_1_51' title='bbox 997 1406 1164 1457; x_wconf 80' lang='grc' dir='ltr'>οῖκων</span> <span class='ocrx_word' id='word_1_52' title='bbox 1201 1406 1435 1474; x_wconf 83' lang='grc' dir='ltr'>ἀκίνητα</span> <span class='ocrx_word' id='word_1_53' title='bbox 1466 1407 1734 1475; x_wconf 75' lang='grc' dir='ltr'>πράγμα-</span> 
     </span>
    </p>
   </div>
   <div class='ocr_carea' id='block_1_11' title="bbox 168 1492 1735 1568">
    <p class='ocr_par' dir='ltr' id='par_1_11' title="bbox 168 1492 1735 1568">
     <span class='ocr_line' id='line_1_11' title="bbox 168 1492 1735 1568; baseline 0.004 -26"><span class='ocrx_word' id='word_1_54' title='bbox 168 1509 263 1558; x_wconf 83' lang='grc' dir='ltr'>τα,</span> <span class='ocrx_word' id='word_1_55' title='bbox 310 1492 403 1544; x_wconf 80' lang='grc' dir='ltr'>καὶ</span> <span class='ocrx_word' id='word_1_56' title='bbox 455 1493 735 1562; x_wconf 54' lang='grc' dir='ltr'>ἀμείψεως</span> <span class='ocrx_word' id='word_1_57' title='bbox 781 1497 984 1564; x_wconf 75' lang='grc' dir='ltr'>τρόπον</span> <span class='ocrx_word' id='word_1_58' title='bbox 1036 1494 1146 1567; x_wconf 73' lang='grc' dir='ltr'><strong>[τον.</strong></span> <span class='ocrx_word' id='word_1_59' title='bbox 1200 1495 1432 1568; x_wconf 69' lang='grc' dir='ltr'>τρόπῳ],</span> <span class='ocrx_word' id='word_1_60' title='bbox 1469 1499 1564 1551; x_wconf 72' lang='grc' dir='ltr'><strong>ἐὰν</strong></span> <span class='ocrx_word' id='word_1_61' title='bbox 1597 1498 1735 1567; x_wconf 62' lang='grc' dir='ltr'>πρὸς</span> 
     </span>
    </p>
   </div>
   <div class='ocr_carea' id='block_1_12' title="bbox 169 1576 1737 1653">
    <p class='ocr_par' dir='ltr' id='par_1_12' title="bbox 169 1576 1737 1653">
     <span class='ocr_line' id='line_1_12' title="bbox 169 1576 1737 1653; baseline 0.006 -25"><span class='ocrx_word' id='word_1_62' title='bbox 169 1576 362 1648; x_wconf 71' lang='grc' dir='ltr'>ἕτερον</span> <span class='ocrx_word' id='word_1_63' title='bbox 394 1580 693 1646; x_wconf 78' lang='grc' dir='ltr'>μετέλθωσι</span> <span class='ocrx_word' id='word_1_64' title='bbox 727 1584 1040 1650; x_wconf 79' lang='grc' dir='ltr'>πρόσωπον.</span> <span class='ocrx_word' id='word_1_65' title='bbox 1074 1586 1387 1653; x_wconf 86' lang='grc' dir='ltr'>Σημείωσαι</span> <span class='ocrx_word' id='word_1_66' title='bbox 1439 1587 1496 1638; x_wconf 77' lang='grc' dir='ltr'>δὲ</span> <span class='ocrx_word' id='word_1_67' title='bbox 1550 1587 1634 1640; x_wconf 82' lang='grc' dir='ltr'>ὅτι</span> <span class='ocrx_word' id='word_1_68' title='bbox 1675 1587 1737 1638; x_wconf 80' lang='grc' dir='ltr'>τὸ</span> 
     </span>
    </p>
   </div>
   <div class='ocr_carea' id='block_1_13' title="bbox 172 1673 1736 1776">
    <p class='ocr_par' dir='ltr' id='par_1_13' title="bbox 172 1673 1736 1776">
     <span class='ocr_line' id='line_1_13' title="bbox 172 1673 1736 1776; baseline 0.007 -53"><span class='ocrx_word' id='word_1_69' title='bbox 172 1673 416 1776; x_wconf 58' lang='grc' dir='ltr'>ἐναντίον</span> <span class='ocrx_word' id='word_1_70' title='bbox 443 1675 606 1743; x_wconf 66' lang='grc' dir='ltr'>φησιν</span> <span class='ocrx_word' id='word_1_71' title='bbox 629 1677 661 1744; x_wconf 68' lang='grc' dir='ltr'>ι)</span> <span class='ocrx_word' id='word_1_72' title='bbox 691 1677 936 1743; x_wconf 75' lang='grc' dir='ltr'><strong>διάταξις</strong></span> <span class='ocrx_word' id='word_1_73' title='bbox 963 1678 1058 1732; x_wconf 79' lang='grc' dir='ltr'><strong>τοῦ</strong></span> <span class='ocrx_word' id='word_1_74' title='bbox 1080 1680 1259 1732; x_wconf 84' lang='grc' dir='ltr'>τίτλου</span> <span class='ocrx_word' id='word_1_75' title='bbox 1292 1681 1736 1752; x_wconf 82' lang='grc' dir='ltr'>μεταγενεστὲρα</span> 
     </span>
    </p>
   </div>
   <div class='ocr_carea' id='block_1_14' title="bbox 169 1775 332 1815">
    <p class='ocr_par' dir='ltr' id='par_1_14' title="bbox 169 1775 332 1815">
     <span class='ocr_line' id='line_1_14' title="bbox 169 1775 332 1815; baseline 0.031 -5"><span class='ocrx_word' id='word_1_76' title='bbox 169 1775 332 1815; x_wconf 76' lang='grc' dir='ltr'>ουσα.</span> 
     </span>
    </p>
   </div>
   <div class='ocr_carea' id='block_1_15' title="bbox 1220 387 2374 453">
    <p class='ocr_par' dir='ltr' id='par_1_15' title="bbox 1220 387 2374 453">
     <span class='ocr_line' id='line_1_15' title="bbox 1220 387 2374 453; baseline 0.004 -6"><span class='ocrx_word' id='word_1_77' title='bbox 1220 387 1559 451; x_wconf 81' lang='lat' dir='ltr'><strong>CONSTIT.</strong></span> <span class='ocrx_word' id='word_1_78' title='bbox 1609 389 1907 453; x_wconf 81' lang='lat' dir='ltr'><strong>ECCLES.</strong></span> <span class='ocrx_word' id='word_1_79' title='bbox 1941 388 2374 452; x_wconf 83' lang='lat' dir='ltr'><strong>COLLECTIO.</strong></span> 
     </span>
    </p>
   </div>
   <div class='ocr_carea' id='block_1_16' title="bbox 237 499 1817 571">
    <p class='ocr_par' dir='ltr' id='par_1_16' title="bbox 237 499 1817 571">
     <span class='ocr_line' id='line_1_16' title="bbox 237 499 1817 571; baseline 0.001 -21"><span class='ocrx_word' id='word_1_80' title='bbox 237 500 501 554; x_wconf 78' lang='grc' dir='ltr'>Διατυποῖ</span> <span class='ocrx_word' id='word_1_81' title='bbox 526 499 820 568; x_wconf 72' lang='grc' dir='ltr'>ἡδιάταξις</span> <span class='ocrx_word' id='word_1_82' title='bbox 855 499 908 551; x_wconf 85' lang='grc' dir='ltr'><strong>τί</strong></span> <span class='ocrx_word' id='word_1_83' title='bbox 951 499 1059 570; x_wconf 79' lang='grc' dir='ltr'>χρὴ</span> <span class='ocrx_word' id='word_1_84' title='bbox 1087 501 1355 571; x_wconf 76' lang='grc' dir='ltr'>πράττειν</span> <span class='ocrx_word' id='word_1_85' title='bbox 1384 505 1477 555; x_wconf 78' lang='grc' dir='ltr'><strong>τδν</strong></span> <span class='ocrx_word' id='word_1_86' title='bbox 1505 501 1730 553; x_wconf 65' lang='grc' dir='ltr'>ἐπίσκοι</span> <span class='ocrx_word' id='word_1_87' title='bbox 1765 501 1817 560; x_wconf 79' lang='grc' dir='ltr'>Α</span> 
     </span>
    </p>
   </div>
   <div class='ocr_carea' id='block_1_17' title="bbox 3255 381 3399 448">
    <p class='ocr_par' dir='ltr' id='par_1_17' title="bbox 3255 381 3399 448">
     <span class='ocr_line' id='line_1_17' title="bbox 3255 381 3399 448; baseline -0.021 -1"><span class='ocrx_word' id='word_1_88' title='bbox 3255 381 3399 448; x_wconf 77' lang='lat'><strong>1302</strong></span> 
     </span>
    </p>
   </div>
   <div class='ocr_carea' id='block_1_18' title="bbox 1913 497 3390 570">
    <p class='ocr_par' dir='ltr' id='par_1_18' title="bbox 1913 497 3390 570">
     <span class='ocr_line' id='line_1_18' title="bbox 1913 497 3390 570; baseline -0.003 -15"><span class='ocrx_word' id='word_1_89' title='bbox 1913 501 2118 556; x_wconf 90' lang='lat' dir='ltr'><strong>Statuit</strong></span> <span class='ocrx_word' id='word_1_90' title='bbox 2151 502 2339 557; x_wconf 86' lang='lat' dir='ltr'><strong>eadem</strong></span> <span class='ocrx_word' id='word_1_91' title='bbox 2367 501 2707 565; x_wconf 73' lang='lat' dir='ltr'><strong>conStitutio,</strong></span> <span class='ocrx_word' id='word_1_92' title='bbox 2740 501 2870 570; x_wconf 89' lang='lat' dir='ltr'><strong>quid</strong></span> <span class='ocrx_word' id='word_1_93' title='bbox 2900 513 3188 568; x_wconf 80' lang='lat' dir='ltr'><strong>cpiscopus</strong></span> <span class='ocrx_word' id='word_1_94' title='bbox 3211 497 3390 552; x_wconf 86' lang='lat' dir='ltr'><strong>facere</strong></span> 
     </span>
    </p>
   </div>
   <div class='ocr_carea' id='block_1_19' title="bbox 1832 588 3386 663">
    <p class='ocr_par' dir='ltr' id='par_1_19' title="bbox 1832 588 3386 663">
     <span class='ocr_line' id='line_1_19' title="bbox 1832 588 3386 663; baseline -0.003 -17"><span class='ocrx_word' id='word_1_95' title='bbox 1832 592 2026 647; x_wconf 89' lang='lat' dir='ltr'><strong>debeat</strong></span> <span class='ocrx_word' id='word_1_96' title='bbox 2058 593 2126 647; x_wconf 86' lang='lat' dir='ltr'><strong>de</strong></span> <span class='ocrx_word' id='word_1_97' title='bbox 2157 594 2245 656; x_wconf 89' lang='lat' dir='ltr'><strong>iis,</strong></span> <span class='ocrx_word' id='word_1_98' title='bbox 2273 608 2392 663; x_wconf 83' lang='lat' dir='ltr'><strong>quae</strong></span> <span class='ocrx_word' id='word_1_99' title='bbox 2423 594 2750 663; x_wconf 74' lang='lat' dir='ltr'><strong>pauperibus</strong></span> <span class='ocrx_word' id='word_1_100' title='bbox 2774 590 3171 653; x_wconf 84' lang='lat' dir='ltr'><strong>distribuenda,</strong></span> <span class='ocrx_word' id='word_1_101' title='bbox 3203 588 3288 643; x_wconf 89' lang='lat' dir='ltr'><strong>vel</strong></span> <span class='ocrx_word' id='word_1_102' title='bbox 3319 588 3386 642; x_wconf 90' lang='lat' dir='ltr'><strong>ad</strong></span> 
     </span>
    </p>
   </div>
   <div class='ocr_carea' id='block_1_20' title="bbox 1833 684 3386 754">
    <p class='ocr_par' dir='ltr' id='par_1_20' title="bbox 1833 684 3386 754">
     <span class='ocr_line' id='line_1_20' title="bbox 1833 684 3386 754; baseline -0.003 -18"><span class='ocrx_word' id='word_1_103' title='bbox 1833 684 2260 752; x_wconf 81' lang='lat' dir='ltr'><strong>redemptionem</strong></span> <span class='ocrx_word' id='word_1_104' title='bbox 2296 686 2656 754; x_wconf 86' lang='lat' dir='ltr'><strong>captivorum,</strong></span> <span class='ocrx_word' id='word_1_105' title='bbox 2686 685 2891 751; x_wconf 80' lang='lat' dir='ltr'><strong>absque</strong></span> <span class='ocrx_word' id='word_1_106' title='bbox 2923 694 3278 750; x_wconf 85' lang='lat' dir='ltr'><strong>personarum</strong></span> <span class='ocrx_word' id='word_1_107' title='bbox 3323 693 3386 733; x_wconf 83' lang='lat' dir='ltr'><strong>ac</strong></span> 
     </span>
    </p>
   </div>
   <div class='ocr_carea' id='block_1_21' title="bbox 1833 776 2900 846">
    <p class='ocr_par' dir='ltr' id='par_1_21' title="bbox 1833 776 2900 846">
     <span class='ocr_line' id='line_1_21' title="bbox 1833 776 2900 846; baseline -0.003 -16"><span class='ocrx_word' id='word_1_108' title='bbox 1833 777 2114 830; x_wconf 89' lang='lat' dir='ltr'><strong>nominum</strong></span> <span class='ocrx_word' id='word_1_109' title='bbox 2146 776 2496 846; x_wconf 81' lang='lat' dir='ltr'><strong>expressione</strong></span> <span class='ocrx_word' id='word_1_110' title='bbox 2525 777 2708 830; x_wconf 90' lang='lat' dir='ltr'><strong>relicta</strong></span> <span class='ocrx_word' id='word_1_111' title='bbox 2749 781 2900 829; x_wconf 87' lang='lat' dir='ltr'><strong>sunt.</strong></span> 
     </span>
    </p>
   </div>
   <div class='ocr_carea' id='block_1_22' title="bbox 1903 861 3386 936">
    <p class='ocr_par' dir='ltr' id='par_1_22' title="bbox 1903 861 3386 936">
     <span class='ocr_line' id='line_1_22' title="bbox 1903 861 3386 936; baseline -0.006 -14"><span class='ocrx_word' id='word_1_112' title='bbox 1903 868 1961 922; x_wconf 88' lang='lat' dir='ltr'><strong>In</strong></span> <span class='ocrx_word' id='word_1_113' title='bbox 2005 868 2426 936; x_wconf 88' lang='lat' dir='ltr'><strong>episcoporum,</strong></span> <span class='ocrx_word' id='word_1_114' title='bbox 2475 877 2530 922; x_wconf 90' lang='lat' dir='ltr'><strong>et</strong></span> <span class='ocrx_word' id='word_1_115' title='bbox 2572 868 2908 936; x_wconf 88' lang='lat' dir='ltr'><strong>reliquarum</strong></span> <span class='ocrx_word' id='word_1_116' title='bbox 2960 861 3386 921; x_wconf 89' lang='lat' dir='ltr'><strong>sacerdotalium</strong></span> 
     </span>
    </p>
   </div>
   <div class='ocr_carea' id='block_1_23' title="bbox 1835 949 3394 1025">
    <p class='ocr_par' dir='ltr' id='par_1_23' title="bbox 1835 949 3394 1025">
     <span class='ocr_line' id='line_1_23' title="bbox 1835 949 3394 1025; baseline -0.006 -12"><span class='ocrx_word' id='word_1_117' title='bbox 1835 974 2224 1025; x_wconf 86' lang='lat' dir='ltr'><strong>personarum,</strong></span> <span class='ocrx_word' id='word_1_118' title='bbox 2281 957 2398 1014; x_wconf 83' lang='lat' dir='ltr'><strong>sine</strong></span> <span class='ocrx_word' id='word_1_119' title='bbox 2450 957 2860 1014; x_wconf 78' lang='lat' dir='ltr'><strong>successoribus</strong></span> <span class='ocrx_word' id='word_1_120' title='bbox 2905 964 2960 1011; x_wconf 90' lang='lat' dir='ltr'><strong>et</strong></span> <span class='ocrx_word' id='word_1_121' title='bbox 3014 955 3133 1009; x_wconf 85' lang='lat' dir='ltr'><strong>sine</strong></span> <span class='ocrx_word' id='word_1_122' title='bbox 3194 949 3394 1006; x_wconf 85' lang='lat' dir='ltr'><strong>tabulis</strong></span> 
     </span>
    </p>
   </div>
   <div class='ocr_carea' id='block_1_24' title="bbox 1833 1042 3393 1118">
    <p class='ocr_par' dir='ltr' id='par_1_24' title="bbox 1833 1042 3393 1118">
     <span class='ocr_line' id='line_1_24' title="bbox 1833 1042 3393 1118; baseline -0.005 -15"><span class='ocrx_word' id='word_1_123' title='bbox 1833 1049 2207 1106; x_wconf 84' lang='lat' dir='ltr'><strong>deeedeutium</strong></span> <span class='ocrx_word' id='word_1_124' title='bbox 2255 1051 2626 1114; x_wconf 81' lang='lat' dir='ltr'><strong>facultatibus,</strong></span> <span class='ocrx_word' id='word_1_125' title='bbox 2687 1049 2928 1118; x_wconf 79' lang='lat' dir='ltr'><strong>ipsorum</strong></span> <span class='ocrx_word' id='word_1_126' title='bbox 2982 1043 3232 1101; x_wconf 68' lang='lat' dir='ltr'><strong>ecclesia:</strong></span> <span class='ocrx_word' id='word_1_127' title='bbox 3283 1042 3393 1098; x_wconf 89' lang='lat' dir='ltr'><strong>sint</strong></span> 
     </span>
    </p>
   </div>
   <div class='ocr_carea' id='block_1_25' title="bbox 1835 1142 2106 1198">
    <p class='ocr_par' dir='ltr' id='par_1_25' title="bbox 1835 1142 2106 1198">
     <span class='ocr_line' id='line_1_25' title="bbox 1835 1142 2106 1198; baseline -0.004 -2"><span class='ocrx_word' id='word_1_128' title='bbox 1835 1142 2106 1198; x_wconf 66' lang='lat' dir='ltr'><strong>haeredes.</strong></span> 
     </span>
    </p>
   </div>
   <div class='ocr_carea' id='block_1_26' title="bbox 1907 1229 3397 1302">
    <p class='ocr_par' dir='ltr' id='par_1_26' title="bbox 1907 1229 3397 1302">
     <span class='ocr_line' id='line_1_26' title="bbox 1907 1229 3397 1302; baseline -0.005 -16"><span class='ocrx_word' id='word_1_129' title='bbox 1907 1233 2160 1302; x_wconf 71' lang='lat' dir='ltr'><strong>Ejusdem</strong></span> <span class='ocrx_word' id='word_1_130' title='bbox 2195 1233 2336 1287; x_wconf 91' lang='lat' dir='ltr'><strong>tituli</strong></span> <span class='ocrx_word' id='word_1_131' title='bbox 2366 1231 2688 1287; x_wconf 84' lang='lat' dir='ltr'><strong>constitutio</strong></span> <span class='ocrx_word' id='word_1_132' title='bbox 2717 1230 2772 1286; x_wconf 86' lang='lat'><strong>9.</strong></span> <span class='ocrx_word' id='word_1_133' title='bbox 2813 1229 3041 1296; x_wconf 82' lang='lat' dir='ltr'><strong>Oportet</strong></span> <span class='ocrx_word' id='word_1_134' title='bbox 3078 1241 3397 1282; x_wconf 68' lang='lat' dir='ltr'><strong>teconomos</strong></span> 
     </span>
    </p>
   </div>
   <div class='ocr_carea' id='block_1_27' title="bbox 1835 1321 3398 1394">
    <p class='ocr_par' dir='ltr' id='par_1_27' title="bbox 1835 1321 3398 1394">
     <span class='ocr_line' id='line_1_27' title="bbox 1835 1321 3398 1394; baseline -0.006 -13"><span class='ocrx_word' id='word_1_135' title='bbox 1835 1326 2188 1381; x_wconf 81' lang='lat' dir='ltr'><strong>ecclesiarum</strong></span> <span class='ocrx_word' id='word_1_136' title='bbox 2218 1325 2438 1394; x_wconf 89' lang='lat' dir='ltr'><strong>impune</strong></span> <span class='ocrx_word' id='word_1_137' title='bbox 2468 1324 2746 1378; x_wconf 84' lang='lat' dir='ltr'><strong>vindicare</strong></span> <span class='ocrx_word' id='word_1_138' title='bbox 2774 1337 2862 1377; x_wconf 87' lang='lat' dir='ltr'><strong>res</strong></span> <span class='ocrx_word' id='word_1_139' title='bbox 2890 1321 3195 1376; x_wconf 88' lang='lat' dir='ltr'><strong>immobiles</strong></span> <span class='ocrx_word' id='word_1_140' title='bbox 3229 1333 3398 1373; x_wconf 76' lang='lat' dir='ltr'><strong>vene-</strong></span> 
     </span>
    </p>
   </div>
   <div class='ocr_carea' id='block_1_28' title="bbox 1836 1411 3400 1486">
    <p class='ocr_par' dir='ltr' id='par_1_28' title="bbox 1836 1411 3400 1486">
     <span class='ocr_line' id='line_1_28' title="bbox 1836 1411 3400 1486; baseline -0.006 -15"><span class='ocrx_word' id='word_1_141' title='bbox 1836 1418 2086 1471; x_wconf 77' lang='lat' dir='ltr'><strong>raliilium</strong></span> <span class='ocrx_word' id='word_1_142' title='bbox 2119 1416 2425 1480; x_wconf 89' lang='lat' dir='ltr'><strong>domorum,</strong></span> <span class='ocrx_word' id='word_1_143' title='bbox 2461 1431 2582 1486; x_wconf 71' lang='lat' dir='ltr'><strong>qua:</strong></span> <span class='ocrx_word' id='word_1_144' title='bbox 2608 1415 2674 1470; x_wconf 89' lang='lat' dir='ltr'><strong>ad</strong></span> <span class='ocrx_word' id='word_1_145' title='bbox 2699 1413 3107 1483; x_wconf 84' lang='lat' dir='ltr'><strong>imperatoriam</strong></span> <span class='ocrx_word' id='word_1_146' title='bbox 3142 1411 3400 1478; x_wconf 83' lang='lat' dir='ltr'><strong>majesta-</strong></span> 
     </span>
    </p>
   </div>
   <div class='ocr_carea' id='block_1_29' title="bbox 1837 1501 3400 1576">
    <p class='ocr_par' dir='ltr' id='par_1_29' title="bbox 1837 1501 3400 1576">
     <span class='ocr_line' id='line_1_29' title="bbox 1837 1501 3400 1576; baseline -0.004 -17"><span class='ocrx_word' id='word_1_147' title='bbox 1837 1518 1942 1563; x_wconf 91' lang='lat' dir='ltr'><strong>tem</strong></span> <span class='ocrx_word' id='word_1_148' title='bbox 1977 1509 2131 1562; x_wconf 88' lang='lat' dir='ltr'><strong>titulo</strong></span> <span class='ocrx_word' id='word_1_149' title='bbox 2160 1507 2575 1576; x_wconf 90' lang='lat' dir='ltr'><strong>permutationis</strong></span> <span class='ocrx_word' id='word_1_150' title='bbox 2607 1512 2992 1575; x_wconf 88' lang='lat' dir='ltr'><strong>pervenerunt,</strong></span> <span class='ocrx_word' id='word_1_151' title='bbox 3033 1504 3079 1559; x_wconf 91' lang='lat' dir='ltr'><strong>si</strong></span> <span class='ocrx_word' id='word_1_152' title='bbox 3140 1502 3204 1556; x_wconf 85' lang='lat' dir='ltr'><strong>ad</strong></span> <span class='ocrx_word' id='word_1_153' title='bbox 3237 1501 3400 1554; x_wconf 87' lang='lat' dir='ltr'><strong>aliam</strong></span> 
     </span>
    </p>
   </div>
   <div class='ocr_carea' id='block_1_30' title="bbox 1838 1589 3399 1667">
    <p class='ocr_par' dir='ltr' id='par_1_30' title="bbox 1838 1589 3399 1667">
     <span class='ocr_line' id='line_1_30' title="bbox 1838 1589 3399 1667; baseline -0.007 -15"><span class='ocrx_word' id='word_1_154' title='bbox 1838 1614 2126 1667; x_wconf 84' lang='lat' dir='ltr'><strong>personam</strong></span> <span class='ocrx_word' id='word_1_155' title='bbox 2157 1600 2440 1653; x_wconf 77' lang='lat' dir='ltr'><strong>translatae</strong></span> <span class='ocrx_word' id='word_1_156' title='bbox 2481 1597 2704 1652; x_wconf 80' lang='lat' dir='ltr'><strong>fuerint.</strong></span> <span class='ocrx_word' id='word_1_157' title='bbox 2739 1595 2968 1650; x_wconf 82' lang='lat' dir='ltr'><strong>Notabis</strong></span> <span class='ocrx_word' id='word_1_158' title='bbox 3003 1601 3208 1656; x_wconf 89' lang='lat' dir='ltr'><strong>autem,</strong></span> <span class='ocrx_word' id='word_1_159' title='bbox 3253 1589 3399 1661; x_wconf 85' lang='lat' dir='ltr'><strong>quod</strong></span> 
     </span>
    </p>
   </div>
   <div class='ocr_carea' id='block_1_31' title="bbox 1838 1682 3383 1754">
    <p class='ocr_par' dir='ltr' id='par_1_31' title="bbox 1838 1682 3383 1754">
     <span class='ocr_line' id='line_1_31' title="bbox 1838 1682 3383 1754; baseline -0.006 -11"><span class='ocrx_word' id='word_1_160' title='bbox 1838 1690 2173 1744; x_wconf 83' lang='lat' dir='ltr'><strong>contrarium</strong></span> <span class='ocrx_word' id='word_1_161' title='bbox 2204 1689 2353 1744; x_wconf 87' lang='lat' dir='ltr'><strong>dicat</strong></span> <span class='ocrx_word' id='word_1_162' title='bbox 2373 1687 2689 1744; x_wconf 89' lang='lat' dir='ltr'><strong>constitutio</strong></span> <span class='ocrx_word' id='word_1_163' title='bbox 2722 1686 2812 1752; x_wconf 71' lang='lat'><strong>54,</strong></span> <span class='ocrx_word' id='word_1_164' title='bbox 2842 1694 3085 1754; x_wconf 87' lang='lat' dir='ltr'><strong>tempore</strong></span> <span class='ocrx_word' id='word_1_165' title='bbox 3115 1682 3383 1754; x_wconf 87' lang='lat' dir='ltr'><strong>posterior</strong></span> 
     </span>
    </p>
   </div>
   <div class='ocr_carea' id='block_1_32' title="bbox 240 1837 1745 1936">
    <p class='ocr_par' dir='ltr' id='par_1_32' title="bbox 240 1852 1734 1936">
     <span class='ocr_line' id='line_1_32' title="bbox 240 1852 1734 1936; baseline 0.01 -32"><span class='ocrx_word' id='word_1_166' title='bbox 240 1852 432 1906; x_wconf 83' lang='grc' dir='ltr'>Τίτλου</span> <span class='ocrx_word' id='word_1_167' title='bbox 476 1854 518 1908; x_wconf 89' lang='grc' dir='ltr'>δ’</span> <span class='ocrx_word' id='word_1_168' title='bbox 567 1857 806 1922; x_wconf 74' lang='grc' dir='ltr'>διάταξις</span> <span class='ocrx_word' id='word_1_169' title='bbox 861 1868 908 1912; x_wconf 85' lang='grc' dir='ltr'>α’</span> <span class='ocrx_word' id='word_1_170' title='bbox 965 1863 1110 1916; x_wconf 75' lang='grc' dir='ltr'>ἐστὶν</span> <span class='ocrx_word' id='word_1_171' title='bbox 1174 1864 1231 1916; x_wconf 75' lang='grc' dir='ltr'>ἐν</span> <span class='ocrx_word' id='word_1_172' title='bbox 1281 1864 1359 1933; x_wconf 84' lang='grc' dir='ltr'>τῷ</span> <span class='ocrx_word' id='word_1_173' title='bbox 1410 1865 1558 1936; x_wconf 80' lang='grc' dir='ltr'><strong>ῥητῷ</strong></span> <span class='ocrx_word' id='word_1_174' title='bbox 1603 1865 1734 1935; x_wconf 88' lang='grc' dir='ltr'>ριη’.</span> 
     </span>
    </p>
   </div>
   <div class='ocr_carea' id='block_1_33' title="bbox 1847 1837 3384 1936">
    <p class='ocr_par' dir='ltr' id='par_1_33' title="bbox 1913 1852 3384 1930">
     <span class='ocr_line' id='line_1_33' title="bbox 1913 1852 3384 1930; baseline -0.009 -12"><span class='ocrx_word' id='word_1_175' title='bbox 1913 1864 2029 1920; x_wconf 86' lang='lat' dir='ltr'><strong>Tit.</strong></span> <span class='ocrx_word' id='word_1_176' title='bbox 2077 1864 2132 1928; x_wconf 64' lang='lat'><strong>1,</strong></span> <span class='ocrx_word' id='word_1_177' title='bbox 2175 1861 2500 1918; x_wconf 82' lang='lat' dir='ltr'><strong>constitutio</strong></span> <span class='ocrx_word' id='word_1_178' title='bbox 2547 1862 2617 1924; x_wconf 81' lang='lat' dir='ltr'><strong>l,</strong></span> <span class='ocrx_word' id='word_1_179' title='bbox 2676 1874 2796 1930; x_wconf 73' lang='lat' dir='ltr'><strong>qua:</strong></span> <span class='ocrx_word' id='word_1_180' title='bbox 2848 1858 2903 1912; x_wconf 91' lang='lat' dir='ltr'><strong>in</strong></span> <span class='ocrx_word' id='word_1_181' title='bbox 2953 1866 3098 1910; x_wconf 76' lang='lat' dir='ltr'><strong>testu</strong></span> <span class='ocrx_word' id='word_1_182' title='bbox 3145 1863 3224 1909; x_wconf 87' lang='lat' dir='ltr'><strong>est</strong></span> <span class='ocrx_word' id='word_1_183' title='bbox 3283 1852 3384 1907; x_wconf 78' lang='lat' dir='ltr'><strong>ll8</strong></span> 
     </span>
    </p>
   </div>
   <div class='ocr_carea' id='block_1_34' title="bbox 171 1942 1737 2023">
    <p class='ocr_par' dir='ltr' id='par_1_34' title="bbox 171 1942 1737 2023">
     <span class='ocr_line' id='line_1_34' title="bbox 171 1942 1737 2023; baseline 0.008 -29"><span class='ocrx_word' id='word_1_184' title='bbox 171 1942 294 2010; x_wconf 79' lang='grc' dir='ltr'><strong>Χρὴ</strong></span> <span class='ocrx_word' id='word_1_185' title='bbox 327 1947 451 2007; x_wconf 80' lang='grc' dir='ltr'>τοὺς</span> <span class='ocrx_word' id='word_1_186' title='bbox 481 1947 810 2010; x_wconf 73' lang='grc' dir='ltr'>ἐπισκόπους</span> <span class='ocrx_word' id='word_1_187' title='bbox 833 1949 949 2018; x_wconf 68' lang='grc' dir='ltr'><strong>ἅμα</strong></span> <span class='ocrx_word' id='word_1_188' title='bbox 983 1955 1093 2012; x_wconf 83' lang='grc' dir='ltr'>τοῖς</span> <span class='ocrx_word' id='word_1_189' title='bbox 1122 1953 1382 2023; x_wconf 81' lang='grc' dir='ltr'>κτήτορσι</span> <span class='ocrx_word' id='word_1_190' title='bbox 1402 1955 1497 2016; x_wconf 71' lang='grc' dir='ltr'><strong>τὰς</strong></span> <span class='ocrx_word' id='word_1_191' title='bbox 1522 1954 1737 2018; x_wconf 79' lang='grc' dir='ltr'>ἀδικίας</span> 
     </span>
    </p>
   </div>
   <div class='ocr_carea' id='block_1_35' title="bbox 170 2031 1421 2111">
    <p class='ocr_par' dir='ltr' id='par_1_35' title="bbox 170 2031 1421 2111">
     <span class='ocr_line' id='line_1_35' title="bbox 170 2031 1421 2111; baseline 0.011 -28"><span class='ocrx_word' id='word_1_192' title='bbox 170 2031 579 2103; x_wconf 22' lang='grc' dir='ltr'>τῶννάρχόντων</span> <span class='ocrx_word' id='word_1_193' title='bbox 613 2037 689 2105; x_wconf 83' lang='grc' dir='ltr'>τῷ</span> <span class='ocrx_word' id='word_1_194' title='bbox 720 2038 930 2106; x_wconf 83' lang='grc' dir='ltr'>βασιλεῖ</span> <span class='ocrx_word' id='word_1_195' title='bbox 960 2045 1421 2111; x_wconf 76' lang='grc' dir='ltr'>προσαναφέρειν.</span> 
     </span>
    </p>
   </div>
   <div class='ocr_carea' id='block_1_36' title="bbox 244 2123 1734 2206">
    <p class='ocr_par' dir='ltr' id='par_1_36' title="bbox 244 2123 1734 2206">
     <span class='ocr_line' id='line_1_36' title="bbox 244 2123 1734 2206; baseline 0.009 -32"><span class='ocrx_word' id='word_1_196' title='bbox 244 2123 366 2193; x_wconf 76' lang='grc' dir='ltr'><strong>Χρὴ</strong></span> <span class='ocrx_word' id='word_1_197' title='bbox 407 2125 534 2188; x_wconf 81' lang='grc' dir='ltr'>τοὺς</span> <span class='ocrx_word' id='word_1_198' title='bbox 575 2128 913 2190; x_wconf 66' lang='grc' dir='ltr'>ἐπισκόπους</span> <span class='ocrx_word' id='word_1_199' title='bbox 967 2130 1065 2192; x_wconf 78' lang='grc' dir='ltr'><strong>τὰς</strong></span> <span class='ocrx_word' id='word_1_200' title='bbox 1124 2135 1416 2197; x_wconf 69' lang='grc' dir='ltr'>κανονικέις</span> <span class='ocrx_word' id='word_1_201' title='bbox 1471 2134 1734 2206; x_wconf 73' lang='grc' dir='ltr'><strong>ζητήσεις</strong></span> 
     </span>
    </p>
   </div>
   <div class='ocr_carea' id='block_1_37' title="bbox 172 2213 1448 2289">
    <p class='ocr_par' dir='ltr' id='par_1_37' title="bbox 172 2213 1448 2289">
     <span class='ocr_line' id='line_1_37' title="bbox 172 2213 1448 2289; baseline 0.009 -24"><span class='ocrx_word' id='word_1_202' title='bbox 172 2213 292 2283; x_wconf 66' lang='grc' dir='ltr'><strong>ἅμα</strong></span> <span class='ocrx_word' id='word_1_203' title='bbox 320 2217 432 2277; x_wconf 83' lang='grc' dir='ltr'>τοῖς</span> <span class='ocrx_word' id='word_1_204' title='bbox 453 2215 678 2286; x_wconf 75' lang='grc' dir='ltr'>ἄρχουσι</span> <span class='ocrx_word' id='word_1_205' title='bbox 704 2219 812 2270; x_wconf 90' lang='grc' dir='ltr'><strong>τῶν</strong></span> <span class='ocrx_word' id='word_1_206' title='bbox 842 2221 1127 2289; x_wconf 80' lang='grc' dir='ltr'>ἐπαρχιῶν</span> <span class='ocrx_word' id='word_1_207' title='bbox 1153 2223 1448 2285; x_wconf 71' lang='grc' dir='ltr'>ἐξετάζειν.</span> 
     </span>
    </p>
   </div>
   <div class='ocr_carea' id='block_1_38' title="bbox 255 2303 1735 2385">
    <p class='ocr_par' dir='ltr' id='par_1_38' title="bbox 255 2303 1735 2385">
     <span class='ocr_line' id='line_1_38' title="bbox 255 2303 1735 2385; baseline 0.008 -27"><span class='ocrx_word' id='word_1_208' title='bbox 255 2303 556 2372; x_wconf 82' lang='grc' dir='ltr'>Ἀνάγνωθι</span> <span class='ocrx_word' id='word_1_209' title='bbox 595 2309 695 2376; x_wconf 84' lang='grc' dir='ltr'>τὴν</span> <span class='ocrx_word' id='word_1_210' title='bbox 748 2310 789 2362; x_wconf 79' lang='grc' dir='ltr'>δ’</span> <span class='ocrx_word' id='word_1_211' title='bbox 817 2309 1063 2376; x_wconf 79' lang='grc' dir='ltr'>διάταξιν</span> <span class='ocrx_word' id='word_1_212' title='bbox 1107 2311 1201 2366; x_wconf 82' lang='grc' dir='ltr'><strong>τοῦ</strong></span> <span class='ocrx_word' id='word_1_213' title='bbox 1246 2315 1511 2385; x_wconf 73' lang='grc' dir='ltr'>παρόντος</span> <span class='ocrx_word' id='word_1_214' title='bbox 1533 2318 1735 2370; x_wconf 88' lang='grc' dir='ltr'>τίτλου.</span> 
     </span>
    </p>
   </div>
   <div class='ocr_carea' id='block_1_39' title="bbox 176 2395 1741 2478">
    <p class='ocr_par' dir='ltr' id='par_1_39' title="bbox 176 2395 1741 2478">
     <span class='ocr_line' id='line_1_39' title="bbox 176 2395 1741 2478; baseline 0.009 -30"><span class='ocrx_word' id='word_1_215' title='bbox 176 2395 391 2448; x_wconf 74' lang='grc' dir='ltr'>κωλύει</span> <span class='ocrx_word' id='word_1_216' title='bbox 439 2398 546 2466; x_wconf 68' lang='grc' dir='ltr'><strong>γὰρ</strong></span> <span class='ocrx_word' id='word_1_217' title='bbox 591 2398 684 2451; x_wconf 79' lang='grc' dir='ltr'>τὸν</span> <span class='ocrx_word' id='word_1_218' title='bbox 736 2401 972 2469; x_wconf 78' lang='grc' dir='ltr'>ἄρχοντα</span> <span class='ocrx_word' id='word_1_219' title='bbox 1020 2403 1099 2465; x_wconf 85' lang='grc' dir='ltr'><strong>είς</strong></span> <span class='ocrx_word' id='word_1_220' title='bbox 1134 2407 1428 2476; x_wconf 78' lang='grc' dir='ltr'>κανονικὴν</span> <span class='ocrx_word' id='word_1_221' title='bbox 1474 2408 1741 2478; x_wconf 77' lang='grc' dir='ltr'>ἀκρόασιν</span> 
     </span>
    </p>
   </div>
   <div class='ocr_carea' id='block_1_40' title="bbox 177 2488 1599 2569">
    <p class='ocr_par' dir='ltr' id='par_1_40' title="bbox 177 2488 1599 2569">
     <span class='ocr_line' id='line_1_40' title="bbox 177 2488 1599 2569; baseline 0.009 -30"><span class='ocrx_word' id='word_1_222' title='bbox 177 2488 544 2556; x_wconf 77' lang='grc' dir='ltr'>παραϐάλλειν</span> <span class='ocrx_word' id='word_1_223' title='bbox 583 2492 800 2545; x_wconf 74' lang='grc' dir='ltr'>ἑαυτόν.</span> <span class='ocrx_word' id='word_1_224' title='bbox 837 2494 991 2546; x_wconf 84' lang='grc' dir='ltr'>Ἔστι</span> <span class='ocrx_word' id='word_1_225' title='bbox 1019 2495 1077 2547; x_wconf 80' lang='grc' dir='ltr'>δὲ</span> <span class='ocrx_word' id='word_1_226' title='bbox 1109 2497 1166 2548; x_wconf 78' lang='grc' dir='ltr'>ὲν</span> <span class='ocrx_word' id='word_1_227' title='bbox 1204 2498 1282 2567; x_wconf 84' lang='grc' dir='ltr'>τῷ</span> <span class='ocrx_word' id='word_1_228' title='bbox 1311 2500 1461 2567; x_wconf 83' lang='grc' dir='ltr'>ρητῷ</span> <span class='ocrx_word' id='word_1_229' title='bbox 1490 2500 1599 2569; x_wconf 84' lang='grc' dir='ltr'>πβ’.</span> 
     </span>
    </p>
   </div>
   <div class='ocr_carea' id='block_1_41' title="bbox 246 2578 1740 2660">
    <p class='ocr_par' dir='ltr' id='par_1_41' title="bbox 246 2578 1740 2660">
     <span class='ocr_line' id='line_1_41' title="bbox 246 2578 1740 2660; baseline 0.009 -31"><span class='ocrx_word' id='word_1_230' title='bbox 246 2578 504 2643; x_wconf 79' lang='grc' dir='ltr'>Διάταξις</span> <span class='ocrx_word' id='word_1_231' title='bbox 536 2579 619 2650; x_wconf 81' lang='grc' dir='ltr'><strong>κβ¹</strong></span> <span class='ocrx_word' id='word_1_232' title='bbox 651 2583 797 2634; x_wconf 71' lang='grc' dir='ltr'>ἐστὶν</span> <span class='ocrx_word' id='word_1_233' title='bbox 849 2587 905 2635; x_wconf 79' lang='grc' dir='ltr'>ὲν</span> <span class='ocrx_word' id='word_1_234' title='bbox 939 2584 1015 2653; x_wconf 82' lang='grc' dir='ltr'>τῷ</span> <span class='ocrx_word' id='word_1_235' title='bbox 1056 2586 1205 2656; x_wconf 83' lang='grc' dir='ltr'>ρητῷ</span> <span class='ocrx_word' id='word_1_236' title='bbox 1256 2596 1350 2656; x_wconf 85' lang='grc' dir='ltr'>ρν’.</span> <span class='ocrx_word' id='word_1_237' title='bbox 1385 2591 1458 2642; x_wconf 75' lang='grc' dir='ltr'><strong>Οὐ</strong></span> <span class='ocrx_word' id='word_1_238' title='bbox 1501 2590 1605 2660; x_wconf 82' lang='grc' dir='ltr'>χρὴ</span> <span class='ocrx_word' id='word_1_239' title='bbox 1648 2592 1740 2643; x_wconf 62' lang='grc' dir='ltr'>τὶν</span> 
     </span>
    </p>
   </div>
   <div class='ocr_carea' id='block_1_42' title="bbox 179 2671 1742 2752">
    <p class='ocr_par' dir='ltr' id='par_1_42' title="bbox 179 2671 1742 2752">
     <span class='ocr_line' id='line_1_42' title="bbox 179 2671 1742 2752; baseline 0.009 -29"><span class='ocrx_word' id='word_1_240' title='bbox 179 2671 476 2725; x_wconf 74' lang='grc' dir='ltr'>ἐπίσκοπον</span> <span class='ocrx_word' id='word_1_241' title='bbox 525 2677 828 2744; x_wconf 76' lang='grc' dir='ltr'>συγχωρεῖν</span> <span class='ocrx_word' id='word_1_242' title='bbox 871 2676 1206 2749; x_wconf 82' lang='grc' dir='ltr'>βιοκωλυτὴν</span> <span class='ocrx_word' id='word_1_243' title='bbox 1251 2680 1281 2748; x_wconf 80' lang='grc' dir='ltr'>ἦ</span> <span class='ocrx_word' id='word_1_244' title='bbox 1338 2681 1742 2752; x_wconf 81' lang='grc' dir='ltr'>λῃστοδιώκτην</span> 
     </span>
    </p>
   </div>
   <div class='ocr_carea' id='block_1_43' title="bbox 178 2763 827 2833">
    <p class='ocr_par' dir='ltr' id='par_1_43' title="bbox 178 2763 827 2833">
     <span class='ocr_line' id='line_1_43' title="bbox 178 2763 827 2833; baseline 0.015 -22"><span class='ocrx_word' id='word_1_245' title='bbox 178 2763 542 2829; x_wconf 74' lang='grc' dir='ltr'>χρηματίζειν</span> <span class='ocrx_word' id='word_1_246' title='bbox 573 2767 630 2818; x_wconf 65' lang='grc' dir='ltr'>ἐν</span> <span class='ocrx_word' id='word_1_247' title='bbox 658 2768 827 2833; x_wconf 72' lang='grc' dir='ltr'>τόπῳ.</span> 
     </span>
    </p>
   </div>
   <div class='ocr_carea' id='block_1_44' title="bbox 255 2854 1743 2934">
    <p class='ocr_par' dir='ltr' id='par_1_44' title="bbox 255 2854 1743 2934">
     <span class='ocr_line' id='line_1_44' title="bbox 255 2854 1743 2934; baseline 0.007 -27"><span class='ocrx_word' id='word_1_248' title='bbox 255 2854 376 2907; x_wconf 79' lang='grc' dir='ltr'>Ὀτι</span> <span class='ocrx_word' id='word_1_249' title='bbox 403 2855 462 2907; x_wconf 87' lang='grc' dir='ltr'>οὐ</span> <span class='ocrx_word' id='word_1_250' title='bbox 492 2855 574 2908; x_wconf 89' lang='grc' dir='ltr'><strong>δεῖ</strong></span> <span class='ocrx_word' id='word_1_251' title='bbox 595 2857 684 2908; x_wconf 81' lang='grc' dir='ltr'><strong>τὸν</strong></span> <span class='ocrx_word' id='word_1_252' title='bbox 705 2858 1004 2913; x_wconf 73' lang='grc' dir='ltr'>ἐπίσκοπον</span> <span class='ocrx_word' id='word_1_253' title='bbox 1041 2864 1343 2931; x_wconf 79' lang='grc' dir='ltr'>συγχωρεῖν</span> <span class='ocrx_word' id='word_1_254' title='bbox 1370 2865 1481 2925; x_wconf 83' lang='grc' dir='ltr'>τοῖς</span> <span class='ocrx_word' id='word_1_255' title='bbox 1512 2865 1743 2934; x_wconf 86' lang='grc' dir='ltr'>άρχουσι</span> 
     </span>
    </p>
   </div>
   <div class='ocr_carea' id='block_1_45' title="bbox 180 2946 1745 3023">
    <p class='ocr_par' dir='ltr' id='par_1_45' title="bbox 180 2946 1745 3023">
     <span class='ocr_line' id='line_1_45' title="bbox 180 2946 1745 3023; baseline 0.008 -27"><span class='ocrx_word' id='word_1_256' title='bbox 180 2946 293 3008; x_wconf 78' lang='grc' dir='ltr'>τοῖς</span> <span class='ocrx_word' id='word_1_257' title='bbox 343 2946 639 3009; x_wconf 78' lang='grc' dir='ltr'>πολιτικοῖς</span> <span class='ocrx_word' id='word_1_258' title='bbox 697 2948 728 3015; x_wconf 81' lang='grc' dir='ltr'>ἧ</span> <span class='ocrx_word' id='word_1_259' title='bbox 785 2955 1284 3023; x_wconf 85' lang='grc' dir='ltr'>στρατιωτικοῖς,ἢ</span> <span class='ocrx_word' id='word_1_260' title='bbox 1345 2957 1468 3017; x_wconf 88' lang='grc' dir='ltr'>ταῖς</span> <span class='ocrx_word' id='word_1_261' title='bbox 1527 2958 1745 3021; x_wconf 80' lang='grc' dir='ltr'>τάξεσιν</span> 
     </span>
    </p>
   </div>
   <div class='ocr_carea' id='block_1_46' title="bbox 180 3035 1745 3114">
    <p class='ocr_par' dir='ltr' id='par_1_46' title="bbox 180 3035 1745 3114">
     <span class='ocr_line' id='line_1_46' title="bbox 180 3035 1745 3114; baseline 0.008 -29"><span class='ocrx_word' id='word_1_262' title='bbox 180 3035 362 3088; x_wconf 82' lang='grc' dir='ltr'>αὐτῶν</span> <span class='ocrx_word' id='word_1_263' title='bbox 423 3036 653 3090; x_wconf 87' lang='grc' dir='ltr'>κωλύειν</span> <span class='ocrx_word' id='word_1_264' title='bbox 707 3039 970 3109; x_wconf 79' lang='grc' dir='ltr'>διαθήκας</span> <span class='ocrx_word' id='word_1_265' title='bbox 1020 3045 1293 3109; x_wconf 80' lang='grc' dir='ltr'>γενέσθαι,</span> <span class='ocrx_word' id='word_1_266' title='bbox 1356 3047 1388 3114; x_wconf 81' lang='grc' dir='ltr'>ἢ</span> <span class='ocrx_word' id='word_1_267' title='bbox 1442 3047 1745 3113; x_wconf 74' lang='grc' dir='ltr'>ἐμφανείας</span> 
     </span>
    </p>
   </div>
   <div class='ocr_carea' id='block_1_47' title="bbox 178 3127 1745 3206">
    <p class='ocr_par' dir='ltr' id='par_1_47' title="bbox 178 3127 1745 3206">
     <span class='ocr_line' id='line_1_47' title="bbox 178 3127 1745 3206; baseline 0.006 -28"><span class='ocrx_word' id='word_1_268' title='bbox 178 3127 386 3188; x_wconf 78' lang='grc' dir='ltr'>αὐτῶν,</span> <span class='ocrx_word' id='word_1_269' title='bbox 440 3128 471 3197; x_wconf 80' lang='grc' dir='ltr'>ἢ</span> <span class='ocrx_word' id='word_1_270' title='bbox 531 3130 826 3200; x_wconf 76' lang='grc' dir='ltr'>γάμους,ἢ</span> <span class='ocrx_word' id='word_1_271' title='bbox 878 3135 1125 3202; x_wconf 72' lang='grc' dir='ltr'>γαμικὰς</span> <span class='ocrx_word' id='word_1_272' title='bbox 1169 3137 1460 3206; x_wconf 77' lang='grc' dir='ltr'>δωρεὰς,ἢ</span> <span class='ocrx_word' id='word_1_273' title='bbox 1507 3138 1628 3198; x_wconf 80' lang='grc' dir='ltr'>τοὺς</span> <span class='ocrx_word' id='word_1_274' title='bbox 1659 3154 1745 3189; x_wconf 82' lang='grc' dir='ltr'>τε-</span> 
     </span>
    </p>
   </div>
   <div class='ocr_carea' id='block_1_48' title="bbox 179 3219 1741 3299">
    <p class='ocr_par' dir='ltr' id='par_1_48' title="bbox 179 3219 1741 3299">
     <span class='ocr_line' id='line_1_48' title="bbox 179 3219 1741 3299; baseline 0.013 -31"><span class='ocrx_word' id='word_1_275' title='bbox 179 3219 546 3288; x_wconf 82' lang='grc' dir='ltr'>λευτήσαντας</span> <span class='ocrx_word' id='word_1_276' title='bbox 584 3226 762 3294; x_wconf 75' lang='grc' dir='ltr'>ταφῆς</span> <span class='ocrx_word' id='word_1_277' title='bbox 794 3225 1115 3292; x_wconf 78' lang='grc' dir='ltr'>ἀξιωθῆναι,</span> <span class='ocrx_word' id='word_1_278' title='bbox 1151 3229 1181 3295; x_wconf 81' lang='grc' dir='ltr'>ἢ</span> <span class='ocrx_word' id='word_1_279' title='bbox 1219 3228 1398 3279; x_wconf 77' lang='grc' dir='ltr'>ἐλθεῖν</span> <span class='ocrx_word' id='word_1_280' title='bbox 1435 3228 1466 3296; x_wconf 77' lang='grc' dir='ltr'><strong>ἢ</strong></span> <span class='ocrx_word' id='word_1_281' title='bbox 1498 3227 1609 3299; x_wconf 79' lang='grc' dir='ltr'>[ίσ.</span> <span class='ocrx_word' id='word_1_282' title='bbox 1636 3228 1741 3299; x_wconf 76' lang='grc' dir='ltr'>είς]</span> 
     </span>
    </p>
   </div>
   <div class='ocr_carea' id='block_1_49' title="bbox 177 3310 1475 3389">
    <p class='ocr_par' dir='ltr' id='par_1_49' title="bbox 177 3310 1475 3389">
     <span class='ocr_line' id='line_1_49' title="bbox 177 3310 1475 3389; baseline 0.008 -27"><span class='ocrx_word' id='word_1_283' title='bbox 177 3310 368 3382; x_wconf 72' lang='grc' dir='ltr'>ἔτερόν</span> <span class='ocrx_word' id='word_1_284' title='bbox 402 3329 451 3365; x_wconf 90' lang='grc' dir='ltr'><strong>τι</strong></span> <span class='ocrx_word' id='word_1_285' title='bbox 483 3316 594 3378; x_wconf 90' lang='grc' dir='ltr'>τοῖς</span> <span class='ocrx_word' id='word_1_286' title='bbox 622 3315 808 3386; x_wconf 84' lang='grc' dir='ltr'>νόμοις</span> <span class='ocrx_word' id='word_1_287' title='bbox 837 3318 939 3371; x_wconf 86' lang='grc' dir='ltr'>οὑκ</span> <span class='ocrx_word' id='word_1_288' title='bbox 963 3318 1475 3389; x_wconf 75' lang='grc' dir='ltr'>άπαγορευόμενον.</span> 
     </span>
    </p>
   </div>
   <div class='ocr_carea' id='block_1_50' title="bbox 254 3495 1746 3571">
    <p class='ocr_par' dir='ltr' id='par_1_50' title="bbox 254 3495 1746 3571">
     <span class='ocr_line' id='line_1_50' title="bbox 254 3495 1746 3571; baseline 0.003 -23"><span class='ocrx_word' id='word_1_289' title='bbox 254 3495 379 3549; x_wconf 83' lang='grc' dir='ltr'>Ὀτι</span> <span class='ocrx_word' id='word_1_290' title='bbox 432 3497 492 3550; x_wconf 84' lang='grc' dir='ltr'>οὐ</span> <span class='ocrx_word' id='word_1_291' title='bbox 541 3498 624 3552; x_wconf 85' lang='grc' dir='ltr'><strong>δεῖ</strong></span> <span class='ocrx_word' id='word_1_292' title='bbox 669 3501 1003 3571; x_wconf 84' lang='grc' dir='ltr'>μονάστριαν</span> <span class='ocrx_word' id='word_1_293' title='bbox 1050 3503 1156 3555; x_wconf 86' lang='grc' dir='ltr'><strong>τῶν</strong></span> <span class='ocrx_word' id='word_1_294' title='bbox 1218 3503 1363 3556; x_wconf 82' lang='grc' dir='ltr'>ίδίων</span> <span class='ocrx_word' id='word_1_295' title='bbox 1409 3502 1746 3570; x_wconf 78' lang='grc' dir='ltr'>άφέλκεσθαι</span> 
     </span>
    </p>
   </div>
   <div class='ocr_carea' id='block_1_51' title="bbox 179 3587 381 3641">
    <p class='ocr_par' dir='ltr' id='par_1_51' title="bbox 179 3587 381 3641">
     <span class='ocr_line' id='line_1_51' title="bbox 179 3587 381 3641; baseline 0.015 -3"><span class='ocrx_word' id='word_1_296' title='bbox 179 3587 381 3641; x_wconf 81' lang='grc' dir='ltr'>τόπων.</span> 
     </span>
    </p>
   </div>
   <div class='ocr_carea' id='block_1_52' title="bbox 252 3672 1748 3758">
    <p class='ocr_par' dir='ltr' id='par_1_52' title="bbox 252 3672 1748 3758">
     <span class='ocr_line' id='line_1_52' title="bbox 252 3672 1748 3758; baseline 0.017 -30"><span class='ocrx_word' id='word_1_297' title='bbox 252 3678 693 3747; x_wconf 79' lang='grc' dir='ltr'>Παρακελεύεται</span> <span class='ocrx_word' id='word_1_298' title='bbox 727 3685 760 3755; x_wconf 83' lang='grc' dir='ltr'>ή</span> <span class='ocrx_word' id='word_1_299' title='bbox 789 3685 1035 3751; x_wconf 79' lang='grc' dir='ltr'>διάταξις</span> <span class='ocrx_word' id='word_1_300' title='bbox 1076 3688 1175 3749; x_wconf 84' lang='grc' dir='ltr'><strong>τὰς</strong></span> <span class='ocrx_word' id='word_1_301' title='bbox 1203 3672 1612 3758; x_wconf 9' lang='grc' dir='ltr'>Ἲμοιχευθείσας</span> <span class='ocrx_word' id='word_1_302' title='bbox 1649 3705 1748 3755; x_wconf 83' lang='grc' dir='ltr'>γυ-</span> 
     </span>
    </p>
   </div>
   <div class='ocr_carea' id='block_1_53' title="bbox 180 3770 1750 3847">
    <p class='ocr_par' dir='ltr' id='par_1_53' title="bbox 180 3770 1750 3847">
     <span class='ocr_line' id='line_1_53' title="bbox 180 3770 1750 3847; baseline 0.006 -28"><span class='ocrx_word' id='word_1_303' title='bbox 180 3770 377 3832; x_wconf 88' lang='grc' dir='ltr'>ναῖκας</span> <span class='ocrx_word' id='word_1_304' title='bbox 432 3775 906 3842; x_wconf 72' lang='grc' dir='ltr'>σωφρονιζομένας</span> <span class='ocrx_word' id='word_1_305' title='bbox 971 3779 1049 3838; x_wconf 86' lang='grc' dir='ltr'><strong>είς</strong></span> <span class='ocrx_word' id='word_1_306' title='bbox 1109 3779 1481 3847; x_wconf 81' lang='grc' dir='ltr'>μοναστήριον</span> <span class='ocrx_word' id='word_1_307' title='bbox 1542 3777 1750 3846; x_wconf 75' lang='grc' dir='ltr'><strong>ἐμϐάλ-</strong></span> 
     </span>
    </p>
   </div>
   <div class='ocr_carea' id='block_1_54' title="bbox 179 3859 1752 3936">
    <p class='ocr_par' dir='ltr' id='par_1_54' title="bbox 179 3859 1752 3936">
     <span class='ocr_line' id='line_1_54' title="bbox 179 3859 1752 3936; baseline 0.009 -27"><span class='ocrx_word' id='word_1_308' title='bbox 179 3859 392 3921; x_wconf 84' lang='grc' dir='ltr'>λεσθαι,</span> <span class='ocrx_word' id='word_1_309' title='bbox 421 3861 750 3916; x_wconf 74' lang='grc' dir='ltr'>διατυποῦσα</span> <span class='ocrx_word' id='word_1_310' title='bbox 799 3868 870 3917; x_wconf 69' lang='grc' dir='ltr'>τὰ</span> <span class='ocrx_word' id='word_1_311' title='bbox 919 3868 1051 3936; x_wconf 74' lang='grc' dir='ltr'>περὶ</span> <span class='ocrx_word' id='word_1_312' title='bbox 1090 3868 1187 3935; x_wconf 85' lang='grc' dir='ltr'>τῆς</span> <span class='ocrx_word' id='word_1_313' title='bbox 1244 3869 1601 3932; x_wconf 85' lang='grc' dir='ltr'>ὑποστάσεως</span> <span class='ocrx_word' id='word_1_314' title='bbox 1655 3869 1752 3922; x_wconf 82' lang='grc' dir='ltr'><strong>αὑ-</strong></span> 
     </span>
    </p>
   </div>
   <div class='ocr_carea' id='block_1_55' title="bbox 177 3948 1677 4026">
    <p class='ocr_par' dir='ltr' id='par_1_55' title="bbox 177 3948 1677 4026">
     <span class='ocr_line' id='line_1_55' title="bbox 177 3948 1677 4026; baseline 0.006 -26"><span class='ocrx_word' id='word_1_315' title='bbox 177 3948 314 4012; x_wconf 87' lang='grc' dir='ltr'>τῶν,</span> <span class='ocrx_word' id='word_1_316' title='bbox 357 3950 468 4002; x_wconf 71' lang='grc' dir='ltr'>εἴτε</span> <span class='ocrx_word' id='word_1_317' title='bbox 503 3953 696 4015; x_wconf 75' lang='grc' dir='ltr'>παῖῖας</span> <span class='ocrx_word' id='word_1_318' title='bbox 727 3954 835 4005; x_wconf 73' lang='grc' dir='ltr'>εἴτε</span> <span class='ocrx_word' id='word_1_319' title='bbox 865 3959 1043 4020; x_wconf 78' lang='grc' dir='ltr'>γονεῖς</span> <span class='ocrx_word' id='word_1_320' title='bbox 1079 3955 1272 4024; x_wconf 75' lang='grc' dir='ltr'>ἔχοιεν,</span> <span class='ocrx_word' id='word_1_321' title='bbox 1308 3959 1416 4009; x_wconf 86' lang='grc' dir='ltr'>εἴτε</span> <span class='ocrx_word' id='word_1_322' title='bbox 1453 3959 1546 4008; x_wconf 78' lang='grc' dir='ltr'>καὶ</span> <span class='ocrx_word' id='word_1_323' title='bbox 1582 3957 1677 4026; x_wconf 80' lang='grc' dir='ltr'><strong>μή.</strong></span> 
     </span>
    </p>
   </div>
   <div class='ocr_carea' id='block_1_56' title="bbox 254 4129 1750 4205">
    <p class='ocr_par' dir='ltr' id='par_1_56' title="bbox 254 4129 1750 4205">
     <span class='ocr_line' id='line_1_56' title="bbox 254 4129 1750 4205; baseline 0.005 -23"><span class='ocrx_word' id='word_1_324' title='bbox 254 4129 450 4183; x_wconf 83' lang='grc' dir='ltr'>Τίτλου</span> <span class='ocrx_word' id='word_1_325' title='bbox 483 4130 577 4183; x_wconf 81' lang='grc' dir='ltr'><strong>τοῦ</strong></span> <span class='ocrx_word' id='word_1_326' title='bbox 632 4131 796 4185; x_wconf 76' lang='grc' dir='ltr'>αὐτοῦ</span> <span class='ocrx_word' id='word_1_327' title='bbox 827 4132 964 4187; x_wconf 89' lang='grc' dir='ltr'>διάτ.</span> <span class='ocrx_word' id='word_1_328' title='bbox 1003 4133 1080 4186; x_wconf 88' lang='grc' dir='ltr'>κδ’</span> <span class='ocrx_word' id='word_1_329' title='bbox 1111 4137 1258 4187; x_wconf 80' lang='grc' dir='ltr'>ἐστὶν</span> <span class='ocrx_word' id='word_1_330' title='bbox 1297 4138 1354 4188; x_wconf 73' lang='grc' dir='ltr'>ὲν</span> <span class='ocrx_word' id='word_1_331' title='bbox 1391 4135 1468 4204; x_wconf 83' lang='grc' dir='ltr'>τῷ</span> <span class='ocrx_word' id='word_1_332' title='bbox 1501 4137 1647 4205; x_wconf 81' lang='grc' dir='ltr'>ρητῷ</span> <span class='ocrx_word' id='word_1_333' title='bbox 1671 4135 1750 4192; x_wconf 81' lang='grc' dir='ltr'>ιε’.</span> 
     </span>
    </p>
   </div>
   <div class='ocr_carea' id='block_1_57' title="bbox 181 4217 1750 4294">
    <p class='ocr_par' dir='ltr' id='par_1_57' title="bbox 181 4217 1750 4294">
     <span class='ocr_line' id='line_1_57' title="bbox 181 4217 1750 4294; baseline 0.004 -23"><span class='ocrx_word' id='word_1_334' title='bbox 181 4217 344 4272; x_wconf 78' lang='grc' dir='ltr'>Κατὰ</span> <span class='ocrx_word' id='word_1_335' title='bbox 383 4219 640 4288; x_wconf 77' lang='grc' dir='ltr'>ψήφισμα</span> <span class='ocrx_word' id='word_1_336' title='bbox 686 4221 776 4275; x_wconf 82' lang='grc' dir='ltr'>τοῦ</span> <span class='ocrx_word' id='word_1_337' title='bbox 819 4223 1118 4276; x_wconf 73' lang='grc' dir='ltr'>ἐπισκόπου</span> <span class='ocrx_word' id='word_1_338' title='bbox 1172 4225 1265 4276; x_wconf 72' lang='grc' dir='ltr'><strong>καὶ</strong></span> <span class='ocrx_word' id='word_1_339' title='bbox 1314 4225 1422 4276; x_wconf 87' lang='grc' dir='ltr'><strong>τῶν</strong></span> <span class='ocrx_word' id='word_1_340' title='bbox 1467 4226 1750 4294; x_wconf 73' lang='grc' dir='ltr'>κτητὸρων</span> 
     </span>
    </p>
   </div>
   <div class='ocr_carea' id='block_1_58' title="bbox 185 4312 1753 4383">
    <p class='ocr_par' dir='ltr' id='par_1_58' title="bbox 185 4312 1753 4383">
     <span class='ocr_line' id='line_1_58' title="bbox 185 4312 1753 4383; baseline 0.005 -22"><span class='ocrx_word' id='word_1_341' title='bbox 185 4312 570 4380; x_wconf 78' lang='grc' dir='ltr'>προκειμένων</span> <span class='ocrx_word' id='word_1_342' title='bbox 598 4313 706 4366; x_wconf 88' lang='grc' dir='ltr'><strong>τῶν</strong></span> <span class='ocrx_word' id='word_1_343' title='bbox 738 4314 909 4380; x_wconf 78' lang='grc' dir='ltr'>ἁγίων</span> <span class='ocrx_word' id='word_1_344' title='bbox 942 4316 1292 4383; x_wconf 78' lang='grc' dir='ltr'>Εὑαγγελίων</span> <span class='ocrx_word' id='word_1_345' title='bbox 1321 4319 1366 4368; x_wconf 78' lang='grc' dir='ltr'>οἱ</span> <span class='ocrx_word' id='word_1_346' title='bbox 1404 4317 1610 4370; x_wconf 78' lang='grc' dir='ltr'>ἔκδικοι</span> <span class='ocrx_word' id='word_1_347' title='bbox 1645 4316 1753 4369; x_wconf 88' lang='grc' dir='ltr'><strong>τῶν</strong></span> 
     </span>
    </p>
   </div>
   <div class='ocr_carea' id='block_1_59' title="bbox 183 4400 973 4473">
    <p class='ocr_par' dir='ltr' id='par_1_59' title="bbox 183 4400 973 4473">
     <span class='ocr_line' id='line_1_59' title="bbox 183 4400 973 4473; baseline 0.009 -20"><span class='ocrx_word' id='word_1_348' title='bbox 183 4400 396 4455; x_wconf 75' lang='grc' dir='ltr'>πόλεων</span> <span class='ocrx_word' id='word_1_349' title='bbox 426 4404 973 4473; x_wconf 69' lang='grc' dir='ltr'>προχειριζέσθωσαν.</span> 
     </span>
    </p>
   </div>
   <div class='ocr_carea' id='block_1_60' title="bbox 1844 1946 3400 2033">
    <p class='ocr_par' dir='ltr' id='par_1_60' title="bbox 1844 1946 3400 2033">
     <span class='ocr_line' id='line_1_60' title="bbox 1844 1946 3400 2033; baseline -0.013 -15"><span class='ocrx_word' id='word_1_350' title='bbox 1844 1964 2069 2033; x_wconf 90' lang='lat' dir='ltr'><strong>Oportet</strong></span> <span class='ocrx_word' id='word_1_351' title='bbox 2147 1959 2434 2026; x_wconf 85' lang='lat' dir='ltr'><strong>episc0pos</strong></span> <span class='ocrx_word' id='word_1_352' title='bbox 2499 1970 2602 2009; x_wconf 88' lang='lat' dir='ltr'><strong>una</strong></span> <span class='ocrx_word' id='word_1_353' title='bbox 2659 1957 2782 2007; x_wconf 85' lang='lat' dir='ltr'><strong>cum</strong></span> <span class='ocrx_word' id='word_1_354' title='bbox 2865 1948 3272 2020; x_wconf 86' lang='lat' dir='ltr'><strong>possessoribus</strong></span> <span class='ocrx_word' id='word_1_355' title='bbox 3319 1946 3400 1999; x_wconf 84' lang='lat' dir='ltr'><strong>iu-</strong></span> 
     </span>
    </p>
   </div>
   <div class='ocr_carea' id='block_1_61' title="bbox 1843 2039 3202 2123">
    <p class='ocr_par' dir='ltr' id='par_1_61' title="bbox 1843 2039 3202 2123">
     <span class='ocr_line' id='line_1_61' title="bbox 1843 2039 3202 2123; baseline -0.009 -19"><span class='ocrx_word' id='word_1_356' title='bbox 1843 2051 2083 2123; x_wconf 88' lang='lat' dir='ltr'><strong>justitias</strong></span> <span class='ocrx_word' id='word_1_357' title='bbox 2117 2047 2413 2118; x_wconf 75' lang='lat' dir='ltr'><strong>praesidum</strong></span> <span class='ocrx_word' id='word_1_358' title='bbox 2450 2046 2515 2100; x_wconf 86' lang='lat' dir='ltr'><strong>ad</strong></span> <span class='ocrx_word' id='word_1_359' title='bbox 2551 2046 2940 2113; x_wconf 88' lang='lat' dir='ltr'><strong>imperatorem</strong></span> <span class='ocrx_word' id='word_1_360' title='bbox 2974 2039 3202 2095; x_wconf 90' lang='lat' dir='ltr'><strong>referre.</strong></span> 
     </span>
    </p>
   </div>
   <div class='ocr_carea' id='block_1_62' title="bbox 1916 2129 3408 2206">
    <p class='ocr_par' dir='ltr' id='par_1_62' title="bbox 1916 2129 3408 2206">
     <span class='ocr_line' id='line_1_62' title="bbox 1916 2129 3408 2206; baseline -0.009 -13"><span class='ocrx_word' id='word_1_361' title='bbox 1916 2139 2137 2206; x_wconf 89' lang='lat' dir='ltr'><strong>Oportet</strong></span> <span class='ocrx_word' id='word_1_362' title='bbox 2159 2136 2447 2205; x_wconf 82' lang='lat' dir='ltr'><strong>episcopos</strong></span> <span class='ocrx_word' id='word_1_363' title='bbox 2473 2133 2802 2203; x_wconf 76' lang='lat' dir='ltr'><strong>quaestiones</strong></span> <span class='ocrx_word' id='word_1_364' title='bbox 2825 2129 3116 2186; x_wconf 75' lang='lat' dir='ltr'><strong>canonicas</strong></span> <span class='ocrx_word' id='word_1_365' title='bbox 3147 2142 3252 2182; x_wconf 89' lang='lat' dir='ltr'><strong>una</strong></span> <span class='ocrx_word' id='word_1_366' title='bbox 3282 2141 3408 2182; x_wconf 83' lang='lat' dir='ltr'><strong>cum</strong></span> 
     </span>
    </p>
   </div>
   <div class='ocr_carea' id='block_1_63' title="bbox 1847 2224 2971 2300">
    <p class='ocr_par' dir='ltr' id='par_1_63' title="bbox 1847 2224 2971 2300">
     <span class='ocr_line' id='line_1_63' title="bbox 1847 2224 2971 2300; baseline -0.004 -18"><span class='ocrx_word' id='word_1_367' title='bbox 1847 2229 2249 2300; x_wconf 81' lang='lat' dir='ltr'><strong>provinciarum</strong></span> <span class='ocrx_word' id='word_1_368' title='bbox 2282 2225 2605 2297; x_wconf 70' lang='lat' dir='ltr'><strong>prmsidibus</strong></span> <span class='ocrx_word' id='word_1_369' title='bbox 2634 2224 2971 2286; x_wconf 78' lang='lat' dir='ltr'><strong>examinare,</strong></span> 
     </span>
    </p>
   </div>
   <div class='ocr_carea' id='block_1_64' title="bbox 1918 2308 3406 2388">
    <p class='ocr_par' dir='ltr' id='par_1_64' title="bbox 1918 2308 3406 2388">
     <span class='ocr_line' id='line_1_64' title="bbox 1918 2308 3406 2388; baseline -0.007 -15"><span class='ocrx_word' id='word_1_370' title='bbox 1918 2320 2105 2388; x_wconf 78' lang='lat' dir='ltr'><strong>Legite</strong></span> <span class='ocrx_word' id='word_1_371' title='bbox 2133 2318 2580 2374; x_wconf 90' lang='lat' dir='ltr'><strong>constitutionem</strong></span> <span class='ocrx_word' id='word_1_372' title='bbox 2623 2316 2656 2369; x_wconf 76' lang='grc'><strong>4</strong></span> <span class='ocrx_word' id='word_1_373' title='bbox 2707 2313 2994 2384; x_wconf 71' lang='lat' dir='ltr'><strong>praesentis</strong></span> <span class='ocrx_word' id='word_1_374' title='bbox 3046 2310 3212 2366; x_wconf 87' lang='lat' dir='ltr'><strong>tituli.</strong></span> <span class='ocrx_word' id='word_1_375' title='bbox 3266 2308 3406 2364; x_wconf 79' lang='lat' dir='ltr'><strong>Pro-</strong></span> 
     </span>
    </p>
   </div>
   <div class='ocr_carea' id='block_1_65' title="bbox 1852 2402 3412 2476">
    <p class='ocr_par' dir='ltr' id='par_1_65' title="bbox 1852 2402 3412 2476">
     <span class='ocr_line' id='line_1_65' title="bbox 1852 2402 3412 2476; baseline -0.006 -14"><span class='ocrx_word' id='word_1_376' title='bbox 1852 2410 1996 2464; x_wconf 83' lang='lat' dir='ltr'><strong>hibet</strong></span> <span class='ocrx_word' id='word_1_377' title='bbox 2043 2409 2187 2466; x_wconf 88' lang='lat' dir='ltr'><strong>enim</strong></span> <span class='ocrx_word' id='word_1_378' title='bbox 2239 2422 2304 2462; x_wconf 92' lang='lat' dir='ltr'><strong>ne</strong></span> <span class='ocrx_word' id='word_1_379' title='bbox 2364 2421 2563 2476; x_wconf 84' lang='lat' dir='ltr'><strong>praeses</strong></span> <span class='ocrx_word' id='word_1_380' title='bbox 2595 2403 2886 2459; x_wconf 63' lang='lat' dir='ltr'><strong>audientiae</strong></span> <span class='ocrx_word' id='word_1_381' title='bbox 2923 2402 3204 2457; x_wconf 66' lang='lat' dir='ltr'><strong>canonica</strong></span> <span class='ocrx_word' id='word_1_382' title='bbox 3241 2408 3412 2455; x_wconf 87' lang='lat' dir='ltr'><strong>semet</strong></span> 
     </span>
    </p>
   </div>
   <div class='ocr_carea' id='block_1_66' title="bbox 1852 2494 3022 2569">
    <p class='ocr_par' dir='ltr' id='par_1_66' title="bbox 1852 2494 3022 2569">
     <span class='ocr_line' id='line_1_66' title="bbox 1852 2494 3022 2569; baseline -0.005 -16"><span class='ocrx_word' id='word_1_383' title='bbox 1852 2501 2078 2569; x_wconf 80' lang='lat' dir='ltr'><strong>ingerat.</strong></span> <span class='ocrx_word' id='word_1_384' title='bbox 2113 2499 2176 2551; x_wconf 84' lang='lat' dir='ltr'><strong>Et</strong></span> <span class='ocrx_word' id='word_1_385' title='bbox 2209 2510 2287 2553; x_wconf 93' lang='lat' dir='ltr'><strong>cst</strong></span> <span class='ocrx_word' id='word_1_386' title='bbox 2317 2499 2372 2551; x_wconf 87' lang='lat' dir='ltr'><strong>in</strong></span> <span class='ocrx_word' id='word_1_387' title='bbox 2403 2506 2552 2552; x_wconf 84' lang='lat' dir='ltr'><strong>textu</strong></span> <span class='ocrx_word' id='word_1_388' title='bbox 2588 2496 2902 2553; x_wconf 85' lang='lat' dir='ltr'><strong>constitutio</strong></span> <span class='ocrx_word' id='word_1_389' title='bbox 2930 2494 3022 2549; x_wconf 74' lang='lat'><strong>82.</strong></span> 
     </span>
    </p>
   </div>
   <div class='ocr_carea' id='block_1_67' title="bbox 1919 2582 3411 2652">
    <p class='ocr_par' dir='ltr' id='par_1_67' title="bbox 1919 2582 3411 2652">
     <span class='ocr_line' id='line_1_67' title="bbox 1919 2582 3411 2652; baseline -0.004 -11"><span class='ocrx_word' id='word_1_390' title='bbox 1919 2588 2249 2642; x_wconf 85' lang='lat' dir='ltr'><strong>Constitutio</strong></span> <span class='ocrx_word' id='word_1_391' title='bbox 2294 2586 2366 2639; x_wconf 74' lang='lat'><strong>2‘2</strong></span> <span class='ocrx_word' id='word_1_392' title='bbox 2395 2595 2478 2641; x_wconf 86' lang='lat' dir='ltr'><strong>est</strong></span> <span class='ocrx_word' id='word_1_393' title='bbox 2503 2587 2556 2640; x_wconf 93' lang='lat' dir='ltr'><strong>in</strong></span> <span class='ocrx_word' id='word_1_394' title='bbox 2594 2592 2742 2640; x_wconf 83' lang='lat' dir='ltr'><strong>textu</strong></span> <span class='ocrx_word' id='word_1_395' title='bbox 2785 2583 2903 2639; x_wconf 85' lang='lat' dir='ltr'><strong>t50.</strong></span> <span class='ocrx_word' id='word_1_396' title='bbox 2930 2582 3256 2652; x_wconf 85' lang='lat' dir='ltr'><strong>Episcopum</strong></span> <span class='ocrx_word' id='word_1_397' title='bbox 3285 2595 3411 2651; x_wconf 90' lang='lat' dir='ltr'><strong>per-</strong></span> 
     </span>
    </p>
   </div>
   <div class='ocr_carea' id='block_1_68' title="bbox 1851 2671 3410 2745">
    <p class='ocr_par' dir='ltr' id='par_1_68' title="bbox 1851 2671 3410 2745">
     <span class='ocr_line' id='line_1_68' title="bbox 1851 2671 3410 2745; baseline -0.004 -13"><span class='ocrx_word' id='word_1_398' title='bbox 1851 2680 2065 2732; x_wconf 89' lang='lat' dir='ltr'><strong>mittere</strong></span> <span class='ocrx_word' id='word_1_399' title='bbox 2097 2692 2204 2731; x_wconf 93' lang='lat' dir='ltr'><strong>non</strong></span> <span class='ocrx_word' id='word_1_400' title='bbox 2233 2685 2447 2744; x_wconf 90' lang='lat' dir='ltr'><strong>oportet</strong></span> <span class='ocrx_word' id='word_1_401' title='bbox 2483 2684 2540 2728; x_wconf 94' lang='lat' dir='ltr'><strong>ut</strong></span> <span class='ocrx_word' id='word_1_402' title='bbox 2565 2675 2770 2745; x_wconf 89' lang='lat' dir='ltr'><strong>aliquis</strong></span> <span class='ocrx_word' id='word_1_403' title='bbox 2794 2675 2849 2728; x_wconf 90' lang='lat' dir='ltr'><strong>in</strong></span> <span class='ocrx_word' id='word_1_404' title='bbox 2883 2673 2992 2729; x_wconf 93' lang='lat' dir='ltr'><strong>ullo</strong></span> <span class='ocrx_word' id='word_1_405' title='bbox 3021 2673 3092 2728; x_wconf 87' lang='lat' dir='ltr'><strong>sit</strong></span> <span class='ocrx_word' id='word_1_406' title='bbox 3138 2673 3258 2727; x_wconf 90' lang='lat' dir='ltr'><strong>loco</strong></span> <span class='ocrx_word' id='word_1_407' title='bbox 3291 2671 3410 2726; x_wconf 90' lang='lat' dir='ltr'><strong>vio-</strong></span> 
     </span>
    </p>
   </div>
   <div class='ocr_carea' id='block_1_69' title="bbox 1851 2768 3166 2836">
    <p class='ocr_par' dir='ltr' id='par_1_69' title="bbox 1851 2768 3166 2836">
     <span class='ocr_line' id='line_1_69' title="bbox 1851 2768 3166 2836; baseline -0.002 -14"><span class='ocrx_word' id='word_1_408' title='bbox 1851 2770 2029 2825; x_wconf 65' lang='lat' dir='ltr'><strong>lentiae</strong></span> <span class='ocrx_word' id='word_1_409' title='bbox 2059 2768 2351 2830; x_wconf 87' lang='lat' dir='ltr'><strong>cohibitor,</strong></span> <span class='ocrx_word' id='word_1_410' title='bbox 2386 2778 2479 2823; x_wconf 88' lang='lat' dir='ltr'><strong>aut</strong></span> <span class='ocrx_word' id='word_1_411' title='bbox 2512 2768 2784 2821; x_wconf 86' lang='lat' dir='ltr'><strong>latronum</strong></span> <span class='ocrx_word' id='word_1_412' title='bbox 2828 2774 3166 2836; x_wconf 89' lang='lat' dir='ltr'><strong>persecutor.</strong></span> 
     </span>
    </p>
   </div>
   <div class='ocr_carea' id='block_1_70' title="bbox 1925 2848 3409 2924">
    <p class='ocr_par' dir='ltr' id='par_1_70' title="bbox 1925 2848 3409 2924">
     <span class='ocr_line' id='line_1_70' title="bbox 1925 2848 3409 2924; baseline -0.005 -14"><span class='ocrx_word' id='word_1_413' title='bbox 1925 2857 2076 2919; x_wconf 86' lang='lat' dir='ltr'><strong>Item,</strong></span> <span class='ocrx_word' id='word_1_414' title='bbox 2119 2871 2230 2910; x_wconf 94' lang='lat' dir='ltr'><strong>non</strong></span> <span class='ocrx_word' id='word_1_415' title='bbox 2251 2855 2410 2908; x_wconf 85' lang='lat' dir='ltr'><strong>debet</strong></span> <span class='ocrx_word' id='word_1_416' title='bbox 2450 2855 2738 2924; x_wconf 78' lang='lat' dir='ltr'><strong>episcopus</strong></span> <span class='ocrx_word' id='word_1_417' title='bbox 2765 2852 3101 2921; x_wconf 68' lang='lat' dir='ltr'><strong>&#39;permittere</strong></span> <span class='ocrx_word' id='word_1_418' title='bbox 3159 2848 3409 2916; x_wconf 66' lang='lat' dir='ltr'><strong>praesidi-</strong></span> 
     </span>
    </p>
   </div>
   <div class='ocr_carea' id='block_1_71' title="bbox 1854 2941 3412 3012">
    <p class='ocr_par' dir='ltr' id='par_1_71' title="bbox 1854 2941 3412 3012">
     <span class='ocr_line' id='line_1_71' title="bbox 1854 2941 3412 3012; baseline -0.004 -10"><span class='ocrx_word' id='word_1_419' title='bbox 1854 2950 1952 3004; x_wconf 87' lang='lat' dir='ltr'><strong>bus</strong></span> <span class='ocrx_word' id='word_1_420' title='bbox 1992 2948 2265 3012; x_wconf 68' lang='lat' dir='ltr'><strong>civilibus,</strong></span> <span class='ocrx_word' id='word_1_421' title='bbox 2306 2957 2399 3002; x_wconf 88' lang='lat' dir='ltr'><strong>aut</strong></span> <span class='ocrx_word' id='word_1_422' title='bbox 2435 2947 2789 3006; x_wconf 88' lang='lat' dir='ltr'><strong>militaribus,</strong></span> <span class='ocrx_word' id='word_1_423' title='bbox 2827 2951 2921 2998; x_wconf 86' lang='lat' dir='ltr'><strong>aut</strong></span> <span class='ocrx_word' id='word_1_424' title='bbox 2965 2958 3151 2998; x_wconf 87' lang='lat' dir='ltr'><strong>eorum</strong></span> <span class='ocrx_word' id='word_1_425' title='bbox 3193 2941 3412 3004; x_wconf 77' lang='lat' dir='ltr'><strong>olllciis,</strong></span> 
     </span>
    </p>
   </div>
   <div class='ocr_carea' id='block_1_72' title="bbox 1854 3033 3411 3108">
    <p class='ocr_par' dir='ltr' id='par_1_72' title="bbox 1854 3033 3411 3108">
     <span class='ocr_line' id='line_1_72' title="bbox 1854 3033 3411 3108; baseline -0.005 -15"><span class='ocrx_word' id='word_1_426' title='bbox 1854 3049 1910 3093; x_wconf 93' lang='lat' dir='ltr'><strong>ut</strong></span> <span class='ocrx_word' id='word_1_427' title='bbox 1957 3039 2280 3108; x_wconf 89' lang='lat' dir='ltr'><strong>prohibeant</strong></span> <span class='ocrx_word' id='word_1_428' title='bbox 2335 3038 2451 3092; x_wconf 86' lang='lat' dir='ltr'><strong>fieri</strong></span> <span class='ocrx_word' id='word_1_429' title='bbox 2491 3045 2842 3098; x_wconf 86' lang='lat' dir='ltr'><strong>testamenta,</strong></span> <span class='ocrx_word' id='word_1_430' title='bbox 2889 3035 2971 3089; x_wconf 87' lang='lat' dir='ltr'><strong>vel</strong></span> <span class='ocrx_word' id='word_1_431' title='bbox 3023 3049 3086 3090; x_wconf 91' lang='lat' dir='ltr'><strong>ea</strong></span> <span class='ocrx_word' id='word_1_432' title='bbox 3123 3033 3411 3103; x_wconf 86' lang='lat' dir='ltr'><strong>publicari,</strong></span> 
     </span>
    </p>
   </div>
   <div class='ocr_carea' id='block_1_73' title="bbox 1856 3124 3411 3198">
    <p class='ocr_par' dir='ltr' id='par_1_73' title="bbox 1856 3124 3411 3198">
     <span class='ocr_line' id='line_1_73' title="bbox 1856 3124 3411 3198; baseline -0.004 -16"><span class='ocrx_word' id='word_1_433' title='bbox 1856 3131 1934 3183; x_wconf 81' lang='lat' dir='ltr'><strong>vel</strong></span> <span class='ocrx_word' id='word_1_434' title='bbox 1969 3129 2185 3198; x_wconf 89' lang='lat' dir='ltr'><strong>nuptias</strong></span> <span class='ocrx_word' id='word_1_435' title='bbox 2225 3128 2498 3193; x_wconf 84' lang='lat' dir='ltr'><strong>contrahi,</strong></span> <span class='ocrx_word' id='word_1_436' title='bbox 2529 3129 2612 3182; x_wconf 94' lang='lat' dir='ltr'><strong>vel</strong></span> <span class='ocrx_word' id='word_1_437' title='bbox 2642 3127 3006 3182; x_wconf 88' lang='lat' dir='ltr'><strong>instrumenta</strong></span> <span class='ocrx_word' id='word_1_438' title='bbox 3058 3124 3411 3180; x_wconf 68' lang='lat' dir='ltr'><strong>donationem</strong></span> 
     </span>
    </p>
   </div>
   <div class='ocr_carea' id='block_1_74' title="bbox 1856 3217 3416 3290">
    <p class='ocr_par' dir='ltr' id='par_1_74' title="bbox 1856 3217 3416 3290">
     <span class='ocr_line' id='line_1_74' title="bbox 1856 3217 3416 3290; baseline -0.004 -15"><span class='ocrx_word' id='word_1_439' title='bbox 1856 3222 2173 3290; x_wconf 78' lang='lat' dir='ltr'><strong>nuptialium</strong></span> <span class='ocrx_word' id='word_1_440' title='bbox 2213 3220 2429 3285; x_wconf 91' lang='lat' dir='ltr'><strong>contici,</strong></span> <span class='ocrx_word' id='word_1_441' title='bbox 2472 3221 2553 3274; x_wconf 88' lang='lat' dir='ltr'><strong>vel</strong></span> <span class='ocrx_word' id='word_1_442' title='bbox 2583 3219 2872 3274; x_wconf 88' lang='lat' dir='ltr'><strong>defunctos</strong></span> <span class='ocrx_word' id='word_1_443' title='bbox 2923 3217 3217 3287; x_wconf 65' lang='lat' dir='ltr'><strong>sepulturae</strong></span> <span class='ocrx_word' id='word_1_444' title='bbox 3264 3232 3416 3270; x_wconf 68' lang='lat' dir='ltr'><strong>mau-</strong></span> 
     </span>
    </p>
   </div>
   <div class='ocr_carea' id='block_1_75' title="bbox 1854 3308 3412 3382">
    <p class='ocr_par' dir='ltr' id='par_1_75' title="bbox 1854 3308 3412 3382">
     <span class='ocr_line' id='line_1_75' title="bbox 1854 3308 3412 3382; baseline -0.003 -15"><span class='ocrx_word' id='word_1_445' title='bbox 1854 3315 1995 3375; x_wconf 83' lang='lat' dir='ltr'><strong>dari,</strong></span> <span class='ocrx_word' id='word_1_446' title='bbox 2029 3313 2110 3367; x_wconf 89' lang='lat' dir='ltr'><strong>vel</strong></span> <span class='ocrx_word' id='word_1_447' title='bbox 2143 3312 2208 3366; x_wconf 89' lang='lat' dir='ltr'><strong>ad</strong></span> <span class='ocrx_word' id='word_1_448' title='bbox 2243 3311 2389 3366; x_wconf 80' lang='lat' dir='ltr'><strong>aliud</strong></span> <span class='ocrx_word' id='word_1_449' title='bbox 2424 3311 2702 3382; x_wconf 87' lang='lat' dir='ltr'><strong>quidpiam</strong></span> <span class='ocrx_word' id='word_1_450' title='bbox 2739 3308 2983 3380; x_wconf 88' lang='lat' dir='ltr'><strong>procedi,</strong></span> <span class='ocrx_word' id='word_1_451' title='bbox 3023 3309 3166 3379; x_wconf 84' lang='lat' dir='ltr'><strong>quod</strong></span> <span class='ocrx_word' id='word_1_452' title='bbox 3207 3308 3412 3376; x_wconf 69' lang='lat' dir='ltr'><strong>legibus</strong></span> 
     </span>
    </p>
   </div>
   <div class='ocr_carea' id='block_1_76' title="bbox 1853 3405 2466 3459">
    <p class='ocr_par' dir='ltr' id='par_1_76' title="bbox 1853 3405 2466 3459">
     <span class='ocr_line' id='line_1_76' title="bbox 1853 3405 2466 3459; baseline -0.002 -2"><span class='ocrx_word' id='word_1_453' title='bbox 1853 3421 1956 3459; x_wconf 90' lang='lat' dir='ltr'><strong>non</strong></span> <span class='ocrx_word' id='word_1_454' title='bbox 1995 3405 2065 3459; x_wconf 88' lang='lat' dir='ltr'><strong>sit</strong></span> <span class='ocrx_word' id='word_1_455' title='bbox 2101 3405 2466 3458; x_wconf 87' lang='lat' dir='ltr'><strong>interdictum.</strong></span> 
     </span>
    </p>
   </div>
   <div class='ocr_carea' id='block_1_77' title="bbox 1924 3489 3412 3560">
    <p class='ocr_par' dir='ltr' id='par_1_77' title="bbox 1924 3489 3412 3560">
     <span class='ocr_line' id='line_1_77' title="bbox 1924 3489 3412 3560; baseline -0.001 -14"><span class='ocrx_word' id='word_1_456' title='bbox 1924 3495 2074 3560; x_wconf 88' lang='lat' dir='ltr'><strong>Item,</strong></span> <span class='ocrx_word' id='word_1_457' title='bbox 2110 3509 2217 3547; x_wconf 91' lang='lat' dir='ltr'><strong>non</strong></span> <span class='ocrx_word' id='word_1_458' title='bbox 2249 3492 2448 3549; x_wconf 88' lang='lat' dir='ltr'><strong>debere</strong></span> <span class='ocrx_word' id='word_1_459' title='bbox 2477 3489 2829 3548; x_wconf 88' lang='lat' dir='ltr'><strong>monastriam</strong></span> <span class='ocrx_word' id='word_1_460' title='bbox 2858 3491 2971 3548; x_wconf 87' lang='lat' dir='ltr'><strong>suis</strong></span> <span class='ocrx_word' id='word_1_461' title='bbox 3013 3505 3077 3544; x_wconf 81' lang='lat' dir='ltr'><strong>ex</strong></span> <span class='ocrx_word' id='word_1_462' title='bbox 3114 3490 3248 3545; x_wconf 89' lang='lat' dir='ltr'><strong>locis</strong></span> <span class='ocrx_word' id='word_1_463' title='bbox 3289 3490 3412 3545; x_wconf 71' lang='lat' dir='ltr'><strong>alis-</strong></span> 
     </span>
    </p>
   </div>
   <div class='ocr_carea' id='block_1_78' title="bbox 1855 3587 2018 3641">
    <p class='ocr_par' dir='ltr' id='par_1_78' title="bbox 1855 3587 2018 3641">
     <span class='ocr_line' id='line_1_78' title="bbox 1855 3587 2018 3641; baseline 0.012 -2"><span class='ocrx_word' id='word_1_464' title='bbox 1855 3587 2018 3641; x_wconf 64' lang='lat' dir='ltr'><strong>bsalti.</strong></span> 
     </span>
    </p>
   </div>
   <div class='ocr_carea' id='block_1_79' title="bbox 1923 3673 3411 3741">
    <p class='ocr_par' dir='ltr' id='par_1_79' title="bbox 1923 3673 3411 3741">
     <span class='ocr_line' id='line_1_79' title="bbox 1923 3673 3411 3741; baseline -0.006 -7"><span class='ocrx_word' id='word_1_465' title='bbox 1923 3677 2083 3734; x_wconf 73' lang='lat' dir='ltr'><strong>Iubet</strong></span> <span class='ocrx_word' id='word_1_466' title='bbox 2104 3677 2290 3732; x_wconf 89' lang='lat' dir='ltr'><strong>eadem</strong></span> <span class='ocrx_word' id='word_1_467' title='bbox 2325 3675 2684 3741; x_wconf 90' lang='lat' dir='ltr'><strong>constitutio,</strong></span> <span class='ocrx_word' id='word_1_468' title='bbox 2722 3675 2928 3731; x_wconf 90' lang='lat' dir='ltr'><strong>debere</strong></span> <span class='ocrx_word' id='word_1_469' title='bbox 2961 3673 3219 3729; x_wconf 89' lang='lat' dir='ltr'><strong>mulieres</strong></span> <span class='ocrx_word' id='word_1_470' title='bbox 3251 3674 3376 3727; x_wconf 87' lang='lat' dir='ltr'><strong>adul</strong></span> <span class='ocrx_word' id='word_1_471' title='bbox 3404 3704 3411 3711; x_wconf 88' lang='lat'><strong>-</strong></span> 
     </span>
    </p>
   </div>
   <div class='ocr_carea' id='block_1_80' title="bbox 1855 3765 3403 3839">
    <p class='ocr_par' dir='ltr' id='par_1_80' title="bbox 1855 3765 3403 3839">
     <span class='ocr_line' id='line_1_80' title="bbox 1855 3765 3403 3839; baseline -0.003 -16"><span class='ocrx_word' id='word_1_472' title='bbox 1855 3780 2022 3835; x_wconf 88' lang='lat' dir='ltr'><strong>teras,</strong></span> <span class='ocrx_word' id='word_1_473' title='bbox 2057 3784 2176 3838; x_wconf 70' lang='lat' dir='ltr'><strong>quae</strong></span> <span class='ocrx_word' id='word_1_474' title='bbox 2207 3768 2534 3839; x_wconf 68' lang='lat' dir='ltr'><strong>castiganda:</strong></span> <span class='ocrx_word' id='word_1_475' title='bbox 2570 3775 2723 3832; x_wconf 88' lang='lat' dir='ltr'><strong>sunt,</strong></span> <span class='ocrx_word' id='word_1_476' title='bbox 2771 3768 2828 3821; x_wconf 90' lang='lat' dir='ltr'><strong>in</strong></span> <span class='ocrx_word' id='word_1_477' title='bbox 2858 3765 3248 3820; x_wconf 83' lang='lat' dir='ltr'><strong>monasterium</strong></span> <span class='ocrx_word' id='word_1_478' title='bbox 3303 3768 3403 3818; x_wconf 82' lang='lat' dir='ltr'><strong>iiii-</strong></span> 
     </span>
    </p>
   </div>
   <div class='ocr_carea' id='block_1_81' title="bbox 1856 3855 3407 3929">
    <p class='ocr_par' dir='ltr' id='par_1_81' title="bbox 1856 3855 3407 3929">
     <span class='ocr_line' id='line_1_81' title="bbox 1856 3855 3407 3929; baseline -0.003 -16"><span class='ocrx_word' id='word_1_479' title='bbox 1856 3861 1994 3913; x_wconf 81' lang='lat' dir='ltr'><strong>niitti</strong></span> <span class='ocrx_word' id='word_1_480' title='bbox 2044 3879 2056 3913; x_wconf 90' lang='lat'><strong>:</strong></span> <span class='ocrx_word' id='word_1_481' title='bbox 2100 3861 2375 3922; x_wconf 82' lang='lat' dir='ltr'><strong>sanciens,</strong></span> <span class='ocrx_word' id='word_1_482' title='bbox 2405 3859 2534 3929; x_wconf 88' lang='lat' dir='ltr'><strong>quid</strong></span> <span class='ocrx_word' id='word_1_483' title='bbox 2570 3859 2638 3913; x_wconf 90' lang='lat' dir='ltr'><strong>de</strong></span> <span class='ocrx_word' id='word_1_484' title='bbox 2667 3858 2907 3929; x_wconf 87' lang='lat' dir='ltr'><strong>ipsarum</strong></span> <span class='ocrx_word' id='word_1_485' title='bbox 2942 3857 3244 3911; x_wconf 82' lang='lat' dir='ltr'><strong>substantia</strong></span> <span class='ocrx_word' id='word_1_486' title='bbox 3294 3855 3407 3908; x_wconf 85' lang='lat' dir='ltr'><strong>fieri</strong></span> 
     </span>
    </p>
   </div>
   <div class='ocr_carea' id='block_1_82' title="bbox 1853 3944 3412 4018">
    <p class='ocr_par' dir='ltr' id='par_1_82' title="bbox 1853 3944 3412 4018">
     <span class='ocr_line' id='line_1_82' title="bbox 1853 3944 3412 4018; baseline -0.003 -14"><span class='ocrx_word' id='word_1_487' title='bbox 1853 3950 2069 4012; x_wconf 89' lang='lat' dir='ltr'><strong>debeat,</strong></span> <span class='ocrx_word' id='word_1_488' title='bbox 2125 3951 2236 4004; x_wconf 88' lang='lat' dir='ltr'><strong>sive</strong></span> <span class='ocrx_word' id='word_1_489' title='bbox 2283 3949 2483 4003; x_wconf 89' lang='lat' dir='ltr'><strong>liberos</strong></span> <span class='ocrx_word' id='word_1_490' title='bbox 2524 3957 2619 4003; x_wconf 88' lang='lat' dir='ltr'><strong>aut</strong></span> <span class='ocrx_word' id='word_1_491' title='bbox 2669 3953 2922 4018; x_wconf 85' lang='lat' dir='ltr'><strong>parentes</strong></span> <span class='ocrx_word' id='word_1_492' title='bbox 2975 3944 3240 4007; x_wconf 87' lang='lat' dir='ltr'><strong>habeant,</strong></span> <span class='ocrx_word' id='word_1_493' title='bbox 3295 3945 3412 3999; x_wconf 88' lang='lat' dir='ltr'><strong>sive</strong></span> 
     </span>
    </p>
   </div>
   <div class='ocr_carea' id='block_1_83' title="bbox 1857 4043 2256 4098">
    <p class='ocr_par' dir='ltr' id='par_1_83' title="bbox 1857 4043 2256 4098">
     <span class='ocr_line' id='line_1_83' title="bbox 1857 4043 2256 4098; baseline -0.01 0"><span class='ocrx_word' id='word_1_494' title='bbox 1857 4059 1960 4098; x_wconf 94' lang='lat' dir='ltr'><strong>non</strong></span> <span class='ocrx_word' id='word_1_495' title='bbox 2004 4043 2256 4097; x_wconf 88' lang='lat' dir='ltr'><strong>habeant.</strong></span> 
     </span>
    </p>
   </div>
   <div class='ocr_carea' id='block_1_84' title="bbox 1926 4129 3406 4202">
    <p class='ocr_par' dir='ltr' id='par_1_84' title="bbox 1926 4129 3406 4202">
     <span class='ocr_line' id='line_1_84' title="bbox 1926 4129 3406 4202; baseline -0.003 -16"><span class='ocrx_word' id='word_1_496' title='bbox 1926 4134 2034 4188; x_wconf 86' lang='lat' dir='ltr'><strong>Tit.</strong></span> <span class='ocrx_word' id='word_1_497' title='bbox 2065 4134 2308 4202; x_wconf 84' lang='lat' dir='ltr'><strong>ejusdem</strong></span> <span class='ocrx_word' id='word_1_498' title='bbox 2334 4133 2655 4188; x_wconf 86' lang='lat' dir='ltr'><strong>constitutio</strong></span> <span class='ocrx_word' id='word_1_499' title='bbox 2675 4131 2766 4196; x_wconf 74' lang='grc'><strong>24,</strong></span> <span class='ocrx_word' id='word_1_500' title='bbox 2791 4145 2914 4201; x_wconf 67' lang='lat' dir='ltr'><strong>qua:</strong></span> <span class='ocrx_word' id='word_1_501' title='bbox 2943 4140 3026 4186; x_wconf 88' lang='lat' dir='ltr'><strong>est</strong></span> <span class='ocrx_word' id='word_1_502' title='bbox 3052 4132 3105 4184; x_wconf 90' lang='lat' dir='ltr'><strong>in</strong></span> <span class='ocrx_word' id='word_1_503' title='bbox 3139 4139 3289 4184; x_wconf 80' lang='lat' dir='ltr'><strong>textu</strong></span> <span class='ocrx_word' id='word_1_504' title='bbox 3325 4129 3406 4183; x_wconf 85' lang='lat' dir='ltr'><strong>l5.</strong></span> 
     </span>
    </p>
   </div>
   <div class='ocr_carea' id='block_1_85' title="bbox 1857 4221 3411 4294">
    <p class='ocr_par' dir='ltr' id='par_1_85' title="bbox 1857 4221 3411 4294">
     <span class='ocr_line' id='line_1_85' title="bbox 1857 4221 3411 4294; baseline -0.003 -14"><span class='ocrx_word' id='word_1_505' title='bbox 1857 4227 1958 4280; x_wconf 82' lang='lat' dir='ltr'><strong>Per</strong></span> <span class='ocrx_word' id='word_1_506' title='bbox 1983 4227 2261 4281; x_wconf 86' lang='lat' dir='ltr'><strong>decretum</strong></span> <span class='ocrx_word' id='word_1_507' title='bbox 2290 4225 2530 4294; x_wconf 89' lang='lat' dir='ltr'><strong>episcopi</strong></span> <span class='ocrx_word' id='word_1_508' title='bbox 2576 4232 2631 4278; x_wconf 92' lang='lat' dir='ltr'><strong>et</strong></span> <span class='ocrx_word' id='word_1_509' title='bbox 2668 4238 3073 4294; x_wconf 85' lang='lat' dir='ltr'><strong>possessorum,</strong></span> <span class='ocrx_word' id='word_1_510' title='bbox 3117 4221 3411 4292; x_wconf 85' lang='lat' dir='ltr'><strong>prepositis</strong></span> 
     </span>
    </p>
   </div>
   <div class='ocr_carea' id='block_1_86' title="bbox 1857 4316 3417 4387">
    <p class='ocr_par' dir='ltr' id='par_1_86' title="bbox 1857 4316 3417 4387">
     <span class='ocr_line' id='line_1_86' title="bbox 1857 4316 3417 4387; baseline -0.005 -13"><span class='ocrx_word' id='word_1_511' title='bbox 1857 4319 2059 4374; x_wconf 90' lang='lat' dir='ltr'><strong>sanctis</strong></span> <span class='ocrx_word' id='word_1_512' title='bbox 2124 4316 2463 4387; x_wconf 82' lang='lat' dir='ltr'><strong>Evangeliis,</strong></span> <span class='ocrx_word' id='word_1_513' title='bbox 2525 4317 2839 4372; x_wconf 87' lang='lat' dir='ltr'><strong>defensores</strong></span> <span class='ocrx_word' id='word_1_514' title='bbox 2885 4317 3161 4370; x_wconf 87' lang='lat' dir='ltr'><strong>civitatum</strong></span> <span class='ocrx_word' id='word_1_515' title='bbox 3210 4316 3417 4368; x_wconf 87' lang='lat' dir='ltr'><strong>consti-</strong></span> 
     </span>
    </p>
   </div>
   <div class='ocr_carea' id='block_1_87' title="bbox 1856 4417 2098 4463">
    <p class='ocr_par' dir='ltr' id='par_1_87' title="bbox 1856 4417 2098 4463">
     <span class='ocr_line' id='line_1_87' title="bbox 1856 4417 2098 4463; baseline 0 -1"><span class='ocrx_word' id='word_1_516' title='bbox 1856 4417 2098 4463; x_wconf 82' lang='lat' dir='ltr'><strong>tuuntor.</strong></span> 
     </span>
    </p>
   </div>
   <div class='ocr_carea' id='block_1_88' title="bbox 254 4490 1745 4569">
    <p class='ocr_par' dir='ltr' id='par_1_88' title="bbox 254 4490 1745 4569">
     <span class='ocr_line' id='line_1_88' title="bbox 254 4490 1745 4569; baseline 0.007 -27"><span class='ocrx_word' id='word_1_517' title='bbox 254 4490 452 4557; x_wconf 80' lang='grc' dir='ltr'>Τίτλου</span> <span class='ocrx_word' id='word_1_518' title='bbox 485 4497 516 4543; x_wconf 84' lang='grc' dir='ltr'>ι’</span> <span class='ocrx_word' id='word_1_519' title='bbox 545 4493 786 4559; x_wconf 81' lang='grc' dir='ltr'>διάταξις</span> <span class='ocrx_word' id='word_1_520' title='bbox 829 4495 872 4564; x_wconf 85' lang='grc' dir='ltr'><strong>β’</strong></span> <span class='ocrx_word' id='word_1_521' title='bbox 923 4497 1070 4550; x_wconf 71' lang='grc' dir='ltr'>ἐστὶν</span> <span class='ocrx_word' id='word_1_522' title='bbox 1114 4499 1173 4551; x_wconf 82' lang='grc' dir='ltr'>ὲν</span> <span class='ocrx_word' id='word_1_523' title='bbox 1227 4499 1302 4569; x_wconf 83' lang='grc' dir='ltr'>τῷ</span> <span class='ocrx_word' id='word_1_524' title='bbox 1355 4499 1502 4569; x_wconf 80' lang='grc' dir='ltr'>ρητῷ</span> <span class='ocrx_word' id='word_1_525' title='bbox 1549 4498 1651 4568; x_wconf 85' lang='grc' dir='ltr'><strong>κβ’.</strong></span> <span class='ocrx_word' id='word_1_526' title='bbox 1693 4498 1745 4551; x_wconf 85' lang='grc'><strong>’0</strong></span> 
     </span>
    </p>
   </div>
   <div class='ocr_carea' id='block_1_89' title="bbox 1847 4490 3415 4569">
    <p class='ocr_par' dir='ltr' id='par_1_89' title="bbox 1924 4494 3415 4567">
     <span class='ocr_line' id='line_1_89' title="bbox 1924 4494 3415 4567; baseline -0.005 -13"><span class='ocrx_word' id='word_1_527' title='bbox 1924 4501 2027 4554; x_wconf 88' lang='lat' dir='ltr'><strong>Tit.</strong></span> <span class='ocrx_word' id='word_1_528' title='bbox 2065 4499 2153 4564; x_wconf 79' lang='grc'><strong>10,</strong></span> <span class='ocrx_word' id='word_1_529' title='bbox 2183 4499 2502 4554; x_wconf 90' lang='lat' dir='ltr'><strong>constitutio</strong></span> <span class='ocrx_word' id='word_1_530' title='bbox 2528 4499 2584 4563; x_wconf 74' lang='lat'><strong>2,</strong></span> <span class='ocrx_word' id='word_1_531' title='bbox 2613 4512 2735 4567; x_wconf 61' lang='lat' dir='ltr'><strong>quas</strong></span> <span class='ocrx_word' id='word_1_532' title='bbox 2781 4507 2863 4551; x_wconf 91' lang='lat' dir='ltr'><strong>est</strong></span> <span class='ocrx_word' id='word_1_533' title='bbox 2917 4496 2970 4550; x_wconf 90' lang='lat' dir='ltr'><strong>in</strong></span> <span class='ocrx_word' id='word_1_534' title='bbox 3011 4503 3159 4548; x_wconf 73' lang='lat' dir='ltr'><strong>textu</strong></span> <span class='ocrx_word' id='word_1_535' title='bbox 3193 4495 3284 4551; x_wconf 59' lang='grc' dir='ltr'><strong>Ἡ.</strong></span> <span class='ocrx_word' id='word_1_536' title='bbox 3313 4494 3415 4559; x_wconf 87' lang='lat' dir='ltr'><strong>Qui</strong></span> 
     </span>
    </p>
   </div>
   <div class='ocr_carea' id='block_1_90' title="bbox 188 4578 1752 4660">
    <p class='ocr_par' dir='ltr' id='par_1_90' title="bbox 188 4578 1752 4660">
     <span class='ocr_line' id='line_1_90' title="bbox 188 4578 1752 4660; baseline 0.008 -29"><span class='ocrx_word' id='word_1_537' title='bbox 188 4578 255 4631; x_wconf 79' lang='grc' dir='ltr'><strong>δι’</strong></span> <span class='ocrx_word' id='word_1_538' title='bbox 303 4580 536 4648; x_wconf 76' lang='grc' dir='ltr'>ἄσκησιν</span> <span class='ocrx_word' id='word_1_539' title='bbox 561 4583 703 4638; x_wconf 82' lang='grc' dir='ltr'>λύων</span> <span class='ocrx_word' id='word_1_540' title='bbox 743 4585 834 4638; x_wconf 75' lang='grc' dir='ltr'><strong>τὸν</strong></span> <span class='ocrx_word' id='word_1_541' title='bbox 868 4587 1006 4641; x_wconf 85' lang='grc' dir='ltr'>ίδιον.</span> <span class='ocrx_word' id='word_1_542' title='bbox 1028 4589 1207 4659; x_wconf 72' lang='grc' dir='ltr'>γάμον</span> <span class='ocrx_word' id='word_1_543' title='bbox 1241 4590 1319 4660; x_wconf 82' lang='grc' dir='ltr'>τῷ</span> <span class='ocrx_word' id='word_1_544' title='bbox 1346 4590 1454 4643; x_wconf 80' lang='grc' dir='ltr'><strong>ἀπὸ</strong></span> <span class='ocrx_word' id='word_1_545' title='bbox 1488 4589 1752 4657; x_wconf 86' lang='grc' dir='ltr'>τελευτῆς</span> 
     </span>
    </p>
   </div>
   <div class='ocr_carea' id='block_1_91' title="bbox 184 4669 666 4742">
    <p class='ocr_par' dir='ltr' id='par_1_91' title="bbox 184 4669 666 4742">
     <span class='ocr_line' id='line_1_91' title="bbox 184 4669 666 4742; baseline 0.01 -20"><span class='ocrx_word' id='word_1_546' title='bbox 184 4670 217 4722; x_wconf 81' lang='grc' dir='ltr'>ὖ</span> <span class='ocrx_word' id='word_1_547' title='bbox 230 4669 471 4723; x_wconf 80' lang='grc' dir='ltr'>πόκειται</span> <span class='ocrx_word' id='word_1_548' title='bbox 495 4673 666 4742; x_wconf 76' lang='grc' dir='ltr'>κάσῳ.</span> 
     </span>
    </p>
   </div>
   <div class='ocr_carea' id='block_1_92' title="bbox 257 4761 1754 4838">
    <p class='ocr_par' dir='ltr' id='par_1_92' title="bbox 257 4761 1754 4838">
     <span class='ocr_line' id='line_1_92' title="bbox 257 4761 1754 4838; baseline 0.007 -26"><span class='ocrx_word' id='word_1_549' title='bbox 257 4761 449 4814; x_wconf 86' lang='grc' dir='ltr'>Τίτλου</span> <span class='ocrx_word' id='word_1_550' title='bbox 507 4761 572 4832; x_wconf 86' lang='grc' dir='ltr'><strong>ιβ’</strong></span> <span class='ocrx_word' id='word_1_551' title='bbox 590 4764 748 4819; x_wconf 68' lang='grc' dir='ltr'>ιδιάτ.</span> <span class='ocrx_word' id='word_1_552' title='bbox 785 4771 831 4834; x_wconf 78' lang='grc' dir='ltr'><strong>β’</strong></span> <span class='ocrx_word' id='word_1_553' title='bbox 866 4767 1014 4819; x_wconf 74' lang='grc' dir='ltr'>ἐστὶν</span> <span class='ocrx_word' id='word_1_554' title='bbox 1057 4769 1116 4820; x_wconf 82' lang='grc' dir='ltr'>ἐν</span> <span class='ocrx_word' id='word_1_555' title='bbox 1165 4770 1241 4836; x_wconf 83' lang='grc' dir='ltr'>τῷ</span> <span class='ocrx_word' id='word_1_556' title='bbox 1278 4769 1429 4838; x_wconf 80' lang='grc' dir='ltr'><strong>ῥητῷ</strong></span> <span class='ocrx_word' id='word_1_557' title='bbox 1491 4777 1604 4838; x_wconf 85' lang='grc' dir='ltr'><strong>μη’.</strong></span> <span class='ocrx_word' id='word_1_558' title='bbox 1633 4771 1754 4823; x_wconf 72' lang='grc' dir='ltr'>Ὀτι</span> 
     </span>
    </p>
   </div>
   <div class='ocr_carea' id='block_1_93' title="bbox 182 4851 1754 4931">
    <p class='ocr_par' dir='ltr' id='par_1_93' title="bbox 182 4851 1754 4931">
     <span class='ocr_line' id='line_1_93' title="bbox 182 4851 1754 4931; baseline 0.006 -28"><span class='ocrx_word' id='word_1_559' title='bbox 182 4853 294 4920; x_wconf 78' lang='grc' dir='ltr'>χρὴ</span> <span class='ocrx_word' id='word_1_560' title='bbox 348 4851 444 4905; x_wconf 82' lang='grc' dir='ltr'>τὸν</span> <span class='ocrx_word' id='word_1_561' title='bbox 489 4855 788 4909; x_wconf 67' lang='grc' dir='ltr'>ἐπίσκοπον</span> <span class='ocrx_word' id='word_1_562' title='bbox 860 4861 1110 4927; x_wconf 89' lang='grc' dir='ltr'>προνοεῖν</span> <span class='ocrx_word' id='word_1_563' title='bbox 1173 4859 1266 4912; x_wconf 82' lang='grc' dir='ltr'>τοῦ</span> <span class='ocrx_word' id='word_1_564' title='bbox 1314 4861 1390 4931; x_wconf 81' lang='grc' dir='ltr'><strong>μὴ</strong></span> <span class='ocrx_word' id='word_1_565' title='bbox 1445 4859 1754 4914; x_wconf 79' lang='grc' dir='ltr'>κωλύεσθαι</span> 
     </span>
    </p>
   </div>
   <div class='ocr_carea' id='block_1_94' title="bbox 181 4943 1755 5022">
    <p class='ocr_par' dir='ltr' id='par_1_94' title="bbox 181 4943 1755 5022">
     <span class='ocr_line' id='line_1_94' title="bbox 181 4943 1755 5022; baseline 0.007 -30"><span class='ocrx_word' id='word_1_566' title='bbox 181 4943 284 5004; x_wconf 71' lang='grc' dir='ltr'><strong>τὰς</strong></span> <span class='ocrx_word' id='word_1_567' title='bbox 350 4945 617 5012; x_wconf 65' lang='grc' dir='ltr'>σκηνικάς</span> <span class='ocrx_word' id='word_1_568' title='bbox 679 4947 1011 5017; x_wconf 78' lang='grc' dir='ltr'>βουλομένας</span> <span class='ocrx_word' id='word_1_569' title='bbox 1068 4952 1167 5020; x_wconf 77' lang='grc' dir='ltr'>τῆς</span> <span class='ocrx_word' id='word_1_570' title='bbox 1226 4951 1431 5022; x_wconf 80' lang='grc' dir='ltr'>σκηνῆς</span> <span class='ocrx_word' id='word_1_571' title='bbox 1486 4949 1755 5005; x_wconf 80' lang='grc' dir='ltr'>άταλλάτ-</span> 
     </span>
    </p>
   </div>
   <div class='ocr_carea' id='block_1_95' title="bbox 182 5031 916 5111">
    <p class='ocr_par' dir='ltr' id='par_1_95' title="bbox 182 5031 916 5111">
     <span class='ocr_line' id='line_1_95' title="bbox 182 5031 916 5111; baseline 0.015 -28"><span class='ocrx_word' id='word_1_572' title='bbox 182 5049 240 5085; x_wconf 81' lang='grc' dir='ltr'><strong>τε</strong></span> <span class='ocrx_word' id='word_1_573' title='bbox 253 5031 371 5086; x_wconf 89' lang='grc' dir='ltr'>σθαι</span> <span class='ocrx_word' id='word_1_574' title='bbox 410 5033 916 5111; x_wconf 82' lang='grc' dir='ltr'>[άπαλλάττεσθαι].</span> 
     </span>
    </p>
   </div>
   <div class='ocr_carea' id='block_1_96' title="bbox 254 5120 1753 5202">
    <p class='ocr_par' dir='ltr' id='par_1_96' title="bbox 254 5120 1753 5202">
     <span class='ocr_line' id='line_1_96' title="bbox 254 5120 1753 5202; baseline 0.009 -31"><span class='ocrx_word' id='word_1_575' title='bbox 254 5120 448 5173; x_wconf 88' lang='grc' dir='ltr'>Τίτλου</span> <span class='ocrx_word' id='word_1_576' title='bbox 512 5129 579 5190; x_wconf 87' lang='grc' dir='ltr'>ιη’</span> <span class='ocrx_word' id='word_1_577' title='bbox 611 5124 852 5193; x_wconf 81' lang='grc' dir='ltr'>διάταξις</span> <span class='ocrx_word' id='word_1_578' title='bbox 898 5134 945 5195; x_wconf 88' lang='grc' dir='ltr'>η’</span> <span class='ocrx_word' id='word_1_579' title='bbox 988 5130 1168 5182; x_wconf 86' lang='grc' dir='ltr'>κεῖται</span> <span class='ocrx_word' id='word_1_580' title='bbox 1212 5131 1270 5183; x_wconf 76' lang='grc' dir='ltr'>ἐν</span> <span class='ocrx_word' id='word_1_581' title='bbox 1321 5130 1397 5200; x_wconf 82' lang='grc' dir='ltr'>τῷ</span> <span class='ocrx_word' id='word_1_582' title='bbox 1455 5131 1603 5202; x_wconf 78' lang='grc' dir='ltr'>ῥητῷ</span> <span class='ocrx_word' id='word_1_583' title='bbox 1649 5131 1753 5185; x_wconf 86' lang='grc' dir='ltr'>να’.</span> 
     </span>
    </p>
   </div>
   <div class='ocr_carea' id='block_1_97' title="bbox 187 5209 1753 5289">
    <p class='ocr_par' dir='ltr' id='par_1_97' title="bbox 187 5209 1753 5289">
     <span class='ocr_line' id='line_1_97' title="bbox 187 5209 1753 5289; baseline 0.008 -27"><span class='ocrx_word' id='word_1_584' title='bbox 187 5209 311 5263; x_wconf 84' lang='grc' dir='ltr'>Ὅτι</span> <span class='ocrx_word' id='word_1_585' title='bbox 341 5212 448 5281; x_wconf 78' lang='grc' dir='ltr'>χρὴ</span> <span class='ocrx_word' id='word_1_586' title='bbox 479 5213 606 5275; x_wconf 80' lang='grc' dir='ltr'>τοὺς</span> <span class='ocrx_word' id='word_1_587' title='bbox 652 5215 985 5281; x_wconf 82' lang='grc' dir='ltr'>ἐπισκόπους</span> <span class='ocrx_word' id='word_1_588' title='bbox 1034 5219 1492 5289; x_wconf 69' lang='grc' dir='ltr'>παραφυλάττειν</span> <span class='ocrx_word' id='word_1_589' title='bbox 1523 5222 1590 5275; x_wconf 70' lang='grc' dir='ltr'><strong>τὰ</strong></span> <span class='ocrx_word' id='word_1_590' title='bbox 1628 5222 1753 5289; x_wconf 82' lang='grc' dir='ltr'>περὶ</span> 
     </span>
    </p>
   </div>
   <div class='ocr_carea' id='block_1_98' title="bbox 184 5303 808 5373">
    <p class='ocr_par' dir='ltr' id='par_1_98' title="bbox 184 5303 808 5373">
     <span class='ocr_line' id='line_1_98' title="bbox 184 5303 808 5373; baseline 0.011 -19"><span class='ocrx_word' id='word_1_591' title='bbox 184 5303 294 5356; x_wconf 84' lang='grc' dir='ltr'><strong>τῶν</strong></span> <span class='ocrx_word' id='word_1_592' title='bbox 323 5305 808 5373; x_wconf 77' lang='grc' dir='ltr'>εὐνουχιζομένων.</span> 
     </span>
    </p>
   </div>
   <div class='ocr_carea' id='block_1_99' title="bbox 1853 4586 3412 4662">
    <p class='ocr_par' dir='ltr' id='par_1_99' title="bbox 1853 4586 3412 4662">
     <span class='ocr_line' id='line_1_99' title="bbox 1853 4586 3412 4662; baseline -0.006 -15"><span class='ocrx_word' id='word_1_593' title='bbox 1853 4601 2074 4662; x_wconf 87' lang='lat' dir='ltr'><strong>propter</strong></span> <span class='ocrx_word' id='word_1_594' title='bbox 2117 4591 2564 4646; x_wconf 75' lang='lat' dir='ltr'><strong>exercitationem</strong></span> <span class='ocrx_word' id='word_1_595' title='bbox 2634 4588 2935 4642; x_wconf 89' lang='lat' dir='ltr'><strong>solitariam</strong></span> <span class='ocrx_word' id='word_1_596' title='bbox 2998 4586 3412 4640; x_wconf 81' lang='lat' dir='ltr'><strong>matrimonium</strong></span> 
     </span>
    </p>
   </div>
   <div class='ocr_carea' id='block_1_100' title="bbox 1853 4682 2994 4747">
    <p class='ocr_par' dir='ltr' id='par_1_100' title="bbox 1853 4682 2994 4747">
     <span class='ocr_line' id='line_1_100' title="bbox 1853 4682 2994 4747; baseline -0.006 -7"><span class='ocrx_word' id='word_1_597' title='bbox 1853 4700 2009 4740; x_wconf 90' lang='lat' dir='ltr'><strong>suum</strong></span> <span class='ocrx_word' id='word_1_598' title='bbox 2042 4684 2223 4747; x_wconf 89' lang='lat' dir='ltr'><strong>solvit,</strong></span> <span class='ocrx_word' id='word_1_599' title='bbox 2253 4699 2318 4737; x_wconf 81' lang='lat' dir='ltr'><strong>ex</strong></span> <span class='ocrx_word' id='word_1_600' title='bbox 2363 4682 2552 4736; x_wconf 89' lang='lat' dir='ltr'><strong>mortis</strong></span> <span class='ocrx_word' id='word_1_601' title='bbox 2592 4694 2725 4735; x_wconf 91' lang='lat' dir='ltr'><strong>casu</strong></span> <span class='ocrx_word' id='word_1_602' title='bbox 2753 4686 2994 4735; x_wconf 87' lang='lat' dir='ltr'><strong>tenetur.</strong></span> 
     </span>
    </p>
   </div>
   <div class='ocr_carea' id='block_1_101' title="bbox 1926 4767 3407 4841">
    <p class='ocr_par' dir='ltr' id='par_1_101' title="bbox 1926 4767 3407 4841">
     <span class='ocr_line' id='line_1_101' title="bbox 1926 4767 3407 4841; baseline -0.005 -15"><span class='ocrx_word' id='word_1_603' title='bbox 1926 4773 2035 4828; x_wconf 87' lang='lat' dir='ltr'><strong>Tit.</strong></span> <span class='ocrx_word' id='word_1_604' title='bbox 2068 4773 2155 4837; x_wconf 78' lang='grc'><strong>12.</strong></span> <span class='ocrx_word' id='word_1_605' title='bbox 2207 4772 2427 4826; x_wconf 86' lang='lat' dir='ltr'><strong>constit.</strong></span> <span class='ocrx_word' id='word_1_606' title='bbox 2474 4771 2530 4833; x_wconf 76' lang='lat'><strong>2,</strong></span> <span class='ocrx_word' id='word_1_607' title='bbox 2575 4786 2695 4841; x_wconf 74' lang='lat' dir='ltr'><strong>qua:</strong></span> <span class='ocrx_word' id='word_1_608' title='bbox 2732 4771 2785 4826; x_wconf 91' lang='lat' dir='ltr'><strong>in</strong></span> <span class='ocrx_word' id='word_1_609' title='bbox 2819 4779 2965 4826; x_wconf 81' lang='lat' dir='ltr'><strong>textu</strong></span> <span class='ocrx_word' id='word_1_610' title='bbox 3000 4777 3084 4825; x_wconf 87' lang='lat' dir='ltr'><strong>est</strong></span> <span class='ocrx_word' id='word_1_611' title='bbox 3117 4768 3204 4825; x_wconf 68' lang='grc'><strong>48.</strong></span> <span class='ocrx_word' id='word_1_612' title='bbox 3253 4767 3407 4835; x_wconf 81' lang='lat' dir='ltr'><strong>Quod</strong></span> 
     </span>
    </p>
   </div>
   <div class='ocr_carea' id='block_1_102' title="bbox 1855 4857 3413 4936">
    <p class='ocr_par' dir='ltr' id='par_1_102' title="bbox 1855 4857 3413 4936">
     <span class='ocr_line' id='line_1_102' title="bbox 1855 4857 3413 4936; baseline -0.006 -17"><span class='ocrx_word' id='word_1_613' title='bbox 1855 4867 2144 4936; x_wconf 86' lang='lat' dir='ltr'><strong>cpiscopus</strong></span> <span class='ocrx_word' id='word_1_614' title='bbox 2174 4878 2366 4917; x_wconf 89' lang='lat' dir='ltr'><strong>curare</strong></span> <span class='ocrx_word' id='word_1_615' title='bbox 2395 4863 2608 4926; x_wconf 85' lang='lat' dir='ltr'><strong>debeat,</strong></span> <span class='ocrx_word' id='word_1_616' title='bbox 2644 4876 2711 4916; x_wconf 88' lang='lat' dir='ltr'><strong>ne</strong></span> <span class='ocrx_word' id='word_1_617' title='bbox 2736 4860 3131 4931; x_wconf 86' lang='lat' dir='ltr'><strong>prohibeantur</strong></span> <span class='ocrx_word' id='word_1_618' title='bbox 3181 4857 3413 4912; x_wconf 84' lang='lat' dir='ltr'><strong>scenicae</strong></span> 
     </span>
    </p>
   </div>
   <div class='ocr_carea' id='block_1_103' title="bbox 1859 4949 3340 5021">
    <p class='ocr_par' dir='ltr' id='par_1_103' title="bbox 1859 4949 3340 5021">
     <span class='ocr_line' id='line_1_103' title="bbox 1859 4949 3340 5021; baseline -0.004 -13"><span class='ocrx_word' id='word_1_619' title='bbox 1859 4955 2126 5017; x_wconf 86' lang='lat' dir='ltr'><strong>mulieres,</strong></span> <span class='ocrx_word' id='word_1_620' title='bbox 2170 4952 2435 5021; x_wconf 73' lang='lat' dir='ltr'><strong>siquidem</strong></span> <span class='ocrx_word' id='word_1_621' title='bbox 2467 4955 2538 5006; x_wconf 88' lang='lat' dir='ltr'><strong>ita</strong></span> <span class='ocrx_word' id='word_1_622' title='bbox 2565 4952 2754 5015; x_wconf 83' lang='lat' dir='ltr'><strong>velint,</strong></span> <span class='ocrx_word' id='word_1_623' title='bbox 2787 4966 2817 5006; x_wconf 85' lang='lat' dir='ltr'><strong>a</strong></span> <span class='ocrx_word' id='word_1_624' title='bbox 2845 4964 3008 5006; x_wconf 89' lang='lat' dir='ltr'><strong>scena</strong></span> <span class='ocrx_word' id='word_1_625' title='bbox 3035 4949 3340 5004; x_wconf 78' lang='lat' dir='ltr'><strong>discedere.</strong></span> 
     </span>
    </p>
   </div>
   <div class='ocr_carea' id='block_1_104' title="bbox 1929 5037 3410 5111">
    <p class='ocr_par' dir='ltr' id='par_1_104' title="bbox 1929 5037 3410 5111">
     <span class='ocr_line' id='line_1_104' title="bbox 1929 5037 3410 5111; baseline -0.005 -13"><span class='ocrx_word' id='word_1_626' title='bbox 1929 5045 2036 5098; x_wconf 87' lang='lat' dir='ltr'><strong>Tit.</strong></span> <span class='ocrx_word' id='word_1_627' title='bbox 2077 5042 2162 5107; x_wconf 82' lang='lat' dir='ltr'><strong>l8,</strong></span> <span class='ocrx_word' id='word_1_628' title='bbox 2186 5042 2505 5098; x_wconf 89' lang='lat' dir='ltr'><strong>constitutio</strong></span> <span class='ocrx_word' id='word_1_629' title='bbox 2531 5044 2583 5107; x_wconf 87' lang='lat'><strong>8,</strong></span> <span class='ocrx_word' id='word_1_630' title='bbox 2607 5055 2726 5111; x_wconf 82' lang='lat' dir='ltr'><strong>quae</strong></span> <span class='ocrx_word' id='word_1_631' title='bbox 2754 5041 2805 5093; x_wconf 92' lang='lat' dir='ltr'><strong>in</strong></span> <span class='ocrx_word' id='word_1_632' title='bbox 2834 5047 2984 5095; x_wconf 78' lang='lat' dir='ltr'><strong>tcxtu</strong></span> <span class='ocrx_word' id='word_1_633' title='bbox 3010 5039 3187 5109; x_wconf 83' lang='lat' dir='ltr'><strong>posita</strong></span> <span class='ocrx_word' id='word_1_634' title='bbox 3213 5048 3295 5094; x_wconf 90' lang='lat' dir='ltr'><strong>est</strong></span> <span class='ocrx_word' id='word_1_635' title='bbox 3321 5037 3410 5092; x_wconf 77' lang='lat' dir='ltr'><strong>5t.</strong></span> 
     </span>
    </p>
   </div>
   <div class='ocr_carea' id='block_1_105' title="bbox 1856 5128 3446 5202">
    <p class='ocr_par' dir='ltr' id='par_1_105' title="bbox 1856 5128 3446 5202">
     <span class='ocr_line' id='line_1_105' title="bbox 1856 5128 3446 5202; baseline -0.004 -13"><span class='ocrx_word' id='word_1_636' title='bbox 1856 5135 2008 5202; x_wconf 87' lang='lat' dir='ltr'><strong>Quod</strong></span> <span class='ocrx_word' id='word_1_637' title='bbox 2058 5133 2351 5187; x_wconf 81' lang='lat' dir='ltr'><strong>observare</strong></span> <span class='ocrx_word' id='word_1_638' title='bbox 2399 5133 2629 5188; x_wconf 85' lang='lat' dir='ltr'><strong>debeant</strong></span> <span class='ocrx_word' id='word_1_639' title='bbox 2667 5131 2907 5202; x_wconf 89' lang='lat' dir='ltr'><strong>episcopi</strong></span> <span class='ocrx_word' id='word_1_640' title='bbox 2961 5131 3175 5187; x_wconf 77' lang='lat' dir='ltr'><strong>sancita</strong></span> <span class='ocrx_word' id='word_1_641' title='bbox 3240 5130 3305 5184; x_wconf 76' lang='grc' dir='ltr'><strong>«1ο</strong></span> <span class='ocrx_word' id='word_1_642' title='bbox 3349 5128 3446 5198; x_wconf 79' lang='lat' dir='ltr'><strong>iis</strong></span> 
     </span>
    </p>
   </div>
   <div class='ocr_carea' id='block_1_106' title="bbox 1855 5227 2309 5296">
    <p class='ocr_par' dir='ltr' id='par_1_106' title="bbox 1855 5227 2309 5296">
     <span class='ocr_line' id='line_1_106' title="bbox 1855 5227 2309 5296; baseline -0.002 -16"><span class='ocrx_word' id='word_1_643' title='bbox 1855 5227 1947 5296; x_wconf 87' lang='lat' dir='ltr'><strong>qui</strong></span> <span class='ocrx_word' id='word_1_644' title='bbox 1981 5233 2309 5280; x_wconf 79' lang='lat' dir='ltr'><strong>castrantur.</strong></span> 
     </span>
    </p>
   </div>
  </div>
