4082 6466
184 377 320 440 i309

1223 385 1571 446 CONSTl'l'.
1606 386 1903 446 ECCLES.
1945 387 2375 447 COLI.ECTIO.

3283 383 3415 448 1310

174 499 355 551 αὐτῶν
421 497 630 566 εύαγῶν
695 499 858 558 οίκων
902 500 1032 569 παρ’
1071 502 1206 554 αύτά
1265 501 1375 573 [ισ.
1412 499 1744 572 παραυτίκα]

1854 504 2099 556 utendam
2135 503 2414 558 fruendam
2448 501 2664 572 accipit,
2695 501 2880 557 statim
2910 499 3002 554 det
3031 501 3108 554 eis
3135 500 3256 566 jure
3290 515 3412 568 pro-

172 589 364 642 διδότω
397 592 575 652 αὐτοῖς
593 592 672 654 εἰς
702 591 1018 645 δεσποτείαν
1045 594 1276 662 πρᾶγμα
1332 592 1523 660 ὁμοίας
1573 609 1741 660 προσο

171 681 298 732 ὁδου
327 697 384 733 τε
419 681 512 733 καὶ
553 682 884 746 συντελείας,
914 683 998 750 ἐφ’
1042 677 1086 750 ᾧ
1133 683 1268 752 μετᾶ
1309 683 1408 750 τὴν
1454 683 1616 734 αὐτοῦ
1662 699 1746 734 τε-

173 772 427 842 λευτὴνῆ
457 773 546 826 τὸν
588 772 900 843 ὁριζόμενον
961 775 1150 843 χρόνον
1203 774 1278 842 μὴ
1348 774 1746 841 ὑπερϐαίνοντα

174 861 280 929 τὴν
306 862 495 916 τούτου
520 864 664 934 ζωὴν
718 866 812 917 καὶ
841 865 900 920 τὸ
928 864 1078 917 δοθὲν
1123 864 1272 933 αύτῷ
1327 863 1632 933 περιελθεῖν
1669 866 1749 927 είς

174 953 270 1005 τὸν
302 953 660 1022 εύαγέστατον
685 951 850 1008 οίκον.

247 1045 313 1096 Αἰ
354 1043 645 1112 μισθώσεις
699 1045 806 1098 τῶν
842 1046 1148 1116 εἰρημένων
1207 1047 1417 1100 σεπτῶν
1465 1049 1630 1100 οἴκων
1675 1047 1748 1116 μὴ

177 1134 659 1204 ὑπερϐαινέτωσαν
689 1137 1153 1204 τριακονταετίαν.

251 1228 316 1282 Εἰ
350 1229 516 1283 δεῖται
555 1231 851 1299 χρημάτων
893 1228 973 1293 εἷς
1028 1232 1135 1284 τῶν
1195 1231 1408 1298 εύαγῶν
1461 1230 1628 1284 οἴκων
1671 1233 1750 1293 είς

174 1319 442 1387 δημοσίαν
461 1322 492 1390 ἢ
521 1321 602 1384 είς
622 1321 786 1390 ἄλλην
807 1321 1017 1390 χρείαν,
1041 1322 1264 1374 διδόσθω
1290 1322 1543 1390 ἀκίνητον
1562 1323 1750 1391 πρᾶγ-

179 1427 259 1475 μα
307 1412 383 1472 είς
444 1409 608 1464 ίδικδν
670 1414 921 1480 ἐνέχυρον
947 1452 961 1475 ,
987 1411 1072 1462 ἶνα
1104 1414 1130 1463 ό
1159 1411 1464 1478 δανειστὴς,
1525 1409 1752 1478 πληρού-

181 1516 342 1565 μενος
371 1502 426 1566 έξ
453 1501 614 1554 αὐτοῦ
653 1502 712 1556 τὸ
740 1503 1030 1568 κεφάλαιον
1071 1502 1160 1553 καὶ
1191 1502 1316 1563 τοὺς
1352 1501 1458 1552 ἀπὸ
1490 1500 1751 1569 τετάρτου

179 1595 479 1664 ἑκατοστῆς
509 1597 721 1658 τόκους,
752 1594 1013 1650 ἀντιδώσει
1040 1596 1099 1647 τὸ
1127 1598 1394 1665 ἐνέχυρον.

250 1773 315 1824 Αἱ
349 1774 702 1841 ἐμφυτεύσεις
732 1775 827 1828 καὶ
862 1777 916 1827 αἱ
953 1775 1091 1842 ὑπὲρ
1147 1776 1470 1828 πενταετίαν
1540 1775 1746 1844 μισθώ-

1849 595 2090 663 prietatis
2140 610 2250 648 rem
2298 595 2596 650 consimilis
2653 595 2856 648 reditus
2895 601 2948 648 ct
2993 590 3317 652 collationis,
3356 597 3414 642 ut

1846 695 1964 752 post
2000 685 2120 752 ejus
2150 695 2398 749 mortem,
2427 684 2507 738 vel
2541 692 2662 751 post
2684 683 2965 737 dellnitum
2997 690 3232 748 tempus,
3265 679 3409 748 quod

1849 783 2034 830 tamen
2072 774 2192 844 ejus
2230 776 2390 827 vitam
2429 790 2534 828 non
2567 773 2802 834 excedit,
2835 773 2995 827 etiam
3021 771 3137 841 ipsa
3173 785 3261 824 res
3292 770 3414 823 data

1847 865 2128 933 perveniat
2167 866 2234 919 ad
2274 866 2492 919 domum
2527 865 2861 934 religiosam.

1921 1043 2242 1099 Locatioues
2277 1043 2346 1096 ab
2377 1043 2627 1097 indicatis
2657 1041 2925 1112 religiosis
2951 1040 3204 1094 domibus
3241 1039 3413 1102 factm,

1850 1135 2087 1203 spatium
2128 1151 2395 1188 annorum
2430 1135 2652 1203 triginta
2685 1150 2792 1188 non
2823 1136 3106 1187 excedant.

1923 1227 1978 1281 Si
2013 1227 2102 1280 cui
2129 1226 2312 1280 domui
2345 1226 2610 1294 religiosa:
2641 1226 2884 1293 pecuniis
2921 1239 3058 1292 opus
3090 1233 3193 1286 est,
3229 1222 3294 1275 ad
3335 1222 3365 1273 ii
3389 1249 3404 1261 -

1850 1320 2072 1380 scalam,
2111 1319 2194 1372 vel
2235 1317 2394 1370 aliam
2450 1318 2825 1371 necessitatem
2855 1356 2868 1378 ,
2900 1317 2990 1370 det
3025 1329 3134 1369 rem
3172 1315 3414 1384 aliquam

1852 1409 2178 1464 immobilem
2212 1411 2264 1461 in
2299 1408 2534 1467 speciale
2570 1410 2784 1476 pignus,
2815 1418 2874 1461 ut
2913 1422 3032 1461 eum
3066 1421 3127 1459 ex
3160 1420 3222 1458 ea
3243 1405 3420 1460 credi-

1855 1498 1955 1551 tori
2003 1495 2338 1551 satisfactum
2390 1495 2554 1549 fuerit
2601 1507 2709 1548 tam
2761 1495 2978 1548 nomine
3020 1494 3204 1553 surlis,
3256 1508 3418 1558 quam

1855 1604 2054 1651 usurae,
2087 1599 2235 1656 parte
2257 1589 2568 1643 centesima
2594 1596 2786 1656 quarta
2810 1587 3067 1651 deﬁnitae,
3103 1586 3295 1656 pignus
3329 1586 3418 1641 ille

1860 1680 2134 1734 restituat.

1927 1771 2318 1842 Emphyteuses
2371 1780 2425 1825 et
2455 1771 2770 1832 locationes,
2805 1785 2923 1839 quze
2947 1781 3082 1823 ultra
3113 1772 3423 1837 quinquen—

179 1881 298 1927 σεις
327 1867 475 1936 παρὰ
502 1865 726 1934 γνώμην
753 1865 846 1918 τοῦ
873 1866 1299 1936 ἀρχιεπισκόπου
1355 1867 1388 1934 ἢ
1448 1867 1556 1918 τῶν
1587 1883 1746 1934 προε-

1855 1865 1928 1916 nii
1964 1865 2198 1930 spatium
2228 1863 2615 1922 extenduntur,
2648 1862 2853 1930 absque
2886 1862 3165 1914 voluntate
3195 1860 3413 1912 archic-

180 1954 403 2008 οτώτων
423 1955 530 2006 τῶν
560 1955 770 2022 εὐαγῶν
812 1956 974 2008 οἴκων
1023 1957 1095 2023 μὴ
1150 1956 1613 2024 προϐαινέτωσαν.
1658 1960 1748 2009 Δεῖ

179 2043 289 2111 γὰρ
315 2041 533 2111 ὀμνύειν
564 2043 686 2105 τοὺς
714 2044 1024 2113 οἰκονόμους
1048 2046 1139 2097 καὶ
1186 2045 1615 2115 χαρτουλαρίους
1665 2045 1743 2105 ὡς

176 2133 436 2200 οὐδεμίαν
459 2135 805 2205 περιγραφὴν
839 2133 951 2202 ἔχει
978 2134 1038 2186 τὸ
1096 2135 1468 2202 συοιάλλαγμα.
1531 2135 1749 2186 Τοὶτων

177 2226 234 2276 δὲ
276 2224 351 2294 μὴ
375 2225 562 2288 ὄντων,
595 2228 720 2287 τοὺς
767 2227 1114 2294 προεστῶτας
1163 2226 1272 2278 τῶν
1327 2226 1539 2293 εὑαγῶν
1584 2227 1750 2279 οῐκων

178 2317 556 2385 προκειμένων
623 2317 726 2368 τῶν
779 2319 948 2380 ἁγίων
997 2319 1340 2385 Εὐαγγελίων
1379 2318 1650 2371 ποιεῖσθαι
1693 2319 1750 2370 τὸ

178 2405 552 2474 συνάλλαγμα,
573 2408 666 2458 τοῦ
688 2407 850 2466 αὑτοῦ
881 2411 1289 2478 ἐγγραφομένου
1320 2409 1378 2461 εν
1396 2413 1504 2472 τοῖς
1533 2411 1750 2481 προϊοῦ-

179 2513 235 2548 σι
273 2495 638 2564 συμϐολαίοις.

253 2678 454 2746 Μηδεὶς
483 2678 588 2730 τῶν
617 2680 956 2747 τρακτευτὼν
999 2680 1028 2747 ῆ
1060 2678 1404 2730 διοικούντων
1440 2679 1508 2731 τὰ
1576 2683 1751 2750 πράγ-

181 2785 330 2835 ματα
355 2769 462 2821 τῶν
491 2770 702 2821 σεπτῶν
742 2769 925 2832 οἴκων,
982 2769 1014 2838 ἢ
1052 2772 1318 2838 συγγενὴς
1361 2770 1537 2822 αὐτῶν
1581 2771 1612 2838 ἦ
1650 2773 1750 2836 ἁγ-

176 2858 389 2926 χιστὴς,
426 2859 780 2926 έμφυτεύσεις
814 2861 846 2926 ῆ
883 2861 1160 2928 ὑποθήκας
1189 2860 1497 2912 τῶναύτῶν
1531 2862 1747 2912 σεπτῶν

175 2952 344 3002 οἴκων
373 2951 690 3019 λαμϐανέτω
704 2951 769 3004 δι’
796 2951 985 3003 ἑαυτοῦ
1017 2950 1399 3020 ἢπσρενθέτου
1439 2949 1746 3020 προσώπου.

178 3043 336 3095 Ἐπεί
368 3043 447 3094 τοί
473 3059 558 3108 γε,
601 3042 765 3094 αὑτοῦ
794 3041 1160 3111 λαμϐάνοντος
1187 3043 1280 3093 καὶ
1309 3039 1418 3092 τῶν
1449 3042 1747 3108 οίκονόμων

178 3135 273 3184 καὶ
300 3134 727 3202 χαρτουλαρίων,
753 3134 851 3194 τὰς
888 3134 1073 3195 οὐσίας
1112 3135 1159 3184 οἱ
1206 3135 1394 3184 σεπτοὶ
1445 3133 1748 3187 ὲκδικοῦσιν

176 3222 317 3278 οἶκοι
329 3264 340 3278 .

262 3410 384 3461 Ἐπὶ
404 3409 513 3470 τοῖς
538 3407 812 3475 ἀκινήτοις
877 3406 1164 3475 πράγμασι
1215 3405 1324 3457 τῶν
1359 3405 1417 3456 ἐν
1462 3403 1749 3472 ἐπαρχίαις

175 3499 532 3568 διακειμένων
570 3497 894 3566 ικκλησιῶν,
923 3499 1016 3548 κα).
1051 3495 1262 3548 σεπτῶν
1296 3495 1534 3547 εὐσεϐῶν
1562 3496 1748 3554 οἴκων,

180 3589 276 3641 καὶ
305 3587 412 3640 τῶν
447 3588 503 3638 ὲν
534 3579 1100 3638 Κωνσταντινουπόλει
1159 3587 1253 3636 καὶ
1297 3582 1575 3652 πανταχοῦ
1609 3585 1752 3652 ἰδρυ-

182 3681 362 3749 μένων
396 3678 790 3747 μοναστηρίων,
828 3677 1108 3746 προϐαίνει
1161 3676 1416 3743 διηνεκὴς
1480 3675 1752 3743 ὲμιρύτευ-

180 3789 288 3834 σις,
323 3768 662 3838 κρατούντων
691 3770 776 3821 ἐπ’
827 3769 961 3837 αὐτῇ
1008 3768 1226 3819 πάντων
1277 3767 1385 3818 τῶν
1445 3767 1751 3835 εἰρημένων

178 3861 274 3912 ἐπὶ
331 3859 448 3919 ταῖς
495 3856 856 3923 ὲμφυτεύσισι
907 3858 1022 3916 ταῖς
1078 3857 1139 3906 ἐκ
1178 3853 1287 3906 τῶν
1329 3855 1629 3925 ἐκκλησιῶν
1654 3855 1750 3922 τῆς

181 3947 575 4020 βασιλευούσης
608 3946 815 4007 πόλεως
866 3947 890 3996 ὲ
930 3945 1258 4014 διδομέναις.
1312 3946 1610 4011 ’Δνὰγνωοι
1664 3963 1753 3995 κε·

179 4046 410 4114 φὰλαιον
446 4039 491 4111 β’
523 4042 686 4109 τῆσδε
717 4041 811 4110 τῆς
838 4039 1152 4104 διατάξεως.

252 4137 381 4188 Ἐὰν
408 4136 504 4203 μία
524 4133 631 4184 τῶν
660 4132 966 4201 εἰρημένων
1002 4131 1306 4199 ἐκκλησιῶν
1347 4131 1377 4200 ἦ
1420 4129 1632 4182 σεπτῶν
1660 4129 1743 4181 oi-

177 4246 293 4281 κων
323 4227 492 4279 δεῖται
524 4223 818 4294 χρημάτων
877 4223 955 4284 εἰς
1017 4221 1323 4288 καταϐολὴν
1373 4220 1665 4289 δημοσίων,
1717 4221 1749 4288 ἦ

182 4316 519 4385 εὐλύρτωσιν
560 4314 775 4384 χρέους,
811 4311 1007 4380 καὶμὴ
1043 4311 1154 4379 ἔχει
1207 4311 1400 4378 κινητὰ
1431 4311 1750 4380 πράγματα,

175 4409 272 4476 ἀφ’
303 4403 377 4460 ὧν
400 4407 622 4459 δυνατὸν
659 4404 880 4473 λυθῆναι
904 4405 962 4455 τὸ
984 4403 1222 4472 ὄφλημα,
1251 4401 1472 4454 διδόσθω
1500 4403 1752 4470 ἀκίνητον

1853 1955 2078 2023 ιιίεειιρί.
2107 1955 2187 2006 vel
2211 1968 2421 2016 eurum,
2454 1955 2541 2020 qui
2568 1953 2835 2020 religiosis
2869 1951 3124 2005 domibus
3154 1959 3418 2014 praesunt,

1854 2064 1959 2102 non
1998 2045 2316 2116 procedant.
2354 2044 2485 2097 Nam
2524 2046 2710 2110 jurare
2741 2054 2848 2098 tam
2885 2059 3224 2107 (economos,
3256 2059 3417 2113 quant

1855 2138 2216 2194 chartularioa
2255 2143 2490 2206 oportet,
2527 2135 2729 2188 nullam
2765 2136 2943 2190 inesse
2974 2135 3279 2189 contractui
3314 2134 3422 2188 cir-

1852 2230 2354 2302 cumscriptionem.
2403 2226 2558 2291 Quod
2609 2229 2654 2281 si
2713 2228 2844 2281 nulli
2898 2227 3006 2281 sint
3061 2227 3422 2292 chartularii,

1853 2333 2170 2379 contractus
2206 2322 2272 2375 ab
2333 2321 2420 2382 iis,
2447 2320 2537 2388 qui
2570 2320 2833 2388 religiosis
2867 2318 3118 2373 domibus
3159 2327 3422 2386 prmsnnt,

1851 2414 2215 2470 sacrosanctis
2266 2409 2577 2477 Evangeliis
2637 2409 2951 2478 propositis,
3021 2408 3130 2472 ﬁat,
3166 2409 3268 2461 hoc
3308 2407 3427 2475 ipso

1853 2505 2250 2566 instrumentis,
2283 2517 2403 2571 qua:
2449 2516 2611 2570 super
2657 2515 2722 2555 eo
2766 2501 3170 2565 coniiciuntur,
3222 2498 3426 2554 inscri-

1855 2596 2052 2652 bendo.

1924 2688 2113 2742 Nullus
2146 2696 2318 2752 actor,
2362 2693 2455 2739 aut
2487 2681 2907 2739 administrator
2939 2699 3117 2740 rerum
3146 2722 3163 2747 ,
3195 2698 3314 2752 qum
3358 2681 3424 2734 ad

1852 2775 2184 2828 venerabiles
2213 2773 2402 2828 domos
2452 2775 2726 2842 pertinent
2751 2812 2768 2836 ,
2802 2789 2896 2827 nec
2927 2789 3110 2828 corum
3139 2783 3425 2841 cognatus,

1853 2872 1944 2917 aut
1991 2865 2354 2933 propinquus.
2385 2863 2781 2932 emphyteuses
2837 2863 2916 2914 vel
2963 2859 3295 2930 hypothecas
3335 2875 3426 2913 ea-

1856 2954 2103 3008 rumdcm
2139 2953 2532 3007 venerabilium
2574 2952 2860 3005 domorum
2924 2951 3154 3019 accipiat
3197 2965 3291 3016 per
3339 2965 3426 3004 sc-

1855 3044 2052 3111 ipsum,
2084 3053 2175 3096 aut
2205 3059 2296 3112 per
2320 3043 2624 3111 subiectam
2686 3057 2992 3112 personam.
3042 3039 3172 3094 Nam
3226 3041 3424 3108 alioqui

1859 3143 1967 3187 tam
2036 3135 2207 3202 ipsius
2263 3133 2628 3202 accipientis,
2680 3149 2843 3202 quam
2907 3145 3314 3186 meonomorum
3371 3139 3428 3184 et

1856 3226 2327 3279 ehartulariorum
2361 3225 2670 3290 facultates,
2715 3223 2843 3293 ipsae
2869 3223 3059 3278 domus
3091 3223 3325 3277 venerab
3351 3223 3426 3276 les

1854 3317 1955 3370 sibi
1989 3316 2288 3370 vindicant.

1925 3407 1982 3460 In
2039 3409 2203 3462 rebus
2265 3408 2634 3463 immobilibus
2713 3408 2941 3463 sitarum
2993 3407 3046 3460 in
3121 3405 3416 3474 provinciis

1851 3497 2226 3562 ecclesiarum,
2265 3513 2327 3551 ac
2359 3499 2743 3551 venerabilium
2777 3499 3096 3568 piarnmque
3135 3497 3422 3557 domuum,

1852 3600 1905 3643 et
1933 3590 2351 3644 constitutorum
2396 3603 2503 3644 tam
2541 3590 2593 3643 in
2628 3592 2762 3644 urbe
2790 3589 3416 3656 Constantinopolitaua,

1854 3697 2014 3750 quam
2043 3681 2244 3750 ubique
2276 3683 2751 3746 monasteriorum,
2791 3684 2974 3736 locum
3011 3683 3170 3734 habet
3197 3681 3422 3748 emphyv

1855 3774 2022 3828 teusis
2081 3780 2386 3842 perpetua:
2426 3774 2504 3827 sic
2552 3785 2752 3836 tamen,
2794 3783 2852 3826 ut
2915 3773 3197 3826 obtineant
3246 3771 3300 3824 in
3356 3786 3417 3824 ea

1854 3872 2052 3916 Cuncta
2100 3865 2351 3931 superius
2399 3864 2545 3917 dicta
2579 3866 2644 3917 de
2689 3865 3154 3933 cmphytcusibus,
3203 3879 3324 3932 qua:
3358 3864 3424 3917 ah

1855 3955 2101 4009 ecclesiis
2136 3956 2287 4010 urbis
2325 3957 2686 4024 imperatoria:
2719 3957 3120 4011 conceduntur.
3159 3956 3300 4027 Lege
3332 3972 3422 4009 ca-

1855 4056 1949 4115 put
1980 4050 2279 4102 seeundnm
2315 4049 2478 4115 huius
2518 4049 2957 4102 constitutionis.

1929 4139 1982 4190 Si
2014 4156 2119 4207 qua
2153 4141 2422 4209 dictarum
2471 4140 2865 4202 ecclesiarum,
2897 4146 2989 4191 aut
3031 4139 3421 4192 vcnerabilium

1855 4229 2162 4291 domorum,
2199 4230 2447 4297 pecuniis
2484 4228 2688 4296 indiget
2727 4227 2792 4281 ad
2825 4228 3148 4282 solutionem
3180 4229 3416 4282 tributo-

1858 4335 1974 4373 rum
2010 4319 2297 4382 iisealium,
2321 4327 2414 4371 aut
2448 4318 2843 4387 expeditionem
2875 4319 2999 4374 aris
3027 4320 3209 4379 alieni,
3239 4336 3416 4388 neque

1861 4426 1948 4464 res
2001 4410 2229 4463 mobiles
2290 4410 2488 4473 habet,
2547 4425 2610 4462 ex
2664 4409 2862 4477 quibus
2907 4409 3128 4464 dissolvi
3183 4410 3423 4464 debitum

179 4502 414 4569 πρᾶγμα
446 4499 523 4560 είς
555 4496 720 4549 ίδικὺν
750 4494 1002 4564 ἐνέχυρον
1029 4493 1104 4562 τῷ
1125 4494 1397 4560 δανειστῇ,
1437 4494 1521 4544 ἵνα
1560 4495 1616 4558 ἐξ
1649 4494 1743 4542 αύ-

1861 4500 2051 4568 possit,
2101 4514 2186 4551 res
2218 4499 2509 4552 immobilis
2547 4504 2597 4552 in
2655 4501 2889 4567 speciale
2921 4501 3114 4571 pignus
3165 4501 3421 4554 creditori

178 4591 273 4644 τοῦ
299 4591 360 4642 τὸ
386 4590 564 4659 χρέος,
607 4589 700 4640 καὶ
729 4587 855 4647 τοὺς
885 4586 992 4639 ἀπδ
1018 4588 1274 4656 τετάρτου
1309 4586 1604 4652 ἑκατοστῆς
1633 4585 1754 4652 κλη.

182 4686 333 4754 ρωηῇ
366 4685 577 4745 τόκους.
619 4683 678 4734 Εἰ
699 4682 752 4733 δὲ
774 4681 1012 4734 τοιοῐτον
1059 4681 1319 4749 ἐνέχυρον
1353 4683 1424 4748 μή
1458 4682 1603 4731 ἐστιν
1638 4680 1753 4730 im-

180 4779 271 4827 νὸν
297 4773 551 4827 ἐπιλῦσαι
577 4773 636 4824 τὸ
687 4773 864 4842 χρέος,
895 4774 1147 4839 πράσεως
1201 4769 1449 4838 ἀζημίως
1502 4787 1748 4823 συνιστα-

182 4866 350 4935 μένης
389 4865 541 4932 πσρὰ
603 4865 713 4924 τοῖς
758 4861 1085 4931 προσφόροις
1139 4861 1502 4929 πατριάρχαις
1566 4877 1623 4912 τε
1659 4863 1749 4912 καὶ

183 4950 627 5020 μητροπολίταις,
661 4950 755 5002 καὶ
782 4948 1119 5013 ἐπισκόποις,
1171 4949 1497 5017 ὀμνύτωσαν
1541 4951 1589 5000 οἰ
1641 4950 1747 5000 τῶν

179 5041 394 5107 εύαγῶν
420 5040 582 5092 οἴκων
604 5041 896 5106 διοικηταὶ,
929 5040 1002 5102 ὡς
1036 5041 1133 5092 οὐκ
1161 5039 1306 5092 ἔστιν
1335 5041 1522 5110 ⁶ἕτερος
1550 5041 1749 5109 τρόπος

178 5131 412 5184 διαλύων
433 5133 493 5182 τὸ
531 5130 688 5199 χρέος
713 5145 728 5158 °
756 5132 845 5184 καὶ
888 5131 1307 5200 φανερούτωσαν
1340 5130 1439 5201 τὴν
1481 5131 1753 5198 ποσότητα

181 5227 284 5283 τῷν
313 5223 699 5290 ὀφειλομένων,
726 5223 820 5274 καὶ
858 5221 1000 5274 οὕτω
1062 5223 1401 5290 προϐαινέτω
1448 5225 1480 5289 ἡ
1551 5225 1750 5291 πρᾶσις

178 5317 440 5382 ἀκινήτου
468 5314 810 5382 πράγματος,
854 5313 1131 5382 δημοσίων
1160 5315 1636 5384 οπρογραμμάτων
1660 5316 1751 5366 ἐπὶ

178 5413 222 5457 κ’
254 5406 465 5474 ἡμέρας
514 5403 937 5474 προτιθεμένων,
995 5406 1083 5456 καὶ
1141 5407 1560 5476 προτρεπόντων
1616 5406 1744 5469 τοὺς

175 5497 469 5568 ἀγοράζειν
515 5494 894 5563 βουλομένους,
935 5495 1019 5547 ἵνα
1043 5498 1071 5547 ὁ
1110 5495 1269 5548 πλέον
1301 5497 1558 5568 παρέχων
1610 5514 1745 5566 προσ

172 5587 400 5656 τιμηθῇ.
435 5586 654 5638 Τούτων
689 5587 743 5637 δὲ
772 5587 1089 5655 προϊόντων,
1121 5588 1354 5654 γινέσοω
1410 5591 1442 5658 ἡ
1508 5591 1740 5658 πρᾶσις’

177 5687 270 5730 καὶ
299 5683 359 5728 τὸ
382 5678 596 5746 τίμημα
625 5678 651 5728 ὁ
681 5678 986 5746 ἀγοραστὴς
1023 5679 1405 5731 καταϐαλλέτω
1435 5681 1510 5749 τῷ
1568 5682 1742 5732 δανα-

173 5771 274 5838 στῇ
333 5767 425 5820 καὶ
460 5767 614 5818 τοῦτο
644 5767 819 5834 ῥητῶς
853 5768 1128 5836 ἐγγράφου
1195 5769 1313 5838 μεθ’
1367 5773 1528 5840 ὅρκου
1577 5773 1633 5824 ἐν
1680 5776 1740 5839 τῇ

1853 4589 2035 4653 detur,
2069 4598 2126 4641 ut
2150 4589 2321 4641 eidem
2351 4604 2413 4640 ex
2463 4604 2524 4642 ea
2559 4597 2668 4640 tam
2702 4591 2887 4654 sortis,
2933 4606 3113 4658 quam.
3135 4605 3421 4644 usurarqu

1853 4678 2092 4740 nomine,
2127 4677 2194 4729 ad
2226 4687 2475 4745 quartam
2517 4693 2684 4746 usque
2716 4679 3026 4733 centesima!
3051 4692 3258 4747 partem
3289 4723 3301 4742 ,
3337 4696 3424 4735 sa-

1857 4774 2044 4824 tisliat.
2094 4768 2247 4834 Quod
2282 4771 2326 4824 si
2379 4771 2576 4838 pignus
2627 4768 2898 4837 ejusmodi
2953 4787 3058 4824 non
3115 4772 3313 4825 suﬂicit
3355 4776 3421 4824 ad

1855 4862 2257 4916 dissolvendum
2289 4877 2361 4915 aes
2393 4862 2651 4925 alicmun,
2708 4877 2802 4929 per
2857 4875 3004 4931 gesta
3046 4873 3422 4918 monumentu-

1859 4970 2001 5017 rum,
2042 4971 2160 5023 quae
2188 4955 2308 5008 sine
2340 4955 2583 5022 impensa
2620 4955 2982 5008 couiicieutur
3023 4957 3162 5023 apud
3200 4971 3421 5024 compe-

1860 5054 2034 5100 tentes
2067 5045 2435 5111 patriarchas,
2471 5056 2525 5100 et
2557 5046 3028 5115 metropolitanos,
3056 5057 3110 5100 ct
3137 5047 3422 5116 episcopos

1856 5135 2242 5204 jusjurandum
2287 5147 2548 5205 praestent
2599 5140 2986 5193 venerabiliqu
3015 5139 3299 5193 domorum
3329 5143 3424 5193 ad-

1859 5225 2284 5290 ministratorcs,
2309 5229 2455 5296 quod
2492 5244 2594 5281 non
2629 5229 2699 5283 sit
2730 5229 2868 5284 alius
2894 5233 3086 5284 modus
3108 5230 3231 5283 aeris
3263 5231 3421 5284 alieni

1856 5321 2212 5381 dissolvendi.
2254 5330 2309 5374 et
2343 5324 2695 5390 quantitatem
2725 5339 2912 5378 eorum
2938 5364 2952 5387 ,
2980 5340 3100 5393 qua'
3132 5325 3417 5389 debentur,

1857 5411 2201 5482 patefaciant,
2232 5426 2394 5483 atque
2440 5415 2510 5468 ita
2566 5417 2890 5484 procedatur
2939 5417 3005 5468 ad
3059 5415 3418 5470 vcnditimc'u

1855 5503 2147 5557 immobilis
2195 5505 2289 5567 rei,
2342 5505 2832 5573 proscriptionibus
2863 5505 2927 5558 ad
2964 5502 3149 5572 viginti
3179 5503 3293 5557 dies
3325 5520 3418 5556 cx-

1848 5594 2056 5661 pusitis,
2086 5611 2205 5662 qua:
2251 5596 2605 5647 colmrtcntur
2633 5612 2812 5648 emere
2873 5596 3149 5656 volentes,
3210 5605 3266 5643 ut
3323 5593 3414 5660 qui

1851 5685 1969 5753 plus
2006 5685 2184 5748 Solvit,
2216 5685 2421 5738 eatleris
2446 5685 2517 5736 sit
2555 5688 2746 5753 potior.
2773 5686 2978 5749 Quibus
3015 5686 3081 5738 ita
3117 5683 3414 5738 succeden-

1852 5777 2021 5840 tibus,
2073 5776 2312 5830 venditio
2356 5778 2491 5842 iiut;
2547 5785 2599 5829 ct
2637 5787 2844 5845 (-tuptor
2889 5777 3120 5844 pretium
3155 5775 3408 5829 t't'CtiilUtl
