  <div class='ocr_page' id='page_1' title='image "/cluster/home/n/w/nwhite01/storage/ocr_20150623/138/uva.x030486987/758.png"; bbox 0 0 4082 6486; ppageno 0'>
   <div class='ocr_carea' id='block_1_1' title="bbox 258 418 393 482">
    <p class='ocr_par' dir='ltr' id='par_1_1' title="bbox 258 418 393 482">
     <span class='ocr_line' id='line_1_1' title="bbox 258 418 393 482; baseline -0.037 0"><span class='ocrx_word' id='word_1_1' title='bbox 258 418 393 482; x_wconf 75' lang='lat'><strong>1329</strong></span> 
     </span>
    </p>
   </div>
   <div class='ocr_carea' id='block_1_2' title="bbox 1246 403 2415 473">
    <p class='ocr_par' dir='ltr' id='par_1_2' title="bbox 1246 403 2415 473">
     <span class='ocr_line' id='line_1_2' title="bbox 1246 403 2415 473; baseline -0.01 1"><span class='ocrx_word' id='word_1_2' title='bbox 1246 412 1584 473; x_wconf 77' lang='lat' dir='ltr'><strong>CONSTIT.</strong></span> <span class='ocrx_word' id='word_1_3' title='bbox 1632 407 1927 467; x_wconf 79' lang='lat' dir='ltr'><strong>ECCLES.</strong></span> <span class='ocrx_word' id='word_1_4' title='bbox 1984 403 2313 463; x_wconf 78' lang='lat' dir='ltr'><strong>COLI.ECT</strong></span> <span class='ocrx_word' id='word_1_5' title='bbox 2327 403 2415 462; x_wconf 64' lang='grc' dir='ltr'><strong>[Ο.</strong></span> 
     </span>
    </p>
   </div>
   <div class='ocr_carea' id='block_1_3' title="bbox 3315 387 3447 449">
    <p class='ocr_par' dir='ltr' id='par_1_3' title="bbox 3315 387 3447 449">
     <span class='ocr_line' id='line_1_3' title="bbox 3315 387 3447 449; baseline -0.015 0"><span class='ocrx_word' id='word_1_6' title='bbox 3315 387 3447 449; x_wconf 71' lang='grc' dir='ltr'><strong>ῑ3¹ὶΟ</strong></span> 
     </span>
    </p>
   </div>
   <div class='ocr_carea' id='block_1_4' title="bbox 260 502 1796 605">
    <p class='ocr_par' dir='ltr' id='par_1_4' title="bbox 260 523 1796 601">
     <span class='ocr_line' id='line_1_4' title="bbox 260 523 1796 601; baseline -0.008 -16"><span class='ocrx_word' id='word_1_7' title='bbox 260 548 421 600; x_wconf 74' lang='grc' dir='ltr'><strong>μενος</strong></span> <span class='ocrx_word' id='word_1_8' title='bbox 502 532 593 585; x_wconf 85' lang='grc' dir='ltr'><strong>τοῦ</strong></span> <span class='ocrx_word' id='word_1_9' title='bbox 666 531 1004 601; x_wconf 82' lang='grc' dir='ltr'><strong>Σαμαρείτου</strong></span> <span class='ocrx_word' id='word_1_10' title='bbox 1075 528 1261 590; x_wconf 75' lang='grc' dir='ltr'><strong>παιδὸς</strong></span> <span class='ocrx_word' id='word_1_11' title='bbox 1310 529 1343 596; x_wconf 78' lang='grc' dir='ltr'>ἢ</span> <span class='ocrx_word' id='word_1_12' title='bbox 1394 524 1698 592; x_wconf 86' lang='grc' dir='ltr'><strong>συγγενοῦς.</strong></span> <span class='ocrx_word' id='word_1_13' title='bbox 1745 523 1796 574; x_wconf 83' lang='lat' dir='ltr'><strong>Ei</strong></span> 
     </span>
    </p>
   </div>
   <div class='ocr_carea' id='block_1_5' title="bbox 1893 502 3444 605">
    <p class='ocr_par' dir='ltr' id='par_1_5' title="bbox 1906 502 3444 587">
     <span class='ocr_line' id='line_1_5' title="bbox 1906 502 3444 587; baseline -0.013 -16"><span class='ocrx_word' id='word_1_14' title='bbox 1906 534 1990 573; x_wconf 81' lang='lat' dir='ltr'><strong>res</strong></span> <span class='ocrx_word' id='word_1_15' title='bbox 2017 528 2152 582; x_wconf 90' lang='lat' dir='ltr'><strong>esto,</strong></span> <span class='ocrx_word' id='word_1_16' title='bbox 2201 517 2423 587; x_wconf 89' lang='lat' dir='ltr'><strong>potioris</strong></span> <span class='ocrx_word' id='word_1_17' title='bbox 2476 512 2741 568; x_wconf 88' lang='lat' dir='ltr'><strong>Samarita</strong></span> <span class='ocrx_word' id='word_1_18' title='bbox 2789 507 3138 565; x_wconf 73' lang='lat' dir='ltr'><strong>conditionis.</strong></span> <span class='ocrx_word' id='word_1_19' title='bbox 3182 502 3274 567; x_wconf 89' lang='lat' dir='ltr'><strong>Sin</strong></span> <span class='ocrx_word' id='word_1_20' title='bbox 3321 517 3444 571; x_wconf 86' lang='lat' dir='ltr'><strong>pru-</strong></span> 
     </span>
    </p>
   </div>
   <div class='ocr_carea' id='block_1_6' title="bbox 255 610 1804 687">
    <p class='ocr_par' dir='ltr' id='par_1_6' title="bbox 255 610 1804 687">
     <span class='ocr_line' id='line_1_6' title="bbox 255 610 1804 687; baseline -0.003 -16"><span class='ocrx_word' id='word_1_21' title='bbox 255 620 319 671; x_wconf 70' lang='grc' dir='ltr'><strong>δι</strong></span> <span class='ocrx_word' id='word_1_22' title='bbox 375 620 794 687; x_wconf 79' lang='grc' dir='ltr'><strong>προσεχέστερός</strong></span> <span class='ocrx_word' id='word_1_23' title='bbox 851 621 966 672; x_wconf 72' lang='grc' dir='ltr'><strong>ἐστι</strong></span> <span class='ocrx_word' id='word_1_24' title='bbox 1022 619 1148 686; x_wconf 70' lang='grc' dir='ltr'><strong>περὶ</strong></span> <span class='ocrx_word' id='word_1_25' title='bbox 1203 634 1294 669; x_wconf 88' lang='grc' dir='ltr'><strong>τον</strong></span> <span class='ocrx_word' id='word_1_26' title='bbox 1356 615 1558 684; x_wconf 79' lang='grc' dir='ltr'><strong>βαθμὸν</strong></span> <span class='ocrx_word' id='word_1_27' title='bbox 1620 612 1653 681; x_wconf 84' lang='grc' dir='ltr'>ἢ</span> <span class='ocrx_word' id='word_1_28' title='bbox 1708 610 1804 677; x_wconf 75' lang='grc' dir='ltr'><strong>τὴν</strong></span> 
     </span>
    </p>
   </div>
   <div class='ocr_carea' id='block_1_7' title="bbox 257 697 1798 778">
    <p class='ocr_par' dir='ltr' id='par_1_7' title="bbox 257 697 1798 778">
     <span class='ocr_line' id='line_1_7' title="bbox 257 697 1798 778; baseline -0.005 -18"><span class='ocrx_word' id='word_1_29' title='bbox 257 708 412 773; x_wconf 81' lang='grc' dir='ltr'><strong>τάξιν</strong></span> <span class='ocrx_word' id='word_1_30' title='bbox 438 711 466 761; x_wconf 89' lang='grc' dir='ltr'><strong>ό</strong></span> <span class='ocrx_word' id='word_1_31' title='bbox 498 709 859 778; x_wconf 71' lang='grc' dir='ltr'><strong>Σαμαρείτης,</strong></span> <span class='ocrx_word' id='word_1_32' title='bbox 918 706 1268 778; x_wconf 64' lang='grc' dir='ltr'><strong>προτιμᾶσθαι</strong></span> <span class='ocrx_word' id='word_1_33' title='bbox 1319 705 1409 757; x_wconf 87' lang='grc' dir='ltr'><strong>τοῦ</strong></span> <span class='ocrx_word' id='word_1_34' title='bbox 1454 697 1798 769; x_wconf 86' lang='grc' dir='ltr'><strong>Χριστιανοῦ.</strong></span> 
     </span>
    </p>
   </div>
   <div class='ocr_carea' id='block_1_8' title="bbox 336 775 1804 865">
    <p class='ocr_par' dir='ltr' id='par_1_8' title="bbox 336 775 1804 865">
     <span class='ocr_line' id='line_1_8' title="bbox 336 775 1804 865; baseline -0.007 -15"><span class='ocrx_word' id='word_1_35' title='bbox 336 798 472 850; x_wconf 83' lang='grc' dir='ltr'><strong>Ἴσθι</strong></span> <span class='ocrx_word' id='word_1_36' title='bbox 502 775 630 861; x_wconf 81' lang='grc' dir='ltr'><strong>δὲ,δ</strong></span> <span class='ocrx_word' id='word_1_37' title='bbox 658 775 1080 865; x_wconf 69' lang='grc' dir='ltr'><strong>άποκλειόμενος</strong></span> <span class='ocrx_word' id='word_1_38' title='bbox 1110 794 1456 863; x_wconf 77' lang='grc' dir='ltr'><strong>Σαμαρείτης</strong></span> <span class='ocrx_word' id='word_1_39' title='bbox 1485 793 1621 860; x_wconf 80' lang='grc' dir='ltr'><strong>μετὰ</strong></span> <span class='ocrx_word' id='word_1_40' title='bbox 1636 789 1804 841; x_wconf 85' lang='grc' dir='ltr'><strong>ταῦτα</strong></span> 
     </span>
    </p>
   </div>
   <div class='ocr_carea' id='block_1_9' title="bbox 262 878 1806 958">
    <p class='ocr_par' dir='ltr' id='par_1_9' title="bbox 262 878 1806 958">
     <span class='ocr_line' id='line_1_9' title="bbox 262 878 1806 958; baseline -0.008 -16"><span class='ocrx_word' id='word_1_41' title='bbox 262 889 590 958; x_wconf 80' lang='grc' dir='ltr'><strong>Χριστιανὸς</strong></span> <span class='ocrx_word' id='word_1_42' title='bbox 622 887 907 955; x_wconf 80' lang='grc' dir='ltr'><strong>γενόμενος</strong></span> <span class='ocrx_word' id='word_1_43' title='bbox 936 888 995 939; x_wconf 81' lang='grc' dir='ltr'><strong>τδ</strong></span> <span class='ocrx_word' id='word_1_44' title='bbox 1023 887 1217 937; x_wconf 81' lang='grc' dir='ltr'><strong>οἰκεῖον</strong></span> <span class='ocrx_word' id='word_1_45' title='bbox 1275 882 1648 950; x_wconf 50' lang='grc' dir='ltr'><strong>ἀπνλαμδάνει</strong></span> <span class='ocrx_word' id='word_1_46' title='bbox 1713 878 1806 946; x_wconf 80' lang='grc' dir='ltr'><strong>μὲ-</strong></span> 
     </span>
    </p>
   </div>
   <div class='ocr_carea' id='block_1_10' title="bbox 264 969 1805 1047">
    <p class='ocr_par' dir='ltr' id='par_1_10' title="bbox 264 969 1805 1047">
     <span class='ocr_line' id='line_1_10' title="bbox 264 969 1805 1047; baseline -0.008 -16"><span class='ocrx_word' id='word_1_47' title='bbox 264 995 361 1046; x_wconf 82' lang='grc' dir='ltr'><strong>ρος</strong></span> <span class='ocrx_word' id='word_1_48' title='bbox 391 978 542 1045; x_wconf 65' lang='grc' dir='ltr'><strong>παρὰ</strong></span> <span class='ocrx_word' id='word_1_49' title='bbox 573 978 668 1029; x_wconf 85' lang='grc' dir='ltr'><strong>τοῦ</strong></span> <span class='ocrx_word' id='word_1_50' title='bbox 703 979 1031 1047; x_wconf 81' lang='grc' dir='ltr'><strong>Χριστιανού</strong></span> <span class='ocrx_word' id='word_1_51' title='bbox 1067 974 1533 1044; x_wconf 79' lang='grc' dir='ltr'><strong>σνγκληρονόμου,</strong></span> <span class='ocrx_word' id='word_1_52' title='bbox 1569 969 1690 1030; x_wconf 77' lang='grc' dir='ltr'><strong>τοὺς</strong></span> <span class='ocrx_word' id='word_1_53' title='bbox 1748 970 1805 1019; x_wconf 77' lang='grc' dir='ltr'>ἐν</span> 
     </span>
    </p>
   </div>
   <div class='ocr_carea' id='block_1_11' title="bbox 263 1069 1116 1138">
    <p class='ocr_par' dir='ltr' id='par_1_11' title="bbox 263 1069 1116 1138">
     <span class='ocr_line' id='line_1_11' title="bbox 263 1069 1116 1138; baseline 0.002 -19"><span class='ocrx_word' id='word_1_54' title='bbox 263 1069 420 1137; x_wconf 79' lang='grc' dir='ltr'><strong>μέσῳ</strong></span> <span class='ocrx_word' id='word_1_55' title='bbox 450 1069 813 1138; x_wconf 80' lang='grc' dir='ltr'><strong>ζημιούμενος</strong></span> <span class='ocrx_word' id='word_1_56' title='bbox 849 1069 1116 1137; x_wconf 78' lang='grc' dir='ltr'><strong>καρπούς.</strong></span> 
     </span>
    </p>
   </div>
   <div class='ocr_carea' id='block_1_12' title="bbox 336 1245 1805 1317">
    <p class='ocr_par' dir='ltr' id='par_1_12' title="bbox 336 1245 1805 1317">
     <span class='ocr_line' id='line_1_12' title="bbox 336 1245 1805 1317; baseline -0.003 -17"><span class='ocrx_word' id='word_1_57' title='bbox 336 1251 397 1301; x_wconf 82' lang='lat' dir='ltr'><strong>Ol</strong></span> <span class='ocrx_word' id='word_1_58' title='bbox 428 1250 759 1317; x_wconf 75' lang='grc' dir='ltr'><strong>Σαμαρεῖται</strong></span> <span class='ocrx_word' id='word_1_59' title='bbox 791 1248 872 1309; x_wconf 88' lang='grc' dir='ltr'><strong>είς</strong></span> <span class='ocrx_word' id='word_1_60' title='bbox 899 1248 1024 1308; x_wconf 73' lang='grc' dir='ltr'><strong>τοὺς</strong></span> <span class='ocrx_word' id='word_1_61' title='bbox 1067 1247 1314 1308; x_wconf 82' lang='grc' dir='ltr'><strong>ἀνιόντας</strong></span> <span class='ocrx_word' id='word_1_62' title='bbox 1347 1277 1353 1283; x_wconf 92' lang='grc'><strong>-</strong></span> <span class='ocrx_word' id='word_1_63' title='bbox 1380 1253 1472 1297; x_wconf 76' lang='grc' dir='ltr'><strong>καὶ</strong></span> <span class='ocrx_word' id='word_1_64' title='bbox 1525 1245 1805 1303; x_wconf 73' lang='grc' dir='ltr'><strong>κατιόντας</strong></span> 
     </span>
    </p>
   </div>
   <div class='ocr_carea' id='block_1_13' title="bbox 261 1331 1808 1404">
    <p class='ocr_par' dir='ltr' id='par_1_13' title="bbox 261 1331 1808 1404">
     <span class='ocr_line' id='line_1_13' title="bbox 261 1331 1808 1404; baseline -0.005 -16"><span class='ocrx_word' id='word_1_65' title='bbox 261 1338 444 1389; x_wconf 71' lang='grc' dir='ltr'><strong>αὐτῶν</strong></span> <span class='ocrx_word' id='word_1_66' title='bbox 475 1336 817 1404; x_wconf 73' lang='grc' dir='ltr'><strong>Σαμαρείτας</strong></span> <span class='ocrx_word' id='word_1_67' title='bbox 847 1335 1004 1397; x_wconf 85' lang='grc' dir='ltr'><strong>δντας</strong></span> <span class='ocrx_word' id='word_1_68' title='bbox 1043 1336 1117 1397; x_wconf 85' lang='grc' dir='ltr'><strong>ὡς</strong></span> <span class='ocrx_word' id='word_1_69' title='bbox 1154 1335 1432 1403; x_wconf 81' lang='grc' dir='ltr'><strong>βούλονται</strong></span> <span class='ocrx_word' id='word_1_70' title='bbox 1461 1331 1808 1384; x_wconf 81' lang='grc' dir='ltr'><strong>διατιθέσθω-</strong></span> 
     </span>
    </p>
   </div>
   <div class='ocr_carea' id='block_1_14' title="bbox 262 1418 1804 1492">
    <p class='ocr_par' dir='ltr' id='par_1_14' title="bbox 262 1418 1804 1492">
     <span class='ocr_line' id='line_1_14' title="bbox 262 1418 1804 1492; baseline -0.003 -18"><span class='ocrx_word' id='word_1_71' title='bbox 262 1439 387 1474; x_wconf 88' lang='grc' dir='ltr'><strong>σαν.</strong></span> <span class='ocrx_word' id='word_1_72' title='bbox 425 1424 485 1475; x_wconf 81' lang='grc' dir='ltr'><strong>Εἰ</strong></span> <span class='ocrx_word' id='word_1_73' title='bbox 512 1423 565 1474; x_wconf 77' lang='grc' dir='ltr'><strong>δὲ</strong></span> <span class='ocrx_word' id='word_1_74' title='bbox 609 1424 704 1474; x_wconf 72' lang='grc' dir='ltr'><strong>σῦν</strong></span> <span class='ocrx_word' id='word_1_75' title='bbox 725 1422 903 1483; x_wconf 75' lang='grc' dir='ltr'><strong>αὐτοῖς</strong></span> <span class='ocrx_word' id='word_1_76' title='bbox 939 1422 1257 1489; x_wconf 77' lang='grc' dir='ltr'><strong>Χριστιανοὶ</strong></span> <span class='ocrx_word' id='word_1_77' title='bbox 1287 1422 1376 1474; x_wconf 88' lang='grc' dir='ltr'><strong>τοῦ</strong></span> <span class='ocrx_word' id='word_1_78' title='bbox 1410 1418 1568 1473; x_wconf 76' lang='grc' dir='ltr'><strong>αὑτοῦ</strong></span> <span class='ocrx_word' id='word_1_79' title='bbox 1599 1418 1804 1492; x_wconf 58' lang='grc' dir='ltr'><strong>τνγχά-</strong></span> 
     </span>
    </p>
   </div>
   <div class='ocr_carea' id='block_1_15' title="bbox 259 1506 1808 1580">
    <p class='ocr_par' dir='ltr' id='par_1_15' title="bbox 259 1506 1808 1580">
     <span class='ocr_line' id='line_1_15' title="bbox 259 1506 1808 1580; baseline -0.006 -15"><span class='ocrx_word' id='word_1_80' title='bbox 259 1529 414 1565; x_wconf 86' lang='grc' dir='ltr'><strong>νουσι</strong></span> <span class='ocrx_word' id='word_1_81' title='bbox 447 1511 675 1580; x_wconf 74' lang='grc' dir='ltr'><strong>βαθμοῦ,</strong></span> <span class='ocrx_word' id='word_1_82' title='bbox 712 1513 792 1573; x_wconf 87' lang='grc' dir='ltr'><strong>είς</strong></span> <span class='ocrx_word' id='word_1_83' title='bbox 821 1512 980 1577; x_wconf 84' lang='grc' dir='ltr'><strong>μόνον</strong></span> <span class='ocrx_word' id='word_1_84' title='bbox 1016 1510 1075 1563; x_wconf 81' lang='grc' dir='ltr'><strong>τὸ</strong></span> <span class='ocrx_word' id='word_1_85' title='bbox 1122 1510 1379 1579; x_wconf 82' lang='grc' dir='ltr'><strong>τέταρτον</strong></span> <span class='ocrx_word' id='word_1_86' title='bbox 1465 1509 1628 1576; x_wconf 78' lang='grc' dir='ltr'><strong>μέρος</strong></span> <span class='ocrx_word' id='word_1_87' title='bbox 1682 1506 1808 1568; x_wconf 79' lang='grc' dir='ltr'><strong>τοὺς</strong></span> 
     </span>
    </p>
   </div>
   <div class='ocr_carea' id='block_1_16' title="bbox 264 1596 1806 1683">
    <p class='ocr_par' dir='ltr' id='par_1_16' title="bbox 264 1596 1806 1683">
     <span class='ocr_line' id='line_1_16' title="bbox 264 1596 1806 1683; baseline -0.004 -30"><span class='ocrx_word' id='word_1_88' title='bbox 264 1603 609 1669; x_wconf 74' lang='grc' dir='ltr'><strong>Σαμαρείτας</strong></span> <span class='ocrx_word' id='word_1_89' title='bbox 637 1602 997 1670; x_wconf 79' lang='grc' dir='ltr'><strong>γραφέτωσαν</strong></span> <span class='ocrx_word' id='word_1_90' title='bbox 1060 1600 1441 1668; x_wconf 84' lang='grc' dir='ltr'><strong>κληρονόμους.</strong></span> <span class='ocrx_word' id='word_1_91' title='bbox 1497 1599 1588 1683; x_wconf 60' lang='grc' dir='ltr'><strong>ςξίς</strong></span> <span class='ocrx_word' id='word_1_92' title='bbox 1644 1596 1695 1649; x_wconf 79' lang='grc' dir='ltr'><strong>δὲ</strong></span> <span class='ocrx_word' id='word_1_93' title='bbox 1747 1596 1806 1647; x_wconf 78' lang='grc' dir='ltr'><strong>τὸ</strong></span> 
     </span>
    </p>
   </div>
   <div class='ocr_carea' id='block_1_17' title="bbox 262 1688 1806 1760">
    <p class='ocr_par' dir='ltr' id='par_1_17' title="bbox 262 1688 1806 1760">
     <span class='ocr_line' id='line_1_17' title="bbox 262 1688 1806 1760; baseline -0.003 -16"><span class='ocrx_word' id='word_1_94' title='bbox 262 1693 559 1744; x_wconf 79' lang='grc' dir='ltr'><strong>ὑπόλοιπον</strong></span> <span class='ocrx_word' id='word_1_95' title='bbox 582 1695 706 1754; x_wconf 80' lang='grc' dir='ltr'><strong>τοὺς</strong></span> <span class='ocrx_word' id='word_1_96' title='bbox 749 1692 1106 1760; x_wconf 82' lang='grc' dir='ltr'><strong>Χριστιανοὺς</strong></span> <span class='ocrx_word' id='word_1_97' title='bbox 1155 1691 1463 1757; x_wconf 82' lang='grc' dir='ltr'><strong>δυναμένων</strong></span> <span class='ocrx_word' id='word_1_98' title='bbox 1520 1688 1719 1750; x_wconf 79' lang='grc' dir='ltr'><strong>αὐτῶν,</strong></span> <span class='ocrx_word' id='word_1_99' title='bbox 1758 1689 1806 1739; x_wconf 87' lang='grc' dir='ltr'><strong>εἱ</strong></span> 
     </span>
    </p>
   </div>
   <div class='ocr_carea' id='block_1_18' title="bbox 262 1777 1806 1850">
    <p class='ocr_par' dir='ltr' id='par_1_18' title="bbox 262 1777 1806 1850">
     <span class='ocr_line' id='line_1_18' title="bbox 262 1777 1806 1850; baseline -0.005 -18"><span class='ocrx_word' id='word_1_100' title='bbox 262 1781 395 1849; x_wconf 70' lang='grc' dir='ltr'><strong>περὶ</strong></span> <span class='ocrx_word' id='word_1_101' title='bbox 421 1782 576 1832; x_wconf 82' lang='grc' dir='ltr'><strong>τοῦτο</strong></span> <span class='ocrx_word' id='word_1_102' title='bbox 598 1780 914 1850; x_wconf 75' lang='grc' dir='ltr'><strong>παροφθῶσι</strong></span> <span class='ocrx_word' id='word_1_103' title='bbox 932 1781 990 1832; x_wconf 86' lang='grc' dir='ltr'><strong>τδ</strong></span> <span class='ocrx_word' id='word_1_104' title='bbox 1023 1780 1202 1848; x_wconf 84' lang='grc' dir='ltr'><strong>μέρος,</strong></span> <span class='ocrx_word' id='word_1_105' title='bbox 1222 1778 1319 1847; x_wconf 84' lang='grc' dir='ltr'><strong>τὴν</strong></span> <span class='ocrx_word' id='word_1_106' title='bbox 1344 1777 1409 1829; x_wconf 85' lang='grc' dir='ltr'><strong>δὲ</strong></span> <span class='ocrx_word' id='word_1_107' title='bbox 1435 1777 1806 1843; x_wconf 71' lang='grc' dir='ltr'><strong>ίννοςρικίοσο</strong></span> 
     </span>
    </p>
   </div>
   <div class='ocr_carea' id='block_1_19' title="bbox 1905 592 3445 676">
    <p class='ocr_par' dir='ltr' id='par_1_19' title="bbox 1905 592 3445 676">
     <span class='ocr_line' id='line_1_19' title="bbox 1905 592 3445 676; baseline -0.01 -16"><span class='ocrx_word' id='word_1_108' title='bbox 1905 610 2023 676; x_wconf 87' lang='lat' dir='ltr'><strong>pior</strong></span> <span class='ocrx_word' id='word_1_109' title='bbox 2090 610 2162 661; x_wconf 86' lang='lat' dir='ltr'><strong>sit</strong></span> <span class='ocrx_word' id='word_1_110' title='bbox 2214 604 2538 668; x_wconf 76' lang='lat' dir='ltr'><strong>orthodoxe,</strong></span> <span class='ocrx_word' id='word_1_111' title='bbox 2585 604 2795 655; x_wconf 86' lang='lat' dir='ltr'><strong>ratione</strong></span> <span class='ocrx_word' id='word_1_112' title='bbox 2848 598 3046 670; x_wconf 74' lang='lat' dir='ltr'><strong>gradus</strong></span> <span class='ocrx_word' id='word_1_113' title='bbox 3094 595 3193 655; x_wconf 77' lang='lat' dir='ltr'><strong>vel,</strong></span> <span class='ocrx_word' id='word_1_114' title='bbox 3218 592 3445 656; x_wconf 89' lang='lat' dir='ltr'><strong>ordinis,</strong></span> 
     </span>
    </p>
   </div>
   <div class='ocr_carea' id='block_1_20' title="bbox 1906 693 2896 762">
    <p class='ocr_par' dir='ltr' id='par_1_20' title="bbox 1906 693 2896 762">
     <span class='ocr_line' id='line_1_20' title="bbox 1906 693 2896 762; baseline -0.01 -10"><span class='ocrx_word' id='word_1_115' title='bbox 1906 698 2195 761; x_wconf 83' lang='lat' dir='ltr'><strong>Samarita,</strong></span> <span class='ocrx_word' id='word_1_116' title='bbox 2255 694 2567 749; x_wconf 82' lang='lat' dir='ltr'><strong>Christiano</strong></span> <span class='ocrx_word' id='word_1_117' title='bbox 2592 693 2896 762; x_wconf 63' lang='lat' dir='ltr'><strong>praefertur.</strong></span> 
     </span>
    </p>
   </div>
   <div class='ocr_carea' id='block_1_21' title="bbox 1978 775 3448 847">
    <p class='ocr_par' dir='ltr' id='par_1_21' title="bbox 1978 775 3448 847">
     <span class='ocr_line' id='line_1_21' title="bbox 1978 775 3448 847; baseline -0.008 -9"><span class='ocrx_word' id='word_1_118' title='bbox 1978 784 2127 838; x_wconf 87' lang='lat' dir='ltr'><strong>Scias</strong></span> <span class='ocrx_word' id='word_1_119' title='bbox 2164 793 2376 847; x_wconf 87' lang='lat' dir='ltr'><strong>autem,</strong></span> <span class='ocrx_word' id='word_1_120' title='bbox 2412 781 2753 845; x_wconf 85' lang='lat' dir='ltr'><strong>Samaritam,</strong></span> <span class='ocrx_word' id='word_1_121' title='bbox 2785 779 2876 847; x_wconf 97' lang='lat' dir='ltr'><strong>qui</strong></span> <span class='ocrx_word' id='word_1_122' title='bbox 2907 775 3215 831; x_wconf 82' lang='lat' dir='ltr'><strong>excluditur</strong></span> <span class='ocrx_word' id='word_1_123' title='bbox 3259 788 3287 825; x_wconf 89' lang='lat' dir='ltr'><strong>a</strong></span> <span class='ocrx_word' id='word_1_124' title='bbox 3328 788 3448 827; x_wconf 91' lang='lat' dir='ltr'><strong>suc-</strong></span> 
     </span>
    </p>
   </div>
   <div class='ocr_carea' id='block_1_22' title="bbox 1906 864 3448 941">
    <p class='ocr_par' dir='ltr' id='par_1_22' title="bbox 1906 864 3448 941">
     <span class='ocr_line' id='line_1_22' title="bbox 1906 864 3448 941; baseline -0.008 -13"><span class='ocrx_word' id='word_1_125' title='bbox 1906 876 2171 937; x_wconf 87' lang='lat' dir='ltr'><strong>cessione,</strong></span> <span class='ocrx_word' id='word_1_126' title='bbox 2210 875 2254 926; x_wconf 83' lang='lat' dir='ltr'><strong>si</strong></span> <span class='ocrx_word' id='word_1_127' title='bbox 2288 886 2469 941; x_wconf 73' lang='lat' dir='ltr'><strong>posma</strong></span> <span class='ocrx_word' id='word_1_128' title='bbox 2518 872 2859 925; x_wconf 81' lang='lat' dir='ltr'><strong>Christianus</strong></span> <span class='ocrx_word' id='word_1_129' title='bbox 2896 867 3228 921; x_wconf 81' lang='lat' dir='ltr'><strong>orthodoxns</strong></span> <span class='ocrx_word' id='word_1_130' title='bbox 3272 864 3448 917; x_wconf 86' lang='lat' dir='ltr'><strong>factus</strong></span> 
     </span>
    </p>
   </div>
   <div class='ocr_carea' id='block_1_23' title="bbox 1907 954 3451 1031">
    <p class='ocr_par' dir='ltr' id='par_1_23' title="bbox 1907 954 3451 1031">
     <span class='ocr_line' id='line_1_23' title="bbox 1907 954 3451 1031; baseline -0.007 -15"><span class='ocrx_word' id='word_1_131' title='bbox 1907 965 2067 1018; x_wconf 84' lang='lat' dir='ltr'><strong>fuerit</strong></span> <span class='ocrx_word' id='word_1_132' title='bbox 2091 1003 2104 1026; x_wconf 93' lang='lat'><strong>,</strong></span> <span class='ocrx_word' id='word_1_133' title='bbox 2137 973 2337 1031; x_wconf 84' lang='lat' dir='ltr'><strong>partem</strong></span> <span class='ocrx_word' id='word_1_134' title='bbox 2388 977 2540 1016; x_wconf 88' lang='lat' dir='ltr'><strong>suam</strong></span> <span class='ocrx_word' id='word_1_135' title='bbox 2575 975 2764 1029; x_wconf 87' lang='lat' dir='ltr'><strong>capere</strong></span> <span class='ocrx_word' id='word_1_136' title='bbox 2791 974 2911 1014; x_wconf 90' lang='lat' dir='ltr'><strong>cum</strong></span> <span class='ocrx_word' id='word_1_137' title='bbox 2940 958 3092 1020; x_wconf 89' lang='lat' dir='ltr'><strong>aliis,</strong></span> <span class='ocrx_word' id='word_1_138' title='bbox 3122 956 3213 1025; x_wconf 88' lang='lat' dir='ltr'><strong>qui</strong></span> <span class='ocrx_word' id='word_1_139' title='bbox 3248 955 3313 1007; x_wconf 88' lang='lat' dir='ltr'><strong>ab</strong></span> <span class='ocrx_word' id='word_1_140' title='bbox 3348 954 3451 1007; x_wconf 89' lang='lat' dir='ltr'><strong>ini-</strong></span> 
     </span>
    </p>
   </div>
   <div class='ocr_carea' id='block_1_24' title="bbox 1908 1044 3448 1115">
    <p class='ocr_par' dir='ltr' id='par_1_24' title="bbox 1908 1044 3448 1115">
     <span class='ocr_line' id='line_1_24' title="bbox 1908 1044 3448 1115; baseline -0.008 -8"><span class='ocrx_word' id='word_1_141' title='bbox 1908 1056 1979 1107; x_wconf 90' lang='lat' dir='ltr'><strong>tio</strong></span> <span class='ocrx_word' id='word_1_142' title='bbox 2017 1062 2168 1107; x_wconf 90' lang='lat' dir='ltr'><strong>erant</strong></span> <span class='ocrx_word' id='word_1_143' title='bbox 2205 1052 2510 1115; x_wconf 77' lang='lat' dir='ltr'><strong>orthodoxi,</strong></span> <span class='ocrx_word' id='word_1_144' title='bbox 2555 1050 2821 1104; x_wconf 80' lang='lat' dir='ltr'><strong>fruetibus</strong></span> <span class='ocrx_word' id='word_1_145' title='bbox 2864 1055 3042 1103; x_wconf 84' lang='lat' dir='ltr'><strong>tamen</strong></span> <span class='ocrx_word' id='word_1_146' title='bbox 3092 1046 3184 1115; x_wconf 87' lang='lat' dir='ltr'><strong>qui</strong></span> <span class='ocrx_word' id='word_1_147' title='bbox 3230 1044 3448 1099; x_wconf 87' lang='lat' dir='ltr'><strong>interim</strong></span> 
     </span>
    </p>
   </div>
   <div class='ocr_carea' id='block_1_25' title="bbox 1906 1139 2674 1212">
    <p class='ocr_par' dir='ltr' id='par_1_25' title="bbox 1906 1139 2674 1212">
     <span class='ocr_line' id='line_1_25' title="bbox 1906 1139 2674 1212; baseline 0 -18"><span class='ocrx_word' id='word_1_148' title='bbox 1906 1144 2146 1212; x_wconf 88' lang='lat' dir='ltr'><strong>producti</strong></span> <span class='ocrx_word' id='word_1_149' title='bbox 2170 1149 2314 1205; x_wconf 89' lang='lat' dir='ltr'><strong>sunt,</strong></span> <span class='ocrx_word' id='word_1_150' title='bbox 2341 1139 2674 1194; x_wconf 79' lang='lat' dir='ltr'><strong>frustratum.</strong></span> 
     </span>
    </p>
   </div>
   <div class='ocr_carea' id='block_1_26' title="bbox 1979 1227 3449 1294">
    <p class='ocr_par' dir='ltr' id='par_1_26' title="bbox 1979 1227 3449 1294">
     <span class='ocr_line' id='line_1_26' title="bbox 1979 1227 3449 1294; baseline -0.003 -11"><span class='ocrx_word' id='word_1_151' title='bbox 1979 1231 2258 1284; x_wconf 83' lang='lat' dir='ltr'><strong>Samaritae</strong></span> <span class='ocrx_word' id='word_1_152' title='bbox 2308 1245 2438 1285; x_wconf 90' lang='lat' dir='ltr'><strong>suos</strong></span> <span class='ocrx_word' id='word_1_153' title='bbox 2482 1229 2878 1294; x_wconf 78' lang='lat' dir='ltr'><strong>ascendentes,</strong></span> <span class='ocrx_word' id='word_1_154' title='bbox 2934 1236 2985 1282; x_wconf 90' lang='lat' dir='ltr'><strong>et</strong></span> <span class='ocrx_word' id='word_1_155' title='bbox 3031 1227 3449 1287; x_wconf 78' lang='lat' dir='ltr'><strong>descendentes.</strong></span> 
     </span>
    </p>
   </div>
   <div class='ocr_carea' id='block_1_27' title="bbox 1906 1318 3452 1389">
    <p class='ocr_par' dir='ltr' id='par_1_27' title="bbox 1906 1318 3452 1389">
     <span class='ocr_line' id='line_1_27' title="bbox 1906 1318 3452 1389; baseline -0.005 -13"><span class='ocrx_word' id='word_1_156' title='bbox 1906 1322 1996 1389; x_wconf 90' lang='lat' dir='ltr'><strong>qui</strong></span> <span class='ocrx_word' id='word_1_157' title='bbox 2031 1322 2311 1375; x_wconf 75' lang='lat' dir='ltr'><strong>Samaritre</strong></span> <span class='ocrx_word' id='word_1_158' title='bbox 2348 1328 2507 1380; x_wconf 90' lang='lat' dir='ltr'><strong>sunt.</strong></span> <span class='ocrx_word' id='word_1_159' title='bbox 2542 1335 2638 1388; x_wconf 88' lang='lat' dir='ltr'><strong>pro</strong></span> <span class='ocrx_word' id='word_1_160' title='bbox 2669 1320 2891 1373; x_wconf 85' lang='lat' dir='ltr'><strong>arbitrio</strong></span> <span class='ocrx_word' id='word_1_161' title='bbox 2923 1333 3023 1373; x_wconf 89' lang='lat' dir='ltr'><strong>suo</strong></span> <span class='ocrx_word' id='word_1_162' title='bbox 3060 1318 3307 1372; x_wconf 88' lang='lat' dir='ltr'><strong>scribunt</strong></span> <span class='ocrx_word' id='word_1_163' title='bbox 3353 1318 3452 1370; x_wconf 79' lang='lat' dir='ltr'><strong>ha:-</strong></span> 
     </span>
    </p>
   </div>
   <div class='ocr_carea' id='block_1_28' title="bbox 1906 1408 3451 1478">
    <p class='ocr_par' dir='ltr' id='par_1_28' title="bbox 1906 1408 3451 1478">
     <span class='ocr_line' id='line_1_28' title="bbox 1906 1408 3451 1478; baseline -0.005 -13"><span class='ocrx_word' id='word_1_164' title='bbox 1906 1412 2081 1465; x_wconf 88' lang='lat' dir='ltr'><strong>redes.</strong></span> <span class='ocrx_word' id='word_1_165' title='bbox 2116 1410 2172 1464; x_wconf 87' lang='lat' dir='ltr'><strong>Si</strong></span> <span class='ocrx_word' id='word_1_166' title='bbox 2212 1426 2338 1464; x_wconf 80' lang='lat' dir='ltr'><strong>vero</strong></span> <span class='ocrx_word' id='word_1_167' title='bbox 2371 1426 2490 1464; x_wconf 89' lang='lat' dir='ltr'><strong>cum</strong></span> <span class='ocrx_word' id='word_1_168' title='bbox 2516 1412 2594 1465; x_wconf 87' lang='lat' dir='ltr'><strong>eis</strong></span> <span class='ocrx_word' id='word_1_169' title='bbox 2634 1418 2686 1463; x_wconf 87' lang='lat' dir='ltr'><strong>et</strong></span> <span class='ocrx_word' id='word_1_170' title='bbox 2718 1409 3014 1464; x_wconf 79' lang='lat' dir='ltr'><strong>Christiani</strong></span> <span class='ocrx_word' id='word_1_171' title='bbox 3046 1408 3287 1478; x_wconf 82' lang='lat' dir='ltr'><strong>ejusdem</strong></span> <span class='ocrx_word' id='word_1_172' title='bbox 3334 1423 3451 1477; x_wconf 79' lang='lat' dir='ltr'><strong>gra-</strong></span> 
     </span>
    </p>
   </div>
   <div class='ocr_carea' id='block_1_29' title="bbox 1907 1498 3453 1564">
    <p class='ocr_par' dir='ltr' id='par_1_29' title="bbox 1907 1498 3453 1564">
     <span class='ocr_line' id='line_1_29' title="bbox 1907 1498 3453 1564; baseline -0.004 -9"><span class='ocrx_word' id='word_1_173' title='bbox 1907 1503 2008 1557; x_wconf 81' lang='lat' dir='ltr'><strong>dus</strong></span> <span class='ocrx_word' id='word_1_174' title='bbox 2050 1501 2114 1554; x_wconf 90' lang='lat' dir='ltr'><strong>ad</strong></span> <span class='ocrx_word' id='word_1_175' title='bbox 2163 1502 2559 1557; x_wconf 84' lang='lat' dir='ltr'><strong>successionem</strong></span> <span class='ocrx_word' id='word_1_176' title='bbox 2610 1511 2890 1564; x_wconf 79' lang='lat' dir='ltr'><strong>vocantur,</strong></span> <span class='ocrx_word' id='word_1_177' title='bbox 2937 1516 3044 1554; x_wconf 85' lang='lat' dir='ltr'><strong>non</strong></span> <span class='ocrx_word' id='word_1_178' title='bbox 3095 1500 3318 1554; x_wconf 88' lang='lat' dir='ltr'><strong>ulterius</strong></span> <span class='ocrx_word' id='word_1_179' title='bbox 3354 1498 3453 1550; x_wconf 87' lang='lat' dir='ltr'><strong>Sa-</strong></span> 
     </span>
    </p>
   </div>
   <div class='ocr_carea' id='block_1_30' title="bbox 1909 1588 3453 1658">
    <p class='ocr_par' dir='ltr' id='par_1_30' title="bbox 1909 1588 3453 1658">
     <span class='ocr_line' id='line_1_30' title="bbox 1909 1588 3453 1658; baseline 0 -17"><span class='ocrx_word' id='word_1_180' title='bbox 1909 1589 2129 1643; x_wconf 85' lang='lat' dir='ltr'><strong>maritas</strong></span> <span class='ocrx_word' id='word_1_181' title='bbox 2206 1589 2447 1643; x_wconf 77' lang='lat' dir='ltr'><strong>scribant</strong></span> <span class='ocrx_word' id='word_1_182' title='bbox 2524 1590 2801 1655; x_wconf 67' lang='lat' dir='ltr'><strong>haareiles,</strong></span> <span class='ocrx_word' id='word_1_183' title='bbox 2879 1604 3039 1658; x_wconf 87' lang='lat' dir='ltr'><strong>quam</strong></span> <span class='ocrx_word' id='word_1_184' title='bbox 3105 1605 3169 1643; x_wconf 82' lang='lat' dir='ltr'><strong>ex</strong></span> <span class='ocrx_word' id='word_1_185' title='bbox 3244 1588 3453 1641; x_wconf 85' lang='lat' dir='ltr'><strong>duabus</strong></span> 
     </span>
    </p>
   </div>
   <div class='ocr_carea' id='block_1_31' title="bbox 1908 1680 3453 1737">
    <p class='ocr_par' dir='ltr' id='par_1_31' title="bbox 1908 1680 3453 1737">
     <span class='ocr_line' id='line_1_31' title="bbox 1908 1680 3453 1737; baseline -0.002 -4"><span class='ocrx_word' id='word_1_186' title='bbox 1908 1680 2221 1733; x_wconf 79' lang='lat' dir='ltr'><strong>facultatum</strong></span> <span class='ocrx_word' id='word_1_187' title='bbox 2292 1694 2514 1737; x_wconf 81' lang='lat' dir='ltr'><strong>suarum</strong></span> <span class='ocrx_word' id='word_1_188' title='bbox 2578 1682 2774 1735; x_wconf 90' lang='lat' dir='ltr'><strong>unciis.</strong></span> <span class='ocrx_word' id='word_1_189' title='bbox 2844 1682 3076 1736; x_wconf 83' lang='lat' dir='ltr'><strong>Possunt</strong></span> <span class='ocrx_word' id='word_1_190' title='bbox 3144 1690 3320 1734; x_wconf 87' lang='lat' dir='ltr'><strong>autem</strong></span> <span class='ocrx_word' id='word_1_191' title='bbox 3401 1689 3453 1731; x_wconf 86' lang='lat' dir='ltr'><strong>et</strong></span> 
     </span>
    </p>
   </div>
   <div class='ocr_carea' id='block_1_32' title="bbox 1907 1768 3450 1837">
    <p class='ocr_par' dir='ltr' id='par_1_32' title="bbox 1907 1768 3450 1837">
     <span class='ocr_line' id='line_1_32' title="bbox 1907 1768 3450 1837; baseline 0 -16"><span class='ocrx_word' id='word_1_192' title='bbox 1907 1768 2283 1832; x_wconf 83' lang='lat' dir='ltr'><strong>ascendentes,</strong></span> <span class='ocrx_word' id='word_1_193' title='bbox 2317 1778 2369 1822; x_wconf 90' lang='lat' dir='ltr'><strong>et</strong></span> <span class='ocrx_word' id='word_1_194' title='bbox 2402 1769 2795 1826; x_wconf 86' lang='lat' dir='ltr'><strong>descendentes</strong></span> <span class='ocrx_word' id='word_1_195' title='bbox 2827 1771 3135 1835; x_wconf 80' lang='lat' dir='ltr'><strong>orthodoxi,</strong></span> <span class='ocrx_word' id='word_1_196' title='bbox 3178 1771 3450 1837; x_wconf 85' lang='lat' dir='ltr'><strong>querelam</strong></span> 
     </span>
    </p>
   </div>
   <div class='ocr_carea' id='block_1_33' title="bbox 262 1853 1796 1938">
    <p class='ocr_par' dir='ltr' id='par_1_33' title="bbox 262 1867 1796 1938">
     <span class='ocr_line' id='line_1_33' title="bbox 262 1867 1796 1938; baseline -0.005 -14"><span class='ocrx_word' id='word_1_197' title='bbox 262 1873 436 1924; x_wconf 83' lang='grc' dir='ltr'>κινεῖν</span> <span class='ocrx_word' id='word_1_198' title='bbox 469 1872 605 1923; x_wconf 74' lang='grc' dir='ltr'><strong>κατὰ</strong></span> <span class='ocrx_word' id='word_1_199' title='bbox 630 1872 726 1938; x_wconf 82' lang='grc' dir='ltr'><strong>τῆς</strong></span> <span class='ocrx_word' id='word_1_200' title='bbox 765 1870 983 1922; x_wconf 75' lang='grc' dir='ltr'><strong>ἐκείνων</strong></span> <span class='ocrx_word' id='word_1_201' title='bbox 1027 1870 1307 1936; x_wconf 75' lang='grc' dir='ltr'><strong>διαθήκης,</strong></span> <span class='ocrx_word' id='word_1_202' title='bbox 1366 1870 1470 1921; x_wconf 83' lang='grc' dir='ltr'><strong>τῶν</strong></span> <span class='ocrx_word' id='word_1_203' title='bbox 1502 1867 1796 1934; x_wconf 73' lang='grc' dir='ltr'>εἰρημένων</span> 
     </span>
    </p>
   </div>
   <div class='ocr_carea' id='block_1_34' title="bbox 1893 1853 3452 1938">
    <p class='ocr_par' dir='ltr' id='par_1_34' title="bbox 1907 1858 3452 1914">
     <span class='ocr_line' id='line_1_34' title="bbox 1907 1858 3452 1914; baseline 0 -2"><span class='ocrx_word' id='word_1_204' title='bbox 1907 1860 1971 1912; x_wconf 75' lang='lat' dir='ltr'><strong>ile</strong></span> <span class='ocrx_word' id='word_1_205' title='bbox 2004 1859 2295 1913; x_wconf 84' lang='lat' dir='ltr'><strong>inollicioso</strong></span> <span class='ocrx_word' id='word_1_206' title='bbox 2345 1858 2605 1914; x_wconf 86' lang='lat' dir='ltr'><strong>adversus</strong></span> <span class='ocrx_word' id='word_1_207' title='bbox 2652 1874 2838 1913; x_wconf 90' lang='lat' dir='ltr'><strong>eorum</strong></span> <span class='ocrx_word' id='word_1_208' title='bbox 2890 1861 3197 1914; x_wconf 80' lang='lat' dir='ltr'><strong>testamenti</strong></span> <span class='ocrx_word' id='word_1_209' title='bbox 3244 1861 3452 1912; x_wconf 63' lang='lat' dir='ltr'><strong>tabulas</strong></span> 
     </span>
    </p>
   </div>
   <div class='ocr_carea' id='block_1_35' title="bbox 260 1956 1800 2028">
    <p class='ocr_par' dir='ltr' id='par_1_35' title="bbox 260 1956 1800 2028">
     <span class='ocr_line' id='line_1_35' title="bbox 260 1956 1800 2028; baseline -0.005 -17"><span class='ocrx_word' id='word_1_210' title='bbox 260 1963 320 2011; x_wconf 72' lang='grc' dir='ltr'><strong>ἐν</strong></span> <span class='ocrx_word' id='word_1_211' title='bbox 355 1962 418 2027; x_wconf 81' lang='grc' dir='ltr'><strong>τῇ</strong></span> <span class='ocrx_word' id='word_1_212' title='bbox 472 1960 710 2028; x_wconf 80' lang='grc' dir='ltr'><strong>προτέρᾳ</strong></span> <span class='ocrx_word' id='word_1_213' title='bbox 750 1960 1008 2027; x_wconf 75' lang='grc' dir='ltr'><strong>διαιρέσει</strong></span> <span class='ocrx_word' id='word_1_214' title='bbox 1069 1976 1194 2027; x_wconf 84' lang='grc' dir='ltr'><strong>περι</strong></span> <span class='ocrx_word' id='word_1_215' title='bbox 1247 1958 1353 2010; x_wconf 87' lang='grc' dir='ltr'><strong>τῶν</strong></span> <span class='ocrx_word' id='word_1_216' title='bbox 1401 1956 1800 2025; x_wconf 80' lang='grc' dir='ltr'><strong>μετανοούντων</strong></span> 
     </span>
    </p>
   </div>
   <div class='ocr_carea' id='block_1_36' title="bbox 263 2048 1384 2118">
    <p class='ocr_par' dir='ltr' id='par_1_36' title="bbox 263 2048 1384 2118">
     <span class='ocr_line' id='line_1_36' title="bbox 263 2048 1384 2118; baseline -0.004 -17"><span class='ocrx_word' id='word_1_217' title='bbox 263 2049 617 2118; x_wconf 82' lang='grc' dir='ltr'><strong>Σαμαρειτῶν</strong></span> <span class='ocrx_word' id='word_1_218' title='bbox 644 2050 735 2102; x_wconf 77' lang='grc' dir='ltr'><strong>καὶ</strong></span> <span class='ocrx_word' id='word_1_219' title='bbox 761 2049 990 2101; x_wconf 72' lang='grc' dir='ltr'><strong>ἐνταῦθα</strong></span> <span class='ocrx_word' id='word_1_220' title='bbox 1020 2048 1384 2117; x_wconf 74' lang='grc' dir='ltr'><strong>κρατούντων.</strong></span> 
     </span>
    </p>
   </div>
   <div class='ocr_carea' id='block_1_37' title="bbox 326 2307 1889 2381">
    <p class='ocr_par' dir='ltr' id='par_1_37' title="bbox 326 2307 1889 2381">
     <span class='ocr_line' id='line_1_37' title="bbox 326 2307 1889 2381; baseline -0.003 -16"><span class='ocrx_word' id='word_1_221' title='bbox 326 2313 431 2365; x_wconf 65' lang='grc' dir='ltr'><strong>Καὶ</strong></span> <span class='ocrx_word' id='word_1_222' title='bbox 470 2312 774 2381; x_wconf 83' lang='grc' dir='ltr'><strong>σημείωσαι</strong></span> <span class='ocrx_word' id='word_1_223' title='bbox 806 2313 886 2363; x_wconf 79' lang='grc' dir='ltr'><strong>ὅτι</strong></span> <span class='ocrx_word' id='word_1_224' title='bbox 912 2312 1159 2364; x_wconf 83' lang='grc' dir='ltr'><strong>δύνανται</strong></span> <span class='ocrx_word' id='word_1_225' title='bbox 1187 2311 1235 2360; x_wconf 82' lang='lat' dir='ltr'><strong>oi</strong></span> <span class='ocrx_word' id='word_1_226' title='bbox 1260 2310 1591 2377; x_wconf 78' lang='grc' dir='ltr'><strong>Σαμαρεῖται</strong></span> <span class='ocrx_word' id='word_1_227' title='bbox 1623 2309 1685 2361; x_wconf 71' lang='grc' dir='ltr'><strong>ἐκ</strong></span> <span class='ocrx_word' id='word_1_228' title='bbox 1711 2307 1804 2361; x_wconf 80' lang='grc' dir='ltr'><strong>τοῦ</strong></span> <span class='ocrx_word' id='word_1_229' title='bbox 1888 2348 1889 2351; x_wconf 61' lang='grc' dir='ltr'><strong>η</strong></span> 
     </span>
    </p>
   </div>
   <div class='ocr_carea' id='block_1_38' title="bbox 259 2398 1806 2471">
    <p class='ocr_par' dir='ltr' id='par_1_38' title="bbox 259 2398 1806 2471">
     <span class='ocr_line' id='line_1_38' title="bbox 259 2398 1806 2471; baseline -0.001 -18"><span class='ocrx_word' id='word_1_230' title='bbox 259 2403 505 2468; x_wconf 69' lang='grc' dir='ltr'><strong>ἡμίσεως</strong></span> <span class='ocrx_word' id='word_1_231' title='bbox 537 2403 719 2471; x_wconf 89' lang='grc' dir='ltr'><strong>τρίτου</strong></span> <span class='ocrx_word' id='word_1_232' title='bbox 776 2401 973 2470; x_wconf 80' lang='grc' dir='ltr'><strong>μέρους</strong></span> <span class='ocrx_word' id='word_1_233' title='bbox 1034 2402 1095 2452; x_wconf 78' lang='grc' dir='ltr'><strong>ἐκ</strong></span> <span class='ocrx_word' id='word_1_234' title='bbox 1142 2399 1403 2466; x_wconf 72' lang='grc' dir='ltr'><strong>διαθήκης</strong></span> <span class='ocrx_word' id='word_1_235' title='bbox 1480 2398 1806 2469; x_wconf 80' lang='grc' dir='ltr'><strong>ἁρμόζοντος</strong></span> 
     </span>
    </p>
   </div>
   <div class='ocr_carea' id='block_1_39' title="bbox 256 2488 1806 2557">
    <p class='ocr_par' dir='ltr' id='par_1_39' title="bbox 256 2488 1806 2557">
     <span class='ocr_line' id='line_1_39' title="bbox 256 2488 1806 2557; baseline -0.001 -16"><span class='ocrx_word' id='word_1_236' title='bbox 256 2492 375 2551; x_wconf 84' lang='grc' dir='ltr'><strong>τοῖς</strong></span> <span class='ocrx_word' id='word_1_237' title='bbox 441 2490 778 2557; x_wconf 80' lang='grc' dir='ltr'><strong>Χριστιανῶν</strong></span> <span class='ocrx_word' id='word_1_238' title='bbox 814 2489 990 2543; x_wconf 83' lang='grc' dir='ltr'><strong>αὐτῶν</strong></span> <span class='ocrx_word' id='word_1_239' title='bbox 1022 2489 1286 2556; x_wconf 82' lang='grc' dir='ltr'><strong>διαδόχοις</strong></span> <span class='ocrx_word' id='word_1_240' title='bbox 1324 2490 1492 2555; x_wconf 77' lang='lat' dir='ltr'><strong>legata</strong></span> <span class='ocrx_word' id='word_1_241' title='bbox 1529 2488 1622 2539; x_wconf 79' lang='grc' dir='ltr'><strong>καὶ</strong></span> <span class='ocrx_word' id='word_1_242' title='bbox 1671 2504 1806 2555; x_wconf 84' lang='grc' dir='ltr'><strong>πρε-</strong></span> 
     </span>
    </p>
   </div>
   <div class='ocr_carea' id='block_1_40' title="bbox 257 2576 1806 2650">
    <p class='ocr_par' dir='ltr' id='par_1_40' title="bbox 257 2576 1806 2650">
     <span class='ocr_line' id='line_1_40' title="bbox 257 2576 1806 2650; baseline 0.001 -23"><span class='ocrx_word' id='word_1_243' title='bbox 257 2578 417 2628; x_wconf 74' lang='grc' dir='ltr'><strong>σϐεῖα</strong></span> <span class='ocrx_word' id='word_1_244' title='bbox 480 2578 819 2646; x_wconf 79' lang='grc' dir='ltr'><strong>Χριστιανοῖς</strong></span> <span class='ocrx_word' id='word_1_245' title='bbox 877 2578 1301 2650; x_wconf 75' lang='grc' dir='ltr'><strong>καταλιμπάνειν</strong></span> <span class='ocrx_word' id='word_1_246' title='bbox 1336 2618 1351 2640; x_wconf 84' lang='grc'><strong>,</strong></span> <span class='ocrx_word' id='word_1_247' title='bbox 1415 2576 1563 2628; x_wconf 72' lang='grc' dir='ltr'><strong>οὐδὲν</strong></span> <span class='ocrx_word' id='word_1_248' title='bbox 1625 2577 1806 2629; x_wconf 69' lang='grc' dir='ltr'><strong>λοιπδν</strong></span> 
     </span>
    </p>
   </div>
   <div class='ocr_carea' id='block_1_41' title="bbox 260 2661 1805 2732">
    <p class='ocr_par' dir='ltr' id='par_1_41' title="bbox 260 2661 1805 2732">
     <span class='ocr_line' id='line_1_41' title="bbox 260 2661 1805 2732; baseline -0.001 -20"><span class='ocrx_word' id='word_1_249' title='bbox 260 2661 354 2713; x_wconf 87' lang='grc' dir='ltr'><strong>τοῦ</strong></span> <span class='ocrx_word' id='word_1_250' title='bbox 388 2662 643 2730; x_wconf 79' lang='grc' dir='ltr'><strong>δημοσίου</strong></span> <span class='ocrx_word' id='word_1_251' title='bbox 680 2664 741 2715; x_wconf 80' lang='grc' dir='ltr'><strong>ἐκ</strong></span> <span class='ocrx_word' id='word_1_252' title='bbox 775 2664 868 2732; x_wconf 79' lang='grc' dir='ltr'><strong>τῆς</strong></span> <span class='ocrx_word' id='word_1_253' title='bbox 894 2664 1071 2715; x_wconf 84' lang='grc' dir='ltr'><strong>αὐτῶν</strong></span> <span class='ocrx_word' id='word_1_254' title='bbox 1098 2662 1438 2723; x_wconf 75' lang='grc' dir='ltr'><strong>ἐκδικοῦντος</strong></span> <span class='ocrx_word' id='word_1_255' title='bbox 1468 2662 1805 2727; x_wconf 69' lang='grc' dir='ltr'><strong>περιουσίας,</strong></span> 
     </span>
    </p>
   </div>
   <div class='ocr_carea' id='block_1_42' title="bbox 257 2745 1803 2822">
    <p class='ocr_par' dir='ltr' id='par_1_42' title="bbox 257 2745 1803 2822">
     <span class='ocr_line' id='line_1_42' title="bbox 257 2745 1803 2822; baseline 0 -20"><span class='ocrx_word' id='word_1_256' title='bbox 257 2745 351 2803; x_wconf 63' lang='grc' dir='ltr'><strong>οἶα</strong></span> <span class='ocrx_word' id='word_1_257' title='bbox 390 2752 451 2819; x_wconf 79' lang='grc' dir='ltr'><strong>δὴ</strong></span> <span class='ocrx_word' id='word_1_258' title='bbox 481 2752 579 2819; x_wconf 81' lang='grc' dir='ltr'><strong>τῆς</strong></span> <span class='ocrx_word' id='word_1_259' title='bbox 608 2754 885 2822; x_wconf 75' lang='grc' dir='ltr'><strong>παρούσης</strong></span> <span class='ocrx_word' id='word_1_260' title='bbox 925 2754 1216 2816; x_wconf 80' lang='grc' dir='ltr'><strong>διατάξεως</strong></span> <span class='ocrx_word' id='word_1_261' title='bbox 1258 2751 1351 2803; x_wconf 69' lang='grc' dir='ltr'><strong>καὶ</strong></span> <span class='ocrx_word' id='word_1_262' title='bbox 1380 2754 1458 2811; x_wconf 80' lang='grc' dir='ltr'><strong>εἰς</strong></span> <span class='ocrx_word' id='word_1_263' title='bbox 1507 2752 1575 2803; x_wconf 70' lang='grc' dir='ltr'><strong>τὰ</strong></span> <span class='ocrx_word' id='word_1_264' title='bbox 1603 2750 1803 2819; x_wconf 70' lang='grc' dir='ltr'><strong>προλαο</strong></span> 
     </span>
    </p>
   </div>
   <div class='ocr_carea' id='block_1_43' title="bbox 256 2840 1801 2910">
    <p class='ocr_par' dir='ltr' id='par_1_43' title="bbox 256 2840 1801 2910">
     <span class='ocr_line' id='line_1_43' title="bbox 256 2840 1801 2910; baseline 0.002 -20"><span class='ocrx_word' id='word_1_265' title='bbox 256 2841 424 2892; x_wconf 74' lang='grc' dir='ltr'><strong>εόντα</strong></span> <span class='ocrx_word' id='word_1_266' title='bbox 455 2841 632 2907; x_wconf 80' lang='grc' dir='ltr'><strong>φάκτα</strong></span> <span class='ocrx_word' id='word_1_267' title='bbox 670 2844 767 2910; x_wconf 76' lang='grc' dir='ltr'><strong>τὴν</strong></span> <span class='ocrx_word' id='word_1_268' title='bbox 821 2844 1024 2894; x_wconf 78' lang='grc' dir='ltr'><strong>οἰκείαν</strong></span> <span class='ocrx_word' id='word_1_269' title='bbox 1102 2842 1402 2909; x_wconf 73' lang='grc' dir='ltr'><strong>ἐναγούσης</strong></span> <span class='ocrx_word' id='word_1_270' title='bbox 1463 2840 1801 2909; x_wconf 80' lang='grc' dir='ltr'><strong>νομοθεσίαν.</strong></span> 
     </span>
    </p>
   </div>
   <div class='ocr_carea' id='block_1_44' title="bbox 337 2931 1806 3000">
    <p class='ocr_par' dir='ltr' id='par_1_44' title="bbox 337 2931 1806 3000">
     <span class='ocr_line' id='line_1_44' title="bbox 337 2931 1806 3000; baseline -0.001 -18"><span class='ocrx_word' id='word_1_271' title='bbox 337 2932 581 3000; x_wconf 79' lang='grc' dir='ltr'><strong>Ἐγράφη</strong></span> <span class='ocrx_word' id='word_1_272' title='bbox 633 2933 737 3000; x_wconf 84' lang='grc' dir='ltr'><strong>πρὸ</strong></span> <span class='ocrx_word' id='word_1_273' title='bbox 796 2933 855 2995; x_wconf 77' lang='grc' dir='ltr'><strong>ιζ’</strong></span> <span class='ocrx_word' id='word_1_274' title='bbox 894 2933 1180 2985; x_wconf 76' lang='grc' dir='ltr'><strong>Καλανδῶν</strong></span> <span class='ocrx_word' id='word_1_275' title='bbox 1249 2931 1497 2991; x_wconf 78' lang='grc' dir='ltr'><strong>Ἰουλίων.</strong></span> <span class='ocrx_word' id='word_1_276' title='bbox 1548 2931 1806 2998; x_wconf 81' lang='grc' dir='ltr'><strong>βασιλέως</strong></span> 
     </span>
    </p>
   </div>
   <div class='ocr_carea' id='block_1_45' title="bbox 268 3016 1801 3089">
    <p class='ocr_par' dir='ltr' id='par_1_45' title="bbox 268 3016 1801 3089">
     <span class='ocr_line' id='line_1_45' title="bbox 268 3016 1801 3089; baseline 0.004 -23"><span class='ocrx_word' id='word_1_277' title='bbox 268 3016 643 3070; x_wconf 78' lang='grc' dir='ltr'><strong>Ἰουστινιανοῦ</strong></span> <span class='ocrx_word' id='word_1_278' title='bbox 670 3019 729 3071; x_wconf 85' lang='grc' dir='ltr'><strong>τδ</strong></span> <span class='ocrx_word' id='word_1_279' title='bbox 754 3019 831 3071; x_wconf 85' lang='grc' dir='ltr'><strong>κε’</strong></span> <span class='ocrx_word' id='word_1_280' title='bbox 867 3021 1001 3088; x_wconf 77' lang='grc' dir='ltr'><strong>μετὰ</strong></span> <span class='ocrx_word' id='word_1_281' title='bbox 1047 3022 1141 3089; x_wconf 66' lang='grc' dir='ltr'><strong>τὴν</strong></span> <span class='ocrx_word' id='word_1_282' title='bbox 1173 3020 1431 3071; x_wconf 79' lang='grc' dir='ltr'><strong>ὑπατείαν</strong></span> <span class='ocrx_word' id='word_1_283' title='bbox 1478 3018 1801 3087; x_wconf 76' lang='grc' dir='ltr'><strong>βελισαρίου.</strong></span> 
     </span>
    </p>
   </div>
   <div class='ocr_carea' id='block_1_46' title="bbox 609 3128 1412 3198">
    <p class='ocr_par' dir='ltr' id='par_1_46' title="bbox 609 3128 1412 3198">
     <span class='ocr_line' id='line_1_46' title="bbox 609 3128 1412 3198; baseline -0.001 -14"><span class='ocrx_word' id='word_1_284' title='bbox 609 3134 678 3184; x_wconf 84' lang='grc' dir='ltr'><strong>Γ¹.</strong></span> <span class='ocrx_word' id='word_1_285' title='bbox 707 3132 845 3195; x_wconf 75' lang='grc' dir='ltr'><strong>Περὶ</strong></span> <span class='ocrx_word' id='word_1_286' title='bbox 870 3130 989 3182; x_wconf 78' lang='grc' dir='ltr'><strong>τῶν</strong></span> <span class='ocrx_word' id='word_1_287' title='bbox 1020 3128 1412 3198; x_wconf 76' lang='grc' dir='ltr'><strong>Σαμαρειτῶν.</strong></span> 
     </span>
    </p>
   </div>
   <div class='ocr_carea' id='block_1_47' title="bbox 256 3282 1802 3351">
    <p class='ocr_par' dir='ltr' id='par_1_47' title="bbox 256 3282 1802 3351">
     <span class='ocr_line' id='line_1_47' title="bbox 256 3282 1802 3351; baseline -0.001 -15"><span class='ocrx_word' id='word_1_288' title='bbox 256 3282 635 3350; x_wconf 60' lang='grc' dir='ltr'><strong>Αὐτοκράτωρ</strong></span> <span class='ocrx_word' id='word_1_289' title='bbox 734 3282 1155 3345; x_wconf 74' lang='grc' dir='ltr'><strong>Ἰουστινιαγὸς</strong></span> <span class='ocrx_word' id='word_1_290' title='bbox 1232 3284 1498 3348; x_wconf 76' lang='grc' dir='ltr'><strong>Διομήδει</strong></span> <span class='ocrx_word' id='word_1_291' title='bbox 1569 3284 1802 3351; x_wconf 67' lang='grc' dir='ltr'><strong>ἐπάρχῳ</strong></span> 
     </span>
    </p>
   </div>
   <div class='ocr_carea' id='block_1_48' title="bbox 318 3371 1797 3440">
    <p class='ocr_par' dir='ltr' id='par_1_48' title="bbox 318 3371 1797 3440">
     <span class='ocr_line' id='line_1_48' title="bbox 318 3371 1797 3440; baseline 0.001 -16"><span class='ocrx_word' id='word_1_292' title='bbox 318 3374 701 3440; x_wconf 81' lang='grc' dir='ltr'><strong>πραιτωρίων.</strong></span> <span class='ocrx_word' id='word_1_293' title='bbox 739 3373 857 3439; x_wconf 76' lang='grc' dir='ltr'><strong>Τὴν</strong></span> <span class='ocrx_word' id='word_1_294' title='bbox 885 3371 1074 3439; x_wconf 76' lang='grc' dir='ltr'><strong>ἀσεϐῆ</strong></span> <span class='ocrx_word' id='word_1_295' title='bbox 1105 3371 1222 3424; x_wconf 78' lang='grc' dir='ltr'><strong>τῶν</strong></span> <span class='ocrx_word' id='word_1_296' title='bbox 1270 3373 1648 3440; x_wconf 76' lang='grc' dir='ltr'><strong>Σαμαρειτῶν</strong></span> <span class='ocrx_word' id='word_1_297' title='bbox 1706 3375 1797 3426; x_wconf 84' lang='grc' dir='ltr'><strong>αῖ-</strong></span> 
     </span>
    </p>
   </div>
   <div class='ocr_carea' id='block_1_49' title="bbox 318 3461 1669 3531">
    <p class='ocr_par' dir='ltr' id='par_1_49' title="bbox 318 3461 1669 3531">
     <span class='ocr_line' id='line_1_49' title="bbox 318 3461 1669 3531; baseline 0.004 -21"><span class='ocrx_word' id='word_1_298' title='bbox 318 3479 515 3529; x_wconf 76' lang='grc' dir='ltr'><strong>ρεσιν,</strong></span> <span class='ocrx_word' id='word_1_299' title='bbox 552 3461 646 3514; x_wconf 78' lang='grc' dir='ltr'><strong>καὶ</strong></span> <span class='ocrx_word' id='word_1_300' title='bbox 674 3461 785 3527; x_wconf 80' lang='grc' dir='ltr'><strong>τὴν</strong></span> <span class='ocrx_word' id='word_1_301' title='bbox 820 3462 1159 3527; x_wconf 72' lang='grc' dir='ltr'><strong>παράλογον</strong></span> <span class='ocrx_word' id='word_1_302' title='bbox 1182 3463 1409 3516; x_wconf 76' lang='grc' dir='ltr'><strong>τούτων</strong></span> <span class='ocrx_word' id='word_1_303' title='bbox 1430 3465 1669 3531; x_wconf 80' lang='grc' dir='ltr'><strong>μανίαν.</strong></span> 
     </span>
    </p>
   </div>
   <div class='ocr_carea' id='block_1_50' title="bbox 338 3549 1796 3618">
    <p class='ocr_par' dir='ltr' id='par_1_50' title="bbox 338 3549 1796 3618">
     <span class='ocr_line' id='line_1_50' title="bbox 338 3549 1796 3618; baseline 0.001 -16"><span class='ocrx_word' id='word_1_304' title='bbox 338 3553 401 3602; x_wconf 82' lang='grc' dir='ltr'>Ἦ</span> <span class='ocrx_word' id='word_1_305' title='bbox 426 3551 663 3612; x_wconf 76' lang='grc' dir='ltr'><strong>διάταξις</strong></span> <span class='ocrx_word' id='word_1_306' title='bbox 689 3552 900 3618; x_wconf 85' lang='grc' dir='ltr'><strong>ἀναιρεῖ</strong></span> <span class='ocrx_word' id='word_1_307' title='bbox 924 3552 1020 3617; x_wconf 82' lang='grc' dir='ltr'><strong>τὴν</strong></span> <span class='ocrx_word' id='word_1_308' title='bbox 1052 3549 1093 3617; x_wconf 85' lang='grc' dir='ltr'><strong>β’</strong></span> <span class='ocrx_word' id='word_1_309' title='bbox 1125 3550 1273 3601; x_wconf 86' lang='grc' dir='ltr'><strong>τοῦδε</strong></span> <span class='ocrx_word' id='word_1_310' title='bbox 1303 3551 1396 3602; x_wconf 89' lang='grc' dir='ltr'><strong>τοῦ</strong></span> <span class='ocrx_word' id='word_1_311' title='bbox 1456 3552 1634 3603; x_wconf 84' lang='grc' dir='ltr'><strong>τίτλου</strong></span> <span class='ocrx_word' id='word_1_312' title='bbox 1686 3554 1796 3605; x_wconf 86' lang='grc' dir='ltr'><strong>διά-</strong></span> 
     </span>
    </p>
   </div>
   <div class='ocr_carea' id='block_1_51' title="bbox 250 3639 1799 3711">
    <p class='ocr_par' dir='ltr' id='par_1_51' title="bbox 250 3639 1799 3711">
     <span class='ocr_line' id='line_1_51' title="bbox 250 3639 1799 3711; baseline 0.001 -19"><span class='ocrx_word' id='word_1_313' title='bbox 250 3642 425 3703; x_wconf 81' lang='grc' dir='ltr'><strong>ταξιν.</strong></span> <span class='ocrx_word' id='word_1_314' title='bbox 459 3640 551 3691; x_wconf 71' lang='grc' dir='ltr'><strong>καὶ</strong></span> <span class='ocrx_word' id='word_1_315' title='bbox 582 3640 1016 3707; x_wconf 77' lang='grc' dir='ltr'><strong>παρακελεύεται</strong></span> <span class='ocrx_word' id='word_1_316' title='bbox 1043 3639 1135 3691; x_wconf 87' lang='grc' dir='ltr'><strong>τοῦ</strong></span> <span class='ocrx_word' id='word_1_317' title='bbox 1198 3640 1387 3692; x_wconf 68' lang='grc' dir='ltr'><strong>λοιποῦ</strong></span> <span class='ocrx_word' id='word_1_318' title='bbox 1452 3643 1799 3711; x_wconf 77' lang='grc' dir='ltr'><strong>Σαμαρείτας</strong></span> 
     </span>
    </p>
   </div>
   <div class='ocr_carea' id='block_1_52' title="bbox 256 3729 1797 3800">
    <p class='ocr_par' dir='ltr' id='par_1_52' title="bbox 256 3729 1797 3800">
     <span class='ocr_line' id='line_1_52' title="bbox 256 3729 1797 3800; baseline 0.003 -21"><span class='ocrx_word' id='word_1_319' title='bbox 256 3732 333 3797; x_wconf 78' lang='grc' dir='ltr'><strong>μὴ</strong></span> <span class='ocrx_word' id='word_1_320' title='bbox 368 3730 803 3795; x_wconf 79' lang='grc' dir='ltr'><strong>κληρονομεῖνέκ</strong></span> <span class='ocrx_word' id='word_1_321' title='bbox 833 3729 1108 3795; x_wconf 84' lang='grc' dir='ltr'><strong>διαθηκῶν</strong></span> <span class='ocrx_word' id='word_1_322' title='bbox 1139 3730 1169 3797; x_wconf 80' lang='grc' dir='ltr'>ἢ</span> <span class='ocrx_word' id='word_1_323' title='bbox 1202 3731 1407 3781; x_wconf 88' lang='grc' dir='ltr'><strong>τούτων</strong></span> <span class='ocrx_word' id='word_1_324' title='bbox 1434 3732 1624 3799; x_wconf 68' lang='grc' dir='ltr'><strong>χωρὶς,</strong></span> <span class='ocrx_word' id='word_1_325' title='bbox 1663 3732 1797 3800; x_wconf 77' lang='grc' dir='ltr'><strong>μηδὲ</strong></span> 
     </span>
    </p>
   </div>
   <div class='ocr_carea' id='block_1_53' title="bbox 252 3817 1794 3889">
    <p class='ocr_par' dir='ltr' id='par_1_53' title="bbox 252 3817 1794 3889">
     <span class='ocr_line' id='line_1_53' title="bbox 252 3817 1794 3889; baseline 0.002 -20"><span class='ocrx_word' id='word_1_326' title='bbox 252 3819 550 3885; x_wconf 71' lang='grc' dir='ltr'><strong>πρεσϐείαν</strong></span> <span class='ocrx_word' id='word_1_327' title='bbox 578 3817 889 3883; x_wconf 80' lang='grc' dir='ltr'><strong>λαμϐάνειν,</strong></span> <span class='ocrx_word' id='word_1_328' title='bbox 922 3819 952 3885; x_wconf 74' lang='grc' dir='ltr'>ἢ</span> <span class='ocrx_word' id='word_1_329' title='bbox 985 3820 1121 3870; x_wconf 75' lang='grc' dir='ltr'><strong>κατᾶ</strong></span> <span class='ocrx_word' id='word_1_330' title='bbox 1164 3820 1373 3887; x_wconf 80' lang='grc' dir='ltr'><strong>δωρεᾶς</strong></span> <span class='ocrx_word' id='word_1_331' title='bbox 1424 3820 1532 3889; x_wconf 80' lang='grc' dir='ltr'><strong>[Ῑσ.</strong></span> <span class='ocrx_word' id='word_1_332' title='bbox 1568 3820 1794 3889; x_wconf 77' lang='grc' dir='ltr'><strong>τρόπου]</strong></span> 
     </span>
    </p>
   </div>
   <div class='ocr_carea' id='block_1_54' title="bbox 248 3905 1797 3978">
    <p class='ocr_par' dir='ltr' id='par_1_54' title="bbox 248 3905 1797 3978">
     <span class='ocr_line' id='line_1_54' title="bbox 248 3905 1797 3978; baseline 0.002 -22"><span class='ocrx_word' id='word_1_333' title='bbox 248 3906 471 3971; x_wconf 75' lang='grc' dir='ltr'><strong>τρόπων</strong></span> <span class='ocrx_word' id='word_1_334' title='bbox 527 3905 844 3972; x_wconf 76' lang='grc' dir='ltr'><strong>κομίζεσθαι</strong></span> <span class='ocrx_word' id='word_1_335' title='bbox 869 3909 1119 3973; x_wconf 82' lang='grc' dir='ltr'><strong>πρᾶγμα.</strong></span> <span class='ocrx_word' id='word_1_336' title='bbox 1168 3909 1325 3960; x_wconf 69' lang='grc' dir='ltr'><strong>Ἀλλὰ</strong></span> <span class='ocrx_word' id='word_1_337' title='bbox 1372 3911 1502 3977; x_wconf 84' lang='grc' dir='ltr'><strong>μηδὲ</strong></span> <span class='ocrx_word' id='word_1_338' title='bbox 1532 3910 1670 3961; x_wconf 76' lang='grc' dir='ltr'><strong>κατὰ</strong></span> <span class='ocrx_word' id='word_1_339' title='bbox 1700 3911 1797 3978; x_wconf 80' lang='grc' dir='ltr'><strong>τὴν</strong></span> 
     </span>
    </p>
   </div>
   <div class='ocr_carea' id='block_1_55' title="bbox 247 3990 1791 4066">
    <p class='ocr_par' dir='ltr' id='par_1_55' title="bbox 247 3990 1791 4066">
     <span class='ocr_line' id='line_1_55' title="bbox 247 3990 1791 4066; baseline 0.002 -22"><span class='ocrx_word' id='word_1_340' title='bbox 247 3994 310 4054; x_wconf 72' lang='grc' dir='ltr'>ἐξ</span> <span class='ocrx_word' id='word_1_341' title='bbox 335 3990 616 4043; x_wconf 77' lang='grc' dir='ltr'><strong>ἁδίαθέτου</strong></span> <span class='ocrx_word' id='word_1_342' title='bbox 641 3993 831 4059; x_wconf 79' lang='grc' dir='ltr'><strong>κλῆσιν</strong></span> <span class='ocrx_word' id='word_1_343' title='bbox 865 3994 1136 4062; x_wconf 81' lang='grc' dir='ltr'><strong>διαδόχους</strong></span> <span class='ocrx_word' id='word_1_344' title='bbox 1160 3995 1302 4063; x_wconf 75' lang='grc' dir='ltr'><strong>ἔχειν</strong></span> <span class='ocrx_word' id='word_1_345' title='bbox 1366 3997 1725 4066; x_wconf 76' lang='grc' dir='ltr'><strong>Σαμαρείτας,</strong></span> <span class='ocrx_word' id='word_1_346' title='bbox 1760 3998 1791 4066; x_wconf 84' lang='grc' dir='ltr'>ἢ</span> 
     </span>
    </p>
   </div>
   <div class='ocr_carea' id='block_1_56' title="bbox 250 4084 1793 4159">
    <p class='ocr_par' dir='ltr' id='par_1_56' title="bbox 250 4084 1793 4159">
     <span class='ocr_line' id='line_1_56' title="bbox 250 4084 1793 4159; baseline 0.003 -22"><span class='ocrx_word' id='word_1_347' title='bbox 250 4087 387 4143; x_wconf 81' lang='grc' dir='ltr'><strong>ὅλως</strong></span> <span class='ocrx_word' id='word_1_348' title='bbox 428 4084 755 4153; x_wconf 69' lang='grc' dir='ltr'><strong>αἱρετικοῦς,</strong></span> <span class='ocrx_word' id='word_1_349' title='bbox 785 4085 917 4151; x_wconf 81' lang='grc' dir='ltr'><strong>μηδὲ</strong></span> <span class='ocrx_word' id='word_1_350' title='bbox 964 4087 1466 4153; x_wconf 75' lang='grc' dir='ltr'><strong>σχηματιζομένους</strong></span> <span class='ocrx_word' id='word_1_351' title='bbox 1512 4089 1607 4157; x_wconf 73' lang='grc' dir='ltr'><strong>τὴν</strong></span> <span class='ocrx_word' id='word_1_352' title='bbox 1629 4091 1793 4159; x_wconf 75' lang='grc' dir='ltr'><strong>ὀρθὴν</strong></span> 
     </span>
    </p>
   </div>
   <div class='ocr_carea' id='block_1_57' title="bbox 248 4172 1793 4248">
    <p class='ocr_par' dir='ltr' id='par_1_57' title="bbox 248 4172 1793 4248">
     <span class='ocr_line' id='line_1_57' title="bbox 248 4172 1793 4248; baseline 0.003 -24"><span class='ocrx_word' id='word_1_353' title='bbox 248 4174 357 4224; x_wconf 70' lang='grc' dir='ltr'><strong>τῶν</strong></span> <span class='ocrx_word' id='word_1_354' title='bbox 386 4172 717 4242; x_wconf 81' lang='grc' dir='ltr'><strong>Χριστιανῶν</strong></span> <span class='ocrx_word' id='word_1_355' title='bbox 746 4174 1131 4242; x_wconf 76' lang='grc' dir='ltr'><strong>προσδέχεσθαι</strong></span> <span class='ocrx_word' id='word_1_356' title='bbox 1164 4176 1365 4239; x_wconf 80' lang='grc' dir='ltr'><strong>πίστιν,</strong></span> <span class='ocrx_word' id='word_1_357' title='bbox 1427 4181 1542 4240; x_wconf 80' lang='grc' dir='ltr'><strong>ταῖς</strong></span> <span class='ocrx_word' id='word_1_358' title='bbox 1572 4180 1628 4230; x_wconf 75' lang='grc' dir='ltr'><strong>δὲ</strong></span> <span class='ocrx_word' id='word_1_359' title='bbox 1658 4180 1793 4248; x_wconf 85' lang='grc' dir='ltr'><strong>ἁλη-</strong></span> 
     </span>
    </p>
   </div>
   <div class='ocr_carea' id='block_1_58' title="bbox 248 4258 1789 4332">
    <p class='ocr_par' dir='ltr' id='par_1_58' title="bbox 248 4258 1789 4332">
     <span class='ocr_line' id='line_1_58' title="bbox 248 4258 1789 4332; baseline 0.006 -24"><span class='ocrx_word' id='word_1_360' title='bbox 248 4258 533 4325; x_wconf 80' lang='grc' dir='ltr'><strong>Οείαιςοῦχ</strong></span> <span class='ocrx_word' id='word_1_361' title='bbox 560 4258 702 4309; x_wconf 85' lang='grc' dir='ltr'><strong>οῦτω</strong></span> <span class='ocrx_word' id='word_1_362' title='bbox 741 4258 1095 4325; x_wconf 77' lang='grc' dir='ltr'><strong>φρονοῦντας.</strong></span> <span class='ocrx_word' id='word_1_363' title='bbox 1163 4261 1313 4325; x_wconf 74' lang='grc' dir='ltr'><strong>Μηδὲ</strong></span> <span class='ocrx_word' id='word_1_364' title='bbox 1368 4263 1474 4330; x_wconf 83' lang='grc' dir='ltr'><strong>μὴν</strong></span> <span class='ocrx_word' id='word_1_365' title='bbox 1529 4264 1789 4332; x_wconf 82' lang='grc' dir='ltr'><strong>διαθήκας</strong></span> 
     </span>
    </p>
   </div>
   <div class='ocr_carea' id='block_1_59' title="bbox 245 4348 1787 4423">
    <p class='ocr_par' dir='ltr' id='par_1_59' title="bbox 245 4348 1787 4423">
     <span class='ocr_line' id='line_1_59' title="bbox 245 4348 1787 4423; baseline 0.006 -26"><span class='ocrx_word' id='word_1_366' title='bbox 245 4351 326 4406; x_wconf 79' lang='grc' dir='ltr'><strong>εἰς</strong></span> <span class='ocrx_word' id='word_1_367' title='bbox 358 4348 888 4415; x_wconf 74' lang='grc' dir='ltr'><strong>αὐτοὺςγράφειν,ἣ</strong></span> <span class='ocrx_word' id='word_1_368' title='bbox 960 4349 1165 4418; x_wconf 86' lang='grc' dir='ltr'><strong>ληγάτα</strong></span> <span class='ocrx_word' id='word_1_369' title='bbox 1243 4352 1693 4420; x_wconf 82' lang='grc' dir='ltr'><strong>καταλιμπάνειν,</strong></span> <span class='ocrx_word' id='word_1_370' title='bbox 1756 4356 1787 4423; x_wconf 78' lang='grc' dir='ltr'>ἢ</span> 
     </span>
    </p>
   </div>
   <div class='ocr_carea' id='block_1_60' title="bbox 1907 1947 3455 2016">
    <p class='ocr_par' dir='ltr' id='par_1_60' title="bbox 1907 1947 3455 2016">
     <span class='ocr_line' id='line_1_60' title="bbox 1907 1947 3455 2016; baseline -0.003 -15"><span class='ocrx_word' id='word_1_371' title='bbox 1907 1948 2203 2009; x_wconf 75' lang='lat' dir='ltr'><strong>instituere,</strong></span> <span class='ocrx_word' id='word_1_372' title='bbox 2236 1948 2323 2009; x_wconf 91' lang='lat' dir='ltr'><strong>iis,</strong></span> <span class='ocrx_word' id='word_1_373' title='bbox 2354 1962 2475 2015; x_wconf 64' lang='lat' dir='ltr'><strong>qua:</strong></span> <span class='ocrx_word' id='word_1_374' title='bbox 2520 1947 2729 2000; x_wconf 86' lang='lat' dir='ltr'><strong>sancita</strong></span> <span class='ocrx_word' id='word_1_375' title='bbox 2777 1954 2903 2000; x_wconf 91' lang='lat' dir='ltr'><strong>sunt</strong></span> <span class='ocrx_word' id='word_1_376' title='bbox 2957 1948 3010 2000; x_wconf 92' lang='lat' dir='ltr'><strong>in</strong></span> <span class='ocrx_word' id='word_1_377' title='bbox 3046 1947 3214 2016; x_wconf 87' lang='lat' dir='ltr'><strong>priori</strong></span> <span class='ocrx_word' id='word_1_378' title='bbox 3249 1947 3455 1999; x_wconf 85' lang='lat' dir='ltr'><strong>consti-</strong></span> 
     </span>
    </p>
   </div>
   <div class='ocr_carea' id='block_1_61' title="bbox 1906 2039 3453 2107">
    <p class='ocr_par' dir='ltr' id='par_1_61' title="bbox 1906 2039 3453 2107">
     <span class='ocr_line' id='line_1_61' title="bbox 1906 2039 3453 2107; baseline -0.003 -14"><span class='ocrx_word' id='word_1_379' title='bbox 1906 2040 2110 2093; x_wconf 90' lang='lat' dir='ltr'><strong>tutione</strong></span> <span class='ocrx_word' id='word_1_380' title='bbox 2153 2039 2219 2093; x_wconf 90' lang='lat' dir='ltr'><strong>de</strong></span> <span class='ocrx_word' id='word_1_381' title='bbox 2251 2039 2357 2102; x_wconf 89' lang='lat' dir='ltr'><strong>his,</strong></span> <span class='ocrx_word' id='word_1_382' title='bbox 2393 2039 2482 2107; x_wconf 87' lang='lat' dir='ltr'><strong>qui</strong></span> <span class='ocrx_word' id='word_1_383' title='bbox 2536 2039 2901 2107; x_wconf 85' lang='lat' dir='ltr'><strong>resipiscunt,</strong></span> <span class='ocrx_word' id='word_1_384' title='bbox 2938 2040 3016 2092; x_wconf 90' lang='lat' dir='ltr'><strong>uti</strong></span> <span class='ocrx_word' id='word_1_385' title='bbox 3048 2040 3260 2093; x_wconf 87' lang='lat' dir='ltr'><strong>scilicet</strong></span> <span class='ocrx_word' id='word_1_386' title='bbox 3298 2050 3453 2106; x_wconf 78' lang='lat' dir='ltr'><strong>pares</strong></span> 
     </span>
    </p>
   </div>
   <div class='ocr_carea' id='block_1_62' title="bbox 1904 2126 3453 2199">
    <p class='ocr_par' dir='ltr' id='par_1_62' title="bbox 1904 2126 3453 2199">
     <span class='ocr_line' id='line_1_62' title="bbox 1904 2126 3453 2199; baseline -0.001 -17"><span class='ocrx_word' id='word_1_387' title='bbox 1904 2128 2010 2182; x_wconf 86' lang='lat' dir='ltr'><strong>sint</strong></span> <span class='ocrx_word' id='word_1_388' title='bbox 2034 2128 2100 2183; x_wconf 89' lang='lat' dir='ltr'><strong>ab</strong></span> <span class='ocrx_word' id='word_1_389' title='bbox 2135 2129 2287 2183; x_wconf 90' lang='lat' dir='ltr'><strong>initio</strong></span> <span class='ocrx_word' id='word_1_390' title='bbox 2334 2126 2680 2195; x_wconf 86' lang='lat' dir='ltr'><strong>Christianis,</strong></span> <span class='ocrx_word' id='word_1_391' title='bbox 2732 2128 2817 2183; x_wconf 90' lang='lat' dir='ltr'><strong>hic</strong></span> <span class='ocrx_word' id='word_1_392' title='bbox 2867 2144 3082 2199; x_wconf 87' lang='lat' dir='ltr'><strong>quoque</strong></span> <span class='ocrx_word' id='word_1_393' title='bbox 3127 2129 3304 2183; x_wconf 89' lang='lat' dir='ltr'><strong>locum</strong></span> <span class='ocrx_word' id='word_1_394' title='bbox 3353 2127 3453 2181; x_wconf 83' lang='lat' dir='ltr'><strong>ha-</strong></span> 
     </span>
    </p>
   </div>
   <div class='ocr_carea' id='block_1_63' title="bbox 1906 2218 2178 2273">
    <p class='ocr_par' dir='ltr' id='par_1_63' title="bbox 1906 2218 2178 2273">
     <span class='ocr_line' id='line_1_63' title="bbox 1906 2218 2178 2273; baseline 0.007 -2"><span class='ocrx_word' id='word_1_395' title='bbox 1906 2218 2178 2273; x_wconf 86' lang='lat' dir='ltr'><strong>bcntihus.</strong></span> 
     </span>
    </p>
   </div>
   <div class='ocr_carea' id='block_1_64' title="bbox 1975 2306 3454 2379">
    <p class='ocr_par' dir='ltr' id='par_1_64' title="bbox 1975 2306 3454 2379">
     <span class='ocr_line' id='line_1_64' title="bbox 1975 2306 3454 2379; baseline 0.002 -18"><span class='ocrx_word' id='word_1_396' title='bbox 1975 2306 2131 2373; x_wconf 82' lang='lat' dir='ltr'><strong>Nota,</strong></span> <span class='ocrx_word' id='word_1_397' title='bbox 2191 2310 2335 2379; x_wconf 88' lang='lat' dir='ltr'><strong>quod</strong></span> <span class='ocrx_word' id='word_1_398' title='bbox 2400 2311 2683 2366; x_wconf 74' lang='lat' dir='ltr'><strong>Samaritre</strong></span> <span class='ocrx_word' id='word_1_399' title='bbox 2762 2312 3077 2366; x_wconf 77' lang='lat' dir='ltr'><strong>orthodoxis</strong></span> <span class='ocrx_word' id='word_1_400' title='bbox 3146 2310 3454 2365; x_wconf 83' lang='lat' dir='ltr'><strong>haeredibns</strong></span> 
     </span>
    </p>
   </div>
   <div class='ocr_carea' id='block_1_65' title="bbox 1860 2394 3452 2471">
    <p class='ocr_par' dir='ltr' id='par_1_65' title="bbox 1860 2394 3452 2471">
     <span class='ocr_line' id='line_1_65' title="bbox 1860 2394 3452 2471; baseline 0.001 -20"><span class='ocrx_word' id='word_1_401' title='bbox 1860 2394 1865 2397; x_wconf 68' lang='grc'>’</span> <span class='ocrx_word' id='word_1_402' title='bbox 1907 2399 2094 2452; x_wconf 86' lang='lat' dir='ltr'><strong>relicta</strong></span> <span class='ocrx_word' id='word_1_403' title='bbox 2130 2410 2280 2467; x_wconf 87' lang='lat' dir='ltr'><strong>parte</strong></span> <span class='ocrx_word' id='word_1_404' title='bbox 2318 2402 2495 2466; x_wconf 86' lang='lat' dir='ltr'><strong>tertia,</strong></span> <span class='ocrx_word' id='word_1_405' title='bbox 2525 2417 2642 2470; x_wconf 75' lang='lat' dir='ltr'><strong>quae</strong></span> <span class='ocrx_word' id='word_1_406' title='bbox 2675 2402 2809 2471; x_wconf 82' lang='lat' dir='ltr'><strong>ipsis</strong></span> <span class='ocrx_word' id='word_1_407' title='bbox 2842 2419 2904 2458; x_wconf 80' lang='lat' dir='ltr'><strong>ex</strong></span> <span class='ocrx_word' id='word_1_408' title='bbox 2941 2411 3262 2457; x_wconf 84' lang='lat' dir='ltr'><strong>testamento</strong></span> <span class='ocrx_word' id='word_1_409' title='bbox 3306 2418 3452 2455; x_wconf 86' lang='lat' dir='ltr'><strong>com-</strong></span> 
     </span>
    </p>
   </div>
   <div class='ocr_carea' id='block_1_66' title="bbox 1909 2488 3455 2561">
    <p class='ocr_par' dir='ltr' id='par_1_66' title="bbox 1909 2488 3455 2561">
     <span class='ocr_line' id='line_1_66' title="bbox 1909 2488 3455 2561; baseline 0 -20"><span class='ocrx_word' id='word_1_410' title='bbox 1909 2488 2063 2556; x_wconf 86' lang='lat' dir='ltr'><strong>petit,</strong></span> <span class='ocrx_word' id='word_1_411' title='bbox 2098 2490 2257 2541; x_wconf 90' lang='lat' dir='ltr'><strong>etiam</strong></span> <span class='ocrx_word' id='word_1_412' title='bbox 2291 2489 2463 2557; x_wconf 78' lang='lat' dir='ltr'><strong>legata</strong></span> <span class='ocrx_word' id='word_1_413' title='bbox 2499 2492 2825 2547; x_wconf 85' lang='lat' dir='ltr'><strong>Christianis</strong></span> <span class='ocrx_word' id='word_1_414' title='bbox 2871 2492 2999 2547; x_wconf 89' lang='lat' dir='ltr'><strong>dare</strong></span> <span class='ocrx_word' id='word_1_415' title='bbox 3032 2499 3296 2561; x_wconf 86' lang='lat' dir='ltr'><strong>possunt,</strong></span> <span class='ocrx_word' id='word_1_416' title='bbox 3336 2491 3455 2542; x_wconf 88' lang='lat' dir='ltr'><strong>nui-</strong></span> 
     </span>
    </p>
   </div>
   <div class='ocr_carea' id='block_1_67' title="bbox 1908 2578 3453 2650">
    <p class='ocr_par' dir='ltr' id='par_1_67' title="bbox 1908 2578 3453 2650">
     <span class='ocr_line' id='line_1_67' title="bbox 1908 2578 3453 2650; baseline 0.003 -21"><span class='ocrx_word' id='word_1_417' title='bbox 1908 2578 2009 2629; x_wconf 88' lang='lat' dir='ltr'><strong>lam</strong></span> <span class='ocrx_word' id='word_1_418' title='bbox 2043 2590 2225 2645; x_wconf 88' lang='lat' dir='ltr'><strong>postea</strong></span> <span class='ocrx_word' id='word_1_419' title='bbox 2258 2578 2565 2635; x_wconf 68' lang='lat' dir='ltr'><strong>facilitatem</strong></span> <span class='ocrx_word' id='word_1_420' title='bbox 2602 2582 2830 2636; x_wconf 88' lang='lat' dir='ltr'><strong>habente</strong></span> <span class='ocrx_word' id='word_1_421' title='bbox 2860 2583 3019 2646; x_wconf 85' lang='lat' dir='ltr'><strong>lisco,</strong></span> <span class='ocrx_word' id='word_1_422' title='bbox 3060 2582 3351 2650; x_wconf 82' lang='lat' dir='ltr'><strong>quidquam</strong></span> <span class='ocrx_word' id='word_1_423' title='bbox 3388 2596 3453 2634; x_wconf 76' lang='lat' dir='ltr'><strong>ex</strong></span> 
     </span>
    </p>
   </div>
   <div class='ocr_carea' id='block_1_68' title="bbox 1907 2657 3454 2738">
    <p class='ocr_par' dir='ltr' id='par_1_68' title="bbox 1907 2657 3454 2738">
     <span class='ocr_line' id='line_1_68' title="bbox 1907 2657 3454 2738; baseline 0.005 -24"><span class='ocrx_word' id='word_1_424' title='bbox 1907 2667 2144 2732; x_wconf 88' lang='lat' dir='ltr'><strong>ipsorum</strong></span> <span class='ocrx_word' id='word_1_425' title='bbox 2186 2669 2513 2734; x_wconf 80' lang='lat' dir='ltr'><strong>patrimonio</strong></span> <span class='ocrx_word' id='word_1_426' title='bbox 2557 2657 2879 2738; x_wconf 82' lang='lat' dir='ltr'><strong>accipiendi.</strong></span> <span class='ocrx_word' id='word_1_427' title='bbox 2922 2685 3044 2723; x_wconf 89' lang='lat' dir='ltr'><strong>cum</strong></span> <span class='ocrx_word' id='word_1_428' title='bbox 3087 2685 3322 2738; x_wconf 72' lang='lat' dir='ltr'><strong>praesens</strong></span> <span class='ocrx_word' id='word_1_429' title='bbox 3354 2670 3454 2722; x_wconf 88' lang='lat' dir='ltr'><strong>ista</strong></span> 
     </span>
    </p>
   </div>
   <div class='ocr_carea' id='block_1_69' title="bbox 1906 2756 3451 2831">
    <p class='ocr_par' dir='ltr' id='par_1_69' title="bbox 1906 2756 3451 2831">
     <span class='ocr_line' id='line_1_69' title="bbox 1906 2756 3451 2831; baseline 0.006 -26"><span class='ocrx_word' id='word_1_430' title='bbox 1906 2756 2223 2810; x_wconf 81' lang='lat' dir='ltr'><strong>constitutio</strong></span> <span class='ocrx_word' id='word_1_431' title='bbox 2255 2758 2422 2826; x_wconf 77' lang='lat' dir='ltr'><strong>legem</strong></span> <span class='ocrx_word' id='word_1_432' title='bbox 2448 2767 2572 2814; x_wconf 88' lang='lat' dir='ltr'><strong>ante</strong></span> <span class='ocrx_word' id='word_1_433' title='bbox 2621 2761 2760 2814; x_wconf 86' lang='lat' dir='ltr'><strong>hanc</strong></span> <span class='ocrx_word' id='word_1_434' title='bbox 2795 2761 3186 2831; x_wconf 80' lang='lat' dir='ltr'><strong>promulgatam</strong></span> <span class='ocrx_word' id='word_1_435' title='bbox 3220 2762 3451 2814; x_wconf 76' lang='lat' dir='ltr'><strong>abolent.</strong></span> 
     </span>
    </p>
   </div>
   <div class='ocr_carea' id='block_1_70' title="bbox 1979 2916 3455 3007">
    <p class='ocr_par' dir='ltr' id='par_1_70' title="bbox 1979 2916 3455 3007">
     <span class='ocr_line' id='line_1_70' title="bbox 1979 2916 3455 3007; baseline 0.009 -28"><span class='ocrx_word' id='word_1_436' title='bbox 1979 2927 2191 2983; x_wconf 83' lang='lat' dir='ltr'><strong>Dat.....</strong></span> <span class='ocrx_word' id='word_1_437' title='bbox 2223 2929 2746 2999; x_wconf 74' lang='lat' dir='ltr'><strong>imperiiJnstiniani</strong></span> <span class='ocrx_word' id='word_1_438' title='bbox 2785 2950 2929 2990; x_wconf 86' lang='lat' dir='ltr'><strong>anno</strong></span> <span class='ocrx_word' id='word_1_439' title='bbox 2962 2916 3219 2991; x_wconf 78' lang='lat' dir='ltr'><strong>vicesimo</strong></span> <span class='ocrx_word' id='word_1_440' title='bbox 3264 2936 3455 3007; x_wconf 85' lang='lat' dir='ltr'><strong>quitth</strong></span> 
     </span>
    </p>
   </div>
   <div class='ocr_carea' id='block_1_71' title="bbox 1909 3021 2691 3083">
    <p class='ocr_par' dir='ltr' id='par_1_71' title="bbox 1909 3021 2691 3083">
     <span class='ocr_line' id='line_1_71' title="bbox 1909 3021 2691 3083; baseline 0.014 -17"><span class='ocrx_word' id='word_1_441' title='bbox 1909 3030 2026 3083; x_wconf 83' lang='lat' dir='ltr'><strong>post</strong></span> <span class='ocrx_word' id='word_1_442' title='bbox 2065 3021 2407 3074; x_wconf 79' lang='lat' dir='ltr'><strong>consulatum</strong></span> <span class='ocrx_word' id='word_1_443' title='bbox 2442 3024 2691 3077; x_wconf 78' lang='lat' dir='ltr'><strong>Basilii...</strong></span> 
     </span>
    </p>
   </div>
   <div class='ocr_carea' id='block_1_72' title="bbox 1826 3126 3416 3212">
    <p class='ocr_par' dir='ltr' id='par_1_72' title="bbox 1826 3126 3416 3212">
     <span class='ocr_line' id='line_1_72' title="bbox 1826 3126 3416 3212; baseline 0.011 -36"><span class='ocrx_word' id='word_1_444' title='bbox 1826 3154 1870 3212; x_wconf 58' lang='grc' dir='ltr'><strong>η</strong></span> <span class='ocrx_word' id='word_1_445' title='bbox 1939 3126 2019 3180; x_wconf 81' lang='lat' dir='ltr'><strong>ill.</strong></span> <span class='ocrx_word' id='word_1_446' title='bbox 2070 3128 2141 3181; x_wconf 83' lang='lat' dir='ltr'><strong>De</strong></span> <span class='ocrx_word' id='word_1_447' title='bbox 2191 3129 2492 3212; x_wconf 68' lang='lat' dir='ltr'><strong>Samaritis.</strong></span> <span class='ocrx_word' id='word_1_448' title='bbox 2525 3151 2642 3202; x_wconf 75' lang='lat' dir='ltr'><strong>qua:</strong></span> <span class='ocrx_word' id='word_1_449' title='bbox 2669 3138 3089 3212; x_wconf 68' lang='lat' dir='ltr'><strong>constitutionem</strong></span> <span class='ocrx_word' id='word_1_450' title='bbox 3130 3150 3250 3195; x_wconf 82' lang='lat' dir='ltr'><strong>ante</strong></span> <span class='ocrx_word' id='word_1_451' title='bbox 3279 3140 3416 3194; x_wconf 80' lang='lat' dir='ltr'><strong>hanc</strong></span> 
     </span>
    </p>
   </div>
   <div class='ocr_carea' id='block_1_73' title="bbox 2457 3202 2889 3274">
    <p class='ocr_par' dir='ltr' id='par_1_73' title="bbox 2457 3202 2889 3274">
     <span class='ocr_line' id='line_1_73' title="bbox 2457 3202 2889 3274; baseline 0.009 -21"><span class='ocrx_word' id='word_1_452' title='bbox 2457 3202 2618 3255; x_wconf 79' lang='lat' dir='ltr'><strong>latam</strong></span> <span class='ocrx_word' id='word_1_453' title='bbox 2648 3207 2889 3274; x_wconf 79' lang='lat' dir='ltr'><strong>abrogat.</strong></span> 
     </span>
    </p>
   </div>
   <div class='ocr_carea' id='block_1_74' title="bbox 1907 3288 3451 3364">
    <p class='ocr_par' dir='ltr' id='par_1_74' title="bbox 1907 3288 3451 3364">
     <span class='ocr_line' id='line_1_74' title="bbox 1907 3288 3451 3364; baseline 0.01 -25"><span class='ocrx_word' id='word_1_454' title='bbox 1907 3288 2038 3356; x_wconf 84' lang='lat' dir='ltr'><strong>Imp.</strong></span> <span class='ocrx_word' id='word_1_455' title='bbox 2072 3291 2273 3345; x_wconf 77' lang='lat' dir='ltr'><strong>lustin.</strong></span> <span class='ocrx_word' id='word_1_456' title='bbox 2308 3292 2546 3346; x_wconf 83' lang='lat' dir='ltr'><strong>Diomedi</strong></span> <span class='ocrx_word' id='word_1_457' title='bbox 2582 3294 2639 3349; x_wconf 78' lang='grc' dir='ltr'><strong>Ρ.</strong></span> <span class='ocrx_word' id='word_1_458' title='bbox 2676 3295 2739 3350; x_wconf 76' lang='grc'><strong>1³.</strong></span> <span class='ocrx_word' id='word_1_459' title='bbox 2790 3296 3017 3364; x_wconf 82' lang='lat' dir='ltr'><strong>Impiam</strong></span> <span class='ocrx_word' id='word_1_460' title='bbox 3061 3297 3451 3354; x_wconf 77' lang='lat' dir='ltr'><strong>Samaritarum</strong></span> 
     </span>
    </p>
   </div>
   <div class='ocr_carea' id='block_1_75' title="bbox 2030 3379 3318 3453">
    <p class='ocr_par' dir='ltr' id='par_1_75' title="bbox 2030 3379 3318 3453">
     <span class='ocr_line' id='line_1_75' title="bbox 2030 3379 3318 3453; baseline 0.017 -28"><span class='ocrx_word' id='word_1_461' title='bbox 2030 3379 2289 3443; x_wconf 71' lang='lat' dir='ltr'><strong>Im&#39;resim,</strong></span> <span class='ocrx_word' id='word_1_462' title='bbox 2324 3392 2372 3434; x_wconf 85' lang='lat' dir='ltr'><strong>et</strong></span> <span class='ocrx_word' id='word_1_463' title='bbox 2404 3384 2682 3437; x_wconf 82' lang='lat' dir='ltr'><strong>absurdam</strong></span> <span class='ocrx_word' id='word_1_464' title='bbox 2712 3389 2996 3453; x_wconf 81' lang='lat' dir='ltr'><strong>vesaniam,</strong></span> <span class='ocrx_word' id='word_1_465' title='bbox 3026 3400 3075 3442; x_wconf 87' lang='lat' dir='ltr'><strong>et</strong></span> <span class='ocrx_word' id='word_1_466' title='bbox 3108 3401 3318 3447; x_wconf 63' lang='lat' dir='ltr'><strong>caetera.</strong></span> 
     </span>
    </p>
   </div>
   <div class='ocr_carea' id='block_1_76' title="bbox 1972 3554 3449 3632">
    <p class='ocr_par' dir='ltr' id='par_1_76' title="bbox 1972 3554 3449 3632">
     <span class='ocr_line' id='line_1_76' title="bbox 1972 3554 3449 3632; baseline 0.016 -27"><span class='ocrx_word' id='word_1_467' title='bbox 1972 3554 2093 3608; x_wconf 74' lang='lat' dir='ltr'><strong>llmc</strong></span> <span class='ocrx_word' id='word_1_468' title='bbox 2131 3559 2445 3612; x_wconf 71' lang='lat' dir='ltr'><strong>conStitut‘o</strong></span> <span class='ocrx_word' id='word_1_469' title='bbox 2478 3564 2769 3616; x_wconf 78' lang='lat' dir='ltr'><strong>secundam</strong></span> <span class='ocrx_word' id='word_1_470' title='bbox 2808 3564 2970 3632; x_wconf 84' lang='lat' dir='ltr'><strong>hujus</strong></span> <span class='ocrx_word' id='word_1_471' title='bbox 3002 3569 3144 3621; x_wconf 91' lang='lat' dir='ltr'><strong>tituli</strong></span> <span class='ocrx_word' id='word_1_472' title='bbox 3178 3574 3449 3627; x_wconf 81' lang='lat' dir='ltr'><strong>constitu-</strong></span> 
     </span>
    </p>
   </div>
   <div class='ocr_carea' id='block_1_77' title="bbox 1900 3643 3446 3717">
    <p class='ocr_par' dir='ltr' id='par_1_77' title="bbox 1900 3643 3446 3717">
     <span class='ocr_line' id='line_1_77' title="bbox 1900 3643 3446 3717; baseline 0.014 -24"><span class='ocrx_word' id='word_1_473' title='bbox 1900 3643 2097 3696; x_wconf 81' lang='lat' dir='ltr'><strong>tionem</strong></span> <span class='ocrx_word' id='word_1_474' title='bbox 2140 3646 2336 3708; x_wconf 88' lang='lat' dir='ltr'><strong>aholet,</strong></span> <span class='ocrx_word' id='word_1_475' title='bbox 2390 3661 2451 3700; x_wconf 89' lang='lat' dir='ltr'><strong>ac</strong></span> <span class='ocrx_word' id='word_1_476' title='bbox 2504 3649 2745 3717; x_wconf 69' lang='lat' dir='ltr'><strong>prmcipit</strong></span> <span class='ocrx_word' id='word_1_477' title='bbox 2800 3662 2858 3705; x_wconf 90' lang='lat' dir='ltr'><strong>ut</strong></span> <span class='ocrx_word' id='word_1_478' title='bbox 2911 3654 3192 3710; x_wconf 48' lang='lat' dir='ltr'><strong>Samarites</strong></span> <span class='ocrx_word' id='word_1_479' title='bbox 3246 3662 3446 3716; x_wconf 89' lang='lat' dir='ltr'><strong>nullam</strong></span> 
     </span>
    </p>
   </div>
   <div class='ocr_carea' id='block_1_78' title="bbox 1900 3734 3445 3809">
    <p class='ocr_par' dir='ltr' id='par_1_78' title="bbox 1900 3734 3445 3809">
     <span class='ocr_line' id='line_1_78' title="bbox 1900 3734 3445 3809; baseline 0.013 -24"><span class='ocrx_word' id='word_1_480' title='bbox 1900 3734 2259 3787; x_wconf 77' lang='lat' dir='ltr'><strong>hrcreditatem</strong></span> <span class='ocrx_word' id='word_1_481' title='bbox 2316 3737 2509 3789; x_wconf 79' lang='lat' dir='ltr'><strong>adeant</strong></span> <span class='ocrx_word' id='word_1_482' title='bbox 2561 3755 2624 3792; x_wconf 78' lang='lat' dir='ltr'><strong>cx</strong></span> <span class='ocrx_word' id='word_1_483' title='bbox 2674 3750 3026 3809; x_wconf 86' lang='lat' dir='ltr'><strong>testamento,</strong></span> <span class='ocrx_word' id='word_1_484' title='bbox 3081 3748 3161 3799; x_wconf 81' lang='lat' dir='ltr'><strong>vel</strong></span> <span class='ocrx_word' id='word_1_485' title='bbox 3207 3750 3273 3803; x_wconf 92' lang='lat' dir='ltr'><strong>ab</strong></span> <span class='ocrx_word' id='word_1_486' title='bbox 3310 3752 3445 3805; x_wconf 44' lang='lat' dir='ltr'><strong>inte.</strong></span> 
     </span>
    </p>
   </div>
   <div class='ocr_carea' id='block_1_79' title="bbox 1898 3824 3446 3895">
    <p class='ocr_par' dir='ltr' id='par_1_79' title="bbox 1898 3824 3446 3895">
     <span class='ocr_line' id='line_1_79' title="bbox 1898 3824 3446 3895; baseline 0.013 -22"><span class='ocrx_word' id='word_1_487' title='bbox 1898 3828 2058 3879; x_wconf 77' lang='lat' dir='ltr'><strong>stato.</strong></span> <span class='ocrx_word' id='word_1_488' title='bbox 2100 3838 2270 3889; x_wconf 84' lang='lat' dir='ltr'><strong>neque</strong></span> <span class='ocrx_word' id='word_1_489' title='bbox 2312 3824 2482 3892; x_wconf 78' lang='lat' dir='ltr'><strong>legata</strong></span> <span class='ocrx_word' id='word_1_490' title='bbox 2536 3829 2788 3895; x_wconf 87' lang='lat' dir='ltr'><strong>capiant,</strong></span> <span class='ocrx_word' id='word_1_491' title='bbox 2847 3833 3078 3888; x_wconf 84' lang='lat' dir='ltr'><strong>ullamve</strong></span> <span class='ocrx_word' id='word_1_492' title='bbox 3128 3851 3238 3889; x_wconf 87' lang='lat' dir='ltr'><strong>rem</strong></span> <span class='ocrx_word' id='word_1_493' title='bbox 3288 3839 3446 3893; x_wconf 89' lang='lat' dir='ltr'><strong>titulo</strong></span> 
     </span>
    </p>
   </div>
   <div class='ocr_carea' id='block_1_80' title="bbox 1895 3910 3442 3983">
    <p class='ocr_par' dir='ltr' id='par_1_80' title="bbox 1895 3910 3442 3983">
     <span class='ocr_line' id='line_1_80' title="bbox 1895 3910 3442 3983; baseline 0.014 -21"><span class='ocrx_word' id='word_1_494' title='bbox 1895 3910 2200 3965; x_wconf 78' lang='lat' dir='ltr'><strong>donationis</strong></span> <span class='ocrx_word' id='word_1_495' title='bbox 2248 3924 2667 3982; x_wconf 86' lang='lat' dir='ltr'><strong>consequantur.</strong></span> <span class='ocrx_word' id='word_1_496' title='bbox 2723 3918 2984 3975; x_wconf 62' lang='lat' dir='ltr'><strong>Praeterea</strong></span> <span class='ocrx_word' id='word_1_497' title='bbox 3045 3940 3141 3979; x_wconf 89' lang='lat' dir='ltr'><strong>nec</strong></span> <span class='ocrx_word' id='word_1_498' title='bbox 3191 3927 3258 3981; x_wconf 91' lang='lat' dir='ltr'><strong>ab</strong></span> <span class='ocrx_word' id='word_1_499' title='bbox 3306 3930 3442 3983; x_wconf 85' lang='lat' dir='ltr'><strong>inte-</strong></span> 
     </span>
    </p>
   </div>
   <div class='ocr_carea' id='block_1_81' title="bbox 1894 4005 3442 4084">
    <p class='ocr_par' dir='ltr' id='par_1_81' title="bbox 1894 4005 3442 4084">
     <span class='ocr_line' id='line_1_81' title="bbox 1894 4005 3442 4084; baseline 0.015 -32"><span class='ocrx_word' id='word_1_500' title='bbox 1894 4007 2035 4052; x_wconf 85' lang='lat' dir='ltr'><strong>stato</strong></span> <span class='ocrx_word' id='word_1_501' title='bbox 2069 4012 2327 4055; x_wconf 77' lang='lat' dir='ltr'><strong>vocentur</strong></span> <span class='ocrx_word' id='word_1_502' title='bbox 2366 4005 2429 4057; x_wconf 86' lang='lat' dir='ltr'><strong>ad</strong></span> <span class='ocrx_word' id='word_1_503' title='bbox 2460 4021 2645 4060; x_wconf 81' lang='lat' dir='ltr'><strong>eorum</strong></span> <span class='ocrx_word' id='word_1_504' title='bbox 2677 4014 3077 4068; x_wconf 89' lang='lat' dir='ltr'><strong>successionem</strong></span> <span class='ocrx_word' id='word_1_505' title='bbox 3116 4016 3396 4075; x_wconf 70' lang='lat' dir='ltr'><strong>Samarita:</strong></span> <span class='ocrx_word' id='word_1_506' title='bbox 3425 4057 3442 4084; x_wconf 83' lang='lat'><strong>,</strong></span> 
     </span>
    </p>
   </div>
   <div class='ocr_carea' id='block_1_82' title="bbox 1896 4090 3441 4172">
    <p class='ocr_par' dir='ltr' id='par_1_82' title="bbox 1896 4090 3441 4172">
     <span class='ocr_line' id='line_1_82' title="bbox 1896 4090 3441 4172; baseline 0.017 -33"><span class='ocrx_word' id='word_1_507' title='bbox 1896 4090 1972 4140; x_wconf 76' lang='lat' dir='ltr'><strong>rel</strong></span> <span class='ocrx_word' id='word_1_508' title='bbox 1998 4091 2220 4144; x_wconf 88' lang='lat' dir='ltr'><strong>omnino</strong></span> <span class='ocrx_word' id='word_1_509' title='bbox 2266 4091 2535 4159; x_wconf 70' lang='lat' dir='ltr'><strong>hmrctici;</strong></span> <span class='ocrx_word' id='word_1_510' title='bbox 2578 4111 2644 4149; x_wconf 88' lang='lat' dir='ltr'><strong>ne</strong></span> <span class='ocrx_word' id='word_1_511' title='bbox 2684 4099 2900 4167; x_wconf 81' lang='lat' dir='ltr'><strong>quidem</strong></span> <span class='ocrx_word' id='word_1_512' title='bbox 2932 4104 2975 4156; x_wconf 89' lang='lat' dir='ltr'><strong>si</strong></span> <span class='ocrx_word' id='word_1_513' title='bbox 3016 4121 3121 4172; x_wconf 71' lang='grc' dir='ltr'><strong>[περ</strong></span> <span class='ocrx_word' id='word_1_514' title='bbox 3166 4122 3222 4161; x_wconf 84' lang='lat' dir='ltr'><strong>se</strong></span> <span class='ocrx_word' id='word_1_515' title='bbox 3266 4109 3441 4166; x_wconf 75' lang='lat' dir='ltr'><strong>ferant</strong></span> 
     </span>
    </p>
   </div>
   <div class='ocr_carea' id='block_1_83' title="bbox 1893 4183 3438 4263">
    <p class='ocr_par' dir='ltr' id='par_1_83' title="bbox 1893 4183 3438 4263">
     <span class='ocr_line' id='line_1_83' title="bbox 1893 4183 3438 4263; baseline 0.016 -32"><span class='ocrx_word' id='word_1_516' title='bbox 1893 4188 2092 4233; x_wconf 72' lang='lat' dir='ltr'><strong>rectam</strong></span> <span class='ocrx_word' id='word_1_517' title='bbox 2138 4196 2197 4235; x_wconf 90' lang='lat' dir='ltr'><strong>se</strong></span> <span class='ocrx_word' id='word_1_518' title='bbox 2245 4183 2674 4240; x_wconf 83' lang='lat' dir='ltr'><strong>Christianorum</strong></span> <span class='ocrx_word' id='word_1_519' title='bbox 2742 4191 2900 4246; x_wconf 81' lang='lat' dir='ltr'><strong>iidem</strong></span> <span class='ocrx_word' id='word_1_520' title='bbox 2974 4198 3255 4263; x_wconf 83' lang='lat' dir='ltr'><strong>amplecti,</strong></span> <span class='ocrx_word' id='word_1_521' title='bbox 3313 4216 3438 4257; x_wconf 86' lang='lat' dir='ltr'><strong>cum</strong></span> 
     </span>
    </p>
   </div>
   <div class='ocr_carea' id='block_1_84' title="bbox 1893 4274 3438 4346">
    <p class='ocr_par' dir='ltr' id='par_1_84' title="bbox 1893 4274 3438 4346">
     <span class='ocr_line' id='line_1_84' title="bbox 1893 4274 3438 4346; baseline 0.018 -27"><span class='ocrx_word' id='word_1_522' title='bbox 1893 4284 2081 4337; x_wconf 82' lang='lat' dir='ltr'><strong>reapse</strong></span> <span class='ocrx_word' id='word_1_523' title='bbox 2130 4287 2233 4324; x_wconf 86' lang='lat' dir='ltr'><strong>non</strong></span> <span class='ocrx_word' id='word_1_524' title='bbox 2267 4274 2338 4326; x_wconf 90' lang='lat' dir='ltr'><strong>ita</strong></span> <span class='ocrx_word' id='word_1_525' title='bbox 2376 4276 2631 4330; x_wconf 87' lang='lat' dir='ltr'><strong>sentiant.</strong></span> <span class='ocrx_word' id='word_1_526' title='bbox 2680 4278 2790 4335; x_wconf 88' lang='lat' dir='ltr'><strong>Nec</strong></span> <span class='ocrx_word' id='word_1_527' title='bbox 2835 4283 2962 4337; x_wconf 89' lang='lat' dir='ltr'><strong>item</strong></span> <span class='ocrx_word' id='word_1_528' title='bbox 3011 4288 3131 4341; x_wconf 92' lang='lat' dir='ltr'><strong>illos</strong></span> <span class='ocrx_word' id='word_1_529' title='bbox 3174 4289 3227 4342; x_wconf 91' lang='lat' dir='ltr'><strong>in</strong></span> <span class='ocrx_word' id='word_1_530' title='bbox 3277 4300 3438 4346; x_wconf 80' lang='lat' dir='ltr'><strong>testa-</strong></span> 
     </span>
    </p>
   </div>
   <div class='ocr_carea' id='block_1_85' title="bbox 1893 4358 3435 4449">
    <p class='ocr_par' dir='ltr' id='par_1_85' title="bbox 1893 4358 3435 4449">
     <span class='ocr_line' id='line_1_85' title="bbox 1893 4358 3435 4449; baseline 0.018 -43"><span class='ocrx_word' id='word_1_531' title='bbox 1893 4366 2073 4410; x_wconf 86' lang='lat' dir='ltr'><strong>mento</strong></span> <span class='ocrx_word' id='word_1_532' title='bbox 2127 4358 2364 4415; x_wconf 72' lang='lat' dir='ltr'><strong>haeredes</strong></span> <span class='ocrx_word' id='word_1_533' title='bbox 2412 4362 2715 4429; x_wconf 83' lang='lat' dir='ltr'><strong>instituant,</strong></span> <span class='ocrx_word' id='word_1_534' title='bbox 2754 4370 2835 4423; x_wconf 82' lang='lat' dir='ltr'><strong>vel</strong></span> <span class='ocrx_word' id='word_1_535' title='bbox 2889 4372 3058 4441; x_wconf 76' lang='lat' dir='ltr'><strong>legata</strong></span> <span class='ocrx_word' id='word_1_536' title='bbox 3106 4378 3435 4449; x_wconf 87' lang='lat' dir='ltr'><strong>relinquant,</strong></span> 
     </span>
    </p>
   </div>
   <div class='ocr_carea' id='block_1_86' title="bbox 242 4436 1796 4535">
    <p class='ocr_par' dir='ltr' id='par_1_86' title="bbox 242 4436 1786 4506">
     <span class='ocr_line' id='line_1_86' title="bbox 242 4436 1786 4506; baseline 0.005 -18"><span class='ocrx_word' id='word_1_537' title='bbox 242 4436 554 4501; x_wconf 78' lang='grc' dir='ltr'><strong>δωρεῖσθαι,</strong></span> <span class='ocrx_word' id='word_1_538' title='bbox 592 4437 729 4500; x_wconf 82' lang='grc' dir='ltr'><strong>πλὴν</strong></span> <span class='ocrx_word' id='word_1_539' title='bbox 781 4438 828 4487; x_wconf 85' lang='grc' dir='ltr'><strong>εί</strong></span> <span class='ocrx_word' id='word_1_540' title='bbox 881 4438 954 4505; x_wconf 82' lang='grc' dir='ltr'><strong>μὴ</strong></span> <span class='ocrx_word' id='word_1_541' title='bbox 1003 4438 1270 4506; x_wconf 69' lang='grc' dir='ltr'><strong>ὀρθόδιξοι</strong></span> <span class='ocrx_word' id='word_1_542' title='bbox 1311 4436 1419 4493; x_wconf 77' lang='grc' dir='ltr'><strong>εἷεν</strong></span> <span class='ocrx_word' id='word_1_543' title='bbox 1468 4443 1561 4494; x_wconf 69' lang='grc' dir='ltr'><strong>καὶ</strong></span> <span class='ocrx_word' id='word_1_544' title='bbox 1609 4444 1786 4496; x_wconf 85' lang='grc' dir='ltr'><strong>πίστει</strong></span> 
     </span>
    </p>
   </div>
   <div class='ocr_carea' id='block_1_87' title="bbox 1893 4436 3438 4535">
    <p class='ocr_par' dir='ltr' id='par_1_87' title="bbox 1893 4436 3438 4535">
     <span class='ocr_line' id='line_1_87' title="bbox 1893 4436 3438 4535; baseline 0.019 -39"><span class='ocrx_word' id='word_1_545' title='bbox 1893 4445 1973 4498; x_wconf 83' lang='lat' dir='ltr'><strong>vel</strong></span> <span class='ocrx_word' id='word_1_546' title='bbox 2023 4445 2258 4514; x_wconf 84' lang='lat' dir='ltr'><strong>donent;</strong></span> <span class='ocrx_word' id='word_1_547' title='bbox 2302 4459 2613 4520; x_wconf 82' lang='lat' dir='ltr'><strong>extraquam</strong></span> <span class='ocrx_word' id='word_1_548' title='bbox 2666 4458 2710 4511; x_wconf 91' lang='lat' dir='ltr'><strong>si</strong></span> <span class='ocrx_word' id='word_1_549' title='bbox 2751 4466 2855 4511; x_wconf 87' lang='lat' dir='ltr'><strong>tam</strong></span> <span class='ocrx_word' id='word_1_550' title='bbox 2897 4436 3017 4523; x_wconf 75' lang='lat' dir='ltr'><strong>fide,</strong></span> <span class='ocrx_word' id='word_1_551' title='bbox 3072 4481 3230 4535; x_wconf 89' lang='lat' dir='ltr'><strong>quam</strong></span> <span class='ocrx_word' id='word_1_552' title='bbox 3261 4436 3438 4527; x_wconf 46' lang='lat' dir='ltr'><strong>.factis</strong></span> 
     </span>
    </p>
   </div>
   <div class='ocr_carea' id='block_1_88' title="bbox 241 4525 1785 4601">
    <p class='ocr_par' dir='ltr' id='par_1_88' title="bbox 241 4525 1785 4601">
     <span class='ocr_line' id='line_1_88' title="bbox 241 4525 1785 4601; baseline 0.006 -25"><span class='ocrx_word' id='word_1_553' title='bbox 241 4527 338 4577; x_wconf 74' lang='grc' dir='ltr'><strong>καὶ</strong></span> <span class='ocrx_word' id='word_1_554' title='bbox 369 4525 551 4592; x_wconf 83' lang='grc' dir='ltr'><strong>ἔργοις</strong></span> <span class='ocrx_word' id='word_1_555' title='bbox 577 4527 624 4576; x_wconf 78' lang='lat' dir='ltr'><strong>oi</strong></span> <span class='ocrx_word' id='word_1_556' title='bbox 648 4526 820 4577; x_wconf 82' lang='grc' dir='ltr'><strong>ταῦτα</strong></span> <span class='ocrx_word' id='word_1_557' title='bbox 848 4527 1159 4595; x_wconf 67' lang='grc' dir='ltr'><strong>ληψόμενοι.</strong></span> <span class='ocrx_word' id='word_1_558' title='bbox 1215 4531 1275 4581; x_wconf 73' lang='lat' dir='ltr'><strong>Ei</strong></span> <span class='ocrx_word' id='word_1_559' title='bbox 1308 4532 1413 4599; x_wconf 70' lang='grc' dir='ltr'><strong>γὰρ</strong></span> <span class='ocrx_word' id='word_1_560' title='bbox 1448 4534 1635 4601; x_wconf 72' lang='grc' dir='ltr'><strong>μηδεὶς</strong></span> <span class='ocrx_word' id='word_1_561' title='bbox 1663 4534 1785 4586; x_wconf 85' lang='grc' dir='ltr'><strong>τού-</strong></span> 
     </span>
    </p>
   </div>
   <div class='ocr_carea' id='block_1_89' title="bbox 239 4612 1786 4689">
    <p class='ocr_par' dir='ltr' id='par_1_89' title="bbox 239 4612 1786 4689">
     <span class='ocr_line' id='line_1_89' title="bbox 239 4612 1786 4689; baseline 0.007 -24"><span class='ocrx_word' id='word_1_562' title='bbox 239 4631 350 4665; x_wconf 78' lang='grc' dir='ltr'><strong>των</strong></span> <span class='ocrx_word' id='word_1_563' title='bbox 374 4612 483 4680; x_wconf 80' lang='grc' dir='ltr'><strong>εἴη,</strong></span> <span class='ocrx_word' id='word_1_564' title='bbox 524 4613 599 4680; x_wconf 80' lang='grc' dir='ltr'><strong>τῷ</strong></span> <span class='ocrx_word' id='word_1_565' title='bbox 633 4616 912 4682; x_wconf 80' lang='grc' dir='ltr'><strong>ίερωτάτῳ</strong></span> <span class='ocrx_word' id='word_1_566' title='bbox 938 4619 1037 4677; x_wconf 80' lang='grc' dir='ltr'><strong>τὰς</strong></span> <span class='ocrx_word' id='word_1_567' title='bbox 1067 4619 1272 4669; x_wconf 88' lang='grc' dir='ltr'><strong>τούτων</strong></span> <span class='ocrx_word' id='word_1_568' title='bbox 1306 4624 1623 4689; x_wconf 82' lang='grc' dir='ltr'><strong>περιουσίας</strong></span> <span class='ocrx_word' id='word_1_569' title='bbox 1646 4626 1786 4689; x_wconf 82' lang='grc' dir='ltr'><strong>μετά</strong></span> 
     </span>
    </p>
   </div>
   <div class='ocr_carea' id='block_1_90' title="bbox 234 4702 1297 4772">
    <p class='ocr_par' dir='ltr' id='par_1_90' title="bbox 234 4702 1297 4772">
     <span class='ocr_line' id='line_1_90' title="bbox 234 4702 1297 4772; baseline 0.007 -19"><span class='ocrx_word' id='word_1_570' title='bbox 234 4702 496 4771; x_wconf 71' lang='grc' dir='ltr'><strong>τελευτὴν</strong></span> <span class='ocrx_word' id='word_1_571' title='bbox 524 4708 823 4771; x_wconf 76' lang='grc' dir='ltr'><strong>προσήκειν</strong></span> <span class='ocrx_word' id='word_1_572' title='bbox 845 4706 1297 4772; x_wconf 82' lang='grc' dir='ltr'><strong>παρακελεύεται.</strong></span> 
     </span>
    </p>
   </div>
   <div class='ocr_carea' id='block_1_91' title="bbox 292 4877 1783 4955">
    <p class='ocr_par' dir='ltr' id='par_1_91' title="bbox 292 4877 1783 4955">
     <span class='ocr_line' id='line_1_91' title="bbox 292 4877 1783 4955; baseline 0.015 -29"><span class='ocrx_word' id='word_1_573' title='bbox 292 4877 621 4945; x_wconf 79' lang='grc' dir='ltr'><strong>Ἐξαιρεῖται</strong></span> <span class='ocrx_word' id='word_1_574' title='bbox 654 4880 708 4930; x_wconf 82' lang='grc' dir='ltr'><strong>δὲ</strong></span> <span class='ocrx_word' id='word_1_575' title='bbox 738 4882 835 4949; x_wconf 80' lang='grc' dir='ltr'><strong>τῆς</strong></span> <span class='ocrx_word' id='word_1_576' title='bbox 864 4883 1073 4945; x_wconf 78' lang='grc' dir='ltr'><strong>οἰκείας</strong></span> <span class='ocrx_word' id='word_1_577' title='bbox 1136 4887 1470 4953; x_wconf 78' lang='grc' dir='ltr'><strong>νομοθεσίας</strong></span> <span class='ocrx_word' id='word_1_578' title='bbox 1527 4894 1654 4955; x_wconf 82' lang='grc' dir='ltr'><strong>τοὺς</strong></span> <span class='ocrx_word' id='word_1_579' title='bbox 1716 4897 1783 4949; x_wconf 86' lang='grc' dir='ltr'><strong>τὰ</strong></span> 
     </span>
    </p>
   </div>
   <div class='ocr_carea' id='block_1_92' title="bbox 236 4964 1782 5047">
    <p class='ocr_par' dir='ltr' id='par_1_92' title="bbox 236 4964 1782 5047">
     <span class='ocr_line' id='line_1_92' title="bbox 236 4964 1782 5047; baseline 0.015 -35"><span class='ocrx_word' id='word_1_580' title='bbox 236 4964 594 5031; x_wconf 72' lang='grc' dir='ltr'><strong>Σαμαρειτῶν</strong></span> <span class='ocrx_word' id='word_1_581' title='bbox 632 4970 1029 5037; x_wconf 66' lang='grc' dir='ltr'><strong>πρεσϐεύοντας</strong></span> <span class='ocrx_word' id='word_1_582' title='bbox 1068 4978 1342 5042; x_wconf 68' lang='grc' dir='ltr'><strong>γεωργοὺς</strong></span> <span class='ocrx_word' id='word_1_583' title='bbox 1399 4981 1534 5047; x_wconf 71' lang='grc' dir='ltr'><strong>πρὸς</strong></span> <span class='ocrx_word' id='word_1_584' title='bbox 1584 4982 1782 5035; x_wconf 83' lang='grc' dir='ltr'><strong>σύστα-</strong></span> 
     </span>
    </p>
   </div>
   <div class='ocr_carea' id='block_1_93' title="bbox 236 5053 1757 5140">
    <p class='ocr_par' dir='ltr' id='par_1_93' title="bbox 236 5053 1757 5140">
     <span class='ocr_line' id='line_1_93' title="bbox 236 5053 1757 5140; baseline 0.016 -38"><span class='ocrx_word' id='word_1_585' title='bbox 236 5071 323 5102; x_wconf 86' lang='grc' dir='ltr'><strong>σιν</strong></span> <span class='ocrx_word' id='word_1_586' title='bbox 368 5053 473 5103; x_wconf 86' lang='grc' dir='ltr'><strong>τῶν</strong></span> <span class='ocrx_word' id='word_1_587' title='bbox 500 5057 627 5121; x_wconf 84' lang='grc' dir='ltr'><strong>παρ’</strong></span> <span class='ocrx_word' id='word_1_588' title='bbox 683 5059 858 5111; x_wconf 80' lang='grc' dir='ltr'><strong>αὐτῶν</strong></span> <span class='ocrx_word' id='word_1_589' title='bbox 916 5067 1337 5132; x_wconf 78' lang='grc' dir='ltr'><strong>γεωργουμένων</strong></span> <span class='ocrx_word' id='word_1_590' title='bbox 1362 5071 1591 5137; x_wconf 74' lang='grc' dir='ltr'><strong>χωρίων,</strong></span> <span class='ocrx_word' id='word_1_591' title='bbox 1654 5090 1757 5140; x_wconf 84' lang='grc' dir='ltr'><strong>συγ</strong></span> 
     </span>
    </p>
   </div>
   <div class='ocr_carea' id='block_1_94' title="bbox 230 5142 1777 5231">
    <p class='ocr_par' dir='ltr' id='par_1_94' title="bbox 230 5142 1777 5231">
     <span class='ocr_line' id='line_1_94' title="bbox 230 5142 1777 5231; baseline 0.017 -40"><span class='ocrx_word' id='word_1_592' title='bbox 230 5142 486 5209; x_wconf 80' lang='grc' dir='ltr'><strong>χωροῦσα</strong></span> <span class='ocrx_word' id='word_1_593' title='bbox 544 5146 769 5209; x_wconf 85' lang='grc' dir='ltr'><strong>τούτοις,</strong></span> <span class='ocrx_word' id='word_1_594' title='bbox 829 5153 1129 5218; x_wconf 82' lang='grc' dir='ltr'><strong>γεωργοῦσι</strong></span> <span class='ocrx_word' id='word_1_595' title='bbox 1204 5159 1384 5223; x_wconf 81' lang='grc' dir='ltr'><strong>μέντοι</strong></span> <span class='ocrx_word' id='word_1_596' title='bbox 1458 5161 1525 5212; x_wconf 76' lang='grc' dir='ltr'><strong>τά</strong></span> <span class='ocrx_word' id='word_1_597' title='bbox 1599 5166 1777 5231; x_wconf 73' lang='grc' dir='ltr'><strong>γήδια,</strong></span> 
     </span>
    </p>
   </div>
   <div class='ocr_carea' id='block_1_95' title="bbox 230 5230 1774 5319">
    <p class='ocr_par' dir='ltr' id='par_1_95' title="bbox 230 5230 1774 5319">
     <span class='ocr_line' id='line_1_95' title="bbox 230 5230 1774 5319; baseline 0.017 -38"><span class='ocrx_word' id='word_1_598' title='bbox 230 5232 330 5281; x_wconf 76' lang='grc' dir='ltr'><strong>καὶ</strong></span> <span class='ocrx_word' id='word_1_599' title='bbox 352 5230 739 5302; x_wconf 79' lang='grc' dir='ltr'><strong>κληρονόμους,</strong></span> <span class='ocrx_word' id='word_1_600' title='bbox 763 5240 855 5289; x_wconf 76' lang='grc' dir='ltr'><strong>καὶ</strong></span> <span class='ocrx_word' id='word_1_601' title='bbox 883 5240 1264 5312; x_wconf 82' lang='grc' dir='ltr'><strong>ληγαταρίους,</strong></span> <span class='ocrx_word' id='word_1_602' title='bbox 1293 5251 1384 5299; x_wconf 75' lang='grc' dir='ltr'><strong>καὶ</strong></span> <span class='ocrx_word' id='word_1_603' title='bbox 1402 5251 1630 5319; x_wconf 76' lang='grc' dir='ltr'><strong>γράφειν</strong></span> <span class='ocrx_word' id='word_1_604' title='bbox 1650 5259 1774 5319; x_wconf 79' lang='grc' dir='ltr'><strong>τοὺς</strong></span> 
     </span>
    </p>
   </div>
   <div class='ocr_carea' id='block_1_96' title="bbox 227 5320 1769 5410">
    <p class='ocr_par' dir='ltr' id='par_1_96' title="bbox 227 5320 1769 5410">
     <span class='ocr_line' id='line_1_96' title="bbox 227 5320 1769 5410; baseline 0.016 -39"><span class='ocrx_word' id='word_1_605' title='bbox 227 5320 412 5371; x_wconf 69' lang='grc' dir='ltr'><strong>αὐτῶν</strong></span> <span class='ocrx_word' id='word_1_606' title='bbox 434 5323 679 5385; x_wconf 79' lang='grc' dir='ltr'><strong>ἀνιόντας</strong></span> <span class='ocrx_word' id='word_1_607' title='bbox 712 5328 805 5378; x_wconf 76' lang='grc' dir='ltr'><strong>καὶ</strong></span> <span class='ocrx_word' id='word_1_608' title='bbox 831 5333 1132 5394; x_wconf 80' lang='grc' dir='ltr'><strong>κατιόντας,</strong></span> <span class='ocrx_word' id='word_1_609' title='bbox 1160 5338 1251 5387; x_wconf 77' lang='grc' dir='ltr'><strong>καὶ</strong></span> <span class='ocrx_word' id='word_1_610' title='bbox 1305 5340 1428 5400; x_wconf 77' lang='grc' dir='ltr'><strong>τοὺς</strong></span> <span class='ocrx_word' id='word_1_611' title='bbox 1473 5342 1769 5410; x_wconf 78' lang='grc' dir='ltr'><strong>ὲκπλαγίου</strong></span> 
     </span>
    </p>
   </div>
   <div class='ocr_carea' id='block_1_97' title="bbox 230 5416 1773 5496">
    <p class='ocr_par' dir='ltr' id='par_1_97' title="bbox 230 5416 1773 5496">
     <span class='ocr_line' id='line_1_97' title="bbox 230 5416 1773 5496; baseline 0.015 -39"><span class='ocrx_word' id='word_1_612' title='bbox 230 5416 543 5473; x_wconf 76' lang='grc' dir='ltr'><strong>συγγενεῖς,</strong></span> <span class='ocrx_word' id='word_1_613' title='bbox 580 5416 681 5466; x_wconf 71' lang='grc' dir='ltr'><strong>κᾶν</strong></span> <span class='ocrx_word' id='word_1_614' title='bbox 714 5417 1047 5488; x_wconf 80' lang='grc' dir='ltr'><strong>Σαμαρεῖταί</strong></span> <span class='ocrx_word' id='word_1_615' title='bbox 1073 5426 1199 5478; x_wconf 82' lang='grc' dir='ltr'><strong>είσι.</strong></span> <span class='ocrx_word' id='word_1_616' title='bbox 1257 5429 1497 5496; x_wconf 78' lang='grc' dir='ltr'><strong>Μηδενὸς</strong></span> <span class='ocrx_word' id='word_1_617' title='bbox 1550 5433 1605 5485; x_wconf 85' lang='grc' dir='ltr'><strong>δὲ</strong></span> <span class='ocrx_word' id='word_1_618' title='bbox 1656 5436 1773 5487; x_wconf 81' lang='grc' dir='ltr'><strong>τού.</strong></span> 
     </span>
    </p>
   </div>
   <div class='ocr_carea' id='block_1_98' title="bbox 226 5499 1769 5587">
    <p class='ocr_par' dir='ltr' id='par_1_98' title="bbox 226 5499 1769 5587">
     <span class='ocr_line' id='line_1_98' title="bbox 226 5499 1769 5587; baseline 0.016 -40"><span class='ocrx_word' id='word_1_619' title='bbox 226 5515 339 5547; x_wconf 82' lang='grc' dir='ltr'><strong>των</strong></span> <span class='ocrx_word' id='word_1_620' title='bbox 374 5499 776 5566; x_wconf 64' lang='grc' dir='ltr'><strong>εἱρισκομένων</strong></span> <span class='ocrx_word' id='word_1_621' title='bbox 834 5507 922 5556; x_wconf 79' lang='grc' dir='ltr'><strong>τὸν</strong></span> <span class='ocrx_word' id='word_1_622' title='bbox 987 5509 1175 5576; x_wconf 86' lang='grc' dir='ltr'><strong>κύριον</strong></span> <span class='ocrx_word' id='word_1_623' title='bbox 1218 5513 1309 5564; x_wconf 89' lang='grc' dir='ltr'><strong>τοῦ</strong></span> <span class='ocrx_word' id='word_1_624' title='bbox 1362 5518 1559 5584; x_wconf 82' lang='grc' dir='ltr'><strong>χωρίου</strong></span> <span class='ocrx_word' id='word_1_625' title='bbox 1610 5522 1667 5571; x_wconf 80' lang='grc' dir='ltr'><strong>ὲν</strong></span> <span class='ocrx_word' id='word_1_626' title='bbox 1729 5516 1769 5587; x_wconf 79' lang='grc' dir='ltr'>ᾧ</span> 
     </span>
    </p>
   </div>
   <div class='ocr_carea' id='block_1_99' title="bbox 224 5581 1769 5668">
    <p class='ocr_par' dir='ltr' id='par_1_99' title="bbox 224 5581 1769 5668">
     <span class='ocr_line' id='line_1_99' title="bbox 224 5581 1769 5668; baseline 0.019 -36"><span class='ocrx_word' id='word_1_627' title='bbox 224 5585 474 5650; x_wconf 79' lang='grc' dir='ltr'><strong>γεωργὸς</strong></span> <span class='ocrx_word' id='word_1_628' title='bbox 502 5581 988 5660; x_wconf 73' lang='grc' dir='ltr'><strong>ἦνότελευτήσας,</strong></span> <span class='ocrx_word' id='word_1_629' title='bbox 1038 5598 1109 5647; x_wconf 80' lang='grc' dir='ltr'><strong>τά</strong></span> <span class='ocrx_word' id='word_1_630' title='bbox 1157 5603 1285 5668; x_wconf 84' lang='grc' dir='ltr'><strong>παρ’</strong></span> <span class='ocrx_word' id='word_1_631' title='bbox 1332 5603 1537 5656; x_wconf 81' lang='grc' dir='ltr'><strong>ἐκείνου</strong></span> <span class='ocrx_word' id='word_1_632' title='bbox 1602 5624 1769 5662; x_wconf 81' lang='grc' dir='ltr'><strong>κατα·</strong></span> 
     </span>
    </p>
   </div>
   <div class='ocr_carea' id='block_1_100' title="bbox 224 5671 1768 5768">
    <p class='ocr_par' dir='ltr' id='par_1_100' title="bbox 224 5671 1768 5768">
     <span class='ocr_line' id='line_1_100' title="bbox 224 5671 1768 5768; baseline 0.018 -47"><span class='ocrx_word' id='word_1_633' title='bbox 224 5671 518 5737; x_wconf 68' lang='grc' dir='ltr'><strong>λειφθέντα</strong></span> <span class='ocrx_word' id='word_1_634' title='bbox 550 5676 868 5741; x_wconf 81' lang='grc' dir='ltr'><strong>κομίζεσθαι</strong></span> <span class='ocrx_word' id='word_1_635' title='bbox 902 5687 1195 5754; x_wconf 78' lang='grc' dir='ltr'><strong>πράγματα</strong></span> <span class='ocrx_word' id='word_1_636' title='bbox 1228 5691 1528 5761; x_wconf 78' lang='grc' dir='ltr'><strong>ἐπιτρέπει,</strong></span> <span class='ocrx_word' id='word_1_637' title='bbox 1565 5703 1654 5749; x_wconf 75' lang='grc' dir='ltr'><strong>καὶ</strong></span> <span class='ocrx_word' id='word_1_638' title='bbox 1679 5700 1768 5768; x_wconf 77' lang='grc' dir='ltr'><strong>τὴν</strong></span> 
     </span>
    </p>
   </div>
   <div class='ocr_carea' id='block_1_101' title="bbox 1890 4534 3435 4627">
    <p class='ocr_par' dir='ltr' id='par_1_101' title="bbox 1890 4534 3435 4627">
     <span class='ocr_line' id='line_1_101' title="bbox 1890 4534 3435 4627; baseline 0.021 -43"><span class='ocrx_word' id='word_1_639' title='bbox 1890 4534 2173 4589; x_wconf 80' lang='lat' dir='ltr'><strong>orthodoxi</strong></span> <span class='ocrx_word' id='word_1_640' title='bbox 2202 4538 2341 4603; x_wconf 88' lang='lat' dir='ltr'><strong>sint,</strong></span> <span class='ocrx_word' id='word_1_641' title='bbox 2375 4543 2465 4609; x_wconf 89' lang='lat' dir='ltr'><strong>qui</strong></span> <span class='ocrx_word' id='word_1_642' title='bbox 2516 4557 2578 4596; x_wconf 83' lang='lat' dir='ltr'><strong>ea</strong></span> <span class='ocrx_word' id='word_1_643' title='bbox 2632 4554 2760 4599; x_wconf 87' lang='lat' dir='ltr'><strong>sunt</strong></span> <span class='ocrx_word' id='word_1_644' title='bbox 2795 4555 3091 4618; x_wconf 85' lang='lat' dir='ltr'><strong>accepturi.</strong></span> <span class='ocrx_word' id='word_1_645' title='bbox 3150 4557 3353 4627; x_wconf 86' lang='lat' dir='ltr'><strong>Quippe</strong></span> <span class='ocrx_word' id='word_1_646' title='bbox 3390 4564 3435 4615; x_wconf 90' lang='lat' dir='ltr'><strong>si</strong></span> 
     </span>
    </p>
   </div>
   <div class='ocr_carea' id='block_1_102' title="bbox 1891 4626 3437 4706">
    <p class='ocr_par' dir='ltr' id='par_1_102' title="bbox 1891 4626 3437 4706">
     <span class='ocr_line' id='line_1_102' title="bbox 1891 4626 3437 4706; baseline 0.019 -31"><span class='ocrx_word' id='word_1_647' title='bbox 1891 4626 2070 4680; x_wconf 87' lang='lat' dir='ltr'><strong>nullus</strong></span> <span class='ocrx_word' id='word_1_648' title='bbox 2114 4628 2235 4683; x_wconf 89' lang='lat' dir='ltr'><strong>talis</strong></span> <span class='ocrx_word' id='word_1_649' title='bbox 2283 4639 2478 4695; x_wconf 78' lang='lat' dir='ltr'><strong>exstet,</strong></span> <span class='ocrx_word' id='word_1_650' title='bbox 2534 4650 2722 4689; x_wconf 89' lang='lat' dir='ltr'><strong>eorum</strong></span> <span class='ocrx_word' id='word_1_651' title='bbox 2771 4643 3093 4706; x_wconf 87' lang='lat' dir='ltr'><strong>patrimonia</strong></span> <span class='ocrx_word' id='word_1_652' title='bbox 3146 4649 3210 4701; x_wconf 86' lang='lat' dir='ltr'><strong>ad</strong></span> <span class='ocrx_word' id='word_1_653' title='bbox 3256 4626 3437 4705; x_wconf 73' lang='lat' dir='ltr'><strong>Sacra-</strong></span> 
     </span>
    </p>
   </div>
   <div class='ocr_carea' id='block_1_103' title="bbox 1892 4714 3435 4809">
    <p class='ocr_par' dir='ltr' id='par_1_103' title="bbox 1892 4714 3435 4809">
     <span class='ocr_line' id='line_1_103' title="bbox 1892 4714 3435 4809; baseline 0.021 -44"><span class='ocrx_word' id='word_1_654' title='bbox 1892 4714 2157 4769; x_wconf 86' lang='lat' dir='ltr'><strong>tissimum</strong></span> <span class='ocrx_word' id='word_1_655' title='bbox 2190 4719 2375 4773; x_wconf 84' lang='lat' dir='ltr'><strong>liscum</strong></span> <span class='ocrx_word' id='word_1_656' title='bbox 2407 4722 2602 4777; x_wconf 82' lang='lat' dir='ltr'><strong>debere</strong></span> <span class='ocrx_word' id='word_1_657' title='bbox 2645 4737 2765 4795; x_wconf 85' lang='lat' dir='ltr'><strong>post</strong></span> <span class='ocrx_word' id='word_1_658' title='bbox 2810 4742 3035 4787; x_wconf 87' lang='lat' dir='ltr'><strong>mortem</strong></span> <span class='ocrx_word' id='word_1_659' title='bbox 3081 4752 3266 4792; x_wconf 89' lang='lat' dir='ltr'><strong>eorum</strong></span> <span class='ocrx_word' id='word_1_660' title='bbox 3311 4756 3435 4809; x_wconf 80' lang='lat' dir='ltr'><strong>per-</strong></span> 
     </span>
    </p>
   </div>
   <div class='ocr_carea' id='block_1_104' title="bbox 1889 4802 2324 4866">
    <p class='ocr_par' dir='ltr' id='par_1_104' title="bbox 1889 4802 2324 4866">
     <span class='ocr_line' id='line_1_104' title="bbox 1889 4802 2324 4866; baseline 0.018 -12"><span class='ocrx_word' id='word_1_661' title='bbox 1889 4802 2078 4866; x_wconf 90' lang='lat' dir='ltr'><strong>tinere,</strong></span> <span class='ocrx_word' id='word_1_662' title='bbox 2113 4810 2324 4862; x_wconf 90' lang='lat' dir='ltr'><strong>statuit.</strong></span> 
     </span>
    </p>
   </div>
   <div class='ocr_carea' id='block_1_105' title="bbox 1954 4894 3427 4973">
    <p class='ocr_par' dir='ltr' id='par_1_105' title="bbox 1954 4894 3427 4973">
     <span class='ocr_line' id='line_1_105' title="bbox 1954 4894 3427 4973; baseline 0.018 -27"><span class='ocrx_word' id='word_1_663' title='bbox 1954 4894 2215 4949; x_wconf 61' lang='lat' dir='ltr'><strong>Caeterum</strong></span> <span class='ocrx_word' id='word_1_664' title='bbox 2256 4901 2456 4955; x_wconf 78' lang='lat' dir='ltr'><strong>‘eximit</strong></span> <span class='ocrx_word' id='word_1_665' title='bbox 2490 4921 2515 4956; x_wconf 92' lang='lat' dir='ltr'><strong>a</strong></span> <span class='ocrx_word' id='word_1_666' title='bbox 2562 4907 2895 4973; x_wconf 63' lang='lat' dir='ltr'><strong>lcgislatione</strong></span> <span class='ocrx_word' id='word_1_667' title='bbox 2928 4929 3022 4967; x_wconf 90' lang='lat' dir='ltr'><strong>sua</strong></span> <span class='ocrx_word' id='word_1_668' title='bbox 3059 4927 3295 4973; x_wconf 68' lang='lat' dir='ltr'><strong>colentes</strong></span> <span class='ocrx_word' id='word_1_669' title='bbox 3330 4919 3427 4973; x_wconf 87' lang='lat' dir='ltr'><strong>Sa-</strong></span> 
     </span>
    </p>
   </div>
   <div class='ocr_carea' id='block_1_106' title="bbox 1884 4984 3427 5079">
    <p class='ocr_par' dir='ltr' id='par_1_106' title="bbox 1884 4984 3427 5079">
     <span class='ocr_line' id='line_1_106' title="bbox 1884 4984 3427 5079; baseline 0.021 -49"><span class='ocrx_word' id='word_1_670' title='bbox 1884 4984 2194 5079; x_wconf 77' lang='lat' dir='ltr'><strong>maritarum</strong></span> <span class='ocrx_word' id='word_1_671' title='bbox 2220 4990 2527 5059; x_wconf 79' lang='lat' dir='ltr'><strong>religionem</strong></span> <span class='ocrx_word' id='word_1_672' title='bbox 2564 5002 2829 5065; x_wconf 80' lang='lat' dir='ltr'><strong>agricolas</strong></span> <span class='ocrx_word' id='word_1_673' title='bbox 2850 5044 2862 5063; x_wconf 89' lang='lat'><strong>,</strong></span> <span class='ocrx_word' id='word_1_674' title='bbox 2904 5017 2959 5055; x_wconf 84' lang='lat' dir='ltr'><strong>nt</strong></span> <span class='ocrx_word' id='word_1_675' title='bbox 3005 5008 3083 5059; x_wconf 80' lang='lat' dir='ltr'><strong>eis</strong></span> <span class='ocrx_word' id='word_1_676' title='bbox 3114 5023 3303 5076; x_wconf 82' lang='lat' dir='ltr'><strong>agros,</strong></span> <span class='ocrx_word' id='word_1_677' title='bbox 3336 5013 3427 5079; x_wconf 85' lang='lat' dir='ltr'><strong>qui</strong></span> 
     </span>
    </p>
   </div>
   <div class='ocr_carea' id='block_1_107' title="bbox 1882 5070 3430 5155">
    <p class='ocr_par' dir='ltr' id='par_1_107' title="bbox 1882 5070 3430 5155">
     <span class='ocr_line' id='line_1_107' title="bbox 1882 5070 3430 5155; baseline 0.024 -36"><span class='ocrx_word' id='word_1_678' title='bbox 1882 5070 1948 5123; x_wconf 88' lang='lat' dir='ltr'><strong>ab</strong></span> <span class='ocrx_word' id='word_1_679' title='bbox 2005 5071 2137 5138; x_wconf 88' lang='lat' dir='ltr'><strong>ipsis</strong></span> <span class='ocrx_word' id='word_1_680' title='bbox 2188 5082 2528 5147; x_wconf 84' lang='lat' dir='ltr'><strong>excoluntur,</strong></span> <span class='ocrx_word' id='word_1_681' title='bbox 2566 5092 2922 5145; x_wconf 68' lang='lat' dir='ltr'><strong>comncndet.</strong></span> <span class='ocrx_word' id='word_1_682' title='bbox 2978 5093 3069 5149; x_wconf 77' lang='lat' dir='ltr'><strong>llis</strong></span> <span class='ocrx_word' id='word_1_683' title='bbox 3112 5100 3255 5151; x_wconf 89' lang='lat' dir='ltr'><strong>enim</strong></span> <span class='ocrx_word' id='word_1_684' title='bbox 3298 5070 3430 5155; x_wconf 78' lang='lat' dir='ltr'><strong>con-</strong></span> 
     </span>
    </p>
   </div>
   <div class='ocr_carea' id='block_1_108' title="bbox 1881 5162 3429 5250">
    <p class='ocr_par' dir='ltr' id='par_1_108' title="bbox 1881 5162 3429 5250">
     <span class='ocr_line' id='line_1_108' title="bbox 1881 5162 3429 5250; baseline 0.023 -38"><span class='ocrx_word' id='word_1_685' title='bbox 1881 5162 2042 5226; x_wconf 85' lang='lat' dir='ltr'><strong>cedit,</strong></span> <span class='ocrx_word' id='word_1_686' title='bbox 2085 5168 2243 5221; x_wconf 81' lang='lat' dir='ltr'><strong>modo</strong></span> <span class='ocrx_word' id='word_1_687' title='bbox 2275 5179 2453 5227; x_wconf 89' lang='lat' dir='ltr'><strong>tamen</strong></span> <span class='ocrx_word' id='word_1_688' title='bbox 2502 5192 2658 5245; x_wconf 77' lang='lat' dir='ltr'><strong>agros</strong></span> <span class='ocrx_word' id='word_1_689' title='bbox 2693 5182 2837 5248; x_wconf 81' lang='lat' dir='ltr'><strong>ipsos</strong></span> <span class='ocrx_word' id='word_1_690' title='bbox 2879 5188 3078 5250; x_wconf 79' lang='lat' dir='ltr'><strong>colant,</strong></span> <span class='ocrx_word' id='word_1_691' title='bbox 3117 5197 3222 5242; x_wconf 86' lang='lat' dir='ltr'><strong>tam</strong></span> <span class='ocrx_word' id='word_1_692' title='bbox 3261 5193 3429 5247; x_wconf 65' lang='grc' dir='ltr'><strong>δαιτρ-</strong></span> 
     </span>
    </p>
   </div>
   <div class='ocr_carea' id='block_1_109' title="bbox 1882 5249 3422 5347">
    <p class='ocr_par' dir='ltr' id='par_1_109' title="bbox 1882 5249 3422 5347">
     <span class='ocr_line' id='line_1_109' title="bbox 1882 5249 3422 5347; baseline 0.024 -47"><span class='ocrx_word' id='word_1_693' title='bbox 1882 5249 1998 5316; x_wconf 83' lang='lat' dir='ltr'><strong>tles,</strong></span> <span class='ocrx_word' id='word_1_694' title='bbox 2033 5269 2190 5319; x_wconf 72' lang='lat' dir='ltr'><strong>quam</strong></span> <span class='ocrx_word' id='word_1_695' title='bbox 2233 5260 2516 5327; x_wconf 74' lang='lat' dir='ltr'><strong>legatarios</strong></span> <span class='ocrx_word' id='word_1_696' title='bbox 2548 5268 2828 5323; x_wconf 88' lang='lat' dir='ltr'><strong>instituere</strong></span> <span class='ocrx_word' id='word_1_697' title='bbox 2873 5289 3001 5329; x_wconf 87' lang='lat' dir='ltr'><strong>suos</strong></span> <span class='ocrx_word' id='word_1_698' title='bbox 3047 5282 3422 5347; x_wconf 77' lang='lat' dir='ltr'><strong>ascendentes,</strong></span> 
     </span>
    </p>
   </div>
   <div class='ocr_carea' id='block_1_110' title="bbox 1880 5340 3423 5433">
    <p class='ocr_par' dir='ltr' id='par_1_110' title="bbox 1880 5340 3423 5433">
     <span class='ocr_line' id='line_1_110' title="bbox 1880 5340 3423 5433; baseline 0.025 -43"><span class='ocrx_word' id='word_1_699' title='bbox 1880 5350 1932 5391; x_wconf 84' lang='lat' dir='ltr'><strong>et</strong></span> <span class='ocrx_word' id='word_1_700' title='bbox 1974 5340 2377 5413; x_wconf 84' lang='lat' dir='ltr'><strong>descendentes,</strong></span> <span class='ocrx_word' id='word_1_701' title='bbox 2414 5363 2466 5404; x_wconf 91' lang='lat' dir='ltr'><strong>et</strong></span> <span class='ocrx_word' id='word_1_702' title='bbox 2508 5369 2765 5425; x_wconf 78' lang='lat' dir='ltr'><strong>cognatos</strong></span> <span class='ocrx_word' id='word_1_703' title='bbox 2815 5379 2876 5415; x_wconf 72' lang='lat' dir='ltr'><strong>ex</strong></span> <span class='ocrx_word' id='word_1_704' title='bbox 2925 5374 3254 5433; x_wconf 79' lang='lat' dir='ltr'><strong>transverso,</strong></span> <span class='ocrx_word' id='word_1_705' title='bbox 3285 5381 3423 5426; x_wconf 80' lang='lat' dir='ltr'><strong>tam-</strong></span> 
     </span>
    </p>
   </div>
   <div class='ocr_carea' id='block_1_111' title="bbox 1880 5430 3423 5513">
    <p class='ocr_par' dir='ltr' id='par_1_111' title="bbox 1880 5430 3423 5513">
     <span class='ocr_line' id='line_1_111' title="bbox 1880 5430 3423 5513; baseline 0.022 -33"><span class='ocrx_word' id='word_1_706' title='bbox 1880 5430 1978 5481; x_wconf 77' lang='lat' dir='ltr'><strong>etsi</strong></span> <span class='ocrx_word' id='word_1_707' title='bbox 2028 5430 2309 5489; x_wconf 69' lang='lat' dir='ltr'><strong>Samaritar</strong></span> <span class='ocrx_word' id='word_1_708' title='bbox 2359 5442 2485 5494; x_wconf 88' lang='lat' dir='ltr'><strong>sint.</strong></span> <span class='ocrx_word' id='word_1_709' title='bbox 2545 5446 2695 5508; x_wconf 81' lang='lat' dir='ltr'><strong>Quod</strong></span> <span class='ocrx_word' id='word_1_710' title='bbox 2728 5452 2770 5502; x_wconf 81' lang='lat' dir='ltr'><strong>si</strong></span> <span class='ocrx_word' id='word_1_711' title='bbox 2807 5455 2985 5509; x_wconf 68' lang='lat' dir='ltr'><strong>mullus</strong></span> <span class='ocrx_word' id='word_1_712' title='bbox 3037 5458 3223 5510; x_wconf 87' lang='lat' dir='ltr'><strong>horum</strong></span> <span class='ocrx_word' id='word_1_713' title='bbox 3273 5461 3423 5513; x_wconf 86' lang='lat' dir='ltr'><strong>iuve-</strong></span> 
     </span>
    </p>
   </div>
   <div class='ocr_carea' id='block_1_112' title="bbox 1880 5519 3423 5613">
    <p class='ocr_par' dir='ltr' id='par_1_112' title="bbox 1880 5519 3423 5613">
     <span class='ocr_line' id='line_1_112' title="bbox 1880 5519 3423 5613; baseline 0.024 -45"><span class='ocrx_word' id='word_1_714' title='bbox 1880 5519 2091 5581; x_wconf 82' lang='lat' dir='ltr'><strong>niatur,</strong></span> <span class='ocrx_word' id='word_1_715' title='bbox 2124 5523 2237 5589; x_wconf 79' lang='lat' dir='ltr'><strong>ejus</strong></span> <span class='ocrx_word' id='word_1_716' title='bbox 2283 5532 2465 5594; x_wconf 61' lang='lat' dir='ltr'><strong>prazllii</strong></span> <span class='ocrx_word' id='word_1_717' title='bbox 2514 5534 2825 5601; x_wconf 85' lang='lat' dir='ltr'><strong>dominum,</strong></span> <span class='ocrx_word' id='word_1_718' title='bbox 2881 5547 2931 5595; x_wconf 88' lang='lat' dir='ltr'><strong>in</strong></span> <span class='ocrx_word' id='word_1_719' title='bbox 2986 5562 3092 5613; x_wconf 85' lang='lat' dir='ltr'><strong>quo</strong></span> <span class='ocrx_word' id='word_1_720' title='bbox 3140 5546 3423 5605; x_wconf 81' lang='lat' dir='ltr'><strong>defunctus</strong></span> 
     </span>
    </p>
   </div>
   <div class='ocr_carea' id='block_1_113' title="bbox 1868 5610 3423 5699">
    <p class='ocr_par' dir='ltr' id='par_1_113' title="bbox 1868 5610 3423 5699">
     <span class='ocr_line' id='line_1_113' title="bbox 1868 5610 3423 5699; baseline 0.022 -42"><span class='ocrx_word' id='word_1_721' title='bbox 1868 5610 2115 5675; x_wconf 75' lang='lat' dir='ltr'><strong>agricola:</strong></span> <span class='ocrx_word' id='word_1_722' title='bbox 2163 5629 2359 5671; x_wconf 84' lang='lat' dir='ltr'><strong>ltllllllls</strong></span> <span class='ocrx_word' id='word_1_723' title='bbox 2415 5625 2732 5692; x_wconf 64' lang='lat' dir='ltr'><strong>exercebat,</strong></span> <span class='ocrx_word' id='word_1_724' title='bbox 2779 5633 2848 5683; x_wconf 82' lang='lat' dir='ltr'><strong>ab</strong></span> <span class='ocrx_word' id='word_1_725' title='bbox 2888 5610 3013 5699; x_wconf 28' lang='lat' dir='ltr'><strong>ipso-</strong></span> <span class='ocrx_word' id='word_1_726' title='bbox 3048 5620 3230 5689; x_wconf 82' lang='lat' dir='ltr'><strong>relicta</strong></span> <span class='ocrx_word' id='word_1_727' title='bbox 3284 5637 3423 5691; x_wconf 75' lang='lat' dir='ltr'><strong>ferre</strong></span> 
     </span>
    </p>
   </div>
   <div class='ocr_carea' id='block_1_114' title="bbox 1868 5701 3417 5786">
    <p class='ocr_par' dir='ltr' id='par_1_114' title="bbox 1868 5701 3417 5786">
     <span class='ocr_line' id='line_1_114' title="bbox 1868 5701 3417 5786; baseline 0.023 -36"><span class='ocrx_word' id='word_1_728' title='bbox 1868 5701 1975 5756; x_wconf 68' lang='lat' dir='ltr'><strong>Vult</strong></span> <span class='ocrx_word' id='word_1_729' title='bbox 2024 5704 2380 5768; x_wconf 82' lang='lat' dir='ltr'><strong>permissione</strong></span> <span class='ocrx_word' id='word_1_730' title='bbox 2432 5716 2686 5780; x_wconf 73' lang='lat' dir='ltr'><strong>quadam,</strong></span> <span class='ocrx_word' id='word_1_731' title='bbox 2742 5730 2793 5774; x_wconf 82' lang='lat' dir='ltr'><strong>et</strong></span> <span class='ocrx_word' id='word_1_732' title='bbox 2836 5724 2945 5777; x_wconf 88' lang='lat' dir='ltr'><strong>lisci</strong></span> <span class='ocrx_word' id='word_1_733' title='bbox 2990 5724 3160 5780; x_wconf 84' lang='lat' dir='ltr'><strong>vicem</strong></span> <span class='ocrx_word' id='word_1_734' title='bbox 3216 5727 3270 5782; x_wconf 86' lang='lat' dir='ltr'><strong>in</strong></span> <span class='ocrx_word' id='word_1_735' title='bbox 3335 5733 3417 5786; x_wconf 83' lang='lat' dir='ltr'><strong>his</strong></span> 
     </span>
    </p>
   </div>
  </div>
