4082 6468
181 395 318 461 1353

1379 396 1626 459 EPIST.
1663 397 1765 456 DE
1797 397 1910 458 JEJ
1928 397 2165 456 UNIIS.

3222 406 3361 470 1354

173 508 394 577 λέγοντα
419 511 775 577 κρύπτεσθαι·
811 511 904 563 καὶ
935 512 962 563 ὀ
995 511 1250 574 ἐκλεκτὸς
1293 513 1417 576 λαὸς
1460 513 1553 566 τοῦ
1584 512 1708 567 Θεοῐ

1835 515 1960 566 tatis
1993 515 2173 568 lumen
2197 513 2456 569 abscondi
2496 517 2598 569 sub
2640 516 2953 585 ignorantiae
2999 517 3282 581 .teucbris;
3307 527 3362 570 et

175 599 472 668 ἑορταζὲτω
503 601 621 650 ἀντὶ
659 600 756 668 τῆς
781 601 1160 670 Σκηνοπηγίας
1195 603 1292 672 τῆς
1325 605 1556 672 νομικῆς
1580 603 1719 656 κατὰ

171 689 267 755 τὴν
317 695 376 739 ιε’
429 687 520 739 τοῦ
562 689 787 757 ἑὸδόμου
832 691 1016 760 μηνὸς,
1069 691 1159 743 τοῦ
1181 690 1508 758 Αὐγούστου,
1556 695 1716 760 φημὶ,

170 780 264 845 τῆς
295 777 450 843 ἁγίας
490 778 750 830 Θεοτόκου
794 779 891 848 τὴν
940 780 1206 850 Κοίμησιν
1238 819 1251 843 ,
1299 781 1478 844 καθὼς
1515 784 1542 834 ὁ
1589 782 1720 842 Θεὸς

169 869 465 930 διετάξατο.

236 958 304 1011 κ’.
343 960 557 1011 Τούτων
589 959 757 1020 οὕτως
804 961 1053 1026 ἐχόντων,
1109 961 1301 1029 ῥητέον
1343 963 1433 1013 καὶ
1463 961 1717 1030 περὶτῆς

170 1047 401 1114 ’.νομικῆς
438 1047 543 1097 τῶν
575 1047 893 1113 Σαλπίγγων
922 1047 1119 1115 ἑορτῆς
1141 1046 1192 1098 τί
1221 1047 1530 1115 νενόμισται
1584 1047 1717 1114 πρό⁹

169 1155 345 1203 τερον,
389 1138 480 1189 καὶ
505 1139 553 1188 τί
583 1137 890 1188 τετέλεσται
917 1136 1189 1205 δεύτερον.
1235 1135 1295 1188 'II
1322 1136 1430 1188 τῶν
1484 1135 1720 1201 Σαλπίγ-

169 1244 282 1291 γων
308 1229 612 1294 πανήγυρις
647 1227 949 1293 ἑωρτάζετο
984 1226 1082 1292 μὲν
1114 1227 1261 1296 παρὰ
1292 1229 1401 1288 τοῖς
1445 1225 1716 1287 Ἰουδαίοις

168 1317 298 1368 ποτὲ
319 1319 454 1368 κατὰ
477 1318 756 1386 διαφόρους
775 1315 1017 1384 καιροὺς,
1042 1316 1222 1377 καθὼς
1247 1318 1272 1367 ὁ
1287 1316 1415 1376 Θεὸς
1433 1314 1508 1384 τῷ
1532 1314 1717 1367 Μωσιί

167 1408 470 1475 διωρίσατο.
497 1410 758 1470 Ποίησον
788 1409 912 1475 γὰρ,
943 1409 1097 1476 φησὶ,
1121 1407 1352 1470 σεαυτῷ
1379 1406 1714 1476 σάλπιγγας

165 1497 380 1561 ἐλατὰς
431 1497 706 1565 ἀργυρᾶς·
760 1498 853 1550 καὶ
904 1501 1209 1551 σαλπιεῖτε
1266 1497 1335 1548 ἐν
1383 1498 1588 1562 αὑταῖς
1615 1497 1712 1549 ἐπὶ

166 1587 289 1649 τοῖς
341 1588 834 1655 ὁλοκαυτώμασιν
903 1587 1088 1655 ὑμῶν,
1147 1588 1242 1640 καὶ
1305 1587 1433 1652 ταῖς
1477 1588 1713 1654 θυσίαις

162 1673 280 1724 τῶν
329 1676 631 1740 σωτηρίων
660 1673 844 1742 ὑμῶν·
881 1675 1010 1743 παρ’
1035 1676 1191 1743 ἡμῶν
1237 1677 1292 1727 δὲ
1326 1674 1471 1738 ἅπαξ
1503 1677 1570 1728 δι’
1590 1677 1711 1728 ὅλου

164 1766 598 1832 πανηγυρίζεται
658 1767 750 1817 τοῦ
811 1765 1078 1818 ἐνιαυτοῦ.
1145 1766 1441 1828 Βλέποντες
1467 1769 1707 1836 γὰρ.τὰς

161 1856 430 1918 ἐξαισίους
458 1855 820 1922 μαρμαρυγὰς
849 1855 939 1907 τοῦ
973 1856 1279 1922 λάμψαντος
1310 1857 1536 1924 ἀστέρος
1564 1860 1701 1923 φάτο

161 1962 254 2008 γης
318 1945 528 2009 ἀλόγων
582 1943 907 2013 ἐφύπερθεν,
958 1945 1176 1997 καὶτοῦ
1234 1947 1431 2013 Κυρίου
1464 1948 1561 2016 τὴν
1591 1948 1712 2014 γέν-

159 2051 317 2100 νησιν
357 2032 781 2101 προμηνύοντος,
807 2033 1135 2100 πιστεύομεν
1179 2035 1390 2101 ἐκείνην
1422 2034 1518 2102 τὴν
1541 2037 1710 2104 ἀργυ-

161 2126 428 2191 ρόστομον
485 2123 758 2189 σάλπιγγα
790 2123 914 2192 περὶ
956 2123 1122 2192 αὐτῆς
1151 2126 1248 2192 τῆς
1286 2126 1586 2192 γεννήσεως
1615 2124 1707 2177 τοῦ

157 2214 390 2280 Χριστοῦ
424 2213 695 2266 ποιεῖσθαι
725 2214 817 2274 τὰς
842 2214 1138 2273 διαλα).ιά;·
1168 2214 1459 2266 κάντεῦθεν
1479 2217 1538 2266 τὸ
1560 2234 1712 2268 σκια-

162 2307 354 2372 μαχεῖν
399 2303 828 2372 βδελυττόμενοι,
865 2304 1274 2370 ἀγκαλιζόμεθα
1295 2305 1389 2372 τὴν
1419 2305 1701 2371 ἀλήθειαν.

156 2391 574 2460 Ἀστεροσκόποι
603 2391 694 2442 καὶ
729 2391 912 2459 μάγοι,
959 2389 1051 2442 καὶ
1082 2391 1279 2457 Μήδων
1337 2391 1590 2459 ἄρχοντες
1619 2390 1710 2440 καὶ

158 2481 329 2543 Σαϐᾶ,
386 2479 563 2530 πόσων
619 2479 904 2546 ἀργυρέων
981 2478 1293 2545 σαλπίγγων
1374 2481 1546 2544 φωναὶ
1610 2481 1709 2547 τὴν

157 2572 212 2635 ἐξ
240 2570 512 2622 ἀνατολῶν
538 2570 617 2630 εἰς
643 2569 740 2637 τὴν
779 2567 1025 2637 Βηθλεὲμ
1079 2568 1346 2638 ὑμετέραν
1397 2569 1710 2637 έσχεδίασαν

154 2661 377 2726 ﬁgo-iw;
420 2659 512 2719 Τίς
544 2653 612 2728 ἦν
670 2658 922 2719 ἑκεῖνοςὸ
953 2657 1216 2726 εὐρυόόας
1279 2658 1371 2710 καὶ
1427 2657 1710 2726 Στέντορό-

153 2768 351 2816 φωνος,
376 2756 402 2801 ό
434 2750 697 2810 σαλπίσας
753 2749 853 2817 τὴν
904 2747 1172 2817 ὑμετέραν
1215 2749 1545 2818 μετάκλησιν
1571 2765 1584 2812 ;
1616 2749 1710 2810 Τίς

150 2837 216 2909 ἦν
254 2843 460 2901 ἐκεῖνος
488 2844 515 2892 ὁ
546 2841 757 2908 λύχνος,
791 2842 818 2891 ὁ
847 2839 944 2907 τὴν
992 2841 1211 2907 χρονίαν
1228 2841 1529 2908 ἀποδημίαν
1559 2841 1709 2909 ὑμῶν

153 2931 513 2990 καταπαύσας
540 2933 619 2991 είς
650 2928 951 2997 σπήλαιονς
986 2929 1203 2991 Πάντως
1227 2930 1397 2998 ἐρεῖτε
1436 2932 1527 2982 κα)⁵
1550 2931 1708 2985 ἄκον-

149 3039 238 3082 τες
265 3023 472 3072 ἐκεῖνον
523 3016 662 3072 εἴναι
709 3019 800 3075 τὸν
833 3020 1038 3089 ἀστέρα
1072 3020 1164 3072 τὸν
1232 3023 1487 3089 παμφαῆ,
1533 3021 1623 3073 τὸν
1653 3022 1709 3073 ἐν

1819 608 2024 658 electus
2065 604 2156 659 Dei
2211 605 2437 674 populus
2472 607 2588 660 vice
2622 606 2807 676 legalis
2841 606 3188 678 Scenopegim
3220 609 3363 661 cele—

1819 692 1938 746 bret
1990 692 2077 747 die
2135 695 2538 763 quintodecimo
2598 697 2809 764 septimi
2863 699 3062 754 mensis
3113 696 3359 765 Augusti,

1821 783 2063 851 inquam,
2115 793 2319 837 sanctas
2373 785 2615 853 Deiparaa
2671 784 3148 849 Obdormitionem,
3197 785 3359 839 sicuti

1823 872 1958 925 Deus
1990 875 2259 941 praecepit.

1885 963 1973 1016 20.
2008 962 2099 1018 llis
2134 964 2204 1017 ila
2230 979 2287 1018 se
2322 965 2664 1027 habentibus,
2697 966 2981 1020 dicendum
3024 983 3235 1036 quoque
3288 968 3355 1023 de

1819 1052 1970 1120 legali
2004 1052 2276 1107 Tubarum
2318 1055 2472 1119 festo,
2510 1054 2641 1124 quid
2681 1055 2828 1120 prius
2859 1059 3128 1110 sancitum
3173 1058 3355 1124 fuerit,

1816 1153 1869 1195 et
1901 1144 2026 1210 quid
2057 1145 2384 1198 celebratum
2422 1146 2664 1199 secundo
2712 1146 2850 1199 loco.
2884 1146 3157 1200 Tubarum
3208 1150 3353 1203 cele-

1816 1233 2004 1293 britas.
2035 1248 2064 1284 a
2092 1232 2295 1288 Judmis
2357 1235 2716 1302 peragebatur
2770 1237 2896 1288 olim
2959 1238 3188 1291 diversis
3220 1247 3359 1292 tem-

1815 1321 2519 1388 poribus,quemadmodum
2543 1322 2681 1375 Deus
2707 1324 3160 1395 mandavitllioysi
3199 1344 3211 1376 :
3244 1325 3358 1379 Fac

1814 1408 1982 1472 enim,
2007 1407 2207 1475 inquit,
2234 1408 2327 1461 tibi
2358 1409 2509 1472 tubas
2554 1409 2772 1462 ducliles
2801 1422 3069 1478 argenteas
3089 1428 3107 1464 .·
3134 1423 3179 1464 et
3214 1412 3360 1464 clan-

1812 1500 1940 1568 getis
1972 1501 2025 1551 in
2051 1501 2174 1563 ipsis
2201 1515 2354 1565 super
2400 1501 2716 1553 holocaustis
2756 1503 2959 1565 vestris,
2985 1513 3028 1554 et
3078 1505 3357 1571 sacriﬁciis

1812 1590 2124 1643 salutarium
2150 1603 2433 1644 vestrarum
2475 1591 2518 1621 ’³
2600 1592 2752 1657 Apud
2811 1608 2907 1645 nos
2956 1603 3134 1647 autem
3186 1595 3354 1658 semel

1813 1696 1906 1747 per
1944 1688 2118 1735 totum
2150 1696 2347 1735 annum
2380 1682 2810 1736 concelebratur.
2864 1682 3107 1752 Namque
3167 1683 3350 1738 intuiti

1812 1773 2038 1824 eximias
2060 1774 2464 1826 coruscationes
2497 1773 2682 1834 Sicllm,
2711 1789 2826 1839 qua:
2876 1776 3125 1842 apparuit
3176 1790 3344 1842 supra

1813 1874 2049 1927 praesepe
2081 1860 2390 1911 animalium
2448 1866 2500 1911 et
2560 1863 2891 1912 nativitatem
2956 1861 3164 1914 Domini
3219 1877 3353 1928 pra:-

1813 1948 2098 2010 nunliavit,
2126 1949 2399 2001 credimus
2437 1950 2578 2000 illam
2632 1952 2867 2016 argentei
2919 1952 3030 2003 oris
3073 1953 3255 2003 tubam
3285 1952 3350 2004 de

1812 2039 1925 2104 ipsa
1952 2038 2155 2091 Christi
2188 2039 2471 2092 nativitate
2522 2055 2801 2094 sermones
2854 2041 3147 2107 evulgare:
3198 2043 3352 2094 inde--

1811 2144 1913 2194 que
1950 2129 2288 2182 umbratilem
2322 2145 2551 2198 pugnaui
2595 2130 2906 2193 abominati,
2939 2135 3351 2199 comp'cctituur

1810 2219 2112 2272 veritatem.
2157 2221 2441 2274 Astrorum
2479 2223 2816 2288 inspectores
2845 2231 2896 2272 ct
2948 2224 3105 2290 magi,
3139 2230 3188 2273 rt
3246 2222 3354 2275 Me-

1810 2309 2000 2359 dorum
2039 2309 2310 2378 principes
2337 2324 2397 2361 ac
2430 2307 2590 2369 Salia,
2623 2317 2942 2376 quanlarum
2977 2317 3352 2370 argeutcaruut

1813 2401 2064 2461 tubarum
2105 2414 2284 2461 voces,
2323 2411 2554 2452 vestram
2583 2415 2646 2451 ex
2685 2398 2902 2451 Oriente
2948 2399 3000 2451 in
3047 2399 3352 2451 Bethleltem

1812 2491 2201 2557 profectionem
2274 2490 2666 2542 concitarunt?
2721 2489 2852 2553 Quis
2922 2500 3037 2543 erat
3089 2491 3177 2544 ille
3251 2492 3356 2542 lato

1817 2582 2055 2633 clamans
2088 2593 2139 2634 et
2175 2579 2455 2633 Stentorea
2491 2596 2620 2634 voce
2657 2582 2933 2649 praeditus,
2988 2582 3077 2650 qui
3114 2593 3354 2635 vestrum

1811 2673 2014 2724 clausit
2062 2671 2334 2723 accitum?
2382 2670 2662 2734 Quodnam
2729 2670 2856 2722 illud
2922 2673 3098 2724 lutneu
3131 2711 3144 2728 ,
3202 2669 3350 2738 quod

1811 2762 2121 2814 diuturnam
2157 2762 2646 2828 peregrinationem
2683 2769 2919 2813 vestram
2981 2761 3116 2813 stitit
3150 2761 3203 2812 itt
3235 2775 3357 2827 spc-

1815 2851 2024 2901 Iuncam
2052 2850 2074 2900 ?
2102 2849 2334 2900 Omnino
2354 2847 2748 2915 respondebitis
2778 2857 2827 2899 el
2861 2844 3035 2907 inviti,
3068 2847 3206 2896 illam
3235 2860 3355 2899 esse

1813 2938 2196 2992 lucidissimam
2249 2938 2484 3000 stellam,
2519 2953 2637 3005 qua:
2691 2937 2742 2989 in
2791 2934 3100 2988 Betltleltem
3162 2944 3354 2989 exorta

1813 3038 1918 3089 cst,
1955 3039 2006 3080 ct
2035 3028 2182 3081 stetit
2236 3043 2399 3094 supra
2453 3040 2708 3094 praesepe,
2767 3026 2818 3078 in
2870 3039 2976 3092 qtto
3030 3031 3352 3076 cunctorum

153 3114 404 3181 Βηθλεὲμ
465 3112 836 3174 ἀνατείλαντα,
897 3111 992 3163 καὶ
1027 3113 1126 3180 τῆς
1181 3113 1385 3181 φάτνης
1417 3111 1700 3180 ἱστάμενον

1815 3119 1923 3172 Rex
1964 3128 2016 3172 et
2063 3119 2324 3172 Conditor
2386 3118 2438 3170 in
2485 3124 2625 3169 statu
2675 3115 2913 3168 infantia:
2979 3115 3350 3172 recumbebat.

150 3204 380 3262 ἄνωθεν,
423 3203 501 3263 είς
540 3202 604 3270 ἣν
632 3204 657 3252 ὁ
687 3202 904 3252 πάντων
959 3201 1208 3269 βασιλεὺς
1236 3203 1330 3253 καὶ
1382 3203 1707 3272 δημιουργὸς

153 3295 291 3359 μετὰ
359 3291 621 3360 βρεφικῆς
672 3292 916 3342 ἀνέκειτο
964 3291 1367 3352 καταστάσεως.
1407 3292 1593 3360 Ὑμεῖς
1626 3294 1704 3359 δὲ,

149 3383 412 3451 ποιμένες
455 3382 548 3432 καὶ
582 3380 843 3448 βουκόλοι,
880 3378 1047 3431 ποίων
1101 3383 1194 3432 καὶ
1250 3381 1430 3432 πόσων
1475 3380 1706 3448 σαλπίγ-

147 3493 260 3540 γων
286 3473 585 3540 ὴκούσατες
641 3472 733 3522 καὶ
767 3471 862 3538 τὴν
908 3471 1016 3521 τῶν
1074 3470 1335 3538 ποιμνίων
1375 3471 1704 3537 κηδεμονίαν

148 3561 608 3632 παρελογίσασοε,
638 3562 728 3612 καὶ
762 3563 838 3620 είς
867 3561 1076 3627 φάτνην
1101 3561 1193 3612 καὶ
1229 3550 1488 3628 σπήλαιον
1509 3561 1700 3629 ἦκατε.

159 3654 371 3722 Ἐρείτε
401 3653 612 3712 πάντως
638 3649 898 3717 ἀγγέλους
928 3649 1055 3700 ἰδεῖν
1088 3651 1165 3711 είς
1194 3648 1436 3716 Βηθλεὲμ
1471 3651 1706 3702 καταλύο

148 3761 374 3806 σαντας,
409 3743 501 3793 καὶ
529 3741 999 3809 πτερυσσομένους
1033 3741 1161 3808 περὶ
1191 3739 1248 3790 τὺ
1296 3741 1577 3808 σπήλαιον,
1615 3743 1706 3793 καὶ

145 3832 454 3901 διαπρυσίῳ
490 3836 636 3898 φωνῇ
663 3829 1016 3894 σαλπίζοντάς
1065 3847 1122 3880 τε
1143 3831 1232 3882 καὶ
1258 3830 1532 3898 λέγοντας·
1553 3831 1706 3893 Δόξα

142 3927 216 3978 ἐν
240 3925 527 3992 ὑψίστοις
557 3920 697 3986 Θεῷ,
735 3920 833 3974 καὶ
863 3919 960 3972 ἐπὶ
988 3919 1101 3987 γῆς
1142 3917 1372 3985 εἰρήνη,
1396 3919 1465 3972 έν
1488 3919 1706 3991 ἀνθρώ-

149 4033 286 4081 ποις
320 4014 579 4068 εὐδοκία.

215 4107 331 4160 κα’.
377 4107 592 4174 Ὀρᾶτε,
639 4106 799 4156 τέκνα
856 4105 911 4155 ἐν
963 4103 1148 4172 Κυρίῳ
1182 4103 1464 4172 ἀγαπητὰ,
1500 4103 1614 4165 πῶς
1645 4103 1704 4170 ἐξ

142 4198 398 4268 ἐναργῶν
441 4196 760 4258 ἀποδείξεων
815 4195 907 4246 καὶ
965 4192 1356 4262 λαμπροτέρων
1401 4191 1493 4244 τοῦ
1555 4192 1702 4261 ἡλίου

145 4291 318 4342 αὑτοῦ
371 4291 494 4350 τοὺς
557 4287 802 4347 εύσεὸεϊς
855 4285 1381 4353 ὲπληροφορήσαμεν
1416 4286 1512 4344 τὰς
1541 4282 1702 4334 πέντε

141 4383 236 4435 τοῦ
269 4381 595 4450 γράμματος
615 4378 802 4446 ἑορτὰς
827 4377 1040 4436 εἰκόνας
1059 4372 1195 4426 εἶναι
1226 4375 1317 4426 καὶ
1338 4376 1581 4443 μήνυτρα
1593 4374 1701 4425 τῶν

1811 3208 1914 3262 Vos
1944 3217 2119 3259 autent
2152 3217 2395 3273 pastores
2418 3215 2469 3259 et
2501 3205 2723 3257 bubulci
2773 3206 2987 3271 quales,
3015 3215 3352 3270 quantasque

1806 3300 1965 3354 tubas
2009 3299 2283 3361 audiistis,
2344 3306 2400 3349 ut
2454 3296 2674 3348 ovilium
2735 3310 2919 3346 curam
2979 3295 3347 3363 negligeretis.

1805 3405 1866 3442 ac
1888 3391 2145 3443 veniretis
2173 3387 2236 3440 ad
2271 3403 2505 3455 Praesepe
2533 3392 2584 3436 et
2616 3386 2964 3452 speluncam?
2992 3386 3158 3437 Aictis
3191 3387 3351 3453 plano

1803 3496 1832 3533 a
1864 3480 2014 3533 vobis
2045 3480 2187 3531 visos
2229 3478 2446 3546 angelos
2482 3478 2533 3528 in
2591 3475 2901 3529 Bctltleltem
2962 3476 3253 3543 proiectos,
3293 3485 3350 3529 et

1807 3571 1949 3623 circa
2008 3569 2321 3635 speluncam
2378 3567 2638 3616 alacriter
2713 3565 3043 3625 volitantes,
3109 3577 3351 3629 voceun

1807 3662 1949 3714 clara
1983 3661 2295 3726 clangentes
2324 3665 2377 3710 et
2406 3655 2646 3708 dicentes
2676 3671 2689 3707 :
2751 3653 2932 3707 Gloria
2982 3654 3032 3705 iu
3074 3655 3348 3706 altissimis

1812 3751 1936 3814 Deo,
1976 3760 2024 3803 et
2072 3751 2124 3801 iu
2175 3759 2313 3803 terra
2363 3762 2487 3815 pax,
2540 3746 2594 3797 in
2641 3744 2931 3798 hominibus
2983 3743 3115 3796 bona
3167 3743 3348 3796 volun-

1806 3851 1884 3894 tas
1912 3840 1978 3893 ".

1874 4105 1965 4156 2!.
2005 4101 2231 4165 Videtis,
2265 4102 2356 4154 lilii
2389 4102 2441 4154 in
2484 4101 2709 4154 Domino
2739 4100 2944 4163 dilecti,
2987 4097 3261 4166 quomodo
3283 4112 3347 4151 ex

1801 4193 2143 4249 evidentibus
2164 4191 2743 4251 demonstrationilms,
2768 4190 2988 4257 ipsoque
3018 4187 3128 4241 sole
3146 4186 3347 4240 clario-

1815 4283 1988 4348 ribus,
2020 4282 2294 4351 piisplene
2320 4279 2711 4349 persuasimus,
2738 4278 2976 4346 quinque
3005 4278 3194 4330 litterae
3215 4276 3349 4329 festa

1809 4373 2071 4442 imagines
2102 4386 2223 4425 esse
2253 4379 2412 4438 atque
2441 4369 2640 4422 indicia
2667 4368 3072 4435 splendidarum
3120 4365 3351 4419 celebri-

141 4474 276 4542 παρ’
305 4473 462 4539 ἡμῶν
483 4470 814 4536 τελουμένων
847 4471 937 4519 καὶ
958 4468 1224 4537 ρηθεισών
1249 4469 1404 4518 πέντε
1431 4467 1698 4536 λαμπρῶν

1811 4473 1969 4514 latum
2002 4476 2120 4530 quze
2154 4475 2183 4512 a
2222 4461 2378 4512 nobis
2417 4466 2743 4526 Per-aguntur
2785 4469 2837 4509 et
2883 4456 2952 4509 de
3006 4454 3207 4524 quibus
3258 4455 3336 4506 lo-

141 4565 532 4632 πανηγύρεων.
584 4562 673 4628 Μὴ
696 4559 874 4612 τοίνυν
913 4559 1321 4628 ἀντιφερόμενοι
1353 4559 1536 4623 λέγετε
1569 4560 1710 4610 κατὰ

138 4660 267 4717 τοὺς
293 4653 539 4714 πολλούς·
576 4655 710 4704 Ὂσα
735 4655 760 4704 ὁ
795 4651 970 4717 Νόμος
995 4650 1163 4710 λαλεῖ,
1202 4650 1314 4710 τοῖς
1349 4650 1406 4699 ὲν
1437 4648 1513 4709 τῷ
1543 4650 1708 4716 Νόμῳ

138 4746 337 4798 λαλεῖ·
371 4744 528 4809 ἡμεῖς
550 4743 602 4792 δὲ
649 4743 782 4810 μόνῃ
834 4739 1010 4790 πίστει
1065 4737 1368 4799 σωζόμεθα.
1417 4736 1707 4788 Ἀκούσατε

141 4835 238 4886 τοῦ
289 4834 526 4898 μεγάλου
558 4831 770 4884 Παύλου
801 4830 1157 4889 διδάσκοντος’
1188 4827 1401 4894 Οὐχὶοι
1423 4827 1708 4893 ἀκροαταὶ

140 4921 251 4973 τοῦ
297 4921 521 4984 Νόμου,
557 4918 771 4970 δίκαιοι
805 4915 962 4982 παρὰ
1021 4915 1100 4978 τῷ
1127 4913 1266 4976 Θεῷ*
1298 4915 1433 4966 ἀλλ’
1457 4917 1508 4965 οι
1539 4930 1706 4979 ποιη-

138 5013 234 5064 ταὶ
269 5009 380 5061 τοῦ
407 5007 606 5075 Νόμου
625 5005 1142 5068 δικαιωθήσονται.
1164 5005 1229 5056 Ἦ
1264 5003 1570 5056 Ἰουδαίων
1595 5007 1706 5070 μό·-

137 5117 268 5153 νων
301 5102 335 5151 ό
395 5101 574 5161 Θεός;
632 5096 774 5162 Οὐχὶ
837 5093 899 5145 δὲ
930 5094 1024 5145 καὶ
1060 5091 1291 5156 ἐθνών;
1337 5091 1446 5144 Ναὶ
1496 5091 1562 5144 δὲ
1610 5093 1706 5144 καὶ

137 5189 364 5246 ἐθνῶν.
400 5187 668 5249 Ὡσαύτως
701 5186 792 5237 καὶ
842 5185 932 5236 τοῦ
971 5184 1174 5253 Κυρίου
1240 5183 1706 5252 παραγγέλλοντος

138 5283 217 5350 τῷ
253 5280 364 5332 ὑπὸ
387 5280 573 5331 τούτου
610 5277 995 5348 Θεραπευθέντι
1018 5274 1220 5343 λεπρόξν
1261 5276 1573 5342 Πορευοεὶς
1594 5274 1707 5325 δεῖ·

138 5373 256 5434 εον
277 5369 543 5422 σεαυτὸν
569 5365 648 5431 τῷ
682 5365 959 5434 ἀρχιερεῖ,
987 5367 1080 5418 καί
1108 5364 1470 5433 προσένεγκε
1501 5365 1564 5416 τὸ
1593 5363 1703 5414 δῶο

130 5480 251 5529 ρον
281 5461 314 5513 ὃ
344 5458 677 5526 προσέταξε
712 5456 951 5523 Μωσῆς,
992 5459 1079 5521 εις
1097 5457 1438 5524 μαρτύριον
1489 5454 1578 5505 καὶ
1607 5455 1708 5504 πά-

140 5560 246 5609 ὶινο
285 5555 472 5620 Ἀμήν
495 5552 649 5619 λέγω
687 5550 824 5618 ὑμῖν
860 5549 949 5600 ὅτι
978 5548 1113 5602 ιῶτα
1138 5546 1206 5598 ἐν
1255 5546 1292 5610 ἢ
1344 5547 1450 5613 μία
1503 5546 1707 5611 κεραία

1809 4553 1917 4606 cuti
1942 4565 2150 4604 sumus.
2175 4547 2250 4602 Ne
2295 4549 2456 4616 igitur
2485 4553 2850 4615 repugnantes
2909 4543 3159 4598 dixeritis
3199 4541 3344 4611 quod

1810 4643 1960 4694 multi
1990 4641 2199 4693 solent:
2237 4638 2580 4705 Quaecunque
2609 4636 2694 4688 lex
2735 4635 3002 4702 loquitur,
3066 4633 3130 4685 iis
3167 4633 3259 4700 qui
3292 4631 3348 4686 in

1809 4734 1924 4801 lege
1950 4741 2078 4784 sunt
2131 4733 2374 4797 loquitur
2404 4731 2447 4760 "
2478 4746 2492 4793 ;
2539 4741 2635 4782 nos
2673 4735 2852 4780 autem
2907 4727 3020 4778 sola
3063 4723 3164 4776 lide
3201 4724 3350 4777 salu-

1808 4833 1912 4876 tem
1942 4822 2346 4889 consequimur.
2373 4821 2566 4871 Audite
2594 4833 2846 4884 magnum
2884 4815 3108 4867 Paulum
3146 4814 3350 4866 docen-

1808 4922 1910 4966 tem
1934 4931 1947 4964 :
1972 4909 2090 4962 Non
2121 4910 2385 4962 auditores
2410 4909 2533 4976 legis
2561 4908 2693 4973 justi
2731 4915 2849 4957 sunt
2873 4908 3011 4972 apud
3038 4901 3348 4966 Deum;sed

1804 5004 2026 5070 factores
2060 5001 2181 5067 legis
2200 4999 2654 5066 justi/icabuutur.
2685 4997 2760 5048 Au
2783 4993 3094 5047 Judworum
3120 4993 3351 5044 solorum

1810 5094 1991 5146 Deus?
2054 5089 2238 5143 Nonne
2278 5101 2324 5142 et
2381 5089 2651 5156 gentium?
2728 5084 2843 5138 Imo
2893 5096 2940 5137 et
3008 5085 3235 5152 gentium
3281 5081 3349 5131 ’⁸.

1809 5183 1980 5237 Simili
2010 5181 2166 5234 modo
2197 5186 2250 5233 et
2293 5177 2578 5232 Dominum
2614 5177 2823 5240 Ieproso
2860 5188 3020 5242 quem
3054 5177 3350 5224 curaverat

1811 5273 2247 5339 praecipientem:
2314 5267 2515 5320 Vadeus
2567 5267 2774 5317 ostende
2839 5273 2886 5315 te
2941 5261 3222 5328 pontiﬁci.
3296 5266 3348 5310 et

1806 5365 1933 5430 u/fer
1969 5376 2155 5413 munus
2187 5360 2322 5428 quod
2341 5358 2576 5423 praecepit
2599 5355 2799 5424 Moyses
2826 5357 2876 5405 iu
2899 5355 3250 5406 testimonium
3281 5350 3350 5402 ".

1810 5449 1871 5501 Et
1903 5449 2095 5500 iterum
2129 5463 2143 5498 :
2179 5443 2337 5497 Amen
2359 5444 2476 5494 dico
2508 5444 2676 5500 vobis,
2731 5442 2840 5493 iota
2876 5455 3058 5498 unum.
3086 5448 3173 5490 aut
3213 5451 3349 5488 unus

1810 5555 1942 5608 apex
1996 5554 2096 5590 non
2126 5535 2405 5603 prwteribit
2438 5551 2468 5585 a
2499 5533 2629 5603 lege,
2658 5533 2818 5584 donec
2846 5531 3020 5584 omnia
3048 5529 3152 5582 hec
3197 5526 3350 5594 ﬁant.

230 5689 278 5719 ’³
315 5685 473 5739 Num.
511 5703 563 5748 κ,
594 5687 648 5747 2,
676 5686 754 5737 ιο.
835 5687 879 5714 ’⁵
905 5682 1034 5737 Luc.
1075 5681 1264 5744 1:1,”.
1342 5680 1386 5710 ¹¹
1425 5677 1582 5730 lium.
1615 5693 1695 5740 ιιι,

1811 5715 1819 5727 .
1898 5675 1940 5705 ’⁸
1973 5671 2129 5726 Rom.
2168 5687 2224 5731 ιι,
2263 5671 2366 5733 15;
2404 5670 2561 5723 Rom.
2595 5668 2784 5731 ttt,‘29.
2857 5667 2895 5695 ’⁷
2921 5664 3103 5716 Matth.
3140 5678 3255 5724 vttl,
3284 5663 3358 5726 ις

138 5762 311 5814 Συὶξιιϊ.
347 5774 383 5821 ι,
426 5756 508 5808 44.

535 5828 775 5882 ΡΛτιιωι
835 5823 953 5878 lin.
991 5815 1390 5878 CXXXVIII.

2820 5803 2894 5862 43
