4082 6482
229 374 363 436 1357

1453 380 1696 438 EPIS’l‘.
1723 379 1816 437 DE
1855 374 2224 438 JEJUNIIS.

3297 396 3433 460 1358

293 498 392 552 κδ’.
423 498 486 550 Oi
509 496 563 549 at
588 497 790 550 τούτων
825 494 1120 563 σοφώτεροι
1170 495 1262 546 καὶ
1295 495 1426 560 πρὸς
1484 493 1579 562 τὴν
1622 511 1775 544 συνο-

1950 491 2038 545 24.
2076 494 2245 548 Potro
2278 496 2442 562 quies
2473 497 2577 552 illis
2605 501 2960 570 sapientiores
2995 517 3141 568 sunt.
3178 519 3431 581 tanquam

219 589 384 649 δικῶς
422 586 849 658 ἐγχαραχθεῖσαν
877 587 1170 654 ἀπόκρισιν
1203 585 1343 637 κατὰ
1405 585 1502 652 τὴν
1577 586 1785 650 ἐφημε-

224 680 348 748 ρίαν
374 679 468 730 τοῦ
499 679 805 745 ἀγιωτὰτου
835 677 1045 729 ἐκείνου
1081 676 1422 744 πατριάρχου
1476 672 1643 742 κυροῦ
1677 672 1785 724 ’Νι-ε

220 769 446 830 κολάου,
494 769 588 820 καὶ
638 767 1133 834 διαλαμὸάνουσαν,
1186 765 1261 827 ὡς
1304 764 1633 831 διείληπται,
1678 779 1775 830 με·

218 858 512 924 τατεθῆναι
543 856 642 926 τὴν
679 855 932 921 νηστείαν
972 854 1067 906 τοῦ
1128 853 1433 919 Αὐγούστου
1490 852 1676 919 μηνὸς,
1709 851 1784 910 ὠς

225 951 306 1008 εἰς
377 948 435 998 τὸ
498 947 878 1015 κρησφύγετον
953 942 1398 1010 καταφεύγουσι,
1469 944 1562 993 καὶ
1627 941 1781 992 ἀδια-

223 1041 441 1106 κρίτους
489 1035 829 1089 ἀποκαλοῦσι
863 1035 954 1086 καὶ
984 1035 1348 1102 νηπιόφρονας
1408 1034 1532 1094 τοὺς
1562 1031 1785 1099 νηστεύ-

217 1147 402 1190 οντας.
436 1131 496 1180 Et
533 1128 588 1180 δέ
627 1145 710 1189 τις
750 1126 1088 1195 ὲπιστομίσει
1136 1125 1396 1188 τούτους,
1451 1123 1642 1188 είπὼν,
1696 1123 1782 1174 Ἐν

221 1223 390 1272 παντὶ
425 1219 599 1288 καιρῷ
633 1218 695 1269 τὸ
727 1219 824 1286 τῆς
849 1219 1098 1284 νηστείας
1127 1217 1396 1285 ἠνίῳκται
1429 1213 1662 1276 στάδιον,
1692 1213 1782 1264 καὶ

215 1312 280 1363 τὸ
305 1313 367 1363 ὲκ
405 1311 608 1378 ταύτης
642 1309 888 1379 βραϐεῖον
915 1309 975 1360 οὐ
1003 1305 1349 1374 μεσιτεύεται
1375 1322 1389 1336 ·
1427 1302 1618 1356 Ἄπιθι
1650 1303 1782 1372 πρὸς

216 1402 344 1461 τοὺς
392 1399 728 1462 πωλοῦντας,
761 1399 913 1466 φασὶ,
943 1399 1010 1450 τὰ
1033 1398 1098 1449 ὲκ
1130 1395 1443 1466 βουκολίων,
1500 1396 1593 1446 καὶ
1663 1409 1783 1445 ποι-

218 1495 415 1561 μνίων,
492 1495 586 1544 καὶ
629 1491 912 1552 πετεινῶν,
967 1491 1060 1544 καὶ
1142 1489 1505 1555 κατανοήσεις
1571 1485 1781 1538 ἐκεῖθεν

213 1584 423 1651 ταύτης
453 1584 550 1652 τῆς
587 1584 845 1650 νηστείας
889 1582 950 1634 τὸ
995 1581 1359 1647 ἀποτέλεσμα.
1398 1579 1459 1630 Εἰ
1519 1579 1616 1646 μὶν
1675 1577 1780 1647 γὰρ

211 1674 560 1743 ἀπρακτοῦσι
611 1677 679 1726 τα
735 1673 882 1740 παρὰ
953 1672 1155 1724 τούτων
1221 1671 1472 1739 διδόμενα
1541 1671 1635 1722 καὶ
1684 1670 1778 1719 ἀν-

212 1764 542 1834 τιδιδόμενα,
575 1765 824 1833 νηστείας
855 1765 971 1816 ἐστὶ
1005 1764 1195 1834 καιρός
1222 1780 1235 1792 ·
1273 1767 1319 1814 εί
1352 1761 1407 1815 δὲ
1449 1761 1517 1812 τὰ
1551 1761 1775 1828 κρέατος

1888 580 1951 630 ad
1981 581 2216 647 praesidii
2271 583 2529 638 latebram
2581 588 2899 657 confugiunt
2935 592 3000 644 ad
3030 580 3432 663 responsionem

1888 669 2144 736 synodico
2198 684 2473 724 exaiatam
2513 686 2754 745 tempore
2787 680 3117 735 sanctissimi
3169 684 3310 740 illius
3340 702 3436 756 pa-

1887 759 2132 812 triarelne
2175 761 2378 814 domini
2407 761 2610 817 Nicolai
2633 805 2648 829 ,
2681 781 2799 833 qua:
2844 768 3018 831 docet,
3049 773 3188 826 sicut
3218 777 3430 841 exposi-

1886 856 1998 902 tum
2035 851 2146 918 jam
2202 851 2322 916 fuit,
2350 853 2662 908 translatum
2697 857 2861 911 fuisse
2890 860 3156 928 jejunium
3204 864 3433 936 Augusti

1887 943 2128 1005 mensis;
2163 953 2322 1010 atque
2369 944 2710 999 discernendi
2761 949 3045 1016 imperitos
3102 963 3155 1006 et
3210 956 3429 1022 puerilia

1886 1030 2181 1084 sentientes
2225 1042 2418 1086 vocant
2460 1050 2552 1088 eos
2600 1037 2691 1103 qui
2721 1037 2988 1105 jejunant.
3039 1041 3190 1106 Quod
3227 1045 3273 1098 si
3306 1046 3433 1114 quis

1883 1132 1944 1170 os
1996 1117 2099 1173 illis
2144 1120 2496 1187 obturaverit,
2524 1124 2731 1186 dicens.
2787 1130 2841 1182 in
2885 1131 3031 1184 omni
3066 1141 3311 1202 tempore
3351 1133 3434 1202 je.

1884 1205 2016 1273 junii
2063 1207 2296 1262 stadium
2337 1221 2542 1279 patere,
2596 1230 2656 1268 ac
2698 1219 2976 1284 prannium
3029 1221 3076 1273 ei
3108 1222 3432 1277 destinatum

1884 1297 2225 1352 medietatem
2262 1303 2738 1374 exceptionemque
2805 1323 2907 1360 non
2950 1311 3277 1367 admittere:
3309 1313 3430 1379 Abi,

1885 1389 2231 1454 respondent,
2277 1391 2341 1444 ad
2391 1405 2486 1444 eos
2509 1393 2601 1460 qui
2629 1408 2821 1450 carnes
2866 1396 3100 1452 bubulas
3146 1409 3198 1454 et
3243 1406 3431 1455 ovinaa

1882 1491 2116 1545 avesque
2162 1481 2415 1543 vendunt,
2457 1482 2688 1551 hincque
2733 1499 2996 1552 agnosces
3042 1489 3204 1557 hujus
3235 1489 3431 1560 jejuni!

1881 1569 2353 1634 complementum.
2401 1569 2532 1623 Nam
2586 1573 2629 1624 si
2679 1570 2945 1628 feriantur
2990 1591 3109 1644 quae
3144 1592 3239 1645 per
3286 1577 3434 1647 ipso:

1881 1653 2082 1707 dantur
2128 1664 2182 1709 et
2221 1657 2587 1724 accipiuntur,
2615 1658 2807 1726 jejunii
2843 1669 3052 1729 tempus
3084 1671 3186 1716 est.
3212 1662 3309 1719 Sin
3339 1679 3436 1718 au-

1882 1748 1988 1795 tem
2019 1757 2211 1797 carnes
2243 1746 2476 1807 venales,
2509 1760 2604 1812 pro
2633 1761 2780 1802 more
2815 1750 2880 1800 ad
2905 1763 3127 1802 censum
3146 1759 3432 1816 vocantur,

212 1853 350 1908 ὤνια
408 1856 651 1925 συνήθως
694 1853 1190 1921 κατακηνσεύονται
1242 1852 1314 1921 μὴ
1352 1850 1774 1917 κατακιϐδήλευε

1885 1832 1992 1884 noli
2039 1833 2333 1900 depravare
2355 1837 2742 1902 celebritatem,
2801 1853 2901 1892 nec
2950 1840 3122 1894 solam
3163 1841 3230 1894 ob
3269 1841 3438 1912 hypo-

211 1947 312 2014 τὴν
373 1947 710 2014 πανήγυριν,
779 1943 910 2013 μηδὲ
978 1944 1065 1994 διὰ
1121 1944 1288 2010 μόνην
1348 1941 1632 2010 ὑπόκρισιν
1686 1941 1782 2000 τὰς

212 2035 317 2104 ήδη
361 2035 698 2103 σχολασάσας
729 2033 838 2084 τῶν
883 2032 1149 2086 Ἰουδαίων
1180 2031 1428 2099 νηστείας
1468 2030 1782 2098 ἐπισφαλῶς

211 2124 551 2186 ἀνακαίνιζε.
608 2125 697 2192 Μὴ
727 2123 877 2188 γοῦν,
937 2123 1075 2176 κατὰ
1123 2123 1348 2185 τούτους
1383 2124 1677 2192 προφάσεις
1725 2123 1782 2172 ὲν

208 2216 508 2285 ἁμαρτίαις
555 2214 1033 2283 προφασιζόμενοι,
1072 2215 1179 2266 τῶν
1219 2215 1484 2282 ῥηθεισῶν
1520 2213 1780 2281 νηστειῶν

207 2308 600 2376 ἀχρειώσωμεν
628 2309 726 2374 τὴν
758 2307 1061 2376 σεμνότητα
1088 2322 1100 2334 ’
1149 2307 1281 2376 μηδὲ
1306 2305 1445 2358 κατὰ
1474 2306 1564 2357 τὸν
1599 2304 1780 2357 δοῦλον

203 2401 415 2451 ἐκεῖνον
440 2400 528 2450 τὸν
556 2401 922 2469 περιπόνηρον
951 2400 1011 2451 τὸ
1049 2401 1147 2466 τῆς
1175 2401 1422 2467 νηστείας
1458 2397 1780 2451 ὀλϐιώτατον

201 2491 468 2545 τάλαντον
537 2495 616 2554 είς
692 2493 796 2560 γῆν
878 2492 1320 2561 γαστριμαργίας
1390 2492 1481 2542 καὶ
1530 2487 1779 2556 ἀπογνώ-

203 2599 345 2643 σεως
371 2583 805 2652 καταχώσωμεν·
847 2583 980 2652 μηδὲ
1007 2585 1250 2649 εἴπωμεν
1284 2585 1417 2650 πρὸς
1450 2583 1539 2635 τὸν
1579 2583 1775 2634 Δεσπό-

205 2689 304 2739 την
352 2673 444 2724 καὶ
497 2671 628 2724 Θεὸν
683 2673 838 2742 ήμῶν
875 2688 888 2702 ·
947 2672 1142 2740 Ἔχεις
1191 2673 1257 2724 τὸ
1307 2673 1466 2724 σόν⁶
1521 2674 1769 2739 νηστείαν

201 2766 315 2833 γὰρ
358 2764 757 2834 ἑνηστεύσαμεν
794 2764 1385 2833 τεσσαρακονθήμερον,
1420 2765 1484 2832 ἢν
1545 2765 1636 2815 καὶ
1675 2763 1769 2814 at)-

197 2855 294 2916 τὺς
336 2856 669 2922 ὲνήστευσας
711 2856 787 2917 ὡς
828 2856 1178 2924 θεάνθρωπος
1208 2872 1222 2884 ’
1253 2855 1387 2906 ἀλλὰ
1454 2855 1598 2906 κατὰ
1677 2856 1770 2905 τὸν

193 2947 388 2998 δοῦλον
414 2948 501 2998 τὸν
539 2948 743 3014 ἀγαθὸν
776 2947 1370 3015 πολλαπλασιάσωμεν,
1401 2947 1487 2999 διὰ
1513 2945 1766 3013 νηστείας

195 3036 296 3088 καὶ
326 3037 628 3104 προσευχῆς
669 3036 769 3104 τὴν
805 3037 1075 3105 ἐμπορίαν
1121 3035 1219 3103 τῆς
1268 3035 1538 3102 σωτηρίας
1575 3050 1755 3102 πραγ-

198 3128 586 3195 ματευόμενοι.

278 3220 374 3267 κε’.
416 3214 539 3264 ’Ότι
570 3213 625 3264 δὲ
657 3213 755 3273 τὰς
782 3212 953 3273 θείας,
980 3214 1075 3264 καὶ
1137 3213 1314 3276 ἁγίοις
1369 3213 1686 3275 ἀποστόλοις
1714 3215 1770 3265 ἐν

198 3306 281 3377 τῷ
315 3304 388 3368 ξυ’
423 3306 607 3358 κανόνι
685 3305 1127 3374 νενομοθέτηται,
1183 3307 1283 3367 τὰς
1329 3307 1769 3374 παραδεδομένας

195 3398 485 3467 νηστείας,
525 3397 612 3449 διὰ
647 3397 975 3465 σωματικὴν
1008 3397 1296 3451 ἀσθένειαν
1360 3397 1720 3450 καταλύεσθαι
1756 3413 1769 3426 ·

196 3487 316 3542 εἷεν
345 3489 400 3540 δὲ
422 3485 656 3542 abruta!
682 3490 775 3540 τοῦ
809 3489 930 3541 ὅλου
964 3489 1158 3558 χρόνον
1217 3490 1486 3558 Τετράδες
1539 3492 1631 3541 καὶ
1668 3491 1774 3540 [1a.-

203 3577 478 3647 ρασκευαί
505 3592 518 3605 ·
559 3577 963 3646 παρεγγυῶμαι
990 3578 1137 3644 ὑμῖν,
1183 3577 1287 3644 πρὸ
1330 3576 1426 3644 μὲν
1482 3575 1770 3642 ὲπταήμε-

201 3669 320 3739 ρῶν
346 3669 583 3738 ἑκάστης
624 3669 732 3721 τῶν
767 3667 1043 3740 ρηθεισῶν
1069 3668 1298 3737 ἑορτῶν,
1331 3667 1391 3730 ἐξ
1462 3665 1774 3732 ἀπαραιτή-

195 3778 298 3814 του
333 3760 616 3828 νηστεύειν
649 3761 744 3812 καὶ
785 3757 1241 3828 ὲγκρατεύεσοαι,
1281 3757 1458 3817 καθὼς
1511 3757 1771 3808 καὶκατὰ

192 3850 301 3920 τὴν
365 3851 459 3902 τοῦ
502 3850 740 3917 μεγάλου
795 3848 1197 3916 θεοπαραδότου
1265 3845 1774 3915 τεσσαρακονθημέ-

195 3959 321 4011 ρον,
377 3941 469 3992 καὶ
505 3941 577 4009 μὴ
601 3938 892 3990 καταλύειν
932 3938 1087 4000 ὅλως,
1147 3937 1234 3989 διά
1276 3955 1396 3991 τινα
1452 3938 1770 4006 περίστασιν

193 4033 456 4101 σώματος
487 4049 502 4063 '
528 4035 585 4084 ἐν
616 4031 672 4083 δὲ
699 4033 817 4092 ταῖς
847 4031 1058 4091 λοιπαῖς
1085 4030 1370 4098 νηστίμοις
1416 4031 1670 4097 ἡμέραις,
1697 4030 1770 4088 ως

191 4127 442 4193 εἴρηται,
495 4123 585 4175 δύο
645 4123 912 4193 λαμπρῶν
977 4121 1363 4189 πανηγύρεων,
1425 4121 1533 4172 τῶν
1599 4121 1771 4184 ἁγίων

204 4215 576 4278 ’Λποστόλων,
620 4216 784 4284 φημὶ,
827 4215 923 4266 καὶ
954 4217 1059 4266 τῶν
1089 4213 1384 4264 Γενεθλίων
1406 4211 1499 4264 τοῦ
1529 4211 1767 4280 Χριστοῦ

193 4306 294 4358 καὶ
320 4303 479 4364 Θεοῦ,
505 4307 624 4366 ταῖς
656 4305 764 4370 πρὸ
789 4303 893 4355 τῶν
914 4304 1312 4372 ἑπταιήμερῶν
1376 4303 1478 4369 τῆς
1528 4304 1766 4370 ἀπαραι-

191 4400 365 4464 τήτου
401 4395 652 4462 νηστείας
684 4395 1172 4463 παραδεδομέναις,
1221 4394 1296 4456 ὠς
1334 4395 1568 4462 εἴρηται,
1600 4395 1646 4444 εἰ
1669 4410 1766 4445 κα-

1880 1921 2089 1982 crisim,
2121 1923 2229 1990 jam
2263 1926 2428 1980 desita
2452 1925 2762 1982 Judaeorum
2788 1929 2994 1998 jejunia
3026 1946 3288 1987 renovare
3306 1949 3429 1988 cum

1882 2012 2147 2077 periculo.
2203 2013 2281 2067 Ne
2326 2016 2490 2084 igitur
2555 2033 2740 2072 eorum
2801 2021 3046 2088 exemplo
3103 2032 3431 2079 excusantes

1880 2104 2262 2157 excusationes
2305 2107 2358 2159 in
2397 2108 2637 2174 peccatis
2665 2109 2731 2170 ³¹,
2779 2108 3046 2163 dictorum
3099 2112 3428 2180 jejuniorum

1883 2192 2197 2248 aboleamus
2246 2195 2634 2263 sanctitatem;
2678 2214 2851 2268 neque
2900 2199 3053 2268 juxta
3093 2215 3310 2253 servum
3367 2200 3432 2253 il.

1886 2283 1993 2334 lum
2021 2285 2439 2352 nequissimum,
2490 2288 2679 2356 jejunii
2723 2289 3096 2344 beatissimum
3128 2291 3383 2345 talentum
3418 2328 3432 2352 ,

1881 2369 1935 2424 iu
1965 2380 2164 2426 terram
2199 2376 2334 2443 gulae
2365 2384 2418 2429 et
2443 2377 2667 2445 abjectaa
2706 2379 2822 2447 spei
2858 2379 3186 2444 obruamus;
3225 2394 3322 2433 nec
3357 2378 3438 2432 di-

1879 2476 2066 2516 camus
2147 2464 2211 2516 ad
2270 2465 2554 2520 Dominum
2614 2467 2891 2538 Deumque
2943 2469 3432 2523 nostrumzllabes

1876 2554 2014 2620 quod
2048 2562 2193 2606 tuum
2233 2567 2306 2607 est
2359 2557 2402 2586 "
2438 2573 2450 2606 ε
2504 2556 2985 2626 Quadragesimam
3030 2561 3172 2612 enim
3220 2559 3433 2629 jejuna-

1879 2641 2081 2703 vimus,
2119 2656 2282 2709 quam
2317 2644 2432 2710 ipse
2476 2653 2531 2695 tu
2561 2643 2821 2712 jejunasti
2858 2645 3002 2698 velut
3030 2644 3174 2700 Deus
3220 2647 3384 2703 homo
3417 2666 3432 2704 :

1880 2729 1972 2782 sed
1998 2729 2150 2796 juxta
2181 2745 2396 2784 servum
2437 2745 2658 2795 nonum,
2696 2733 3139 2802 multiplicetnus,
3174 2750 3269 2803 per
3296 2735 3435 2805 jeju-

1880 2819 2029 2870 nium
2065 2829 2117 2871 et
2154 2822 2452 2872 orationem
2483 2822 2547 2873 ad
2591 2822 3016 2890 negotiationem
3065 2823 3256 2878 salutis
3293 2825 3431 2893 adji-

1878 2909 2083 2962 cieutes
2117 2912 2382 2962 animum.

1945 3197 2034 3249 9.5.
2069 3197 2336 3251 Caeterum
2374 3200 2501 3266 quia
2551 3215 2646 3266 per
2683 3209 2901 3255 sanctos
2947 3203 3226 3271 apostolos
3257 3204 3309 3258 in
3340 3221 3434 3260 ea-

1878 3302 2020 3340 none
2067 3287 2154 3350 6'),
2204 3290 2320 3357 lege
2371 3288 2641 3343 sancitum
2673 3300 2778 3354 est,
2823 3299 2878 3343 ut
2911 3293 3096 3346 divina
3135 3295 3435 3364 traditaque

1871 3375 2078 3444 jejunia
2115 3386 2334 3445 propter
2360 3379 2693 3444 corporalem
2722 3379 3086 3435 infirmitatem
3120 3385 3434 3450 solvantur;

1881 3467 2079 3520 iuerint
2104 3477 2283 3520 autem
2327 3468 2438 3530 illa,
2472 3469 2637 3522 totius
2673 3469 2798 3522 anui
2833 3482 3037 3538 quarta:
3060 3484 3329 3543 sextaque
3353 3474 3431 3528 fe-

1882 3559 2008 3623 rite;
2044 3559 2305 3612 denuntio
2333 3559 2505 3623 vobis,
2541 3567 2596 3611 ut
2629 3568 2752 3612 ante
2780 3569 2978 3628 septem
3021 3563 3134 3616 dies
3166 3565 3429 3634 cujusque

1876 3651 2168 3704 relatorum
2205 3651 2488 3717 festorum,
2521 3653 2655 3704 citra
2698 3653 3130 3721 deprecationem
3169 3655 3427 3724 jejunetis

1873 3751 1928 3795 et
1961 3740 2294 3794 abstinenter
2323 3745 2535 3806 vivatis,
2580 3757 2788 3795 necnon
2823 3757 2917 3809 per
2945 3758 3193 3813 magnam
3245 3761 3272 3798 a
3325 3745 3433 3800 Deo

1885 3832 2136 3884 traditam
2172 3829 2670 3900 Quadragesimam,
2703 3847 2801 3886 nec
2823 3833 3085 3887 ullatenus
3111 3834 3329 3891 solvatis
3351 3835 3435 3904 je-

1869 3923 2082 3991 junium
2136 3932 2362 3991 propter
2391 3923 2688 3990 quamlibet
2718 3923 2967 3991 corporis
3013 3925 3434 3989 necessitatem;

1874 4017 1924 4068 in
1952 4016 2175 4082 reliquis
2215 4030 2343 4066 vero
2378 4014 2704 4068 esurialihus
2728 4015 2948 4080 diebus,
2985 4026 3041 4068 ut
3071 4017 3275 4071 dictum
3311 4027 3433 4074 est.

1873 4107 2103 4159 duarum
2129 4106 2401 4159 clararum
2430 4107 2825 4168 celebritatum,
2870 4119 3184 4163 sanctorum
3220 4121 3440 4176 aposto-

1873 4197 2071 4264 lorum,
2101 4199 2348 4266 inqoam,
2378 4208 2428 4250 et
2465 4196 2673 4252 Natalis
2705 4197 2909 4253 Christi
2952 4198 3173 4267 Deique,
3207 4214 3300 4266 per
3333 4212 3442 4252 tra-

1870 4288 2012 4341 ditos
2065 4288 2182 4342 dies
2222 4288 2310 4357 qui
2345 4287 2654 4356 pnecetlunt
2694 4289 2816 4341 illos
2849 4297 3177 4342 memoratos
3218 4297 3419 4354 septem

1865 4378 2053 4445 jejunii
2115 4378 2337 4431 omnino
2395 4377 2720 4442 necessarii,
2782 4377 2826 4431 si
2886 4377 3152 4445 jejunium
3215 4379 3426 4433 solvere

189 4486 434 4544 ταλῦσαι
492 4487 696 4550 δεήσει,
771 4485 859 4537 διὰ
921 4485 1240 4552 σωματικὴν
1302 4486 1430 4545 ἴσως
1487 4483 1768 4535 ἀσθένειαν

1879 4478 2153 4538 oporteat,
2199 4471 2381 4521 forsan
2439 4466 2739 4535 corporalis
2790 4469 3132 4523 necessitatis
3175 4484 3329 4540 ergo,
3374 4474 3424 4526 id

192 4578 376 4628 ποιεῖν
438 4575 526 4626 καὶ
584 4573 760 4638 τοῦτο,
814 4573 952 4641 μετὰ
998 4573 1314 4642 προτροπῆς
1389 4570 1773 4638 ἑπισκοπικῆς.

192 4666 418 4729 ’Δλλως
441 4666 760 4728 κινδυνῶδες
783 4667 898 4717 ἐστι
939 4666 1031 4718 καὶ
1062 4664 1330 4733 ὀλέθριον.

269 4821 387 4886 κς’.
416 4821 787 4890 Νηστεύοντες
823 4821 901 4883 δὲ,
933 4819 1006 4889 μὴ
1029 4821 1422 4887 νηστεύσωμεν
1450 4819 1528 4879 είς
1563 4819 1774 4888 κρίσεις

190 4920 296 4970 καὶ
332 4916 510 4982 μάχας
534 4915 629 4965 καὶ
655 4913 1056 4982 ψιθυρίσματα,
1086 4912 1221 4980 μηδὲ
1239 4909 1497 4979 τύψωμεν
1529 4913 1774 4978 πυγμαῖς

188 5010 290 5060 ’τὸν
328 5007 581 5058 ταπεινὸν
609 5007 704 5058 καὶ
724 5004 1089 5073 προσήλυτον.
1148 5001 1417 5070 Λύσωμεν
1477 5002 1532 5053 δὲ
1575 5001 1777 5070 μᾶλλον

193 5098 386 5150 πάντα
410 5094 708 5160 σύνδεσμον
733 5092 970 5157 ἀδικίας,
1013 5091 1108 5144 καὶ
1141 5091 1333 5159 βιαίων
1398 5088 1779 5157 συναλλαγμά-

191 5205 312 5239 των
349 5187 686 5254 χειρὸγραφα
713 5183 1102 5249 διασπάσωμεν
1135 5198 1146 5211 ·
1179 5181 1410 5233 πεινῶσι
1441 5181 1538 5248 μὲν
1588 5181 1781 5246 ἄρτους

194 5280 298 5332 καὶ
325 5279 533 5346 τροφὰς
565 5274 1011 5343 διαθρύπτοντες,
1046 5274 1298 5339 ἀστέγοις
1315 5273 1371 5324 δὲ
1405 5273 1496 5324 καὶ
1549 5273 1782 5339 πτωχοῖς

193 5371 332 5430 τοὺς
377 5369 562 5428 οἴκους
635 5367 966 5435 ἀνοίγοντες,
1035 5367 1175 5417 κατὰ
1231 5365 1291 5416 τὸ
1360 5362 1448 5414 τοῦ
1503 5364 1780 5432 προφήτου

199 5460 602 5532 παράγγελμα.
634 5458 925 5526 Οῦτωγὰρ
951 5457 1008 5509 τὸ
1051 5457 1167 5523 φῶς
1213 5458 1310 5525 τῆς
1377 5456 1519 5524 ζωῆς
1614 5457 1770 5524 ήμῶν

206 5553 425 5624 λάμψει
463 5553 526 5605 ἐκ
550 5552 782 5620 πρωΐας,
821 5553 894 5612 ὼς
915 5553 1247 5616 γέγραπται,
1281 5550 1373 5601 καὶ
1410 5549 1506 5616 τῆς
1531 5547 1773 5616 κραυγῆς

276 5733 317 5763 ³¹
354 5730 499 5786 Psal.
526 5743 646 5792 cst,
678 5731 727 5781 lt.

1875 4570 2091 4625 quoque
2136 4555 2349 4609 faciatis
2398 4572 2516 4608 cum
2566 4554 2807 4622 episcopi
2862 4558 3237 4610 concessione.
3303 4558 3427 4610 Alio

1874 4645 2073 4712 quippe
2117 4644 2297 4706 modo,
2333 4642 2631 4710 quamlibet
2659 4655 2980 4696 cunctarum
3032 4644 3174 4697 diem
3222 4645 3430 4700 violare

1876 4734 2054 4787 soluto
2091 4734 2324 4802 jejunio,
2369 4732 2737 4795 periculosum
2785 4742 2869 4787 est
2918 4744 3082 4803 atque
3116 4737 3433 4791 exitiosum.

1947 4823 2038 4878 26.
2077 4822 2207 4874 Dum
2242 4831 2416 4876 autem
2443 4822 2858 4890 jejunamus,ne
2884 4825 2937 4877 in
2964 4825 3107 4889 lites,
3138 4826 3444 4880 dimicatio-

1876 4928 1973 4967 nes
2003 4922 2054 4967 et
2107 4913 2399 4969 maledicos
2427 4928 2683 4968 snsurros
2715 4915 3021 4982 jejunemus
3048 4954 3060 4976 ,
3085 4930 3216 4968 neve
3246 4917 3440 4983 pugnis
3467 4930 3472 4935 λ

1879 5003 2228 5056 verberemus
2264 5003 2521 5057 humilem
2546 5013 2601 5057 et
2636 5006 2920 5057 advenam.
2954 5004 3093 5070 Quin
3128 5006 3309 5074 potius
3336 5008 3446 5061 sol-

1879 5108 2067 5146 vamus
2097 5107 2258 5146 omne
2295 5093 2571 5147 vinculum
2621 5094 2948 5161 iniquitatis,
2993 5105 3046 5146 et
3080 5095 3443 5148 violentorutn

1880 5194 2262 5239 contractnum
2315 5185 2672 5256 chirographa
2717 5186 3138 5253 diseerpamus;
3187 5186 3433 5240 esurien-

1884 5274 2028 5329 tibus
2066 5274 2286 5343 quidem
2352 5275 2658 5344 frangentes
2686 5289 2852 5344 panes
2891 5285 2943 5328 et
2967 5277 3138 5340 cibos,
3168 5285 3307 5329 tecto
3352 5290 3419 5329 au

1893 5376 1995 5418 tem
2037 5367 2354 5420 carentibus
2404 5374 2458 5418 et
2508 5366 2840 5435 pauperibus
2881 5367 3192 5434 aperientes
3232 5365 3446 5432 domos,

1875 5458 2028 5526 juxta
2063 5459 2334 5524 prophetae
2372 5458 2635 5510 monitum
2666 5457 2730 5509 ³³.
2779 5457 2870 5510 Sic
2904 5457 3046 5512 enim
3100 5458 3280 5512 lumen
3327 5459 3451 5513 vita

1887 5559 2088 5601 nostra:
2147 5549 2384 5600 diluculo
2414 5547 2658 5616 fulgebit,
2690 5547 3140 5617 quemadmodum
3183 5548 3447 5617 scriptum

809 5731 851 5760 "
893 5727 1081 5784 Matth.
1120 5744 1247 5794 xw,
1273 5729 1358 5782 9.5.
1439 5729 1480 5759 ³³
1512 5727 1609 5780 lsa.
1643 5745 1792 5796 Lvnt,
1826 5730 1856 5784 6
1881 5736 1933 5782 et
1968 5745 2074 5798 seq.
