4082 6472
228 368 358 431 1357

219 583 379 644 δικῶς
418 581 846 652 ἐγχαραχοεῖσαν
875 581 1168 650 ἀπόκρισιν
1201 579 1341 631 κατὰ
1403 579 1500 647 τὴν
1575 581 1782 644 ἐφημε-

223 675 345 743 ρίαν
370 674 466 725 τοῦ
496 673 802 740 ἁγιωτάτου
833 672 1043 724 ἐκείνου
1079 670 1419 738 πατριάρχου
1475 667 1641 736 κυροῦ
1675 667 1782 718 ’Νιο-

220 764 443 826 κολάου,
491 765 586 815 καὶ
635 762 1132 828 διαλαμϐάνουσαν,
1184 759 1260 821 ὡς
1302 758 1630 826 διείληπται,
1676 773 1772 824 με·

219 853 510 918 τατεοῆναι
541 851 640 920 τὴν
677 850 930 916 νηστείαν
969 849 1065 901 τοῦ
1126 847 1431 913 Αὐγούστου
1487 846 1674 914 μηνὸς,
1707 845 1781 904 ὼς

224 946 303 1003 εἰς
373 943 432 993 τὸ
495 941 877 1010 κρησφύγετον
951 937 1396 1005 καταφεύγουσι,
1467 938 1560 987 καὶ
1625 936 1779 987 ἀδια-

223 1035 439 1102 κρίτους
487 1030 827 1084 ἀποκαλοῦσι
861 1030 951 1081 καὶ
981 1029 1346 1097 νηπιὸφρονας
1405 1029 1530 1089 τοὺς
1560 1026 1782 1093 νηστεύ-

218 1142 400 1185 οντα;.
434 1126 493 1175 El
531 1123 586 1175 δέ
625 1139 707 1184 τις
747 1121 1086 1190 ὲπιστομίσει
1134 1119 1355 1180 τούτους
1380 1159 1394 1182 ,
1449 1118 1640 1182 εἰπὼν,
1694 1118 1780 1169 Ἐν

222 1217 388 1267 παντὶ
422 1213 596 1283 καιρῷ
631 1213 693 1264 τὸ
725 1214 822 1281 τῆς
846 1213 1096 1280 νηστείας
1125 1211 1394 1280 ὴνίῳκται
1427 1207 1659 1270 στάδιον,
1690 1207 1780 1258 καὶ

216 1307 274 1358 τὸ
299 1307 364 1358 ὲκ
403 1305 605 1374 ταύτης
639 1303 886 1374 βραδεῖον
912 1303 973 1354 οὐ
1000 1300 1346 1369 μεσιτεύεται
1373 1316 1387 1331 ο
1426 1297 1616 1351 Ἀπιθι
1648 1297 1779 1366 πρὸς

216 1397 339 1456 τοὺς
390 1394 726 1456 πωλοῦντας,
758 1393 910 1460 φασὶ,
941 1393 1008 1445 τὰ
1031 1392 1096 1444 ὲκ
1128 1390 1441 1460 βουκολίων,
1498 1391 1591 1440 καὶ
1661 1404 1781 1440 ποι-

217 1488 412 1555 μνίων,
489 1490 584 1538 καὶ
627 1487 910 1547 πετεινῶν,
965 1486 1058 1538 καὶ
1140 1484 1503 1550 κατανοήσεις
1569 1479 1778 1533 ἐκεῖθεν

214 1579 421 1645 ταύτης
451 1579 547 1646 τῆς
585 1579 843 1644 νηστείας
887 1577 948 1629 τὸ
993 1575 1357 1642 ἀποτέλεσμα.
1397 1574 1457 1624 EE
1517 1574 1614 1640 μιν
1673 1572 1778 1642 γὰρ

212 1669 558 1738 ἀπρακτοῦσι
609 1672 677 1721 τὰ
733 1668 879 1736 παρὰ
951 1667 1153 1719 τούτων
1219 1666 1470 1734 διδόμενα
1539 1665 1634 1717 καὶ
1682 1664 1776 1714 ἀν-

213 1759 540 1828 τιδιδόμενα,
572 1760 822 1828 νηστείας
853 1760 968 1810 ἐστὶ
1003 1759 1193 1828 καιρός
1221 1775 1233 1788 ·
1271 1761 1318 1809 εί
1350 1756 1405 1810 δὲ
1447 1756 1515 1808 τὰ
1549 1757 1774 1824 κρέατος

1450 375 1695 432 EPlS’l‘.
1721 374 1814 431 DE
1852 368 2223 432 JEJUNHS.

289 493 387 546 κδ’.
420 493 483 545 Ol
505 492 560 544 δὲ
586 492 787 544 τούτων
822 489 1119 558 σοφώτεροι
1167 489 1260 540 καὶ
1292 489 1424 554 πρὸς
1482 488 1576 557 τὴν
1620 505 1773 538 awa-
1803 490 1850 547 Α

3295 390 3431 454 1358

1948 486 2036 539 24.
2073 488 2242 541 Porro
2275 490 2440 557 quiex
2471 491 2576 546 illis
2603 495 2958 563 sapientiores
2993 512 3140 562 sunt,
3176 513 3429 574 tanquam

1886 575 1948 624 ad
1979 576 2214 641 praesidii
2269 577 2528 632 latebram
2580 582 2897 651 confugiunt
2933 587 2997 639 ad
3029 591 3430 658 respOnsionem

1885 664 2142 730 synodico
2196 677 2471 718 exaratam
2511 680 2752 739 tempore
2786 675 3114 729 sanctissimi
3167 678 3308 735 illius
3338 696 3434 750 pa-

1885 753 2130 806 triarch:e
2173 756 2376 807 domini
2405 756 2608 811 Nicolai
2632 799 2647 824 ,
2680 775 2798 828 quae
2843 762 3016 826 ducet,
3047 767 3186 820 sicut
3217 771 3428 835 exposi-

1884 850 1995 896 tum
2033 845 2143 912 jam
2200 845 2320 910 fuit,
2348 848 2660 901 translatum
2695 850 2860 906 fuisse
2888 855 3154 923 jejunium
3202 859 3431 930 Augusti

1885 937 2126 1000 mensis;
2161 947 2320 1004 atque
2367 938 2708 994 discernendi
2759 943 3043 1010 imperitos
3100 957 3153 1001 et
3207 951 3427 1016 puerilia

1883 1024 2179 1079 sentientes
2223 1037 2416 1080 vocant
2458 1044 2551 1082 eos
2599 1032 2690 1098 qui
2719 1031 2987 1100 jejunant.
3038 1035 3188 1100 Quod
3225 1039 3270 1092 si
3305 1041 3431 1108 quis

1881 1127 1942 1165 os
1993 1113 2096 1167 illis
2142 1115 2494 1182 obturaverit,
2522 1119 2729 1180 dicens.
2787 1124 2840 1176 in
2883 1126 3029 1178 omni
3065 1135 3309 1196 tempore
3349 1128 3432 1197 je-

1882 1199 2014 1268 junii
2061 1202 2294 1256 stadium
2337 1215 2540 1273 patere,
2595 1224 2655 1263 ac
2697 1213 2974 1279 praemium
3027 1215 3074 1267 ei
3106 1217 3429 1272 destinatum

1882 1292 2223 1346 medietatem
2261 1298 2736 1368 exceptionemque
2803 1318 2906 1354 non
2948 1305 3275 1361 admittere:
3308 1307 3427 1374 Abl,

1883 1383 2229 1448 respondent,
2275 1385 2340 1437 ad
2390 1400 2484 1439 eos
2508 1387 2600 1454 qui
2627 1403 2820 1444 carnes
2865 1391 3099 1447 bubulas
3144 1402 3197 1448 et
3242 1399 3429 1450 ovinas

1880 1485 2115 1540 avesque
2160 1475 2414 1538 vendunt,
2455 1476 2686 1545 hincque
2732 1493 2994 1547 agnosces
3040 1483 3202 1552 hujus
3233 1483 3429 1554 jejunii

1879 1564 2351 1629 complementum.
2400 1563 2530 1617 Nam
2585 1567 2628 1618 si
2679 1565 2943 1622 feriantur
2989 1585 3107 1638 qua:
3142 1586 3237 1640 per
3284 1572 3432 1641 ipsos

1879 1648 2080 1702 dantur
2127 1659 2180 1704 et
2220 1652 2587 1718 accipiuntur,
2614 1653 2806 1721 jejunii
2842 1663 3050 1724 tempus
3083 1665 3184 1710 est.
3211 1656 3307 1713 Sin
3337 1674 3434 1713 au-

1880 1743 1986 1790 tem
2017 1752 2209 1792 carnes
2241 1741 2474 1802 venales,
2507 1754 2603 1807 pro
2632 1757 2780 1796 more
2814 1744 2878 1795 ad
2905 1757 3125 1796 censum
3145 1753 3430 1810 vocantur,

214 1849 348 1902 ῶνια
386 1816 649 1919 ⁸συνήθως
692 1816 1188 1915 κατακηνσεύονται
1240 1846 1312 1916 μὴ
1350 1845 1772 1912 κατακιόδήλευε
1813 1816 1852 1868 Β
1883 1827 2005 1919 ’πλη
2037 1827 2331 1895 ἀερτθνπε
2353 1831 2741 1896 εθΙεῙπῙῐδῑθιηο
2800 1847 2900 1886 nec
2949 1834 3120 1888 9013'“
3161 1835 3229 1888 οδ
3267 1835 3436 1906 MPO"

213 1942 308 2008 τὴν
372 1942 708 2008 πανήγυριν,
777 1938 909 2008 μηδὲ
976 1939 1063 1989 διὰ
1119 1939 1285 2006 μόνην
1347 1937 1630 2004 ὑπόκρισιν
1684 1935 1780 1994 τὰς

214 2030 312 2099 ἥδη
359 2030 696 2097 σχολασάσας
727 2028 836 2079 τῶν
881 2027 1148 2081 Ἰουδαίων
1178 2026 1426 2093 νηστείας
1465 2025 1780 2092 ἐπισφαλῶς

213 2118 549 2180 ἀνακαίνιζε.
606 2119 695 2186 Μὴ
726 2118 875 2183 γοῦν,
935 2118 1073 2170 κατὰ
1122 2117 1346 2179 τούτους
1381 2119 1675 2186 προφάσει;
1723 2118 1781 2166 ὲν

210 2211 507 2279 ἁμαρτίαις
553 2209 1031 2277 προφασιζόμενοι,
1070 2210 1178 2261 τῶν
1218 2210 1482 2276 ρηθεισῶν
1519 2208 1779 2276 νηστειῶν

210 2303 599 2370 ἀχρειὼσωμεν
626 2303 724 2368 τὴν
756 2301 1060 2369 σεμνότητα
1087 2317 1098 2328 ’
1147 2302 1279 2370 μηδὲ
1305 2300 1444 2352 κατὰ
1472 2301 1562 2352 τὸν
1597 2299 1779 2352 δοῦλον

207 2395 412 2446 ἐκεῖνον
438 2395 526 2445 τὸν
554 2395 920 2463 περιπόνηρον
949 2395 1010 2446 τὸ
1047 2395 1145 2461 τῆς
1174 2395 1421 2461 νηστείας
1457 2392 1778 2445 ὀλϐιώτατον

205 2486 466 2540 τάλαντον
535 2489 614 2548 είς
691 2487 794 2554 γῆν
877 2486 1318 2556 γαστριμαργίας
1389 2487 1480 2538 καὶ
1529 2483 1777 2550 ἀπογνώ-

207 2593 340 2638 σεως
366 2577 804 2646 καταχώσωμενο
845 2578 979 2646 μηδὲ
1006 2579 1248 2643 εἴπωμεν
1282 2579 1414 2645 πρὸς
1449 2577 1538 2629 τὸν
1578 2577 1774 2628 Δεσπὸ-

209 2683 299 2733 την
347 2667 442 2718 καὶ
496 2665 626 2718 Θεὸν
681 2667 836 2736 ἡμῶν
873 2682 887 2696 ·
946 2667 1141 2734 Ἔχεις
1189 2668 1256 2719 τὸ
1306 2668 1465 2719 σόν·
1519 2668 1768 2734 νηστείαν

205 2760 310 2828 γὰρ
353 2758 755 2828 ἐνηστεύσαμεν
792 2759 1384 2828 τεσσαρακονθήμερον,
1419 2759 1482 2827 ῆν
1543 2759 1634 2809 καὶ
1673 2758 1768 2808 αὑ-

201 2849 290 2910 τὸς
331 2851 668 2917 ὲνῆστευσας
709 2851 786 2912 ὠς
827 2850 1177 2918 Θεάνθρωπος
1207 2867 1221 2878 ·
1251 2849 1386 2901 ἀλλὰ
1453 2849 1597 2901 κατά
1676 2852 1769 2899 τὸν

198 2941 384 2993 δοῦλον
412 2943 500 2992 τὸν
539 2941 741 3009 ἀγαθὸν
774 2942 1369 3010 πολλαπλασιάσωμεν,
1400 2942 1486 2994 διὰ
1512 2940 1765 3008 νηστείας

200 3031 291 3082 καὶ
321 3031 627 3100 προσευχῆς
667 3030 768 3099 τὴν
804 3032 1074 3100 ἐμπορίαν
1120 3030 1218 3098 τῆς
1267 3030 1537 3097 σωτηρίας
1573 3045 1754 3097 πραγ·

203 3123 585 3189 ματευόμενοι.

274 3215 371 3262 κε’.
415 3209 538 3260 Ὅτι
568 3208 623 3259 δὲ
655 3208 753 3268 τὰς
781 3207 952 3268 Θείας,
979 3209 1074 3259 καὶ
1135 3207 1313 3270 ἁγίοις
1367 3207 1684 3270 ἀποστόλοις
1713 3210 1768 3259 ἐν

202 3301 276 3372 τῷ
310 3299 386 3364 ξυ⁹
421 3301 605 3353 κανόνι
684 3299 1126 3368 νενομοθέτηται,
1182 3302 1281 3362 τὰς
1329 3301 1768 3368 παραδεδομένας

201 3393 482 3462 νηστείας,
523 3392 610 3444 διὰ
645 3392 974 3460 σωματικὴν
1007 3392 1294 3445 ἀσθένειαν
1359 3391 1718 3444 καταλύεσθαι
1755 3407 1768 3420 ·

201 3481 312 3536 εἷεν
341 3484 398 3535 δὲ
420 3481 654 3537 αῦταιαί
681 3485 774 3535 τοῦ
808 3484 928 3536 ὅλου
963 3484 1156 3553 χρόνον
1216 3485 1485 3552 Τετράδες
1539 3487 1630 3535 καὶ
1667 3485 1773 3534 [Ια-

206 3573 476 3641 ρασκευαί
504 3587 517 3600 ⁸
558 3572 962 3641 παρεγγυῶμαι
989 3572 1136 3639 ὑμῖν,
1181 3571 1286 3639 πρὸ
1330 3571 1426 3639 μὲν
1481 3569 1768 3636 ἐπτὰήμεα

205 3664 316 3732 ρῶν
343 3664 582 3733 ἑκάστης
623 3664 731 3715 τῶν
766 3663 1042 3734 ρηοεισῶν
1068 3663 1297 3732 ἑορτῶν,
1330 3661 1390 3724 ἑξ
1462 3659 1774 3727 ἀπαραιτή-

201 3772 295 3807 του
330 3755 615 3823 νηστεύειν
647 3757 743 3808 καὶ
783 3752 1239 3822 ὲγκρατεύεσοαι,
1280 3751 1457 3811 καθὼς
1510 3751 1770 3801 καὶκατὰ

198 3845 298 3914 τὴν
363 3845 458 3897 τοῦ
501 3845 738 3912 μεγάλου
794 3843 1196 3911 Θεοπαραδότου
1263 3839 1774 3910 τεσσαρακονθημέ-

200 3953 318 4003 ρου,
375 3937 468 3986 καὶ
503 3936 575 4004 μὴ
600 3933 891 3985 καταλύειν
930 3933 1086 3994 ὅλως,
1146 3931 1233 3984 διὰ
1275 3949 1395 3985 τινα
1451 3932 1769 4000 περίστασιν

199 4027 455 4095 σώματος
486 4044 500 4058 ·
527 4029 583 4080 ὲν
614 4025 670 4078 δὲ
698 4028 816 4087 ταῖς
845 4025 1056 4086 λοιπαῖς
1083 4024 1368 4094 νηστίμοις
1415 4025 1670 4092 ἡμέραις,
1697 4024 1769 4083 ὡς

196 4121 442 4187 εἴρηται,
493 4117 584 4170 δύο
643 4118 910 4188 λαμπρῶν
976 4115 1362 4183 πανηγύρεων,
1424 4115 1532 4166 τῶν
1599 4115 1770 4178 ἁγίων

209 4210 575 4274 Ἀποστόλων,
618 4210 782 4279 φημὶ,
826 4210 922 4261 καὶ
952 4211 1058 4260 τῶν
1088 4207 1384 4259 Γενεθλίων
1405 4205 1498 4258 τοῦ
1528 4205 1767 4275 Χριστοῦ

199 4299 291 4350 καὶ
317 4299 477 4360 Θεοῦ,
503 4302 623 4360 ταῖς
655 4299 762 4365 πρὸ
788 4298 892 4350 τῶν
913 4298 1310 4366 Emimus;sz
1375 4297 1477 4363 τῆς
1527 4299 1766 4364 ἀπαραι-

196 4394 361 4458 τήτου
398 4390 650 4458 νηστείας
683 4389 1170 4457 παραδεδομέναις,
1220 4388 1295 4450 ὡς
1333 4389 1568 4456 εἴρηται,
1599 4390 1646 4438 εί
1670 4405 1767 4439 κα-

1878 1916 2088 1976 crisim,
2120 1919 2227 1985 jam
2261 1922 2426 1975 desita
2450 1919 2761 1976 Iudaeorum
2787 1924 2992 1992 jejunia
3025 1941 3286 1981 renovare
3304 1943 3427 1982 cum

1881 2006 2145 2071 periculo.
2202 2009 2280 2062 Ne
2325 2011 2488 2078 igitur
2553 2027 2740 2066 eorum
2800 2015 3045 2082 exemplo
3102 2026 3430 2073 excusantes

1879 2098 2260 2152 excusationes
2303 2101 2356 2152 in
2395 2102 2635 2169 peccatis
2664 2103 2730 2164 ³¹,
2778 2103 3044 2157 dictorum
3098 2105 3427 2174 jejuniorum

1882 2187 2196 2242 aboleamus
2245 2189 2632 2256 sanctitatem;
2677 2208 2850 2262 neque
2899 2193 3051 2262 juxta
3091 2209 3308 2247 servum
3365 2194 3430 2248 ξι.

1884 2278 1991 2329 lum
2019 2279 2438 2347 nequissimum,
2488 2282 2678 2350 jejunii
2722 2283 3095 2338 beatissimum
3127 2285 3382 2339 talentum
3417 2322 3431 2346 ,

1879 2364 1933 2419 iu
1964 2374 2163 2421 terrain
2197 2370 2332 2437 gula:
2364 2378 2417 2422 et
2442 2371 2666 2439 abjecta‘.
2705 2373 2820 2441 spei
2856 2373 3185 2437 obruamus;
3223 2388 3320 2426 nec
3356 2372 3437 2426 di-

1878 2471 2064 2510 camus
2146 2459 2210 2511 ad
2269 2459 2552 2514 Dominum
2613 2462 2890 2532 Deumque
2942 2463 3431 2517 nostrum:llubes

1875 2548 2012 2616 quod
2046 2557 2191 2600 tuum
2233 2561 2304 2600 est
2357 2551 2400 2581 ³³
2437 2567 2449 2600 :
2503 2550 2984 2620 Quadragesimam
3029 2555 3172 2606 enim
3219 2553 3432 2623 jejuna-

1879 2635 2080 2698 vimus,
2117 2650 2281 2703 quam
2316 2638 2431 2704 ipse
2475 2647 2529 2689 tu
2559 2637 2821 2706 jejunasti
2857 2639 3000 2693 velut
3029 2638 3173 2694 Deus
3220 2641 3383 2696 homo
3417 2660 3431 2697 :

1878 2723 1971 2776 sed
1997 2724 2149 2790 juxta
2180 2739 2395 2778 servum
2435 2739 2657 2789 bonum,
2695 2727 3138 2796 multiplicemus,
3173 2744 3268 2797 per
3295 2728 3435 2799 jeju-

1878 2813 2027 2864 nium
2063 2823 2116 2865 et
2153 2816 2450 2866 orationem
2481 2816 2545 2867 ad
2589 2816 3015 2885 negotiationem
3064 2817 3255 2872 salutis
3292 2819 3430 2888 adji~

1877 2903 2081 2957 cientes
2115 2906 2380 2957 animum.

1943 3191 2032 3244 9.5.
2068 3191 2334 3245 Caeterum
2372 3194 2500 3260 quia
2549 3209 2644 3261 per
2681 3203 2900 3249 sanctos
2946 3197 3224 3266 apostolos
3255 3199 3308 3252 in
3339 3215 3432 3254 cz.-

1877 3296 2018 3335 none
2065 3282 2152 3344 6‘),
2202 3285 2318 3352 lege
2369 3282 2640 3337 sancitum
2672 3295 2776 3348 est,
2822 3293 2877 3338 ut
2909 3287 3094 3340 divina
3135 3289 3434 3358 traditaque

1870 3370 2077 3439 jejunia
2113 3382 2333 3440 propter
2359 3374 2692 3438 corporalem
2720 3373 3086 3429 inﬁrmitatem
3119 3379 3433 3444 solvantur;

1880 3462 2078 3514 fuerint
2103 3472 2282 3514 autem
2325 3463 2437 3525 illa,
2470 3464 2635 3516 totius
2671 3464 2796 3517 anni
2832 3476 3036 3533 quartae
3059 3479 3328 3537 sextaque
3352 3468 3430 3522 fe-

1881 3553 2006 3616 riaz;
2043 3554 2304 3606 denuntio
2333 3554 2504 3618 vobis,
2539 3561 2594 3606 ut
2627 3563 2751 3607 ante
2779 3563 2976 3622 septem
3019 3557 3134 3611 dies
3165 3559 3429 3628 cujusque

1876 3646 2168 3698 relatorum
2204 3645 2487 3711 festorum,
2520 3647 2654 3700 citra
2696 3648 3129 3716 deprecationem
3168 3649 3427 3719 jejunetis

1873 3745 1927 3790 et
1961 3735 2293 3788 abstinenter
2322 3739 2534 3800 vivatis,
2579 3752 2786 3790 necnon
2822 3752 2915 3804 per
2943 3753 3192 3808 magnam
3244 3755 3272 3792 a
3324 3740 3432 3794 Deo

1883 3827 2136 3878 traditam
2171 3823 2670 3894 Quadragesimam,
2702 3842 2800 3880 nec
2821 3828 3084 3882 ullatenus
3110 3829 3328 3886 solvatis
3351 3831 3435 3898 je-

1868 3917 2081 3986 junium
2136 3926 2360 3985 propter
2390 3917 2687 3984 quamlibet
2717 3919 2966 3986 corporis
3012 3920 3434 3983 necessitatem;

1874 4012 1923 4062 in
1951 4011 2175 4078 reliquis
2214 4025 2342 4061 vero
2378 4009 2703 4062 esurialihus
2727 4009 2947 4075 diebus,
2983 4021 3040 4063 ut
3071 4011 3274 4066 dictum
3311 4021 3392 4066 est
3415 4050 3433 4069 .

1873 4102 2103 4154 duarum
2129 4101 2401 4154 clararum
2429 4101 2824 4162 celebritalum.
2869 4113 3183 4157 sanctorum
3219 4116 3440 4172 aposto-

1873 4191 2070 4258 lorum,
2101 4194 2347 4260 inquam,
2378 4202 2427 4245 et
2465 4190 2673 4246 Natalis
2704 4191 2908 4247 Christi
2951 4193 3172 4261 Deique,
3206 4209 3300 4261 per
3332 4208 3440 4246 tra-

1870 4282 2011 4335 ditos
2065 4282 2181 4336 dies
2222 4283 2310 4350 qui
2345 4281 2654 4350 przecedunt
2694 4283 2816 4336 illos
2849 4291 3177 4336 memoratos
3217 4292 3419 4348 septem

1865 4373 2053 4440 jejunii
2115 4373 2336 4425 omnino
2394 4371 2719 4436 necessarii,
2781 4371 2825 4425 si
2885 4371 3153 4439 jejunium
3215 4375 3426 4428 solvere

195 4482 432 4539 ταλῦσαι
490 4482 694 4546 δεήσει,
770 4480 857 4532 διὰ
920 4479 1239 4546 σωματικὴν
1301 4481 1429 4539 ἴσως
1486 4478 1768 4528 ἀσθένειαν

1878 4471 2152 4532 oporteat,
2199 4465 2381 4515 forsan
2439 4461 2739 4529 corporalis
2789 4464 3131 4517 necessitatis
3175 4479 3328 4534 ergo,
3374 4469 3424 4520 id

198 4574 374 4623 ποιεῖν
436 4570 525 4620 καὶ
583 4568 758 4632 τοῦτο,
813 4567 950 4636 μετὰ
997 4567 1314 4636 προτροπῆς
1388 4564 1774 4632 ἐπισκοπικῆς.

198 4661 416 4724 ’Δλλως
440 4661 758 4722 κινδυνῶδες
782 4662 896 4712 ἐστι
938 4660 1030 4712 καὶ
1061 4658 1329 4728 ὀλέθριον.

266 4816 384 4881 σις’.
415 4816 786 4885 Νηστεύοντες
822 4815 900 4878 δὲ,
931 4814 1005 4884 μὴ
1028 4815 1421 4882 νηστεύσωμεν
1449 4813 1528 4873 είς
1562 4814 1775 4882 κρίσεις

197 4913 291 4962 καί
327 4910 508 4978 μάχας
532 4910 627 4960 καὶ
653 4907 1055 4977 ψιθυρίσματα,
1085 4906 1220 4974 μηδὲ
1238 4904 1496 4973 τύψωμεν
1528 4907 1774 4972 πυγμαῖς

194 5005 286 5055 τὸν
323 5001 579 5054 ταπεινὸν
609 5001 703 5052 καὶ
723 4999 1087 5068 προσήλυτον.
1147 4996 1416 5064 Λύσωμεν
1476 4996 1531 5048 δὲ
1574 4995 1777 5064 μᾶλλον

199 5093 384 5144 πάντα
409 5089 706 5155 σύνδεσμον
732 5087 968 5151 ἀδικίας,
1011 5085 1106 5139 καὶ
1139 5085 1332 5154 βιαίων
1396 5082 1779 5151 συναλλαγμά-

197 5199 306 5233 των
345 5181 685 5249 χειρὸγραφα
711 5178 1100 5244 διασπασωμεν
1133 5193 1145 5206 ·
1177 5175 1409 5228 πεινῶσι
1439 5177 1537 5244 μὲν
1587 5175 1781 5241 ἄρτους

200 5275 294 5324 καὶ
320 5273 532 5342 τροφὰς
563 5268 1010 5339 διαθρύπτοντες,
1044 5269 1297 5334 ἁστέγοις
1314 5268 1370 5320 δὲ
1404 5267 1495 5319 καὶ
1548 5268 1782 5334 πτωχοῖς

198 5365 327 5425 τοὺς
374 5364 561 5424 οἴκους
633 5362 966 5430 ἀνοίγοντες,
1033 5362 1173 5412 κατὰ
1230 5359 1290 5411 τὸ
1359 5357 1447 5409 τοῦ
1502 5359 1780 5427 προφήτου

205 5455 600 5526 παράγγελμα.
633 5453 924 5521 Οῦτωγὰρ
949 5452 1006 5504 τὸ
1051 5451 1166 5518 φῶς
1212 5453 1309 5520 τῆς
1375 5451 1519 5519 ζωῆς
1613 5451 1770 5518 ἡμῶν

211 5549 424 5618 λάμψει
462 5549 524 5600 ἐκ
548 5547 781 5616 πρωῖας,
820 5547 893 5607 ὡς
913 5547 1246 5612 γέγραπται,
1280 5545 1372 5596 καὶ
1408 5543 1505 5611 τῆς
1530 5542 1773 5611 κραυγῆς

276 5726 316 5756 ³⁸
352 5725 497 5780 Psal.
525 5739 644 5787 (λι,
676 5725 726 5776 ιι.
808 5725 850 5755 ⁸⁸
893 5723 1080 5778 Matth.
1120 5739 1246 5789 xxv,
1271 5724 1357 5776 25.

1876 4565 2090 4619 quoque
2135 4549 2349 4602 faciatis
2398 4566 2516 4602 cum
2566 4548 2807 4616 episcopi
2862 4551 3236 4603 concessione.
3302 4552 3427 4605 Alio

1874 4639 2072 4706 quippe
2117 4638 2297 4700 modo,
2333 4636 2631 4704 quamlibet
2659 4649 2980 4690 cunctarum
3033 4638 3174 4690 diem
3222 4640 3430 4694 violare

1875 4728 2054 4781 soluto
2091 4728 2324 4797 jejunio.
2369 4727 2737 4789 periculosum
2785 4736 2869 4781 est
2918 4738 3082 4796 atque
3116 4730 3434 4784 exitiosum.

1947 4818 2038 4872 26.
2076 4816 2207 4868 Dum
2243 4825 2416 4870 autem
2442 4817 2857 4884 jejunamus,ne
2885 4818 2936 4871 in
2964 4819 3107 4883 lites,
3138 4819 3445 4874 dimicatio-

1876 4923 1973 4961 nrs
2003 4916 2054 4961 et
2107 4907 2399 4963 maledicos
2427 4921 2682 4961 Susurros
2715 4909 3022 4976 jejunemus
3048 4948 3061 4970 ,
3085 4924 3216 4962 neve
3245 4911 3441 4977 pugnis
3467 4925 3470 4928 '

1878 4997 2229 5050 verberemus
2264 4998 2520 5050 humilem
2546 5006 2600 5051 et
2635 5000 2920 5051 advenam.
2955 4998 3093 5064 Quin
3128 4999 3308 5068 potius
3336 5001 3446 5055 sol-

1878 5102 2067 5141 vamus
2097 5101 2258 5140 omne
2294 5087 2571 5140 vinculum
2621 5088 2947 5156 iniquitatis,
2993 5099 3046 5140 et
3081 5088 3443 5141 violentorutn

1880 5189 2261 5233 contractuum
2314 5179 2671 5249 chirographa
2716 5180 3138 5247 disnerpamus;
3187 5179 3432 5234 esurien-

1884 5268 2028 5324 tibus
2067 5269 2286 5338 quidem
2352 5269 2658 5338 frangentes
2686 5284 2853 5338 panes
2891 5279 2942 5322 et
2967 5271 3138 5333 cibos,
3167 5279 3307 5323 tecto
3352 5283 3419 5322 au

1893 5371 1995 5413 tem
2037 5361 2353 5414 carentibus
2403 5368 2457 5412 et
2508 5360 2840 5429 pauperibus
2880 5361 3191 5428 aperientes
3232 5358 3446 5426 domos,

1875 5453 2027 5521 juxta
2062 5453 2334 5519 prophetae
2371 5453 2635 5504 monitum
2667 5452 2730 5502 ³³.
2779 5451 2870 5504 Sic
2903 5452 3046 5506 enim
3099 5451 3279 5506 lumen
3327 5453 3451 5507 vita

1885 5553 2088 5596 noetrre
2147 5542 2384 5594 diluculo
2414 5541 2658 5611 fulgebit,
2690 5541 3139 5611 quemadmodum
3182 5542 3448 5610 scriptum

1439 5724 1479 5754 ³³
1511 5723 1608 5776 lsa.
1641 5740 1791 5790 util,
1825 5725 1855 5780 6
1881 5731 1932 5776 et
1967 5740 2073 5792 seq.
