4082 6468
236 434 366 497 1361

1413 439 1650 497 EPIST.
1673 435 1769 494 DE
1801 436 2193 497 RASOPHOR
2208 437 2275 493 lS

3309 437 3441 499 ποτε

231 567 494 605 σκουσαν.
521 553 639 604 Κᾶν
672 554 778 620 γάρ
831 554 1092 622 χρίσματι
1155 555 1489 623 χειροτονίας
1530 553 1783 622 ἐχρίσθη·

1900 554 2045 606 enim
2082 569 2176 622 per
2205 553 2635 607 misericordiam
2695 554 2783 606 Dei
2819 553 3110 607 chrismate
3142 553 3438 606 ordinatio-

231 658 335 706 μεν
360 642 496 709 ἐλέῳ
555 643 855 706 ῌεοῦ,άλλ’
909 644 1070 713 ἐλαίῳ
1118 645 1470 705 διδασκαλίας
1523 645 1786 696 λιπαίνειν

227 730 354 790 τοὺς
403 731 666 798 μετόχους
689 732 787 798 τῆς
803 733 901 799 γῆς
925 731 1129 800 ταύτης
1166 733 1554 802 ἐπετράπημεν
1587 747 1602 762 ο
1656 730 1726 783 δι’
1760 730 1786 783 ὃ

226 825 328 872 καὶ
359 823 500 873 κατά
540 825 665 884 τοὺς
697 825 754 875 ἐν
794 824 975 875 σκότει
1006 824 1098 876 καὶ
1118 827 1246 894 σκιᾷ
1267 824 1608 893 καθημένους
1645 824 1787 888 ἀγω-

227 911 510 978 νιάζομεν.
547 915 697 964 Ἐπεὶ
731 915 786 964 δὲ
823 915 880 965 τὸ
906 916 1004 982 μὲν
1029 916 1297 967 διδάσκειν
1328 916 1646 984 ὑπερορίους
1671 915 1787 966 ἐπι-

230 1003 478 1064 οκόπυυς
516 1004 912 1072 ἀπηγόρευται,
963 1005 1020 1056 τὸ
1050 1005 1102 1056 δὲ
1138 1005 1523 1073 ἀπολογεῖσθαι
1555 1007 1681 1074 περὶ
1712 999 1785 1056 ὧν

227 1090 541 1158 ἐρωτῶνται
568 1094 901 1161 νενόμισται*
933 1094 1008 1147 Τὰ
1026 1097 1200 1162 χειλη
1233 1095 1358 1165 γὰρ,
1391 1097 1578 1164 φησὶν,
1618 1093 1787 1163 ἡμῶν

223 1182 368 1246 παρ’
389 1182 535 1247 ἡμῖν
560 1185 719 1236 εὶσίν
750 1201 763 1214 ·
795 1185 1195 1254 ἀπεστείλαμεν
1257 1203 1340 1239 σοι
1389 1188 1479 1238 τὸν
1543 1188 1785 1254 παρόντα

226 1272 400 1323 παῖδα
429 1272 588 1338 λόγον
621 1276 652 1341 ή
665 1273 802 1341 μῶν,
835 1275 1312 1345 ἀπολογησόμενον
1342 1277 1478 1344 πρὸς
1524 1278 1621 1338 τὰς
1661 1277 1789 1330 πεύ-

227 1377 349 1421 σεις
387 1380 501 1424 σου,
541 1363 615 1430 μὴ
635 1365 1076 1433 πεποικιλμένον,
1123 1367 1198 1429 ὠς
1239 1367 1363 1419 ἔδει,
1411 1367 1548 1434 μετά
1591 1386 1789 1435 χρυσο-

225 1451 793 1521 πάστωνίματισμῶν
854 1457 948 1507 καὶ
1026 1457 1356 1522 σοφιστικῶν
1436 1459 1784 1525 κροσσωτὼν,

222 1541 367 1594 ἀλλά
421 1543 558 1610 μετὰ
629 1547 935 1614 χλαμυδίων
997 1546 1250 1614 ἀμούσων
1313 1547 1406 1600 καὶ
1487 1549 1783 1616 ῥυπαρῶν·

222 1633 454 1686 τοιαῦτα
488 1636 593 1703 γάρ
628 1633 765 1688 οἶδεν
793 1637 1038 1704 ὑφαίνειν
1072 1639 1214 1701 ίστὸς
1256 1640 1566 1708 ὑπερόριος.
1598 1640 1660 1691 Ei
1688 1640 1786 1704 μέν

222 1723 324 1775 οὖν
363 1725 499 1792 πρὸς
525 1728 626 1792 τὴν
650 1729 918 1795 ἐρώτησιν
955 1728 1355 1797 ἀπολογήσεται
1386 1747 1438 1781 τι
1482 1731 1786 1798 πρόσφορον

223 1813 323 1864 καὶ
359 1813 716 1882 κατάλληλον,
738 1815 1134 1885 φιλοφροσύνης
1152 1815 1437 1884 ἀξιωθήτω
1460 1833 1474 1847 ο
1509 1816 1556 1867 εί
1574 1814 1628 1867 ’δ’
1647 1819 1788 1884 ἀμα-

226 1901 386 1964 θείας
427 1904 641 1968 ἀπόζει,
675 1907 1091 1974 ἀντιστραφήτω
1120 1909 1254 1974 πρὸς
1287 1908 1376 1957 τὸν
1413 1906 1785 1973 γεγεννηκότα

229 1994 466 2062 πατέρα,
504 1996 601 2065 τὴν
631 1997 850 2050 δικαίαν
877 1998 1228 2067 ἀποστροφὴν
1267 1998 1717 2068 προαρπάσαντα.

300 2172 367 2239 β’.
432 2173 723 2242 Ἐγραψας
759 2178 910 2245 ἡμῖν,
943 2177 1020 2238 ῶς
1054 2178 1292 2238 τινες-ἐκ
1343 2177 1449 2229 τῶν
1474 2178 1788 2248 ρασοιρόρων

221 2261 484 2321 τῆςκατά
521 2263 578 2314 σὲ
625 2264 786 2330 ἁγίας
854 2265 1040 2333 μονῆς,
1092 2268 1528 2334 ἀναγκαζόμενοι
1569 2267 1786 2320 τελειω-

223 2351 388 2420 θῆναι
414 2353 888 2422 δι’ἀποκάρσεως,
926 2354 1179 2421 λέγουσιν
1221 2358 1296 2417 ὠς
1353 2357 1380 2407 ό
1447 2357 1626 2425 μέγας
1680 2359 1787 2409 Βα-

227 2443 432 2503 σίλειος
463 2445 520 2496 ἐν
547 2462 660 2496 τισι
689 2445 796 2495 τῶν
829 2446 1147 2512 ἀσκητικῶν
1209 2448 1568 2499 διδασκαλιῶν
1623 2449 1784 2501 αὑτοῦ

222 2532 520 2599 διωρίσατο
548 2536 641 2586 ἐπὶ
669 2536 881 2606 τριετίᾳ
903 2537 994 2587 τὸν
1035 2537 1267 2605 μονάσαι
1309 2537 1596 2604 ὀφείλοντα
1634 2541 1782 2592 δοκι-

229 2619 526 2687 μάζεσθαι,
563 2624 658 2675 καὶ
717 2624 851 2692 μετά
914 2628 1014 2693 τὴν
1089 2625 1293 2693 ταύτης
1345 2628 1708 2696 παραδρομὴν
1754 2629 1785 2698 ἢ

223 2710 529 2779 λαμϐάνειν
558 2714 654 2783 τὴν
682 2716 841 2783 χάριν
887 2716 985 2784 τῆς
1014 2718 1393 2785 ἀποκάρσεως,
1429 2719 1459 2785 ἤ
1491 2720 1789 2788 ἀναχωρεῖν

221 2802 326 2870 τῆς
364 2804 554 2872 μονῆς,
579 2807 673 2857 καὶ
701 2805 836 2872 πρδς
861 2805 958 2873 τὴν
978 2806 1252 2874 προτέραν
1322 2806 1519 2874 λαῖκὴν
1557 2811 1787 2877 μεταπί-

221 2913 383 2950 πτειν
417 2897 712 2964 διαγωγὴν,
740 2899 1090 2967 λαμϐάνοντα
1126 2902 1218 2952 καὶ
1247 2901 1281 2954 ἆ
1341 2901 1444 2968 πρὸ
1473 2901 1566 2952 τοῦ
1624 2920 1791 2970 προσ-

223 2989 404 3043 ελθεῖν
451 2995 514 3059 τῇ
574 2995 704 3061 μονῇ
762 2993 1126 3046 ἐνεδιδύσκετο
1177 2994 1355 3062 ἄμφια
1390 3011 1403 3021 ·
1467 2999 1560 3048 καὶ
1618 2998 1789 3050 ταῦτα

223 3082 337 3148 γὰρ
390 3084 447 3134 ἐν
479 3085 663 3152 ἀσύλῳ
694 3085 1072 3152 συντηρεῖσθαι
1113 3087 1575 3154 παρεκελεύσατο.
1625 3089 1784 3140 Ἱνατί

1897 644 1981 696 nis
2015 644 2221 697 iuuncti
2256 645 2542 707 fuerimus,
2576 645 2693 698 oleo
2717 654 2895 697 tamen
2919 643 3181 696 doctrina:
3211 658 3435 696 consor-

1902 743 1981 786 tes
2009 741 2168 786 terra:
2203 734 2362 802 hujus
2397 735 2734 803 impinguare
2764 735 3115 787 commissum
3149 736 3304 787 nobis
3323 745 3436 794 est;

1896 824 2034 878 unde
2090 837 2142 879 et
2184 826 2357 878 instar
2402 840 2588 878 eorum
2631 826 2720 893 qui
2765 825 2817 876 in
2873 825 3112 878 tenebris
3151 833 3201 876 et
3251 825 3438 877 umbra

1894 913 2080 970 sedent
2119 914 2510 968 conﬂictamur.
2560 914 2695 979 Quia
2732 930 2857 967 vero
2908 921 2964 966 ut
3011 913 3242 981 cpisc0pi
3287 921 3439 966 extra

1894 1004 2227 1073 provinciam
2281 1006 2439 1073 positi
2470 1006 2698 1059 doceant
2729 1006 2950 1057 vetitum
2995 1013 3119 1068 est,
3175 1006 3437 1057 rationem

1896 1105 2074 1148 autem
2123 1096 2345 1150 reddere
2392 1096 2457 1150 de
2491 1098 2556 1150 iis
2596 1096 2662 1150 de
2698 1096 2892 1163 quibus
2943 1095 3344 1163 interrogantur
3372 1095 3438 1145 li-

1894 1184 2354 1249 cet;Labiaenim
2388 1196 2588 1244 nostra.
2621 1187 2816 1254 inquit,
2847 1203 2878 1237 a
2905 1187 3049 1237 nobis
3081 1194 3200 1236 sunt
3222 1186 3275 1246 ';
3305 1185 3440 1235 adte

1896 1276 2144 1329 misimus
2189 1286 2507 1343 praesentem
2539 1290 2785 1343 puerum,
2814 1289 3116 1328 sermonem
3155 1280 3397 1325 nostrum
3420 1309 3437 1334 ,

1895 1367 1984 1435 qui
2019 1365 2401 1420 satisiacturus
2448 1367 2519 1419 sit
2557 1366 2622 1419 ad
2652 1365 2984 1434 quaestiones
3032 1374 3189 1425 tuas;
3219 1377 3324 1415 non
3352 1377 3440 1412 va-

1895 1457 1973 1508 rie
2015 1467 2287 1516 ornatum,
2313 1465 2370 1508 ut
2411 1455 2612 1518 decuit,
2634 1471 2762 1507 cum
2794 1455 2988 1508 vestitu
3018 1461 3229 1514 aurato,
3263 1449 3440 1512 sophi-

1895 1545 2157 1612 sticisque
2199 1545 2509 1610 ﬁmbriatis,
2562 1546 2656 1598 sed
2713 1560 2834 1598 cum
2866 1541 3224 1610 clilamydulis
3277 1539 3437 1591 insui-

1897 1636 1965 1688 tis
2014 1643 2070 1688 et
2123 1635 2358 1689 sordidis
2413 1652 2427 1688 :
2487 1633 2797 1702 huiusmodi
2846 1632 3046 1701 quippe
3097 1629 3263 1682 ordiri
3303 1628 3438 1681 solet

1896 1739 1957 1776 ac
1987 1725 2136 1776 novit
2181 1725 2474 1776 textorium
2515 1731 2819 1775 externum.
2858 1719 3044 1786 Itaque
3087 1717 3130 1771 si
3164 1716 3227 1769 ad
3267 1715 3436 1767 inter-

1896 1814 2226 1880 rogationem
2272 1813 2473 1881 aliquid
2526 1809 2862 1879 responderit
2909 1818 3090 1877 aptum
3146 1817 3200 1860 et
3243 1819 3436 1858 conve-

1893 1905 2072 1968 niens,
2119 1904 2379 1958 benevole
2424 1901 2768 1970 excipiatur;
2836 1899 2881 1953 si
2937 1913 3064 1951 vero
3109 1894 3432 1963 imperitiam

1888 1994 2113 2057 redolet,
2160 1994 2224 2046 ad
2273 2003 2475 2061 patrem
2520 1993 2613 2061 qui
2657 1990 2842 2061 genuit
2872 1990 3200 2051 remittatur,
3235 1984 3438 2053 quique

1882 2088 2085 2154 justam
2129 2083 2526 2138 aversationem
2566 2078 2982 2151 praeoccupavit.

1962 2176 2015 2228 2.
2055 2174 2332 2242 Scripsisti
2381 2173 2560 2236 nobis,
2617 2172 2878 2240 quosdam
2945 2165 3116 2222 sancti
3162 2170 3432 2217 monaste-

1886 2269 1949 2320 rii
1981 2266 2056 2320 tui
2091 2265 2462 2335 Rasopiioros,
2496 2263 2620 2317 dum
2646 2277 2740 2331 per
2770 2271 3049 2315 tonsuram
3071 2252 3432 2311 consummari

1886 2367 2175 2426 coguntur,
2209 2355 2391 2408 dicere
2426 2353 2565 2421 quod
2596 2367 2825 2421 magnus
2851 2350 3076 2403 Basilius
3118 2348 3171 2399 in
3205 2344 3431 2412 quibus-

1886 2451 2010 2502 dam
2067 2448 2183 2501 suis
2237 2445 2487 2500 aseeticis
2522 2441 2975 2511 praeceptionibus
3028 2436 3337 2498 deﬁnierit,
3380 2441 3438 2484 ut

1887 2538 1977 2607 qui
2006 2537 2304 2590 monachus
2336 2535 2557 2588 futurus
2580 2543 2683 2596 est,
2708 2546 2799 2598 per
2837 2528 3124 2581 triennium
3161 2525 3436 2588 probetur,

1887 2642 1996 2696 quo
2035 2633 2332 2688 transacto,
2381 2633 2474 2676 aut
2506 2621 2731 2690 gratiam
2772 2629 3013 2672 tonsurae
3065 2613 3313 2681 accipiat,
3346 2620 3440 2664 aut

1891 2718 2105 2770 recedat
2141 2731 2169 2767 a
2216 2712 2548 2767 monasterio
2599 2719 2649 2762 et
2678 2709 2744 2762 ad
2783 2707 3014 2777 priorem
3048 2705 3237 2756 laicam
3273 2703 3435 2755 vitam

1891 2807 2187 2868 relabatur,
2235 2802 2468 2871 receptis
2524 2801 2688 2854 etiam
2733 2796 3066 2850 indumentis
3117 2807 3235 2860 qua:
3289 2798 3441 2844 ante-

1888 2914 2050 2968 quam
2105 2897 2169 2950 ad
2214 2892 2601 2948 monasterium
2659 2889 2944 2943 accederet
2990 2885 3270 2954 gestabat:
3325 2879 3440 2934 haec

1888 2991 2030 3042 enim
2069 2989 2118 3038 iu
2160 2994 2276 3038 tuto
2303 2985 2422 3037 loco
2455 2981 2766 3036 conservari
2809 2979 2993 3046 jussit.
3020 2977 3126 3028 Cur
3159 2987 3286 3041 ergo
3313 2977 3438 3023 ante

1891 3079 2180 3132 triennium
2231 3075 2477 3141 cogimur
2527 3082 2764 3124 tonsura:
2810 3082 2972 3119 onere
3004 3059 3439 3134 premi?Verisi-

221 3171 358 3239 γοῦν
417 3172 523 3240 πρὸ
581 3174 676 3240 τῆς
729 3175 970 3240 τριετίας
1020 3175 1446 3241 ἀναγκαζόμεθα
1500 3175 1560 3229 τὸ
1620 3177 1782 3246 βάρος

1889 3167 2010 3220 mile
2056 3173 2158 3230 est,
2191 3165 2328 3218 intra
2355 3162 2486 3216 illud
2521 3176 2616 3215 nos
2647 3158 2967 3214 sententiam
3007 3163 3331 3214 mutaturos,
3378 3159 3432 3203 et

220 3262 681 3330 ἐπιφορτισθῆναι
709 3265 807 3330 τῆς
847 3264 1207 3331 ἀποκάρσεως
1233 3279 1248 3329 ;
1313 3264 1474 3328 Είκός
1507 3269 1622 3319 ἐστι
1652 3269 1784 3320 ταύο

217 3370 322 3418 της
355 3352 506 3414 ἐντὸς
531 3353 973 3421 μεταμεληθῆναι
998 3355 1165 3423 ἡμᾶς,
1200 3357 1293 3408 καὶ
1320 3357 1415 3425 τῆς
1445 3361 1786 3428 τραχυτέρας

221 3447 368 3511 ζωῆς
394 3446 490 3514 τὴν
523 3445 919 3516 μαλακωτέραν
977 3448 1448 3517 προτιμήσασθαι,
1528 3451 1618 3503 καὶ
1684 3453 1785 3517 τῆς

221 3536 483 3589 ἐπιπόνου
530 3537 628 3606 τὴν
683 3540 903 3599 ἄπονον,
969 3538 1064 3590 καὶ
1114 3538 1489 3607 ἀπεκδυθῆναι
1562 3541 1662 3608 μὲν
1716 3540 1785 3594 τὰ

228 3629 521 3696 μοναχικὰ,
584 3628 870 3696 ἐνδυθῆναι
921 3628 978 3680 δὲ
1007 3628 1377 3698 κογχυλόχροα
1424 3629 1518 3683 καὶ
1574 3631 1786 3700 χρυσό-

231 3736 438 3772 παστα·
493 3719 628 3771 ἀλλὰ
657 3719 762 3788 μὴν
789 3720 880 3770 καὶ
939 3722 1353 3788 κρεωφαγῆσαι,
1408 3723 1503 3774 καὶ
1536 3723 1784 3790 νομίμως

225 3809 571 3876 συναφθῆναι
602 3809 850 3875 γυναιξίν
878 3825 891 3838 ⁸
925 3811 972 3860 εἰ
1003 3809 1186 3878 δεήσει
1214 3811 1290 3874 δὲ,
1336 3812 1433 3862 καὶ
1493 3813 1788 3879 στρατολο-

223 3899 488 3966 γηθῆναι,
559 3900 653 3950 καὶ
731 3898 910 3961 ζώνας
984 3899 1377 3968 περιδληθῆναι
1458 3901 1781 3970 ἀξιωμάτων

222 3988 550 4058 βασιλικῶν.
596 3990 767 4054 ’Ἄφες
801 3984 892 4040 οὖν
914 3988 1012 4054 τῆς
1048 3987 1384 4057 προθεσμίας
1417 3987 1514 4058 τὴν
1574 3988 1779 4056 δωρεὰν

217 4078 636 4146 ἀκιὸδὴλευτον.
685 4081 849 4139 Ἴσως
877 4079 984 4147 γὰρ
1015 4078 1354 4150 παραδράμῃ
1385 4079 1520 4146 μετά
1558 4079 1654 4147 τῆς
1689 4078 1783 4130 αύ-

217 4171 320 4236 τῆς
351 4169 765 4237 εὐθυδρομοῦσα
825 4169 1153 4235 προθέσεως,
1228 4169 1322 4221 καὶ
1377 4168 1621 4236 στηρίξει
1686 4169 1781 4237 τῆς

217 4261 556 4326 ἐπαγγελίας
592 4259 690 4328 τὴν
719 4259 1023 4327 εἴσπραξιν.
1055 4259 1118 4310 Ei
1178 4260 1235 4311 δὲ
1285 4263 1635 4328 κατεπείγεις
1684 4260 1782 4325 τὴν

214 4352 366 4404 δῦσιν
400 4351 550 4419 παρὰ
579 4351 644 4402 τὰ
661 4350 905 4413 δόξαντα,
946 4350 1098 4400 αὐτοὶ
1159 4351 1375 4412 ἑαυτοῖς
1439 4353 1501 4402 ἐκ
1541 4349 1783 4420 μεταμέ-

217 4442 315 4493 λου
346 4440 683 4508 χαρισόμεθα
716 4439 817 4504 τὴν
839 4438 1107 4491 ἀθώωσιν.
1138 4440 1344 4502 Ἄλλως
1379 4457 1434 4491 τε
1461 4441 1586 4500 τοὺς
1620 4441 1780 4490 εὐλα-

217 4531 530 4597 ϐουμένους
591 4529 693 4596 τὴν
751 4527 1066 4593 τελειότητα
1120 4528 1215 4580 τοῦ
1271 4531 1610 4597 χαρίσματος
1661 4529 1779 4580 δέον

221 4623 346 4676 ἐστὶ
374 4619 773 4689 φιλοτιμεῖσθαι
805 4619 1003 4686 μᾶλλον
1027 4619 1118 4670 καὶ
1152 4618 1223 4687 μὴ
1251 4620 1591 4683 κοὶάζεσθαι,
1627 4621 1784 4688 εὐχα-

221 4712 526 4784 ριστεῖσθαι
557 4711 650 4762 καὶ
681 4709 755 4777 μὴ
802 4708 1158 4771 τωθάζεσθαι,
1187 4708 1550 4776 κηρύττεσθαι
1581 4711 1671 4759 καὶ
1709 4712 1782 4780 μὴ

221 4798 722 4868 ἀποκηρύττεσθαι.
762 4795 823 4848 Ἢ
874 4796 970 4864 μὲν
1001 4794 1251 4862 γάρπερὶ
1285 4794 1352 4844 τὰ
1389 4793 1506 4844 θεῖα
1533 4793 1783 4844 εὐλάϐεια

222 4889 502 4956 συνίστησι
538 4888 768 4946 πίστεως
783 4885 1123 4952 καθαρότητα
1146 4900 1159 4913 ο
1192 4884 1222 4950 ἡ
1257 4882 1299 4932 δ’
1328 4883 1410 4933 ἐπ’
1434 4882 1613 4940 abaci;
1645 4883 1781 4948 πρό-

223 4995 400 5050 χειρος
431 4977 750 5030 ἀνευλάὸεια
781 4975 1030 5036 ἀπιστίας
1065 4975 1356 5043 παρίστησι
1395 4972 1769 5041 κιϐδηλότητα.

288 5080 356 5138 γ’.
394 5066 526 5122 Εἶτά
556 5084 723 5137 φασιο
756 5068 1064 5127 Παλαιστὰς
1117 5068 1212 5134 μὲν
1250 5067 1337 5119 καὶ
1401 5068 1524 5126 τοὺς
1580 5066 1773 5124 ἄλλους

217 5157 654 5228 ἀγωνιζομένους
683 5156 1017 5225 παγκράτιον
1041 5155 1127 5206 διὰ
1155 5153 1407 5224 χρονικῆς
1439 5152 1774 5220 προθεσμίας

220 5252 398 5310 Θέλεις
428 5246 832 5315 γυμνάζεσθαι·
864 5246 988 5306 τοὺς
1011 5245 1066 5295 δέ
1112 5237 1402 5295 πένταθλον
1453 5242 1781 5309 ἀναδεχομέο

217 5358 346 5402 νους
382 5339 684 5406 αἰσθήσεσιν
709 5334 1083 5396 ἀϐασανίστως
1130 5333 1455 5402 προτρέπεις
1474 5331 1549 5399 τῷ
1575 5331 1783 5394 ἐξενανο

216 5435 341 5494 τίας
385 5426 789 5499 συμπλέκεσθαι
818 5442 834 5458 ο
868 5427 960 5478 καὶ
1019 5427 1123 5495 μὴν
1162 5425 1381 5482 τούτους
1431 5421 1624 5491 μᾶλλον
1676 5421 1779 5472 ἔδει

220 5523 364 5591 μετά
385 5519 709 5587 δοκιμασίας
731 5520 808 5580 εἰς
844 5517 931 5570 τὸν
952 5517 1136 5585 ἀγῶνα
1161 5518 1257 5584 τῆς
1290 5513 1571 5580 ἀσκήσεως
1597 5527 1773 5576 παρα-

213 5610 488 5681 δέχεσθαι.
517 5612 743 5662 Ἐκεῖνοι
786 5608 880 5677 μὲν
930 5609 1036 5676 γὰρ
1079 5608 1294 5675 ὁρατοῖς
1349 5602 1768 5670 ἀντιμάχονται,

294 5787 311 5813 ³
343 5781 482 5841 [Ῐεειι.
535 5795 606 5836 ιι.
631 5779 679 5832 5.

1883 3260 2005 3311 vitae
2049 3255 2335 3310 austeriori
2369 3269 2432 3306 ac
2482 3253 2767 3306 laboriosa:
2801 3250 3105 3303 molliorem
3149 3257 3202 3299 et
3252 3245 3434 3296 labore

1883 3355 2159 3402 carentem
2191 3347 2510 3413 praelaturos
2533 3381 2548 3402 ,
2593 3354 2803 3394 necnon
2842 3347 3105 3391 exuturos
3143 3330 3431 3386 monacha-

1884 3439 1987 3492 lem
2023 3437 2304 3499 vestitum,
2348 3443 2510 3500 atque
2562 3432 2846 3484 induturos
2903 3439 3229 3495 purpureum
3276 3434 3434 3473 auro—

1884 3545 1989 3599 que
2018 3527 2334 3582 distinctum
2365 3542 2378 3584 ;
2409 3521 2500 3576 sed
2539 3531 2593 3575 ct
2631 3535 2849 3575 carnem
2878 3526 3217 3571 comesturus
3273 3521 3433 3577 atque

1887 3617 2124 3684 legitime
2162 3627 2384 3668 uxorem
2421 3613 2725 3670 ducturos;
2762 3608 2806 3660 si
2841 3619 3063 3658 necesse
3102 3611 3281 3655 autem
3318 3600 3433 3652 fue-

1887 3710 1980 3770 rit,
2021 3708 2182 3760 etiam
2236 3703 2589 3764 militaturos,
2625 3700 2864 3766 itemque
2893 3693 3105 3762 cingula
3143 3693 3431 3760 imperato-

1886 3799 2090 3852 riarum
2130 3795 2450 3864 dignitatum
2487 3797 2886 3857 assumpturos.
2955 3785 3217 3850 Relinque
3269 3782 3430 3847 igitur

1885 3886 2174 3957 priestituti
2217 3883 2477 3951 temporis
2499 3880 2727 3948 gratiam
2756 3876 3090 3929 inviolatam.
3117 3871 3274 3924 Forte
3289 3870 3432 3923 enim

1883 3976 2199 4048 praeteribit,
2231 3989 2353 4027 cum
2377 3971 2564 4026 eodem
2594 3967 2879 4038 proposito
2907 3975 3053 4017 recta
3083 3977 3307 4016 currens
3330 4000 3342 4020 ,
3380 3967 3432 4012 et

1885 4063 2141 4135 promissi
2169 4063 2509 4117 exactionem
2539 4054 2906 4112 conﬁrmabit.
2936 4052 3030 4105 Sin
3061 4061 3240 4103 autem
3267 4050 3433 4102 tradi-

1885 4157 2083 4211 tionem
2125 4161 2320 4223 prteter
2369 4150 2587 4204 decreta
2629 4160 2819 4214 urges,
2875 4143 2978 4212 ipsi
3029 4141 3434 4202 nobismetipsis

1881 4266 1944 4304 ex
1975 4243 2355 4315 resipiscentia
2388 4240 2788 4296 absolutionem
2819 4237 3133 4306 largiemur.
3163 4232 3428 4285 Preterea

1880 4339 1973 4410 qui
2019 4336 2365 4392 cliarismatis
2414 4330 2805 4401 perfectionem
2855 4334 3189 4389 reverentur,
3238 4323 3433 4376 debent

1888 4430 2068 4498 potius
2123 4423 2492 4493 comprobari,
2529 4435 2692 4490 quam
2756 4418 2954 4486 puniri,
2997 4415 3288 4482 gratiarum
3345 4427 3436 4463 ac-

1885 4523 2083 4574 tionem
2112 4516 2339 4576 referre,
2375 4527 2482 4565 non
2515 4508 2783 4572 convicia,
2818 4505 3121 4575 praedicari,
3143 4519 3247 4556 non
3287 4503 3436 4555 abdi-

1887 4611 2025 4665 cari.
2063 4607 2119 4662 Si
2163 4605 2384 4675 quidem
2418 4615 2544 4669 erga
2583 4614 2668 4652 res
2699 4596 2936 4656 divinas,
2963 4593 3283 4654 reverentia,
3310 4592 3431 4645 ﬁdei

1885 4700 2176 4770 puritatem
2230 4693 2610 4750 commendat;
2655 4700 2777 4739 cum
2832 4695 3021 4737 contra
3071 4687 3316 4749 prompta
3375 4680 3426 4731 in

1881 4807 1976 4846 eas
2025 4783 2415 4844 irreverentia,
2451 4775 2788 4833 inﬁdelitatis
2839 4773 3088 4826 exhibeat
3150 4778 3432 4837 corrupte-

1882 4883 2008 4935 lam.

1953 5067 2004 5118 3.
2034 5061 2255 5124 Deinde,
2289 5057 2564 5128 inquiunt,
2597 5054 2893 5107 luctatores
2933 5047 3148 5116 quidem
3187 5045 3434 5110 aliosque

1888 5155 1977 5224 qui
2027 5150 2308 5221 pancratio
2355 5150 2609 5205 certant,
2670 5155 2768 5210 per
2839 5147 3052 5204 tempus
3115 5133 3429 5201 praeﬁnitum

1885 5222 2124 5298 exerceri
2174 5239 2290 5301 vis;
2341 5251 2434 5289 eos
2467 5247 2598 5286 vero
2633 5231 2724 5299 qui
2777 5241 3037 5282 sensuum
3091 5222 3427 5292 pentathlum

1885 5347 1995 5385 SIVC
2038 5324 2447 5397 quinquertium
2501 5319 2842 5385 suscipiunt,
2904 5317 3107 5380 absque
3166 5310 3430 5363 exercita-

1882 5423 2029 5473 tione
2080 5431 2202 5469 cum
2268 5410 2577 5467 adversario
2637 5405 2894 5474 congredi
2943 5403 3271 5471 compellis:
3337 5401 3433 5452 hos

1883 5519 2061 5560 tamen
2104 5501 2273 5571 magis
2299 5495 2579 5568 oportebat
2626 5509 2747 5547 cum
2791 5493 3112 5561 probatione
3144 5489 3207 5544 ad
3242 5498 3431 5541 asceti-

1879 5614 1999 5654 cum
2019 5603 2291 5651 certamen
2322 5589 2623 5644 admittere.
2646 5585 2723 5638 illi
2755 5584 3018 5652 siquidem
3058 5598 3179 5634 cum
3212 5578 3432 5633 visiblli:
