4082 6486
664 433 797 497 i367

1882 427 2158 487 TIIEJD.
2207 428 2682 490 BALSAMOXIS

3787 432 3909 494 1363

659 563 783 617 mgtt
812 545 981 600 Deum
1027 544 1254 604 amoris.
1306 559 1427 598 cum
1468 541 1792 613 probatiane
1825 557 1931 596 non
1974 541 2229 595 mediocri

2341 545 2518 607 αὐτοῦ,
2550 545 2683 613 μετὰ
2717 546 3038 615 δηιιμασίας
3062 546 3159 599 οὒκ
3194 547 3416 610 ἀγενοῦε
3443 548 3908 615 παραστξσεσθαι.

661 637 998 700 exhibuerit,
1032 637 1147 691 hac
1200 635 1266 690 ad
1314 636 1540 688 verbum
1597 635 1858 688 admonet
1909 651 1922 686 :
1978 632 2104 686 [diro
2151 631 2231 685 sic

661 729 1038 798 unusquisque
1065 727 1307 797 antiquis
1337 726 1693 782 facultatibus
1743 725 2002 787 nudatur,
2055 735 2112 777 ut
2139 740 2230 776 ne-

662 840 766 892 que
792 824 971 890 ipsum
1001 821 1388 876 indumentum
1417 835 1529 889 quo
1569 820 1804 872 amictus
1857 817 2026 880 venit,
2075 816 2230 869 deiu-

659 932 788 983 (‘rps
821 925 1034 984 gestare
1075 913 1428 982 permittatur
1457 928 1471 966 :
1511 926 1694 964 verum
1725 910 1941 964 cunctis
1970 909 2229 962 fratribus

656 1005 1002 1076 congregatis
1057 1006 1354 1073 productus
1410 1005 1464 1058 in
1522 1003 1782 1063 medium.
1843 1003 1960 1057 suis
2012 1000 2230 1056 exuitur

655 1097 919 1160 vestibus,
945 1110 1148 1165 perque
1182 1111 1376 1150 manus
1410 1095 1621 1149 abbatis
1650 1093 1985 1147 indumentis
2041 1104 2235 1146 mona~

655 1188 809 1244 etei-ii
833 1188 1092 1243 amicitur
1123 1205 1138 1253 ;
1177 1202 1287 1257 quo
1319 1202 1414 1255 per
1451 1185 1764 1254 hujusmodi
1799 1195 1984 1254 typum
2014 1194 2066 1237 et
2101 1183 2230 1254 figu-

657 1296 773 1334 ram
811 1291 1095 1348 agnoscat,
1155 1279 1300 1350 quod
1365 1278 1619 1331 omnibus
1681 1276 1869 1330 mundi
1937 1276 2120 1340 rebus,
2175 1285 2229 1329 et

653 1373 915 1442 iactantia
969 1371 1220 1440 fastuque
1286 1370 1546 1431 nudatus,
1590 1377 1963 1436 paupertatem
2021 1366 2225 1421 Christi

655 1464 856 1526 induit,
891 1463 1149 1532 quodque
1177 1467 1427 1530 prompte
1453 1461 1587 1512 citra
1613 1457 2000 1512 verecundiam
2027 1466 2227 1512 semet-

654 1553 833 1622 ipsum
871 1561 1126 1608 accenset
1177 1550 1537 1619 adaequatque
1566 1547 1780 1618 corpori
1833 1547 2223 1602 fraternitatis.

652 1642 996 1701 Vestimenta
1056 1659 1185 1698 vero
1238 1659 1360 1713 qua:
1419 1643 1569 1696 exuit
1621 1655 1851 1696 sumens
1908 1639 2224 1695 monasterii

655 1751 998 1799 actinomus,
1034 1734 1202 1788 multo
1235 1742 1476 1802 tempore
1507 1740 1688 1786 servat
1743 1731 2002 1800 seposita,
2051 1731 2227 1786 donec

653 1843 982 1900 progressus
1011 1829 1118 1893 sui,
1164 1837 1218 1882 et
1256 1828 1414 1882 bona
1454 1825 1918 1887 conversationis,
1979 1839 2044 1878 ac
2093 1825 2226 1877 tole-

657 1922 852 1976 rantite
909 1921 962 1974 in
1018 1919 1188 1973 variis
1238 1917 1654 1979 tentationibus,
1701 1917 2224 1972 demonstrationem

655 2014 969 2086 prmbuerit.
1006 2013 1071 2066 Et
1102 2013 1146 2067 si
1174 2028 1296 2067 eum
1329 2012 1547 2082 quidem
1585 2011 2041 2080 deprehenderint
2067 2026 2226 2080 posse

659 2108 713 2159 iu
747 2107 813 2160 iis
847 2120 1218 2175 perseverare,
1268 2119 1476 2160 necnon
1531 2105 1583 2159 in
1644 2105 1827 2159 studio
1868 2118 1933 2158 ac
1991 2106 2226 2168 fervore,

658 2217 768 2263 qun
795 2199 961 2268 coapit
994 2212 1336 2268 permanere,
1364 2212 1489 2253 eum
1517 2212 1640 2250 cum
1673 2196 1896 2266 reliquis
1927 2210 2227 2250 connume«

660 2301 826 2356 rant;
868 2291 952 2344 sin
993 2304 1121 2344 vero
1157 2289 1377 2359 aliquod
1406 2287 1854 2343 murmurationis
1891 2287 2103 2352 vitium,
2133 2295 2226 2341 aut

659 2381 953 2450 cujuslibet
980 2381 1358 2436 inobedientia:
1399 2388 1684 2450 peccatqu
1734 2384 1786 2434 in
1829 2381 1951 2448 ipso
1984 2379 2230 2434 animad-

661 2475 948 2536 verterint.
1007 2487 1216 2529 exuunt
1254 2473 1458 2544 quibus
1487 2490 1515 2528 e
1548 2476 1878 2530 monasterio
1917 2474 2228 2536 induerant,

661 2577 714 2619 rt
747 2567 1102 2621 smculairibus
1157 2567 1491 2622 indumentis
1547 2576 1881 2628 contectum,
1918 2582 1948 2622 e
1977 2567 2226 2637 qmnobiu

662 2660 924 2728 rjiciunt;
960 2667 1017 2712 ut
1048 2674 1110 2714 ex
1147 2659 1248 2714 hoc
1273 2660 1534 2728 deinceps
1563 2661 1862 2730 disciplinae
1896 2661 2091 2730 rigore,
2125 2675 2230 2715 non

665 2753 719 2805 in
750 2759 999 2821 promptu
1034 2753 1106 2806 sit
1133 2752 1338 2807 volenti
1375 2767 1474 2822 pro
1500 2753 1651 2806 libitu
1688 2755 1940 2808 recedere
1973 2768 2003 2806 a
2036 2767 2227 2808 monao

666 2843 868 2907 sterio;
905 2843 1000 2899 sed
1053 2843 1145 2914 qui
1175 2844 1325 2898 omni
1363 2844 1524 2899 modo
1556 2859 1662 2897 non
1696 2853 1979 2914 permanet
2028 2845 2080 2898 in
2129 2860 2230 2900 sua

665 2935 1024 3005 professione,
1062 2937 1398 2992 mundanum
1431 2940 1686 2992 vestitum
1739 2937 1988 3008 recipiat,
2045 2938 2236 3008 sicque

665 3035 820 3082 extra
848 3030 1247 3084 monasteriutn
1281 3030 1552 3083 mittatur.

2335 637 2509 692 ταῦτα
2540 640 2719 708 ῥητῶς
2777 638 3204 708 παρακελεύεται
3227 640 3300 706 (ι)
3339 657 3351 670 ⁸
3396 641 3495 692 Διά
3542 638 3702 692 τοῦτο
3748 639 3910 697 οὕτως

2337 731 2561 793 ἕκαστος
2591 731 2889 800 γυμνοῦται
2925 733 3002 803 (5)
3041 734 3138 802 τῆς
3182 735 3412 804 ἀρχαίας
3449 734 3790 802 περιουσίας,
3840 733 3911 794 ὡς

2339 826 2474 893 μηδέ
2512 826 2642 878 αύτδ
2673 826 2732 877 τὸ
2793 826 2994 895 ἔνδυμα
3041 827 3069 879 δ
3106 828 3572 896 περιϐεϐλημένος
3623 825 3778 897 ἦλθε,
3818 827 3906 878 τοῦ

2335 916 2524 970 λοιποῦ
2575 919 2757 986 φορεῖν
2825 917 3264 988 συγχωρεῖσθαι’
3307 919 3441 972 ἀλλὰ
3501 919 3612 970 τῶν
3668 919 3909 987 ἀδελφῶν

2336 1008 2554 1063 πάντων
2611 1010 2986 1078 συνηγμένων,
3041 1010 3332 1079 προαχθεὶς
3377 1013 3454 1074 είς
3508 1010 3570 1064 τὸ
3608 1011 3794 1079 μέσον,
3825 1012 3910 1060 ἐκ-

2334 1102 2517 1154 δύεται
2550 1101 2617 1154 τὰ
2649 1101 2755 1154 ῐδια
2788 1102 2999 1169 ἱμάτια,
3031 1103 3126 1156 καὶ
3153 1103 3240 1155 διὰ
3267 1103 3374 1154 τῶν
3403 1103 3603 1171 χειρῶν
3640 1101 3736 1154 τοῦ
3769 1101 3910 1154 ἀϐϐᾶ

2335 1193 2594 1261 ἐνδύμασι
2623 1193 2715 1246 τοῦ
2752 1193 3113 1263 μοναστηρίου
3163 1195 3656 1261 μεταμφιέννυται·
3691 1191 3768 1256 ὡς
3823 1192 3908 1244 διὰ

2333 1285 2522 1338 τούτου
2544 1285 2638 1338 τοῦ
2668 1283 2840 1338 τύπου
2868 1284 3159 1352 ἐπιγνῶναι
3193 1284 3353 1336 αύτδν
3389 1284 3494 1346 δτι,
3536 1283 3754 1337 πάντων
3803 1283 3907 1335 τῶν

2333 1377 2617 1447 κοσμικῶν
2645 1375 2986 1446 πραγμάτων
3018 1377 3111 1430 καὶ
3139 1377 3237 1446 τῆς
3279 1374 3597 1438 ἀλαζονείας
3659 1375 3755 1426 καὶ
3815 1373 3903 1425 τοῦ

2331 1471 2502 1537 τύφου
2534 1469 2863 1540 γυμνωθεὶς,
2893 1471 3179 1525 ἐνεδύσατο
3213 1471 3311 1540 τὴν
3332 1470 3602 1539 πτωχείαν
3631 1467 3726 1521 τοῦ
3782 1469 3908 1536 Χρι-

2334 1560 2483 1624 στοῦ,
2519 1563 2612 1614 καὶ
2635 1562 2716 1615 ὃτι
2748 1561 3189 1631 ἀνεπαισχύντως
3221 1561 3541 1632 συναριθμεῖ
3581 1560 3778 1614 ἑαυτὸν
3815 1562 3904 1612 καὶ

2333 1653 2500 1717 ἐξισοῖ
2529 1654 2606 1723 τῷ
2635 1653 2844 1721 σώματι
2873 1655 2970 1722 τῆς
3011 1654 3387 1721 ἀδελφότητος.
3431 1656 3512 1706 Τά
3569 1654 3625 1707 δέ
3651 1654 3843 1722 ἱμάτια
3872 1653 3907 1703 ἃ

2332 1746 2648 1810 ἀποδύεται,
2673 1745 2848 1800 λαϐὼν
2871 1749 2899 1799 ό
2921 1748 3202 1816 οἰκονόμος
3229 1747 3327 1814 τῆς
3371 1746 3562 1814 μονῆς,
3601 1748 3694 1798 ἐπὶ
3747 1745 3909 1797 πολὺν

2333 1838 2520 1908 χρόνον
2559 1837 2834 1906 φυλάττει,
2870 1839 3138 1908 ἀφορίσας
3191 1839 3296 1900 ἕως
3325 1838 3608 1908 προκοπῆς
3663 1839 3765 1906 τῆς
3811 1838 3910 1889 αὑ-

2330 1926 2426 1979 τοῦ
2454 1928 2548 1980 καὶ
2582 1926 2926 1995 ἀναστροφῆς
2965 1930 3057 1981 καὶ
3090 1930 3367 1998 ὑπομονῆς
3393 1930 3490 1997 τῆς
3525 1931 3583 1980 ἐν
3631 1928 3910 1996 διαφόροις

2331 2023 2653 2088 πειρασμοῖς
2679 2021 2951 2085 ἀπόδειξιν
2980 2021 3259 2092 παράσχῃ.
3294 2021 3404 2074 Καὶ
3430 2021 3480 2072 εί
3528 2021 3629 2087 μὲν
3675 2022 3911 2089 εὕρωσιν

2329 2112 2490 2164 αὑτὸν
2550 2111 2844 2178 δυνάμενον
2894 2113 3098 2176 τούτοις
3142 2113 3516 2181 ἐγκαρτερεῖν,
3576 2112 3669 2164 καὶ
3722 2113 3782 2163 ὲν
3843 2112 3910 2177 τῇ

2333 2203 2533 2274 σπουδῇ
2561 2205 2651 2256 καὶ
2683 2204 2930 2274 διαπύρῳ
2965 2204 3143 2277 θέρμῃ
3263 2204 3524 2274 ἐνήρξατο
3563 2203 3908 2272 διαμένοντα,

2329 2297 2443 2358 τοῖς
2498 2295 2706 2358 λοιποῖς
2755 2295 3214 2366 συναριθμοῦσινο
3271 2299 3318 2348 εί
3368 2295 3424 2347 δέ
3490 2311 3543 2346 τι
3595 2293 3910 2361 γογγυσμοῦ

2330 2386 2645 2455 ἐλάττωμα,
2689 2387 2722 2455 ἢ
2752 2387 3036 2457 παρακοῆς
3065 2387 3388 2455 οίασδήποτε
3421 2387 3480 2438 ὲν
3535 2383 3684 2453 αύτῷ
3734 2384 3911 2450 ἀμαρο

2332 2478 2454 2532 τίαν
2489 2476 2904 2548 καταμάθωσιν,
2935 2476 3254 2539 ἐκδύσαντες
3297 2476 3484 2529 τοῦτον
3555 2475 3700 2544 άπερ
3731 2473 3911 2525 ἐνεδύ-

2334 2585 2465 2622 σατο
2487 2569 2551 2621 ἐκ
2579 2568 2672 2622 τοῦ
2708 2568 3093 2638 μοναστηρίου,
3119 2568 3214 2620 καὶ
3265 2569 3378 2628 τοῖς
3423 2567 3717 2633 κοσμικαῖς
3764 2561 3883 2613 ἐνδύ

2337 2674 2472 2728 μασι
2501 2659 2686 2712 τοῦτον
2710 2658 3116 2730 περιϐαλόντες,
3137 2656 3482 2712 ἀπωθοῦνται
3498 2655 3592 2707 τοῦ
3624 2652 3907 2706 κοινοϐίου’

2334 2754 2411 2824 ᾡς
2441 2753 2506 2804 ἐκ
2536 2751 2738 2819 ταύτης
2761 2752 2946 2805 λοιπὸν
2997 2751 3100 2820 τῆς
3151 2749 3435 2820 ἀκριϐείας
3493 2748 3567 2816 μὴ
3633 2746 3912 2815 εὐχέρειαν

2337 2841 2477 2898 εῖναι
2505 2844 2585 2913 τῷ
2615 2844 2925 2914 βουλομένῳ
2951 2843 3025 2906 ὡς
3071 2844 3262 2913 ἔτυχεν
3317 2843 3621 2911 ἀναχωρεῖν
3662 2841 3761 2907 τῆς
3816 2853 3911 2904 μο-

2336 2939 2433 3006 νῆς
2461 2954 2476 2969 ο
2503 2937 2640 2991 ἀλλά
2671 2937 2762 2989 τὸν
2793 2937 2867 3006 μὴ
2893 2936 3197 3005 ἐμμένοντα
3218 2934 3360 2986 κατὰ
3387 2932 3565 2985 πάντα
3590 2929 3790 2999 τρόπον
3843 2931 3910 2997 τῇ

2339 3033 2446 3104 ίδίᾳ
2474 3031 2735 3102 ὁμολογίᾳ
2797 3029 3178 3100 μετενδύεσθαι
3227 3028 3325 3096 τὴν
3367 3025 3637 3094 κοσμικὴν
3689 3024 3910 3092 ἐσθῆτα,

2340 3128 2434 3178 καὶ
2462 3126 2635 3187 οὕτως
2661 3124 2989 3177 ἀπολύεσθαι
3013 3123 3105 3175 τοῦ
3136 3121 3520 3191 μοναστηρίου.

738 3231 793 3282 8.
831 3229 1018 3283 Dii-ant
1041 3243 1169 3298 ergo
1200 3229 1290 3299 qui
1329 3236 1516 3283 contra
1553 3229 1794 3283 sentiunt
1827 3245 1840 3282 :
1874 3229 2141 3298 numquid
2171 3245 2232 3283 ex

2412 3241 2480 3307 η’.
2516 3237 2840 3290 Είπάτωσαν
2877 3234 2970 3290 οὖν
2997 3236 3045 3287 οι
3067 3236 3351 3299 ἀντίθετοι,
3382 3235 3491 3286 ἀπὺ
3511 3231 3619 3285 τῶν
3655 3232 3916 3303 ῥημάτων

669 3319 849 3374 verbis
877 3319 960 3373 his
993 3335 1220 3390 magnus
1244 3320 1345 3374 iste
1395 3319 1557 3374 Pater
1591 3319 1843 3375 concedit
1871 3321 1917 3372 ei
1956 3321 2049 3391 qui
2081 3335 2236 3373 exer-

671 3419 844 3469 cetur,
873 3425 1053 3464 rasum
1095 3420 1311 3482 gestare
1338 3421 1392 3466 et
1418 3413 1810 3468 monachorum
1860 3412 2105 3466 habitum
2141 3428 2236 3466 su-

672 3515 844 3558 mere.
876 3516 1207 3570 rursumque
1258 3510 1463 3556 mutata
1523 3504 1793 3558 sententia
1853 3503 2235 3574 transfigurari

672 3594 730 3646 in
767 3593 1005 3646 laicum?
1034 3593 1195 3659 Sane,
1231 3594 1509 3665 inquiunt.
1546 3595 1745 3649 Delinit
1777 3596 1944 3658 enim,
1979 3610 2104 3649 eum
2140 3596 2235 3664 qui

673 3687 1016 3741 acceditexui
1050 3689 1243 3742 vestitu
1271 3704 1430 3755 quem
1461 3688 1678 3756 getebat
1701 3689 1920 3757 quando
1949 3691 2016 3741 ad
2052 3703 2241 3743 mona-

673 3775 902 3831 sterium
926 3777 1089 3839 venit,
1112 3777 1390 3847 illumque
1425 3780 1678 3832 vestitum
1711 3781 1761 3832 in
1802 3788 1920 3833 tuto
1951 3780 2239 3844 custodiri,

674 3867 854 3936 ipsum
879 3883 1008 3922 vero
1044 3877 1249 3922 mutata
1284 3881 1434 3923 veste
1462 3885 1559 3942 per
1589 3886 1780 3926 manus
1826 3872 2038 3926 abbatis
2079 3872 2243 3926 indu-

678 3957 876 4012 mentis
910 3959 1228 4013 mOnasterii
1258 3958 1468 4022 vestiri,
1499 3969 1558 4012 ut
1591 3961 1810 4029 quando
1861 3960 2076 4014 vocabit
2104 3971 2241 4014 tem-

677 4063 803 4116 pus,
841 4047 888 4102 si
916 4046 1311 4116 improbandus
1345 4048 1399 4101 in
1444 4048 1751 4102 monachali
1809 4049 1916 4102 vita
1968 4059 2240 4118 appareat,

676 4139 924 4196 vestibus
957 4141 1274 4194 monasterii
1306 4148 1560 4201 exuatur.
1587 4141 2241 4205 secularibusinduatur,

679 4243 844 4302 atque
870 4232 1178 4285 dimittatur
1208 4247 1236 4286 e
1273 4234 1620 4287 monasterio.
1651 4231 1806 4300 Quod
1837 4243 2012 4287 autem
2054 4249 2244 4287 niona-

682 4323 834 4380 sterii
896 4333 1097 4386 vestes,
1152 4326 1262 4377 sint
1313 4324 1682 4387 monachales,
1734 4325 2022 4380 saeculares
2092 4339 2242 4390 vero,

684 4416 856 4479 latice,
891 4429 994 4466 non
1031 4423 1115 4466 est
1149 4415 1411 4483 ignotum.
1438 4415 1693 4469 Attamen
1733 4430 1840 4468 non
1872 4415 2011 4468 dixit
2063 4415 2243 4480 Pater,

2341 3332 2547 3384 τούτων
2577 3329 2850 3381 ἐνδίδωσιν
2878 3329 2906 3380 ό
2939 3328 3112 3396 μέγας
3139 3325 3294 3386 οὗτος
3326 3324 3516 3393 Πατὴρ
3537 3323 3613 3392 τῷ
3641 3323 3913 3392 γυμναζοο

2343 3422 2488 3492 μένῳ
2535 3421 2853 3489 ρασοφορεῖν
2877 3419 2967 3471 καὶ
2993 3417 3563 3486 μετασχηματίζεσθαι
3590 3415 3731 3468 κατά
3753 3432 3916 3485 μονα-

2340 3517 2466 3587 χοὺς
2491 3558 2504 3577 ,
2537 3515 2630 3567 καὶ
2658 3511 2814 3574 αὖθις
2846 3512 2906 3563 ἐκ
2938 3510 3300 3580 μεταμελείας
3364 3506 3909 3577 ἀποσχηματίζεσθαι

2341 3608 2481 3661 κατὰ
2499 3605 2750 3670 λαῖκούς;
2780 3603 2904 3667 Ναὶ,
2927 3603 3056 3669 φασί
3086 3617 3100 3630 ·
3124 3601 3412 3670 διορίζεται
3434 3600 3541 3669 γὰρ
3561 3599 3654 3651 τδν
3680 3616 3907 3668 προσερ-

2341 3701 2567 3770 χόμενον
2591 3695 2949 3751 ἀπεκδύεσθαι
2980 3696 3007 3747 δ
3033 3693 3394 3747 ἐνεδιδύσκετο
3416 3692 3618 3758 ἔνδυμα
3637 3691 3724 3742 ὅτε
3746 3686 3910 3759 ἦλθεν

2341 3794 2421 3852 είς
2446 3790 2544 3859 τὴν
2577 3789 2763 3857 μονὴν,
2801 3787 2892 3840 κα)⁸
2926 3788 2982 3838 ἐν
3035 3784 3216 3852 ἀσύλῳ
3251 3780 3789 3852 παραφυλάττεσθαι,
3827 3780 3912 3832 διὰ

2344 3885 2399 3937 δέ
2428 3882 2534 3934 τῶν
2564 3879 2762 3950 χειρῶν
2788 3879 2879 3930 τοῦ
2917 3877 3059 3930 ἀϐϐἆ
3102 3875 3358 3943 ἐνδύμασι
3412 3872 3507 3959 τοῦ
3552 3873 3913 3940 μοναστηρίου

2350 3969 2867 4043 μεταμφιέννυσθαι,
2903 3967 3320 4038 ἴνα,κα)-οὖντος
3376 3963 3592 4033 καιροῦ,
3639 3964 3735 4015 ἐὰν
3790 3962 3911 4014 ἁδό-

2347 4082 2508 4133 κιμος
2541 4063 2671 4133 περὶ
2694 4062 2782 4114 τὸν
2811 4062 3017 4130 μονήρη
3075 4060 3187 4128 βίον
3245 4059 3520 4132 ἀναφανῇ,
3568 4056 3637 4109 τὰ
3691 4056 3792 4124 μὲν
3823 4054 3912 4105 τού

2351 4155 2710 4228 μοναστηρίου
2740 4153 2919 4222 ἀμφια
2966 4149 3263 4218 ἀπεκδυθῇ.
3297 4149 3364 4200 τά
3393 4147 3446 4200 δέ
3480 4144 3724 4216 κοσμικά
3765 4145 3914 4196 ἐνδυ⁹

2348 4250 2449 4320 θῇο
2477 4247 2689 4302 καὶτοῦ
2729 4243 3084 4315 μοναστηρίου
3130 4240 3414 4310 μοναχικὰ.
3463 4241 3532 4291 τι
3579 4239 3634 4292 δέ
3677 4237 3912 4304 κοσμικά

2346 4342 2531 4404 λαῖκά,
2554 4341 2654 4393 οὐκ
2680 4338 2962 4408 ἠγνόηται.
3003 4336 3110 4388 Καὶ
3152 4333 3256 4402 μὴν
3282 4333 3382 4384 οὐκ
3408 4327 3561 4382 εἶπεν
3617 4331 3646 4381 ὁ
3701 4330 3910 4396 Πατὴρ,

2352 4433 2624 4503 ἐνδύματα
2657 4431 2791 4499 μόνα
2819 4429 2912 4481 καὶ
2941 4425 3170 4493 πενιχρὰ
3206 4421 3646 4492 προσερχόμενον
3681 4420 3913 4488 ἀμφιέν-

683 4522 809 4560 eum
845 4506 937 4575 qui
975 4504 1203 4569 accedit,
1267 4505 1686 4560 induivestibus
1743 4506 2028 4568 duntaxat,
2071 4506 2237 4574 iisque

2351 4524 2563 4584 νυσθαι,
2607 4520 2720 4574 ἀλλ’
2757 4519 3024 4586 ἐνδύματα
3090 4514 3182 4566 τοῦ
3237 4511 3616 4580 μοναστηρίου.
3683 4510 3745 4561 Et
3806 4509 3908 4576 γὰρ

685 4597 915 4659 vilibus,
942 4595 1036 4650 sed
1063 4596 1302 4649 veStibus
1335 4597 1664 4650 monasterii.
1702 4595 1834 4650 Nam
1868 4596 1914 4650 si
1941 4595 2079 4650 forte
2109 4596 2250 4649 mili-

689 4691 760 4744 tis
791 4690 1050 4741 amictum
1079 4687 1352 4750 habuerit,
1376 4702 1440 4739 ex
1482 4702 1740 4756 purpura,
1773 4687 1853 4740 vel
1899 4687 2063 4741 etiam
2115 4701 2254 4740 auro

689 4784 1068 4841 intertextum,
1101 4777 1427 4832 commorari
1462 4777 1512 4830 iu
1544 4777 1872 4829 monasterio
1895 4792 2014 4829 cum
2045 4791 2108 4830 eo
2143 4791 2250 4829 non

691 4871 1060 4943 permittetur,
1117 4878 1228 4921 tum
1280 4877 1498 4937 prapter
1556 4867 1958 4930 indecentiam,
2012 4876 2124 4921 tum
2187 4884 2254 4922 ne

695 4977 898 5032 corpus
928 4961 1182 5015 mollibus
1206 4962 1535 5015 indumentis
1561 4970 1874 5013 enervatum
1897 4973 2013 5013 sese
2038 4958 2246 5012 efferat.

698 5050 902 5104 Verum
955 5051 1120 5103 laicos
1157 5050 1272 5102 vult
1311 5064 1432 5101 cum
1492 5050 1640 5115 parvi
1700 5047 1852 5112 pretii
1903 5043 2256 5106 indumentis,

699 5141 921 5199 amictui
955 5139 1431 5201 Conveniuntibus,
1469 5139 1532 5191 ad
1573 5136 1956 5190 monasterium
1987 5135 2259 5202 pertinen-

702 5235 867 5296 tibus,
911 5233 1135 5288 versari.
1179 5231 1253 5285 Ex
1286 5247 1348 5285 eo
1377 5239 1556 5283 autem
1585 5228 1729 5297 quod
1784 5227 1943 5280 Pater
1974 5227 2130 5288 dicit,
2163 5241 2257 5279 eos

705 5327 797 5395 qui
837 5326 1169 5379 accesserint
1227 5324 1480 5376 vestitum
1543 5336 1700 5376 suum
1761 5320 1813 5371 in
1877 5318 2253 5372 monachalem

706 5426 1063 5479 commutare,
1114 5432 1219 5469 non
1257 5412 1459 5471 indicat
1489 5429 1581 5480 per
1619 5410 2046 5480 oppositionem,
2111 5411 2255 5476 ipsos

780 5568 857 5645 (ι)
891 5575 1008 5627 Lib.
1045 5589 1128 5645 tv._
1149 5587 1197 5623 c.
1232 5569 1285 5623 5.

779 5629 856 5714 (55
893 5641 1229 5714 Γυμνοῦται
1274 5639 1385 5714 τῆς
1433 5633 1683 5714 ἀρχαίας
1734 5632 2118 5714 περεομσίαςλ
2147 5629 2261 5684 Hue

709 5699 1073 5786 pertinent-ent
1112 5699 1376 5786 aciipesis'
1413 5699 1805 5786 conjecturam.
1833 5699 2122 5786 ‘Athanaslii
2163 5716 2254 5786 seu

710 5770 903 5856 potius,
925 5781 1146 5834 alterius
1169 5770 1461 5856 Sy'ntaguia
1491 5770 1847 5856 doctrinm'ad
1884 5771 2175 5856 monachos
2201 5780 2255 5849 i-t

707 5837 1047 5913 Christianos
1072 5837 1281 5909 omnes,
1303 5837 1470 5916 p322.
1491 5845 1614 5896 Ἐὰν
1646 5840 1843 5910 χωρίον
1866 5837 2123 5905 κέκτησαι
2150 5878 2162 5902 ,
2197 5843 2252 5889 ὲν

2353 4614 2481 4674 ἴσως
2519 4609 2844 4681 στρατιώτου
2893 4608 2956 4674 δὴ
3021 4605 3335 4673 ἐνδυμενίαν
3377 4600 3789 4668 περιεϐέϐλητο,
3849 4600 3908 4650 ἐκ

2351 4700 2674 4770 κογχύληςῆ
2701 4699 2796 4751 καὶ
2825 4696 3219 4766 χρυσόπαστον,
3248 4691 3544 4761 διατρίϐειν
3567 4693 3622 4743 ἐν
3658 4695 3722 4759 τῇ
3781 4693 3904 4757 μονῇ

2353 4793 2490 4863 μετά
2521 4791 2722 4859 ταύτης
2769 4789 2830 4840 ού
2883 4785 3414 4854 παραχωρηθήσεται
3477 4782 3563 4834 διὰ
3617 4781 3717 4850 τὴν
3742 4781 3904 4848 ἀετρέ-

2341 4874 2532 4945 ’πειαν,
2560 4881 2652 4932 καλ⁵
2677 4879 2762 4930 ῐνα
2809 4876 2881 4944 μὴ
2927 4876 3130 4943 γαυριᾷ
3181 4873 3243 4926 τὸ
3293 4873 3446 4940 σῶμα
3486 4874 3595 4933 τοῖς
3657 4873 3904 4936 μαλακοῖς

2351 4969 2572 5040 ἀμφίοις
2594 4966 2963 5034 θρυπτόμενον
2987 4981 3001 4995 ·
3037 4963 3173 5030 μετὰ
3207 4961 3263 5013 δὲ
3291 4962 3524 5012 εὐτελῶν
3573 4959 3794 5026 ἀμφίων
3833 4959 3906 5008 ἐν·

2356 5060 2584 5128 δυμενίᾳ
2608 5055 2988 5126 προσηκόντων
3010 5054 3227 5115 λαῖκοὺς
3261 5054 3354 5105 καὶ
3380 5055 3444 5118 τῇ
3471 5053 3604 5119 μονῇ
3631 5048 3903 5117 διαφερόν-

2353 5167 2462 5204 των
2492 5149 2944 5217 ἀναστρέφεσθαι.
2979 5147 3072 5197 Ἐκ
3102 5146 3158 5197 δὲ
3186 5145 3276 5196 τοῦ
3325 5145 3495 5194 εἰπεῖν
3554 5143 3772 5210 Πατέρα
3815 5157 3902 5207 με-

2354 5235 2783 5291 τενδιδύσκεσθαι
2814 5237 2935 5296 τοὺς
2970 5233 3433 5302 προσερχομένους
3451 5232 3521 5283 τὰ
3550 5229 3899 5299 μοναχικά,ού

2356 5329 2680 5397 παρίσταται
2744 5326 2802 5389 ἐξ
2848 5325 3250 5391 ἀντιδιαστολῆς
3318 5324 3587 5390 μοναχικὰ
3650 5322 3754 5391 πρὸ
3815 5320 3902 5383 τῆς

2360 5421 2720 5487 μετενδύσεως
2775 5417 2971 5478 αὐτοὺς
3009 5414 3401 5484 ἀμφιέννυσθαι
3437 5431 3449 5443 ⁸
3503 5414 3660 5466 οὐδὲν
3714 5412 3814 5480 γὰρ
3841 5404 3903 5476 ἦν

2373 5571 2718 5636 μοναστηρίῳ
2758 5567 3074 5634 ἀναχωρῶν,
3129 5570 3224 5619 οὔκ
3272 5566 3586 5634 ἀνεχώρησὲ
3641 5584 3740 5627 σοι,
3801 5568 3903 5618 ἀλλ’

2366 5638 2655 5698 ἐμπαίςεες
2719 5639 2812 5686 καὶ
2873 5638 3136 5703 ὲμπαίζῃ.
3204 5637 3261 5689 F.
3324 5637 3420 5701 οὐχ
3494 5639 3610 5699 ἅμα
3675 5637 3905 5703 ἐχώρησέ

2367 5723 2469 5756 σοι.
2512 5706 2570 5758 Si
2606 5707 2784 5757 villam
2819 5709 3115 5772 possedisti,
3146 5722 3262 5756 tum
3296 5707 3345 5755 in
3375 5706 3752 5756 monasterium
3776 5721 3903 5758 sece-

2364 5777 2534 5832 (lcrcs.
2570 5791 2668 5825 non
2704 5791 2802 5825 tum
2839 5785 3003 5825 trcum
3034 5776 3269 5836 arcessit,
3309 5772 3397 5825 scd
3444 5773 3629 5826 illudis
3655 5787 3805 5844 atque
3842 5774 3903 5825 ilo

2363 5846 2573 5896 [αλιι-ιε.
