4082 6482
643 437 776 500 i367

1860 431 1906 488 Τ
1911 428 2136 488 ΙΙΕ-Π).
2184 427 2414 486 BALSA
2426 429 2474 486 Μ
2487 428 2578 485 ἱλΧ
2595 428 2660 488 lS

3760 427 3889 489 1363

637 568 762 620 mg»
791 549 959 604 Deum
1005 547 1232 606 amoris.
1284 561 1406 600 cum
1447 543 1770 614 probatione
1802 557 1910 596 non
1952 540 2208 595 mediocri

2327 544 2496 606 ιύτοῦ,
2528 543 2661 612 μετᾶ
2695 544 3016 612 δοκιμασίας
3040 543 3137 596 οὒκ
3171 544 3394 607 ἀγενοῦε
3420 543 3888 611 παραστξσεσθαι.

639 641 976 703 exhibuerit,
1011 640 1126 694 haec
1179 637 1245 692 ad
1293 638 1519 690 verbum
1575 635 1836 688 admonet
1887 651 1901 686 :
1957 632 2083 686 ldco
2129 631 2209 686 sic

640 732 1018 800 ntiqsquisque
1044 729 1286 799 antiquis
1316 727 1672 783 facultatibus
1722 725 1981 787 nudatur,
2034 735 2092 776 ut
2118 740 2209 776 ne-

641 844 745 895 qttc
772 827 950 894 ipsum
981 823 1367 878 indumentum
1397 837 1508 891 quo
1548 820 1783 872 amictus
1837 817 2005 880 venit,
2054 815 2209 868 dein-

639 935 767 986 (‘rps
800 927 1014 987 gestare
1055 915 1407 983 permittatur
1437 930 1450 967 :
1491 927 1674 966 verum
1704 911 1920 964 cunctis
1949 909 2208 962 fratribus

635 1008 982 1078 Congregatis
1037 1009 1334 1075 productus
1390 1007 1444 1060 in
1502 1004 1762 1063 medium,
1823 1003 1940 1057 suis
1991 1001 2209 1056 exuitur

635 1099 899 1163 vestibus,
924 1113 1128 1166 perque
1162 1112 1356 1150 manus
1389 1095 1601 1150 abbatis
1631 1093 1965 1148 indumentis
2021 1103 2215 1146 mona-

636 1191 789 1247 sterii
813 1191 1072 1246 amicitur
1103 1207 1118 1255 ;
1157 1203 1268 1258 quo
1299 1203 1394 1257 per
1431 1186 1744 1255 hujusmodi
1779 1194 1964 1254 typum
1994 1194 2047 1237 et
2080 1183 2210 1253 figu-

637 1299 754 1338 ram
791 1293 1076 1351 agnosrat,
1135 1281 1280 1352 quod
1345 1280 1600 1332 omnibus
1662 1277 1849 1330 mundi
1917 1275 2101 1339 rebus,
2155 1284 2210 1329 et

633 1375 896 1446 iactantia
949 1374 1201 1442 fastuque
1266 1371 1527 1433 nudatus,
1571 1377 1944 1437 paupertatem
2002 1366 2206 1421 Christi

636 1468 836 1529 induit,
872 1465 1130 1535 quodque
1157 1468 1408 1532 prompte
1434 1462 1568 1514 citra
1593 1457 1981 1513 verecundiam
2009 1465 2208 1511 semet-

635 1557 814 1626 ipsum
851 1562 1107 1610 accenset
1158 1552 1518 1621 adaequatque
1547 1548 1760 1618 corpori
1814 1547 2205 1602 fraternitatis.

633 1645 978 1705 Vestimenta
1037 1660 1166 1700 vero
1220 1661 1340 1715 qttte
1399 1644 1551 1698 exuit
1603 1656 1832 1697 sumens
1889 1639 2205 1695 monasterii

636 1755 979 1802 actinomus,
1015 1736 1184 1791 multo
1217 1744 1458 1804 tempore
1488 1741 1670 1787 servat
1725 1731 1983 1800 seposita,
2032 1731 2208 1785 donec

635 1846 964 1903 progressus
993 1831 1100 1896 sui,
1146 1839 1200 1884 et
1237 1829 1396 1884 bona
1435 1825 1900 1887 conversationis,
1960 1839 2026 1879 ac
2075 1824 2208 1877 tole-

639 1925 834 1980 rantia:
891 1924 944 1976 in
1001 1922 1170 1976 variis
1220 1919 1636 1980 tentationibus,
1683 1916 2206 1972 demonstrationem

637 2017 951 2089 prmbuerit.
988 2016 1054 2070 Et
1084 2015 1128 2069 si
1156 2031 1278 2069 eum
1311 2014 1530 2084 quidem
1566 2011 2023 2082 deprehenderint
2050 2025 2208 2080 posse

640 2112 695 2163 iu
729 2111 796 2164 iis
829 2122 1201 2178 perseverare,
1251 2121 1458 2162 necnon
1513 2107 1566 2160 in
1626 2106 1809 2160 studio
1851 2119 1916 2158 ac
1973 2107 2208 2168 fervore,

641 2220 750 2267 quo
777 2203 943 2271 erepit
977 2215 1319 2270 permanere,
1347 2215 1471 2255 eum
1499 2214 1623 2252 cum
1654 2197 1879 2267 reliquis
1909 2210 2210 2251 connume-

642 2304 809 2360 rant;
851 2295 934 2348 sin
976 2307 1104 2346 vero
1141 2291 1360 2362 aliquod
1389 2289 1837 2344 murmurationis
1874 2289 2086 2352 vitium,
2115 2295 2210 2341 aut

642 2385 936 2454 cujuslibet
963 2383 1341 2439 inobedientia:
1382 2390 1668 2452 peccatum
1717 2385 1769 2435 in
1811 2382 1934 2449 ipso
1967 2379 2213 2434 animad-

645 2478 931 2539 verterint,
990 2489 1199 2533 exuunt
1237 2476 1440 2547 quibus
1470 2492 1498 2530 e
1531 2476 1861 2530 monasterio
1900 2475 2212 2537 induerant,

645 2582 698 2624 rt
730 2570 1087 2625 srecularibus
1141 2570 1474 2624 indumentis
1530 2577 1864 2629 contectum,
1901 2583 1932 2622 e
1961 2567 2210 2638 coenobio

646 2665 908 2732 rjiciunt;
943 2671 1000 2716 ut
1031 2677 1094 2717 ex
1131 2662 1231 2716 hoc
1257 2663 1518 2730 deinceps
1547 2661 1846 2731 disciplinae
1879 2662 2076 2730 rigore,
2109 2675 2214 2715 non

649 2757 704 2809 in
734 2763 983 2824 promptu
1018 2756 1090 2810 sit
1117 2754 1323 2809 volenti
1359 2769 1458 2824 pro
1484 2754 1636 2808 libitu
1672 2755 1924 2809 recedere
1957 2768 1987 2807 a
2021 2767 2211 2808 monao

651 2847 852 2911 sterio;
890 2846 984 2902 sed
1038 2846 1129 2917 qui
1159 2846 1309 2901 omni
1347 2846 1508 2900 modo
1540 2861 1646 2899 non
1680 2854 1964 2916 permanet
2013 2846 2065 2898 in
2113 2860 2215 2900 sua

649 2940 1009 3009 professione,
1047 2939 1382 2994 mundanum
1414 2941 1671 2994 vestitum
1724 2939 1972 3008 recipiat,
2030 2939 2220 3008 sicque

650 3039 804 3085 extra
833 3033 1230 3086 monasterium
1265 3032 1536 3085 mittatur.

2314 636 2488 691 ταῦτα
2519 638 2697 707 ρητῶς
2755 635 3182 706 παρακελεύεται
3205 637 3278 702 (εἰ)
3317 653 3328 666 ·
3373 636 3471 688 Διά
3519 634 3675 687 τοῦτο
3719 634 3890 692 οὕτως

2316 731 2540 792 ἕκαστος
2569 730 2867 799 γυμνοῦται
2904 730 2980 800 (5)
3019 731 3117 798 τῆς
3160 732 3390 799 ἀρχαίας
3427 730 3765 798 περιουσίας,
3817 727 3889 788 ὡς

2318 824 2453 892 μηδὲ
2491 824 2620 877 αύτδ
2652 825 2711 876 τὸ
2772 824 2973 893 ένδυμα
3020 824 3048 876 δ
3084 825 3548 893 περιϐεϐλημένος
3598 820 3753 892 ἦλθε,
3795 821 3885 874 τοῦ

2314 915 2504 969 λοιποῦ
2554 917 2736 985 φορεῖν
2805 915 3243 985 συγχωρεῖσθαι·
3286 916 3420 968 άλλά
3479 915 3589 967 τῶν
3644 913 3888 982 ἀδελφῶν

2315 1007 2533 1062 πάντων
2591 1007 2964 1076 συνηγμένων,
3020 1007 3311 1076 προαχθεὶς
3356 1009 3433 1070 είς
3487 1006 3547 1059 τδ
3585 1006 3772 1075 μέσον,
3802 1007 3889 1057 tx-

2313 1101 2496 1154 δύεται
2529 1099 2596 1152 τὰ
2629 1099 2734 1152 ῖδια
2767 1100 2978 1167 ἱμάτια,
3011 1100 3106 1153 καὶ
3133 1099 3219 1152 διά
3246 1099 3354 1151 τῶν
3383 1099 3580 1168 χειρῶν
3618 1096 3712 1150 τοῦ
3746 1095 3888 1148 ἀϐϐᾶ

2315 1192 2574 1260 ἐνδύμασι
2603 1192 2695 1244 τοῦ
2731 1190 3093 1260 μοναστηρίου
3143 1191 3634 1258 μεταμφιέννυταιο
3667 1186 3744 1250 ὡς
3801 1186 3887 1240 διά

2313 1284 2503 1336 τούτου
2523 1284 2618 1336 τοῦ
2649 1281 2820 1336 τύπου
2849 1281 3140 1349 δπιγνῶναι
3173 1281 3334 1334 αὐτδν
3369 1281 3473 1342 ὅτι,
3515 1279 3733 1332 πάντων
3780 1277 3888 1330 τῶν

2314 1375 2598 1446 κοσμικῶν
2626 1374 2967 1444 πραγμάτων
2999 1374 3092 1427 καὶ
3120 1375 3218 1443 τῆς
3259 1370 3576 1435 ἀλαζονείας
3637 1370 3732 1422 καὶ
3793 1367 3883 1420 τοῦ

2312 1470 2482 1536 τύφου
2515 1468 2844 1538 γυμνωθεὶς,
2874 1469 3160 1522 ἐνεδύσατο
3194 1468 3292 1537 τὴν
3313 1466 3582 1535 πτωχείαν
3611 1463 3704 1516 τοῦ
3759 1464 3888 1532 Χρι-

2315 1558 2464 1623 στοῦ,
2499 1561 2593 1613 καὶ
2616 1560 2697 1612 ὅτι
2729 1559 3170 1629 ἀνεπαισχύντως
3201 1558 3522 1628 συναριθμεῖ
3561 1556 3757 1609 ἑαυτὸν
3793 1557 3886 1607 καὶ

2315 1652 2481 1715 ὶξισοῖ
2510 1652 2587 1722 τῷ
2616 1651 2825 1719 σώματι
2855 1652 2952 1720 τῆς
2992 1651 3368 1718 άδελφότητος.
3412 1652 3493 1703 Τά
3549 1650 3605 1704 δὲ
3630 1649 3822 1718 ίμάτια
3852 1647 3889 1698 ἃ

2314 1745 2630 1808 ἀποδύεται,
2655 1743 2830 1798 λαϐὼν
2853 1746 2880 1797 ὁ
2903 1745 3182 1813 οἰκονόμος
3210 1743 3308 1811 τῆς
3352 1742 3542 1811 μονῆς,
3582 1744 3674 1794 ἐπὶ
3727 1740 3890 1792 πολὺν

2314 1837 2503 1907 χρόνον
2541 1835 2816 1904 φυλάττει,
2852 1836 3120 1906 ἀφορίσας
3173 1836 3278 1897 ἕως
3307 1834 3589 1904 προκοπῆς
3643 1835 3745 1901 τῆς
3791 1833 3893 1884 αύ-

2312 1925 2408 1978 τοῦ
2436 1927 2530 1980 καὶ
2565 1925 2908 1992 ἀναστροφῆς
2947 1928 3039 1978 καὶ
3072 1927 3348 1995 ὑπομονῆς
3373 1927 3473 1993 τῆς
3507 1926 3564 1977 έν
3613 1923 3894 1991 διαφόροις

2313 2021 2636 2087 πειρασμοῖς
2661 2018 2933 2084 ἀπόδειξιν
2962 2019 3241 2088 παράσχῃ.
3276 2018 3386 2071 Καὶ
3413 2017 3462 2068 εί
3509 2017 3610 2083 μὲν
3656 2017 3896 2085 εὕρωσιν

2312 2111 2472 2164 αὑτὸν
2533 2110 2827 2176 δυνάμενον
2876 2109 3081 2173 τούτοις
3125 2111 3497 2178 ἐγκαρτερεῖν,
3558 2108 3651 2160 καὶ
3705 2109 3764 2159 ὲν
3826 2107 3895 2172 τῇ

2316 2202 2516 2273 σπουδῇ
2544 2203 2634 2255 καὶ
2666 2201 2913 2272 διαπύρῳ
2948 2201 3126 2274 θέρμῃ
3246 2201 3505 2270 ἐνήρξατο
3545 2198 3894 2267 διαμένοντα,

2313 2297 2426 2357 τοῖς
2481 2294 2689 2357 λοιποῖς
2738 2292 3196 2363 συναριθμοῦσινο
3253 2295 3301 2345 εί
3351 2291 3406 2344 δέ
3472 2307 3525 2342 τι
3577 2287 3895 2355 γογγυσμοῦ

2314 2385 2628 2454 ἐλάττωμα,
2672 2384 3019 2454 ἢπαρακοῆς
3047 2384 3370 2451 οίασδήποτε
3403 2383 3462 2434 ὲν
3517 2379 3666 2448 αὐτῷ
3717 2379 3896 2446 ἀμαρ-

2315 2477 2438 2531 τίαν
2472 2475 2888 2547 καταμάθωσιν,
2918 2474 3237 2535 ἐκδύσαντες
3279 2472 3466 2525 τοῦτον
3537 2469 3682 2539 ἆπερ
3715 2467 3898 2520 ὲνεδύ-

2317 2584 2448 2621 σατο
2471 2568 2535 2620 ὲκ
2563 2567 2656 2621 τοῦ
2692 2565 3076 2636 μοναστηρίου,
3102 2565 3198 2617 καὶ
3247 2565 3361 2624 τοῖς
3406 2561 3700 2630 κοσμικοῖς
3749 2556 3870 2608 ὲνδύ

2321 2675 2455 2728 μασι
2484 2658 2671 2711 τοῦτον
2694 2656 3100 2728 περιϐαλόντες,
3121 2653 3465 2709 ἀπωθοῦνται
3480 2651 3575 2703 τοῦ
3607 2647 3895 2702 κοινοϐίου·

2319 2753 2395 2823 ᾡς
2425 2752 2489 2804 εκ
2520 2751 2722 2818 ταύτης
2744 2750 2929 2803 λοιπὴν
2981 2749 3083 2817 τῆς
3135 2746 3418 2817 ἀκριϐείας
3477 2745 3550 2812 μὴ
3617 2742 3901 2810 εὐχέρειαν

2321 2840 2462 2898 εἶναι
2490 2843 2569 2912 τῷ
2599 2843 2909 2912 βουλομένῳ
2935 2841 3009 2903 ὡς
3055 2842 3246 2910 ἔτυχεν
3301 2838 3605 2906 ἀναχωρεῖν
3645 2837 3747 2902 τῆς
3803 2847 3899 2900 μο-

2320 2938 2418 3005 νῆς
2445 2953 2460 2968 ·
2487 2936 2624 2990 ἀλλά
2655 2935 2746 2987 τὸν
2777 2934 2851 3004 μὴ
2877 2933 3181 3003 ἐμμένοντα
3202 2930 3344 2983 κατὰ
3371 2929 3548 2982 πάντα
3573 2925 3778 2995 τρόπον
3830 2926 3899 2992 τῇ

2325 3032 2431 3102 ίδίᾳ
2458 3030 2720 3101 ὁμολογίᾳ
2782 3027 3162 3098 μετενδύεσθαι
3211 3025 3309 3093 τὴν
3350 3021 3622 3090 κοσμικὴν
3675 3019 3898 3087 ἐσθῆτα,

2326 3127 2419 3178 καὶ
2447 3124 2620 3186 οὕτως
2646 3122 2974 3176 ἀπολύεσθαι
2998 3121 3090 3172 τοῦ
3121 3118 3503 3188 μοναστηρίου.

723 3233 778 3286 8.
816 3232 1004 3286 Dicant
1027 3245 1155 3300 ergo
1185 3231 1276 3300 qui
1314 3238 1502 3285 contra
1537 3230 1779 3284 sentiunt
1813 3246 1826 3282 :
1859 3229 2126 3298 numquid
2157 3245 2217 3282 ex

2397 3240 2466 3306 η’.
2501 3235 2825 3289 Είπᾶτωσαν
2862 3232 2955 3287 οὖν
2981 3233 3031 3284 oi
3052 3233 3336 3293 ἀντίθετοι,
3367 3231 3476 3282 ἀπὸ
3496 3227 3603 3280 τῶν
3640 3227 3905 3298 ῥημάτων

655 3322 834 3376 verbis
861 3322 946 3376 his
978 3337 1205 3392 magnus
1230 3323 1330 3376 iste
1381 3321 1543 3375 Pater
1577 3321 1829 3376 concedit
1857 3322 1903 3373 ei
1942 3321 2034 3391 qui
2066 3335 2221 3373 exer-

655 3422 830 3472 cetur,
859 3428 1039 3466 rasum
1081 3422 1298 3484 gestare
1324 3423 1378 3468 et
1404 3414 1796 3469 monachorum
1846 3413 2090 3467 habitum
2126 3428 2221 3466 su-

659 3519 830 3562 mere.
861 3519 1193 3572 rursumque
1245 3512 1449 3558 mutata
1510 3505 1779 3558 sententia
1839 3504 2221 3574 transﬁgurari

658 3598 716 3650 in
754 3597 991 3650 laicum?
1020 3596 1181 3661 Sane,
1217 3595 1496 3666 inquiunt.
1533 3595 1732 3649 Delinit
1763 3596 1930 3657 enim,
1965 3610 2089 3649 eum
2126 3596 2220 3664 qui

659 3691 1003 3745 acceditexui
1036 3691 1230 3744 vestitu
1258 3705 1416 3756 quem
1448 3689 1665 3757 gerebat
1687 3689 1906 3758 quando
1936 3691 2002 3741 ad
2039 3703 2228 3742 mona-

659 3778 888 3834 sterium
913 3780 1075 3841 venit,
1098 3780 1376 3848 illumque
1414 3781 1665 3833 vestitum
1697 3781 1748 3832 in
1789 3787 1907 3833 tuto
1937 3779 2225 3842 custodiri,

661 3871 840 3940 ipsum
865 3886 994 3925 vero
1031 3879 1236 3924 mutata
1271 3883 1421 3924 veste
1450 3886 1546 3945 per
1576 3886 1768 3926 manus
1813 3871 2025 3925 abbatis
2066 3872 2230 3924 indu-

665 3960 862 4015 mentis
896 3961 1215 4015 monasterii
1245 3959 1455 4023 vestiri,
1486 3970 1545 4012 ut
1578 3961 1797 4030 quando
1849 3960 2064 4014 vocabit
2091 3971 2228 4013 tem-

665 4066 789 4120 pus,
828 4051 875 4104 si
903 4049 1298 4119 improbandus
1333 4049 1387 4102 in
1432 4048 1740 4102 monacliali
1797 4049 1904 4102 vita
1955 4059 2228 4117 appareat,

663 4143 911 4199 vestibus
944 4142 1262 4196 monasterii
1293 4149 1548 4202 eruatur,
1575 4141 2228 4204 saecularibusinduatur,

667 4246 832 4305 atque
857 4235 1166 4288 dimittatur
1195 4249 1223 4288 e
1260 4234 1609 4287 monasterio.
1639 4231 1795 4299 Quod
1825 4242 2001 4287 autem
2042 4247 2231 4286 mona-

669 4325 822 4383 sterii
883 4336 1084 4389 vestes,
1139 4328 1250 4379 sint
1301 4324 1671 4387 monachales,
1722 4323 2011 4379 saecularcs
2080 4338 2230 4388 vero,

671 4419 844 4482 laicae,
879 4432 982 4469 non
1019 4425 1103 4468 est
1136 4417 1399 4485 ignotum.
1427 4416 1682 4469 Attamen
1722 4430 1829 4468 non
1861 4414 2000 4468 dixit
2052 4414 2232 4479 Pater,

2326 3330 2532 3383 τούτων
2563 3327 2836 3379 ἐνδίδωσιν
2863 3327 2892 3377 δ
2924 3325 3097 3394 μέγας
3124 3322 3278 3382 οὗτος
3311 3319 3500 3389 Πατὴρ
3522 3318 3597 3388 τῷ
3626 3317 3903 3387 γυμναζοο

2328 3421 2474 3491 μένῳ
2520 3419 2838 3487 ρασοφορεῖν
2862 3417 2952 3468 καὶ
2979 3412 3547 3483 μετασχηματίζεσθαι
3574 3409 3718 3463 κατά
3739 3427 3907 3480 μονα-

2325 3517 2452 3585 χοῦς
2477 3556 2490 3576 ,
2523 3513 2616 3566 καὶ
2644 3509 2799 3571 αὖθις
2832 3510 2892 3560 ὲκ
2923 3506 3284 3577 μεταμελείας
3349 3501 3900 3572 ἀποσχηματίζεσθαι

2327 3607 2467 3660 κατὰ
2485 3603 2736 3668 λαῖκούςς
2766 3600 2890 3664 Ναὶ,
2913 3599 3043 3666 φασί
3072 3613 3086 3627 ⁸
3110 3597 3397 3666 διορίζεται
3420 3596 3526 3664 γὰρ
3546 3593 3640 3646 τδν
3665 3610 3897 3664 προσερο

2327 3700 2554 3769 χάμενον
2577 3693 2935 3748 ἀπεκδύεσθαι
2966 3693 2994 3743 ὃ
3019 3689 3380 3743 ἐνεδιδύσκετο
3401 3687 3602 3754 ἔνδυμα
3623 3687 3711 3737 ὅτε
3733 3681 3899 3754 ἦλθεν

2328 3792 2408 3850 είς
2432 3789 2530 3857 τὴν
2563 3787 2749 3856 μονὴν,
2787 3785 2878 3837 καὶ
2912 3784 2968 3834 έν
3021 3780 3202 3848 ἀσύλῳ
3236 3775 3776 3848 παραφυλάττεσθαι,
3811 3774 3903 3826 διὰ

2330 3883 2386 3935 δὲ
2415 3881 2521 3933 τῶν
2551 3877 2747 3947 χειρῶν
2774 3876 2865 3927 τοῦ
2904 3873 3045 3926 ἀϐϐἆ
3089 3871 3345 3939 ἐνδύμασι
3398 3867 3492 3947 τοῦ
3538 3868 3904 3935 μοναστηρίου

2337 3943 2854 4042 μεταμφιέννυσθαι,
2889 3962 3306 4032 ἴνα,καλοῦντος
3363 3943 3578 4028 καιροῦ,
3625 3959 3722 4009 ἐὰν
3777 3956 3902 4008 ἀδό-

2334 4080 2495 4131 κιμος
2529 4061 2658 4131 περὶ
2681 4059 2770 4112 τὸν
2797 4059 3004 4128 μονήρη
3061 4056 3174 4124 βίον
3232 4054 3506 4128 ἀναφανῇ,
3554 4050 3623 4102 τὰ
3678 4049 3778 4118 μὲν
3807 4048 3903 4099 τοῦ

2339 4152 2697 4226 μοναστηρίου
2727 4150 2906 4219 άμφια
2952 4145 3250 4214 ἀπεκδυθῇ,
3285 4145 3352 4196 τά
3380 4143 3434 4194 δὲ
3468 4139 3710 4210 κοσμικά
3753 4138 3905 4190 ἐνδυ-

2336 4248 2437 4318 θῇ·
2465 4244 2677 4300 καὶτοῦ
2716 4240 3071 4312 μοναστηρίου
3117 4235 3402 4307 μοναχικὰ,
3452 4235 3519 4285 τὰ
3565 4233 3621 4287 δὲ
3663 4230 3905 4298 κοσμικά

2334 4340 2519 4402 λαῗκά,
2542 4339 2642 4390 οὐκ
2668 4335 2949 4404 ἠγνόηται.
2990 4332 3097 4384 Καὶ
3139 4329 3244 4398 μὴν
3270 4329 3370 4379 οὐκ
3396 4322 3548 4378 εἶπεν
3604 4325 3633 4376 ὁ
3689 4324 3903 4390 Πατὴρ,

2339 4431 2611 4500 ἐνδύματα
2645 4427 2779 4496 μόνα
2808 4425 2900 4478 καὶ
2929 4421 3158 4489 πενιχρά
3193 4416 3634 4488 προσερχόμενον
3669 4413 3907 4482 ἀμφιέν-

671 4525 796 4564 eum
833 4509 924 4578 qui
962 4507 1191 4570 accedit,
1255 4507 1404 4560 indui
1431 4506 1674 4560 vestibus
1732 4506 2018 4568 duntaxat,
2060 4506 2222 4573 iisque

2339 4523 2551 4582 νυσθαι,
2595 4518 2708 4572 ἀλλ’
2745 4515 3012 4582 ἐνδύματα
3078 4510 3169 4562 τοῦ
3225 4506 3604 4576 μοναστηρίου.
3670 4504 3734 4556 El
3793 4503 3901 4571 γὰρ

673 4601 904 4662 vilibus,
930 4598 1024 4653 sed
1051 4598 1290 4652 vestibus
1324 4598 1653 4651 monasterii.
1691 4595 1824 4651 Nam
1857 4596 1903 4651 si
1930 4596 2068 4650 forte
2098 4595 2239 4648 mili-

677 4694 749 4747 tis
780 4694 1038 4745 amictum
1067 4689 1340 4752 ltabuerit,
1365 4704 1430 4742 ex
1471 4703 1730 4757 purpura,
1763 4688 1843 4740 vel
1889 4688 2053 4742 etiam
2105 4700 2243 4739 auro

678 4788 1056 4844 intertextum,
1090 4779 1416 4834 commorari
1451 4779 1501 4831 in
1533 4777 1862 4830 monasterio
1886 4793 2004 4829 cum
2034 4791 2098 4830 eo
2132 4790 2239 4828 non

681 4874 1050 4946 permittetur,
1106 4881 1216 4924 tum
1269 4879 1488 4940 propter
1546 4868 1948 4930 indecentiam,
2001 4875 2114 4920 tum
2176 4883 2242 4921 ne

685 4980 887 5034 corpus
917 4963 1172 5018 mollibus
1195 4962 1524 5016 indumentis
1551 4971 1864 5014 enervatum
1887 4973 2003 5012 sese
2028 4957 2236 5011 eﬂ‘erat.

688 5053 892 5107 Verum
945 5054 1110 5106 laicos
1146 5052 1262 5104 Vult
1301 5066 1421 5102 cum
1481 5050 1631 5116 parvi
1690 5046 1843 5111 pretii
1893 5041 2246 5104 indumentis,

690 5145 911 5203 amictui
945 5140 1420 5201 convenientibus,
1458 5140 1522 5191 ad
1563 5136 1948 5190 monasterium
1978 5135 2249 5202 pertinen-

693 5239 858 5300 tibus,
903 5235 1125 5290 versari.
1169 5233 1243 5286 Ex
1276 5248 1337 5286 eo
1367 5241 1546 5284 autem
1576 5229 1720 5297 quod
1775 5228 1934 5280 Pater
1965 5226 2121 5286 dicit,
2154 5239 2248 5277 eos

695 5331 788 5398 qui
828 5327 1159 5381 accesserint
1217 5325 1470 5377 vestitum
1533 5337 1692 5376 suum
1753 5320 1804 5371 in
1868 5317 2244 5371 monaebalem

697 5429 1054 5480 commutate,
1103 5433 1209 5470 non
1247 5413 1450 5470 indicat
1479 5429 1572 5481 per
1611 5410 2036 5480 oppositionem,
2101 5410 2246 5475 ipsos

795 5571 848 5631 li
881 5577 999 5629 Lib.
1035 5591 1106 5631 Iv,
1139 5588 1188 5624 (ξ.
1223 5571 1276 5624 5.

770 5579 848 5717 itii
881 5579 1376 5717 ῗηῗθὶὶτῖἔῦίὶὶρδὲῆς
1425 5635 1674 5717 ἀρίαίρς
1726 5631 2110 5717 “seseese.
2139 5627 2252 5717 ¹ἓ¹³ε

700 5703 1064 5789 pei-tt'nent'enr
1103 5703 1366 5789 aciipesis
1405 5703 1798 5789 conjec-turnum:
2155 5715 2246 5789 seu

701 5770 877 5858 ξξοιίυο
916 5783 1137 5837 alterius
1160 5770 1453 5858 Sy'tttaguta
1483 5770 1838 5858 .d‘o‘clrinalfad
1875 5770 2167 5858 monachos
2194 5779 2246 5847 rt

699 5837 1038 5917 tit—t‘i—siianos
1063 5837 1273 5910 omnes,
1296 5837 1359 5918 p.‘
1373 5848 1462 5901 9.2.
1483 5846 1606 5898 Ἐὰν
1639 5841 1834 5912 χωρίον
1858 5837 2116 5904 κέκτησαι
2143 5877 2154 5900 ,
2189 5843 2244 5888 εν

2341 4612 2468 4672 ἴσως
2507 4606 2833 4678 στρατιώτου
2882 4605 2945 4672 δὴ
3009 4601 3323 4669 ὲνδυμενὶαν
3365 4594 3777 4664 περιεϐέϐλητο,
3837 4594 3903 4644 ὲκ

2339 4698 2662 4768 κογχύληςῆ
2690 4697 2784 4748 καὶ
2814 4693 3207 4762 χρυσόπαστον,
3236 4687 3532 4757 διατρίϐειν
3555 4688 3611 4738 έν
3646 4689 3710 4753 τῇ
3769 4688 3900 4753 μονῇ

2342 4791 2479 4862 μετά
2509 4788 2711 4857 ταύτης
2758 4786 2819 4838 ού
2872 4781 3402 4851 παραχωρηθήσεται
3466 4777 3553 4829 διὰ
3605 4776 3704 4844 τὴν
3731 4775 3902 4843 ἀπρέ-

2330 4873 2521 4943 πειαν,
2549 4879 2640 4931 καὶ
2665 4876 2751 4928 ῐνα
2798 4873 2870 4941 μὴ
2916 4873 3118 4939 γαυριᾷ
3170 4870 3232 4921 τὸ
3281 4869 3436 4935 σῶμα
3475 4869 3584 4928 τοῖς
3645 4867 3901 4932 μαλακοῖς

2341 4967 2562 5039 ἀμφίοις
2583 4963 2952 5033 θρυπτόμενον
2976 4978 2990 4992 ο
3025 4959 3162 5026 μετᾶ
3197 4957 3252 5008 δὲ
3280 4957 3513 5008 εὐτελῶν
3562 4953 3784 5020 ἀμφίων
3823 4954 3904 5004 ὲν-

2346 5058 2572 5127 δυμενίᾳ
2597 5053 2978 5124 προσηκόντων
2999 5051 3216 5110 λαῖκοὺς
3251 5049 3344 5100 καὶ
3369 5050 3434 5113 τῇ
3460 5048 3592 5114 μονῇ
3619 5043 3902 5112 διαφερόν-

2343 5165 2452 5202 των
2481 5146 2933 5215 ἀναστρέφεσθαι.
2968 5143 3061 5193 Ἐκ
3092 5143 3147 5192 δὲ
3176 5141 3266 5192 τοῦ
3315 5140 3484 5190 εἰπεῖν
3542 5138 3763 5204 Πατέρα
3807 5152 3901 5202 με-

2345 5233 2773 5288 τενδιδύσκεσθαι
2803 5235 2925 5293 τοὺς
2961 5230 3421 5299 προσερχομένους
3441 5226 3510 5278 τὰ
3539 5225 3822 5294 μοναχικὰ,
3844 5224 3900 5276 οὐ

2347 5327 2670 5394 παρίσταται
2734 5324 2792 5387 ἐξ
2839 5321 3240 5388 άντιδιαστολῆς
3308 5317 3575 5386 μοναχικὰ
3638 5315 3745 5385 πρὸ
3807 5314 3904 5379 τῆς

2351 5419 2710 5485 μετενδύσεως
2766 5415 2961 5475 αὐτοὺς
2999 5409 3391 5480 ἀμφιέννυσθαι
3426 5426 3439 5438 ·
3493 5408 3648 5460 οὐδὲν
3703 5406 3808 5474 γὰρ
3839 5399 3905 5471 ἦν

2364 5567 2709 5634 μοναττηρίῳ
2749 5564 3065 5630 ἀναχωρῶν,
3119 5565 3214 5615 οὐκ
3261 5560 3574 5628 ἀνεχώρησέ
3629 5579 3732 5621 σοι,
3794 5563 3906 5613 ἀλλ’

2357 5631 2647 5695 ἑμπαίζεις
2684 5631 2803 5682 καὶ
2864 5634 3126 5698 ἐμπαίζῃ.
3195 5632 3251 5684 Ρ.
3313 5632 3410 5695 οὐχ
3484 5632 3599 5693 ἅμα
3664 5631 3910 5698 ἐχώρησέ

2359 5720 2460 5753 σοι.
2504 5702 2562 5755 Si
2599 5703 2775 5753 villam
2809 5704 3107 5769 possedislt‘,
3137 5717 3252 5752 (um
3286 5702 3334 5749 in
3366 5700 3746 5769 monasterium
3770 5717 3909 5753 sece-

2356 5775 2526 5828 dcrcs,
2563 5788 2660 5821 non
2696 5767 2994 5821 tmalrcum
3025 5771 3260 5830 arcessit,
3299 5767 3386 5820 scd
3434 5767 3618 5820 illudis
3643 5781 3802 5838 atque
3844 5770 3909 5822 ξι.

2355 5843 2565 5894 (tueris.
