1862 3081
74 175 100 208 l'l
678 174 721 206 IN
737 174 841 205 CONC.
858 185 859 195 ι

955 172 1047 203 HAG.
1659 168 1691 199 lR

73 242 82 258 1
95 241 137 258 στα
157 234 206 258 καὶ
227 230 311 258 τοῦτο
337 232 416 266 ἡμῶν
442 232 548 268 ἔχοντες
563 231 592 258 τὸ
621 231 744 267 [νταλμα
761 232 850 258 καὶτὰ

955 235 1088 259 mnuum.
1124 234 1182 262 quae
1222 226 1255 254 ad
1292 226 1422 262 maiorem
1459 226 1693 254 confirmationem

74 288 82 304 1
103 278 208 312 ῥήματα
219 278 277 304 τῶν
293 279 425 312 κανόνων,
437 279 515 305 ἆτινα
527 279 596 313 πρὸς
607 278 721 305 πλείονα
737 277 851 313 βεϐαίω-

75 333 82 350 ι
99 333 136 350 σιν
148 323 187 358 τῷ
202 324 321 358 παρόντι
336 325 548 359 κομμονιτωρίῳ
561 324 741 360 ἐνετάξαμεν.
757 324 851 355 Οὕτως

76 381 83 396 ι
99 371 147 406 γὰρ
167 369 258 402 εἷπον,
278 368 300 397 ὦ
312 370 433 404 ἀδελφοὶ,
455 371 482 397 οί
504 372 554 404 τῆς
563 372 592 397 ἐν
611 371 715 405 Νικαίᾳ
729 371 850 402 συνόδου,

77 426 84 440 ι
96 417 136 442 ὅτε
150 416 215 449 περὶ
233 417 283 450 τῆς
291 416 346 442 τῶν
360 417 520 442 ἐπισκόπων
532 416 669 451 ἐκκλήτου
678 415 850 450 ἐψηφίζοντο·

77 472 85 488 ι
105 462 219 496 Ἦρεσεν
230 462 260 488 δὲ
274 461 357 493 ὥστε,
375 461 424 488 ἐὰν
435 463 586 493 ἐπίσκοπος
597 461 789 497 κατηγορηθῇ,
807 461 853 487 καὶ

77 517 84 531 1
100 507 227 541 κρίνωσιν
236 508 261 533 οἱ
275 507 449 538 συνελθόντες
460 507 607 534 ἐπίσκοποι
622 507 671 541 τῆς
687 506 756 537 ιδίας
770 505 853 533 αὑτοῦ

76 563 83 579 ι
100 553 246 588 ἐπαρχίας,
257 554 306 579 καὶ
334 553 366 580 ἐκ
377 553 425 580 τοῦ
463 553 569 588 βαθμοῦ
589 552 674 580 αὐτοῦ
700 551 853 578 καθέλωσιν

78 609 86 625 ι
99 598 185 629 αὐτὸν,
202 598 252 625 καὶ
264 598 328 634 δόξῃ
339 599 517 626 ἐκκαλεῖσθαι
528 599 577 626 καὶ
588 599 775 633 καταφεύγειν
787 597 855 633 πρδς

79 653 88 669 1
104 645 145 670 τὴν
159 644 375 679 μακαριώτατον
401 645 552 672 ἐπίσκοπον
575 645 698 680 Ῥώμης,
709 645 755 671 καὶ
775 643 856 676 αὐτὸς

77 698 84 714 ι
103 689 199 725 θελήσῃ
208 690 379 725 ἀκουσθῆναι
391 691 497 723 τοῦτον,
509 692 556 718 καὶ
568 692 597 718 τὸ
605 692 729 718 τοιοῦτον
752 691 857 718 δίκαιον

79 743 86 759 ι
101 734 204 769 νομίσῃ.
224 734 298 761 ὥστε
330 736 519 769 ἀνανεωθῆναι
535 737 585 772 τὴν
597 737 732 770 ἐξέτασιν,
748 736 853 770 γράψαι

79 789 87 804 ι
107 780 272 812 καταξιώσει
287 780 356 814 πρὸς
371 782 434 812 τοὺς
454 782 483 808 ἐν
508 783 542 817 τῇ
578 782 718 817 όμορούσῃ
737 781 857 815 ἐπαρχίᾳ

80 835 86 849 1
106 826 282 858 ἐπισκόπους,
305 827 349 854 ἵνα
364 827 442 854 αὐτοὶ
457 827 596 862 ἐπιμελῶς
624 827 716 854 πάντα
741 827 859 862 συζητή-

81 880 88 896 ι
107 879 181 902 σωσι,
210 872 260 898 καὶ
275 872 350 898 κατὰ
363 872 394 898 τὸ
408 873 510 907 ἀληθὲς
533 871 720 907 περαιώσωσι.
737 872 792 902 Διδ,
809 872 858 898 ἐάν

82 925 141 948 ιτις
173 916 279 949 ἀξιοῖτο
310 918 427 953 πρᾶγμα
456 918 539 945 αὑτοῦ
562 917 644 944 πάλιν
682 917 859 951 ἀκουσθῆναι,
876 907 897 935 Β

81 970 88 986 ι
107 962 149 987 καὶ
161 962 251 997 οἰκεία
266 963 358 998 δεήσει
378 964 487 998 κινήσοι
507 963 553 989 τὸν
569 963 720 990 ἐπίσκοπον
742 962 860 996 Ῥώμης,

82 1016 90 1031 ι
106 1007 144 1033 ίνα
156 1008 187 1034 ἐκ
196 1007 241 1034 τοῦ
254 1008 374 1043 πλευροῦ
397 1009 480 1035 αὑτοῦ
499 1009 685 1044 πρεσϐύτερον
702 1008 862 1043 ἀποστείλῃ,

81 1061 90 1076 ι
105 1052 170 1086 ὲντῇ
187 1052 300 1088 ἐξουσίᾳ
345 1053 428 1080 αὑτοῦ
454 1054 508 1088 εἴη,
541 1054 610 1089 ὅπερ
634 1053 782 1088 βούλεται,
815 1051 862 1078 καὶ

82 1099 167 1134 ιδπερ
181 1099 384 1134 ὑπολαμϐάνει.
399 1100 456 1127 Καὶ
485 1100 533 1126 ἐὰν
558 1100 714 1135 ψηφίσηται
743 1097 862 1132 ὀφείλειν

84 1152 91 1167 ι
112 1144 269 1179 πεμφθῆναί
283 1153 371 1176 τινας,
394 1145 465 1172 ὥστε
495 1145 635 1181 παρόντας
666 1145 765 1175 αὐτοὺς
791 1143 860 1178 μετά

84 1197 92 1213 ι
110 1189 157 1214 τῶν
173 1190 334 1216 ἐπισκόπων
352 1191 455 1225 κρῖναι,
472 1190 581 1225 ἔχοντες
590 1191 640 1224 τὴν
658 1189 801 1216 αὐθεντίαν
813 1187 859 1213 τοῦ

82 1244 90 1260 ι
106 1235 310 1267 ἀποστείλαντος
328 1236 436 1268 αὐτοὺς,
449 1237 478 1262 ἐν
494 1237 526 1271 τῇ
551 1236 642 1270 κρίσει
680 1234 763 1262 αὑτοῦ
797 1234 853 1268 ειη.

909 274 1059 309 1prmsenti
1102 273 1309 301 commonitorio
1341 273 1515 309 inseruimus.
1557 272 1601 300 Sic
1623 272 1693 298 enim

907 320 1070 349 11lixerunl,
1095 318 1204 350 fratres,
1223 319 1268 352 qui
1288 319 1314 345 in
1340 317 1448 345 Nicmna
1473 317 1576 353 synodo
1603 317 1693 344 fuere.

908 375 917 391 1
933 366 1040 400 quando
1066 366 1098 392 de
1121 365 1308 399 episcoporum
1335 364 1514 398 appellatione
1531 364 1696 390 sententiam

907 420 916 437 1
933 411 1052 438 tulerunt
1066 417 1073 438 :
1099 409 1201 437 Placuit
1219 414 1308 436 autem
1322 414 1350 435 ut
1361 429 1368 440 .
1390 409 1412 436 si
1428 409 1569 443 episcopus
1587 416 1699 435 accusa-

908 466 917 481 1
935 460 979 483 tus
1001 455 1091 486 fuerit,
1120 459 1146 482 et
1162 455 1278 489 propriae
1298 454 1356 489 ejus
1378 453 1524 488 provincia:
1543 454 1698 487 congregati

908 510 918 526 1
934 500 1051 535 episcopi
1064 500 1255 535 iudicaverint,
1279 505 1307 527 et
1328 500 1415 533 ipsum
1433 507 1448 527 e
1471 501 1555 535 gradu
1577 507 1627 527 suo
1643 507 1700 526 mo-

909 556 918 573 1
936 547 1035 578 verint,
1058 550 1086 573 et
1108 546 1193 573 visum
1211 545 1246 573 sit
1265 546 1411 581 appellare,
1429 550 1457 573 et
1469 546 1500 572 ad
1512 541 1705 572 beatissimum

910 601 919 617 1
937 592 1029 619 Romae
1045 592 1202 626 episcopum
1227 591 1385 625 confugere,
1403 595 1429 617 et
1447 591 1504 624 ipse
1531 597 1592 617 eum
1609 589 1698 616 audiri

911 638 1068 666 1voluerit.
1093 642 1119 664 et
1142 644 1249 671 aequum
1283 636 1482 664 existimaverit
1502 641 1531 662 nt
1558 641 1701 662 renovetur

910 694 919 710 1
934 691 1058 716 examen,
1083 684 1203 711 scribere
1224 683 1349 718 dignetur
1363 683 1395 710 ad
1412 683 1553 716 episcopos
1570 681 1615 716 qui
1637 686 1701 708 sunt

912 741 920 757 1
935 731 962 758 in
986 731 1098 758 ﬁnitima
1123 731 1262 766 provincia
1277 750 1284 762 ,
1309 735 1338 756 ιιι
1380 730 1429 763 ipsi
1448 729 1592 763 diligenter
1610 728 1701 755 omnia

911 786 919 801 1
937 776 1086 809 inquirant,
1104 782 1131 803 et
1143 780 1192 808 [ex
1207 776 1278 806 νει-οἶ
1295 779 1322 802 et
1344 782 1421 809 aquo
1435 778 1578 809 peragant.
1595 773 1626 800 Et
1638 773 1700 799 ideo

912 831 920 846 1
937 821 959 848 si
975 821 1034 856 quis
1059 826 1251 856 rogatcausam
1274 828 1351 848 suam
1362 829 1456 847 rursus
1478 820 1577 851 audiri,
1595 824 1621 846 et
1646 819 1702 852 epi-

913 877 922 893 1
939 874 1049 900 scopum
1070 866 1218 894 Romanum
1238 874 1287 894 sua
1308 866 1507 901 supplicatione
1526 865 1652 896 moverit,
1674 870 1703 891 ιιι

915 923 924 939 ι
941 920 955 940 a
971 913 1057 940 latere
1073 920 1121 939 suo
1140 912 1255 947 legatum
1275 913 1372 943 mittat,
1392 913 1417 938 in
1437 920 1484 939 sua
1505 912 1540 939 sit
1558 915 1701 946 potestate.

917 967 926 983 1
944 958 1005 992 quid
1017 958 1080 985 velit
1091 963 1117 986 et
1128 958 1192 993 qttid
1205 958 1299 985 melius
1310 959 1456 985 existimet.
1475 958 1507 985 Et
1525 959 1553 985 si.
1573 958 1702 985 decreve-

916 1013 926 1030 1
944 1003 980 1031 rit
995 1004 1142 1032 mittendos
1156 1011 1217 1032 esse
1240 1004 1362 1039 aliquos,
1388 1004 1434 1038 qui
1461 1008 1610 1038 prtesentes
1636 1011 1699 1031 cum

917 1060 926 1076 1
941 1050 1218 1085 episcopisjudicent,
1240 1052 1428 1077 auctoritatem
1447 1050 1505 1084 ejus
1529 1058 1544 1076 a
1561 1058 1614 1084 quo
1627 1050 1702 1077 missi

918 1105 926 1122 1
944 1099 1008 1123 sunt
1022 1095 1171 1128 habentes,
1195 1095 1255 1130 ejus
1273 1095 1562 1130 relinquaturjudicio.
1585 1095 1632 1122 Sin
1656 1102 1704 1121 an-

917 1149 927 1166 1
945 1146 998 1167 tem
1023 1140 1055 1167 ad
1083 1141 1280 1168 terminandam
1304 1141 1377 1167 litem
1407 1140 1549 1175 episcopos
1580 1140 1703 1168 sufﬁcere

916 1195 926 1212 1
943 1186 1087 1219 putaverit,
1109 1187 1189 1214 faciet
1209 1187 1281 1222 quod
1308 1186 1520 1222 prudentissimo
1546 1187 1615 1221 ejus}
1632 1193 1700 1213 con-

916 1240 924 1256 1
944 1231 1004 1258 silio
1019 1232 1104 1258 visum
1121 1231 1214 1259 fuerit.
1237 1242 1246 1258 ι

83 1291 91 1306 1
109 1281 165 1308 Ἐὰν
182 1281 211 1308 δὲ
228 1283 278 1309 καὶ
290 1283 390 1318 νομίσῃ
419 1283 514 1316 ἀρκεῖν
535 1283 599 1314 τοὺς
626 1281 813 1313 ἐπισκόπους,
850 1278 894 1305 ἵνα
915 1277 1001 1312 πέρας
1034 1277 1075 1313 τῷ
1115 1278 1261 1314 πράγματι
1298 1279 1423 1311 ἐπιθῶσι,
1455 1280 1563 1314 ποιήσει
1602 1279 1632 1306 τὸ
1669 1280 1702 1313 τῇ

84 1337 93 1351 1
108 1329 272 1364 συνετωτάτη
303 1329 386 1356 αὐτοῦ
418 1328 498 1364 βουλῇ
523 1329 738 1364 παριστάμενον.
759 1337 768 1354 ι

79 1373 179 1400 ΔΡΙΣΤ.
200 1384 210 1400 ι
232 1374 264 1401 El
279 1375 432 1401 καθέλωσιν
449 1375 601 1401 ἐπίσκοπον
629 1374 792 1405 ἐπίσκοποι,
809 1373 857 1400 ἐὰν

115 1428 124 1444 1
140 1419 176 1454 τῷ
196 1419 310 1455 Ῥώμης
335 1420 467 1456 ἔκκλητον
497 1420 640 1455 ἐπάγοιτο,
656 1420 714 1456 ἦτω
745 1420 861 1447 εύάκου-

114 1474 123 1490 1
140 1473 208 1498 στος,
225 1465 274 1492 τοῦ
299 1466 409 1502 Ῥώμης
425 1466 576 1502 γράφοντος
593 1466 610 1502 ἣ
626 1466 828 1498 ἐπιτάττοντος.
850 1475 862 1492 ι

112 1555 202 1582 Δίδωσι
220 1556 267 1583 καὶ
282 1556 296 1582 ό
314 1556 404 1583 κανὼν
418 1554 506 1589 οὗτος,
521 1556 614 1588 καθὼς
629 1556 678 1584 καὶ
701 1557 715 1583 ὁ
731 1557 862 1592 τέταρτος

81 1601 125 1634 τῆς
137 1602 165 1628 ἐν
178 1602 300 1638 Σαρδικῇ
316 1603 428 1630 συνόδου
451 1603 558 1635 κανὼν,
577 1603 706 1635 ἐξουσίαν
725 1603 765 1638 τῷ
794 1602 861 1630 Ῥώ-

83 1653 130 1679 μης
144 1647 360 1682 προσερχομένῳ
377 1649 454 1684 παρὰ
475 1648 524 1674 τοῦ
550 1648 763 1683 καθαιρεθέντος
803 1648 863 1674 ἐπι-

82 1690 176 1717 σκόπου
207 1692 223 1727 ἦ
253 1693 461 1728 πρεσϐυτέρους
490 1693 669 1720 ἀποστέλλειν
699 1694 792 1725 ἰδίους,
816 1693 862 1720 καὶ

80 1737 165 1770 τηρεῖν
181 1738 250 1772 μετὰ
266 1738 322 1765 τῶν
333 1739 490 1766 ἐπισκόπων
506 1740 565 1766 κατ’
576 1740 708 1775 ἔκκλητον
718 1739 767 1774 τὴν
775 1739 864 1771 ἐξενε-

81 1780 183 1813 γθείσαν
199 1783 266 1817 παρ’
277 1783 369 1809 αὐτῶν
382 1784 455 1810 κατὰ
469 1785 517 1811 τοῦ
529 1785 681 1811 ἐπισκόπου
714 1784 761 1811 τοῦ
780 1785 863 1811 ἐκκα-

81 1826 221 1861 λεσαμένου
237 1829 401 1864 καθαίρεσιν
414 1838 420 1846 ·
431 1829 447 1864 ἢ
462 1831 579 1865 γράσειν
591 1832 647 1862 τοῖς
660 1830 861 1864 γειτνιάξουσιν

80 1871 234 1906 ἐπισκόποις
248 1876 282 1910 τῇ
301 1875 433 1911 ἐπαρχίᾳ,
447 1877 494 1903 καὶ
514 1876 579 1911 παρ’
610 1876 723 1902 ἐκεῐνων
754 1877 788 1903 τὰ
812 1875 862 1910 τῆς

88 1917 244 1954 Ἐκκλησίας
255 1921 410 1956 τηρεῖσθαι.

112 1965 163 1991 Καὶ
188 1966 295 1993 τούτων
309 1967 552 2002 ἀναγνωσθέντων,
575 1968 701 2000 Ἀλύπιος
712 1969 861 2002 ἐπίσκοπος

80 2010 124 2044 τῆς
136 2011 301 2046 Θαγαστέων
316 2015 474 2049 ἐκκλησίας,
485 2015 676 2050 τοποτηρητὴς
692 2016 741 2050 τῆς
756 2016 861 2050 Νουμι-

80 2056 150 2091 δικῆς
164 2059 310 2094 ἐπαρχίας,
325 2057 385 2086 εἶπε
400 2069 408 2076 ·
435 2070 444 2086 ι
460 2061 528 2096 Περὶ
543 2061 639 2088 τούτου
654 2061 703 2096 ἤδη
719 2062 767 2088 καὶ
803 2063 861 2094 τοῖς

82 2111 90 2127 ι
109 2105 235 2141 ἀνωτέρω
248 2106 396 2141 γράμμασι
408 2107 458 2141 τῆς
482 2108 591 2134 συνόδου
616 2107 696 2142 ἡμῶν
720 2109 857 2143 ἀντεγρά-

81 2158 90 2174 ι
104 2149 191 2183 ψαμεν
202 2159 211 2167 ·
236 2152 285 2178 καὶ
297 2151 379 2178 τοῦτο
391 2153 465 2187 ἡμᾶς
477 2153 607 2188 φυλάξειν
616 2154 815 2188 ὁμολογοῦμεν,
829 2155 860 2182 τὸ

82 2203 90 2219 ι
105 2195 210 2230 ὁρισθὲν
223 2198 277 2224 ὑπὸ
292 2198 342 2233 τῆς
358 2199 386 2224 ἐν
400 2198 502 2234 Νικαίᾳ
518 2199 629 2226 συνόδου
641 2208 649 2216 ·
663 2201 739 2234 ὅμως
756 2201 797 2228 ἔτι
810 2201 860 2236 ἐμὶ

913 1366 1025 1396 ARIST.
1043 1377 1052 1394 1
1073 1367 1102 1396 Si
1128 1375 1283 1403 episcopum
1311 1369 1429 1403 episcopi
1458 1370 1648 1403 deposuerint.
1675 1370 1698 1396 si

957 1424 966 1440 1
987 1414 1021 1442 ad
1038 1416 1195 1449 episcopum
1210 1415 1362 1443 Romanum
1380 1415 1565 1450 appellaverit,
1589 1415 1706 1449 benigne

960 1472 970 1489 1
990 1463 1142 1491 audiendus
1154 1468 1206 1495 est,
1221 1464 1386 1492 rescribentc
1402 1464 1566 1499 autjubente
1578 1464 1705 1500 episcopo

958 1519 966 1536 1
986 1509 1116 1537 Romano.
1140 1520 1149 1536 ι

953 1555 986 1582 Ει
1013 1556 1058 1583 hic
1081 1563 1179 1588 canon,
1205 1555 1434 1591 quemadmodum
1463 1563 1550 1584 canon
1577 1561 1703 1591 quartus.

916 1600 1050 1634 Romano,
1077 1609 1157 1636 quem
1184 1602 1329 1637 episcopus
1355 1602 1495 1636 depositus
1520 1602 1637 1637 appellat
1655 1609 1704 1636 po-

915 1650 1040 1673 testatem
1057 1646 1135 1682 511
1154 1647 1220 1679 dat,
1239 1653 1284 1674 aut
1309 1655 1373 1675 suos
1392 1648 1499 1675 mittere
1516 1648 1702 1682 presbyteros,

916 1697 943 1720 et
957 1700 1018 1719 cum
1036 1693 1170 1728 episcopis
1183 1693 1302 1727 episcopi
1314 1693 1477 1728 appellantis
1495 1694 1702 1728 depositionem,

915 1738 947 1765 de
963 1744 1014 1771 qua
1036 1738 1065 1764 ﬁt
1093 1738 1249 1772 appellatio,
1275 1738 1308 1765 ab
1325 1739 1392 1773 ipsis
1407 1739 1510 1766 illatam
1535 1739 1703 1771 examinare,

915 1789 962 1810 aut
988 1784 1021 1811 ad
1047 1784 1150 1812 vicinos
1177 1784 1323 1819 provinciae
1339 1787 1482 1820 episcopos
1510 1785 1642 1818 scribere,
1671 1790 1702 1812 ut

915 1829 948 1855 ab
970 1829 1023 1856 illis
1051 1829 1094 1856 illa
1120 1837 1178 1864 quae
1212 1831 1244 1856 ad
1274 1830 1420 1858 Ecclesium
1449 1831 1585 1858 oertinent
1607 1832 1704 1859 obser-

913 1879 1018 1902 ventur.

950 1978 982 2005 Et
1002 1977 1044 2005 his
1065 1977 1273 2013 lectis.Alypius
1300 1977 1474 2012 Tagastensis
1502 1977 1627 2005 Ecclesiae
1644 1979 1703 2014 epi—

914 2031 1021 2058 scopus.
1051 2022 1200 2050 Numidica
1217 2023 1361 2058 provinciae
1386 2023 1501 2059 legatus,
1526 2024 1618 2052 dixit:
1639 2033 1648 2050 1
1667 2025 1706 2052 De

915 2079 925 2096 1
940 2070 989 2096 hoc
996 2069 1050 2104 jam
1060 2075 1085 2096 et
1099 2070 1124 2096 in
1137 2070 1321 2104 superioribus
1332 2070 1426 2105 synodi
1441 2075 1542 2097 nostra!
1553 2070 1652 2098 litteris
1660 2078 1705 2097 re-

915 2124 926 2141 1
942 2115 1109 2149 scripsimus.
1123 2119 1150 2142 et
1161 2115 1186 2141 itl
1199 2123 1247 2142 nos
1259 2121 1415 2149 servaturos
1423 2115 1590 2150 profitemur.
1605 2115 1676 2149 quod
1691 2124 1706 2142 ι

915 2170 924 2186 ι
945 2159 1053 2188 Nictena
1072 2161 1175 2196 synodo
1193 2161 1332 2188 decretum
1352 2166 1394 2188 est
1409 2169 1423 2188 ιν
1445 2169 1487 2188 me
1512 2165 1603 2188 tamen
1618 2161 1707 2188 adhuc

914 2215 923 2232 1
945 2210 1045 2237 movet,
1059 2206 1131 2241 quod
1145 2207 1208 2233 dum
1219 2211 1309 2233 vetera
1328 2206 1406 2239 hujus
1421 2206 1645 2242 synodiNicaana:
1658 2213 1706 2234 ex-

83 2248 90 2264 1
107 2242 184 2272 κινεῖ,
200 2242 242 2268 ὅτι
258 2243 288 2269 ἐν
299 2243 337 2278 τῷ
349 2245 531 2279 ἐπισκήπτειν
541 2245 616 2280 ἡμᾶς
632 2247 688 2277 τοῖς
699 2246 858 2280 Γραικικοῖς

955 2252 1074 2286 tmplaria
1089 2251 1267 2282 consulimus,
1288 2258 1320 2278 ea
1334 2251 1407 2289 illic,
1415 2253 1505 2280 nescio
1521 2260 1574 2287 qua
1591 2252 1706 2284 ratione.

82 2294 90 2311 1
109 2287 169 2319 ίσως
181 2288 287 2323 ταύτης
299 2288 349 2323 τῆς
359 2289 387 2315 ἐν
398 2290 501 2325 Νικαίᾳ
509 2290 629 2322 συνόδου,
637 2290 726 2318 ταῦτα
741 2292 800 2318 ἐκεῖ
809 2291 860 2318 οὐκ

81 2340 89 2355 1
106 2329 164 2359 οῖδα
176 2334 247 2369 ποίῳ
259 2334 334 2370 λόγῳ
347 2335 473 2370 οὐδαμῶς
487 2336 606 2372 εὕρομεν
623 2345 630 2352 ·
644 2337 705 2364 ὅθεν
729 2337 860 2372 αἰτοῦμεν

81 2387 89 2402 1
106 2378 154 2414 τὴν
168 2381 317 2414 τιμιότητα
330 2381 380 2416 τὴν
393 2381 453 2416 σὴν,
466 2382 603 2415 ἁγιώτατε
617 2383 718 2410 πάππα
729 2383 859 2418 Αύρήλιε,

80 2433 89 2449 1
101 2424 192 2460 ἐπειδὴ
211 2426 246 2452 τὰ
263 2426 414 2453 αὑθεντικὰ
439 2427 491 2459 τῆς
508 2428 537 2454 ἐν
553 2429 656 2464 Νικαίᾳ
677 2429 787 2456 συνόδου
831 2429 860 2456 ἐν

80 2477 89 2494 ι
108 2470 394 2499 Κωνσταντινουπόλει
436 2473 546 2507 λέγεται
569 2471 653 2509 εῐναι,
684 2476 760 2507 τινὰς
790 2475 861 2511 μετὰ

81 2523 89 2539 1
105 2517 274 2551 γραμμάτων
285 2518 335 2552 τῆς
348 2518 482 2554 ὑμετέρας
495 2521 651 2554 ἁγιωσύνης
671 2520 779 2555 πέμψαι
795 2529 861 2548 κατ-

82 2571 89 2586 1
107 2562 236 2595 αξιώσατε
251 2571 261 2580 ⁸
280 2565 327 2591 καὶ
347 2565 476 2600 μὴμόνον
494 2567 561 2601 πρὸς
579 2567 662 2594 αὑτὸν
686 2567 731 2594 τὸν
741 2569 860 2601 ἁγιώτα-

82 2616 90 2631 1
109 2616 151 2635 τον
166 2611 279 2646 ἀδελφὸν
308 2611 388 2646 ἡμῶν
413 2612 459 2638 τὸν
474 2614 522 2648 τῆς
543 2613 860 2646 Κωνσταντινουπόλεως

81 2662 90 2677 1
110 2655 269 2689 ἐπίσκοπον,
281 2657 351 2684 ἀλλὰ
366 2657 414 2684 καὶ
438 2659 484 2685 τὸν
502 2660 550 2694 τῆς
587 2659 790 2696 Ἀλεξανδρείας
811 2662 860 2688 καὶ

82 2706 90 2720 ι
114 2699 272 2735 ’Δντιοχείας
304 2703 369 2734 τοὺς
401 2705 603 2738 προσκυνητοὺς
634 2706 727 2740 ἱερεῖς,
758 2706 857 2737 οἵτινες

83 2752 92 2768 ι
104 2744 150 2779 τὴν
163 2747 247 2782 αὐτὴν
266 2749 376 2775 σύνοδον
392 2749 457 2784 ἡμῖν
481 2750 540 2784 μεθ’
557 2750 791 2786 ὑποσημειώσεως
803 2752 858 2777 τῶν

83 2796 92 2813 1
105 2790 206 2818 oixsiuw
215 2793 674 2828 γραμμάτωνὰποστείλωσιν,ὥστε
687 2797 775 2824 πᾶσαν
790 2797 861 2833 μετὰ

85 2842 92 2856 1
110 2835 191 2862 ταῦτα
217 2839 424 2874 ἁμφισὸἡτησιν
462 2841 666 2876 ἀφαιρεθῆναιο
695 2843 787 2878 ἐπειδὴ
813 2845 860 2870 καὶ

87 2888 95 2904 1
112 2882 187 2915 ἡμεῖς
217 2884 316 2917 οὕτως,
331 2885 368 2916 ὡς
390 2886 527 2920 όαδελςξς
553 2889 697 2921 (lusori-Io;
744 2890 858 2925 ἤγαγεν,

917 2306 927 2322 ι
941 2303 1112 2331 nequaquam
1122 2297 1284 2324 invenimus.
1293 2295 1369 2324 Unde
1383 2297 1565 2324 reverentiam
1575 2302 1648 2324 tuam
1660 2305 1705 2324 ro~

917 2350 928 2367 1
943 2349 1048 2377 gamus,
1063 2342 1234 2370 sanctissime
1247 2350 1314 2378 papa
1329 2343 1436 2375 Aureli,
1452 2348 1493 2375 ut,
1507 2350 1568 2370 eum
1590 2342 1705 2370 Nicaanat

917 2397 931 2414 ι
943 2387 1038 2422 synodi
1054 2387 1208 2416 anthenlica
1226 2388 1459 2424 Constantinopoli
1482 2396 1543 2416 esse
1567 2389 1705 2421 dicantur,

917 2441 927 2458 1
943 2432 1049 2467 aliquos
1063 2440 1124 2460 cum
1139 2433 1292 2461 sanetitatis
1301 2439 1398 2461 vestrae
1411 2435 1507 2461 litteris
1528 2435 1636 2461 mittere
1664 2431 1714 2461 di-'

917 2487 926 2504 1
940 2478 1056 2512 gnemini
1067 2487 1074 2505 :
1085 2483 1112 2506 et
1124 2486 1177 2506 non
1192 2479 1279 2507 solum
1290 2480 1322 2507 ad
1337 2487 1424 2514 Ipsum
1436 2480 1638 2508 sanctissimum
1652 2480 1703 2507 ira-

917 2533 926 2550 1
947 2529 1015 2552 trem
1034 2529 1158 2552 nostrum
1182 2525 1510 2560 Constantinopolitanum
1537 2527 1704 2560 episcopum,

916 2571 978 2597 1sed
992 2571 1072 2597 etiam
1087 2571 1120 2598 ad
1137 2571 1309 2598 Alexandria:
1330 2576 1358 2599 et
1374 2564 1525 2600 Antiochiae
1538 2571 1704 2598 venerabiles

917 2624 926 2640 1
943 2616 1109 2648 sacerdotes,
1129 2617 1174 2651 qui
1195 2617 1272 2644 nobis
1299 2618 1368 2645 hanc
1395 2619 1529 2654 synodum
1555 2624 1616 2644 cttm
1637 2625 1703 2644 sua-

915 2670 925 2687 1
940 2670 998 2689 rum
1013 2663 1164 2691 litterarum
1177 2664 1366 2698 obsignatione
1375 2665 1493 2695 mittant,
1505 2669 1533 2690 ut
1543 2663 1634 2690 omnis
1651 2665 1700 2691 de-

916 2718 925 2734 1
947 2708 1010 2736 hinc
1024 2709 1157 2736 dubitatio
1179 2709 1300 2743 tollatur;
1315 2709 1531 2744 quandoquidem
1548 2709 1661 2739 litecila.
1676 2714 1706 2736 ut

915 2763 928 2780 1.
938 2754 1021 2783 frater
1037 2761 1128 2784 noster
1138 2755 1284 2783 Faustinus
1296 2756 1395 2789 attulit,
1411 2763 1463 2783 non
1477 2756 1638 2783 invenimus.
1649 2755 1706 2783 Nos

915 2810 924 2826 1
936 2806 1036 2833 tamen,
1050 2807 1079 2829 ut
1090 2807 1151 2829 ante
1165 2803 1231 2833 dixi,
1247 2802 1377 2836 tantisper
1387 2807 1550 2834 servaturos,
1563 2802 1648 2829 donec
1661 2803 1701 2828 in-

916 2855 926 2873 1
943 2851 1018 2881 tegra
1028 2852 1054 2874 et
1064 2849 1182 2882 pctfet'ttt
1198 2847 1361 2882 exemplaria
1380 2849 1514 2878 venerint.
1534 2849 1702 2882 prolitomur.

917 2901 926 2918 1
947 2893 1080 2920 l’etcndus
1099 2898 1139 2921 cst
1157 2899 1245 2920 autent
1260 2893 1357 2920 litteris
1377 2894 1477 2921 nostris
1493 2895 1572 2921 etiam
1589 2900 1702 2919 venera-
