1862 3081
162 172 195 202 10
492 207 493 210 η
789 178 930 210 THEOD.
951 179 1153 211 BALSAMON
1746 175 1784 206 90

159 237 168 252 1
190 228 250 255 bilis
258 228 383 257 Ecclesiae
394 230 522 260 Romana;
530 232 671 268 cpiscopus
682 234 848 267 Bonifacius,
859 240 886 262 ut
895 236 952 271 ipse

1042 236 1162 271 δῦδαμῶς
1173 234 1291 270 εὕρομεν
1303 233 1400 261 ταῦτα.
1416 232 1510 267 "Opto:
1525 231 1598 266 ἡμᾶς
1614 230 1682 266 πρὸς
1693 229 1784 261 ὀλίγον

157 283 167 299 1
182 281 290 309 qttoque
307 275 431 310 dignetur
452 279 485 305 ad
500 283 662 306 memoratas
691 280 825 308 Ecclesias
850 281 955 318 aliquos

1042 281 1213 314 φυλάξοντας,
1227 280 1264 309 ὡς
1281 279 1422 314 προεῖπον,
1440 277 1492 307 ἕως
1514 272 1544 302 οὗ
1559 275 1593 302 τὰ
1617 274 1713 307 ἐντελῆ
1743 275 1789 300 ίσα

159 328 168 343 1
188 318 302 351 mittere,
318 321 363 354 qui
379 322 471 348 eadem
487 323 662 357 exemplaria,
685 323 760 358 iuxta
778 325 823 351 illa
840 333 900 359 qua:
918 325 953 352 ab

1042 326 1162 358 ἔλθωσιν,
1200 324 1396 360 ὁμολογοῦμεν.
1437 323 1595 357 Ὀφείλομεν
1622 320 1649 347 δὲ
1678 319 1788 352 αἰτῆσαι

150 362 165 379 “⁴
183 363 241 398 ipso
253 365 352 400 scripta
365 371 436 398 sunt,
450 367 574 395 aﬂ'erant.
587 368 661 395 Nunc
675 373 764 396 autem
776 369 854 396 dictae
870 369 955 397 Nictc-

158 417 169 433 1
187 417 227 460 na:
237 412 406 446 synodi,quas
416 412 553 447 habemus,
562 415 726 450 exemplaria
739 416 806 443 actis
820 416 879 443 istis
890 424 954 444 con-

159 463 168 478 1
186 462 340 489 iungemus.
371 465 380 482 ι

161 511 170 526 1
188 502 328 534 νευθείσας
351 504 515 540 Ἐκκλησίας
531 507 634 534 στεῖλαί
660 516 747 539 τινας,

1008 382 1018 398 1
1042 372 1189 407 γράμμασι
1204 371 1350 406 ἡμετέροις
1363 369 1411 395 καὶ
1423 368 1471 395 τὸν
1495 366 1721 401 σεΰασμιώτατον
1738 365 1787 396 τῆς

1007 427 1016 443 1
1041 417 1203 451 Ἐκκλησίας
1225 415 1335 451 Ῥώμης
1347 414 1498 441 ἐπίσκοπον
1531 411 1712 446 Βονηςάτιον,
1743 408 1788 434 ἵνα

1009 472 1018 489 ι
1039 463 1086 489 καὶ
1098 462 1178 493 αὐτος
1198 461 1297 496 ὁμοίως
1311 459 1471 495 καταξιώσῃ
1499 457 1566 493 πρὸς
1596 456 1647 487 τὰς
1683 462 1790 489 μνημο-

789 507 948 541 ὀφείλοντας
981 511 1014 536 τὰ
1044 510 1114 536 αὐτὰ
1130 509 1176 536 ίσα
1190 509 1261 535 κατὰ
1277 508 1311 534 τὰ
1329 507 1394 542 παρ’
1426 505 1509 532 αὐτοῦ
1544 503 1687 538 γραφέντα
1720 501 1789 533 ἀγα-

161 558 170 573 (
190 550 258 581 γεῖν-
276 548 334 576 Νῦν
347 549 375 576 δὲ
389 550 438 586 τῆς
455 553 689 588 μνημονευθείσης
700 554 728 580 ὲν
746 553 851 590 Νικαῐᾳ
879 553 1000 587 συνόδου,
1037 554 1109 584 ἀπερ
1141 553 1248 588 ἔχομεν,
1284 552 1330 579 ῐσα
1360 551 1416 582 τοῖς
1449 548 1654 584 πεπραγμένοις
1682 545 1790 577 τούτοις

161 605 170 620 ‹
189 595 365 631 συζεύξομεν.
385 607 394 624 )

197 639 362 675 FauSIinus,
393 642 519 671 Ecclesia:
552 644 678 671 Romanae
716 646 838 680 legatus,
871 646 956 673 dixit:

161 699 169 715 1
185 688 278 716 Vestra
291 688 420 715 sanctitas
431 689 531 715 nullum
541 688 669 716 Romana.-
680 689 804 717 Ecclesiae
815 690 875 717 facit
889 698 957 724 prae.

162 744 170 759 1
193 734 335 769 judicium,
353 734 410 762 sive
437 735 471 762 de
495 735 545 762 hoc
574 735 704 770 capitulo,
729 735 787 762 sive
808 737 840 762 de
870 736 954 762 aliis:

162 788 170 804 1
189 778 409 813 quandoquidem
426 780 531 806 censuit
551 780 633 807 frater
645 785 740 808 noster
761 785 786 808 et
809 779 953 807 comtnini‘

162 833 170 849 1
189 829 246 851 ster
254 825 366 860 Alypius
378 824 475 852 dubios
483 833 541 853 esse
553 833 681 853 canones.
693 825 745 852 Sed
761 826 818 853 haec
833 827 950 852 sanctis-

1044 644 1190 670 Φαυστῖνος
1205 640 1391 676 τοποτηρητὴς
1407 640 1456 674 τῆς
1474 638 1583 672 Ῥώμης
1609 634 1669 663 εἷπε
1685 644 1693 652 ’
1712 645 1722 662 1
1742 636 1794 662 Οὖ-

1012 699 1020 715 1
1044 689 1088 715 δὲν
1106 689 1122 723 ἡ
1140 688 1262 723 ὑμετέρα
1275 685 1415 720 ἀγιωσύνη
1426 685 1569 720 πρόκριμα
1585 683 1657 709 ποιεῖ
1672 683 1704 716 τῇ
1728 682 1792 708 Ἐκ-

1011 745 1019 761 ι
1039 734 1142 769 κλησίᾳ
1165 733 1285 768 Ῥώμης,
1303 733 1357 758 είτε
1376 731 1440 765 περὶ
1453 730 1548 756 τούτου
1564 728 1611 755 τοῦ
1627 727 1791 761 κεφαλαίου,

1008 790 1016 805 1
1036 780 1089 807 εἴτε
1103 779 1167 814 περὶ
1182 779 1268 806 ἄλλων
1283 786 1290 794 ο
1309 777 1403 812 ἔπειδῆ
1419 776 1536 810 ἠξίωσεν
1565 775 1579 801 ὁ
1606 773 1722 808 ἀδελφὸς
1737 773 1793 813 ¹καὶ

1008 834 1016 850 1
1037 810 1243 859 συλλειτουργδς
1258 824 1337 859 ἡμῶν
1374 810 1502 853 ’Ᾰλύπιος
1525 819 1692 854 ἀμφιϐόλους
1722 810 1793 845 εἶναι

163 879 172 895 1
193 870 261 897 simo
276 874 303 898 et
320 871 479 899 beatissimo
491 879 566 906 papae
581 876 673 899 nostro
683 872 802 899 scribere
814 871 949 906 dignemi-

1042 871 1101 901 τοὺς
1121 870 1248 901 κανόνας.
1275 869 1356 896 Ἀλλὰ
1370 867 1457 895 ταῦτα
1474 866 1542 902 πρὸς
1567 865 1612 892 τὸν
1638 864 1794 898 ἁγιώτατον

162 924 171 940 1
194 915 231 948 ni,
246 916 335 948 utsic,
347 923 407 944 cum
421 922 508 944 vestra
525 918 668 944 sanctitate
694 918 811 950 integros
828 923 947 943 canones

163 969 172 985 1
188 961 361 995 conquirens,
378 962 420 997 {de
442 962 569 990 omnibus
584 962 699 989 decretis
726 966 832 989 tractet.
848 960 951 988 Suilii-it

163 1015 172 1031 1
191 1008 262 1033 enim
284 1010 321 1040 ut,
352 1009 578 1042 quemadmodum
591 1012 680 1034 vestra
695 1001 909 1040 sanctitas'apud
919 1012 948 1032 se

164 1060 174 1075 1
196 1057 304 1084 tractat.
328 1054 367 1081 sic
381 1058 407 1081 et
419 1054 475 1088 ipse
491 1061 539 1088 per
555 1053 672 1087 seipsum
686 1053 841 1086 conquirat,
860 1059 893 1078 ne
909 1051 951 1078 in-

165 1108 172 1124 1
186 1104 226 1126 ter
242 1099 376 1127 Ecclesias
388 1100 475 1134 aliqua
487 1099 623 1127 contentio
637 1097 775 1125 exoriatur
788 1105 796 1129 ;
809 1097 854 1124 sed
865 1097 953 1130 potius

166 1154 175 1170 1
191 1143 309 1171 fraterna
325 1145 467 1172 dilectione
482 1145 640 1177 consulatis,
653 1150 685 1170 eo
697 1143 873 1174 rescribeute,
889 1141 953 1176 quid

166 1199 175 1214 1
193 1190 286 1216 melius
303 1190 442 1218 observari
459 1190 547 1217 debet.
565 1199 575 1215 ι

1003 925 1012 941 1
1036 916 1084 942 καὶ
1113 915 1322 951 μακαριώτατον
1355 915 1471 941 πάππαν
1499 912 1577 946 ἡμῶν
1598 910 1702 945 γράψαι
1728 918 1795 936 κατ-

1004 969 1013 985 1
1037 959 1186 992 αξιώσατε,
1203 959 1247 985 ἴνα
1259 959 1304 986 καὶ
1317 958 1403 988 οὕτως
1418 957 1582 992 ὁλοκλήρους
1596 956 1658 987 τοὺς
1671 955 1791 986 κανόνας

1003 1015 1012 1030 1
1033 1005 1158 1039 συζητῶν
1190 1004 1261 1038 μετὰ
1294 1004 1343 1038 τῆς
1373 1003 1510 1038 ὑμετέρας
1543 1000 1700 1035 ἁγιωσύνης
1727 1001 1794 1034 περὶ

1007 1060 1016 1076 1
1033 1051 1143 1077 πάντων
1158 1050 1212 1077 τῶν
1232 1050 1397 1085 ὑρισθέντων
1410 1048 1576 1083 τρακταῖσῃ.
1611 1046 1705 1080 ’Δρκεῖ
1739 1045 1795 1080 γὰρ

1009 1107 1017 1122 1
1036 1097 1080 1123 ἵνα
1097 1096 1190 1128 καθὼς
1203 1096 1324 1131 ὑμετέρα
1353 1094 1493 1129 ἀγιωσύνη
1522 1093 1587 1128 παρ’
1614 1093 1699 1126 ἑαυτῇ
1728 1100 1796 1125 τρα-

1011 1153 1019 1168 1
1037 1143 1156 1174 κταῖζει,
1175 1143 1246 1169 οὕτω
1261 1143 1309 1169 καὶ
1321 1142 1402 1173 αὐτὸς
1424 1140 1485 1167 καθ’
1511 1138 1607 1167 ἑαυτὸν
1637 1138 1792 1172 συζητήσῃ.

1011 1197 1019 1213 1
1040 1188 1076 1222 μή
1092 1197 1151 1220 πως
1181 1188 1331 1222 φιλονεικία
1357 1185 1458 1221 μεταξὺ
1480 1185 1534 1212 τῶν
1555 1184 1725 1218 Ἑκκλησιῶν
1749 1191 1794 1217 τις

165 1243 175 1261 1
197 1235 324 1271 ἁναφυῇ·
354 1235 422 1262 ἀλλὰ
465 1235 565 1270 μᾶλλον
598 1235 730 1271 ἀδελφικῇ
762 1233 857 1269 ἀγάπῃ
888 1232 1096 1268 βουλεύσασθαι,
1133 1234 1348 1270 ἀντιγράφοντος
1383 1231 1479 1264 αὑτοῦ,
1511 1231 1538 1258 τί
1567 1231 1670 1266 ὀφείλει
1701 1237 1796 1265 κρειτ-

167 1292 175 1308 1
193 1283 274 1314 τόνως
293 1282 472 1317 φυλαχθῆναι.
494 1291 504 1308 ι

356 1331 479 1358 Aurelius
490 1331 623 1365 episcopus
637 1331 703 1357 diait
711 1337 721 1357 :

202 1386 212 1403 1
231 1376 333 1404 Praeter
356 1383 399 1409 ea,
411 1384 471 1412 qua:
486 1377 512 1404 in
529 1376 597 1403 actis
617 1375 815 1410 proposuimus,
841 1380 952 1402 necesse

167 1430 179 1448 1
198 1427 249 1453 est,
263 1426 292 1448 ut
308 1421 406 1449 litteris
417 1430 523 1456 quoque.
537 1428 636 1449 nostra:
651 1420 791 1455 parvitatis
808 1419 951 1447 sanctissi-

169 1477 179 1493 1
196 1467 239 1494 mo
253 1467 328 1494 fratri
346 1472 437 1494 nostro
460 1473 487 1494 et
501 1474 638 1494 sacrorum
659 1465 845 1492 comministro
870 1464 952 1491 Boni-

168 1523 178 1539 1
197 1513 267 1541 facio
280 1514 382 1545 omnia,
393 1521 451 1548 qua:
464 1518 619 1544 tractamus,
637 1512 791 1546 plenissime
801 1511 954 1546 signiﬁcen-

168 1568 177 1583 1
195 1563 249 1586 tur.
263 1559 372 1594 Anergo
386 1563 476 1586 nostra
491 1558 614 1585 omnibus
625 1557 730 1592 placeat
750 1556 952 1592 consequentia,

168 1615 178 1631 1
197 1612 229 1632 ex
259 1612 307 1632 ore
335 1605 454 1632 omnium
487 1604 634 1632 discamus.
667 1614 675 1630 ι

322 1693 449 1722 Universa
465 1694 579 1730 synodus
595 1694 672 1723 dixit.
683 1693 783 1721 Placet.

205 1739 323 1770 Novatus
347 1741 504 1775 episcopus.
534 1739 698 1767 Mauritaan
723 1730 855 1766 Sitifensis
884 1738 956 1774 lega-

168 1790 319 1821 tus.dixit:
340 1797 349 1814 1
373 1787 542 1815 Meminimus
571 1787 693 1820 equidem
713 1786 762 1812 hoc
778 1785 956 1812 commonito-

172 1847 180 1863 1
202 1837 271 1864 riunt
292 1836 324 1862 de
336 1833 512 1870 presbyteris,
531 1837 558 1860 et
571 1836 700 1866 praeterea
715 1831 748 1858 de
764 1830 882 1858 diaconis
906 1830 960 1857 for--

172 1891 182 1908 1
203 1887 246 1908 me
256 1879 406 1911 continere,
421 1878 535 1913 qualiter
550 1877 665 1904 debeant
685 1884 699 1903 ιι
721 1875 836 1910 propriis
852 1875 958 1910 episco-

172 1936 183 1954 1
205 1927 255 1960 pis.
267 1925 308 1953 vel
322 1925 355 1952 ab
372 1924 404 1951 iis
420 1924 464 1958 qui
494 1928 557 1950 sunt
572 1922 690 1953 finitimi,
712 1921 815 1953 audiri;
838 1922 908 1955 quod
932 1921 958 1948 in

172 1979 182 1996 1
201 1969 307 1997 Nicama
323 1969 426 2003 synodo
447 1975 614 2002 nequaquam
630 1966 752 2000 legimus.
768 1966 912 2000 Propterea
934 1966 959 1992 id

173 2025 182 2042 1
198 2016 302 2051 iubebit
318 2020 407 2043 vestra
424 2013 553 2041 sanctitas
565 2013 625 2047 legi.
644 2022 651 2037 ι

206 2106 329 2134 Aurelius
338 2106 478 2140 episcopus
492 2104 571 2131 dixit:
583 2113 592 2129 1
604 2103 700 2130 Coram
713 2103 815 2137 legatur
830 2103 879 2130 hoc
896 2110 962 2137 quo-

175 2164 185 2181 1
207 2161 260 2188 que
274 2153 346 2188 quod
362 2151 500 2186 qureritnr.
527 2159 536 2175 ›

407 2195 501 2223 Daniel
513 2195 630 2222 notarius
642 2194 720 2229 legit:

216 2252 226 2270 1
247 2243 284 2271 De
296 2241 522 2278 appellationibus
537 2245 626 2267 autem
647 2239 820 2271 clericorum,
839 2239 890 2267 hoc
906 2243 958 2272 est,

176 2300 185 2317 1
209 2287 396 2320 minorisloci,
421 2291 495 2315 certa
509 2290 553 2314 est
578 2285 671 2321 synodi
685 2285 888 2319 responsio:dc
911 2292 962 2319 qua

176 2348 184 2364 1
199 2337 262 2372 quid
271 2335 360 2363 velitis
369 2340 448 2369 agere
457 2331 626 2360 inserendum
635 2331 829 2363 existimamus,
837 2331 963 2366 quoniam

177 2394 185 2409 1
198 2384 236 2410 sic
248 2382 349 2410 dirtum
364 2385 414 2410 est.
425 2389 435 2406 ι
475 2386 478 2389 λ

210 2428 290 2464 512
306 2427 387 2455 Osius
406 2425 551 2460 episcopus
571 2423 640 2451 dixit
657 2432 664 2449 :
691 2433 700 2448 1
716 2423 792 2456 Quod
810 2430 852 2450 me
878 2422 964 2450 adhuc

178 2483 187 2499 1
204 2477 301 2502 movet,
321 2476 413 2498 tacere
428 2477 480 2496 non
498 2469 593 2496 debeo.
607 2468 635 2495 Si
652 2468 713 2501 quis
732 2467 801 2494 forte
816 2467 964 2495 iracundus

177 2529 187 2545 1
197 2518 340 2553 episcopus
351 2516 433 2551 (quod
447 2516 570 2542 essenon
582 2514 673 2548 debet)
683 2515 812 2541 adversus
823 2514 963 2548 presbyte-

179 2575 187 2590 1
206 2572 264 2591 rum
277 2562 317 2590 vel
333 2563 476 2589 diaconum
490 2568 567 2587 suum
582 2561 635 2587 cito
647 2560 689 2587 vel
705 2559 784 2587 etiam
798 2567 893 2594 aspere
907 2566 964 2586 mo-

179 2621 187 2636 1
206 2618 260 2643 tus,
270 2616 330 2637 eum
344 2616 357 2634 a
371 2607 478 2643 propria
487 2606 600 2634 ecclesia
614 2613 755 2641 segregare
762 2605 887 2636 voluerit,
900 2612 962 2640 pro-

179 2667 187 2682 1
206 2656 349 2684 videndum
361 2658 412 2685 est,
428 2661 461 2680 ne
473 2653 531 2679 sine
543 2660 623 2679 causa
635 2652 840 2683 condemnetur,
853 2650 893 2677 vel
904 2658 964 2685 per-

180 2712 190 2728 1
206 2699 477 2728 datcontmunionem
497 2708 502 2725 :
519 2699 615 2725 habeat
629 2706 692 2731 ergo
717 2701 876 2732 potestatem
906 2695 962 2730 eje-

180 2759 189 2774 1
205 2752 264 2776 ctus
287 2746 414 2774 finitimos
436 2745 591 2776 accedendi.
608 2748 637 2771 ut
652 2751 731 2770 causa
759 2743 818 2777 ejus
839 2742 963 2768 audiatur

181 2806 189 2820 1
213 2799 240 2821 et
255 2793 408 2827 diligentius
419 2797 561 2819 tractetur.
573 2790 601 2816 Ei
616 2790 688 2816 cnim
705 2787 809 2822 roganti
822 2786 960 2813 audiet-tia

181 2851 189 2864 ε
211 2847 263 2867 nou
281 2844 321 2867 est
335 2835 491 2875 deneganda
512 2847 518 2864 :
547 2837 611 2871 qttin
640 2840 665 2862 et
684 2835 727 2862 ille
745 2835 900 2869 episcopus,
915 2833 960 2868 qui

182 2897 190 2912 1
206 2894 276 2919 cum,
293 2887 349 2914 sive
362 2885 423 2920 jure
435 2883 608 2918 siveinjnria,
620 2881 709 2915 eiecit,
722 2888 777 2909 rem
802 2880 899 2908 discuti
914 2887 962 2915 pa-

1179 1324 1330 1359 Αὺρήλιος
1343 1323 1514 1355 ἐπῖσκοπος
1530 1319 1607 1348 εἷπε·

1042 1381 1051 1398 1
1077 1371 1171 1402 Ἐκτδς
1189 1367 1226 1397 ὧν
1240 1369 1455 1405 προτεθείκαμεν
1469 1369 1497 1394 ὲν
1512 1368 1568 1398 τοῖς
1577 1364 1796 1400 πεπραγμένοις,

1006 1427 1014 1444 1
1034 1418 1142 1451 ἀνάγκη
1155 1416 1215 1442 ἐστὶ
1242 1416 1289 1442 καὶ
1305 1415 1451 1450 γράμμασι
1482 1413 1534 1448 τῆς
1557 1411 1698 1447 ἡμετέρας
1731 1409 1796 1443 βρα-

1008 1474 1016 1489 1
1037 1464 1152 1499 χύτητος
1169 1462 1207 1497 τῷ
1229 1461 1372 1496 ἁγιωτάτῳ
1398 1459 1506 1494 ἀδελφῷ
1524 1459 1570 1485 καὶ
1595 1456 1796 1491 συλλειτουργῷ

1009 1510 1112 1545 (ἡμῶν
1140 1508 1301 1543 Βονηφατὶῳ
1330 1507 1432 1538 πάντα,
1462 1506 1514 1532 ὗσαι
1545 1503 1731 1539 ψηλαφῶμεν,
1757 1503 1797 1532 είς

1010 1564 1018 1580 1
1037 1554 1138 1589 πλῆρες
1155 1553 1303 1589 ἐμφανίσαι
1320 1560 1326 1567 ·
1340 1552 1388 1578 ἐὰν
1420 1550 1511 1578 τοίνυν
1537 1550 1619 1576 πᾶσιν
1643 1548 1750 1583 ἀρέσκῃ
1779 1548 1795 1581 ὴ

1010 1611 1018 1626 1
1047 1601 1172 1636 ἡμετέρα
1220 1597 1449 1634 ὲπακολούθησις.
1497 1596 1630 1632 μάθωμεν
1677 1594 1795 1628 στόματι

1010 1656 1018 1672 1
1040 1647 1157 1674 πάντων.
1174 1655 1183 1672 ι

1094 1693 1243 1726 Σύμπασα
1258 1692 1276 1725 ἡ
1292 1690 1424 1722 σύνοδος
1436 1687 1532 1716 εΐπεν·
1556 1687 1703 1721 Ἀρέσκει·

1042 1738 1166 1770 Ναυᾶτος
1198 1737 1346 1768 ἐπίσκοπος
1367 1756 1375 1770 ,
1393 1732 1581 1769 τοποτηρητὴς
1605 1729 1795 1765 Μαυριτανίας

1007 1783 1183 1818 Σιτιφένσης,
1211 1781 1288 1810 εἶπει
1310 1792 1320 1808 1
1339 1778 1513 1815 Μεμνήμεθα
1550 1776 1640 1803 τοίνυν
1672 1773 1754 1800 τοῦτο
1766 1773 1796 1798 τὸ

1015 1840 1024 1856 1
1045 1829 1264 1865 κομμονιτώριον
1279 1827 1345 1863 περὶ
1359 1825 1563 1862 πρεσϐυτέρων,
1592 1822 1631 1848 ἔτι
1658 1820 1713 1855 μὴν
1736 1820 1796 1865 δια-

1012 1884 1021 1901 1
1040 1864 1126 1902 κόνων
1142 1875 1181 1906 ὡς
1208 1864 1364 1909 περιέχειν,
1393 1871 1452 1902 πῶς
1481 1868 1636 1904 ὀφείλουσιν
1664 1865 1718 1893 ἀπὺ
1743 1864 1797 1890 τῶν

1012 1932 1020 1947 1
1042 1922 1115 1949 ἰδίων
1129 1921 1289 1948 ἐπισκόπων
1316 1919 1332 1955 ἢ
1353 1918 1386 1944 ὲκ
1415 1916 1468 1943 τῶν
1503 1913 1676 1949 ὁμορούντων
1698 1911 1798 1937 ἀκούε-

1013 1978 1021 1994 1
1041 1967 1114 1999 σθαι,
1125 1967 1193 2001 ὅπερ
1202 1967 1230 1992 ὲν
1239 1965 1271 2000 τῇ
1291 1962 1419 1990 Νικαέων
1431 1960 1531 1995 συνόδῳ
1546 1957 1674 1992 οὐδαμῶς
1687 1955 1794 2001 ἀνέγνω

1013 2022 1022 2038 1
1043 2021 1092 2047 μεν
1109 2020 1115 2027 ·
1132 1999 1264 2038 διδ-τοῦτο
1278 2009 1343 2036 αὑτὺ
1353 2006 1476 2035 κελεύσει
1490 2006 1507 2041 ἡ
1520 2003 1644 2039 ὑμετέρα
1657 1999 1797 2036 ἀγιωσύνη

1013 2068 1022 2083 1
1042 2055 1258 2091 ἀναγνωσθῆναι.
1275 2064 1285 2081 ι

1046 2090 1179 2137 Αὐρήλιος
1202 2100 1351 2130 ἐπίσκοπος
1363 2095 1440 2125 εἶπεν
1459 2103 1466 2110 ·
1488 2105 1497 2122 1
1518 2092 1738 2128 ’Δναγνωσθήτω
1751 2090 1798 2118 ἐπὶ

1018 2158 1026 2172 1
1047 2148 1129 2174 τόπου
1141 2146 1187 2173 καὶ
1202 2145 1281 2172 τοῦτο
1296 2147 1327 2171 τὸ
1339 2143 1516 2179 ζητούμενον.
1538 2150 1547 2167 ι

1197 2190 1310 2224 Δανιὴλ
1337 2189 1475 2222 νοτάριος
1488 2187 1613 2221 ἀνέγνω·

1053 2249 1060 2265 1
1080 2239 1146 2274 Περὶ
1162 2238 1301 2271 ἐκκλήτων
1323 2237 1351 2263 δὲ
1367 2234 1516 2270 κληρικῶν,
1544 2233 1616 2260 τοῦτ’
1655 2231 1723 2263 ἔστι,
1752 2228 1800 2256 τοῦ

1017 2294 1026 2310 1
1044 2285 1157 2320 ἥττονος
1170 2284 1265 2314 τόπου,
1279 2281 1330 2316 τῆς
1362 2281 1471 2307 συνόδου
1503 2278 1600 2314 βεϐαία
1624 2277 1699 2304 ἐστὶν
1729 2277 1799 2302 ἀπό-

1018 2340 1027 2356 1
1046 2338 1136 2365 κρισις
1151 2338 1158 2344 '
1174 2328 1239 2364 περὶ
1250 2326 1283 2365 ἧς
1299 2328 1326 2354 τί
1343 2327 1455 2363 μέλλετε
1479 2326 1610 2360 πράττειν
1629 2321 1799 2358 ἡγησάμεθα

1016 2385 1025 2402 1
1044 2375 1161 2410 ὀφείλειν
1177 2375 1315 2410 ὲναγῆναι.
1354 2372 1448 2407 ἐπειδὴ
1467 2371 1556 2403 οὕτως
1579 2370 1714 2396 λέλεκται.
1731 2377 1740 2394 ι

1052 2423 1146 2453 Ὀσιος
1157 2421 1307 2451 ἐπίσκοπος
1323 2416 1385 2446 εἶπε
1395 2427 1402 2434 ·
1413 2428 1422 2444 1
1434 2418 1471 2445 Τὺ
1485 2418 1524 2444 ἔτι
1542 2416 1633 2444 κινοῦν
1646 2425 1679 2450 με
1693 2414 1801 2448 σιωπῆ-

1017 2477 1025 2493 1
1051 2476 1095 2494 σαι
1108 2467 1160 2494 οὐκ
1174 2466 1285 2501 ὀφείλω.
1304 2465 1367 2491 Ἐάν
1381 2473 1422 2496 τις
1439 2464 1521 2498 τυχὸν
1560 2462 1710 2492 ἐπίσκοπος
1722 2459 1799 2495 ὀργί-

1018 2513 1101 2546 ιλος,
1123 2514 1192 2549 ὅπερ
1221 2512 1271 2538 οὐκ
1300 2510 1413 2544 ὀφείλει,
1427 2510 1531 2544 ταχέως
1559 2509 1576 2543 ἢ
1607 2507 1652 2533 καὶ
1675 2507 1801 2541 τραχέως

1017 2569 1026 2585 1
1046 2559 1169 2594 κινηθεὶς
1198 2558 1269 2584 κατά
1293 2556 1482 2591 πρεσϐυτέρου
1521 2554 1538 2590 ἢ
1566 2553 1690 2582 διακόνου
1720 2553 1798 2584 ἰδίου,

1019 2616 1027 2631 1
1047 2605 1181 2640 ἀφορίσαι
1204 2602 1299 2629 τοῦτον
1324 2602 1372 2636 τῆς
1399 2602 1464 2632 ιδίας
1492 2601 1600 2634 θελήσοι
1638 2599 1798 2633 ἐκκλησίας,

1019 2661 1028 2677 1
1047 2650 1213 2686 προνοητέον
1232 2649 1317 2679 ἐστὶν,
1346 2647 1390 2675 ἵνα
1409 2648 1446 2683 μὴ
1473 2646 1602 2676 ἀναιτίως
1627 2644 1795 2679 κατακριθῇ,

1018 2707 1027 2722 1
1052 2696 1068 2731 ἢ
1085 2695 1204 2730 ἀπολέσῃ
1217 2695 1266 2729 τὴν
1278 2693 1422 2721 κοινωνίαν
1441 2701 1448 2708 ·
1474 2693 1560 2727 ἐχέτω
1595 2689 1642 2717 οὖν
1673 2689 1799 2722 ἐξουσίαν

1019 2752 1027 2768 1
1047 2741 1190 2776 ἐκϐληθεὶς
1205 2740 1365 2776 προσελθεῖν
1381 2740 1437 2771 τοῖς
1455 2739 1578 2774 ὁμόροις,
1603 2736 1672 2763 ὥστε
1711 2736 1796 2761 timu—

1019 2797 1028 2813 1
1049 2787 1145 2821 σθῆναι
1165 2786 1216 2820 τὴν
1246 2785 1335 2811 αἰτίαν
1373 2785 1468 2817 αὑτοῦ,
1502 2784 1549 2811 καὶ
1579 2782 1793 2816 ἐπιμελέστερον

1020 2842 1029 2859 1
1047 2830 1320 2868 ψηλαφηθῆναι.οὺκ
1344 2830 1446 2864 ὀφείλει
1476 2829 1532 2863 γὰρ
1570 2827 1644 2862 αὐτῷ
1670 2833 1797 2860 παρακα-

1021 2889 1029 2904 1
1048 2878 1136 2904 λοῦντι
1154 2877 1265 2911 ὑπακοὴ
1281 2876 1430 2911 ἀρνηθῆναι
1450 2884 1456 2890 ⁸
1473 2875 1597 2905 κάκεῖνος
1612 2873 1639 2899 δὲ
1656 2874 1669 2899 ὁ
1689 2872 1799 2897 ἐπίσκο-
