  <div class='ocr_page' id='page_1' title='image "/cluster/home/n/w/nwhite01/storage/ocr_20150623/138/njp.32101077773123/030.png"; bbox 0 0 1862 3081; ppageno 0'>
   <div class='ocr_carea' id='block_1_1' title="bbox 71 132 855 177">
    <p class='ocr_par' dir='ltr' id='par_1_1' title="bbox 71 132 841 173">
     <span class='ocr_line' id='line_1_1' title="bbox 71 132 841 173; baseline 0.013 -10"><span class='ocrx_word' id='word_1_1' title='bbox 71 132 101 163; x_wconf 71' lang='grc'><strong>25</strong></span> <span class='ocrx_word' id='word_1_2' title='bbox 676 141 717 172; x_wconf 87' lang='grc' dir='ltr'><strong>ΙΝ</strong></span> <span class='ocrx_word' id='word_1_3' title='bbox 735 141 841 173; x_wconf 83' lang='lat' dir='ltr'><strong>CONC.</strong></span> 
     </span>
    </p>
   </div>
   <div class='ocr_carea' id='block_1_2' title="bbox 943 132 1693 177">
    <p class='ocr_par' dir='ltr' id='par_1_2' title="bbox 943 145 1693 177">
     <span class='ocr_line' id='line_1_2' title="bbox 943 145 1693 177; baseline 0.004 -3"><span class='ocrx_word' id='word_1_4' title='bbox 943 145 1049 177; x_wconf 66' lang='grc' dir='ltr'><strong>ΓΗΔΘ.</strong></span> <span class='ocrx_word' id='word_1_5' title='bbox 1658 146 1693 177; x_wconf 75' lang='grc' dir='ltr'><strong>’Ξῦ</strong></span> 
     </span>
    </p>
   </div>
   <div class='ocr_carea' id='block_1_3' title="bbox 71 188 855 235">
    <p class='ocr_par' dir='ltr' id='par_1_3' title="bbox 71 188 855 232">
     <span class='ocr_line' id='line_1_3' title="bbox 71 188 855 232; baseline 0.013 -18"><span class='ocrx_word' id='word_1_6' title='bbox 71 189 133 224; x_wconf 73' lang='grc' dir='ltr'>πρὸς</span> <span class='ocrx_word' id='word_1_7' title='bbox 143 188 188 216; x_wconf 77' lang='grc' dir='ltr'><strong>τὸν</strong></span> <span class='ocrx_word' id='word_1_8' title='bbox 199 190 514 225; x_wconf 78' lang='grc' dir='ltr'><strong>Κωνσταντινουπὸλεως</strong></span> <span class='ocrx_word' id='word_1_9' title='bbox 529 194 576 221; x_wconf 72' lang='grc' dir='ltr'>καὶ</span> <span class='ocrx_word' id='word_1_10' title='bbox 589 194 634 222; x_wconf 84' lang='grc' dir='ltr'><strong>τδν</strong></span> <span class='ocrx_word' id='word_1_11' title='bbox 642 195 855 232; x_wconf 78' lang='grc' dir='ltr'><strong>Ἀλεξανδρείας,</strong></span> 
     </span>
    </p>
   </div>
   <div class='ocr_carea' id='block_1_4' title="bbox 943 188 1690 235">
    <p class='ocr_par' dir='ltr' id='par_1_4' title="bbox 945 201 1690 235">
     <span class='ocr_line' id='line_1_4' title="bbox 945 201 1690 235; baseline 0.001 -7"><span class='ocrx_word' id='word_1_12' title='bbox 945 202 1017 228; x_wconf 93' lang='lat' dir='ltr'><strong>inum</strong></span> <span class='ocrx_word' id='word_1_13' title='bbox 1034 201 1162 235; x_wconf 74' lang='lat' dir='ltr'><strong>mitteret,</strong></span> <span class='ocrx_word' id='word_1_14' title='bbox 1179 204 1204 228; x_wconf 82' lang='lat' dir='ltr'><strong>et</strong></span> <span class='ocrx_word' id='word_1_15' title='bbox 1216 202 1248 228; x_wconf 68' lang='lat' dir='ltr'><strong>alt</strong></span> <span class='ocrx_word' id='word_1_16' title='bbox 1260 201 1293 228; x_wconf 81' lang='lat' dir='ltr'><strong>iis</strong></span> <span class='ocrx_word' id='word_1_17' title='bbox 1307 201 1481 228; x_wconf 83' lang='lat' dir='ltr'><strong>confirmatos</strong></span> <span class='ocrx_word' id='word_1_18' title='bbox 1498 201 1592 229; x_wconf 73' lang='lat' dir='ltr'><strong>Nictete</strong></span> <span class='ocrx_word' id='word_1_19' title='bbox 1609 209 1690 229; x_wconf 87' lang='lat' dir='ltr'><strong>cano-</strong></span> 
     </span>
    </p>
   </div>
   <div class='ocr_carea' id='block_1_5' title="bbox 72 236 858 278">
    <p class='ocr_par' dir='ltr' id='par_1_5' title="bbox 72 236 858 278">
     <span class='ocr_line' id='line_1_5' title="bbox 72 236 858 278; baseline 0.013 -18"><span class='ocrx_word' id='word_1_20' title='bbox 72 236 114 261; x_wconf 77' lang='grc' dir='ltr'><strong>καὶ</strong></span> <span class='ocrx_word' id='word_1_21' title='bbox 127 236 191 270; x_wconf 76' lang='grc' dir='ltr'>παρ’</span> <span class='ocrx_word' id='word_1_22' title='bbox 203 236 319 263; x_wconf 75' lang='grc' dir='ltr'><strong>ἐκείνων</strong></span> <span class='ocrx_word' id='word_1_23' title='bbox 332 239 395 270; x_wconf 78' lang='grc' dir='ltr'>τοὺς</span> <span class='ocrx_word' id='word_1_24' title='bbox 417 240 446 265; x_wconf 79' lang='grc' dir='ltr'><strong>ὲν</strong></span> <span class='ocrx_word' id='word_1_25' title='bbox 464 239 566 276; x_wconf 76' lang='grc' dir='ltr'>Νικαίᾳ</span> <span class='ocrx_word' id='word_1_26' title='bbox 574 241 691 273; x_wconf 75' lang='grc' dir='ltr'><strong>κανόνας</strong></span> <span class='ocrx_word' id='word_1_27' title='bbox 702 242 794 269; x_wconf 79' lang='grc' dir='ltr'>λαὸεἰν</span> <span class='ocrx_word' id='word_1_28' title='bbox 813 243 858 278; x_wconf 83' lang='grc' dir='ltr'><strong>βε-</strong></span> 
     </span>
    </p>
   </div>
   <div class='ocr_carea' id='block_1_6' title="bbox 72 281 859 320">
    <p class='ocr_par' dir='ltr' id='par_1_6' title="bbox 72 281 859 320">
     <span class='ocr_line' id='line_1_6' title="bbox 72 281 859 320; baseline 0.013 -13"><span class='ocrx_word' id='word_1_29' title='bbox 72 281 216 314; x_wconf 77' lang='grc' dir='ltr'><strong>6αίους,καὶ</strong></span> <span class='ocrx_word' id='word_1_30' title='bbox 225 284 372 318; x_wconf 78' lang='grc' dir='ltr'>ἐμφανίσαι</span> <span class='ocrx_word' id='word_1_31' title='bbox 381 285 491 317; x_wconf 80' lang='grc' dir='ltr'><strong>τούτους</strong></span> <span class='ocrx_word' id='word_1_32' title='bbox 497 287 676 320; x_wconf 84' lang='grc' dir='ltr'><strong>αὑτοῖς,Τέως</strong></span> <span class='ocrx_word' id='word_1_33' title='bbox 682 289 709 316; x_wconf 81' lang='grc' dir='ltr'><strong>δὲ</strong></span> <span class='ocrx_word' id='word_1_34' title='bbox 717 290 761 315; x_wconf 89' lang='grc' dir='ltr'><strong>τὺν</strong></span> <span class='ocrx_word' id='word_1_35' title='bbox 772 290 859 317; x_wconf 89' lang='grc' dir='ltr'><strong>τοιοῦ-</strong></span> 
     </span>
    </p>
   </div>
   <div class='ocr_carea' id='block_1_7' title="bbox 72 328 857 369">
    <p class='ocr_par' dir='ltr' id='par_1_7' title="bbox 72 328 857 369">
     <span class='ocr_line' id='line_1_7' title="bbox 72 328 857 369; baseline 0.013 -16"><span class='ocrx_word' id='word_1_36' title='bbox 72 336 112 355; x_wconf 85' lang='grc' dir='ltr'>τον</span> <span class='ocrx_word' id='word_1_37' title='bbox 125 328 235 361; x_wconf 80' lang='grc' dir='ltr'>κανόνα,</span> <span class='ocrx_word' id='word_1_38' title='bbox 259 331 355 366; x_wconf 64' lang='grc' dir='ltr'>μέχρις</span> <span class='ocrx_word' id='word_1_39' title='bbox 377 331 410 358; x_wconf 76' lang='grc' dir='ltr'><strong>ἂν</strong></span> <span class='ocrx_word' id='word_1_40' title='bbox 427 333 596 367; x_wconf 83' lang='grc' dir='ltr'><strong>ἀληθέστατά</strong></span> <span class='ocrx_word' id='word_1_41' title='bbox 606 343 637 361; x_wconf 84' lang='grc' dir='ltr'><strong>τε</strong></span> <span class='ocrx_word' id='word_1_42' title='bbox 649 335 697 362; x_wconf 72' lang='grc' dir='ltr'><strong>καὶ</strong></span> <span class='ocrx_word' id='word_1_43' title='bbox 715 335 812 369; x_wconf 76' lang='grc' dir='ltr'>βέϐαια</span> <span class='ocrx_word' id='word_1_44' title='bbox 823 336 857 363; x_wconf 77' lang='grc' dir='ltr'><strong>τὰ</strong></span> 
     </span>
    </p>
   </div>
   <div class='ocr_carea' id='block_1_8' title="bbox 74 375 857 416">
    <p class='ocr_par' dir='ltr' id='par_1_8' title="bbox 74 375 857 416">
     <span class='ocr_line' id='line_1_8' title="bbox 74 375 857 416; baseline 0.01 -16"><span class='ocrx_word' id='word_1_45' title='bbox 74 376 113 401; x_wconf 80' lang='grc' dir='ltr'><strong>[σα</strong></span> <span class='ocrx_word' id='word_1_46' title='bbox 125 375 173 409; x_wconf 83' lang='grc' dir='ltr'><strong>τῆς</strong></span> <span class='ocrx_word' id='word_1_47' title='bbox 188 376 218 401; x_wconf 78' lang='grc' dir='ltr'>ἐν</span> <span class='ocrx_word' id='word_1_48' title='bbox 231 375 335 412; x_wconf 77' lang='grc' dir='ltr'>Νικαίᾳ</span> <span class='ocrx_word' id='word_1_49' title='bbox 351 378 462 404; x_wconf 75' lang='grc' dir='ltr'><strong>συνόδου</strong></span> <span class='ocrx_word' id='word_1_50' title='bbox 478 379 620 413; x_wconf 72' lang='grc' dir='ltr'>δέξωνται,</span> <span class='ocrx_word' id='word_1_51' title='bbox 631 382 744 416; x_wconf 76' lang='grc' dir='ltr'><strong>κρατεῖν</strong></span> <span class='ocrx_word' id='word_1_52' title='bbox 756 382 857 416; x_wconf 75' lang='grc' dir='ltr'>ἠθέλη-</span> 
     </span>
    </p>
   </div>
   <div class='ocr_carea' id='block_1_9' title="bbox 73 420 857 462">
    <p class='ocr_par' dir='ltr' id='par_1_9' title="bbox 73 420 857 462">
     <span class='ocr_line' id='line_1_9' title="bbox 73 420 857 462; baseline 0.011 -17"><span class='ocrx_word' id='word_1_53' title='bbox 73 429 118 446; x_wconf 88' lang='grc' dir='ltr'><strong>σαν</strong></span> <span class='ocrx_word' id='word_1_54' title='bbox 131 428 138 435; x_wconf 91' lang='grc'>·</span> <span class='ocrx_word' id='word_1_55' title='bbox 153 420 201 446; x_wconf 73' lang='grc' dir='ltr'><strong>καὶ</strong></span> <span class='ocrx_word' id='word_1_56' title='bbox 217 421 298 457; x_wconf 77' lang='grc' dir='ltr'><strong>ἐτέθη</strong></span> <span class='ocrx_word' id='word_1_57' title='bbox 313 423 361 449; x_wconf 77' lang='grc' dir='ltr'><strong>καὶ</strong></span> <span class='ocrx_word' id='word_1_58' title='bbox 378 424 442 459; x_wconf 86' lang='grc' dir='ltr'>παρ’</span> <span class='ocrx_word' id='word_1_59' title='bbox 473 425 563 452; x_wconf 79' lang='grc' dir='ltr'><strong>αὐτῶν</strong></span> <span class='ocrx_word' id='word_1_60' title='bbox 594 426 711 454; x_wconf 75' lang='grc' dir='ltr'><strong>ἐνταῦθα</strong></span> <span class='ocrx_word' id='word_1_61' title='bbox 736 427 857 462; x_wconf 81' lang='grc' dir='ltr'>πρῶτος.</span> 
     </span>
    </p>
   </div>
   <div class='ocr_carea' id='block_1_10' title="bbox 72 464 856 506">
    <p class='ocr_par' dir='ltr' id='par_1_10' title="bbox 72 464 856 506">
     <span class='ocr_line' id='line_1_10' title="bbox 72 464 856 506; baseline 0.013 -17"><span class='ocrx_word' id='word_1_62' title='bbox 72 464 142 490; x_wconf 66' lang='lat' dir='ltr'><strong>Matio</strong></span> <span class='ocrx_word' id='word_1_63' title='bbox 159 465 187 491; x_wconf 83' lang='grc' dir='ltr'><strong>δὲ</strong></span> <span class='ocrx_word' id='word_1_64' title='bbox 202 465 292 492; x_wconf 81' lang='grc' dir='ltr'><strong>ταῦτα</strong></span> <span class='ocrx_word' id='word_1_65' title='bbox 306 467 491 502; x_wconf 77' lang='grc' dir='ltr'><strong>ἐπέμφθησαν</strong></span> <span class='ocrx_word' id='word_1_66' title='bbox 503 469 573 504; x_wconf 80' lang='grc' dir='ltr'>πρὸς</span> <span class='ocrx_word' id='word_1_67' title='bbox 588 470 689 502; x_wconf 82' lang='grc' dir='ltr'><strong>αὐτοὺς</strong></span> <span class='ocrx_word' id='word_1_68' title='bbox 721 471 798 506; x_wconf 83' lang='grc' dir='ltr'>παρά</span> <span class='ocrx_word' id='word_1_69' title='bbox 826 479 856 498; x_wconf 84' lang='grc' dir='ltr'><strong>τε</strong></span> 
     </span>
    </p>
   </div>
   <div class='ocr_carea' id='block_1_11' title="bbox 74 509 857 550">
    <p class='ocr_par' dir='ltr' id='par_1_11' title="bbox 74 509 857 550">
     <span class='ocr_line' id='line_1_11' title="bbox 74 509 857 550; baseline 0.008 -15"><span class='ocrx_word' id='word_1_70' title='bbox 74 509 115 536; x_wconf 81' lang='grc' dir='ltr'><strong>τοῦ</strong></span> <span class='ocrx_word' id='word_1_71' title='bbox 129 510 206 543; x_wconf 73' lang='grc' dir='ltr'>ἁγίου</span> <span class='ocrx_word' id='word_1_72' title='bbox 233 511 368 545; x_wconf 80' lang='grc' dir='ltr'>Κυρίλλου</span> <span class='ocrx_word' id='word_1_73' title='bbox 396 512 444 539; x_wconf 79' lang='grc' dir='ltr'><strong>τοῦ</strong></span> <span class='ocrx_word' id='word_1_74' title='bbox 476 514 695 550; x_wconf 82' lang='grc' dir='ltr'>ἀρχιεπισκόπου</span> <span class='ocrx_word' id='word_1_75' title='bbox 731 515 857 550; x_wconf 74' lang='grc' dir='ltr'>Ἀλεξαν-</span> 
     </span>
    </p>
   </div>
   <div class='ocr_carea' id='block_1_12' title="bbox 74 555 854 594">
    <p class='ocr_par' dir='ltr' id='par_1_12' title="bbox 74 555 854 594">
     <span class='ocr_line' id='line_1_12' title="bbox 74 555 854 594; baseline 0.01 -14"><span class='ocrx_word' id='word_1_76' title='bbox 74 555 169 589; x_wconf 76' lang='grc' dir='ltr'><strong>δρείας,</strong></span> <span class='ocrx_word' id='word_1_77' title='bbox 190 555 304 582; x_wconf 78' lang='grc' dir='ltr'><strong>καὶτοῦ</strong></span> <span class='ocrx_word' id='word_1_78' title='bbox 324 556 450 584; x_wconf 82' lang='grc' dir='ltr'><strong>Ἀττικοῦ</strong></span> <span class='ocrx_word' id='word_1_79' title='bbox 463 558 511 585; x_wconf 81' lang='grc' dir='ltr'><strong>τοῦ</strong></span> <span class='ocrx_word' id='word_1_80' title='bbox 540 560 854 594; x_wconf 81' lang='grc' dir='ltr'>Κωνσταντινουπόλεως</span> 
     </span>
    </p>
   </div>
   <div class='ocr_carea' id='block_1_13' title="bbox 73 601 854 638">
    <p class='ocr_par' dir='ltr' id='par_1_13' title="bbox 73 601 854 638">
     <span class='ocr_line' id='line_1_13' title="bbox 73 601 854 638; baseline 0.012 -13"><span class='ocrx_word' id='word_1_81' title='bbox 73 601 300 635; x_wconf 74' lang='grc' dir='ltr'>ἁρχιεπισκόπου,</span> <span class='ocrx_word' id='word_1_82' title='bbox 315 603 363 629; x_wconf 77' lang='grc' dir='ltr'><strong>καὶ</strong></span> <span class='ocrx_word' id='word_1_83' title='bbox 376 603 424 638; x_wconf 83' lang='grc' dir='ltr'><strong>οὺχ</strong></span> <span class='ocrx_word' id='word_1_84' title='bbox 436 602 516 638; x_wconf 78' lang='grc' dir='ltr'>εὗρον</span> <span class='ocrx_word' id='word_1_85' title='bbox 536 606 566 631; x_wconf 82' lang='grc' dir='ltr'>ὲν</span> <span class='ocrx_word' id='word_1_86' title='bbox 590 606 683 638; x_wconf 83' lang='grc' dir='ltr'><strong>αὐτοῖς</strong></span> <span class='ocrx_word' id='word_1_87' title='bbox 710 615 854 634; x_wconf 83' lang='grc' dir='ltr'><strong>κεκανονι-</strong></span> 
     </span>
    </p>
   </div>
   <div class='ocr_carea' id='block_1_14' title="bbox 74 645 855 686">
    <p class='ocr_par' dir='ltr' id='par_1_14' title="bbox 74 645 855 686">
     <span class='ocr_line' id='line_1_14' title="bbox 74 645 855 686; baseline 0.012 -16"><span class='ocrx_word' id='word_1_88' title='bbox 74 645 167 678; x_wconf 71' lang='grc' dir='ltr'>σμένον</span> <span class='ocrx_word' id='word_1_89' title='bbox 183 646 216 671; x_wconf 80' lang='grc' dir='ltr'><strong>τὸ</strong></span> <span class='ocrx_word' id='word_1_90' title='bbox 232 646 364 673; x_wconf 82' lang='grc' dir='ltr'><strong>δύνασθαι</strong></span> <span class='ocrx_word' id='word_1_91' title='bbox 379 648 499 675; x_wconf 76' lang='grc' dir='ltr'><strong>στέλλειν</strong></span> <span class='ocrx_word' id='word_1_92' title='bbox 511 649 557 676; x_wconf 82' lang='grc' dir='ltr'><strong>τὸν</strong></span> <span class='ocrx_word' id='word_1_93' title='bbox 578 650 690 686; x_wconf 81' lang='grc' dir='ltr'>Ῥώμης</span> <span class='ocrx_word' id='word_1_94' title='bbox 706 652 855 686; x_wconf 81' lang='grc' dir='ltr'>κληρικοὺς</span> 
     </span>
    </p>
   </div>
   <div class='ocr_carea' id='block_1_15' title="bbox 74 691 854 733">
    <p class='ocr_par' dir='ltr' id='par_1_15' title="bbox 74 691 854 733">
     <span class='ocr_line' id='line_1_15' title="bbox 74 691 854 733; baseline 0.012 -17"><span class='ocrx_word' id='word_1_95' title='bbox 74 691 158 723; x_wconf 72' lang='grc' dir='ltr'><strong>ἰδίους,</strong></span> <span class='ocrx_word' id='word_1_96' title='bbox 174 692 222 718; x_wconf 76' lang='grc' dir='ltr'><strong>καὶ</strong></span> <span class='ocrx_word' id='word_1_97' title='bbox 237 692 272 719; x_wconf 79' lang='grc' dir='ltr'><strong>δι’</strong></span> <span class='ocrx_word' id='word_1_98' title='bbox 289 693 379 720; x_wconf 82' lang='grc' dir='ltr'><strong>αὐτῶν</strong></span> <span class='ocrx_word' id='word_1_99' title='bbox 394 694 533 727; x_wconf 78' lang='grc' dir='ltr'><strong>ἐξετάζειν</strong></span> <span class='ocrx_word' id='word_1_100' title='bbox 558 697 619 723; x_wconf 83' lang='grc' dir='ltr'><strong>κατ’</strong></span> <span class='ocrx_word' id='word_1_101' title='bbox 651 697 785 733; x_wconf 70' lang='grc' dir='ltr'><strong>ἔκκλητον</strong></span> <span class='ocrx_word' id='word_1_102' title='bbox 805 697 854 730; x_wconf 85' lang='grc' dir='ltr'><strong>τὰς</strong></span> 
     </span>
    </p>
   </div>
   <div class='ocr_carea' id='block_1_16' title="bbox 72 737 853 778">
    <p class='ocr_par' dir='ltr' id='par_1_16' title="bbox 72 737 853 778">
     <span class='ocr_line' id='line_1_16' title="bbox 72 737 853 778; baseline 0.012 -16"><span class='ocrx_word' id='word_1_103' title='bbox 72 737 242 771; x_wconf 78' lang='grc' dir='ltr'>καθαιρέσεις</span> <span class='ocrx_word' id='word_1_104' title='bbox 258 739 314 765; x_wconf 87' lang='grc' dir='ltr'><strong>τῶν</strong></span> <span class='ocrx_word' id='word_1_105' title='bbox 329 740 496 773; x_wconf 73' lang='grc' dir='ltr'>ἐπισκόπων,</span> <span class='ocrx_word' id='word_1_106' title='bbox 517 741 640 778; x_wconf 73' lang='grc' dir='ltr'>ἔγραψαν</span> <span class='ocrx_word' id='word_1_107' title='bbox 653 744 721 778; x_wconf 75' lang='grc' dir='ltr'>πρὸς</span> <span class='ocrx_word' id='word_1_108' title='bbox 729 744 775 770; x_wconf 65' lang='grc' dir='ltr'><strong>τὸν</strong></span> <span class='ocrx_word' id='word_1_109' title='bbox 791 744 853 771; x_wconf 76' lang='grc' dir='ltr'><strong>τότε</strong></span> 
     </span>
    </p>
   </div>
   <div class='ocr_carea' id='block_1_17' title="bbox 71 782 851 822">
    <p class='ocr_par' dir='ltr' id='par_1_17' title="bbox 71 782 851 822">
     <span class='ocr_line' id='line_1_17' title="bbox 71 782 851 822; baseline 0.01 -14"><span class='ocrx_word' id='word_1_110' title='bbox 71 782 129 809; x_wconf 73' lang='grc' dir='ltr'><strong>ὄντα</strong></span> <span class='ocrx_word' id='word_1_111' title='bbox 142 783 263 810; x_wconf 71' lang='grc' dir='ltr'>πάππαν</span> <span class='ocrx_word' id='word_1_112' title='bbox 278 783 481 819; x_wconf 73' lang='grc' dir='ltr'><strong>τῆςῬωμαξων</strong></span> <span class='ocrx_word' id='word_1_113' title='bbox 499 787 602 819; x_wconf 84' lang='grc' dir='ltr'>πόλεως</span> <span class='ocrx_word' id='word_1_114' title='bbox 618 788 664 815; x_wconf 77' lang='grc' dir='ltr'><strong>τὸν</strong></span> <span class='ocrx_word' id='word_1_115' title='bbox 681 789 851 822; x_wconf 75' lang='grc' dir='ltr'><strong>Κελεστϊνον,</strong></span> 
     </span>
    </p>
   </div>
   <div class='ocr_carea' id='block_1_18' title="bbox 73 827 853 870">
    <p class='ocr_par' dir='ltr' id='par_1_18' title="bbox 73 827 853 870">
     <span class='ocr_line' id='line_1_18' title="bbox 73 827 853 870; baseline 0.012 -17"><span class='ocrx_word' id='word_1_116' title='bbox 73 828 104 863; x_wconf 83' lang='grc' dir='ltr'>μὴ</span> <span class='ocrx_word' id='word_1_117' title='bbox 116 827 201 858; x_wconf 74' lang='grc' dir='ltr'>οὕτως</span> <span class='ocrx_word' id='word_1_118' title='bbox 214 829 310 855; x_wconf 78' lang='grc' dir='ltr'><strong>ἔκτοτε</strong></span> <span class='ocrx_word' id='word_1_119' title='bbox 340 830 427 857; x_wconf 83' lang='grc' dir='ltr'><strong>θέλειν</strong></span> <span class='ocrx_word' id='word_1_120' title='bbox 468 835 566 864; x_wconf 78' lang='grc' dir='ltr'><strong>ποιεῖν,</strong></span> <span class='ocrx_word' id='word_1_121' title='bbox 601 834 650 861; x_wconf 83' lang='grc' dir='ltr'><strong>καὶ</strong></span> <span class='ocrx_word' id='word_1_122' title='bbox 677 837 853 870; x_wconf 78' lang='grc' dir='ltr'><strong>παραχωρεῖν</strong></span> 
     </span>
    </p>
   </div>
   <div class='ocr_carea' id='block_1_19' title="bbox 71 873 853 911">
    <p class='ocr_par' dir='ltr' id='par_1_19' title="bbox 71 873 853 911">
     <span class='ocr_line' id='line_1_19' title="bbox 71 873 853 911; baseline 0.01 -13"><span class='ocrx_word' id='word_1_123' title='bbox 71 873 221 900; x_wconf 72' lang='grc' dir='ltr'><strong>στέλλεσθαι</strong></span> <span class='ocrx_word' id='word_1_124' title='bbox 235 875 387 909; x_wconf 76' lang='grc' dir='ltr'>κληρικοὺς</span> <span class='ocrx_word' id='word_1_125' title='bbox 403 876 487 909; x_wconf 73' lang='grc' dir='ltr'><strong>αὐτοῦ</strong></span> <span class='ocrx_word' id='word_1_126' title='bbox 501 877 570 911; x_wconf 82' lang='grc' dir='ltr'>πρὸς</span> <span class='ocrx_word' id='word_1_127' title='bbox 596 878 627 904; x_wconf 79' lang='grc' dir='ltr'><strong>τὸ</strong></span> <span class='ocrx_word' id='word_1_128' title='bbox 661 879 853 911; x_wconf 78' lang='grc' dir='ltr'><strong>κατεξετάζειν</strong></span> 
     </span>
    </p>
   </div>
   <div class='ocr_carea' id='block_1_20' title="bbox 71 919 851 957">
    <p class='ocr_par' dir='ltr' id='par_1_20' title="bbox 71 919 851 957">
     <span class='ocr_line' id='line_1_20' title="bbox 71 919 851 957; baseline 0.009 -13"><span class='ocrx_word' id='word_1_129' title='bbox 71 919 115 949; x_wconf 70' lang='grc' dir='ltr'><strong>τὰς</strong></span> <span class='ocrx_word' id='word_1_130' title='bbox 130 919 286 953; x_wconf 71' lang='grc' dir='ltr'><strong>ἀποφάσεις</strong></span> <span class='ocrx_word' id='word_1_131' title='bbox 309 921 358 946; x_wconf 76' lang='grc' dir='ltr'><strong>καὶ</strong></span> <span class='ocrx_word' id='word_1_132' title='bbox 383 922 560 957; x_wconf 80' lang='grc' dir='ltr'>καθαιρέσεις</span> <span class='ocrx_word' id='word_1_133' title='bbox 591 923 646 950; x_wconf 85' lang='grc' dir='ltr'>τῶν</span> <span class='ocrx_word' id='word_1_134' title='bbox 669 925 828 951; x_wconf 75' lang='grc' dir='ltr'>ἐπισκόπων</span> <span class='ocrx_word' id='word_1_135' title='bbox 844 933 851 940; x_wconf 96' lang='grc'><strong>·</strong></span> 
     </span>
    </p>
   </div>
   <div class='ocr_carea' id='block_1_21' title="bbox 72 964 854 1005">
    <p class='ocr_par' dir='ltr' id='par_1_21' title="bbox 72 964 854 1005">
     <span class='ocr_line' id='line_1_21' title="bbox 72 964 854 1005; baseline 0.009 -15"><span class='ocrx_word' id='word_1_136' title='bbox 72 964 111 991; x_wconf 68' lang='grc' dir='ltr'>ἵνα</span> <span class='ocrx_word' id='word_1_137' title='bbox 127 965 162 999; x_wconf 80' lang='grc' dir='ltr'>μὴ</span> <span class='ocrx_word' id='word_1_138' title='bbox 181 965 332 999; x_wconf 82' lang='grc' dir='ltr'><strong>καπνώδης</strong></span> <span class='ocrx_word' id='word_1_139' title='bbox 346 966 393 992; x_wconf 81' lang='grc' dir='ltr'><strong>τοῦ</strong></span> <span class='ocrx_word' id='word_1_140' title='bbox 408 967 513 1001; x_wconf 77' lang='grc' dir='ltr'><strong>κόσμου</strong></span> <span class='ocrx_word' id='word_1_141' title='bbox 527 968 612 1003; x_wconf 80' lang='grc' dir='ltr'><strong>τῦφος</strong></span> <span class='ocrx_word' id='word_1_142' title='bbox 625 971 658 1005; x_wconf 84' lang='grc' dir='ltr'><strong>τῇ</strong></span> <span class='ocrx_word' id='word_1_143' title='bbox 675 970 722 996; x_wconf 80' lang='grc' dir='ltr'><strong>τοῦ</strong></span> <span class='ocrx_word' id='word_1_144' title='bbox 735 970 854 1005; x_wconf 79' lang='grc' dir='ltr'><strong>Χριστοῦ</strong></span> 
     </span>
    </p>
   </div>
   <div class='ocr_carea' id='block_1_22' title="bbox 77 1008 646 1046">
    <p class='ocr_par' dir='ltr' id='par_1_22' title="bbox 77 1008 646 1046">
     <span class='ocr_line' id='line_1_22' title="bbox 77 1008 646 1046; baseline 0.012 -11"><span class='ocrx_word' id='word_1_145' title='bbox 77 1008 218 1046; x_wconf 74' lang='grc' dir='ltr'><strong>Ἐκκλησία</strong></span> <span class='ocrx_word' id='word_1_146' title='bbox 231 1010 390 1046; x_wconf 79' lang='grc' dir='ltr'><strong>εἰσάγηται.</strong></span> <span class='ocrx_word' id='word_1_147' title='bbox 643 1018 646 1021; x_wconf 73' lang='grc'><strong>’</strong></span> 
     </span>
    </p>
   </div>
   <div class='ocr_carea' id='block_1_23' title="bbox 231 1068 671 1105">
    <p class='ocr_par' dir='ltr' id='par_1_23' title="bbox 231 1068 671 1105">
     <span class='ocr_line' id='line_1_23' title="bbox 231 1068 671 1105; baseline 0.011 -10"><span class='ocrx_word' id='word_1_148' title='bbox 231 1068 384 1103; x_wconf 69' lang='grc' dir='ltr'><strong>Αὐρήλιος</strong></span> <span class='ocrx_word' id='word_1_149' title='bbox 400 1070 569 1105; x_wconf 77' lang='grc' dir='ltr'><strong>ἐπΙσ-κοπος</strong></span> <span class='ocrx_word' id='word_1_150' title='bbox 584 1070 650 1100; x_wconf 77' lang='grc' dir='ltr'>εἶπε</span> <span class='ocrx_word' id='word_1_151' title='bbox 664 1081 671 1088; x_wconf 86' lang='grc'><strong>·</strong></span> 
     </span>
    </p>
   </div>
   <div class='ocr_carea' id='block_1_24' title="bbox 104 1122 856 1164">
    <p class='ocr_par' dir='ltr' id='par_1_24' title="bbox 104 1122 856 1164">
     <span class='ocr_line' id='line_1_24' title="bbox 104 1122 856 1164; baseline 0.009 -17"><span class='ocrx_word' id='word_1_152' title='bbox 104 1130 112 1147; x_wconf 80' lang='grc' dir='ltr'><strong>ι</strong></span> <span class='ocrx_word' id='word_1_153' title='bbox 133 1122 171 1148; x_wconf 70' lang='grc' dir='ltr'><strong>Τὰ</strong></span> <span class='ocrx_word' id='word_1_154' title='bbox 188 1122 309 1149; x_wconf 76' lang='grc' dir='ltr'><strong>ἔκπαλαι</strong></span> <span class='ocrx_word' id='word_1_155' title='bbox 325 1125 356 1158; x_wconf 85' lang='grc' dir='ltr'><strong>τῇ</strong></span> <span class='ocrx_word' id='word_1_156' title='bbox 376 1125 497 1160; x_wconf 81' lang='grc' dir='ltr'><strong>ὑμετέρᾳ</strong></span> <span class='ocrx_word' id='word_1_157' title='bbox 507 1126 601 1161; x_wconf 78' lang='grc' dir='ltr'>ἀγάπῃ</span> <span class='ocrx_word' id='word_1_158' title='bbox 626 1128 692 1162; x_wconf 84' lang='grc' dir='ltr'>παρ’</span> <span class='ocrx_word' id='word_1_159' title='bbox 709 1127 787 1163; x_wconf 84' lang='grc' dir='ltr'>ἡμῶν</span> <span class='ocrx_word' id='word_1_160' title='bbox 806 1129 856 1164; x_wconf 79' lang='grc' dir='ltr'>έμ-</span> 
     </span>
    </p>
   </div>
   <div class='ocr_carea' id='block_1_25' title="bbox 75 1168 858 1209">
    <p class='ocr_par' dir='ltr' id='par_1_25' title="bbox 75 1168 858 1209">
     <span class='ocr_line' id='line_1_25' title="bbox 75 1168 858 1209; baseline 0.01 -16"><span class='ocrx_word' id='word_1_161' title='bbox 75 1176 82 1193; x_wconf 78' lang='grc' dir='ltr'><strong>ι</strong></span> <span class='ocrx_word' id='word_1_162' title='bbox 99 1168 258 1201; x_wconf 72' lang='grc' dir='ltr'>φανισθέντα</span> <span class='ocrx_word' id='word_1_163' title='bbox 273 1169 319 1195; x_wconf 82' lang='grc' dir='ltr'><strong>ἶσα</strong></span> <span class='ocrx_word' id='word_1_164' title='bbox 329 1170 383 1197; x_wconf 81' lang='grc' dir='ltr'><strong>τῶν</strong></span> <span class='ocrx_word' id='word_1_165' title='bbox 399 1171 562 1206; x_wconf 80' lang='grc' dir='ltr'>όρισθέντων</span> <span class='ocrx_word' id='word_1_166' title='bbox 575 1175 606 1208; x_wconf 86' lang='grc' dir='ltr'><strong>τῇ</strong></span> <span class='ocrx_word' id='word_1_167' title='bbox 621 1175 649 1199; x_wconf 82' lang='grc' dir='ltr'><strong>ὲν</strong></span> <span class='ocrx_word' id='word_1_168' title='bbox 663 1173 765 1209; x_wconf 73' lang='grc' dir='ltr'><strong>Νικαίᾳ</strong></span> <span class='ocrx_word' id='word_1_169' title='bbox 779 1175 858 1201; x_wconf 86' lang='grc' dir='ltr'>συνό-</span> 
     </span>
    </p>
   </div>
   <div class='ocr_carea' id='block_1_26' title="bbox 75 1214 856 1255">
    <p class='ocr_par' dir='ltr' id='par_1_26' title="bbox 75 1214 856 1255">
     <span class='ocr_line' id='line_1_26' title="bbox 75 1214 856 1255; baseline 0.009 -15"><span class='ocrx_word' id='word_1_170' title='bbox 75 1224 82 1239; x_wconf 79' lang='grc' dir='ltr'>ι</span> <span class='ocrx_word' id='word_1_171' title='bbox 96 1214 129 1249; x_wconf 83' lang='grc' dir='ltr'><strong>δῳ</strong></span> <span class='ocrx_word' id='word_1_172' title='bbox 139 1214 185 1241; x_wconf 79' lang='grc' dir='ltr'><strong>νῦν</strong></span> <span class='ocrx_word' id='word_1_173' title='bbox 200 1215 387 1247; x_wconf 81' lang='grc' dir='ltr'><strong>καταδέξασθε</strong></span> <span class='ocrx_word' id='word_1_174' title='bbox 402 1225 407 1232; x_wconf 94' lang='grc'>·</span> <span class='ocrx_word' id='word_1_175' title='bbox 420 1217 490 1244; x_wconf 74' lang='grc' dir='ltr'>ἀλλὰ</span> <span class='ocrx_word' id='word_1_176' title='bbox 505 1218 552 1244; x_wconf 75' lang='grc' dir='ltr'><strong>καὶ</strong></span> <span class='ocrx_word' id='word_1_177' title='bbox 571 1219 606 1245; x_wconf 83' lang='grc' dir='ltr'><strong>τὰ</strong></span> <span class='ocrx_word' id='word_1_178' title='bbox 624 1220 656 1246; x_wconf 78' lang='grc' dir='ltr'><strong>ὲκ</strong></span> <span class='ocrx_word' id='word_1_179' title='bbox 688 1220 741 1246; x_wconf 82' lang='grc' dir='ltr'><strong>τῶν</strong></span> <span class='ocrx_word' id='word_1_180' title='bbox 752 1221 856 1255; x_wconf 79' lang='grc' dir='ltr'>ἡμετέ-</span> 
     </span>
    </p>
   </div>
   <div class='ocr_carea' id='block_1_27' title="bbox 75 1261 856 1299">
    <p class='ocr_par' dir='ltr' id='par_1_27' title="bbox 75 1261 856 1299">
     <span class='ocr_line' id='line_1_27' title="bbox 75 1261 856 1299; baseline 0.01 -14"><span class='ocrx_word' id='word_1_181' title='bbox 75 1269 83 1285; x_wconf 73' lang='grc' dir='ltr'><strong>ι</strong></span> <span class='ocrx_word' id='word_1_182' title='bbox 100 1269 150 1295; x_wconf 86' lang='grc' dir='ltr'><strong>ρων</strong></span> <span class='ocrx_word' id='word_1_183' title='bbox 163 1261 330 1295; x_wconf 73' lang='grc' dir='ltr'><strong>καθηγητῶν</strong></span> <span class='ocrx_word' id='word_1_184' title='bbox 346 1263 417 1289; x_wconf 77' lang='grc' dir='ltr'>κατὰ</span> <span class='ocrx_word' id='word_1_185' title='bbox 427 1263 473 1289; x_wconf 81' lang='grc' dir='ltr'><strong>τὸν</strong></span> <span class='ocrx_word' id='word_1_186' title='bbox 485 1263 536 1298; x_wconf 84' lang='grc' dir='ltr'><strong>τῆς</strong></span> <span class='ocrx_word' id='word_1_187' title='bbox 552 1265 639 1299; x_wconf 82' lang='grc' dir='ltr'><strong>αὐτῆς</strong></span> <span class='ocrx_word' id='word_1_188' title='bbox 662 1266 772 1292; x_wconf 85' lang='grc' dir='ltr'><strong>συνόδου</strong></span> <span class='ocrx_word' id='word_1_189' title='bbox 806 1267 856 1293; x_wconf 82' lang='grc' dir='ltr'><strong>τύ-</strong></span> 
     </span>
    </p>
   </div>
   <div class='ocr_carea' id='block_1_28' title="bbox 74 1307 856 1347">
    <p class='ocr_par' dir='ltr' id='par_1_28' title="bbox 74 1307 856 1347">
     <span class='ocr_line' id='line_1_28' title="bbox 74 1307 856 1347; baseline 0.009 -15"><span class='ocrx_word' id='word_1_190' title='bbox 74 1314 82 1331; x_wconf 78' lang='grc' dir='ltr'><strong>ι</strong></span> <span class='ocrx_word' id='word_1_191' title='bbox 97 1315 143 1333; x_wconf 78' lang='grc' dir='ltr'><strong>πον</strong></span> <span class='ocrx_word' id='word_1_192' title='bbox 161 1307 345 1342; x_wconf 78' lang='grc' dir='ltr'>σωτηριωδῶς</span> <span class='ocrx_word' id='word_1_193' title='bbox 360 1317 367 1324; x_wconf 94' lang='grc'><strong>·</strong></span> <span class='ocrx_word' id='word_1_194' title='bbox 384 1308 424 1335; x_wconf 81' lang='grc' dir='ltr'><strong>ἔτι</strong></span> <span class='ocrx_word' id='word_1_195' title='bbox 438 1309 491 1344; x_wconf 81' lang='grc' dir='ltr'>μὴν</span> <span class='ocrx_word' id='word_1_196' title='bbox 506 1310 554 1337; x_wconf 75' lang='grc' dir='ltr'><strong>καὶ</strong></span> <span class='ocrx_word' id='word_1_197' title='bbox 568 1311 603 1338; x_wconf 83' lang='grc' dir='ltr'><strong>τὰ</strong></span> <span class='ocrx_word' id='word_1_198' title='bbox 619 1310 667 1338; x_wconf 82' lang='grc' dir='ltr'><strong>νῦν</strong></span> <span class='ocrx_word' id='word_1_199' title='bbox 695 1313 760 1347; x_wconf 83' lang='grc' dir='ltr'>παρ’</span> <span class='ocrx_word' id='word_1_200' title='bbox 776 1312 856 1347; x_wconf 82' lang='grc' dir='ltr'>ἡμῶν</span> 
     </span>
    </p>
   </div>
   <div class='ocr_carea' id='block_1_29' title="bbox 74 1352 856 1392">
    <p class='ocr_par' dir='ltr' id='par_1_29' title="bbox 74 1352 856 1392">
     <span class='ocr_line' id='line_1_29' title="bbox 74 1352 856 1392; baseline 0.008 -15"><span class='ocrx_word' id='word_1_201' title='bbox 74 1361 82 1376; x_wconf 80' lang='grc' dir='ltr'><strong>ι</strong></span> <span class='ocrx_word' id='word_1_202' title='bbox 99 1352 227 1386; x_wconf 75' lang='grc' dir='ltr'><strong>ταχθέντα</strong></span> <span class='ocrx_word' id='word_1_203' title='bbox 255 1353 468 1389; x_wconf 79' lang='grc' dir='ltr'><strong>ἀναγνωσθῆναι</strong></span> <span class='ocrx_word' id='word_1_204' title='bbox 495 1356 543 1383; x_wconf 76' lang='grc' dir='ltr'><strong>καὶ</strong></span> <span class='ocrx_word' id='word_1_205' title='bbox 570 1357 628 1388; x_wconf 84' lang='grc' dir='ltr'><strong>τοῖς</strong></span> <span class='ocrx_word' id='word_1_206' title='bbox 647 1358 856 1392; x_wconf 81' lang='grc' dir='ltr'><strong>πεπραγμένοις</strong></span> 
     </span>
    </p>
   </div>
   <div class='ocr_carea' id='block_1_30' title="bbox 73 1397 310 1433">
    <p class='ocr_par' dir='ltr' id='par_1_30' title="bbox 73 1397 310 1433">
     <span class='ocr_line' id='line_1_30' title="bbox 73 1397 310 1433; baseline 0.004 -10"><span class='ocrx_word' id='word_1_207' title='bbox 73 1406 81 1421; x_wconf 72' lang='grc' dir='ltr'><strong>ε</strong></span> <span class='ocrx_word' id='word_1_208' title='bbox 98 1397 279 1433; x_wconf 74' lang='grc' dir='ltr'><strong>ἐμϐληθῆναι.</strong></span> <span class='ocrx_word' id='word_1_209' title='bbox 300 1408 310 1424; x_wconf 75' lang='grc' dir='ltr'><strong>ι</strong></span> 
     </span>
    </p>
   </div>
   <div class='ocr_carea' id='block_1_31' title="bbox 240 1444 679 1480">
    <p class='ocr_par' dir='ltr' id='par_1_31' title="bbox 240 1444 679 1480">
     <span class='ocr_line' id='line_1_31' title="bbox 240 1444 679 1480; baseline 0.005 -9"><span class='ocrx_word' id='word_1_210' title='bbox 240 1445 392 1480; x_wconf 80' lang='grc' dir='ltr'>Σὺμπασα</span> <span class='ocrx_word' id='word_1_211' title='bbox 403 1445 422 1479; x_wconf 80' lang='grc' dir='ltr'>ἠ</span> <span class='ocrx_word' id='word_1_212' title='bbox 439 1445 570 1479; x_wconf 79' lang='grc' dir='ltr'>σύνοδος</span> <span class='ocrx_word' id='word_1_213' title='bbox 585 1444 653 1474; x_wconf 64' lang='lat' dir='ltr'><strong>sine</strong></span> <span class='ocrx_word' id='word_1_214' title='bbox 671 1455 679 1463; x_wconf 85' lang='grc'><strong>·</strong></span> 
     </span>
    </p>
   </div>
   <div class='ocr_carea' id='block_1_32' title="bbox 104 1500 856 1538">
    <p class='ocr_par' dir='ltr' id='par_1_32' title="bbox 104 1500 856 1538">
     <span class='ocr_line' id='line_1_32' title="bbox 104 1500 856 1538; baseline 0.005 -10"><span class='ocrx_word' id='word_1_215' title='bbox 104 1510 114 1528; x_wconf 76' lang='grc' dir='ltr'><strong>σ</strong></span> <span class='ocrx_word' id='word_1_216' title='bbox 133 1502 171 1528; x_wconf 75' lang='grc' dir='ltr'>Τὰ</span> <span class='ocrx_word' id='word_1_217' title='bbox 185 1500 233 1528; x_wconf 76' lang='grc' dir='ltr'>ἴσα</span> <span class='ocrx_word' id='word_1_218' title='bbox 247 1502 298 1536; x_wconf 78' lang='grc' dir='ltr'><strong>τῆς</strong></span> <span class='ocrx_word' id='word_1_219' title='bbox 316 1501 434 1533; x_wconf 80' lang='grc' dir='ltr'>πίστεως</span> <span class='ocrx_word' id='word_1_220' title='bbox 451 1502 498 1529; x_wconf 72' lang='grc' dir='ltr'><strong>καὶ</strong></span> <span class='ocrx_word' id='word_1_221' title='bbox 513 1503 577 1534; x_wconf 75' lang='grc' dir='ltr'><strong>τοὺς</strong></span> <span class='ocrx_word' id='word_1_222' title='bbox 592 1503 674 1537; x_wconf 79' lang='grc' dir='ltr'>ὄρους</span> <span class='ocrx_word' id='word_1_223' title='bbox 689 1503 738 1538; x_wconf 82' lang='grc' dir='ltr'><strong>τῆς</strong></span> <span class='ocrx_word' id='word_1_224' title='bbox 760 1504 790 1531; x_wconf 81' lang='grc' dir='ltr'><strong>ὲν</strong></span> <span class='ocrx_word' id='word_1_225' title='bbox 805 1505 856 1532; x_wconf 89' lang='grc' dir='ltr'><strong>Νι-</strong></span> 
     </span>
    </p>
   </div>
   <div class='ocr_carea' id='block_1_33' title="bbox 909 246 1688 281">
    <p class='ocr_par' dir='ltr' id='par_1_33' title="bbox 909 246 1688 281">
     <span class='ocr_line' id='line_1_33' title="bbox 909 246 1688 281; baseline -0.001 -7"><span class='ocrx_word' id='word_1_226' title='bbox 909 254 958 274; x_wconf 86' lang='lat' dir='ltr'><strong>nes</strong></span> <span class='ocrx_word' id='word_1_227' title='bbox 970 248 1112 280; x_wconf 87' lang='lat' dir='ltr'><strong>acciperet,</strong></span> <span class='ocrx_word' id='word_1_228' title='bbox 1140 254 1242 281; x_wconf 85' lang='lat' dir='ltr'><strong>eosque</strong></span> <span class='ocrx_word' id='word_1_229' title='bbox 1268 247 1333 281; x_wconf 89' lang='lat' dir='ltr'><strong>ipsis</strong></span> <span class='ocrx_word' id='word_1_230' title='bbox 1351 251 1431 274; x_wconf 88' lang='lat' dir='ltr'><strong>notos</strong></span> <span class='ocrx_word' id='word_1_231' title='bbox 1455 246 1567 274; x_wconf 82' lang='lat' dir='ltr'><strong>faceret.</strong></span> <span class='ocrx_word' id='word_1_232' title='bbox 1585 246 1688 274; x_wconf 81' lang='lat' dir='ltr'><strong>Saltem</strong></span> 
     </span>
    </p>
   </div>
   <div class='ocr_carea' id='block_1_34' title="bbox 909 293 1694 328">
    <p class='ocr_par' dir='ltr' id='par_1_34' title="bbox 909 293 1694 328">
     <span class='ocr_line' id='line_1_34' title="bbox 909 293 1694 328; baseline -0.003 -8"><span class='ocrx_word' id='word_1_233' title='bbox 909 297 997 320; x_wconf 87' lang='lat' dir='ltr'><strong>atttem</strong></span> <span class='ocrx_word' id='word_1_234' title='bbox 1013 293 1091 320; x_wconf 81' lang='lat' dir='ltr'><strong>talem</strong></span> <span class='ocrx_word' id='word_1_235' title='bbox 1109 300 1252 325; x_wconf 88' lang='lat' dir='ltr'><strong>canonem,</strong></span> <span class='ocrx_word' id='word_1_236' title='bbox 1269 301 1357 328; x_wconf 87' lang='lat' dir='ltr'><strong>ttsque</strong></span> <span class='ocrx_word' id='word_1_237' title='bbox 1370 293 1432 320; x_wconf 89' lang='lat' dir='ltr'><strong>dum</strong></span> <span class='ocrx_word' id='word_1_238' title='bbox 1448 293 1591 320; x_wconf 87' lang='lat' dir='ltr'><strong>verissima</strong></span> <span class='ocrx_word' id='word_1_239' title='bbox 1606 297 1633 319; x_wconf 86' lang='lat' dir='ltr'><strong>et</strong></span> <span class='ocrx_word' id='word_1_240' title='bbox 1647 293 1694 319; x_wconf 84' lang='lat' dir='ltr'><strong>lir-</strong></span> 
     </span>
    </p>
   </div>
   <div class='ocr_carea' id='block_1_35' title="bbox 909 339 1690 376">
    <p class='ocr_par' dir='ltr' id='par_1_35' title="bbox 909 339 1690 376">
     <span class='ocr_line' id='line_1_35' title="bbox 909 339 1690 376; baseline 0.001 -11"><span class='ocrx_word' id='word_1_241' title='bbox 909 346 950 366; x_wconf 88' lang='lat' dir='ltr'><strong>ma</strong></span> <span class='ocrx_word' id='word_1_242' title='bbox 965 340 1059 376; x_wconf 84' lang='lat' dir='ltr'><strong>synodi</strong></span> <span class='ocrx_word' id='word_1_243' title='bbox 1086 339 1200 367; x_wconf 64' lang='lat' dir='ltr'><strong>Nicmnm</strong></span> <span class='ocrx_word' id='word_1_244' title='bbox 1211 340 1378 374; x_wconf 85' lang='lat' dir='ltr'><strong>exemplar&#39;a</strong></span> <span class='ocrx_word' id='word_1_245' title='bbox 1402 339 1564 373; x_wconf 79' lang='lat' dir='ltr'><strong>reciperent,</strong></span> <span class='ocrx_word' id='word_1_246' title='bbox 1584 339 1690 366; x_wconf 74' lang='lat' dir='ltr'><strong>obtine~</strong></span> 
     </span>
    </p>
   </div>
   <div class='ocr_carea' id='block_1_36' title="bbox 908 386 1691 420">
    <p class='ocr_par' dir='ltr' id='par_1_36' title="bbox 908 386 1691 420">
     <span class='ocr_line' id='line_1_36' title="bbox 908 386 1691 420; baseline 0 -8"><span class='ocrx_word' id='word_1_247' title='bbox 908 393 936 413; x_wconf 90' lang='lat' dir='ltr'><strong>re</strong></span> <span class='ocrx_word' id='word_1_248' title='bbox 951 386 1103 414; x_wconf 81' lang='lat' dir='ltr'><strong>voluerunt.</strong></span> <span class='ocrx_word' id='word_1_249' title='bbox 1118 387 1151 413; x_wconf 89' lang='lat' dir='ltr'><strong>Et</strong></span> <span class='ocrx_word' id='word_1_250' title='bbox 1160 387 1193 413; x_wconf 84' lang='lat' dir='ltr'><strong>ab</strong></span> <span class='ocrx_word' id='word_1_251' title='bbox 1209 386 1242 413; x_wconf 87' lang='lat' dir='ltr'><strong>iis</strong></span> <span class='ocrx_word' id='word_1_252' title='bbox 1255 387 1335 413; x_wconf 88' lang='lat' dir='ltr'><strong>etiam</strong></span> <span class='ocrx_word' id='word_1_253' title='bbox 1349 386 1392 412; x_wconf 86' lang='lat' dir='ltr'><strong>hic</strong></span> <span class='ocrx_word' id='word_1_254' title='bbox 1409 386 1558 420; x_wconf 87' lang='lat' dir='ltr'><strong>ponebatur</strong></span> <span class='ocrx_word' id='word_1_255' title='bbox 1576 386 1691 420; x_wconf 90' lang='lat' dir='ltr'><strong>primus.</strong></span> 
     </span>
    </p>
   </div>
   <div class='ocr_carea' id='block_1_37' title="bbox 907 431 1690 466">
    <p class='ocr_par' dir='ltr' id='par_1_37' title="bbox 907 431 1690 466">
     <span class='ocr_line' id='line_1_37' title="bbox 907 431 1690 466; baseline -0.003 -7"><span class='ocrx_word' id='word_1_256' title='bbox 907 432 942 459; x_wconf 77' lang='lat' dir='ltr'><strong>At</strong></span> <span class='ocrx_word' id='word_1_257' title='bbox 958 436 1100 466; x_wconf 80' lang='lat' dir='ltr'><strong>postquam</strong></span> <span class='ocrx_word' id='word_1_258' title='bbox 1117 431 1161 458; x_wconf 85' lang='lat' dir='ltr'><strong>isti</strong></span> <span class='ocrx_word' id='word_1_259' title='bbox 1179 439 1299 459; x_wconf 78' lang='lat' dir='ltr'><strong>canones</strong></span> <span class='ocrx_word' id='word_1_260' title='bbox 1323 432 1356 458; x_wconf 89' lang='lat' dir='ltr'><strong>ad</strong></span> <span class='ocrx_word' id='word_1_261' title='bbox 1378 431 1452 465; x_wconf 86' lang='lat' dir='ltr'><strong>ipsos</strong></span> <span class='ocrx_word' id='word_1_262' title='bbox 1468 431 1542 458; x_wconf 83' lang='lat' dir='ltr'><strong>missi</strong></span> <span class='ocrx_word' id='word_1_263' title='bbox 1563 432 1690 461; x_wconf 77' lang='lat' dir='ltr'><strong>fuissent,</strong></span> 
     </span>
    </p>
   </div>
   <div class='ocr_carea' id='block_1_38' title="bbox 906 475 1693 512">
    <p class='ocr_par' dir='ltr' id='par_1_38' title="bbox 906 475 1693 512">
     <span class='ocr_line' id='line_1_38' title="bbox 906 475 1693 512; baseline -0.001 -7"><span class='ocrx_word' id='word_1_264' title='bbox 906 482 933 506; x_wconf 87' lang='lat' dir='ltr'><strong>et</strong></span> <span class='ocrx_word' id='word_1_265' title='bbox 949 486 962 505; x_wconf 90' lang='lat' dir='ltr'><strong>a</strong></span> <span class='ocrx_word' id='word_1_266' title='bbox 980 475 1074 505; x_wconf 79' lang='lat' dir='ltr'><strong>sancto</strong></span> <span class='ocrx_word' id='word_1_267' title='bbox 1086 477 1188 511; x_wconf 82' lang='lat' dir='ltr'><strong>Cyrillo</strong></span> <span class='ocrx_word' id='word_1_268' title='bbox 1202 477 1371 504; x_wconf 79' lang='lat' dir='ltr'><strong>Alexandriae</strong></span> <span class='ocrx_word' id='word_1_269' title='bbox 1391 477 1605 512; x_wconf 83' lang='lat' dir='ltr'><strong>archiepiscopo.</strong></span> <span class='ocrx_word' id='word_1_270' title='bbox 1619 481 1645 504; x_wconf 87' lang='lat' dir='ltr'><strong>et</strong></span> <span class='ocrx_word' id='word_1_271' title='bbox 1659 477 1693 504; x_wconf 86' lang='lat' dir='ltr'><strong>ab</strong></span> 
     </span>
    </p>
   </div>
   <div class='ocr_carea' id='block_1_39' title="bbox 906 518 1692 564">
    <p class='ocr_par' dir='ltr' id='par_1_39' title="bbox 906 518 1692 564">
     <span class='ocr_line' id='line_1_39' title="bbox 906 518 1692 564; baseline -0.004 -13"><span class='ocrx_word' id='word_1_272' title='bbox 906 523 995 564; x_wconf 78' lang='lat' dir='ltr'><strong>Attico</strong></span> <span class='ocrx_word' id='word_1_273' title='bbox 1009 524 1216 559; x_wconf 84' lang='lat' dir='ltr'><strong>archiepiscopo</strong></span> <span class='ocrx_word' id='word_1_274' title='bbox 1228 523 1488 556; x_wconf 66' lang='lat' dir='ltr'><strong>Constantinopolis,</strong></span> <span class='ocrx_word' id='word_1_275' title='bbox 1505 518 1531 549; x_wconf 82' lang='lat' dir='ltr'><strong>et</strong></span> <span class='ocrx_word' id='word_1_276' title='bbox 1545 522 1571 548; x_wconf 92' lang='lat' dir='ltr'><strong>in</strong></span> <span class='ocrx_word' id='word_1_277' title='bbox 1591 522 1624 548; x_wconf 93' lang='lat' dir='ltr'><strong>iis</strong></span> <span class='ocrx_word' id='word_1_278' title='bbox 1638 529 1692 548; x_wconf 90' lang='lat' dir='ltr'><strong>non</strong></span> 
     </span>
    </p>
   </div>
   <div class='ocr_carea' id='block_1_40' title="bbox 905 567 1694 602">
    <p class='ocr_par' dir='ltr' id='par_1_40' title="bbox 905 567 1694 602">
     <span class='ocr_line' id='line_1_40' title="bbox 905 567 1694 602; baseline -0.004 -6"><span class='ocrx_word' id='word_1_279' title='bbox 905 569 1072 597; x_wconf 84' lang='lat' dir='ltr'><strong>invenissent</strong></span> <span class='ocrx_word' id='word_1_280' title='bbox 1096 577 1198 598; x_wconf 79' lang='lat' dir='ltr'><strong>canone</strong></span> <span class='ocrx_word' id='word_1_281' title='bbox 1217 570 1362 601; x_wconf 89' lang='lat' dir='ltr'><strong>sancitmn,</strong></span> <span class='ocrx_word' id='word_1_282' title='bbox 1378 568 1449 602; x_wconf 84' lang='lat' dir='ltr'><strong>quod</strong></span> <span class='ocrx_word' id='word_1_283' title='bbox 1477 567 1614 594; x_wconf 84' lang='lat' dir='ltr'><strong>Romanus</strong></span> <span class='ocrx_word' id='word_1_284' title='bbox 1635 567 1694 601; x_wconf 86' lang='lat' dir='ltr'><strong>epi-</strong></span> 
     </span>
    </p>
   </div>
   <div class='ocr_carea' id='block_1_41' title="bbox 906 612 1694 650">
    <p class='ocr_par' dir='ltr' id='par_1_41' title="bbox 906 612 1694 650">
     <span class='ocr_line' id='line_1_41' title="bbox 906 612 1694 650; baseline -0.005 -8"><span class='ocrx_word' id='word_1_285' title='bbox 906 623 1003 649; x_wconf 88' lang='lat' dir='ltr'><strong>scopns</strong></span> <span class='ocrx_word' id='word_1_286' title='bbox 1017 623 1080 643; x_wconf 86' lang='lat' dir='ltr'><strong>suos</strong></span> <span class='ocrx_word' id='word_1_287' title='bbox 1100 619 1197 650; x_wconf 82' lang='lat' dir='ltr'><strong>posset</strong></span> <span class='ocrx_word' id='word_1_288' title='bbox 1215 615 1322 641; x_wconf 84' lang='lat' dir='ltr'><strong>mittere</strong></span> <span class='ocrx_word' id='word_1_289' title='bbox 1334 614 1459 646; x_wconf 87' lang='lat' dir='ltr'><strong>clericos,</strong></span> <span class='ocrx_word' id='word_1_290' title='bbox 1473 618 1500 640; x_wconf 85' lang='lat' dir='ltr'><strong>et</strong></span> <span class='ocrx_word' id='word_1_291' title='bbox 1514 621 1562 647; x_wconf 88' lang='lat' dir='ltr'><strong>per</strong></span> <span class='ocrx_word' id='word_1_292' title='bbox 1579 619 1627 639; x_wconf 87' lang='lat' dir='ltr'><strong>eos</strong></span> <span class='ocrx_word' id='word_1_293' title='bbox 1638 612 1694 646; x_wconf 32' lang='lat' dir='ltr'><strong>epis</strong></span> 
     </span>
    </p>
   </div>
   <div class='ocr_carea' id='block_1_42' title="bbox 905 659 1696 696">
    <p class='ocr_par' dir='ltr' id='par_1_42' title="bbox 905 659 1696 696">
     <span class='ocr_line' id='line_1_42' title="bbox 905 659 1696 696; baseline -0.005 -8"><span class='ocrx_word' id='word_1_294' title='bbox 905 668 1049 696; x_wconf 88' lang='lat' dir='ltr'><strong>scoporum</strong></span> <span class='ocrx_word' id='word_1_295' title='bbox 1060 661 1251 695; x_wconf 81' lang='lat' dir='ltr'><strong>depositiones.</strong></span> <span class='ocrx_word' id='word_1_296' title='bbox 1263 661 1348 687; x_wconf 87' lang='lat' dir='ltr'><strong>instar</strong></span> <span class='ocrx_word' id='word_1_297' title='bbox 1358 659 1417 694; x_wconf 83' lang='lat' dir='ltr'><strong>ejus</strong></span> <span class='ocrx_word' id='word_1_298' title='bbox 1431 660 1463 686; x_wconf 88' lang='lat' dir='ltr'><strong>ad</strong></span> <span class='ocrx_word' id='word_1_299' title='bbox 1474 666 1553 693; x_wconf 85' lang='lat' dir='ltr'><strong>quem</strong></span> <span class='ocrx_word' id='word_1_300' title='bbox 1564 665 1696 692; x_wconf 82' lang='lat' dir='ltr'><strong>provoca-</strong></span> 
     </span>
    </p>
   </div>
   <div class='ocr_carea' id='block_1_43' title="bbox 907 702 1695 740">
    <p class='ocr_par' dir='ltr' id='par_1_43' title="bbox 907 702 1695 740">
     <span class='ocr_line' id='line_1_43' title="bbox 907 702 1695 740; baseline -0.005 -6"><span class='ocrx_word' id='word_1_301' title='bbox 907 711 965 739; x_wconf 84' lang='lat' dir='ltr'><strong>tur,</strong></span> <span class='ocrx_word' id='word_1_302' title='bbox 997 707 1170 740; x_wconf 83' lang='lat' dir='ltr'><strong>examinare;</strong></span> <span class='ocrx_word' id='word_1_303' title='bbox 1213 706 1246 733; x_wconf 85' lang='lat' dir='ltr'><strong>ad</strong></span> <span class='ocrx_word' id='word_1_304' title='bbox 1277 705 1442 733; x_wconf 88' lang='lat' dir='ltr'><strong>Celestiuum</strong></span> <span class='ocrx_word' id='word_1_305' title='bbox 1468 710 1530 731; x_wconf 89' lang='lat' dir='ltr'><strong>tunc</strong></span> <span class='ocrx_word' id='word_1_306' title='bbox 1565 702 1695 738; x_wconf 87' lang='lat' dir='ltr'><strong>temporis</strong></span> 
     </span>
    </p>
   </div>
   <div class='ocr_carea' id='block_1_44' title="bbox 905 746 1696 786">
    <p class='ocr_par' dir='ltr' id='par_1_44' title="bbox 905 746 1696 786">
     <span class='ocr_line' id='line_1_44' title="bbox 905 746 1696 786; baseline -0.008 -7"><span class='ocrx_word' id='word_1_307' title='bbox 905 751 1088 779; x_wconf 78' lang='lat' dir='ltr'><strong>Romanorum</strong></span> <span class='ocrx_word' id='word_1_308' title='bbox 1116 751 1233 778; x_wconf 77' lang='lat' dir='ltr'><strong>civitatis</strong></span> <span class='ocrx_word' id='word_1_309' title='bbox 1259 757 1367 786; x_wconf 80' lang='lat' dir='ltr'><strong>papam,</strong></span> <span class='ocrx_word' id='word_1_310' title='bbox 1399 757 1432 776; x_wconf 90' lang='lat' dir='ltr'><strong>ne</strong></span> <span class='ocrx_word' id='word_1_311' title='bbox 1445 753 1537 783; x_wconf 86' lang='lat' dir='ltr'><strong>postea</strong></span> <span class='ocrx_word' id='word_1_312' title='bbox 1557 748 1592 774; x_wconf 90' lang='lat' dir='ltr'><strong>ita</strong></span> <span class='ocrx_word' id='word_1_313' title='bbox 1616 746 1696 773; x_wconf 81' lang='lat' dir='ltr'><strong>vellet</strong></span> 
     </span>
    </p>
   </div>
   <div class='ocr_carea' id='block_1_45' title="bbox 905 791 1695 832">
    <p class='ocr_par' dir='ltr' id='par_1_45' title="bbox 905 791 1695 832">
     <span class='ocr_line' id='line_1_45' title="bbox 905 791 1695 832; baseline -0.01 -7"><span class='ocrx_word' id='word_1_314' title='bbox 905 797 1006 829; x_wconf 82' lang='lat' dir='ltr'><strong>facere,</strong></span> <span class='ocrx_word' id='word_1_315' title='bbox 1022 798 1206 832; x_wconf 86' lang='lat' dir='ltr'><strong>scripserunt;</strong></span> <span class='ocrx_word' id='word_1_316' title='bbox 1224 803 1274 823; x_wconf 89' lang='lat' dir='ltr'><strong>nec</strong></span> <span class='ocrx_word' id='word_1_317' title='bbox 1289 795 1404 830; x_wconf 76' lang='lat' dir='ltr'><strong>amplius</strong></span> <span class='ocrx_word' id='word_1_318' title='bbox 1426 794 1543 821; x_wconf 83' lang='lat' dir='ltr'><strong>clericos</strong></span> <span class='ocrx_word' id='word_1_319' title='bbox 1570 799 1635 819; x_wconf 85' lang='lat' dir='ltr'><strong>suos</strong></span> <span class='ocrx_word' id='word_1_320' title='bbox 1661 791 1695 818; x_wconf 83' lang='lat' dir='ltr'><strong>ad</strong></span> 
     </span>
    </p>
   </div>
   <div class='ocr_carea' id='block_1_46' title="bbox 906 837 1696 878">
    <p class='ocr_par' dir='ltr' id='par_1_46' title="bbox 906 837 1696 878">
     <span class='ocr_line' id='line_1_46' title="bbox 906 837 1696 878; baseline -0.01 -8"><span class='ocrx_word' id='word_1_321' title='bbox 906 842 1093 878; x_wconf 86' lang='lat' dir='ltr'><strong>episcoporum</strong></span> <span class='ocrx_word' id='word_1_322' title='bbox 1114 846 1262 870; x_wconf 84' lang='lat' dir='ltr'><strong>sententias</strong></span> <span class='ocrx_word' id='word_1_323' title='bbox 1275 847 1303 869; x_wconf 88' lang='lat' dir='ltr'><strong>et</strong></span> <span class='ocrx_word' id='word_1_324' title='bbox 1319 841 1510 875; x_wconf 85' lang='lat' dir='ltr'><strong>depositiones</strong></span> <span class='ocrx_word' id='word_1_325' title='bbox 1535 837 1696 865; x_wconf 81' lang='lat' dir='ltr'><strong>examinan-</strong></span> 
     </span>
    </p>
   </div>
   <div class='ocr_carea' id='block_1_47' title="bbox 910 881 1696 917">
    <p class='ocr_par' dir='ltr' id='par_1_47' title="bbox 910 881 1696 917">
     <span class='ocr_line' id='line_1_47' title="bbox 910 881 1696 917; baseline -0.009 -2"><span class='ocrx_word' id='word_1_326' title='bbox 910 889 957 916; x_wconf 87' lang='lat' dir='ltr'><strong>das</strong></span> <span class='ocrx_word' id='word_1_327' title='bbox 974 890 1160 917; x_wconf 79' lang='lat' dir='ltr'><strong>mitterctzne</strong></span> <span class='ocrx_word' id='word_1_328' title='bbox 1173 889 1295 916; x_wconf 89' lang='lat' dir='ltr'><strong>fumosus</strong></span> <span class='ocrx_word' id='word_1_329' title='bbox 1317 886 1410 915; x_wconf 86' lang='lat' dir='ltr'><strong>mundi</strong></span> <span class='ocrx_word' id='word_1_330' title='bbox 1435 886 1522 913; x_wconf 73' lang='lat' dir='ltr'><strong>fastus</strong></span> <span class='ocrx_word' id='word_1_331' title='bbox 1540 885 1569 911; x_wconf 90' lang='lat' dir='ltr'><strong>in</strong></span> <span class='ocrx_word' id='word_1_332' title='bbox 1593 881 1696 911; x_wconf 84' lang='lat' dir='ltr'><strong>Christi</strong></span> 
     </span>
    </p>
   </div>
   <div class='ocr_carea' id='block_1_48' title="bbox 910 935 1312 963">
    <p class='ocr_par' dir='ltr' id='par_1_48' title="bbox 910 935 1312 963">
     <span class='ocr_line' id='line_1_48' title="bbox 910 935 1312 963; baseline -0.002 -1"><span class='ocrx_word' id='word_1_333' title='bbox 910 935 1057 963; x_wconf 82' lang='lat' dir='ltr'><strong>Ecclesiam</strong></span> <span class='ocrx_word' id='word_1_334' title='bbox 1082 935 1312 963; x_wconf 83' lang='lat' dir='ltr'><strong>introduceretur.</strong></span> 
     </span>
    </p>
   </div>
   <div class='ocr_carea' id='block_1_49' title="bbox 1110 1051 1480 1089">
    <p class='ocr_par' dir='ltr' id='par_1_49' title="bbox 1110 1051 1480 1089">
     <span class='ocr_line' id='line_1_49' title="bbox 1110 1051 1480 1089; baseline -0.019 -5"><span class='ocrx_word' id='word_1_335' title='bbox 1110 1056 1234 1084; x_wconf 79' lang='lat' dir='ltr'><strong>Aurelius</strong></span> <span class='ocrx_word' id='word_1_336' title='bbox 1245 1055 1379 1089; x_wconf 77' lang='lat' dir='ltr'><strong>episcopus</strong></span> <span class='ocrx_word' id='word_1_337' title='bbox 1395 1051 1460 1078; x_wconf 72' lang='lat' dir='ltr'><strong>dixit</strong></span> <span class='ocrx_word' id='word_1_338' title='bbox 1473 1059 1480 1078; x_wconf 88' lang='lat'><strong>:</strong></span> 
     </span>
    </p>
   </div>
   <div class='ocr_carea' id='block_1_50' title="bbox 941 1105 1696 1148">
    <p class='ocr_par' dir='ltr' id='par_1_50' title="bbox 941 1105 1696 1148">
     <span class='ocr_line' id='line_1_50' title="bbox 941 1105 1696 1148; baseline -0.019 -6"><span class='ocrx_word' id='word_1_339' title='bbox 941 1125 950 1141; x_wconf 76' lang='grc' dir='ltr'><strong>ι</strong></span> <span class='ocrx_word' id='word_1_340' title='bbox 963 1115 1028 1148; x_wconf 80' lang='lat' dir='ltr'><strong>Quae</strong></span> <span class='ocrx_word' id='word_1_341' title='bbox 1042 1118 1139 1141; x_wconf 70' lang='lat' dir='ltr'><strong>vestra:</strong></span> <span class='ocrx_word' id='word_1_342' title='bbox 1152 1112 1288 1139; x_wconf 82' lang='lat' dir='ltr'><strong>dilectioni</strong></span> <span class='ocrx_word' id='word_1_343' title='bbox 1301 1111 1364 1137; x_wconf 89' lang='lat' dir='ltr'><strong>olim</strong></span> <span class='ocrx_word' id='word_1_344' title='bbox 1383 1117 1397 1136; x_wconf 74' lang='grc' dir='ltr'><strong>ο</strong></span> <span class='ocrx_word' id='word_1_345' title='bbox 1410 1107 1489 1135; x_wconf 84' lang='lat' dir='ltr'><strong>nobis</strong></span> <span class='ocrx_word' id='word_1_346' title='bbox 1504 1109 1615 1134; x_wconf 85' lang='lat' dir='ltr'><strong>ostensa</strong></span> <span class='ocrx_word' id='word_1_347' title='bbox 1633 1105 1696 1130; x_wconf 87' lang='lat' dir='ltr'><strong>sunt</strong></span> 
     </span>
    </p>
   </div>
   <div class='ocr_carea' id='block_1_51' title="bbox 912 1152 1696 1196">
    <p class='ocr_par' dir='ltr' id='par_1_51' title="bbox 912 1152 1696 1196">
     <span class='ocr_line' id='line_1_51' title="bbox 912 1152 1696 1196; baseline -0.014 -9"><span class='ocrx_word' id='word_1_348' title='bbox 912 1171 922 1187; x_wconf 85' lang='grc'><strong><em>‹</em></strong></span> <span class='ocrx_word' id='word_1_349' title='bbox 941 1161 1104 1196; x_wconf 79' lang='lat' dir='ltr'><strong>exemplaria</strong></span> <span class='ocrx_word' id='word_1_350' title='bbox 1141 1167 1247 1191; x_wconf 90' lang='lat' dir='ltr'><strong>eorum,</strong></span> <span class='ocrx_word' id='word_1_351' title='bbox 1264 1165 1324 1192; x_wconf 70' lang='lat' dir='ltr'><strong>qua:</strong></span> <span class='ocrx_word' id='word_1_352' title='bbox 1343 1155 1491 1190; x_wconf 53' lang='lat' dir='ltr'><strong>iniNiczena</strong></span> <span class='ocrx_word' id='word_1_353' title='bbox 1507 1152 1610 1188; x_wconf 78' lang='lat' dir='ltr'><strong>synodo</strong></span> <span class='ocrx_word' id='word_1_354' title='bbox 1630 1158 1696 1177; x_wconf 92' lang='lat' dir='ltr'><strong>con-</strong></span> 
     </span>
    </p>
   </div>
   <div class='ocr_carea' id='block_1_52' title="bbox 912 1196 1697 1239">
    <p class='ocr_par' dir='ltr' id='par_1_52' title="bbox 912 1196 1697 1239">
     <span class='ocr_line' id='line_1_52' title="bbox 912 1196 1697 1239; baseline -0.018 -4"><span class='ocrx_word' id='word_1_355' title='bbox 912 1217 922 1234; x_wconf 72' lang='grc' dir='ltr'><strong>ι</strong></span> <span class='ocrx_word' id='word_1_356' title='bbox 942 1208 1036 1235; x_wconf 85' lang='lat' dir='ltr'><strong>stituta</strong></span> <span class='ocrx_word' id='word_1_357' title='bbox 1051 1211 1124 1233; x_wconf 87' lang='lat' dir='ltr'><strong>sunt:</strong></span> <span class='ocrx_word' id='word_1_358' title='bbox 1141 1205 1205 1239; x_wconf 93' lang='lat' dir='ltr'><strong>quin</strong></span> <span class='ocrx_word' id='word_1_359' title='bbox 1223 1209 1249 1231; x_wconf 93' lang='lat' dir='ltr'><strong>et</strong></span> <span class='ocrx_word' id='word_1_360' title='bbox 1265 1210 1324 1237; x_wconf 65' lang='lat' dir='ltr'><strong>quas</strong></span> <span class='ocrx_word' id='word_1_361' title='bbox 1341 1210 1355 1228; x_wconf 87' lang='lat' dir='ltr'><strong>a</strong></span> <span class='ocrx_word' id='word_1_362' title='bbox 1373 1201 1472 1228; x_wconf 89' lang='lat' dir='ltr'><strong>nostris</strong></span> <span class='ocrx_word' id='word_1_363' title='bbox 1486 1196 1697 1233; x_wconf 61' lang='lat' dir='ltr'><strong>praeceptoribus</strong></span> 
     </span>
    </p>
   </div>
   <div class='ocr_carea' id='block_1_53' title="bbox 913 1244 1695 1282">
    <p class='ocr_par' dir='ltr' id='par_1_53' title="bbox 913 1244 1695 1282">
     <span class='ocr_line' id='line_1_53' title="bbox 913 1244 1695 1282; baseline -0.019 0"><span class='ocrx_word' id='word_1_364' title='bbox 913 1264 921 1281; x_wconf 80' lang='grc' dir='ltr'>ι</span> <span class='ocrx_word' id='word_1_365' title='bbox 937 1253 1095 1282; x_wconf 82' lang='lat' dir='ltr'><strong>salutariter</strong></span> <span class='ocrx_word' id='word_1_366' title='bbox 1107 1250 1257 1279; x_wconf 89' lang='lat' dir='ltr'><strong>secundum</strong></span> <span class='ocrx_word' id='word_1_367' title='bbox 1276 1248 1397 1282; x_wconf 79' lang='lat' dir='ltr'><strong>ejusdem</strong></span> <span class='ocrx_word' id='word_1_368' title='bbox 1414 1245 1511 1282; x_wconf 87' lang='lat' dir='ltr'><strong>synodi</strong></span> <span class='ocrx_word' id='word_1_369' title='bbox 1527 1244 1655 1274; x_wconf 88' lang='lat' dir='ltr'><strong>formam,</strong></span> <span class='ocrx_word' id='word_1_370' title='bbox 1669 1247 1695 1268; x_wconf 88' lang='lat' dir='ltr'><strong>et</strong></span> 
     </span>
    </p>
   </div>
   <div class='ocr_carea' id='block_1_54' title="bbox 913 1288 1698 1336">
    <p class='ocr_par' dir='ltr' id='par_1_54' title="bbox 913 1288 1698 1336">
     <span class='ocr_line' id='line_1_54' title="bbox 913 1288 1698 1336; baseline -0.017 -10"><span class='ocrx_word' id='word_1_371' title='bbox 913 1310 922 1326; x_wconf 75' lang='grc' dir='ltr'><strong>ι</strong></span> <span class='ocrx_word' id='word_1_372' title='bbox 941 1308 1001 1336; x_wconf 79' lang='lat' dir='ltr'><strong>quae</strong></span> <span class='ocrx_word' id='word_1_373' title='bbox 1014 1303 1144 1334; x_wconf 73' lang='lat' dir='ltr'><strong>praeterea</strong></span> <span class='ocrx_word' id='word_1_374' title='bbox 1163 1304 1176 1323; x_wconf 90' lang='lat' dir='ltr'><strong>a</strong></span> <span class='ocrx_word' id='word_1_375' title='bbox 1194 1296 1273 1323; x_wconf 91' lang='lat' dir='ltr'><strong>nobis</strong></span> <span class='ocrx_word' id='word_1_376' title='bbox 1291 1295 1346 1329; x_wconf 87' lang='lat' dir='ltr'><strong>jam</strong></span> <span class='ocrx_word' id='word_1_377' title='bbox 1369 1293 1492 1320; x_wconf 84' lang='lat' dir='ltr'><strong>ordinata</strong></span> <span class='ocrx_word' id='word_1_378' title='bbox 1506 1294 1579 1321; x_wconf 83' lang='lat' dir='ltr'><strong>sunt,</strong></span> <span class='ocrx_word' id='word_1_379' title='bbox 1603 1288 1652 1323; x_wconf 77' lang='lat' dir='ltr'><strong>legi</strong></span> <span class='ocrx_word' id='word_1_380' title='bbox 1671 1291 1698 1314; x_wconf 88' lang='lat' dir='ltr'><strong>et</strong></span> 
     </span>
    </p>
   </div>
   <div class='ocr_carea' id='block_1_55' title="bbox 912 1339 1390 1379">
    <p class='ocr_par' dir='ltr' id='par_1_55' title="bbox 912 1339 1390 1379">
     <span class='ocr_line' id='line_1_55' title="bbox 912 1339 1390 1379; baseline -0.021 -5"><span class='ocrx_word' id='word_1_381' title='bbox 912 1355 922 1379; x_wconf 71' lang='grc' dir='ltr'><strong>ι</strong></span> <span class='ocrx_word' id='word_1_382' title='bbox 941 1346 1009 1373; x_wconf 85' lang='lat' dir='ltr'><strong>actis</strong></span> <span class='ocrx_word' id='word_1_383' title='bbox 1021 1344 1102 1372; x_wconf 83' lang='lat' dir='ltr'><strong>inseri</strong></span> <span class='ocrx_word' id='word_1_384' title='bbox 1118 1350 1188 1370; x_wconf 91' lang='lat' dir='ltr'><strong>nunc</strong></span> <span class='ocrx_word' id='word_1_385' title='bbox 1202 1339 1356 1368; x_wconf 83' lang='lat' dir='ltr'><strong>admittitis.</strong></span> <span class='ocrx_word' id='word_1_386' title='bbox 1378 1347 1390 1364; x_wconf 68' lang='lat' dir='ltr'><strong>r-</strong></span> 
     </span>
    </p>
   </div>
   <div class='ocr_carea' id='block_1_56' title="bbox 1118 1427 1468 1466">
    <p class='ocr_par' dir='ltr' id='par_1_56' title="bbox 1118 1427 1468 1466">
     <span class='ocr_line' id='line_1_56' title="bbox 1118 1427 1468 1466; baseline -0.023 -5"><span class='ocrx_word' id='word_1_387' title='bbox 1118 1433 1243 1461; x_wconf 77' lang='lat' dir='ltr'><strong>Unit-ersa</strong></span> <span class='ocrx_word' id='word_1_388' title='bbox 1256 1430 1369 1466; x_wconf 80' lang='lat' dir='ltr'><strong>synodus</strong></span> <span class='ocrx_word' id='word_1_389' title='bbox 1381 1427 1468 1455; x_wconf 67' lang='lat' dir='ltr'><strong>dixit:</strong></span> 
     </span>
    </p>
   </div>
   <div class='ocr_carea' id='block_1_57' title="bbox 950 1479 1696 1531">
    <p class='ocr_par' dir='ltr' id='par_1_57' title="bbox 950 1479 1696 1531">
     <span class='ocr_line' id='line_1_57' title="bbox 950 1479 1696 1531; baseline -0.021 -9"><span class='ocrx_word' id='word_1_390' title='bbox 950 1494 1053 1531; x_wconf 59' lang='lat'><strong>511.1</strong></span> <span class='ocrx_word' id='word_1_391' title='bbox 1061 1490 1230 1526; x_wconf 74' lang='lat' dir='ltr'><strong>Exemplaria</strong></span> <span class='ocrx_word' id='word_1_392' title='bbox 1244 1489 1303 1516; x_wconf 84' lang='lat' dir='ltr'><strong>lidei</strong></span> <span class='ocrx_word' id='word_1_393' title='bbox 1315 1492 1340 1514; x_wconf 91' lang='lat' dir='ltr'><strong>et</strong></span> <span class='ocrx_word' id='word_1_394' title='bbox 1350 1487 1457 1515; x_wconf 87' lang='lat' dir='ltr'><strong>decreta</strong></span> <span class='ocrx_word' id='word_1_395' title='bbox 1465 1484 1580 1512; x_wconf 66' lang='lat' dir='ltr'><strong>Nicaanat</strong></span> <span class='ocrx_word' id='word_1_396' title='bbox 1590 1479 1696 1531; x_wconf 78' lang='lat' dir='ltr'><strong>synodi,</strong></span> 
     </span>
    </p>
   </div>
   <div class='ocr_carea' id='block_1_58' title="bbox 73 1527 855 1583">
    <p class='ocr_par' dir='ltr' id='par_1_58' title="bbox 73 1527 841 1583">
     <span class='ocr_line' id='line_1_58' title="bbox 73 1527 841 1583; baseline 0.007 -10"><span class='ocrx_word' id='word_1_397' title='bbox 73 1556 81 1572; x_wconf 78' lang='grc' dir='ltr'><strong>ι</strong></span> <span class='ocrx_word' id='word_1_398' title='bbox 96 1547 157 1583; x_wconf 76' lang='grc' dir='ltr'><strong>καίᾳ</strong></span> <span class='ocrx_word' id='word_1_399' title='bbox 171 1527 296 1580; x_wconf 75' lang='grc' dir='ltr'>συνόδου,</span> <span class='ocrx_word' id='word_1_400' title='bbox 309 1548 373 1579; x_wconf 84' lang='grc' dir='ltr'><strong>τοὺς</strong></span> <span class='ocrx_word' id='word_1_401' title='bbox 385 1548 468 1575; x_wconf 82' lang='grc' dir='ltr'>πάλαι</span> <span class='ocrx_word' id='word_1_402' title='bbox 486 1548 554 1583; x_wconf 74' lang='grc' dir='ltr'>πρὸς</span> <span class='ocrx_word' id='word_1_403' title='bbox 567 1527 644 1583; x_wconf 47' lang='grc' dir='ltr'>ἧμας</span> <span class='ocrx_word' id='word_1_404' title='bbox 662 1527 841 1578; x_wconf 44' lang='grc' dir='ltr'><strong>θιὰΠΚαιιιιέ</strong></span> 
     </span>
    </p>
   </div>
   <div class='ocr_carea' id='block_1_59' title="bbox 943 1527 1698 1583">
    <p class='ocr_par' dir='ltr' id='par_1_59' title="bbox 943 1527 1698 1578">
     <span class='ocr_line' id='line_1_59' title="bbox 943 1527 1698 1578; baseline -0.023 -8"><span class='ocrx_word' id='word_1_405' title='bbox 943 1527 1000 1578; x_wconf 52' lang='lat' dir='ltr'><strong>mae—</strong></span> <span class='ocrx_word' id='word_1_406' title='bbox 1009 1527 1088 1568; x_wconf 68' lang='lat' dir='ltr'><strong>oobis</strong></span> <span class='ocrx_word' id='word_1_407' title='bbox 1107 1538 1171 1566; x_wconf 88' lang='lat' dir='ltr'><strong>olim</strong></span> <span class='ocrx_word' id='word_1_408' title='bbox 1192 1543 1240 1572; x_wconf 87' lang='lat' dir='ltr'><strong>per</strong></span> <span class='ocrx_word' id='word_1_409' title='bbox 1249 1534 1422 1563; x_wconf 67' lang='lat' dir='ltr'><strong>Caecilianum</strong></span> <span class='ocrx_word' id='word_1_410' title='bbox 1441 1536 1524 1558; x_wconf 73' lang='lat' dir='ltr'><strong>vetrze</strong></span> <span class='ocrx_word' id='word_1_411' title='bbox 1543 1527 1698 1559; x_wconf 82' lang='lat' dir='ltr'><strong>sanctitatis</strong></span> 
     </span>
    </p>
   </div>
   <div class='ocr_carea' id='block_1_60' title="bbox 72 1592 855 1630">
    <p class='ocr_par' dir='ltr' id='par_1_60' title="bbox 72 1592 855 1630">
     <span class='ocr_line' id='line_1_60' title="bbox 72 1592 855 1630; baseline 0.004 -12"><span class='ocrx_word' id='word_1_412' title='bbox 72 1602 79 1617; x_wconf 85' lang='lat' dir='ltr'><strong>t</strong></span> <span class='ocrx_word' id='word_1_413' title='bbox 96 1592 184 1619; x_wconf 86' lang='grc' dir='ltr'>λιανοῦ</span> <span class='ocrx_word' id='word_1_414' title='bbox 200 1592 249 1619; x_wconf 75' lang='grc' dir='ltr'>τοῦ</span> <span class='ocrx_word' id='word_1_415' title='bbox 265 1592 424 1628; x_wconf 79' lang='grc' dir='ltr'>προηγητοῦ</span> <span class='ocrx_word' id='word_1_416' title='bbox 452 1593 502 1628; x_wconf 80' lang='grc' dir='ltr'><strong>τῆς</strong></span> <span class='ocrx_word' id='word_1_417' title='bbox 525 1594 666 1628; x_wconf 83' lang='grc' dir='ltr'><strong>ὑμετέρας</strong></span> <span class='ocrx_word' id='word_1_418' title='bbox 697 1595 855 1630; x_wconf 82' lang='grc' dir='ltr'><strong>ἁγιωσύνης</strong></span> 
     </span>
    </p>
   </div>
   <div class='ocr_carea' id='block_1_61' title="bbox 72 1638 854 1674">
    <p class='ocr_par' dir='ltr' id='par_1_61' title="bbox 72 1638 854 1674">
     <span class='ocr_line' id='line_1_61' title="bbox 72 1638 854 1674; baseline 0.003 -10"><span class='ocrx_word' id='word_1_419' title='bbox 72 1647 79 1663; x_wconf 81' lang='grc' dir='ltr'>ι</span> <span class='ocrx_word' id='word_1_420' title='bbox 96 1638 326 1674; x_wconf 77' lang='grc' dir='ltr'><strong>προσενεχθὲντας</strong></span> <span class='ocrx_word' id='word_1_421' title='bbox 341 1646 347 1653; x_wconf 83' lang='grc'><strong><em>“</em></strong></span> <span class='ocrx_word' id='word_1_422' title='bbox 360 1638 400 1665; x_wconf 78' lang='grc' dir='ltr'><strong>ἔτι</strong></span> <span class='ocrx_word' id='word_1_423' title='bbox 414 1639 466 1673; x_wconf 81' lang='grc' dir='ltr'><strong>μὴν</strong></span> <span class='ocrx_word' id='word_1_424' title='bbox 478 1638 604 1674; x_wconf 76' lang='grc' dir='ltr'>καὶᾶπερ</span> <span class='ocrx_word' id='word_1_425' title='bbox 616 1639 723 1671; x_wconf 81' lang='grc' dir='ltr'><strong>τούτοις</strong></span> <span class='ocrx_word' id='word_1_426' title='bbox 733 1640 854 1674; x_wconf 74' lang='grc' dir='ltr'>ἑπόμενα</span> 
     </span>
    </p>
   </div>
   <div class='ocr_carea' id='block_1_62' title="bbox 70 1683 857 1720">
    <p class='ocr_par' dir='ltr' id='par_1_62' title="bbox 70 1683 857 1720">
     <span class='ocr_line' id='line_1_62' title="bbox 70 1683 857 1720; baseline 0.004 -12"><span class='ocrx_word' id='word_1_427' title='bbox 70 1692 79 1708; x_wconf 75' lang='grc' dir='ltr'><strong>ι</strong></span> <span class='ocrx_word' id='word_1_428' title='bbox 96 1684 127 1709; x_wconf 85' lang='grc' dir='ltr'><strong>τὰ</strong></span> <span class='ocrx_word' id='word_1_429' title='bbox 141 1683 212 1718; x_wconf 83' lang='grc' dir='ltr'>μέρη</span> <span class='ocrx_word' id='word_1_430' title='bbox 228 1683 347 1709; x_wconf 72' lang='grc' dir='ltr'><strong>ἐνταῦθα</strong></span> <span class='ocrx_word' id='word_1_431' title='bbox 363 1684 546 1718; x_wconf 84' lang='grc' dir='ltr'><strong>κατέστησαν,</strong></span> <span class='ocrx_word' id='word_1_432' title='bbox 560 1685 608 1710; x_wconf 79' lang='grc' dir='ltr'><strong>καὶ</strong></span> <span class='ocrx_word' id='word_1_433' title='bbox 624 1684 672 1710; x_wconf 84' lang='grc' dir='ltr'><strong>νῦν</strong></span> <span class='ocrx_word' id='word_1_434' title='bbox 685 1684 713 1710; x_wconf 82' lang='grc' dir='ltr'><strong>δὲ</strong></span> <span class='ocrx_word' id='word_1_435' title='bbox 722 1686 797 1720; x_wconf 86' lang='grc' dir='ltr'>κοινῇ</span> <span class='ocrx_word' id='word_1_436' title='bbox 811 1693 857 1711; x_wconf 86' lang='grc' dir='ltr'><strong>συ-</strong></span> 
     </span>
    </p>
   </div>
   <div class='ocr_carea' id='block_1_63' title="bbox 72 1728 855 1767">
    <p class='ocr_par' dir='ltr' id='par_1_63' title="bbox 72 1728 855 1767">
     <span class='ocr_line' id='line_1_63' title="bbox 72 1728 855 1767; baseline 0.004 -13"><span class='ocrx_word' id='word_1_437' title='bbox 72 1737 79 1753; x_wconf 76' lang='grc' dir='ltr'><strong>ι</strong></span> <span class='ocrx_word' id='word_1_438' title='bbox 97 1728 206 1763; x_wconf 77' lang='grc' dir='ltr'><strong>ζητήσει</strong></span> <span class='ocrx_word' id='word_1_439' title='bbox 217 1737 255 1755; x_wconf 84' lang='grc' dir='ltr'><strong>πα</strong></span> <span class='ocrx_word' id='word_1_440' title='bbox 261 1730 286 1763; x_wconf 75' lang='grc' dir='ltr'>ρ’</span> <span class='ocrx_word' id='word_1_441' title='bbox 297 1728 376 1763; x_wconf 81' lang='grc' dir='ltr'>ἡμῶν</span> <span class='ocrx_word' id='word_1_442' title='bbox 392 1729 561 1764; x_wconf 81' lang='grc' dir='ltr'><strong>ὡρίσθησαν,</strong></span> <span class='ocrx_word' id='word_1_443' title='bbox 573 1729 680 1762; x_wconf 82' lang='grc' dir='ltr'><strong>τούτοις</strong></span> <span class='ocrx_word' id='word_1_444' title='bbox 688 1732 743 1762; x_wconf 81' lang='grc' dir='ltr'><strong>τοῖς</strong></span> <span class='ocrx_word' id='word_1_445' title='bbox 754 1731 839 1767; x_wconf 80' lang='grc' dir='ltr'>ὲκκλη</span> <span class='ocrx_word' id='word_1_446' title='bbox 849 1746 855 1752; x_wconf 85' lang='lat'><strong>-</strong></span> 
     </span>
    </p>
   </div>
   <div class='ocr_carea' id='block_1_64' title="bbox 73 1774 851 1810">
    <p class='ocr_par' dir='ltr' id='par_1_64' title="bbox 73 1774 851 1810">
     <span class='ocr_line' id='line_1_64' title="bbox 73 1774 851 1810; baseline 0.004 -11"><span class='ocrx_word' id='word_1_447' title='bbox 73 1775 245 1804; x_wconf 77' lang='grc' dir='ltr'>ισιασςικοίς</span> <span class='ocrx_word' id='word_1_448' title='bbox 273 1774 483 1808; x_wconf 77' lang='grc' dir='ltr'><strong>πεπραγμένοις</strong></span> <span class='ocrx_word' id='word_1_449' title='bbox 512 1774 686 1810; x_wconf 80' lang='grc' dir='ltr'>ἐμϐληθέντα</span> <span class='ocrx_word' id='word_1_450' title='bbox 724 1776 851 1809; x_wconf 79' lang='grc' dir='ltr'>μείνωσι,</span> 
     </span>
    </p>
   </div>
   <div class='ocr_carea' id='block_1_65' title="bbox 73 1819 855 1856">
    <p class='ocr_par' dir='ltr' id='par_1_65' title="bbox 73 1819 855 1856">
     <span class='ocr_line' id='line_1_65' title="bbox 73 1819 855 1856; baseline 0.006 -13"><span class='ocrx_word' id='word_1_451' title='bbox 73 1828 81 1843; x_wconf 79' lang='grc' dir='ltr'><strong>ι</strong></span> <span class='ocrx_word' id='word_1_452' title='bbox 97 1819 326 1852; x_wconf 72' lang='grc' dir='ltr'><strong>δηλονότι,καθὼς</strong></span> <span class='ocrx_word' id='word_1_453' title='bbox 335 1819 526 1854; x_wconf 75' lang='grc' dir='ltr'><strong>προλέλςκται,</strong></span> <span class='ocrx_word' id='word_1_454' title='bbox 537 1820 605 1855; x_wconf 83' lang='grc' dir='ltr'>πρὸς</span> <span class='ocrx_word' id='word_1_455' title='bbox 615 1821 678 1852; x_wconf 78' lang='grc' dir='ltr'>τοὺς</span> <span class='ocrx_word' id='word_1_456' title='bbox 688 1821 855 1856; x_wconf 79' lang='grc' dir='ltr'>σεϐασμίους</span> 
     </span>
    </p>
   </div>
   <div class='ocr_carea' id='block_1_66' title="bbox 72 1864 858 1902">
    <p class='ocr_par' dir='ltr' id='par_1_66' title="bbox 72 1864 858 1902">
     <span class='ocr_line' id='line_1_66' title="bbox 72 1864 858 1902; baseline 0.008 -14"><span class='ocrx_word' id='word_1_457' title='bbox 72 1873 80 1888; x_wconf 76' lang='grc' dir='ltr'><strong>ι</strong></span> <span class='ocrx_word' id='word_1_458' title='bbox 98 1864 260 1897; x_wconf 77' lang='grc' dir='ltr'>ἐπισκόπους</span> <span class='ocrx_word' id='word_1_459' title='bbox 271 1865 326 1892; x_wconf 86' lang='grc' dir='ltr'><strong>τῶν</strong></span> <span class='ocrx_word' id='word_1_460' title='bbox 344 1865 525 1900; x_wconf 82' lang='grc' dir='ltr'><strong>Ἐκκλησιῶν,</strong></span> <span class='ocrx_word' id='word_1_461' title='bbox 536 1866 710 1902; x_wconf 74' lang='grc' dir='ltr'><strong>Ἀντιοχείας,</strong></span> <span class='ocrx_word' id='word_1_462' title='bbox 732 1867 858 1900; x_wconf 80' lang='grc' dir='ltr'><strong>Ἀλεξαν-</strong></span> 
     </span>
    </p>
   </div>
   <div class='ocr_carea' id='block_1_67' title="bbox 74 1910 857 1948">
    <p class='ocr_par' dir='ltr' id='par_1_67' title="bbox 74 1910 857 1948">
     <span class='ocr_line' id='line_1_67' title="bbox 74 1910 857 1948; baseline 0.005 -12"><span class='ocrx_word' id='word_1_463' title='bbox 74 1910 196 1946; x_wconf 79' lang='grc' dir='ltr'><strong>ιδρείας,</strong></span> <span class='ocrx_word' id='word_1_464' title='bbox 235 1912 284 1938; x_wconf 78' lang='grc' dir='ltr'><strong>καὶ</strong></span> <span class='ocrx_word' id='word_1_465' title='bbox 314 1911 638 1944; x_wconf 77' lang='grc' dir='ltr'>Κωνσταντινουπόλεως,</span> <span class='ocrx_word' id='word_1_466' title='bbox 670 1913 773 1948; x_wconf 76' lang='grc' dir='ltr'>γράψαι</span> <span class='ocrx_word' id='word_1_467' title='bbox 790 1922 857 1940; x_wconf 85' lang='grc' dir='ltr'><strong>κατ-</strong></span> 
     </span>
    </p>
   </div>
   <div class='ocr_carea' id='block_1_68' title="bbox 76 1957 858 1993">
    <p class='ocr_par' dir='ltr' id='par_1_68' title="bbox 76 1957 858 1993">
     <span class='ocr_line' id='line_1_68' title="bbox 76 1957 858 1993; baseline 0.005 -11"><span class='ocrx_word' id='word_1_468' title='bbox 76 1957 224 1991; x_wconf 58' lang='lat' dir='ltr'><strong>«usitatis-r1;</strong></span> <span class='ocrx_word' id='word_1_469' title='bbox 263 1958 313 1990; x_wconf 85' lang='grc' dir='ltr'><strong>τῆς</strong></span> <span class='ocrx_word' id='word_1_470' title='bbox 339 1957 484 1992; x_wconf 84' lang='grc' dir='ltr'><strong>ὑμετέρας</strong></span> <span class='ocrx_word' id='word_1_471' title='bbox 511 1959 724 1993; x_wconf 71' lang='grc' dir='ltr'><strong>μακαριότητος,</strong></span> <span class='ocrx_word' id='word_1_472' title='bbox 748 1960 792 1986; x_wconf 81' lang='grc' dir='ltr'><strong>ἵνα</strong></span> <span class='ocrx_word' id='word_1_473' title='bbox 822 1960 858 1986; x_wconf 82' lang='grc' dir='ltr'><strong>τὰ</strong></span> 
     </span>
    </p>
   </div>
   <div class='ocr_carea' id='block_1_69' title="bbox 76 2003 858 2040">
    <p class='ocr_par' dir='ltr' id='par_1_69' title="bbox 76 2003 858 2040">
     <span class='ocr_line' id='line_1_69' title="bbox 76 2003 858 2040; baseline 0.004 -12"><span class='ocrx_word' id='word_1_474' title='bbox 76 2012 83 2026; x_wconf 89' lang='grc' dir='ltr'><strong>ι</strong></span> <span class='ocrx_word' id='word_1_475' title='bbox 100 2003 267 2038; x_wconf 79' lang='grc' dir='ltr'><strong>ἀληθέστατα</strong></span> <span class='ocrx_word' id='word_1_476' title='bbox 296 2004 343 2030; x_wconf 68' lang='lat' dir='ltr'><strong>tua</strong></span> <span class='ocrx_word' id='word_1_477' title='bbox 369 2003 420 2038; x_wconf 82' lang='grc' dir='ltr'><strong>τῆς</strong></span> <span class='ocrx_word' id='word_1_478' title='bbox 453 2004 483 2030; x_wconf 79' lang='grc' dir='ltr'><strong>ἐν</strong></span> <span class='ocrx_word' id='word_1_479' title='bbox 508 2003 611 2039; x_wconf 79' lang='grc' dir='ltr'><strong>Νικαίᾳ</strong></span> <span class='ocrx_word' id='word_1_480' title='bbox 645 2004 755 2031; x_wconf 74' lang='grc' dir='ltr'>συνόῖου</span> <span class='ocrx_word' id='word_1_481' title='bbox 798 2005 858 2040; x_wconf 81' lang='grc' dir='ltr'>μεθ’</span> 
     </span>
    </p>
   </div>
   <div class='ocr_carea' id='block_1_70' title="bbox 75 2049 859 2084">
    <p class='ocr_par' dir='ltr' id='par_1_70' title="bbox 75 2049 859 2084">
     <span class='ocr_line' id='line_1_70' title="bbox 75 2049 859 2084; baseline 0.003 -10"><span class='ocrx_word' id='word_1_482' title='bbox 75 2049 325 2084; x_wconf 75' lang='grc' dir='ltr'>«ὑποσημειώσεως</span> <span class='ocrx_word' id='word_1_483' title='bbox 369 2050 478 2075; x_wconf 75' lang='grc' dir='ltr'><strong>οἰκείων</strong></span> <span class='ocrx_word' id='word_1_484' title='bbox 517 2049 689 2084; x_wconf 82' lang='grc' dir='ltr'>γραμμάτων</span> <span class='ocrx_word' id='word_1_485' title='bbox 731 2050 859 2077; x_wconf 83' lang='grc' dir='ltr'><strong>ἀποστεί-</strong></span> 
     </span>
    </p>
   </div>
   <div class='ocr_carea' id='block_1_71' title="bbox 77 2093 856 2130">
    <p class='ocr_par' dir='ltr' id='par_1_71' title="bbox 77 2093 856 2130">
     <span class='ocr_line' id='line_1_71' title="bbox 77 2093 856 2130; baseline 0.005 -12"><span class='ocrx_word' id='word_1_486' title='bbox 77 2093 173 2120; x_wconf 74' lang='grc' dir='ltr'>ελωσιν</span> <span class='ocrx_word' id='word_1_487' title='bbox 188 2102 196 2109; x_wconf 93' lang='grc'><strong>·</strong></span> <span class='ocrx_word' id='word_1_488' title='bbox 210 2096 286 2125; x_wconf 80' lang='grc' dir='ltr'>ὅπως</span> <span class='ocrx_word' id='word_1_489' title='bbox 312 2094 520 2129; x_wconf 77' lang='grc' dir='ltr'>φανερωθείσης</span> <span class='ocrx_word' id='word_1_490' title='bbox 550 2095 599 2129; x_wconf 82' lang='grc' dir='ltr'><strong>τῆς</strong></span> <span class='ocrx_word' id='word_1_491' title='bbox 632 2095 762 2130; x_wconf 81' lang='grc' dir='ltr'><strong>ἀληθείας</strong></span> <span class='ocrx_word' id='word_1_492' title='bbox 778 2114 786 2128; x_wconf 86' lang='grc'><strong><em>,</em></strong></span> <span class='ocrx_word' id='word_1_493' title='bbox 820 2095 856 2122; x_wconf 71' lang='grc' dir='ltr'><strong>τὰ</strong></span> 
     </span>
    </p>
   </div>
   <div class='ocr_carea' id='block_1_72' title="bbox 77 2139 859 2176">
    <p class='ocr_par' dir='ltr' id='par_1_72' title="bbox 77 2139 859 2176">
     <span class='ocr_line' id='line_1_72' title="bbox 77 2139 859 2176; baseline 0.003 -11"><span class='ocrx_word' id='word_1_494' title='bbox 77 2140 233 2173; x_wconf 73' lang='grc' dir='ltr'>ιιεφάλαια</span> <span class='ocrx_word' id='word_1_495' title='bbox 252 2139 353 2172; x_wconf 83' lang='grc' dir='ltr'><strong>ταῦτα,</strong></span> <span class='ocrx_word' id='word_1_496' title='bbox 385 2139 457 2174; x_wconf 77' lang='grc' dir='ltr'>ειπερ</span> <span class='ocrx_word' id='word_1_497' title='bbox 487 2140 516 2165; x_wconf 80' lang='grc' dir='ltr'><strong>ὲν</strong></span> <span class='ocrx_word' id='word_1_498' title='bbox 540 2140 579 2175; x_wconf 75' lang='grc' dir='ltr'><strong>τῷ</strong></span> <span class='ocrx_word' id='word_1_499' title='bbox 615 2141 828 2176; x_wconf 82' lang='grc' dir='ltr'>κομμονιτωριῳ</span> <span class='ocrx_word' id='word_1_500' title='bbox 845 2141 859 2167; x_wconf 88' lang='grc' dir='ltr'><strong>ό</strong></span> 
     </span>
    </p>
   </div>
   <div class='ocr_carea' id='block_1_73' title="bbox 78 2185 860 2220">
    <p class='ocr_par' dir='ltr' id='par_1_73' title="bbox 78 2185 860 2220">
     <span class='ocr_line' id='line_1_73' title="bbox 78 2185 860 2220; baseline 0.004 -11"><span class='ocrx_word' id='word_1_501' title='bbox 78 2194 85 2209; x_wconf 76' lang='grc' dir='ltr'><strong>ι</strong></span> <span class='ocrx_word' id='word_1_502' title='bbox 101 2185 209 2219; x_wconf 58' lang='grc' dir='ltr'><strong>ἀδελφξς</strong></span> <span class='ocrx_word' id='word_1_503' title='bbox 227 2185 275 2211; x_wconf 74' lang='grc' dir='ltr'><strong>καὶ</strong></span> <span class='ocrx_word' id='word_1_504' title='bbox 289 2186 492 2216; x_wconf 80' lang='grc' dir='ltr'>συνεπίσχοπος</span> <span class='ocrx_word' id='word_1_505' title='bbox 507 2185 586 2220; x_wconf 80' lang='grc' dir='ltr'>ἡμῶν</span> <span class='ocrx_word' id='word_1_506' title='bbox 613 2186 762 2218; x_wconf 79' lang='grc' dir='ltr'><strong>Φαυστῖνος</strong></span> <span class='ocrx_word' id='word_1_507' title='bbox 776 2187 821 2213; x_wconf 78' lang='grc' dir='ltr'><strong>καὶ</strong></span> <span class='ocrx_word' id='word_1_508' title='bbox 835 2187 860 2213; x_wconf 73' lang='grc' dir='ltr'><strong>οἱ</strong></span> 
     </span>
    </p>
   </div>
   <div class='ocr_carea' id='block_1_74' title="bbox 910 1575 1700 1624">
    <p class='ocr_par' dir='ltr' id='par_1_74' title="bbox 910 1575 1700 1624">
     <span class='ocr_line' id='line_1_74' title="bbox 910 1575 1700 1624; baseline -0.022 -8"><span class='ocrx_word' id='word_1_509' title='bbox 910 1600 919 1616; x_wconf 75' lang='grc' dir='ltr'><strong>ι</strong></span> <span class='ocrx_word' id='word_1_510' title='bbox 939 1575 1141 1624; x_wconf 63' lang='lat' dir='ltr'><strong>praecessorem,</strong></span> <span class='ocrx_word' id='word_1_511' title='bbox 1155 1583 1235 1610; x_wconf 87' lang='lat' dir='ltr'><strong>allata</strong></span> <span class='ocrx_word' id='word_1_512' title='bbox 1252 1585 1324 1608; x_wconf 86' lang='lat' dir='ltr'><strong>sunt:</strong></span> <span class='ocrx_word' id='word_1_513' title='bbox 1337 1583 1468 1614; x_wconf 62' lang='lat' dir='ltr'><strong>pratterea</strong></span> <span class='ocrx_word' id='word_1_514' title='bbox 1477 1581 1504 1604; x_wconf 87' lang='lat' dir='ltr'><strong>et</strong></span> <span class='ocrx_word' id='word_1_515' title='bbox 1517 1583 1576 1610; x_wconf 81' lang='lat' dir='ltr'><strong>quae</strong></span> <span class='ocrx_word' id='word_1_516' title='bbox 1585 1575 1626 1601; x_wconf 79' lang='lat' dir='ltr'><strong>his</strong></span> <span class='ocrx_word' id='word_1_517' title='bbox 1634 1581 1700 1600; x_wconf 90' lang='lat' dir='ltr'><strong>con-</strong></span> 
     </span>
    </p>
   </div>
   <div class='ocr_carea' id='block_1_75' title="bbox 909 1623 1700 1668">
    <p class='ocr_par' dir='ltr' id='par_1_75' title="bbox 909 1623 1700 1668">
     <span class='ocr_line' id='line_1_75' title="bbox 909 1623 1700 1668; baseline -0.021 -7"><span class='ocrx_word' id='word_1_518' title='bbox 909 1644 918 1661; x_wconf 76' lang='grc'><strong>(</strong></span> <span class='ocrx_word' id='word_1_519' title='bbox 934 1632 1075 1668; x_wconf 83' lang='lat' dir='ltr'><strong>sequentia</strong></span> <span class='ocrx_word' id='word_1_520' title='bbox 1089 1630 1133 1657; x_wconf 93' lang='lat' dir='ltr'><strong>hic</strong></span> <span class='ocrx_word' id='word_1_521' title='bbox 1142 1627 1286 1657; x_wconf 88' lang='lat' dir='ltr'><strong>constituta</strong></span> <span class='ocrx_word' id='word_1_522' title='bbox 1294 1630 1366 1656; x_wconf 88' lang='lat' dir='ltr'><strong>sunt,</strong></span> <span class='ocrx_word' id='word_1_523' title='bbox 1374 1629 1401 1650; x_wconf 86' lang='lat' dir='ltr'><strong>et</strong></span> <span class='ocrx_word' id='word_1_524' title='bbox 1411 1631 1481 1651; x_wconf 86' lang='lat' dir='ltr'><strong>nunc</strong></span> <span class='ocrx_word' id='word_1_525' title='bbox 1489 1623 1569 1649; x_wconf 86' lang='lat' dir='ltr'><strong>etiam</strong></span> <span class='ocrx_word' id='word_1_526' title='bbox 1578 1626 1700 1647; x_wconf 90' lang='lat' dir='ltr'><strong>commu-</strong></span> 
     </span>
    </p>
   </div>
   <div class='ocr_carea' id='block_1_76' title="bbox 912 1665 1700 1706">
    <p class='ocr_par' dir='ltr' id='par_1_76' title="bbox 912 1665 1700 1706">
     <span class='ocr_line' id='line_1_76' title="bbox 912 1665 1700 1706; baseline -0.019 0"><span class='ocrx_word' id='word_1_527' title='bbox 912 1690 921 1706; x_wconf 77' lang='grc' dir='ltr'><strong>ι</strong></span> <span class='ocrx_word' id='word_1_528' title='bbox 942 1665 1125 1706; x_wconf 45' lang='lat' dir='ltr'><strong>tri-consensu</strong></span> <span class='ocrx_word' id='word_1_529' title='bbox 1141 1683 1156 1702; x_wconf 87' lang='lat' dir='ltr'><strong>a</strong></span> <span class='ocrx_word' id='word_1_530' title='bbox 1173 1674 1250 1702; x_wconf 86' lang='lat' dir='ltr'><strong>nobis</strong></span> <span class='ocrx_word' id='word_1_531' title='bbox 1268 1676 1332 1700; x_wconf 88' lang='lat' dir='ltr'><strong>sttnt</strong></span> <span class='ocrx_word' id='word_1_532' title='bbox 1345 1672 1465 1703; x_wconf 86' lang='lat' dir='ltr'><strong>decreta,</strong></span> <span class='ocrx_word' id='word_1_533' title='bbox 1483 1669 1524 1696; x_wconf 88' lang='lat' dir='ltr'><strong>his</strong></span> <span class='ocrx_word' id='word_1_534' title='bbox 1534 1665 1700 1694; x_wconf 74' lang='lat' dir='ltr'><strong>ecclesiasti-</strong></span> 
     </span>
    </p>
   </div>
   <div class='ocr_carea' id='block_1_77' title="bbox 909 1710 1698 1752">
    <p class='ocr_par' dir='ltr' id='par_1_77' title="bbox 909 1710 1698 1752">
     <span class='ocr_line' id='line_1_77' title="bbox 909 1710 1698 1752; baseline -0.022 1"><span class='ocrx_word' id='word_1_535' title='bbox 909 1735 919 1752; x_wconf 72' lang='grc' dir='ltr'><strong>ι</strong></span> <span class='ocrx_word' id='word_1_536' title='bbox 936 1725 975 1752; x_wconf 91' lang='lat' dir='ltr'><strong>cis</strong></span> <span class='ocrx_word' id='word_1_537' title='bbox 990 1723 1057 1751; x_wconf 88' lang='lat' dir='ltr'><strong>actis</strong></span> <span class='ocrx_word' id='word_1_538' title='bbox 1069 1724 1171 1750; x_wconf 89' lang='lat' dir='ltr'><strong>inserta</strong></span> <span class='ocrx_word' id='word_1_539' title='bbox 1190 1722 1333 1750; x_wconf 85' lang='lat' dir='ltr'><strong>maneant;</strong></span> <span class='ocrx_word' id='word_1_540' title='bbox 1349 1717 1371 1744; x_wconf 87' lang='lat' dir='ltr'><strong>si</strong></span> <span class='ocrx_word' id='word_1_541' title='bbox 1387 1720 1476 1743; x_wconf 87' lang='lat' dir='ltr'><strong>vestra</strong></span> <span class='ocrx_word' id='word_1_542' title='bbox 1493 1713 1595 1741; x_wconf 89' lang='lat' dir='ltr'><strong>scilicet</strong></span> <span class='ocrx_word' id='word_1_543' title='bbox 1612 1710 1698 1738; x_wconf 81' lang='lat' dir='ltr'><strong>beati-</strong></span> 
     </span>
    </p>
   </div>
   <div class='ocr_carea' id='block_1_78' title="bbox 911 1755 1699 1801">
    <p class='ocr_par' dir='ltr' id='par_1_78' title="bbox 911 1755 1699 1801">
     <span class='ocr_line' id='line_1_78' title="bbox 911 1755 1699 1801; baseline -0.022 -3"><span class='ocrx_word' id='word_1_544' title='bbox 911 1781 920 1797; x_wconf 80' lang='grc' dir='ltr'><strong>ι</strong></span> <span class='ocrx_word' id='word_1_545' title='bbox 938 1771 1013 1801; x_wconf 80' lang='lat' dir='ltr'><strong>ludo,</strong></span> <span class='ocrx_word' id='word_1_546' title='bbox 1030 1773 1058 1796; x_wconf 89' lang='lat' dir='ltr'><strong>ttt</strong></span> <span class='ocrx_word' id='word_1_547' title='bbox 1075 1773 1137 1794; x_wconf 89' lang='lat' dir='ltr'><strong>ante</strong></span> <span class='ocrx_word' id='word_1_548' title='bbox 1148 1768 1248 1794; x_wconf 86' lang='lat' dir='ltr'><strong>dictum</strong></span> <span class='ocrx_word' id='word_1_549' title='bbox 1263 1769 1313 1797; x_wconf 83' lang='lat' dir='ltr'><strong>est,</strong></span> <span class='ocrx_word' id='word_1_550' title='bbox 1328 1763 1362 1790; x_wconf 90' lang='lat' dir='ltr'><strong>ad</strong></span> <span class='ocrx_word' id='word_1_551' title='bbox 1377 1760 1547 1789; x_wconf 67' lang='lat' dir='ltr'><strong>venerabiles</strong></span> <span class='ocrx_word' id='word_1_552' title='bbox 1564 1755 1699 1785; x_wconf 75' lang='lat' dir='ltr'><strong>Ecclesia-</strong></span> 
     </span>
    </p>
   </div>
   <div class='ocr_carea' id='block_1_79' title="bbox 910 1803 1700 1849">
    <p class='ocr_par' dir='ltr' id='par_1_79' title="bbox 910 1803 1700 1849">
     <span class='ocr_line' id='line_1_79' title="bbox 910 1803 1700 1849; baseline -0.023 -4"><span class='ocrx_word' id='word_1_553' title='bbox 910 1827 920 1844; x_wconf 85' lang='grc'><strong><em>‹</em></strong></span> <span class='ocrx_word' id='word_1_554' title='bbox 934 1825 1004 1849; x_wconf 84' lang='lat' dir='ltr'><strong>rum,</strong></span> <span class='ocrx_word' id='word_1_555' title='bbox 1014 1816 1198 1845; x_wconf 73' lang='lat' dir='ltr'><strong>Antiochense,</strong></span> <span class='ocrx_word' id='word_1_556' title='bbox 1211 1810 1376 1838; x_wconf 83' lang='lat' dir='ltr'><strong>Alexandrin</strong></span> <span class='ocrx_word' id='word_1_557' title='bbox 1384 1815 1402 1835; x_wconf 75' lang='lat' dir='ltr'><strong>3e</strong></span> <span class='ocrx_word' id='word_1_558' title='bbox 1413 1812 1439 1834; x_wconf 91' lang='lat' dir='ltr'><strong>et</strong></span> <span class='ocrx_word' id='word_1_559' title='bbox 1450 1803 1672 1838; x_wconf 83' lang='lat' dir='ltr'><strong>Constantinopol</strong></span> <span class='ocrx_word' id='word_1_560' title='bbox 1680 1803 1700 1828; x_wconf 76' lang='lat' dir='ltr'><strong>i-</strong></span> 
     </span>
    </p>
   </div>
   <div class='ocr_carea' id='block_1_80' title="bbox 913 1849 1700 1895">
    <p class='ocr_par' dir='ltr' id='par_1_80' title="bbox 913 1849 1700 1895">
     <span class='ocr_line' id='line_1_80' title="bbox 913 1849 1700 1895; baseline -0.02 -5"><span class='ocrx_word' id='word_1_561' title='bbox 913 1872 923 1890; x_wconf 77' lang='grc'><strong>(</strong></span> <span class='ocrx_word' id='word_1_562' title='bbox 939 1868 1008 1890; x_wconf 77' lang='lat' dir='ltr'><strong>lanae</strong></span> <span class='ocrx_word' id='word_1_563' title='bbox 1021 1861 1161 1895; x_wconf 85' lang='lat' dir='ltr'><strong>episcopos</strong></span> <span class='ocrx_word' id='word_1_564' title='bbox 1173 1858 1299 1891; x_wconf 69' lang='lat' dir='ltr'><strong>dignetur</strong></span> <span class='ocrx_word' id='word_1_565' title='bbox 1314 1853 1476 1885; x_wconf 68' lang='lat' dir='ltr'><strong>scribere,u&#39;t</strong></span> <span class='ocrx_word' id='word_1_566' title='bbox 1492 1851 1635 1879; x_wconf 83' lang='lat' dir='ltr'><strong>verissima</strong></span> <span class='ocrx_word' id='word_1_567' title='bbox 1650 1849 1700 1875; x_wconf 80' lang='lat' dir='ltr'><strong>Ni-</strong></span> 
     </span>
    </p>
   </div>
   <div class='ocr_carea' id='block_1_81' title="bbox 912 1900 1699 1945">
    <p class='ocr_par' dir='ltr' id='par_1_81' title="bbox 912 1900 1699 1945">
     <span class='ocr_line' id='line_1_81' title="bbox 912 1900 1699 1945; baseline -0.018 -8"><span class='ocrx_word' id='word_1_568' title='bbox 912 1918 1007 1939; x_wconf 57' lang='lat' dir='ltr'><strong>«ciente</strong></span> <span class='ocrx_word' id='word_1_569' title='bbox 1016 1908 1110 1945; x_wconf 88' lang='lat' dir='ltr'><strong>synodi</strong></span> <span class='ocrx_word' id='word_1_570' title='bbox 1121 1905 1285 1941; x_wconf 80' lang='lat' dir='ltr'><strong>exemplaria</strong></span> <span class='ocrx_word' id='word_1_571' title='bbox 1295 1912 1355 1931; x_wconf 90' lang='lat' dir='ltr'><strong>cum</strong></span> <span class='ocrx_word' id='word_1_572' title='bbox 1368 1902 1536 1937; x_wconf 89' lang='lat' dir='ltr'><strong>propriarum</strong></span> <span class='ocrx_word' id='word_1_573' title='bbox 1547 1900 1699 1926; x_wconf 88' lang='lat' dir='ltr'><strong>litterarum</strong></span> 
     </span>
    </p>
   </div>
   <div class='ocr_carea' id='block_1_82' title="bbox 913 1942 1699 1988">
    <p class='ocr_par' dir='ltr' id='par_1_82' title="bbox 913 1942 1699 1988">
     <span class='ocr_line' id='line_1_82' title="bbox 913 1942 1699 1988; baseline -0.017 -8"><span class='ocrx_word' id='word_1_574' title='bbox 913 1965 922 1980; x_wconf 70' lang='lat' dir='ltr'><strong><em>c</em></strong></span> <span class='ocrx_word' id='word_1_575' title='bbox 939 1942 1124 1988; x_wconf 68' lang='lat' dir='ltr'><strong>obsignatione</strong></span> <span class='ocrx_word' id='word_1_576' title='bbox 1135 1951 1254 1978; x_wconf 86' lang='lat' dir='ltr'><strong>mittant:</strong></span> <span class='ocrx_word' id='word_1_577' title='bbox 1267 1957 1319 1983; x_wconf 89' lang='lat' dir='ltr'><strong>quo</strong></span> <span class='ocrx_word' id='word_1_578' title='bbox 1330 1948 1446 1974; x_wconf 80' lang='lat' dir='ltr'><strong>veritate</strong></span> <span class='ocrx_word' id='word_1_579' title='bbox 1456 1944 1626 1973; x_wconf 85' lang='lat' dir='ltr'><strong>manifestata</strong></span> <span class='ocrx_word' id='word_1_580' title='bbox 1642 1942 1699 1968; x_wconf 69' lang='lat' dir='ltr'><strong>haec</strong></span> 
     </span>
    </p>
   </div>
   <div class='ocr_carea' id='block_1_83' title="bbox 915 1990 1700 2034">
    <p class='ocr_par' dir='ltr' id='par_1_83' title="bbox 915 1990 1700 2034">
     <span class='ocr_line' id='line_1_83' title="bbox 915 1990 1700 2034; baseline -0.015 -7"><span class='ocrx_word' id='word_1_581' title='bbox 915 2011 924 2027; x_wconf 80' lang='grc' dir='ltr'><strong>ι</strong></span> <span class='ocrx_word' id='word_1_582' title='bbox 946 2001 1046 2034; x_wconf 86' lang='lat' dir='ltr'><strong>capita,</strong></span> <span class='ocrx_word' id='word_1_583' title='bbox 1061 1998 1158 2033; x_wconf 79' lang='lat' dir='ltr'><strong>qluein</strong></span> <span class='ocrx_word' id='word_1_584' title='bbox 1171 1994 1377 2024; x_wconf 79' lang='lat' dir='ltr'><strong>coutmonitorio</strong></span> <span class='ocrx_word' id='word_1_585' title='bbox 1387 1993 1471 2020; x_wconf 81' lang='lat' dir='ltr'><strong>frater</strong></span> <span class='ocrx_word' id='word_1_586' title='bbox 1485 1997 1512 2019; x_wconf 86' lang='lat' dir='ltr'><strong>et</strong></span> <span class='ocrx_word' id='word_1_587' title='bbox 1522 1990 1700 2025; x_wconf 85' lang='lat' dir='ltr'><strong>coepiscopus</strong></span> 
     </span>
    </p>
   </div>
   <div class='ocr_carea' id='block_1_84' title="bbox 914 2037 1701 2077">
    <p class='ocr_par' dir='ltr' id='par_1_84' title="bbox 914 2037 1701 2077">
     <span class='ocr_line' id='line_1_84' title="bbox 914 2037 1701 2077; baseline -0.017 -2"><span class='ocrx_word' id='word_1_588' title='bbox 914 2058 924 2075; x_wconf 83' lang='grc' dir='ltr'><strong>ι</strong></span> <span class='ocrx_word' id='word_1_589' title='bbox 940 2052 1031 2075; x_wconf 81' lang='lat' dir='ltr'><strong>noster</strong></span> <span class='ocrx_word' id='word_1_590' title='bbox 1040 2045 1183 2073; x_wconf 85' lang='lat' dir='ltr'><strong>Faustinus</strong></span> <span class='ocrx_word' id='word_1_591' title='bbox 1189 2049 1215 2071; x_wconf 87' lang='lat' dir='ltr'><strong>et</strong></span> <span class='ocrx_word' id='word_1_592' title='bbox 1222 2040 1432 2077; x_wconf 84' lang='lat' dir='ltr'><strong>compresbyleri</strong></span> <span class='ocrx_word' id='word_1_593' title='bbox 1443 2038 1580 2073; x_wconf 84' lang='lat' dir='ltr'><strong>Philippus</strong></span> <span class='ocrx_word' id='word_1_594' title='bbox 1589 2041 1615 2064; x_wconf 91' lang='lat' dir='ltr'><strong>et</strong></span> <span class='ocrx_word' id='word_1_595' title='bbox 1625 2037 1701 2063; x_wconf 80' lang='lat' dir='ltr'><strong>Asel-</strong></span> 
     </span>
    </p>
   </div>
   <div class='ocr_carea' id='block_1_85' title="bbox 913 2083 1701 2121">
    <p class='ocr_par' dir='ltr' id='par_1_85' title="bbox 913 2083 1701 2121">
     <span class='ocr_line' id='line_1_85' title="bbox 913 2083 1701 2121; baseline -0.016 0"><span class='ocrx_word' id='word_1_596' title='bbox 913 2104 922 2121; x_wconf 85' lang='lat'><strong>(</strong></span> <span class='ocrx_word' id='word_1_597' title='bbox 939 2094 982 2121; x_wconf 91' lang='lat' dir='ltr'><strong>lus</strong></span> <span class='ocrx_word' id='word_1_598' title='bbox 990 2100 1080 2120; x_wconf 88' lang='lat' dir='ltr'><strong>secum</strong></span> <span class='ocrx_word' id='word_1_599' title='bbox 1096 2091 1255 2121; x_wconf 86' lang='lat' dir='ltr'><strong>attulerunt,</strong></span> <span class='ocrx_word' id='word_1_600' title='bbox 1268 2089 1310 2116; x_wconf 86' lang='lat' dir='ltr'><strong>vel</strong></span> <span class='ocrx_word' id='word_1_601' title='bbox 1324 2087 1377 2116; x_wconf 85' lang='lat' dir='ltr'><strong>illic</strong></span> <span class='ocrx_word' id='word_1_602' title='bbox 1392 2087 1502 2113; x_wconf 88' lang='lat' dir='ltr'><strong>inventa</strong></span> <span class='ocrx_word' id='word_1_603' title='bbox 1514 2092 1528 2111; x_wconf 92' lang='lat' dir='ltr'><strong>a</strong></span> <span class='ocrx_word' id='word_1_604' title='bbox 1542 2083 1619 2111; x_wconf 88' lang='lat' dir='ltr'><strong>nobis</strong></span> <span class='ocrx_word' id='word_1_605' title='bbox 1635 2090 1701 2110; x_wconf 87' lang='lat' dir='ltr'><strong>con-</strong></span> 
     </span>
    </p>
   </div>
   <div class='ocr_carea' id='block_1_86' title="bbox 915 2129 1701 2170">
    <p class='ocr_par' dir='ltr' id='par_1_86' title="bbox 915 2129 1701 2170">
     <span class='ocr_line' id='line_1_86' title="bbox 915 2129 1701 2170; baseline -0.015 -3"><span class='ocrx_word' id='word_1_606' title='bbox 915 2137 1132 2170; x_wconf 81' lang='lat' dir='ltr'><strong>tfirmentur;vel</strong></span> <span class='ocrx_word' id='word_1_607' title='bbox 1143 2137 1166 2164; x_wconf 89' lang='lat' dir='ltr'><strong>si</strong></span> <span class='ocrx_word' id='word_1_608' title='bbox 1182 2143 1234 2163; x_wconf 89' lang='lat' dir='ltr'><strong>non</strong></span> <span class='ocrx_word' id='word_1_609' title='bbox 1251 2136 1361 2162; x_wconf 80' lang='lat' dir='ltr'><strong>iuvcnla</strong></span> <span class='ocrx_word' id='word_1_610' title='bbox 1375 2133 1485 2165; x_wconf 86' lang='lat' dir='ltr'><strong>fuerint,</strong></span> <span class='ocrx_word' id='word_1_611' title='bbox 1506 2135 1600 2158; x_wconf 81' lang='lat' dir='ltr'><strong>coacta</strong></span> <span class='ocrx_word' id='word_1_612' title='bbox 1612 2129 1701 2156; x_wconf 84' lang='lat' dir='ltr'><strong>adhuc</strong></span> 
     </span>
    </p>
   </div>
   <div class='ocr_carea' id='block_1_87' title="bbox 912 2180 1473 2220">
    <p class='ocr_par' dir='ltr' id='par_1_87' title="bbox 912 2180 1473 2220">
     <span class='ocr_line' id='line_1_87' title="bbox 912 2180 1473 2220; baseline -0.016 -8"><span class='ocrx_word' id='word_1_613' title='bbox 912 2195 922 2212; x_wconf 75' lang='grc' dir='ltr'><strong>ι</strong></span> <span class='ocrx_word' id='word_1_614' title='bbox 938 2185 1040 2220; x_wconf 85' lang='lat' dir='ltr'><strong>synodo</strong></span> <span class='ocrx_word' id='word_1_615' title='bbox 1056 2184 1089 2210; x_wconf 85' lang='lat' dir='ltr'><strong>tle</strong></span> <span class='ocrx_word' id='word_1_616' title='bbox 1103 2183 1136 2210; x_wconf 91' lang='lat' dir='ltr'><strong>iis</strong></span> <span class='ocrx_word' id='word_1_617' title='bbox 1154 2190 1247 2209; x_wconf 83' lang='lat' dir='ltr'><strong>rursus</strong></span> <span class='ocrx_word' id='word_1_618' title='bbox 1265 2180 1443 2215; x_wconf 86' lang='lat' dir='ltr'><strong>iuquiramtts.</strong></span> <span class='ocrx_word' id='word_1_619' title='bbox 1463 2187 1473 2203; x_wconf 74' lang='grc' dir='ltr'><strong>ι</strong></span> 
     </span>
    </p>
   </div>
   <div class='ocr_carea' id='block_1_88' title="bbox 78 2221 1700 2268">
    <p class='ocr_par' dir='ltr' id='par_1_88' title="bbox 78 2221 1700 2268">
     <span class='ocr_line' id='line_1_88' title="bbox 78 2221 1700 2268; baseline -0.004 -12"><span class='ocrx_word' id='word_1_620' title='bbox 78 2230 337 2266; x_wconf 72' lang='grc' dir='ltr'>(συμπρεσϐύτεροι</span> <span class='ocrx_word' id='word_1_621' title='bbox 368 2231 503 2262; x_wconf 78' lang='grc' dir='ltr'>Φίλιππος</span> <span class='ocrx_word' id='word_1_622' title='bbox 544 2233 591 2259; x_wconf 77' lang='grc' dir='ltr'>καὶ</span> <span class='ocrx_word' id='word_1_623' title='bbox 632 2232 761 2265; x_wconf 80' lang='grc' dir='ltr'><strong>’Δσελλος</strong></span> <span class='ocrx_word' id='word_1_624' title='bbox 798 2233 858 2268; x_wconf 68' lang='grc' dir='ltr'><strong>μεθ’</strong></span> <span class='ocrx_word' id='word_1_625' title='bbox 893 2231 997 2258; x_wconf 76' lang='grc' dir='ltr'><strong>ἑαυτῶν</strong></span> <span class='ocrx_word' id='word_1_626' title='bbox 1030 2230 1145 2265; x_wconf 76' lang='grc' dir='ltr'>ἤγαγον,</span> <span class='ocrx_word' id='word_1_627' title='bbox 1178 2228 1194 2263; x_wconf 83' lang='grc' dir='ltr'>ἢ</span> <span class='ocrx_word' id='word_1_628' title='bbox 1236 2227 1296 2253; x_wconf 80' lang='grc' dir='ltr'><strong>ἐκεῖ</strong></span> <span class='ocrx_word' id='word_1_629' title='bbox 1322 2225 1517 2261; x_wconf 82' lang='grc' dir='ltr'><strong>εὑρισκόμενα,</strong></span> <span class='ocrx_word' id='word_1_630' title='bbox 1547 2223 1592 2257; x_wconf 81' lang='grc' dir='ltr'><strong>ἀφ’</strong></span> <span class='ocrx_word' id='word_1_631' title='bbox 1621 2221 1700 2258; x_wconf 78' lang='grc' dir='ltr'><strong>ἡμῶν</strong></span> 
     </span>
    </p>
   </div>
   <div class='ocr_carea' id='block_1_89' title="bbox 77 2273 1587 2316">
    <p class='ocr_par' dir='ltr' id='par_1_89' title="bbox 77 2273 1587 2316">
     <span class='ocr_line' id='line_1_89' title="bbox 77 2273 1587 2316; baseline -0.005 -11"><span class='ocrx_word' id='word_1_632' title='bbox 77 2288 85 2303; x_wconf 78' lang='grc' dir='ltr'>ι</span> <span class='ocrx_word' id='word_1_633' title='bbox 101 2280 256 2314; x_wconf 67' lang='grc' dir='ltr'>κνρωθῶσιν</span> <span class='ocrx_word' id='word_1_634' title='bbox 268 2289 276 2296; x_wconf 70' lang='grc' dir='ltr'>υ</span> <span class='ocrx_word' id='word_1_635' title='bbox 290 2281 307 2314; x_wconf 81' lang='grc' dir='ltr'>ἢ</span> <span class='ocrx_word' id='word_1_636' title='bbox 323 2279 370 2306; x_wconf 77' lang='grc' dir='ltr'><strong>ἐὰν</strong></span> <span class='ocrx_word' id='word_1_637' title='bbox 392 2280 429 2315; x_wconf 85' lang='grc' dir='ltr'>μὴ</span> <span class='ocrx_word' id='word_1_638' title='bbox 441 2279 587 2315; x_wconf 83' lang='grc' dir='ltr'>εὐρεθῶσι,</span> <span class='ocrx_word' id='word_1_639' title='bbox 620 2280 794 2316; x_wconf 80' lang='grc' dir='ltr'>συνηγμένης</span> <span class='ocrx_word' id='word_1_640' title='bbox 809 2281 849 2307; x_wconf 72' lang='grc' dir='ltr'><strong>ἔτι</strong></span> <span class='ocrx_word' id='word_1_641' title='bbox 883 2280 932 2314; x_wconf 76' lang='grc' dir='ltr'><strong>τῆς</strong></span> <span class='ocrx_word' id='word_1_642' title='bbox 947 2277 1056 2304; x_wconf 83' lang='grc' dir='ltr'>συνόδου</span> <span class='ocrx_word' id='word_1_643' title='bbox 1068 2276 1132 2312; x_wconf 71' lang='grc' dir='ltr'>περὶ</span> <span class='ocrx_word' id='word_1_644' title='bbox 1146 2274 1248 2302; x_wconf 81' lang='grc' dir='ltr'><strong>τούτων</strong></span> <span class='ocrx_word' id='word_1_645' title='bbox 1262 2274 1326 2308; x_wconf 78' lang='grc' dir='ltr'><strong>ἑξῆς</strong></span> <span class='ocrx_word' id='word_1_646' title='bbox 1352 2273 1559 2308; x_wconf 81' lang='grc' dir='ltr'><strong>συζητήσωμεν.</strong></span> <span class='ocrx_word' id='word_1_647' title='bbox 1577 2281 1587 2298; x_wconf 70' lang='grc' dir='ltr'><strong>ι</strong></span> 
     </span>
    </p>
   </div>
   <div class='ocr_carea' id='block_1_90' title="bbox 105 2326 896 2371">
    <p class='ocr_par' dir='ltr' id='par_1_90' title="bbox 105 2326 896 2371">
     <span class='ocr_line' id='line_1_90' title="bbox 105 2326 896 2371; baseline -0.001 -9"><span class='ocrx_word' id='word_1_648' title='bbox 105 2336 225 2364; x_wconf 76' lang='grc' dir='ltr'><strong>ΖΩΝΑΡ.</strong></span> <span class='ocrx_word' id='word_1_649' title='bbox 243 2336 299 2362; x_wconf 78' lang='grc' dir='ltr'><strong>Καὶ</strong></span> <span class='ocrx_word' id='word_1_650' title='bbox 313 2336 326 2362; x_wconf 88' lang='grc' dir='ltr'><strong>ό</strong></span> <span class='ocrx_word' id='word_1_651' title='bbox 343 2335 434 2362; x_wconf 76' lang='grc' dir='ltr'>κανὼν</span> <span class='ocrx_word' id='word_1_652' title='bbox 447 2336 461 2360; x_wconf 82' lang='grc' dir='ltr'>ὁ</span> <span class='ocrx_word' id='word_1_653' title='bbox 495 2336 652 2371; x_wconf 72' lang='grc' dir='ltr'>εἰρημένος,</span> <span class='ocrx_word' id='word_1_654' title='bbox 680 2336 718 2368; x_wconf 84' lang='grc' dir='ltr'><strong>ὡς</strong></span> <span class='ocrx_word' id='word_1_655' title='bbox 746 2337 796 2371; x_wconf 80' lang='grc' dir='ltr'><strong>τῆς</strong></span> <span class='ocrx_word' id='word_1_656' title='bbox 827 2336 855 2362; x_wconf 73' lang='grc' dir='ltr'>ἔν</span> <span class='ocrx_word' id='word_1_657' title='bbox 869 2326 896 2356; x_wconf 82' lang='grc' dir='ltr'><strong>Ῑ)</strong></span> 
     </span>
    </p>
   </div>
   <div class='ocr_carea' id='block_1_91' title="bbox 75 2380 858 2417">
    <p class='ocr_par' dir='ltr' id='par_1_91' title="bbox 75 2380 858 2417">
     <span class='ocr_line' id='line_1_91' title="bbox 75 2380 858 2417; baseline 0.001 -11"><span class='ocrx_word' id='word_1_658' title='bbox 75 2380 168 2417; x_wconf 75' lang='grc' dir='ltr'>Νικαίᾳ</span> <span class='ocrx_word' id='word_1_659' title='bbox 185 2383 382 2416; x_wconf 78' lang='grc' dir='ltr'><strong>οἰκουμενικῆς</strong></span> <span class='ocrx_word' id='word_1_660' title='bbox 398 2381 520 2414; x_wconf 79' lang='grc' dir='ltr'>συνόδου,</span> <span class='ocrx_word' id='word_1_661' title='bbox 537 2382 684 2417; x_wconf 82' lang='grc' dir='ltr'>προετέθη.</span> <span class='ocrx_word' id='word_1_662' title='bbox 710 2382 755 2408; x_wconf 81' lang='grc' dir='ltr'><strong>Διὸ</strong></span> <span class='ocrx_word' id='word_1_663' title='bbox 781 2381 829 2408; x_wconf 76' lang='grc' dir='ltr'><strong>καὶ</strong></span> <span class='ocrx_word' id='word_1_664' title='bbox 844 2382 858 2407; x_wconf 84' lang='grc' dir='ltr'><strong>ό</strong></span> 
     </span>
    </p>
   </div>
   <div class='ocr_carea' id='block_1_92' title="bbox 74 2425 859 2460">
    <p class='ocr_par' dir='ltr' id='par_1_92' title="bbox 74 2425 859 2460">
     <span class='ocr_line' id='line_1_92' title="bbox 74 2425 859 2460; baseline 0.003 -10"><span class='ocrx_word' id='word_1_665' title='bbox 74 2426 214 2456; x_wconf 74' lang='grc' dir='ltr'>ἐπίσκοπος</span> <span class='ocrx_word' id='word_1_666' title='bbox 228 2425 410 2458; x_wconf 70' lang='grc' dir='ltr'><strong>Αὐγουστίνοξ</strong></span> <span class='ocrx_word' id='word_1_667' title='bbox 423 2426 593 2460; x_wconf 79' lang='grc' dir='ltr'>φυλαχθῆναι</span> <span class='ocrx_word' id='word_1_668' title='bbox 609 2426 655 2452; x_wconf 77' lang='grc' dir='ltr'><strong>τὸν</strong></span> <span class='ocrx_word' id='word_1_669' title='bbox 675 2426 773 2452; x_wconf 75' lang='grc' dir='ltr'><strong>κανόνα</strong></span> <span class='ocrx_word' id='word_1_670' title='bbox 791 2434 859 2453; x_wconf 82' lang='grc' dir='ltr'><strong>κατ-</strong></span> 
     </span>
    </p>
   </div>
   <div class='ocr_carea' id='block_1_93' title="bbox 73 2467 859 2506">
    <p class='ocr_par' dir='ltr' id='par_1_93' title="bbox 73 2467 859 2506">
     <span class='ocr_line' id='line_1_93' title="bbox 73 2467 859 2506; baseline 0.006 -13"><span class='ocrx_word' id='word_1_671' title='bbox 73 2467 152 2500; x_wconf 80' lang='grc' dir='ltr'><strong>έθετο,</strong></span> <span class='ocrx_word' id='word_1_672' title='bbox 188 2469 347 2504; x_wconf 79' lang='grc' dir='ltr'>σωζομένης</span> <span class='ocrx_word' id='word_1_673' title='bbox 364 2469 456 2504; x_wconf 75' lang='grc' dir='ltr'>μέντοι</span> <span class='ocrx_word' id='word_1_674' title='bbox 475 2470 527 2504; x_wconf 86' lang='grc' dir='ltr'><strong>τῆς</strong></span> <span class='ocrx_word' id='word_1_675' title='bbox 540 2471 755 2506; x_wconf 72' lang='grc' dir='ltr'>ἐπιμελεστέρας</span> <span class='ocrx_word' id='word_1_676' title='bbox 774 2470 859 2506; x_wconf 80' lang='grc' dir='ltr'><strong>ζητή-</strong></span> 
     </span>
    </p>
   </div>
   <div class='ocr_carea' id='block_1_94' title="bbox 74 2515 855 2551">
    <p class='ocr_par' dir='ltr' id='par_1_94' title="bbox 74 2515 855 2551">
     <span class='ocr_line' id='line_1_94' title="bbox 74 2515 855 2551; baseline 0.003 -12"><span class='ocrx_word' id='word_1_677' title='bbox 74 2521 135 2545; x_wconf 80' lang='grc' dir='ltr'>σεως</span> <span class='ocrx_word' id='word_1_678' title='bbox 147 2515 207 2549; x_wconf 75' lang='grc' dir='ltr'><strong>ἧτοι</strong></span> <span class='ocrx_word' id='word_1_679' title='bbox 225 2515 380 2546; x_wconf 75' lang='grc' dir='ltr'><strong>ἐξετάσεως</strong></span> <span class='ocrx_word' id='word_1_680' title='bbox 393 2515 442 2550; x_wconf 84' lang='grc' dir='ltr'><strong>τῆς</strong></span> <span class='ocrx_word' id='word_1_681' title='bbox 450 2516 479 2542; x_wconf 78' lang='grc' dir='ltr'><strong>ὲν</strong></span> <span class='ocrx_word' id='word_1_682' title='bbox 499 2516 602 2551; x_wconf 80' lang='grc' dir='ltr'>Νικαίᾳ</span> <span class='ocrx_word' id='word_1_683' title='bbox 633 2517 753 2548; x_wconf 78' lang='grc' dir='ltr'>συνόδου.</span> <span class='ocrx_word' id='word_1_684' title='bbox 784 2516 855 2543; x_wconf 83' lang='grc' dir='ltr'><strong>ὥστε</strong></span> 
     </span>
    </p>
   </div>
   <div class='ocr_carea' id='block_1_95' title="bbox 76 2559 856 2597">
    <p class='ocr_par' dir='ltr' id='par_1_95' title="bbox 76 2559 856 2597">
     <span class='ocr_line' id='line_1_95' title="bbox 76 2559 856 2597; baseline 0.003 -12"><span class='ocrx_word' id='word_1_685' title='bbox 76 2559 254 2595; x_wconf 79' lang='grc' dir='ltr'><strong>φυλαχθῆναι,</strong></span> <span class='ocrx_word' id='word_1_686' title='bbox 270 2561 354 2593; x_wconf 79' lang='grc' dir='ltr'><strong>εἱτῆς</strong></span> <span class='ocrx_word' id='word_1_687' title='bbox 381 2561 492 2588; x_wconf 83' lang='grc' dir='ltr'>συνόδου</span> <span class='ocrx_word' id='word_1_688' title='bbox 508 2563 612 2597; x_wconf 78' lang='grc' dir='ltr'><strong>ταύτης</strong></span> <span class='ocrx_word' id='word_1_689' title='bbox 639 2563 715 2589; x_wconf 71' lang='grc' dir='ltr'><strong>ἐστί·</strong></span> <span class='ocrx_word' id='word_1_690' title='bbox 748 2563 795 2589; x_wconf 77' lang='grc' dir='ltr'><strong>καὶ</strong></span> <span class='ocrx_word' id='word_1_691' title='bbox 827 2563 856 2588; x_wconf 44' lang='grc' dir='ltr'><strong>»οἱ</strong></span> 
     </span>
    </p>
   </div>
   <div class='ocr_carea' id='block_1_96' title="bbox 77 2605 857 2644">
    <p class='ocr_par' dir='ltr' id='par_1_96' title="bbox 77 2605 857 2644">
     <span class='ocr_line' id='line_1_96' title="bbox 77 2605 857 2644; baseline 0.005 -13"><span class='ocrx_word' id='word_1_692' title='bbox 77 2605 158 2633; x_wconf 76' lang='grc' dir='ltr'>λοιποὶ</span> <span class='ocrx_word' id='word_1_693' title='bbox 172 2608 222 2642; x_wconf 77' lang='grc' dir='ltr'><strong>τῆς</strong></span> <span class='ocrx_word' id='word_1_694' title='bbox 236 2607 347 2633; x_wconf 83' lang='grc' dir='ltr'>συνόδου</span> <span class='ocrx_word' id='word_1_695' title='bbox 361 2607 482 2642; x_wconf 83' lang='grc' dir='ltr'>Πατέρες</span> <span class='ocrx_word' id='word_1_696' title='bbox 496 2608 530 2634; x_wconf 82' lang='grc' dir='ltr'><strong>τὰ</strong></span> <span class='ocrx_word' id='word_1_697' title='bbox 546 2609 575 2634; x_wconf 77' lang='grc' dir='ltr'><strong>ὲν</strong></span> <span class='ocrx_word' id='word_1_698' title='bbox 602 2610 635 2644; x_wconf 80' lang='grc' dir='ltr'><strong>τῇ</strong></span> <span class='ocrx_word' id='word_1_699' title='bbox 651 2609 777 2635; x_wconf 84' lang='grc' dir='ltr'><strong>Νικαέων</strong></span> <span class='ocrx_word' id='word_1_700' title='bbox 793 2617 857 2635; x_wconf 90' lang='grc' dir='ltr'><strong>συν-</strong></span> 
     </span>
    </p>
   </div>
   <div class='ocr_carea' id='block_1_97' title="bbox 76 2651 857 2688">
    <p class='ocr_par' dir='ltr' id='par_1_97' title="bbox 76 2651 857 2688">
     <span class='ocr_line' id='line_1_97' title="bbox 76 2651 857 2688; baseline 0.004 -10"><span class='ocrx_word' id='word_1_701' title='bbox 76 2651 121 2687; x_wconf 68' lang='grc' dir='ltr'>όδῳ</span> <span class='ocrx_word' id='word_1_702' title='bbox 131 2653 275 2687; x_wconf 77' lang='grc' dir='ltr'><strong>ὁρισθέντα</strong></span> <span class='ocrx_word' id='word_1_703' title='bbox 288 2654 373 2679; x_wconf 82' lang='grc' dir='ltr'>πᾶσιν</span> <span class='ocrx_word' id='word_1_704' title='bbox 386 2653 514 2688; x_wconf 83' lang='grc' dir='ltr'>ἀρέσκειν</span> <span class='ocrx_word' id='word_1_705' title='bbox 528 2653 614 2681; x_wconf 77' lang='grc' dir='ltr'><strong>εἷπον.</strong></span> <span class='ocrx_word' id='word_1_706' title='bbox 646 2652 712 2681; x_wconf 84' lang='grc' dir='ltr'><strong>Εἶτα</strong></span> <span class='ocrx_word' id='word_1_707' title='bbox 737 2654 857 2688; x_wconf 80' lang='grc' dir='ltr'><strong>ἀνεγνώ-</strong></span> 
     </span>
    </p>
   </div>
   <div class='ocr_carea' id='block_1_98' title="bbox 78 2697 855 2736">
    <p class='ocr_par' dir='ltr' id='par_1_98' title="bbox 78 2697 855 2736">
     <span class='ocr_line' id='line_1_98' title="bbox 78 2697 855 2736; baseline 0.004 -12"><span class='ocrx_word' id='word_1_708' title='bbox 78 2697 150 2733; x_wconf 77' lang='grc' dir='ltr'><strong>σθηὴ</strong></span> <span class='ocrx_word' id='word_1_709' title='bbox 166 2699 297 2733; x_wconf 77' lang='grc' dir='ltr'>ὁμολογία</span> <span class='ocrx_word' id='word_1_710' title='bbox 307 2699 357 2734; x_wconf 79' lang='grc' dir='ltr'><strong>τῆς</strong></span> <span class='ocrx_word' id='word_1_711' title='bbox 372 2699 490 2731; x_wconf 74' lang='grc' dir='ltr'><strong>πίστεως</strong></span> <span class='ocrx_word' id='word_1_712' title='bbox 507 2701 557 2734; x_wconf 83' lang='grc' dir='ltr'><strong>τῆς</strong></span> <span class='ocrx_word' id='word_1_713' title='bbox 568 2701 596 2727; x_wconf 81' lang='grc' dir='ltr'><strong>ὲν</strong></span> <span class='ocrx_word' id='word_1_714' title='bbox 613 2701 717 2736; x_wconf 81' lang='grc' dir='ltr'>Νικαιᾳ</span> <span class='ocrx_word' id='word_1_715' title='bbox 734 2701 855 2728; x_wconf 80' lang='grc' dir='ltr'>συνόδου.</span> 
     </span>
    </p>
   </div>
   <div class='ocr_carea' id='block_1_99' title="bbox 107 2745 854 2783">
    <p class='ocr_par' dir='ltr' id='par_1_99' title="bbox 107 2745 854 2783">
     <span class='ocr_line' id='line_1_99' title="bbox 107 2745 854 2783; baseline 0.004 -13"><span class='ocrx_word' id='word_1_716' title='bbox 107 2746 200 2780; x_wconf 76' lang='grc' dir='ltr'>Δανιὴλ</span> <span class='ocrx_word' id='word_1_717' title='bbox 231 2745 356 2780; x_wconf 75' lang='grc' dir='ltr'>νοτάριος</span> <span class='ocrx_word' id='word_1_718' title='bbox 386 2746 437 2780; x_wconf 82' lang='grc' dir='ltr'><strong>τῆς</strong></span> <span class='ocrx_word' id='word_1_719' title='bbox 469 2747 497 2773; x_wconf 83' lang='grc' dir='ltr'>ὲν</span> <span class='ocrx_word' id='word_1_720' title='bbox 520 2747 623 2783; x_wconf 63' lang='lat' dir='ltr'><strong>Nudi;</strong></span> <span class='ocrx_word' id='word_1_721' title='bbox 658 2748 769 2774; x_wconf 80' lang='grc' dir='ltr'>συνόδου</span> <span class='ocrx_word' id='word_1_722' title='bbox 804 2747 854 2782; x_wconf 84' lang='grc' dir='ltr'><strong>τὴν</strong></span> 
     </span>
    </p>
   </div>
   <div class='ocr_carea' id='block_1_100' title="bbox 79 2790 857 2830">
    <p class='ocr_par' dir='ltr' id='par_1_100' title="bbox 79 2790 857 2830">
     <span class='ocr_line' id='line_1_100' title="bbox 79 2790 857 2830; baseline 0.008 -15"><span class='ocrx_word' id='word_1_723' title='bbox 79 2790 214 2825; x_wconf 70' lang='grc' dir='ltr'>ἐμολογιαν</span> <span class='ocrx_word' id='word_1_724' title='bbox 228 2790 277 2825; x_wconf 80' lang='grc' dir='ltr'><strong>τῆς</strong></span> <span class='ocrx_word' id='word_1_725' title='bbox 290 2791 407 2822; x_wconf 72' lang='grc' dir='ltr'><strong>πίστεως</strong></span> <span class='ocrx_word' id='word_1_726' title='bbox 420 2792 465 2818; x_wconf 80' lang='grc' dir='ltr'><strong>καὶ</strong></span> <span class='ocrx_word' id='word_1_727' title='bbox 481 2793 542 2825; x_wconf 71' lang='grc' dir='ltr'><strong>τοὺς</strong></span> <span class='ocrx_word' id='word_1_728' title='bbox 556 2793 635 2830; x_wconf 77' lang='grc' dir='ltr'>ὄρους</span> <span class='ocrx_word' id='word_1_729' title='bbox 649 2793 734 2830; x_wconf 80' lang='grc' dir='ltr'><strong>αὐτῆς</strong></span> <span class='ocrx_word' id='word_1_730' title='bbox 751 2794 857 2829; x_wconf 80' lang='grc' dir='ltr'>ἀνέγνω</span> 
     </span>
    </p>
   </div>
   <div class='ocr_carea' id='block_1_101' title="bbox 80 2837 467 2873">
    <p class='ocr_par' dir='ltr' id='par_1_101' title="bbox 80 2837 467 2873">
     <span class='ocr_line' id='line_1_101' title="bbox 80 2837 467 2873; baseline 0.003 -12"><span class='ocrx_word' id='word_1_731' title='bbox 80 2837 104 2862; x_wconf 71' lang='grc' dir='ltr'><strong>ἐν</strong></span> <span class='ocrx_word' id='word_1_732' title='bbox 116 2838 145 2872; x_wconf 78' lang='grc' dir='ltr'><strong>τῇ</strong></span> <span class='ocrx_word' id='word_1_733' title='bbox 159 2837 212 2864; x_wconf 77' lang='grc' dir='ltr'><strong>τῶν</strong></span> <span class='ocrx_word' id='word_1_734' title='bbox 228 2837 340 2872; x_wconf 61' lang='grc' dir='ltr'><strong>’Λ-ξρων</strong></span> <span class='ocrx_word' id='word_1_735' title='bbox 356 2837 467 2873; x_wconf 69' lang='grc' dir='ltr'><strong>συνόδῳ·</strong></span> 
     </span>
    </p>
   </div>
   <div class='ocr_carea' id='block_1_102' title="bbox 958 2327 1699 2364">
    <p class='ocr_par' dir='ltr' id='par_1_102' title="bbox 958 2327 1699 2364">
     <span class='ocr_line' id='line_1_102' title="bbox 958 2327 1699 2364; baseline -0.008 -4"><span class='ocrx_word' id='word_1_736' title='bbox 958 2333 1085 2360; x_wconf 76' lang='lat' dir='ltr'><strong>ZONAR.</strong></span> <span class='ocrx_word' id='word_1_737' title='bbox 1110 2333 1342 2360; x_wconf 89' lang='lat' dir='ltr'><strong>Commemoratus</strong></span> <span class='ocrx_word' id='word_1_738' title='bbox 1370 2337 1478 2364; x_wconf 85' lang='lat' dir='ltr'><strong>quoque</strong></span> <span class='ocrx_word' id='word_1_739' title='bbox 1505 2336 1602 2360; x_wconf 88' lang='lat' dir='ltr'><strong>canon,</strong></span> <span class='ocrx_word' id='word_1_740' title='bbox 1620 2327 1699 2362; x_wconf 84' lang='lat' dir='ltr'><strong>quasi</strong></span> 
     </span>
    </p>
   </div>
   <div class='ocr_carea' id='block_1_103' title="bbox 913 2374 1699 2412">
    <p class='ocr_par' dir='ltr' id='par_1_103' title="bbox 913 2374 1699 2412">
     <span class='ocr_line' id='line_1_103' title="bbox 913 2374 1699 2412; baseline -0.008 -6"><span class='ocrx_word' id='word_1_741' title='bbox 913 2378 1055 2406; x_wconf 70' lang='lat' dir='ltr'><strong>inNiczena</strong></span> <span class='ocrx_word' id='word_1_742' title='bbox 1074 2378 1242 2405; x_wconf 73' lang='lat' dir='ltr'><strong>mcumenica</strong></span> <span class='ocrx_word' id='word_1_743' title='bbox 1254 2377 1357 2412; x_wconf 87' lang='lat' dir='ltr'><strong>synodo</strong></span> <span class='ocrx_word' id='word_1_744' title='bbox 1381 2376 1486 2406; x_wconf 84' lang='lat' dir='ltr'><strong>editus.</strong></span> <span class='ocrx_word' id='word_1_745' title='bbox 1512 2374 1699 2410; x_wconf 75' lang='lat' dir='ltr'><strong>promulgatus</strong></span> 
     </span>
    </p>
   </div>
   <div class='ocr_carea' id='block_1_104' title="bbox 910 2420 1698 2457">
    <p class='ocr_par' dir='ltr' id='par_1_104' title="bbox 910 2420 1698 2457">
     <span class='ocr_line' id='line_1_104' title="bbox 910 2420 1698 2457; baseline -0.006 -6"><span class='ocrx_word' id='word_1_746' title='bbox 910 2429 961 2452; x_wconf 86' lang='lat' dir='ltr'><strong>est.</strong></span> <span class='ocrx_word' id='word_1_747' title='bbox 979 2423 1069 2457; x_wconf 84' lang='lat' dir='ltr'><strong>Quare</strong></span> <span class='ocrx_word' id='word_1_748' title='bbox 1091 2423 1165 2450; x_wconf 87' lang='lat' dir='ltr'><strong>illum</strong></span> <span class='ocrx_word' id='word_1_749' title='bbox 1182 2422 1350 2457; x_wconf 70' lang='lat' dir='ltr'><strong>Augustinus</strong></span> <span class='ocrx_word' id='word_1_750' title='bbox 1369 2421 1527 2454; x_wconf 82' lang='lat' dir='ltr'><strong>episcopus,</strong></span> <span class='ocrx_word' id='word_1_751' title='bbox 1543 2420 1567 2447; x_wconf 86' lang='lat' dir='ltr'><strong>si</strong></span> <span class='ocrx_word' id='word_1_752' title='bbox 1590 2420 1698 2455; x_wconf 88' lang='lat' dir='ltr'><strong>quidem</strong></span> 
     </span>
    </p>
   </div>
   <div class='ocr_carea' id='block_1_105' title="bbox 910 2466 1700 2502">
    <p class='ocr_par' dir='ltr' id='par_1_105' title="bbox 910 2466 1700 2502">
     <span class='ocr_line' id='line_1_105' title="bbox 910 2466 1700 2502; baseline -0.005 -6"><span class='ocrx_word' id='word_1_753' title='bbox 910 2477 963 2497; x_wconf 89' lang='lat' dir='ltr'><strong>non</strong></span> <span class='ocrx_word' id='word_1_754' title='bbox 979 2469 1078 2497; x_wconf 87' lang='lat' dir='ltr'><strong>omissa</strong></span> <span class='ocrx_word' id='word_1_755' title='bbox 1097 2468 1205 2497; x_wconf 89' lang='lat' dir='ltr'><strong>interim</strong></span> <span class='ocrx_word' id='word_1_756' title='bbox 1218 2467 1392 2502; x_wconf 74' lang='lat' dir='ltr'><strong>diligentiore</strong></span> <span class='ocrx_word' id='word_1_757' title='bbox 1408 2467 1435 2493; x_wconf 87' lang='lat' dir='ltr'><strong>itt</strong></span> <span class='ocrx_word' id='word_1_758' title='bbox 1450 2466 1588 2493; x_wconf 66' lang='lat' dir='ltr'><strong>Nicmnam</strong></span> <span class='ocrx_word' id='word_1_759' title='bbox 1620 2473 1700 2500; x_wconf 85' lang='lat' dir='ltr'><strong>syno-</strong></span> 
     </span>
    </p>
   </div>
   <div class='ocr_carea' id='block_1_106' title="bbox 910 2512 1699 2550">
    <p class='ocr_par' dir='ltr' id='par_1_106' title="bbox 910 2512 1699 2550">
     <span class='ocr_line' id='line_1_106' title="bbox 910 2512 1699 2550; baseline -0.006 -8"><span class='ocrx_word' id='word_1_760' title='bbox 910 2516 973 2543; x_wconf 90' lang='lat' dir='ltr'><strong>dum</strong></span> <span class='ocrx_word' id='word_1_761' title='bbox 1004 2515 1184 2550; x_wconf 88' lang='lat' dir='ltr'><strong>inquisitione</strong></span> <span class='ocrx_word' id='word_1_762' title='bbox 1209 2514 1269 2547; x_wconf 85' lang='lat' dir='ltr'><strong>ejus</strong></span> <span class='ocrx_word' id='word_1_763' title='bbox 1283 2520 1344 2540; x_wconf 84' lang='lat' dir='ltr'><strong>esse</strong></span> <span class='ocrx_word' id='word_1_764' title='bbox 1367 2518 1513 2544; x_wconf 71' lang='lat' dir='ltr'><strong>cortslaret,</strong></span> <span class='ocrx_word' id='word_1_765' title='bbox 1537 2512 1699 2539; x_wconf 82' lang='lat' dir='ltr'><strong>servandum</strong></span> 
     </span>
    </p>
   </div>
   <div class='ocr_carea' id='block_1_107' title="bbox 911 2559 1700 2596">
    <p class='ocr_par' dir='ltr' id='par_1_107' title="bbox 911 2559 1700 2596">
     <span class='ocr_line' id='line_1_107' title="bbox 911 2559 1700 2596; baseline -0.008 -7"><span class='ocrx_word' id='word_1_766' title='bbox 911 2562 1052 2596; x_wconf 89' lang='lat' dir='ltr'><strong>proposuit</strong></span> <span class='ocrx_word' id='word_1_767' title='bbox 1069 2569 1102 2588; x_wconf 86' lang='lat' dir='ltr'><strong>ac</strong></span> <span class='ocrx_word' id='word_1_768' title='bbox 1126 2561 1222 2596; x_wconf 89' lang='lat' dir='ltr'><strong>reliqui</strong></span> <span class='ocrx_word' id='word_1_769' title='bbox 1247 2567 1355 2593; x_wconf 82' lang='lat' dir='ltr'><strong>quoque</strong></span> <span class='ocrx_word' id='word_1_770' title='bbox 1380 2560 1475 2595; x_wconf 88' lang='lat' dir='ltr'><strong>synodi</strong></span> <span class='ocrx_word' id='word_1_771' title='bbox 1499 2559 1604 2590; x_wconf 85' lang='lat' dir='ltr'><strong>Patres,</strong></span> <span class='ocrx_word' id='word_1_772' title='bbox 1627 2565 1700 2591; x_wconf 68' lang='lat' dir='ltr'><strong>qua:-</strong></span> 
     </span>
    </p>
   </div>
   <div class='ocr_carea' id='block_1_108' title="bbox 912 2604 1702 2643">
    <p class='ocr_par' dir='ltr' id='par_1_108' title="bbox 912 2604 1702 2643">
     <span class='ocr_line' id='line_1_108' title="bbox 912 2604 1702 2643; baseline -0.008 -8"><span class='ocrx_word' id='word_1_773' title='bbox 912 2615 1021 2643; x_wconf 84' lang='lat' dir='ltr'><strong>cunque</strong></span> <span class='ocrx_word' id='word_1_774' title='bbox 1042 2609 1068 2634; x_wconf 92' lang='lat' dir='ltr'><strong>in</strong></span> <span class='ocrx_word' id='word_1_775' title='bbox 1094 2607 1202 2634; x_wconf 69' lang='lat' dir='ltr'><strong>Nictena</strong></span> <span class='ocrx_word' id='word_1_776' title='bbox 1226 2607 1330 2642; x_wconf 83' lang='lat' dir='ltr'><strong>synodo</strong></span> <span class='ocrx_word' id='word_1_777' title='bbox 1346 2607 1454 2634; x_wconf 85' lang='lat' dir='ltr'><strong>definita</strong></span> <span class='ocrx_word' id='word_1_778' title='bbox 1483 2605 1588 2632; x_wconf 80' lang='lat' dir='ltr'><strong>fuerant</strong></span> <span class='ocrx_word' id='word_1_779' title='bbox 1612 2604 1702 2630; x_wconf 78' lang='lat' dir='ltr'><strong>ontul-</strong></span> 
     </span>
    </p>
   </div>
   <div class='ocr_carea' id='block_1_109' title="bbox 910 2646 1714 2688">
    <p class='ocr_par' dir='ltr' id='par_1_109' title="bbox 910 2646 1714 2688">
     <span class='ocr_line' id='line_1_109' title="bbox 910 2646 1714 2688; baseline -0.004 -7"><span class='ocrx_word' id='word_1_780' title='bbox 910 2655 960 2682; x_wconf 81' lang='lat' dir='ltr'><strong>bus</strong></span> <span class='ocrx_word' id='word_1_781' title='bbox 974 2659 1084 2688; x_wconf 84' lang='lat' dir='ltr'><strong>accepta</strong></span> <span class='ocrx_word' id='word_1_782' title='bbox 1096 2661 1159 2681; x_wconf 87' lang='lat' dir='ltr'><strong>esse</strong></span> <span class='ocrx_word' id='word_1_783' title='bbox 1172 2653 1371 2688; x_wconf 77' lang='lat' dir='ltr'><strong>significat-unt.</strong></span> <span class='ocrx_word' id='word_1_784' title='bbox 1390 2653 1492 2679; x_wconf 78' lang='lat' dir='ltr'><strong>Deinde</strong></span> <span class='ocrx_word' id='word_1_785' title='bbox 1509 2651 1580 2678; x_wconf 88' lang='lat' dir='ltr'><strong>edita</strong></span> <span class='ocrx_word' id='word_1_786' title='bbox 1596 2650 1622 2677; x_wconf 87' lang='lat' dir='ltr'><strong>in</strong></span> <span class='ocrx_word' id='word_1_787' title='bbox 1653 2646 1714 2678; x_wconf 47' lang='lat' dir='ltr'><strong>Ni?</strong></span> 
     </span>
    </p>
   </div>
   <div class='ocr_carea' id='block_1_110' title="bbox 910 2699 1538 2736">
    <p class='ocr_par' dir='ltr' id='par_1_110' title="bbox 910 2699 1538 2736">
     <span class='ocr_line' id='line_1_110' title="bbox 910 2699 1538 2736; baseline -0.006 -8"><span class='ocrx_word' id='word_1_788' title='bbox 910 2709 984 2729; x_wconf 66' lang='lat' dir='ltr'><strong>cmtta</strong></span> <span class='ocrx_word' id='word_1_789' title='bbox 1007 2702 1109 2736; x_wconf 79' lang='lat' dir='ltr'><strong>synodo</strong></span> <span class='ocrx_word' id='word_1_790' title='bbox 1123 2701 1183 2727; x_wconf 76' lang='grc' dir='ltr'><strong>[ὶιΙοί</strong></span> <span class='ocrx_word' id='word_1_791' title='bbox 1201 2700 1338 2735; x_wconf 85' lang='lat' dir='ltr'><strong>professio</strong></span> <span class='ocrx_word' id='word_1_792' title='bbox 1356 2699 1466 2726; x_wconf 74' lang='lat' dir='ltr'><strong>recitata</strong></span> <span class='ocrx_word' id='word_1_793' title='bbox 1487 2703 1538 2725; x_wconf 88' lang='lat' dir='ltr'><strong>est.</strong></span> 
     </span>
    </p>
   </div>
   <div class='ocr_carea' id='block_1_111' title="bbox 957 2744 1698 2783">
    <p class='ocr_par' dir='ltr' id='par_1_111' title="bbox 957 2744 1698 2783">
     <span class='ocr_line' id='line_1_111' title="bbox 957 2744 1698 2783; baseline -0.004 -9"><span class='ocrx_word' id='word_1_794' title='bbox 957 2748 1047 2775; x_wconf 77' lang='lat' dir='ltr'><strong>Daniel</strong></span> <span class='ocrx_word' id='word_1_795' title='bbox 1071 2749 1193 2775; x_wconf 85' lang='lat' dir='ltr'><strong>notarius</strong></span> <span class='ocrx_word' id='word_1_796' title='bbox 1229 2748 1322 2783; x_wconf 79' lang='lat' dir='ltr'><strong>synodi</strong></span> <span class='ocrx_word' id='word_1_797' title='bbox 1354 2745 1470 2773; x_wconf 65' lang='lat' dir='ltr'><strong>Nimim</strong></span> <span class='ocrx_word' id='word_1_798' title='bbox 1501 2744 1698 2772; x_wconf 76' lang='lat' dir='ltr'><strong>confessionem</strong></span> 
     </span>
    </p>
   </div>
   <div class='ocr_carea' id='block_1_112' title="bbox 913 2791 1615 2831">
    <p class='ocr_par' dir='ltr' id='par_1_112' title="bbox 913 2791 1615 2831">
     <span class='ocr_line' id='line_1_112' title="bbox 913 2791 1615 2831; baseline -0.006 -9"><span class='ocrx_word' id='word_1_799' title='bbox 913 2794 974 2822; x_wconf 86' lang='lat' dir='ltr'><strong>fidei</strong></span> <span class='ocrx_word' id='word_1_800' title='bbox 991 2800 1018 2823; x_wconf 82' lang='lat' dir='ltr'><strong>et</strong></span> <span class='ocrx_word' id='word_1_801' title='bbox 1028 2795 1135 2823; x_wconf 84' lang='lat' dir='ltr'><strong>decreta</strong></span> <span class='ocrx_word' id='word_1_802' title='bbox 1148 2795 1206 2831; x_wconf 77' lang='lat' dir='ltr'><strong>ejus</strong></span> <span class='ocrx_word' id='word_1_803' title='bbox 1229 2795 1255 2822; x_wconf 90' lang='lat' dir='ltr'><strong>in</strong></span> <span class='ocrx_word' id='word_1_804' title='bbox 1270 2793 1372 2829; x_wconf 80' lang='lat' dir='ltr'><strong>synodo</strong></span> <span class='ocrx_word' id='word_1_805' title='bbox 1386 2791 1512 2820; x_wconf 85' lang='lat' dir='ltr'><strong>Africana</strong></span> <span class='ocrx_word' id='word_1_806' title='bbox 1526 2791 1589 2826; x_wconf 74' lang='lat' dir='ltr'><strong>legit</strong></span> <span class='ocrx_word' id='word_1_807' title='bbox 1606 2799 1615 2818; x_wconf 71' lang='grc' dir='ltr'>ς</span> 
     </span>
    </p>
   </div>
  </div>
