1862 3081
157 151 187 183 31

404 207 485 243 516
503 207 618 235 ΟᾹΝΟΝ
639 207 683 234 lll.
958 203 980 230 A

250 253 286 280 De
301 254 460 280 continentia
474 254 595 281 Aurelius
610 255 744 288 episcopus
762 253 828 279 dixit
843 260 852 277 :

163 309 172 326 ι
192 300 257 327 Cum
274 299 299 326 in
315 300 405 334 priore
419 299 523 334 synodo
538 301 571 327 de
585 300 758 327 continentiae
771 303 797 326 et
812 298 943 326 castitatis

202 353 211 370 I
233 346 312 371 modo
329 345 511 379 quaerebatur,
533 345 646 379 placttit,
670 350 698 372 ut
715 345 741 372 hi
761 350 816 373 tres
833 345 943 380 gradus,

200 400 210 416 ι
230 391 276 425 qui
303 390 410 417 vinculo
430 392 545 425 quodam
571 391 706 418 castitatis
729 398 776 425 per
800 398 946 418 consecra-

201 445 210 462 (
230 437 330 463 tionem
361 436 490 471 implicati
524 441 586 464 sunt.
624 437 785 472 (episcopi:
815 437 944 471 inquam,

201 491 210 507 ι
229 482 378 517 presbyteri
401 487 427 509 et
443 483 575 515 diaconi).
593 487 622 510 ut
633 488 742 511 sanctos
763 484 904 518 episcopos
920 488 947 511 et

201 537 210 553 ι
231 529 384 555 sacerdotes
403 528 448 556 Dei
470 534 497 556 et
513 529 609 556 levitas
630 534 657 556 et
681 530 779 557 divinis
805 530 947 557 sacriﬁciis

201 583 211 599 ι
231 574 415 602 ministrantes
441 575 537 608 decet,
573 577 600 603 in
629 577 754 603 omnibus
779 577 948 604 continentes

202 628 212 647 ι
232 620 303 653 sint;
319 628 372 655 quo
390 622 496 656 possint
507 622 580 656 qttod
590 630 603 649 a
617 622 672 650 Deo
684 623 844 656 simpliciter
856 627 949 657 petunt

203 674 212 690 ι
231 665 377 698 impetrare
393 675 400 693 :
419 672 447 692 ut
464 670 490 693 et
510 666 581 700 quod
598 673 645 700 per
660 667 798 701 apostolos
818 667 947 694 traditum

204 719 213 735 ι
233 715 261 736 et
277 710 311 737 ab
323 713 379 744 ipsa
395 711 555 744 antiquitate
568 717 705 739 serratum
719 717 770 746 est,
783 720 832 740 nos
843 719 950 747 quoque

204 765 214 780 ι
233 755 358 783 similiter
374 764 524 785 servemus.
543 767 552 783 ›

198 844 297 873 BALS.
317 845 364 873 Hic
382 854 468 874 canon
483 847 541 874 vult
551 854 657 875 omnem
672 855 801 876 exercere
812 848 948 882 virtutem,
966 869 988 897 Β

164 893 209 926 qui
223 896 316 920 sancta
333 893 461 928 mysteria
477 897 659 927 contrectant,
677 896 819 929 episcopos
834 894 949 928 scilicet,

166 935 324 964 sacerdotes
338 942 365 965 et
388 938 518 966 diaconos
535 947 542 967 :
561 944 588 967 et
608 946 668 966 esse
692 940 874 973 continentes,
896 947 951 967 non

165 991 212 1017 per
236 983 321 1011 solam
346 985 576 1018 temperantiam,
604 986 650 1012 sed
676 986 703 1012 in
728 985 802 1013 omni
829 985 901 1013 iacto
925 991 952 1013 et

166 1036 259 1062 opere.
275 1028 321 1056 Sic
344 1030 428 1063 enim,
451 1030 551 1065 inquit,
575 1039 590 1058 a
619 1031 674 1058 Deo
697 1031 879 1059 exaudientur
904 1039 952 1066 pro

165 1075 264 1109 populo
291 1080 441 1109 precantes,
467 1081 493 1103 et
517 1084 610 1104 revera
633 1078 776 1105 ostendent
793 1085 822 1105 se
846 1086 877 1105 ea
893 1085 952 1105 ser-

165 1127 230 1146 vare
244 1128 303 1154 qua:
324 1128 338 1147 a
355 1121 458 1148 sanctis
477 1121 608 1156 apostolis
633 1123 731 1150 tradita
759 1128 834 1155 sunt,
865 1128 892 1150 et
918 1124 953 1152 ab

167 1166 290 1199 antiqua,
305 1167 404 1195 litteris
421 1175 473 1195 non
498 1168 608 1201 tradita,
625 1169 811 1197 ecclesiastica
834 1177 954 1198 consue-

167 1210 272 1238 tudine.

203 1256 332 1284 ZONAR.
351 1257 390 1285 De
405 1258 511 1285 illorunt
530 1259 575 1292 qui
593 1260 679 1287 sacris
695 1260 793 1288 initiati
809 1266 871 1289 sunt
886 1267 954 1289 tem-

167 1303 290 1337 perantia
308 1305 529 1340 continentiaque
545 1306 590 1333 hic
614 1313 702 1334 canon
721 1308 830 1335 disserit
850 1309 952 1342 dicens,

167 1353 223 1376 tres
238 1349 360 1382 ordines,
373 1351 417 1384 qui
434 1358 495 1379 sess
509 1359 558 1378 sua
577 1352 626 1386 ipsi
643 1352 810 1386 professione
835 1354 954 1382 castitati

167 1395 308 1428 addixere,
328 1395 470 1430 episcopos
485 1397 623 1429 videlicet,
639 1398 821 1432 presbyteros,
845 1404 872 1426 et
889 1399 955 1427 levi-

169 1446 221 1473 tas,
238 1442 290 1469 hoc
304 1447 344 1469 est
358 1443 499 1475 diaconos,
516 1442 697 1471 oblationibus
711 1444 765 1472 Deo
777 1445 884 1478 dicatis,
899 1446 955 1474 sive

169 1488 311 1515 incruento
328 1489 473 1520 sacrificio,
485 1490 556 1524 quod
568 1489 676 1517 Numini
693 1491 815 1525 religiose
830 1492 953 1526 olIertur,

169 1533 361 1561 ministrantes
397 1534 591 1561 contiuentiant
628 1535 655 1562 in
690 1537 815 1564 omnibus
846 1542 990 1570 servarec

169 1582 305 1612 oportere.
320 1579 414 1614 Neque
427 1580 452 1606 in
469 1588 522 1607 una
535 1579 641 1615 quidem
656 1581 744 1615 aliqua
758 1590 787 1609 re
801 1584 957 1611 moderatos

170 1632 242 1659 esse,
259 1625 361 1652 nullum
381 1633 444 1652 vero
459 1625 579 1653 vicissim
598 1626 622 1652 in
640 1627 742 1660 reliqua
768 1628 830 1655 vitae
853 1629 957 1655 ratione

172 1671 306 1699 delectum
324 1671 462 1704 adhibere,
478 1672 524 1698 sed
551 1672 758 1706 temperantiam
777 1673 805 1700 in
830 1674 958 1702 omnibus

171 1716 282 1748 sectari,
300 1716 350 1743 hoc
369 1721 420 1750 est,
444 1724 539 1744 omnes
562 1724 688 1744 uutneros
702 1718 810 1746 virtutis
834 1719 956 1754 implere,

171 1767 201 1788 ut
220 1768 279 1794 quae
294 1768 307 1787 a
325 1760 379 1787 Deo
395 1761 564 1794 simpliciter,
584 1762 635 1789 hoc
655 1767 696 1788 est
719 1762 779 1789 sine
797 1761 849 1789 ulla
873 1763 959 1796 trepi-

172 1807 291 1838 datione,
310 1811 355 1834 aut
371 1807 542 1835 haesitatione
565 1809 716 1842 postulant,
743 1814 956 1843 consequantur.

173 1852 243 1879 Sunt
257 1852 283 1879 hi
296 1860 413 1887 namque
428 1852 499 1880 inter
518 1853 600 1880 Deum
630 1859 658 1882 et
676 1855 801 1882 homines
826 1854 959 1882 interces-

175 1906 258 1931 sores,
277 1899 321 1933 qui
342 1897 447 1926 Numen
469 1900 573 1927 caeteris
600 1901 756 1928 hominibus
784 1901 960 1929 conciliantes

174 1945 297 1973 ﬁdelibus
311 1946 436 1979 salutem,
448 1946 628 1981 universeque
641 1953 775 1974 terrarum
790 1948 848 1975 orbi
866 1956 959 1982 pacem

174 1992 331 2025 deposcttnt.
349 1991 377 2018 Si
407 1999 436 2018 se
452 1991 533 2026 igitur
559 1992 586 2019 in
607 1992 679 2018 omni
699 1992 827 2019 virtutum
851 2000 961 2027 genere,

174 2038 274 2073 inquit,
293 2043 449 2070 exerceant,
468 2038 606 2072 Deumque
623 2038 737 2071 proinde
763 2038 877 2065 ﬁdenter
893 2039 963 2066 allo-

173 2088 302 2119 quantur,
332 2084 369 2111 ita
401 2091 512 2118 prorsus
538 2083 573 2110 ab
600 2091 633 2111 eo
660 2091 721 2119 quae
753 2084 961 2117 postulaverint,

175 2130 360 2165 impetrabunt.
373 2138 379 2157 :
396 2134 424 2156 at
437 2129 460 2156 si
475 2129 559 2156 libere
574 2129 698 2163 loquendi
712 2128 839 2156 facultate
854 2129 963 2164 ipsimet

175 2176 370 2208 destituautur.
388 2183 442 2210 quo
459 2179 538 2210 pacto
562 2174 745 2208 deprecatoris
766 2182 863 2202 munus
886 2175 962 2202 obire

790 148 928 179 THEOD.
950 145 1153 177 BALSAMON

1748 135 1805 168 32

1286 197 1406 225 ΚΑΝΩΝ
1423 195 1459 223 [ν.

1030 248 1096 279 Περ)
1113 245 1286 280 ἐγκρατείας
1303 243 1451 277 Αὐρήλιος
1464 241 1632 273 ἐπίσκοπος
1649 238 1750 267 εἶπεν·

998 304 1006 320 ι
1018 295 1062 320 Ἐν
1071 295 1104 328 τῇ
1131 291 1303 327 προλαὸούσῃ
1319 289 1419 322 συνόδῳ
1438 288 1474 320 ὡς
1485 287 1549 322 περὶ
1558 286 1662 321 ῥυθμοῦ
1682 287 1808 320 ἐγκρα-

1034 350 1042 365 ι
1059 340 1132 371 τεῖας
1151 339 1197 366 καὶ
1225 337 1335 372 ἁγνείας
1359 335 1490 369 ἐζητεῖτο,
1518 332 1707 368 ἦρεσεν,ὥστε
1719 332 1807 362 τοὺς

1035 397 1043 413 ι
1056 388 1129 420 τρεῖς
1139 385 1256 421 βαθμοὺς
1264 381 1448 415 τούτους,τοὺς
1459 380 1599 414 συνδέσμῳ
1608 379 1662 406 τινὶ
1673 379 1737 412 ἀγνε
1744 379 1806 409 ιτις

1037 443 1046 459 ι
1064 433 1107 459 διὰ
1115 432 1165 466 τῆς
1177 429 1366 466 καθιερώσεως
1380 425 1643 462 συμπεπλεγμένους
1659 425 1747 460 (φημὶ
1760 424 1806 458 δὴ

1035 490 1045 506 ι
1067 480 1241 511 ἐπισκόπους,
1266 476 1469 513 πρεσϐυτέρους
1497 476 1544 502 καὶ
1568 472 1732 507 διακόνους),
1756 472 1807 503 ὡς

1037 537 1046 554 ι
1066 529 1166 563 πρέπει
1181 526 1264 557 όσίοις
1287 523 1446 554 ἐπισκόποις
1473 521 1521 549 καὶ
1536 520 1637 555 ίερεῦσι
1653 519 1723 546 Θεοῦ
1741 518 1809 544 καὶ

1037 584 1046 601 ι
1066 574 1192 604 Λευΐταις
1218 572 1266 598 καὶ
1281 569 1449 605 ὑπουργοῦσι
1464 567 1548 598 θείοις
1562 564 1801 600 καθιερώματιν,

1037 629 1046 645 t
1065 619 1208 654 ἐγκρατεῖς
1218 617 1287 644 εἶναι
1298 617 1326 643 ὲν
1339 616 1433 642 πᾶσιν·
1441 614 1515 644 ὅπως
1525 611 1677 647 δυνηθῶσιν
1685 610 1698 636 δ
1710 617 1782 643 πιρ
1790 608 1808 633 Ξι

1038 675 1048 692 ι
1066 665 1113 692 τοῦ
1131 663 1197 690 Θεοῦ
1212 661 1304 693 ἀπλῶς
1321 660 1442 687 αἰτοῦσιν
1473 658 1611 692 ἐπιτυχεῖν
1627 664 1635 672 ο
1650 656 1694 682 ἵνα
1703 655 1758 682 καὶ
1770 654 1809 679 τὸ

1039 723 1048 739 ι
1065 713 1108 739 διὰ
1122 712 1177 738 τῶν
1185 709 1342 737 ἀποστόλων
1359 705 1522 739 παραδοθὲν,
1534 703 1583 731 καὶ
1599 702 1628 735 ἐξ
1641 701 1729 735 αὐτῆς
1744 700 1809 734 τῆς

1041 769 1050 785 ι
1070 758 1249 793 ἀρχαιότητος
1291 752 1439 784 κρατηθὲν,
1483 751 1532 778 καὶ
1570 747 1799 785 ἡμεῖςνόμοίως

1042 814 1051 830 ι
1075 802 1247 837 φυλάξωμεν.
1270 809 1279 826 t
1585 809 1590 812 -

1040 849 1137 876 ΒΑΛΣ.
1159 848 1189 874 '0
1205 846 1297 874 κανὼν
1316 841 1394 876 οὗτος
1413 844 1505 877 πάσης
1535 840 1655 877 ἐργάτας
1688 838 1810 872 ἀρετῆς

1002 894 1072 923 εῖναι
1084 894 1155 921 θέλει
1166 893 1229 923 τοὺς
1242 891 1276 918 τά
1301 891 1368 925 ἅγια
1401 888 1540 924 μυστήρια
1568 883 1809 922 μεταχειριζομέ-

1001 950 1074 973 νους,
1092 940 1178 974 ἦγουν
1191 937 1379 969 ἐπισκόπους,
1397 936 1480 970 ἱερεῖς
1503 933 1551 960 καὶ
1563 932 1717 962 διακόνους,
1751 930 1810 955 καὶ

1002 987 1149 1022 ἐγκρατεῖς
1162 982 1233 1011 εἶναι
1248 982 1285 1018 μὴ
1300 982 1344 1008 διὰ
1357 981 1443 1016 μόνης
1460 978 1652 1014 σωφροσύνης,
1665 975 1736 1004 ἀλλά
1753 975 1809 1022 καὶ

1001 1032 1046 1060 διά
1063 1030 1162 1061 παντὸς
1179 1029 1263 1065 ἔργου
1274 1028 1321 1055 καὶ
1333 1027 1509 1062 πράγματος.
1526 1024 1605 1052 Οὕτω
1618 1023 1683 1058 γὰρ,
1699 1021 1808 1056 φησὶν,

1002 1076 1267 1110 εισακουσθήσονται
1278 1073 1355 1108 παρά
1366 1071 1414 1099 τοῦ
1424 1070 1493 1098 Θεοῦ
1509 1070 1652 1105 εὐχόμενοι
1665 1068 1739 1102 ὑπὲρ
1751 1067 1806 1093 τοῦ

1003 1122 1080 1154 λαοῦ,
1091 1121 1137 1148 καὶ
1148 1120 1390 1155 πληροφορήσουσι
1399 1117 1546 1152 φυλάττειν
1556 1117 1590 1142 τά
1604 1113 1809 1149 παραδοθέντα

1004 1168 1057 1195 ὑπὸ
1076 1167 1131 1194 τῶν
1144 1167 1231 1200 ἁγίων
1261 1164 1434 1195 ἀποστόλων,
1456 1163 1505 1189 καὶ
1524 1162 1577 1188 ὑπὸ
1600 1161 1652 1195 τῆς
1677 1160 1807 1194 ἀρχαίας

1003 1214 1130 1249 ἀγράφου
1157 1209 1396 1245 ὲκκλησιαστικῆς
1408 1207 1582 1238 ἀκολουθίας.

1040 1259 1233 1294 ΖΩΝΑΡ.Περὶ
1243 1257 1419 1293 σωφροσύνης
1428 1255 1475 1282 καλ⁸
1482 1252 1645 1289 ἐγκρατείας
1652 1252 1706 1278 τῶν
1717 1251 1809 1286 ἱερω-

1011 1309 1099 1345 μένων
1112 1308 1127 1333 ό
1142 1305 1231 1332 κανὼν
1241 1302 1320 1334 οὖτος
1331 1302 1525 1336 διαλαμϐάνει,
1537 1300 1624 1334 λέγων
1641 1299 1704 1329 τοὺς
1720 1299 1807 1332 τρεῖς

1006 1354 1128 1390 βαθμοὺς
1150 1353 1213 1383 τοὺς
1230 1349 1438 1385 συμπλέξαντας
1460 1348 1587 1378 ἑαυτοὺς,
1606 1345 1654 1373 καὶ
1675 1345 1719 1372 διά
1750 1345 1805 1379 τῆς

1005 1399 1151 1433 ὁμολογίας
1169 1396 1346 1427 συνδεθέντας
1355 1397 1387 1430 τῇ
1405 1394 1512 1430 ἁγνείᾳ,
1527 1393 1613 1428 ἥγουν
1627 1390 1807 1421 ἐπισκόπους

1006 1447 1054 1474 καὶ
1068 1443 1284 1480 πρεσϐυτέρους,
1296 1443 1344 1469 και¹
1359 1442 1487 1472 Λεοῒτας,
1498 1440 1625 1466 τουτέστι
1639 1437 1806 1468 διακόνους,

1006 1494 1070 1525 τοὺς
1086 1491 1294 1527 ὐπουργοῦντας
1304 1489 1361 1520 τοῖς
1379 1488 1461 1518 θείοις
1495 1484 1714 1521 καθιερώμασιν,
1739 1483 1806 1517 ἤτοι

1007 1541 1040 1574 τῇ
1056 1538 1220 1573 ἀναιμάκτῳ
1237 1535 1319 1570 θυσίᾳ
1333 1535 1366 1569 τῇ
1383 1530 1587 1567 καθιερουμένῃ
1601 1530 1640 1564 τῷ
1654 1528 1726 1564 Θεῷ,
1746 1529 1808 1554 δεῖν

1008 1585 1172 1620 ἐγκράτειαν
1187 1584 1217 1609 ὲν
1230 1582 1313 1608 πᾶσιν
1329 1581 1436 1611 ἀσκεῖν,
1449 1578 1497 1605 καὶ
1523 1578 1584 1612 οὐχὶ
1612 1577 1642 1602 ὲν
1670 1576 1709 1610 τῷ
1754 1575 1806 1610 μὲν

1007 1631 1153 1666 ἐγκρατεῖς
1169 1627 1249 1659 εἶναι,
1267 1629 1295 1654 ὲν
1307 1626 1345 1662 τῷ
1361 1625 1389 1652 δὲ
1401 1625 1478 1656 αὖθις
1494 1624 1649 1658 ἀδιαφόρως
1665 1622 1726 1657 ζῇν,
1741 1621 1808 1648 ἀλλ’

1008 1677 1037 1703 ἐν
1066 1674 1149 1702 πᾶσιν
1182 1673 1347 1709 ἐγκράτειαν
1384 1671 1516 1705 μετιέναι,
1543 1669 1679 1699 τουτέστι,
1705 1668 1807 1693 πᾶσαν

1009 1720 1173 1758 ἐργάζεσθαι
1194 1720 1306 1756 ἀρετὴν,
1324 1720 1409 1751 ὅπως,
1435 1717 1512 1752 φησι,
1539 1715 1690 1750 δυνηθῶσιν
1703 1714 1806 1740 ἐπιτυ-

1010 1770 1078 1804 χεῖν,
1092 1768 1109 1795 ἃ
1123 1766 1217 1797 ἁπλῶς
1237 1765 1343 1792 αἰτοῦσι
1362 1763 1437 1800 παρὰ
1451 1762 1531 1796 Θεοῦ,
1563 1762 1649 1796 ἠγουν
1687 1759 1806 1786 sama-

1011 1823 1084 1846 κτως
1102 1814 1150 1840 καὶ
1167 1812 1205 1848 μὴ
1221 1811 1434 1846 διακρινόμενοι.
1449 1807 1530 1837 Οὗτοι
1546 1809 1600 1842 γάρ
1621 1808 1674 1833 εἰσι
1690 1807 1805 1841 μεσίται

1010 1860 1078 1887 Θεοῦ
1090 1859 1137 1885 καὶ
1143 1857 1306 1893 ἀνθρώπων,
1315 1855 1418 1889 ὲξιλεού
1424 1864 1500 1891 μενοι
1512 1855 1542 1881 τδ
1556 1854 1636 1880 Θεῖον
1645 1853 1703 1884 τοῖς
1711 1852 1805 1882 ἄλλοις

1012 1905 1061 1933 καὶ
1077 1904 1217 1940 σωτηρίαν
1232 1902 1391 1937 αἰτούμενοι
1407 1903 1463 1933 τοῖς
1478 1901 1585 1931 πιστοῖς
1616 1899 1665 1926 καὶ
1689 1899 1805 1933 εἰρήνην

1012 1952 1051 1986 τῷ
1065 1951 1171 1985 κόσμῳ.
1191 1950 1222 1977 Ei
1242 1949 1288 1976 οὖν
1304 1950 1407 1980 πᾶσαν,
1425 1948 1504 1982 φησὶ,
1535 1947 1717 1982 μετέρχονται
1741 1945 1806 1978 ἀρει

1012 1996 1072 2032 τὴν,
1089 1996 1137 2022 καὶ
1153 1995 1225 2022 οὕτω
1243 1993 1482 2030 παρῤησιάξονται.
1497 1991 1568 2027 πρὸς
1590 1991 1670 2021 Θεὸν,
1699 1989 1807 2025 τυγχά-

1013 2050 1086 2069 νοιεν
1095 2041 1129 2068 ἂν
1137 2041 1186 2068 καὶ
1197 2040 1254 2066 τῶν
1274 2040 1412 2073 αἰτήσεων
1428 2047 1433 2054 ·
1447 2037 1495 2070 ὡς,
1532 2037 1591 2070 εῐγε
1621 2036 1659 2071 μὴ
1696 2036 1807 2071 mpm-

1014 2088 1076 2115 σίαν
1090 2087 1190 2122 ἔχοιεν,
1207 2086 1267 2117 πῶς
1286 2085 1319 2112 ἂν
1337 2085 1408 2120 ὑπὲρ
1437 2083 1525 2110 ἀλλων
1556 2081 1804 2117 πρεσϐεύσωνται;

1014 2133 1092 2160 Οὕτω
1099 2133 1152 2168 γὰρ
1165 2130 1467 2166 καὶάπαραδεδώκασιν
1480 2130 1504 2156 οί
1519 2128 1674 2159 ἀπόστολοι,
1689 2125 1808 2162 φυλάξο-

1016 2186 1077 2212 μεν,
1095 2177 1187 2205 καὶτὰ
1212 2177 1256 2204 διὰ
1271 2177 1322 2212 τῆς
1338 2175 1518 2211 ἀρχαιότητος
1548 2172 1806 2209 κατακρατηθέντα,

175 2229 223 2256 pro
239 2221 300 2248 aliis
317 2209 439 2255 queant?
453 2220 570 2249 Proinde
598 2221 650 2248 hac
676 2221 791 2254 ratione,
809 2225 836 2249 et
850 2229 911 2256 quae
928 2222 949 2248 al

1037 2233 1101 2258 γουν
1131 2223 1180 2251 καὶ
1208 2224 1242 2250 τά
1267 2209 1416 2258 ὲγγράιρνως
1443 2220 1680 2256 νενομοθετημένα
1708 2219 1758 2245 καὶ
1774 2218 1806 2243 τὰ

176 2269 304 2302 apostolis
317 2267 427 2301 tradita,
445 2272 472 2294 ct
488 2275 547 2302 quae
564 2268 666 2302 antiqui
695 2267 825 2302 temporis
845 2275 961 2295 con5ue-

177 2316 269 2342 tudine
296 2314 438 2349 hucusqne
463 2317 592 2348 usurpata
622 2317 706 2347 sunt,
735 2314 788 2341 hoc
814 2318 873 2346 est.
904 2319 960 2341 tum

1015 2271 1148 2305 ἀγράφως
1164 2270 1208 2297 διὰ
1221 2271 1272 2305 τῆς
1294 2269 1405 2305 μακρᾶς
1435 2267 1484 2295 καὶ
1510 2268 1627 2304 ἀρχαίας
1660 2264 1807 2300 συνηθείας

1015 2312 1203 2351 κρατήσαῆα.

177 2369 208 2388 ea
246 2369 306 2397 quae
334 2361 444 2397 scriptis
481 2361 608 2398 legibus,
639 2366 695 2388 tum
731 2368 763 2388 ea
790 2368 850 2395 ane
882 2359 941 2388 sine
969 2362 1078 2397 scriptis
1099 2363 1178 2396 longa
1204 2366 1232 2388 et
1254 2361 1364 2395 antiqua
1393 2357 1591 2387 consuetudine
1619 2355 1806 2390 continentur.

177 2409 358 2436 servabimus.

177 2467 290 2496 ARIST.
307 2477 315 2493 ι
328 2467 480 2501 Episcopus
494 2471 520 2493 et
535 2466 678 2501 presbyter
688 2469 715 2492 et
729 2464 861 2491 diaconus
873 2469 964 2490 castus

423 2522 433 2539 ί
452 2514 486 2540 sit
503 2519 529 2540 et
546 2513 696 2540 continens.
721 2521 729 2537 ι

481 2579 597 2609 CANON
618 2579 664 2607 ιν.

181 2652 191 2669 ι
213 2642 313 2674 Placet,
331 2646 360 2668 ut
374 2641 517 2675 episcopus
530 2643 557 2666 et
577 2638 720 2674 presbyter
738 2643 764 2665 et
780 2638 919 2668 diaconus,
936 2639 964 2662 et

1019 2461 1130 2489 ΑΡΙΣΤ.
1148 2470 1157 2486 ι
1177 2459 1353 2490 Ἐπίσκοπος,
1382 2457 1430 2484 καὶ
1457 2455 1656 2491 πρεσϐύτερος,
1687 2456 1737 2480 καὶ
1754 2454 1807 2480 δια-

1137 2516 1146 2532 ι
1165 2513 1253 2537 κονος,
1271 2504 1353 2538 ἁγνὸς
1373 2503 1443 2530 ἔστω
1457 2502 1504 2529 καὶ
1522 2502 1686 2537 ἐγκρατής.»

1338 2570 1457 2598 ΚΑΝΩΝ
1473 2572 1509 2597 Δ’.

1023 2643 1032 2659 ι
1058 2631 1182 2666 Ἀρέσκει
1210 2628 1253 2655 ἵνα
1281 2627 1431 2657 ἐπίσκοπος
1458 2625 1496 2662 (7)
1507 2626 1552 2651 καὶ
1564 2624 1751 2660 πρεσϐύτερος
1764 2624 1805 2651 καὶ

798 2705 895 2736 Guill.
915 2701 1079 2740 Beveregii
1094 2703 1188 2730 natea.

221 2775 260 2810 (7)
279 2774 409 2807 Ἀρέσκει
425 2774 476 2800 ἵνα
495 2772 688 2810 ἐπίσκοπος,
702 2771 731 2798 1η
759 2768 932 2810 Balsatuonis
947 2773 973 2794 el

186 2807 301 2838 Zouarte
321 2808 528 2836 commentariis
544 2808 661 2834 antehac
684 2807 847 2840 impressis,
866 2811 973 2831 necnon

189 2849 216 2874 in
239 2845 336 2873 codice
356 2852 493 2883 canonum
517 2842 826 2883 Ei‘clcsim-IAiricttttaf.
855 2846 976 2883 praesens

191 2883 235 2909 hic
249 2889 336 2908 canon
357 2881 407 2908 hoc
423 2879 503 2907 tnodo
520 2879 635 2914 legitur:
652 2877 719 2911 Περὶ
733 2876 869 2910 διαφόρων
881 2876 981 2906 τάξίων

1026 2762 1192 2800 ὀφειλουσῶν
1209 2760 1361 2800 ἀπέχεσθαι
1373 2757 1524 2800 γυναικῶνι
1534 2757 1684 2800 Φαυστϊνος
1699 2756 1804 2800 ἐπίσιιῖ

1027 2790 1080 2831 στος
1098 2798 1215 2824 Πικένου
1231 2790 1281 2830 τῆξ
1297 2790 1468 2831 Ποτεντηνῇς
1492 2792 1584 2831 χώρας
1598 2812 1608 2831 ,.
1620 2790 1805 2831 τοποτηρητης

1034 2827 1078 2869 τῆς
1099 2827 1264 2867 Ἐκκλησίας
1283 2830 1404 2864 Ῥώμης,
1427 2827 1804 2869 ἐπιδεὴς-,Ἀρέσκειῖναιὲπέ-

1039 2861 1139 2901 σκοπός
1157 2861 1204 2895 καὶ
1222 2861 1411 2901 πρεσῆύτερος
1427 2864 1473 2891 καὶ
1497 2861 1629 2894 διακινος,
1649 2862 1694 2889 καὶ
1715 2861 1807 2889 πάντες
