1862 3081
173 146 208 177 39
801 137 942 167 THEOD.
963 136 1162 167 BALSAMON
1752 141 1785 171 ιο

168 201 205 227 De
230 207 277 228 sua
303 199 374 226 enim
400 197 530 233 dignitate
560 197 587 224 in
609 195 757 231 periculum
782 195 880 227 veniet,
899 193 946 220 hoc

1037 192 1162 225 φεύξεται
1180 193 1225 219 τὸν
1243 193 1375 221 κίνδυνον.
1395 196 1569 223 Κινδυνεύσει
1589 197 1642 232 γὰρ
1663 198 1725 233 περὶ
1741 200 1786 233 τὴν

168 252 219 275 est.
244 246 403 279 deponetur.
624 273 626 275 1

201 290 327 317 ZONAR.
341 289 407 316 Cum
420 290 452 316 de
474 287 663 315 interdicendo
688 286 794 314 clericis
810 284 946 312 fenerario

168 340 270 371 qutestu
296 335 338 362 hic
366 342 452 361 canon
479 339 589 360 acturus
604 333 649 365 sil,
678 332 710 359 de
735 330 847 358 avaritia
865 330 951 364 primo

168 382 288 412 disserit,
313 388 425 414 eamque
450 379 569 407 omnium
596 379 726 406 malorum
750 381 888 412 parentem
905 384 952 410 ap-

168 427 257 461 pellat,
272 426 524 458 contiuendamque,
547 425 597 451 hoc
619 429 661 451 est
679 423 854 450 coercendam
871 427 951 456 atque

169 473 359 507 amputandam
375 479 436 499 esse
450 471 581 503 decernit,
599 477 632 497 ne
651 477 695 497 res
710 469 812 496 alienas
830 469 949 500 invadat,

167 518 263 553 eisque
287 518 423 544 abutatur.
449 517 569 544 Abusum
585 522 649 543 vero
664 515 850 542 inconcessum
866 514 951 540 alicu-

168 564 211 597 ius
228 563 268 591 rei
283 571 360 590 usum
374 562 532 589 nominavit.
546 561 617 588 Usus
630 567 692 587 vero
719 560 757 586 rei
777 559 950 585 inconcessus

168 609 250 637 etiam
276 613 329 640 est,
346 607 446 642 aliquid
462 607 583 634 honestae
595 613 684 633 causa:
701 608 891 640 pratexentem
909 611 952 630 res

169 654 272 682 alienas
294 653 411 680 auferre.
429 652 505 684 Nam,
529 656 556 679 et
578 652 624 686 qui
644 650 779 682 tenerent,
806 649 882 684 quasi
906 649 951 683 qui

169 699 261 726 fenore
278 698 413 733 accipiunt
437 697 500 724 illud
528 697 555 723 in
583 703 660 723 suutn
688 696 857 723 commodum
886 701 952 722 con-

169 750 286 775 venam,
313 745 348 770 ita
365 751 395 770 ex
420 742 512 770 fenore
536 741 611 768 lucro
632 748 691 768 sese
702 738 789 775 [potiri
806 740 950 767 afﬁrmant.

169 790 355 817 ltesecandam
377 789 467 822 itaque
490 789 567 815 aliter
594 787 735 814 avaritiam
754 791 886 818 autumat,
908 793 950 819 ac,

169 843 203 862 ne
229 835 294 862 lucri
313 835 461 869 cupiditate
476 833 638 861 constitutos
654 840 667 858 a
682 832 807 859 Palribus
823 833 952 859 terminus

151 881 303 915 unispium
322 879 467 911 transiliat,
485 879 687 913 providendum.
709 876 850 904 Terminos
871 884 952 911 porro

168 925 278 952 Patrum
294 933 386 952 sacros
403 932 522 952 canones
536 923 696 952 nominavit.
719 923 785 950 Nam
801 928 828 949 et
843 927 952 949 sancto-

169 980 228 999 rum
249 972 430 1006 apostolorum
450 976 548 1004 quarto
570 975 596 997 et
615 969 823 1005 quadragesimo
837 976 950 1002 canone,

167 1017 237 1045 sacri
260 1018 363 1044 ordinis
389 1017 543 1044 hominibus
558 1015 682 1042 fenerare
698 1022 730 1041 ne
744 1015 836 1047 liceat,
851 1014 950 1041 consti-

168 1068 264 1089 tutum.
277 1063 310 1090 Et
320 1063 412 1096 primae
421 1062 594 1089 mcumenica:
604 1061 698 1096 synodi
713 1060 818 1087 decimo
827 1060 951 1093 septimo,

167 1109 211 1143 qui
238 1114 412 1136 recensentur
439 1108 464 1134 in
487 1114 600 1139 canone,
639 1107 662 1133 si
694 1106 769 1132 fenus
797 1110 950 1138 exerceant,

167 1154 338 1188 depositione
353 1153 501 1180 multantur
513 1157 541 1179 et
567 1151 790 1179 condemnamur.
806 1150 838 1176 Et
855 1149 954 1176 Laodi-

168 1207 240 1226 cemc
263 1200 358 1233 synodi
378 1206 463 1225 canon
479 1198 496 1225 4
522 1196 606 1224 sacris
622 1195 741 1222 initiatos
764 1203 818 1222 rem
837 1195 952 1229 aliquam

168 1246 261 1272 fenore
274 1245 363 1271 locare
377 1243 487 1271 omnino
507 1246 591 1270 vetat.
609 1241 664 1268 llos
682 1249 745 1275 ergo
767 1248 884 1268 canones
904 1241 953 1267 Pa-

169 1296 240 1317 trum
258 1290 386 1317 terminos
402 1288 574 1323 nuncupa‘vit.
592 1287 741 1314 Resecetur
756 1294 830 1318 vero,
856 1287 952 1320 inquit,

169 1335 337 1370 inexplebilis
360 1334 474 1362 habendi
490 1334 637 1368 cupiditas,
662 1337 691 1359 ut
713 1339 748 1359 ne
773 1332 872 1359 clerico
896 1331 954 1358 cui-

168 1389 248 1416 quam
273 1388 377 1413 usuras,
396 1386 558 1414 quacunque
573 1378 682 1405 deruunt
696 1385 730 1404 ex
758 1384 798 1409 re,
817 1377 954 1411 percipere

170 1427 224 1453 ullo
247 1427 324 1453 modo
340 1425 428 1452 liceat.
462 1423 517 1451 Nec
534 1424 606 1450 enim
638 1424 752 1458 pecunia
774 1423 952 1455 solummodo,

169 1471 217 1498 sed
231 1470 395 1498 frumentum
423 1477 542 1504 quoque,
563 1470 655 1497 vinum
680 1473 706 1496 et
719 1468 818 1500 oleum,
849 1468 954 1502 aliaque

1002 238 1105 264 οἰκείαν
1122 238 1274 274 ἐπιτιμίαν,
1291 240 1413 267 τουτέστι
1430 242 1666 277 καθαιρεθήσεται.

1037 283 1161 310 ΖΩΝΑΡ.
1178 284 1246 319 Περὶ
1262 284 1307 311 τοῦ
1324 285 1362 320 μὴ
1376 287 1494 318 τοκίζειν
1510 287 1657 322 κληρικοὺς
1672 290 1686 315 6
1702 290 1788 316 κανὼν

1002 326 1181 360 διατάξασθαι
1210 330 1334 362 μέλλων,
1363 332 1428 364 περὶ
1456 333 1610 368 ἀπληστίας
1635 334 1787 368 διαλέγεται

1001 373 1121 408 πρῶτον,
1138 374 1184 401 καὶ
1199 374 1299 410 ταύτην
1315 375 1388 403 εἷναί
1404 386 1469 412 φησι
1485 379 1539 404 τῶν
1555 380 1648 407 κακῶν
1664 381 1788 408 ἁπάντων

1004 418 1122 452 μητέρα,
1143 419 1175 454 ἢν
1196 421 1243 446 καὶ
1265 421 1374 455 ἐπέχειν
1396 422 1494 457 ὁρίζει,
1515 426 1639 451 τουτέστι
1663 426 1786 458 κωλύειν,

1002 463 1183 496 ἀνακόπτειν,
1202 465 1244 492 ἵνα
1263 466 1299 501 μὴ
1315 468 1371 498 τοῖς
1387 468 1538 503 ἀλλοτρίοις
1555 471 1726 507 έπεμσαίνῃ,
1742 473 1788 498 καὶ

1001 509 1205 544 κατακέχρηται
1230 512 1331 543 αὺτοῖς.
1353 513 1530 548 Κατὰχρησιν
1554 515 1576 541 δ’
1591 515 1717 550 ὠνόμασε
1743 517 1788 552 τὴν

1002 555 1078 588 παρὰ
1093 555 1123 580 τὸ
1140 555 1198 582 δέον
1213 557 1328 591 χρῆσιν·
1345 559 1443 593 χρῆσις
1463 560 1491 585 δὲ
1515 561 1589 595 παρὰ
1605 562 1634 588 τὺ
1655 563 1716 589 δέον
1731 563 1788 589 ἐστὶ.

1001 599 1049 625 καὶ
1062 599 1091 625 τὸ
1104 601 1268 636 εὐαφόρμως
1281 602 1352 637 τάχα
1364 604 1399 629 τὰ
1413 604 1543 640 ἀλλότρια
1557 607 1745 642 ἀφαιρεῖσθαι.
1758 611 1788 636 Ol.

1002 644 1056 679 γὰρ
1073 644 1241 679 δανείζοντες
1259 648 1305 674 ἐπὶ
1322 649 1422 681 τόκοις,
1439 650 1476 681 ὡς
1493 651 1573 686 δῆθεν
1590 653 1788 689 ὠφελουμένων

1001 690 1054 716 τῶν
1072 690 1282 726 δανειζομένων,
1303 695 1335 720 ὲκ
1354 694 1400 720 τοῦ
1421 695 1516 727 δάνους
1538 699 1606 730 φασὶ
1626 699 1672 725 καὶ
1692 700 1789 732 αὐτοὺς

1002 737 1186 772 συμμετέχειν
1201 738 1247 764 τοῦ
1264 739 1388 773 κέρδους.
1405 741 1460 767 Καὶ
1477 742 1564 773 άλλως
1579 743 1607 770 δὲ
1625 745 1789 772 ἀνακόπτειν

1002 781 1058 813 δεῖ,
1079 784 1163 817 φησὶ,
1181 783 1229 819 τὴν
1249 784 1422 818 πλεονεξίαν,
1441 787 1485 813 ἵνα
1505 788 1541 823 μὴ
1560 788 1602 814 διά
1619 789 1713 823 κέρδος
1728 790 1790 822 τοὺς

1001 827 1055 853 τῶν
1070 828 1199 859 Πατέρων
1214 829 1293 864 ὅρους
1308 839 1349 862 τις
1364 832 1528 869 ὑπερδαίνῃ,
1543 834 1621 869 ὅρους
1636 835 1689 861 τῶν
1705 837 1790 862 Πατέ-

1004 881 1058 907 ρων
1073 874 1137 904 τοὺς
1156 875 1246 909 ἱεροὺς
1264 877 1380 909 κανόνας
1398 878 1501 906 καλῶν.
1515 879 1549 906 ’Ὀ
1565 888 1594 906 τε
1615 880 1668 916 γὰρ
1690 881 1730 916 μδ¹
1745 891 1791 909 κα-

1003 919 1056 946 νὼν
1077 920 1130 946 τῶν
1151 921 1308 949 ἀποστόλων
1330 923 1361 949 τὸ
1383 924 1517 956 δανείζειν
1538 926 1601 956 τοὺς
1626 927 1790 961 ίερωμένους

1002 966 1048 992 ἐπὶ
1063 967 1151 998 τόκοις
1167 968 1345 1003 ἀπαγορεύει,
1362 970 1409 997 καὶ
1422 971 1435 996 ὁ
1448 971 1497 1004 τῆς
1511 971 1623 1006 πρώτης
1638 974 1790 1008 οἰκουμενι-

1002 1011 1054 1046 κῆς
1071 1013 1182 1038 συνόδου
1200 1013 1231 1045 ιζ’
1244 1013 1334 1040 κανὼν
1349 1015 1510 1049 καθαιρέσει
1526 1016 1729 1044 καθυποὸἀλλει
1746 1019 1790 1045 καὶ

1003 1057 1179 1089 καταδικάζει
1199 1059 1262 1090 τοὺς
1284 1061 1313 1085 ἐν
1334 1059 1373 1095 τῷ
1394 1060 1488 1087 κανόνι
1511 1061 1724 1096 ἐξεταζομένους
1745 1064 1790 1090 ἐπὶ

1002 1104 1091 1135 τόκοις
1108 1105 1292 1137 δανείζοντας.
1308 1106 1364 1132 Καὶ
1379 1106 1393 1132 6
1409 1106 1459 1140 τῆς
1476 1108 1504 1132 ὲν
1519 1107 1665 1143 Λαοδικείᾳ
1683 1109 1788 1136 συνόδου

1002 1147 1023 1174 δ’
1037 1148 1126 1175 κανὼν
1140 1151 1289 1185 ἀποτρέπει
1303 1152 1359 1182 τοῖς
1375 1152 1524 1185 ἱερατικοῖς
1536 1152 1566 1178 τὸ
1581 1152 1628 1178 ἐπὶ
1642 1153 1732 1185 τόκοις
1746 1154 1789 1181 δα-

1003 1194 1111 1226 νείζειν.
1128 1196 1245 1227 Τούτους
1261 1195 1307 1223 οὖν
1323 1197 1386 1228 τοὺς
1403 1197 1518 1229 κανόνας
1535 1198 1614 1232 ὄρους
1631 1199 1686 1227 τῶν
1703 1201 1789 1227 Πατέ-

1005 1249 1059 1275 ρων
1076 1240 1215 1269 ὲκάλεσεν.
1231 1241 1437 1270 Ἀνακοπτέσθω
1449 1244 1487 1277 δὲ,
1503 1247 1599 1280 φησιν,
1613 1247 1629 1281 ή
1642 1246 1788 1281 ἀπληστία,

1003 1286 1052 1312 καὶ
1069 1285 1112 1312 ἵνα
1130 1287 1168 1321 μὴ
1186 1287 1233 1322 ἐξῇ
1251 1288 1375 1324 κληρικῷ
1392 1290 1529 1325 οἱῳδήτινι
1544 1292 1624 1318 τόκον
1640 1291 1789 1326 λαμϐάνειν

1004 1331 1056 1357 ἀπὸ
1073 1332 1232 1367 οῐουδήποτε
1251 1334 1425 1369 πράγματος.
1444 1336 1481 1362 Οὐ
1501 1337 1582 1371 μόνον
1598 1337 1654 1372 γὰρ
1671 1338 1791 1372 ἀργύρια

1004 1377 1181 1411 δανείζονται,
1196 1379 1264 1405 ἀλλά
1280 1381 1327 1406 καὶ
1342 1382 1415 1412 σῖτος
1430 1382 1478 1408 καὶ
1492 1379 1564 1413 οἶνος
1580 1383 1626 1408 καὶ
1641 1383 1732 1408 ἔλαιον
1747 1383 1790 1408 καὶ

1007 1422 1092 1458 μυρία
1110 1423 1192 1455 ἔτερα
1209 1424 1277 1459 εἴδη.
1296 1425 1351 1451 Καὶ
1369 1425 1464 1460 ὥσπερ
1482 1427 1529 1454 ἐπὶ
1543 1427 1598 1454 τῶν
1614 1427 1789 1463 νομισμάτων

1007 1470 1193 1503 συμφωνεῖται
1212 1469 1331 1497 δίδοσθαι
1349 1471 1437 1504 τόκος,
1455 1471 1526 1499 οὕτω
1548 1473 1595 1499 καὶ
1617 1474 1664 1499 ἐπὶ
1680 1473 1736 1499 τῶν
1757 1474 1791 1499 εί-

170 1524 261 1544 rerum
292 1524 390 1552 genera
422 1515 630 1543 innumerabilia
652 1515 740 1542 fenori
768 1514 901 1541 locantur.
922 1513 946 1539 Et

1037 1523 1068 1542 iV.
1084 1515 1218 1546 Δανείζων
1234 1516 1288 1551 γάρ
1303 1525 1345 1547 τις
1363 1518 1436 1543 σῖτον
1451 1518 1532 1552 τυχδν
1550 1518 1657 1551 μοδίους
1674 1519 1788 1550 ἑκατδν,

169 1563 394 1597 quemadmodum
411 1562 436 1588 in
456 1560 580 1596 pecunia,
597 1560 633 1586 ita
651 1567 683 1586 ex
715 1560 838 1587 condicto
865 1566 954 1586 usurae

171 1610 196 1635 in
213 1609 272 1636 aliis
285 1616 374 1635 rerum
392 1608 538 1642 generibus
565 1608 722 1640 exiguntur.
754 1605 829 1632 Datis
859 1611 955 1638 nempe

170 1656 316 1690 quispiam,
331 1655 447 1689 exempli
469 1661 562 1685 causa,
581 1653 684 1680 mutuis
700 1656 808 1679 centum
828 1651 954 1678 frumenti

173 1703 281 1734 modiis,
299 1702 432 1736 pratinito
447 1705 568 1735 tempore
585 1699 679 1732 elapso
707 1702 813 1725 centum
832 1704 861 1724 se
880 1698 953 1724 insu-

171 1756 221 1784 per
246 1748 398 1775 modiorum
425 1753 568 1773 numerum
600 1748 775 1778 accepturum
801 1743 954 1778 paciscitur,

171 1793 252 1826 idque
267 1793 294 1819 in
310 1792 370 1820 aliis
381 1792 476 1819 eodem
494 1791 584 1817 modo.
600 1789 638 1816 Ne
661 1789 723 1823 quis
739 1789 820 1823 igitur
838 1793 911 1814 esset
928 1788 954 1815 in

172 1839 349 1866 adulterando
362 1844 464 1864 canone
475 1835 561 1863 fraudi
588 1835 674 1866 locus,
690 1835 726 1862 ita
750 1838 808 1861 uta
841 1833 954 1868 pecunia

171 1883 278 1917 quidem
294 1882 452 1914 feneranda,
468 1890 520 1909 non
535 1886 624 1908 tamen
639 1882 672 1908 ab
691 1881 781 1907 usuris
798 1887 829 1907 ex
842 1880 954 1906 aliarum

171 1938 262 1958 rerum
289 1930 438 1956 mutatione
450 1928 609 1962 colligendis
630 1927 729 1955 sacrati
745 1927 868 1954 homines
894 1925 956 1952 abs-

172 1976 307 2008 tinerent;
333 1975 435 2002 idcirco
448 1974 555 2006 Patres,
573 1980 607 2000 ne
619 1980 650 1999 ex
668 1979 831 2006 quacunque
852 1978 881 1998 re
908 1970 956 1997 de-

173 2029 244 2048 mum
262 2028 362 2048 usuras
383 2020 522 2055 percipere
539 2019 629 2051 liceat,
646 2019 781 2045 addidere.
797 2018 835 2043 Ac
848 2024 879 2044 ea
897 2017 956 2051 qui-

171 2066 242 2099 dem,
258 2066 392 2100 inquiunt,
408 2073 468 2100 quze
496 2065 578 2091 relata
604 2070 701 2097 nuper,
730 2063 781 2089 hoe
805 2067 856 2092 est.
880 2062 956 2088 nobis

172 2110 323 2145 siguilicutu
339 2115 413 2142 sunt,
440 2109 555 2136 obscura
583 2108 692 2142 quippe,
711 2107 735 2134 id
761 2111 813 2138 est,
843 2106 956 2138 incerta,

172 2156 291 2183 involuta
304 2155 422 2183 tenebris
440 2160 466 2182 et
483 2155 583 2189 ignota,
601 2152 822 2183 eﬂ'ortuabuutur,
840 2153 889 2179 hoc
904 2157 954 2184 est,

173 2211 187 2229 a
203 2203 278 2229 nobis
293 2207 420 2228 accurate
432 2201 559 2228 meditata
574 2200 752 2226 deﬁnientur:
766 2206 827 2234 quae
842 2206 906 2225 vero
915 2199 955 2226 di-

173 2247 241 2274 vina:
258 2247 405 2281 Scriptura:
419 2246 537 2274 oraculis
565 2246 735 2280 praescripta,
767 2246 823 2272 sive
855 2245 957 2272 consti-

174 2298 242 2326 tuta,
254 2293 363 2319 decreta
379 2296 453 2324 sunt,
466 2291 531 2318 nihil
541 2291 574 2318 de
592 2292 624 2318 iis
639 2292 784 2325 quidquam
800 2292 955 2323 decernere,

174 2338 224 2364 hoc
239 2342 280 2364 est
293 2356 300 2368 ,
329 2337 495 2364 constituere
507 2356 514 2368 ,
542 2338 589 2363 sed
603 2343 635 2362 ea
649 2355 657 2368 ,
676 2343 734 2370 quae
761 2336 816 2371 jam
847 2336 955 2362 delinita

173 2388 247 2416 sunt,
261 2383 338 2418 sequi
352 2390 387 2409 ac
397 2390 506 2409 servare
521 2387 637 2415 oportet.
654 2382 755 2408 Divina'.
786 2389 865 2414 porro
881 2381 956 2409 Scri-

174 2432 260 2462 ptura:
272 2427 451 2462 appellatione
485 2434 576 2453 sacros
603 2433 722 2453 canones
751 2433 783 2452 ac
809 2425 956 2461 Scriptura).

174 2474 326 2501 testimonia
343 2473 516 2507 signiﬁcavit,
533 2471 610 2507 quale
623 2472 687 2499 illud
713 2477 770 2499 est:
787 2471 848 2498 Non
879 2471 956 2499 dabis

174 2520 252 2554 fratri
266 2524 310 2545 tuo
321 2520 457 2554 pecuniam
475 2519 508 2545 ad
521 2527 646 2552 usuram;
659 2523 686 2546 et
700 2519 776 2551 illud,
810 2517 956 2546 Pecuniam

174 2574 248 2592 suam
273 2574 325 2592 non
337 2565 408 2592 dedi!
423 2565 457 2592 ad
475 2573 596 2597 usuram,
611 2570 637 2591 et
649 2572 814 2599 quacunque
839 2565 890 2592 alia
907 2565 956 2592 hu~

172 2612 289 2647 jusmodi
307 2613 489 2647 reperiuntur.
521 2611 590 2638 Hinc
604 2612 734 2638 rationcm
767 2619 885 2646 quoque,
909 2619 958 2638 cur

177 2661 293 2687 sacratis
317 2659 471 2687 hominibus
492 2658 617 2686 fenerare
643 2659 799 2686 indecorum
821 2667 853 2687 ac
880 2664 958 2694 turpe

176 2707 221 2738 sit,
234 2705 380 2740 explicant.
393 2705 469 2737 Quod
498 2705 570 2731 enim
596 2705 622 2731 iu
653 2704 741 2736 laicis,
758 2706 893 2739 inquiunt,
914 2713 958 2731 an.

176 2758 234 2777 sam
254 2750 471 2785 reprehensionis
485 2751 596 2785 pra-luet,
612 2751 663 2777 hoc
687 2755 739 2784 est,
770 2750 958 2785 vituperationi

176 2797 416 2832 criminationique
443 2797 589 2824 obnoxium
616 2802 676 2829 est,
706 2797 790 2824 multo
819 2796 904 2831 magis
932 2797 959 2824 in

177 2845 283 2874 clericis
299 2844 379 2873 fuerit
391 2845 634 2873 condemnandum.
647 2844 686 2871 Ad
702 2844 758 2871 haec
781 2845 896 2879 synodus
912 2851 958 2871 ne-

1006 1562 1146 1594 συμφωνεί
1170 1561 1263 1588 nam
1289 1562 1359 1596 μετά
1384 1564 1481 1598 καιρὸν
1505 1564 1657 1599 ὡρισμένον
1685 1566 1791 1600 μοδίους

1005 1606 1134 1632 ἐπέκεινα
1153 1607 1260 1640 τόσους,
1284 1609 1330 1634 καὶ
1353 1609 1400 1635 ἐπὶ
1420 1610 1475 1636 τῶν
1497 1610 1585 1637 ἄλλων
1606 1611 1719 1646 ὁμοίως.
1736 1612 1791 1638 ’Ἵνα

1005 1651 1051 1678 οὖν
1071 1653 1108 1687 μὴ
1127 1653 1333 1689 περιγράφηται
1353 1656 1367 1681 6
1387 1654 1489 1688 κανὼν,
1507 1656 1665 1691 νομίσματα
1686 1657 1738 1691 μὲν
1758 1657 1792 1692 μὴ

1004 1697 1182 1728 δανειζόντων
1200 1699 1246 1724 ἐπὶ
1264 1699 1335 1734 τόκῳ
1351 1700 1405 1726 τῶν
1424 1700 1597 1736 ἱερωμένων,
1617 1702 1646 1728 ὲν
1664 1702 1748 1729 εἴδεσι
1767 1703 1792 1728 δὲ

1005 1742 1084 1769 τοῦτο
1110 1743 1274 1776 ποιούντων,
1296 1745 1460 1780 προσέθεντο
1481 1747 1506 1773 οἱ
1529 1747 1670 1782 Πατέρες,
1695 1748 1793 1783 οίουδή-

1006 1797 1071 1815 ποτε
1091 1790 1264 1825 πράγματος.
1286 1790 1341 1818 Καὶ
1360 1791 1394 1817 τὰ
1416 1791 1465 1826 μὲν
1486 1793 1583 1819 νεωστὶ
1602 1794 1791 1828 ἀνενεχθέντα,

1005 1834 1144 1860 τουτέστιν
1155 1835 1377 1870 ὑπομνησθέντα,
1390 1838 1483 1871 φασὶν,
1496 1838 1609 1873 ἀμαυρά
1621 1839 1697 1872 ὄντα,
1710 1840 1792 1875 ἤγουν

1005 1881 1112 1916 ἀσαφῆ,
1128 1882 1254 1908 σκοτεινά
1264 1902 1271 1914 ,
1287 1882 1459 1917 ἀγνοούμενα
1470 1903 1477 1915 ,
1491 1885 1718 1919 τυπωοήσονται,
1735 1885 1793 1912 ἀντὶ

1005 1926 1052 1952 τοῦ
1073 1926 1264 1961 ὁρισθήσονται
1284 1926 1349 1962 παρ’
1362 1929 1440 1963 ἡμῶν
1462 1930 1649 1964 σκοπούμενα,
1669 1929 1687 1956 ἃ
1710 1931 1759 1957 καὶ
1778 1930 1793 1964 ή

1007 1970 1066 1997 θεία
1079 1971 1174 2007 Γραφὴ
1187 1972 1340 2004 ἐθέσπισεν,
1356 1973 1415 2007 ἤτοι
1428 1974 1620 2009 ἐνομοθέτησε,
1634 1974 1792 2009 διωρίσατο,

1006 2017 1070 2051 περὶ
1089 2018 1200 2043 ἐκείνων
1217 2017 1247 2044 οὐ
1266 2017 1308 2043 δεῖ
1324 2018 1502 2053 ψηφίζεσθαι,
1522 2020 1662 2046 τουτέστιν
1681 2020 1793 2054 ἀποφαί-

1008 2063 1116 2096 νεσθαι,
1132 2063 1199 2090 ἀλλά
1217 2064 1263 2089 καὶ
1280 2064 1395 2090 ἕπεσθαι
1413 2066 1459 2091 καὶ
1476 2065 1635 2092 ἀκολουθεῖν
1651 2067 1709 2098 τοῖς
1726 2075 1794 2092 νενο-

1009 2109 1215 2143 μοθετημένοις.
1228 2109 1309 2135 Θείαν
1324 2110 1351 2136 δὲ
1366 2110 1477 2145 Γραφὴν
1491 2111 1554 2142 τούς
1567 2120 1597 2137 τε
1615 2112 1705 2146 ἱεροὺς
1720 2112 1795 2138 κανό-

1009 2163 1056 2186 νας
1066 2154 1201 2189 ὠνόμασε,
1211 2154 1259 2185 τὰς
1271 2155 1410 2189 γραφικὰς
1423 2156 1528 2190 ῥήσεις,
1537 2156 1566 2182 τὸ
1579 2157 1639 2183 οὐκ
1651 2157 1794 2188 ἐκτοκιεῖς

1010 2200 1041 2226 τὸ
1054 2199 1197 2233 ἀργύριόν
1204 2206 1262 2226 σου
1271 2199 1310 2232 τῷ
1323 2200 1442 2235 ἀδελφῷ
1455 2209 1523 2233 σου,
1533 2202 1581 2228 καὶ
1589 2202 1628 2234 τὺ,
1643 2202 1795 2236 Ἀργύριον

1009 2244 1102 2272 αὑτοῦ
1116 2245 1171 2271 οὐκ
1185 2245 1296 2271 ἔδωκεν
1307 2246 1357 2272 ἐπὶ
1370 2247 1456 2280 τόκῳ,
1471 2246 1519 2272 καὶ
1531 2247 1580 2273 ὅσα
1592 2247 1715 2274 τοιαῦτα.
1729 2246 1793 2274 Εῐτα

1011 2290 1058 2316 καὶ
1073 2290 1308 2322 κατασκευάζουσι
1323 2291 1380 2322 πῶς
1394 2291 1493 2318 ἄτοπόν
1507 2293 1565 2318 ἐστι
1580 2293 1627 2318 καὶ
1641 2294 1754 2328 αἰσχρὸν
1767 2293 1794 2320 τὸ

1011 2335 1142 2367 δανείζειν
1157 2336 1203 2362 ἐπὶ
1218 2337 1307 2368 τόκοις
1321 2337 1384 2368 τοὺς
1400 2337 1578 2371 ίερωμένους,
1595 2338 1642 2364 καί
1658 2346 1741 2371 φασιν
1756 2341 1794 2366 ὃτι

1011 2382 1079 2416 ὅπερ
1095 2390 1124 2409 εν
1137 2383 1242 2413 λαῐκοίς
1258 2382 1425 2417 ἐπιλήψιμον
1439 2383 1523 2415 ἐστιν,
1540 2383 1622 2418 ἤγουν
1635 2383 1737 2418 ψεκτὸν
1751 2386 1795 2412 καὶ

1008 2428 1234 2462 διαὸαλλόμενον,
1250 2428 1406 2458 ἀκολούθως
1421 2429 1450 2454 έν
1464 2428 1608 2464 κληρικοίς
1626 2430 1715 2465 πολλῷ
1733 2432 1794 2465 μᾶλ-

1009 2475 1054 2500 λον
1073 2474 1174 2508 ὀφείλει
1195 2473 1435 2506 καταδικάζεσθαι.
1454 2475 1526 2508 Πρὸς
1544 2475 1631 2501 ταῦτα
1651 2476 1667 2511 ή
1688 2476 1795 2506 σύνοδος

1009 2518 1086 2546 εἶπεν
1096 2528 1102 2535 ·
1118 2520 1212 2551 Οὐδεὶς
1228 2519 1298 2546 κατὰ
1314 2520 1369 2545 τῶν
1385 2521 1544 2555 προφητῶν,
1560 2521 1648 2551 οὐδεὶς
1663 2522 1736 2548 κατά
1750 2521 1794 2548 τοῦ

1010 2566 1177 2600 Εὑαγγελίου
1192 2566 1279 2601 χωρὶς
1296 2565 1418 2592 κινδύνου
1437 2566 1574 2600 εποίησεν.
1588 2566 1672 2593 Τοῦτο
1689 2566 1711 2593 δ’
1723 2567 1794 2593 ἔστιν

1008 2611 1022 2638 ὃ
1037 2609 1113 2638 εἷπον
1122 2619 1130 2629 ·
1142 2612 1194 2643 ὅτι,
1207 2611 1268 2637 ἐπεὶ
1281 2612 1327 2638 καὶ
1339 2613 1372 2646 τῇ
1390 2611 1557 2647 παλαιοτέρα
1571 2612 1679 2648 Γραφῇ,
1693 2614 1794 2647 ταύτην

1010 2658 1064 2692 γὰρ
1079 2657 1124 2684 διὰ
1138 2657 1192 2683 τῶν
1207 2658 1354 2692 προφητῶν
1370 2658 1497 2692 ᾐνίξατο,
1514 2659 1560 2684 καὶ
1576 2660 1608 2694 τῇ
1625 2659 1687 2694 νέᾳ,
1705 2659 1739 2695 ἢν
1753 2659 1793 2685 διὰ

1009 2704 1056 2729 τοῦ
1078 2703 1243 2737 Εὐαγγελίου
1264 2704 1410 2738 ἐνέφηνεν,
1429 2705 1673 2738 ἀποτετραμμένον
1690 2706 1749 2731 ἐστὶ
1767 2704 1794 2729 τὸ

1009 2749 1144 2781 τοκίζειν,
1159 2749 1244 2780 οὐδεὶς
1262 2749 1347 2776 ποιῶν
1362 2749 1396 2775 τὰ
1412 2750 1625 2784 ἀπηγορευμένα
1642 2750 1739 2781 αὑταῖς
1755 2751 1794 2775 έκ-

1011 2796 1139 2830 φεύξεται
1160 2795 1209 2830 τὴν
1231 2795 1363 2823 κίνδυνον.
1385 2795 1562 2822 Κινδυνεύσει
1585 2796 1639 2831 γὰρ
1664 2797 1727 2832 περὶ
1747 2795 1794 2830 τὴν

1011 2843 1114 2871 οἰκείαν
1129 2843 1278 2878 ἐπιτιμίαν,
1292 2843 1414 2870 τουτέστι
1430 2843 1673 2875 καθαιρεθήσεται,
