1862 3081
150 150 180 182 3i

398 206 479 243 516
497 206 612 234 CANON
632 207 676 234 lll.

243 252 280 280 De
295 253 453 280 continentia
468 254 589 280 Aurelius
603 255 737 287 episcopus
755 252 822 278 diri:
837 259 845 277 :

156 309 166 325 ι
185 299 251 326 Cum
268 299 293 326 in
309 300 399 334 priore
412 299 517 334 synodo
531 300 564 326 de
579 299 752 326 continentiae
764 302 791 326 et
806 298 936 325 castitatis

196 353 205 370 ι
227 345 306 370 modo
323 345 505 379 quaerebatur,
527 345 639 379 placuit,
663 349 692 371 ut
708 345 735 372 hi
754 349 809 372 tres
826 345 937 379 gradus.

193 400 203 416 ι
223 390 269 424 qui
297 390 404 417 vinculo
423 392 539 424 quodam
564 391 699 418 castitatis
722 398 770 425 per
794 397 939 418 consecra-

194 437 323 462 «tionem
354 435 484 470 implicati
517 440 580 463 sunt
617 436 779 472 (episcopi:
808 437 938 471 inquam,

195 491 204 506 r
223 482 371 517 presbyteri
394 487 420 508 et
436 482 568 515 diaconi),
587 487 616 509 ut
627 488 736 510 sanctos
756 483 897 518 episcopos
913 487 940 510 et

195 536 204 552 ι
224 528 378 555 sacerdotes
396 528 441 555 Dei
464 533 491 556 et
506 529 602 556 levitas
624 534 651 556 et
674 530 773 556 divinis
799 529 940 557 sacriﬁciis

195 583 204 599 ι
225 574 408 601 ministrantes
434 575 530 608 decet,
567 576 594 603 in
623 577 748 603 omnibus
773 576 942 603 continentes

195 627 206 646 ι
226 620 296 653 sint;
312 628 366 655 quo
384 621 489 656 possint
502 622 573 656 quod
583 630 597 649 a
611 622 665 649 Deo
678 623 837 656 simpliciter
849 627 943 657 petunt

196 673 205 690 ι
225 664 370 698 impetrare
387 675 393 693 :
413 671 440 692 ut
457 670 484 693 el
504 666 574 700 quod
592 673 639 700 per
654 667 792 701 apostolos
811 667 940 693 traditum

197 719 207 735 ι
226 714 255 736 et
270 710 305 736 ab
316 712 372 744 ipsa
388 711 549 744 antiquitate
562 716 699 739 servatum
713 717 764 746 est,
777 720 826 740 nos
836 719 943 747 quoque

198 764 207 780 ι
226 754 352 783 similiter
367 763 518 785 servemus.
537 766 546 782 ι

951 203 974 230 Α

192 843 290 872 BALS.
311 844 358 873 llic
375 853 462 873 canon
477 847 535 874 vult
545 854 651 875 omnem
665 854 794 876 exercere
805 848 942 881 virtutem,
959 868 981 896 Β

157 892 203 925 qui
217 896 310 919 sancta
327 893 454 927 mysteria
471 897 653 926 contrectant,
671 896 813 929 episcopos
828 894 942 927 scilicet,

159 935 318 964 sacerdotes
331 942 358 964 et
382 938 512 966 diaconos
529 947 536 966 :
555 943 582 967 et
602 946 662 966 esse
685 939 866 972 continentes,
890 947 944 967 non

158 991 206 1017 per
229 983 314 1010 solam
340 985 570 1017 temperantiam,
597 986 644 1012 sed
670 985 697 1012 in
722 985 795 1012 omni
822 985 894 1013 facto
918 990 945 1013 et

159 1036 253 1062 opere.
269 1028 314 1055 Sic
338 1030 422 1062 enim,
445 1030 545 1065 inquit,
569 1038 584 1057 a
613 1031 668 1058 Deo
691 1031 872 1058 exaudientur
897 1039 945 1065 pro

158 1074 257 1108 populo
284 1079 435 1108 precantes,
461 1081 487 1102 et
511 1084 604 1103 revera
627 1077 769 1104 ostendent
786 1085 815 1104 se
839 1085 870 1105 ea
887 1085 945 1105 ser-

158 1127 224 1146 vare
237 1127 297 1154 quae
317 1127 332 1146 a
349 1121 452 1148 sanctis
471 1121 602 1155 apostolis
627 1122 724 1149 tradita
752 1127 828 1154 sunt,
858 1127 885 1150 et
912 1123 945 1151 ab

160 1166 284 1199 antiqua,
299 1166 398 1194 litteris
415 1175 467 1194 non
492 1168 602 1200 tradita,
618 1168 804 1196 ecclesiastica
827 1177 946 1198 consue—

161 1210 266 1238 tudine.

197 1255 325 1284 ZONAR.
345 1256 383 1285 De
398 1257 505 1284 illorum
524 1259 568 1291 qui
586 1260 672 1287 sacris
688 1259 786 1287 initiati
801 1265 864 1288 sunt
878 1266 947 1289 tem-

160 1303 282 1337 perantia
301 1304 522 1340 continentiaque
539 1305 583 1332 hic
608 1313 695 1333 canon
715 1307 823 1334 disserit
843 1308 946 1342 dicens,

161 1353 217 1376 tres
231 1349 353 1382 ordines,
367 1351 411 1383 qui
428 1357 488 1378 sese
503 1358 551 1378 sua
570 1351 620 1385 ipsi
636 1351 803 1386 professione
827 1354 947 1381 castitati

161 1394 301 1427 addixere,
322 1395 464 1429 episcopos
479 1396 616 1428 videlicet,
632 1397 814 1432 presbyteros,
838 1403 865 1426 et
883 1399 949 1428 levi-

163 1445 215 1472 tas.
232 1441 283 1468 hoc
297 1446 337 1469 est
352 1443 493 1475 diaconos,
510 1442 690 1470 oblationibus
704 1443 758 1471 Deo
770 1445 878 1478 dicatis,
892 1447 948 1473 sive

162 1487 305 1514 incruento
321 1488 467 1520 sacriﬁcio,
479 1490 550 1523 quod
561 1489 669 1517 Numini
686 1491 809 1525 religiose
824 1492 947 1525 oﬁ‘ertur,

162 1532 354 1560 ministrantes
391 1534 584 1561 continentiam
621 1534 648 1561 in
683 1537 808 1563 omnibus
840 1541 984 1569 servarec

162 1581 298 1612 oportere.
313 1579 408 1614 Neque
420 1579 445 1606 in
463 1587 516 1606 una
528 1580 635 1614 quidem
649 1580 737 1615 aliqua
751 1589 781 1609 re
795 1583 950 1610 moderatos

163 1631 235 1658 esse,
253 1624 355 1652 nullum
374 1632 438 1652 vero
453 1625 573 1652 vicissim
591 1625 616 1652 in
634 1626 735 1660 reliqua
762 1628 824 1655 vitae
846 1629 950 1655 ratione

166 1670 300 1698 delectum
317 1670 455 1703 adhibere,
471 1671 518 1698 sed
544 1672 752 1705 temperantiam
771 1673 799 1700 in
824 1674 951 1702 omnibus

164 1716 275 1748 sectari,
293 1716 344 1742 ltoc
362 1721 413 1750 est,
437 1724 533 1744 omnes
556 1724 681 1744 numeros
695 1718 804 1746 virtutis
828 1718 949 1754 implere,

164 1766 195 1788 ut
213 1768 272 1793 quae
287 1768 301 1786 a
318 1760 372 1787 Deo
387 1761 557 1794 simpliciter,
578 1761 629 1788 hoc
648 1766 690 1788 est
712 1762 772 1788 sine
790 1761 842 1788 ulla
867 1762 952 1796 trepi-

165 1807 285 1838 datione,
303 1811 348 1833 aut
364 1806 536 1834 haesitatione
559 1808 710 1841 postulant,
737 1813 950 1843 consequantur.

167 1851 236 1879 Sunt
251 1852 276 1879 hi
289 1859 406 1886 namque
421 1852 493 1879 inter
511 1853 594 1880 Deum
624 1859 651 1881 et
670 1855 795 1881 homines
819 1854 952 1881 interces-

168 1905 252 1931 sores,
271 1898 315 1932 qui
335 1897 441 1926 Numen
462 1900 568 1926 caeteris
593 1900 750 1927 hominibus
778 1901 954 1928 conciliantes

168 1945 290 1973 ﬁdelibus
305 1945 430 1978 salutem,
442 1945 622 1980 universaque
635 1952 769 1974 terrarum
783 1947 842 1974 orbi
859 1955 952 1982 pacem

167 1991 325 2025 deposcunt.
343 1990 371 2017 Si
400 1999 430 2017 se
445 1991 527 2025 igitur
553 1991 580 2018 in
600 1991 672 2018 omni
692 1991 821 2018 virtutum
844 2000 954 2027 genere,

168 2038 267 2072 inquit,
287 2042 443 2070 exerceant,
462 2037 600 2072 Deumque
617 2037 730 2072 proinde
756 2038 871 2065 ﬁdenter
887 2039 956 2066 allo-

167 2088 296 2118 quantur,
326 2083 363 2110 ita
395 2091 506 2117 prorsus
532 2083 567 2110 ab
594 2091 627 2110 eo
654 2091 714 2118 qua:
746 2083 954 2117 postulaverint,

169 2130 373 2164 impetrabunt:
391 2133 418 2156 at
431 2129 454 2156 si
469 2129 553 2156 libere
567 2129 692 2163 loquendi
705 2128 832 2156 facultate
847 2129 957 2164 ipsimet

168 2175 364 2208 dcstituantur.
382 2182 436 2210 quo
453 2179 532 2209 pacto
556 2174 739 2208 deprecatoris
760 2182 857 2202 munus
880 2174 956 2202 obire

784 147 921 179 ΤΗΕΟΙ),
943 145 1146 176 BALSAMON

1737 136 1791 168 32

1279 197 1399 225 ΚΑΝΩΝ
1416 194 1453 222 Γ’.

1024 247 1090 279 Περὶ
1107 245 1280 280 ἐγκρατείας
1296 243 1444 277 Αὐρήλιος
1457 240 1626 273 ἐπίσκοπος
1643 238 1739 267 aliter-

991 304 1000 320 ι
1012 294 1055 320 ‘Ev
1065 294 1097 328 τῇ
1124 290 1297 326 προλαὸούσῃ
1313 289 1412 322 συνόδῳ
1432 288 1467 319 ὡς
1479 287 1542 322 περὶ
1551 286 1655 321 ῥυθμοῦ
1676 287 1796 320 ἐγκρα-

1028 350 1036 365 ι
1052 340 1126 370 τείας
1144 339 1191 366 καὶ
1218 336 1328 372 ἁγνείας
1353 335 1484 369 ἐζητεῖτο,
1511 332 1701 368 ἦρεσεν,ῶστε
1715 332 1795 363 τοὺς

1028 397 1037 412 ι
1050 388 1122 420 τρεῖς
1132 385 1249 421 βαθμοὺς
1257 381 1442 415 τούτους,τοὺς
1452 380 1593 414 συνδέσμῳ
1601 379 1655 406 τινὶ
1666 379 1794 412 ἁγνείας

1030 442 1039 458 ι
1058 433 1100 458 διὰ
1108 432 1158 465 τῆς
1170 429 1360 465 καθιερώσεως
1374 425 1636 462 συμπεπλεγμένους
1652 425 1737 459 (φημὶ
1746 424 1791 458 δὴ

1029 489 1038 506 ι
1060 480 1234 511 ἐπισκόπους,
1259 476 1463 513 πρεσὸυτέρους
1491 476 1538 502 καὶ
1561 472 1727 506 διακόνους),
1743 473 1795 503 ὡς

1030 537 1040 553 ι
1059 528 1159 562 πρέπει
1174 526 1258 557 ὁσίοις
1281 523 1440 554 ἐπισκόποις
1466 521 1514 549 καὶ
1529 520 1630 555 ἱερεῦσι
1647 519 1718 545 Θεοῦ
1735 518 1795 544 καλ

1031 584 1040 600 ι
1059 574 1186 604 Λευῖταις
1212 571 1260 598 καὶ
1275 569 1443 605 ὑπουργοῦσι
1457 568 1542 598 θείοις
1556 564 1788 600 καθιερὼματιν,

1031 629 1040 645 ι
1059 619 1201 654 ἐγκρατεῖς
1212 616 1280 644 εἶναι
1291 618 1319 643 ἐν
1332 616 1427 642 πᾶσιν·
1435 614 1508 644 ὅπως
1518 610 1692 647 δυνηθῶσινὸ
1704 617 1765 643 παρ
1774 608 1794 633 Ξι

1031 675 1041 692 ι
1060 665 1106 692 τοῦ
1124 663 1191 690 Θεοῦ
1205 661 1297 693 ἁπλῶς
1315 660 1436 687 αἰτοῦσιν
1467 658 1604 692 ἐπιτυχεῖν
1621 664 1628 671 ·
1643 656 1687 682 ῖνα
1696 655 1746 682 καὶ
1755 654 1797 680 τδ

1033 723 1042 739 ι
1058 712 1102 739 διὰ
1116 711 1170 738 τῶν
1179 709 1336 737 ἀποστόλων
1353 704 1515 739 παραδοθὲν,
1527 703 1576 731 καὶ
1592 702 1622 735 ἐξ
1635 701 1723 735 αὐτῆς
1735 700 1796 734 τῆς

1034 769 1044 785 ‹
1063 757 1242 793 ἀρχαιότητος
1285 752 1432 785 κρατηθὲν,
1477 751 1525 778 καὶ
1563 747 1786 785 ἡμεῖς-ὁμοίως

1035 814 1044 830 ι
1067 802 1241 837 φυλάξωμεν.
1264 809 1273 826 ι
1578 809 1583 812 -

1033 849 1130 875 ΒΑΛΣ.
1152 848 1182 874 ’0
1198 845 1290 873 κανὼν
1309 841 1388 876 οὗτος
1406 843 1498 877 πάσης
1529 840 1649 877 ἐργάτας
1682 838 1799 872 ἀρετῆς

995 893 1065 923 εἶναι
1077 894 1148 920 θέλει
1159 892 1222 923 τοὺς
1235 891 1269 918 τὰ
1294 890 1362 925 ᾇγια
1394 889 1533 924 μυστήρια
1561 883 1799 922 μεταχειριζομέ-

994 949 1067 972 νους,
1085 940 1171 973 ἧγουν
1184 937 1372 969 ἐπισκόπους,
1390 935 1474 969 ιερεῖς
1496 933 1544 960 καὶ
1556 931 1711 962 διακόνους,
1741 929 1799 955 καὶ

995 986 1142 1021 ἐγκρατεῖς
1155 982 1227 1011 εἶναι
1241 982 1279 1017 μὴ
1294 981 1338 1008 διὰ
1351 981 1437 1016 μόνης
1454 978 1645 1014 σωφροσύνης,
1659 975 1729 1003 ἀλλὰ
1741 975 1799 1002 καὶ

995 1032 1039 1059 διὰ
1055 1030 1155 1061 παντδς
1172 1029 1256 1065 ἔργου
1267 1028 1314 1054 καὶ
1326 1027 1502 1062 πράγματος.
1520 1024 1597 1052 Οὕτω
1611 1023 1677 1058 γὰρ,
1694 1021 1798 1056 φησὶν,

995 1075 1261 1110 εἰσακουσθήσονται
1271 1072 1348 1108 παρὰ
1359 1071 1408 1098 τοῦ
1418 1070 1486 1097 Θεοῦ
1502 1070 1646 1105 εὐχόμενοι
1659 1068 1731 1102 ὑπὲρ
1740 1066 1796 1092 τοῦ

996 1122 1073 1154 λαοῦ,
1084 1121 1131 1148 καὶ
1141 1119 1383 1155 πληροφορήσουσι
1392 1117 1538 1151 φυλάττειν
1549 1116 1583 1142 τὰ
1597 1112 1799 1149 παραδοθέντα

997 1168 1050 1195 ὑπὸ
1069 1167 1124 1194 τῶν
1138 1166 1225 1200 ἁγίων
1255 1163 1427 1194 ἀποστόλων,
1450 1162 1498 1188 καὶ
1517 1162 1570 1187 rma
1593 1161 1645 1195 τῆς
1670 1159 1798 1193 ἀρχαίας

997 1214 1123 1248 ἀγράφου
1150 1209 1390 1245 ἐκκλησιαστικῆς
1401 1207 1575 1238 ἀκολουθίας.

1033 1258 1226 1293 ΖΩΝΔΡῌερὶ
1236 1256 1412 1292 σωφροσύνης
1422 1255 1468 1281 καὶ
1475 1251 1702 1288 ἐγκρατείαςτῶν
1713 1251 1799 1286 ἱερω-

1004 1309 1092 1344 μένων
1106 1307 1120 1333 ὁ
1135 1304 1224 1332 κανὼν
1234 1302 1313 1334 οὗτος
1324 1301 1518 1336 διαλαμΰάνει,
1530 1299 1617 1333 λέγων
1634 1298 1699 1329 τοὺς
1715 1299 1796 1332 τρεῖς

1000 1354 1122 1390 βαθμοὺς
1143 1352 1206 1383 τοὺς
1224 1349 1432 1385 συμπλέξαντας
1453 1347 1580 1378 ἑαυτοὺς,
1599 1345 1647 1372 καὶ
1668 1345 1715 1372 διὰ
1741 1344 1795 1379 τῆς

999 1399 1144 1432 ὁμολογίας
1162 1396 1339 1427 συνδεθέντας
1348 1397 1380 1430 τῇ
1398 1394 1505 1429 ἁγνείᾳ,
1521 1393 1605 1428 ἡγουν
1620 1390 1796 1420 ἐπισκόπους

999 1446 1047 1474 καὶ
1062 1443 1277 1480 πρεσὸυτέρους,
1290 1442 1338 1469 καὶ
1353 1441 1480 1471 Δευῖτας,
1492 1439 1618 1466 τουτέστι
1633 1436 1796 1468 διακόνους,

999 1494 1064 1524 τοὺς
1079 1492 1287 1527 ὑπουργοῦντας
1297 1490 1354 1520 τοῖς
1372 1487 1454 1518 θείοις
1488 1483 1709 1520 καθιερώμασιν,
1731 1482 1796 1517 ἦτοι

1000 1540 1033 1574 τῇ
1049 1538 1213 1572 ἀναιμάκτῳ
1231 1535 1312 1570 θυσίᾳ
1326 1535 1359 1569 τῇ
1377 1530 1580 1567 καθιερουμένῃ
1595 1529 1633 1564 τῷ
1648 1528 1721 1563 Θεῷ,
1736 1528 1799 1554 δεῖν

1001 1585 1166 1619 ἐγκράτειαν
1181 1583 1210 1609 ἐν
1223 1582 1306 1608 πᾶσιν
1322 1580 1429 1611 ἀσκεῖν,
1443 1578 1490 1604 καὶ
1517 1577 1578 1611 οὐχὶ
1605 1576 1635 1602 ἐν
1663 1575 1703 1609 τῷ
1744 1575 1797 1609 μὲν

1001 1630 1147 1665 ἐγκρατεῖς
1162 1626 1242 1659 εἶναι,
1260 1628 1288 1653 ἐν
1300 1626 1338 1661 τῷ
1354 1625 1382 1652 δὲ
1394 1625 1472 1655 αὖθις
1487 1623 1643 1658 ἀδιαφόρως
1658 1621 1720 1656 ζῇν,
1732 1620 1798 1647 ἀλλ’

1001 1677 1031 1703 ὲν
1059 1674 1142 1701 πᾶσιν
1176 1673 1340 1708 ἐγκράτειαν
1377 1670 1509 1704 μετιέναι,
1537 1668 1673 1698 τουτέστι,
1699 1667 1798 1692 πᾶσαν

1002 1719 1166 1757 ἐργάξεσθαι
1188 1719 1299 1755 ἀρετὴν,
1317 1719 1402 1750 ὅπως,
1428 1717 1505 1751 φησὶ,
1532 1714 1683 1748 δυνηθῶσιν
1696 1713 1796 1739 ἐπιτυ-

1003 1769 1072 1803 χεῖν,
1085 1767 1103 1794 ἃ
1116 1766 1209 1797 ἁπλῶς
1230 1764 1337 1791 αἰτοῦσι
1355 1763 1430 1798 παρὰ
1444 1761 1524 1795 Θεοῦ,
1557 1761 1642 1795 ἧγουν
1680 1759 1798 1786 ἀδιστά-

1005 1822 1078 1845 κτως
1095 1813 1143 1839 καὶ
1161 1811 1198 1847 μὴ
1215 1810 1427 1846 διακρινόμενοι.
1441 1806 1523 1836 Οὗτοι
1539 1808 1594 1842 γάρ
1614 1807 1666 1833 εἱσι
1684 1807 1798 1840 μεσῖται

1004 1859 1072 1886 θεοῦ
1083 1859 1130 1885 καὶ
1136 1857 1184 1884 ἀνο
1189 1856 1288 1892 ρώπων
1293 1876 1299 1888 ,
1308 1856 1336 1889 ἐξ
1341 1855 1412 1882 ιλεού
1418 1863 1494 1890 μενοι
1505 1854 1535 1880 τδ
1549 1853 1629 1879 Θεῖον
1639 1853 1696 1883 τοῖς
1703 1851 1798 1882 ἄλλοις

1006 1905 1054 1932 καὶ
1070 1903 1210 1940 σωτηρίαν
1225 1902 1385 1936 αἰτούμενοι
1400 1902 1457 1932 τοῖς
1471 1900 1579 1930 πιστοῖς
1609 1898 1658 1926 καὶ
1681 1897 1798 1932 εἰρήνην

1005 1951 1044 1985 τῷ
1059 1950 1165 1985 κόσμῳ.
1184 1949 1215 1976 Εἰ
1235 1949 1282 1975 οὖν
1298 1949 1401 1979 πᾶσαν,
1418 1947 1497 1981 φησὶ,
1528 1945 1709 1981 μετέρχονται
1733 1944 1799 1977 ἀρε-

1006 1996 1066 2031 τὴν,
1082 1995 1130 2022 καὶ
1147 1994 1218 2021 οὕτω
1236 1992 1476 2030 παρῤησιάζονται
1491 1990 1561 2026 πρὸς
1583 1990 1663 2020 Θεὸν,
1692 1989 1800 2024 τυγχά-

1006 2050 1079 2069 νοιεν
1089 2040 1180 2068 ἂνκαὶ
1191 2039 1247 2066 τῶν
1268 2039 1405 2073 αἰτήσεων
1421 2046 1426 2053 ·
1441 2037 1488 2070 ὡς,
1525 2037 1584 2070 εἴγε
1615 2035 1652 2070 μὴ
1688 2036 1800 2070 παρρη-

1008 2088 1069 2114 σίαν
1084 2087 1183 2122 ἔχοιεν,
1201 2085 1261 2116 πῶς
1279 2085 1312 2111 ἂν
1331 2084 1402 2119 ὑπὲρ
1430 2083 1518 2109 ἄλλων
1549 2080 1798 2116 πρεσὸεύσωνται;

1008 2132 1085 2160 Οὕτω
1092 2133 1146 2168 γὰρ
1159 2129 1461 2166 καὶᾶπαραδεδώκασιν
1474 2129 1498 2155 οἱ
1512 2127 1667 2158 ἀπόστολοι,
1681 2125 1802 2160 φυλάξο-

1010 2186 1071 2212 μεν,
1088 2177 1181 2204 καὶτὰ
1206 2177 1250 2204 διὰ
1265 2177 1316 2211 τῆς
1332 2175 1512 2210 ἀρχαιότητος
1541 2171 1800 2208 κατακρατηθέντα,

169 2228 217 2255 pro
233 2221 295 2248 aliis
311 2209 433 2255 queant?
447 2220 564 2248 Proinde
591 2221 643 2247 hac
669 2221 785 2252 ratione.
803 2225 829 2248 et
843 2228 904 2256 quae
921 2222 943 2248 al

1030 2232 1094 2258 γουν
1125 2222 1174 2250 καὶ
1201 2223 1236 2249 τὰ
1261 2209 1410 2257 ἐγγράξρνως
1437 2219 1672 2255 νενομοθετημένα
1700 2218 1748 2244 καὶ
1764 2218 1800 2243 τὰ

169 2268 298 2302 apostolis
311 2267 421 2301 tradita,
439 2272 466 2294 et
481 2274 542 2302 quan
558 2267 660 2301 antiqui
689 2267 818 2301 temporis
838 2274 955 2294 consue-

171 2315 263 2342 tudine
290 2314 432 2349 hucusque
456 2317 586 2347 usurpata
616 2317 699 2346 sunt,
729 2313 782 2340 hoc
808 2318 867 2346 est,
899 2318 954 2340 tum

1008 2270 1141 2305 ἀγράφως
1158 2270 1202 2296 διὰ
1214 2270 1266 2305 τῆς
1287 2269 1399 2304 μακρᾶς
1429 2267 1477 2295 καὶ¹
1503 2267 1621 2303 ἀρχαίας
1653 2264 1803 2299 συνηθείας

1009 2311 1197 2350 κρατήσαθια.

171 2369 203 2388 ea
241 2369 301 2396 quae
328 2361 438 2397 scriptis
475 2361 579 2397 legibus
595 2381 602 2395 ,
633 2365 689 2388 tum
725 2367 757 2387 ea
784 2367 844 2394 quae
876 2359 935 2387 sine
962 2361 1071 2396 scriptis
1093 2361 1172 2395 longa
1197 2366 1225 2387 et
1248 2360 1358 2395 antiqua
1386 2356 1584 2386 consuetudine
1613 2353 1801 2391 continentur,

172 2409 352 2436 servabimus.

171 2466 285 2496 ARIST.
301 2477 310 2493 ι
323 2467 474 2501 Episcopus
488 2470 515 2492 et
529 2465 671 2500 presbyter
682 2468 709 2491 et
723 2463 855 2491 diaconus
867 2468 958 2490 castus

417 2522 427 2538 ι
446 2513 480 2539 sit
497 2518 523 2539 et
539 2512 691 2539 continens.
715 2521 723 2536 ι

475 2579 590 2608 CANON
612 2579 658 2606 ιν.

175 2652 185 2669 ι
206 2642 308 2673 Placet,
326 2645 354 2666 ut
368 2639 511 2674 episcopus
524 2643 550 2665 et
571 2638 714 2674 presbyter
732 2642 758 2665 et
774 2637 913 2667 diaconus,
931 2639 958 2662 et

1012 2460 1124 2488 ΑΡΙΣΤ.
1142 2469 1151 2486 ι
1171 2459 1348 2489 Ἐπίσκοπος,
1376 2456 1424 2484 καὶ
1450 2455 1649 2490 πρεσϐύτερος,
1679 2453 1726 2479 καὶ
1744 2453 1802 2479 δια-

1131 2516 1140 2532 ι
1159 2513 1247 2537 κονος,
1266 2504 1347 2537 ἁγνὸς
1367 2502 1438 2529 ἔστω
1451 2501 1498 2528 καὶ
1515 2501 1678 2536 ἐγκρατής.»

1332 2569 1451 2598 ΚΛΝΩΝ
1467 2571 1502 2596 Δ’.

1017 2642 1026 2658 ι
1052 2630 1176 2665 Ἀρέσκει
1204 2627 1247 2654 ἴνα
1276 2626 1425 2656 ἐπίσκοπος
1452 2624 1490 2661 (7)
1501 2625 1546 2651 καὶ
1558 2623 1740 2659 πρεσϐύτερος
1754 2625 1799 2651 καὶ

792 2705 890 2736 Guill.
909 2700 1073 2739 Beveregii
1088 2702 1182 2729 noue.

215 2774 254 2809 (7)
274 2772 404 2806 Ἀρέσκει
419 2773 469 2799 ἵνα
498 2772 682 2809 ἐπίσκοπος,
697 2771 726 2798 ln
754 2768 926 2809 Balsamonis
940 2772 967 2793 cl

180 2807 296 2838 Zenone
315 2808 522 2835 commentariis
538 2808 655 2834 antehae
678 2807 841 2839 impressis,
860 2810 966 2830 necnon

183 2848 211 2872 iu
234 2843 330 2871 codice
350 2851 487 2870 canonum
511 2843 640 2870 Ecclesia:
671 2841 820 2868 Africaine.
849 2845 970 2873 prmseus

185 2881 230 2908 hic
243 2887 331 2907 catum
351 2881 401 2907 hoc
418 2879 497 2907 modo
514 2879 629 2914 legitur:
646 2877 713 2910 Περὶ
727 2875 863 2909 διαφόρων
875 2872 976 2905 τάξ-ων

1020 2761 1186 2798 ὀφειλουσῶν
1203 2759 1355 2798 ἀπέχεσθαι
1367 2757 1677 2798 γυναιικῶνιψαυστῖνος
1693 2755 1799 2798 ἐπίσκο-

1021 2791 1073 2830 1—.‘0;
1091 2791 1462 2831 Πικὲνουντῆξνξῖοτεντηνῇς
1486 2791 1578 2831 χώρας
1592 2812 1602 2831 ,.
1614 2792 1800 2831 τοποῑηρητης

1028 2826 1072 2868 τῆς
1093 2826 1258 2865 Ἐκκλησίαέ
1277 2828 1399 2863 Ῥώμης,
1422 2826 1798 2868 εἷπεξχᾍρέσκειιῖνανὲπὶ-

1033 2860 1133 2900 caeno;
1151 2860 1198 2894 mi.
1217 2860 1406 2900 πρεσῦύτερος
1423 2863 1467 2889 καὶ
1491 2860 1623 2894 διάκενος,
1642 2861 1688 2888 καὶ
1707 2860 1802 2891 πάντες
