1862 3081
164 144 199 174 39
792 134 933 165 ΤΗΕΟΙ).
955 133 999 162 ΒΛ
1006 134 1069 163 LSA
1076 134 1153 164 MON
1746 137 1776 168 40

159 199 196 225 De
221 205 268 226 sua
294 197 365 224 enim
392 195 521 230 dignitate
551 195 578 222 in
600 192 748 228 periculum
773 192 871 224 veniet,
889 191 937 217 hoc

1029 189 1153 222 φεύξεται
1171 190 1215 215 τὸν
1234 190 1366 218 κίνδυνον.
1386 193 1560 220 Κινδυνεύσει
1579 194 1633 229 γὰρ
1654 195 1719 230 περὶ
1735 196 1778 229 τὴν

159 250 210 273 e51,
235 244 394 276 deponetur.
615 270 617 273 ,

192 287 318 315 ZONAR.
332 286 398 314 Cum
411 287 442 313 de
465 284 654 312 interdicendo
680 283 785 311 clericis
800 281 937 309 fenerat-io

159 338 261 369 qutestu
287 333 329 360 hic
357 339 443 359 canon
469 337 580 358 acturus
595 331 641 362 sit,
669 330 702 356 dc
726 328 838 355 avaritia
856 327 942 361 primo

159 380 279 410 disserit,
304 385 417 411 eamque
441 377 560 404 omnium
588 376 717 403 tualorum
741 379 879 409 parentem
896 381 943 407 ap-

159 425 248 459 pellat,
262 424 515 455 continendamque,
538 422 588 449 hoc
611 426 652 448 est
670 420 845 447 c0ercendam
862 424 943 453 atque

160 471 350 506 amputandam
367 477 426 497 esse
441 468 572 500 decernit,
590 475 624 494 ne
643 475 686 494 res
702 467 804 494 alienas
821 466 940 497 invadat,

158 516 254 550 eisque
278 516 414 542 abutatur.
441 515 560 541 Abusnm
577 519 640 540 vero
655 513 842 539 inconcessum
857 511 942 538 alicu-

159 562 202 595 ius
219 561 259 588 rei
274 568 351 588 usum
365 559 523 587 nominavit.
538 558 608 586 Usus
621 564 684 584 vero
710 557 748 583 rei
768 557 942 582 inconcessus

159 607 241 635 etiam
267 611 320 638 est,
338 605 438 640 aliquid
454 605 574 631 honestae
587 610 676 630 causa:
692 605 883 638 prietexentem
900 609 943 627 res

161 652 263 679 alienas
285 651 402 677 auferre.
420 649 497 682 Nam,
521 654 548 676 et
569 649 615 683 qui
636 648 770 680 i'eneranl,
797 647 874 681 quasi
898 647 942 680 qui

161 697 253 724 fenore
269 695 405 730 accipiunt
428 695 492 722 illud
520 695 547 721 in
575 701 652 721 suutn
679 693 848 720 commodqu
877 699 943 719 cou-

160 748 277 773 vertaut,
304 742 339 768 ita
356 748 387 767 ex
412 740 503 767 fenore
527 739 603 766 lucro
623 746 683 766 sese
693 735 781 772 {potiri
798 737 941 764 afﬁrmant.

161 788 346 815 llesecandam
369 787 459 820 itaque
481 786 559 812 aliter
585 785 727 812 avaritiam
746 788 878 815 autumat,
900 791 941 816 ac,

161 841 195 860 ne
220 833 286 860 lucri
305 832 452 866 cupiditate
468 831 630 858 constitutos
645 838 659 856 a
674 829 799 856 Patribus
815 830 943 856 terminos

143 879 294 913 quispiam
314 877 459 908 transiliat,
477 876 679 910 providendum.
701 874 842 901 Tertninos
862 881 943 908 porro

160 923 270 950 Patrum
286 930 378 950 sacros
395 929 514 949 canones
528 921 688 949 nominavit.
711 920 777 947 Nam
793 925 819 947 et
834 924 943 947 sancto-

161 978 220 996 rutu
240 969 421 1004 apostolorum
442 973 539 1001 quarto
561 972 588 994 et
607 967 814 1002 quadragesimo
829 973 942 999 canone,

159 1015 228 1042 sacri
252 1015 355 1042 ordinis
381 1014 534 1041 hominibus
551 1012 674 1040 fenerare
690 1020 722 1039 ne
736 1012 828 1044 liceat,
843 1011 942 1039 consti-

160 1066 256 1087 tutum.
269 1060 302 1088 Et
312 1061 403 1094 primae
413 1060 586 1087 mcumenieat
596 1058 690 1093 synodi
705 1058 810 1085 decimo
819 1057 942 1091 septimo,

159 1107 203 1141 qui
230 1111 404 1133 recensentur
430 1105 456 1132 iu
479 1112 592 1136 canone,
631 1103 654 1131 si
685 1103 761 1130 fenus
789 1107 942 1135 exerceant,

159 1151 330 1186 depositione
345 1150 493 1178 multantur
505 1155 533 1177 et
559 1149 782 1176 condemnautur.
798 1147 830 1174 Et
848 1146 945 1173 Laodi-

159 1204 232 1224 cenzc
255 1197 350 1231 synodi
370 1204 455 1223 canon
471 1195 488 1222 4
513 1194 598 1221 sacris
614 1193 733 1220 initiatos
756 1200 811 1219 rem
829 1192 944 1226 aliquam

160 1243 254 1269 fenore
266 1243 355 1269 locare
369 1241 480 1268 omnino
499 1245 584 1267 vetat.
602 1239 656 1266 Hos
674 1246 738 1273 ergo
759 1245 876 1265 canones
895 1238 945 1264 Pa-

162 1294 233 1315 trum
250 1288 378 1315 terminos
395 1285 567 1321 nuncupavit.
584 1285 733 1312 Resecetur
747 1291 822 1315 vero,
847 1284 944 1318 inquit,

161 1333 330 1368 inexplebilis
353 1332 466 1359 habendi
482 1331 629 1366 cupiditas,
654 1335 684 1356 ut
706 1337 740 1356 ne
765 1329 863 1356 clerico
888 1329 945 1356 cui-

160 1386 240 1413 quam
265 1385 370 1410 usuras,
389 1383 550 1412 quacunque
565 1375 674 1403 deruunt
688 1382 722 1402 ex
750 1382 790 1407 re,
808 1375 946 1408 percipere

162 1425 216 1451 ullo
239 1425 318 1451 modo
333 1423 421 1450 liceat.
454 1421 509 1449 Nec
526 1422 598 1448 enim
630 1421 743 1456 pecunia
766 1420 944 1452 solummodo,

162 1469 209 1496 sed
223 1468 388 1496 frumentum
415 1475 534 1502 quoque,
554 1468 647 1494 vinum
672 1466 810 1498 etoleutn,
840 1465 946 1499 aliaque

993 235 1096 261 οἰκείαν
1113 235 1265 270 ἐπιτιμίαν,
1282 237 1404 263 τουτέστι
1420 238 1658 274 καθαιρεθήσεται.

1029 280 1152 307 ΖΩΝΛΡ.
1169 281 1238 316 Περὶ
1253 281 1299 308 τοῦ
1315 282 1353 317 μὴ
1367 283 1485 315 τοκίζειν
1501 284 1648 319 κληρικοὺς
1664 286 1677 312 ὁ
1695 286 1780 312 κανὼν

992 323 1172 357 διατάξασθαι
1201 326 1325 360 μέλλων,
1354 329 1419 361 περὶ
1447 329 1600 364 ἀπληστίας
1626 331 1780 364 διαλέγεται

993 370 1112 405 πρῶτον,
1129 372 1175 398 mi.
1190 372 1290 407 ταύτην
1306 372 1380 400 εἶναί
1395 383 1460 408 φησι
1475 375 1530 401 τῶν
1546 377 1638 403 κακῶν
1656 377 1780 404 ἁπάντων

995 415 1112 450 μητέρα,
1133 416 1166 451 ἢν
1187 418 1234 443 καὶ
1255 419 1366 452 ἐπέχειν
1387 419 1485 454 ὁρίζει,
1505 422 1630 448 τουτέστι
1654 423 1778 454 κωλύειν,

993 460 1174 493 ἀνακόπτειν,
1193 462 1236 489 ἵνα
1253 463 1290 498 μὴ
1307 465 1361 496 τοῖς
1378 465 1529 500 ἀλλοτρίοις
1546 467 1719 504 ἐπεμϐαίνῃ,
1735 469 1780 495 καὶ

993 506 1196 541 κατακέχρηται
1222 509 1322 540 αὐτοῖς.
1344 510 1520 545 Κατὰχρησιν
1545 512 1567 538 δ’
1582 512 1710 547 ὠνόμασε
1736 513 1780 549 τὴν

993 551 1069 585 παρὰ
1084 552 1114 578 τὺ
1131 553 1189 578 δέον
1204 554 1319 588 χρῆσιν·
1336 556 1434 590 χρῆσις
1454 557 1482 583 δὲ
1506 558 1580 592 παρὰ
1596 559 1625 584 τὺ
1647 559 1708 586 δέον
1724 560 1779 586 ἐστὶ

993 597 1040 622 καὶ
1053 596 1082 622 τὺ
1095 598 1259 633 εὐαφόρμως
1272 598 1343 634 τάχα
1356 601 1390 626 τὰ
1404 601 1534 636 ἀλλότρια
1548 603 1738 639 ἀφαιρεῖσθαι.
1751 607 1779 633 Ol

993 641 1047 676 γὰρ
1064 642 1233 675 δανείζοντες
1250 645 1296 671 ἐπὶ
1313 646 1413 678 τόκοις,
1431 647 1467 678 ὼς
1484 647 1565 682 δῆθεν
1581 649 1780 685 ὠφελουμένων

992 687 1045 713 τῶν
1063 687 1273 723 δανειζομένων,
1294 691 1326 716 ἐκ
1345 691 1391 717 τοῦ
1411 692 1508 724 δάνους
1529 695 1597 726 φασὶ
1617 696 1664 722 καὶ
1685 697 1781 728 αὐτοὺς

993 734 1177 769 συμμετέχειν
1192 735 1238 761 τοῦ
1256 736 1379 770 κέρδους.
1397 737 1451 764 Καὶ
1468 739 1555 770 ἄλλως
1571 740 1598 766 δὲ
1616 742 1780 768 ἀνακόπτειν

993 778 1050 810 δεῖ,
1070 781 1154 815 φησὶ,
1172 781 1220 816 τὴν
1240 781 1413 816 πλεονεξίαν,
1432 783 1476 810 ἵνα
1496 785 1532 820 μὴ
1551 785 1594 811 διὰ
1611 786 1706 820 κέρδος
1721 787 1781 818 τοὺς

993 824 1047 850 τῶν
1062 825 1191 856 Πατέρων
1206 827 1284 861 ὄρους
1299 836 1340 859 τις
1355 829 1519 866 ὑπερῦαίνῃ.
1534 831 1613 866 ὄρους
1627 832 1681 858 τῶν
1697 833 1782 860 Πατέ-

995 878 1050 904 ρων
1065 871 1129 901 τοὺς
1147 872 1237 906 ἱεροὺς
1255 874 1371 906 κανόνας
1390 875 1493 902 καλῶν.
1507 877 1540 902 Ὅ
1557 885 1586 903 τε
1606 877 1660 912 γὰρ
1682 877 1723 913 μδ¹
1737 887 1784 905 κα-

994 915 1048 942 νὼν
1069 917 1122 943 τῶν
1142 918 1300 945 ἀποστόλων
1321 920 1352 946 τὸ
1375 921 1508 953 δανείζειν
1530 922 1593 954 τοὺς
1617 923 1783 957 ῐερωμένους

994 963 1040 989 ἐπὶ
1054 964 1143 995 τόκοις
1158 965 1336 1000 ἀπαγορεύει,
1353 967 1400 993 καὶ
1413 968 1427 993 ό
1440 967 1488 1001 τῆς
1503 968 1614 1003 πρώτης
1629 970 1784 1005 οέκουμενι-

994 1008 1045 1042 κῆς
1063 1009 1173 1035 συνόδου
1192 1009 1223 1042 ιζ’
1236 1010 1326 1037 κανὼν
1341 1011 1501 1045 καθαιρέσει
1518 1013 1720 1040 nev-nominat
1737 1016 1783 1042 xui.

994 1054 1170 1086 καταδικάζει
1191 1056 1254 1087 τοὺς
1275 1058 1304 1082 ἐν
1326 1056 1365 1091 τῷ
1386 1057 1480 1083 κανόνι
1502 1057 1715 1092 ἐξεταζομένους
1737 1060 1784 1087 ἐπὶ

994 1101 1083 1132 τόκοις
1100 1101 1283 1133 δανείζοντας.
1300 1102 1356 1129 Καὶ
1372 1103 1385 1128 ὁ
1400 1103 1451 1136 τῆς
1467 1104 1495 1129 ἐν
1511 1103 1656 1140 Λαοδικείᾳ
1675 1106 1782 1133 συνόδου

994 1144 1014 1171 δ’
1028 1145 1118 1172 κανὼν
1131 1147 1281 1182 ἀποτρέπει
1295 1149 1350 1178 τοῖς
1367 1148 1516 1182 ἱερατικοῖς
1527 1149 1558 1175 τὸ
1572 1149 1620 1175 ἐπὶ
1633 1150 1724 1182 τόκοις
1737 1151 1783 1177 δα-

995 1192 1102 1223 νείζειν.
1120 1193 1236 1225 Τούτους
1252 1191 1299 1220 οὖν
1314 1194 1378 1225 τοὺς
1395 1194 1510 1226 κανόνας
1527 1195 1606 1229 ὄρους
1623 1196 1678 1223 τῶν
1695 1197 1783 1224 Πατέ-

996 1246 1051 1272 ρων
1068 1238 1206 1266 ἐκάλεσεν.
1222 1239 1429 1267 ’Δνακοπτέσθω
1441 1241 1479 1274 δὲ,
1495 1243 1590 1277 φησὶν,
1605 1243 1620 1277 ἡ
1634 1242 1783 1278 ἀπληστία,

995 1283 1043 1308 καὶ
1060 1283 1103 1310 ἶνα
1122 1284 1159 1318 μὴ
1178 1284 1224 1319 ἐξῇ
1243 1285 1366 1320 κληρικῷ
1384 1287 1520 1322 οἱῳδήτινι
1536 1288 1615 1314 τόκον
1631 1288 1784 1322 λαμϐάνειν

995 1328 1048 1354 ἀπὸ
1065 1329 1223 1364 οίουδήποτε
1243 1331 1417 1366 πράγματος.
1436 1332 1473 1359 Οὐ
1493 1333 1574 1367 μόνον
1590 1334 1646 1369 γὰρ
1662 1334 1786 1369 ἀργύρια

996 1375 1172 1408 δανείζονται,
1188 1376 1255 1402 ἀλλὰ
1271 1378 1318 1402 καὶ
1334 1379 1407 1408 σῖτος
1422 1378 1470 1404 καὶ
1484 1376 1556 1410 οῐνος
1572 1380 1617 1404 καὶ
1633 1379 1723 1405 ἔλαιον
1738 1379 1785 1404 καὶ

999 1419 1083 1455 μυρία
1102 1421 1183 1452 ἕτερα
1201 1421 1268 1456 είδη.
1288 1421 1343 1448 Καὶ
1361 1421 1455 1457 ὥσπερ
1474 1423 1590 1450 ἐπὶτῶν
1605 1423 1784 1459 νομισμάτων

999 1467 1185 1500 συμφωνεῖται
1204 1466 1322 1493 δίδοσθαι
1340 1468 1429 1501 τόκος,
1447 1468 1518 1496 οὕτω
1539 1470 1587 1496 κα)⁸
1608 1469 1726 1496 ἐπὶτῶν
1747 1470 1787 1496 ει-

163 1522 253 1542 rerum
285 1522 383 1549 genera
415 1513 622 1541 innumerabilia
644 1512 732 1539 fenori
761 1511 893 1538 locantur.
913 1510 934 1536 E

1029 1520 1059 1539 ιν,
1076 1512 1210 1544 Δανείζων
1225 1513 1280 1548 γάρ
1295 1522 1337 1544 τις
1355 1515 1427 1540 σῖτον
1443 1514 1524 1549 τυχὸν
1542 1515 1649 1548 μοδίους
1666 1515 1784 1547 ἑκατὸν,

161 1560 386 1594 quemadmodum
403 1559 428 1586 iu
449 1558 572 1594 pecunia,
589 1558 625 1584 ita
643 1565 675 1584 ex
707 1557 830 1584 condicto
857 1564 946 1583 usura:

163 1607 189 1633 in
205 1607 265 1633 aliis
277 1613 366 1633 rerum
384 1606 530 1640 generibus
557 1605 713 1638 exiguntur.
745 1602 821 1629 Datis
850 1609 947 1636 nempe

162 1654 308 1688 quispiam,
323 1653 439 1687 exempli
461 1659 554 1682 causa,
573 1650 676 1677 tntttuis
692 1654 800 1677 centum
819 1648 946 1675 frumenti

165 1701 274 1731 tnodiis,
291 1700 425 1734 prteﬁnito
439 1703 561 1732 tempore
578 1697 672 1730 elapso
698 1700 805 1722 centum
824 1702 852 1722 se
871 1695 946 1721 insu-

164 1754 214 1781 per
239 1746 391 1773 modiorum
418 1751 559 1771 numerum
591 1746 766 1776 accepturum
792 1741 946 1776 paciscitur,

165 1791 244 1825 idque
259 1791 287 1817 in
303 1790 363 1817 aliis
374 1790 468 1817 eodem
487 1789 575 1815 tuodo.
592 1786 630 1814 Ne
653 1787 715 1821 quis
730 1786 811 1820 igitur
829 1790 903 1812 esset
920 1786 947 1812 in

165 1836 342 1864 adulterando
355 1842 456 1862 canone
467 1833 553 1861 fraudi
580 1833 666 1865 locus,
681 1833 717 1860 ita
742 1836 800 1859 uta
832 1831 947 1865 pecunia

164 1881 271 1915 quidem
287 1880 444 1911 fenerauda,
460 1887 512 1907 non
527 1884 615 1906 tamen
631 1880 664 1905 ab
683 1878 773 1905 usuris
790 1885 821 1904 ex
834 1877 947 1904 aliarqu

164 1936 255 1955 rerum
282 1927 431 1954 mutatione
443 1926 602 1960 colligendis
623 1925 721 1952 sacrati
737 1924 860 1951 homines
886 1922 948 1949 abs-

165 1974 300 2006 tinerent;
326 1972 428 2000 idcirco
441 1971 547 2004 Patres,
566 1977 600 1997 ne
611 1977 643 1996 ex
661 1977 823 2004 quacurtque
844 1975 873 1995 re
900 1967 948 1994 de-

165 2027 237 2045 mum
255 2025 354 2045 usuras
376 2018 515 2052 percipere
531 2017 622 2048 liceat,
638 2016 774 2042 addidere.
789 2015 827 2041 Ac
840 2021 872 2040 ea
889 2014 949 2048 qui-

164 2064 235 2096 dem,
251 2063 385 2097 inquiunt,
401 2069 460 2097 ane
488 2062 571 2088 relata
596 2067 693 2094 nuper,
723 2060 774 2086 hoc
798 2064 849 2090 est,
872 2059 949 2086 nobis

165 2108 316 2143 signiﬁcata
332 2112 406 2140 sunt,
433 2106 548 2133 obscura
575 2105 684 2139 quippe,
703 2104 728 2131 id
754 2108 805 2136 est,
836 2103 949 2136 incerta,

166 2153 284 2181 involuta
297 2153 415 2180 tenebris
432 2157 459 2180 et
475 2152 576 2187 ignota,
593 2149 815 2180 elformabuntur,
832 2150 881 2176 hoc
897 2154 947 2182 est,

166 2209 180 2227 a
196 2201 271 2227 nobis
286 2205 413 2226 accurate
425 2199 552 2226 meditata
567 2198 745 2224 deﬁnientur:
759 2204 819 2231 qua:
834 2204 898 2223 vero
908 2197 948 2223 di-

166 2245 235 2272 vina:
251 2245 398 2280 Scriptura:
412 2244 529 2272 oraculis
558 2244 727 2278 praescripta,
760 2243 816 2269 sive
848 2243 950 2269 consti-

167 2297 234 2324 tttta,
247 2292 355 2318 decreta
371 2295 446 2323 sunt,
459 2290 523 2316 nihil
533 2290 567 2316 de
585 2290 617 2316 iis
632 2289 777 2323 quidquam
793 2289 948 2320 decernere,

167 2336 217 2362 hoc
233 2341 272 2362 est
286 2355 293 2367 ,
321 2336 488 2362 constituere
500 2354 507 2366 ,
535 2336 581 2361 sed
597 2341 628 2360 ea
642 2352 650 2365 ,
669 2341 727 2368 qure
754 2334 810 2368 jam
840 2333 948 2360 deﬁnita

166 2387 240 2414 sunt,
254 2382 330 2416 sequi
345 2388 380 2408 ac
391 2387 499 2407 servare
514 2384 630 2413 oportet.
647 2379 747 2406 Divina:
778 2387 858 2412 porro
874 2379 949 2406 Scri-

167 2431 252 2460 ptura:
265 2426 443 2460 appellatione
478 2431 569 2451 sacros
597 2431 715 2450 canones
744 2431 776 2450 ac
802 2423 949 2458 Scriptura:

167 2472 319 2499 testimonia
336 2471 509 2505 signiﬁcavit,
526 2469 604 2504 quale
617 2469 680 2496 illud
706 2474 763 2496 est:
781 2468 841 2495 Non
873 2469 949 2496 dabis

167 2518 245 2552 [rutri
259 2522 303 2543 tuo
314 2518 450 2551 pecuniam
468 2517 502 2543 ad
514 2524 640 2549 usuram;
652 2520 679 2544 et
693 2516 769 2548 illud,
804 2515 950 2543 Pecuniam

167 2572 241 2590 suam
267 2572 318 2590 non
330 2563 402 2590 dedit
416 2563 450 2590 ad
469 2571 590 2595 usuram,
604 2567 630 2589 et
642 2569 808 2597 quaecunque
832 2562 884 2589 alia
901 2562 950 2588 hu-

165 2610 282 2645 jnsmodi
300 2610 482 2645 reperiuntur.
515 2608 583 2636 Hinc
597 2609 728 2635 rationem
761 2616 879 2642 quoque,
903 2616 951 2635 cur

170 2658 286 2685 sacratis
310 2657 464 2686 hominibus
485 2656 610 2684 fenerare
636 2657 793 2684 indecorutu
816 2664 847 2683 ac
874 2661 951 2690 tttrpe

169 2705 214 2735 sit,
227 2703 373 2738 explicant.
386 2703 462 2735 Quod
491 2702 563 2729 enim
590 2703 616 2728 itt
647 2701 735 2733 laieis,
752 2702 887 2735 inquiunt,
908 2709 951 2728 an-

169 2756 227 2775 sam
247 2749 464 2782 reprehensionis
478 2748 589 2783 prmliet,
606 2748 657 2774 hoc
681 2752 733 2780 est,
764 2747 952 2782 vituperationi

170 2795 409 2829 criminationique
436 2795 583 2822 obnoxium
610 2799 670 2826 est,
700 2794 784 2820 multo
813 2793 897 2829 magis
925 2794 952 2821 iu

170 2842 276 2872 clericis
293 2841 373 2871 fuerit
385 2842 629 2870 condemnandum.
641 2841 680 2868 Ad
696 2841 752 2868 haec
775 2842 890 2876 synodus
906 2849 951 2869 ne-

998 1559 1138 1592 συμφωνεί
1162 1558 1254 1585 λαὸεῖν
1281 1559 1350 1593 μετὰ
1376 1561 1473 1594 καιρὸν
1497 1561 1649 1596 ὡρισμένον
1676 1562 1787 1597 μοδίους

997 1603 1126 1630 ἐπέκεινα
1145 1603 1252 1637 τόσους,
1275 1606 1322 1631 καὶ
1344 1605 1391 1632 ἐπὶ
1412 1606 1467 1632 τῶν
1489 1607 1577 1634 ἄλλων
1599 1608 1710 1642 ὁμοίως.
1726 1608 1787 1634 Ἵνα

997 1648 1043 1675 οὖν
1063 1650 1100 1684 μὴ
1119 1650 1325 1685 περιγράφηται
1345 1653 1358 1678 ὁ
1379 1651 1481 1685 κανὼν,
1499 1653 1656 1688 νομίσματα
1678 1653 1727 1688 μὲν
1748 1653 1788 1688 μὴ

997 1694 1174 1726 δανειζόντων
1192 1695 1238 1722 ἐπὶ
1256 1696 1327 1731 τόκῳ
1343 1696 1397 1723 τῶν
1416 1697 1589 1732 ἱερωμένων,
1609 1699 1638 1724 ὲν
1655 1699 1738 1725 εἴδεσι
1758 1699 1789 1725 δὲ

997 1739 1076 1766 τοῦτο
1102 1740 1266 1772 ποιούντων,
1289 1742 1452 1777 προσέθεντο
1474 1744 1499 1769 οἱ
1521 1743 1662 1779 Πατέρες,
1686 1744 1790 1780 οἱουδή-

998 1795 1063 1812 ποτε
1084 1787 1256 1822 πράγματος.
1278 1787 1333 1814 Καὶ
1352 1788 1386 1814 τὰ
1408 1788 1457 1823 μὲν
1478 1789 1574 1816 νεωστὶ
1594 1790 1788 1825 ἀνενεχθέντα,

997 1831 1136 1858 τουτέστιν
1147 1833 1369 1867 ὑπομνησθέντα,
1382 1835 1475 1867 φασὶν,
1488 1835 1601 1870 ἀμαυρὰ
1613 1835 1689 1868 ὄντα,
1701 1836 1790 1871 ἤγουν

997 1878 1104 1912 ἀσαφῆ,
1120 1879 1246 1905 σκοτεινὰ
1256 1899 1264 1911 ,
1279 1879 1450 1914 ἀγνοούμενα
1462 1900 1469 1912 ,
1483 1881 1709 1916 τυπωθήσονται,
1726 1882 1791 1908 ἀντὶ

998 1923 1045 1949 τοῦ
1065 1923 1256 1959 ὁρισθήσονται
1276 1923 1341 1959 παρ’
1354 1925 1433 1959 ἡμῶν
1454 1926 1641 1960 σκοπούμενα,
1661 1925 1679 1953 ἃ
1701 1927 1750 1953 καὶ⁸
1773 1928 1791 1962 ἡ

999 1967 1058 1994 θεία
1072 1968 1166 2004 Γραφὴ
1179 1969 1332 2001 ἐθέσπισεν,
1348 1970 1407 2004 ἦτοι
1420 1970 1612 2005 ἐνομοθέτησε,
1626 1971 1790 2005 δ;ωρίσατο,

999 2014 1063 2048 περὶ
1081 2015 1192 2040 ἐκείνων
1209 2014 1239 2041 οὐ
1259 2014 1300 2040 δεῖ
1316 2014 1494 2049 ψηφίζεσθαι,
1514 2016 1654 2042 τουτέστιν
1673 2017 1792 2050 ἀποφαίε

1000 2061 1108 2093 νεσθαι,
1124 2060 1191 2087 ἀλλά
1208 2062 1256 2086 καὶ
1272 2061 1387 2087 ἕπεσθαι
1405 2062 1452 2087 καὶ
1469 2061 1627 2088 ἀκολουθεῖν
1643 2063 1701 2094 τοῖς
1717 2071 1794 2089 νενοο

1002 2106 1207 2141 μοθετημένοις.
1220 2107 1301 2132 Θείαν
1316 2106 1343 2132 δὲ
1357 2106 1470 2142 Γραφὴν
1483 2107 1547 2139 τούς
1560 2116 1590 2134 τε
1607 2108 1697 2143 ἱεροὺς
1712 2109 1795 2134 κανό-

1001 2160 1048 2183 νας
1059 2151 1193 2186 ὠνόμασε,
1203 2152 1252 2182 τὰς
1264 2152 1402 2185 γραφικὰς
1415 2153 1520 2186 ῥήσεις,
1529 2152 1558 2178 τὸ
1572 2153 1632 2179 οὐκ
1644 2153 1794 2186 ὲκτοκιεῑς

1003 2197 1034 2223 τὸ
1047 2197 1189 2230 ἀργύριόν
1196 2203 1255 2223 σου
1264 2197 1302 2229 τῷ
1315 2196 1435 2231 ἀδελφῷ
1447 2206 1515 2229 σου,
1526 2198 1573 2224 καὶ
1582 2198 1621 2230 τὸ,
1635 2198 1796 2232 Ἀργύριον

1002 2242 1095 2269 αὐτοῦ
1108 2243 1163 2268 οὐκ
1177 2242 1288 2268 ἔδωκεν
1299 2242 1349 2269 ἐπὶ
1363 2243 1449 2276 τόκῳ,
1464 2242 1511 2268 καὶ
1523 2243 1572 2269 ὅσοι
1584 2243 1707 2270 τοιαῦτα.
1722 2242 1794 2270 Εῐτα

1003 2287 1051 2314 καὶ
1066 2287 1301 2319 κατασκευάζουσι
1315 2287 1373 2319 πῶς
1387 2288 1486 2315 ἄτοπόν
1499 2289 1558 2314 ἐστι
1573 2290 1620 2315 καὶ
1634 2289 1747 2324 αἰσχρὸν
1761 2291 1795 2317 τὸ

1004 2333 1135 2364 δανείζειν
1149 2333 1196 2359 ἐπὶ
1210 2334 1300 2364 τόκοις
1314 2334 1376 2364 τοὺς
1393 2333 1571 2368 ίερωμένους,
1587 2334 1635 2360 καί
1651 2343 1733 2368 φασιν
1749 2337 1795 2363 ὅτι

1004 2379 1072 2413 ὅπερ
1088 2386 1116 2406 εν
1130 2380 1235 2410 λαῖκοίς
1251 2378 1417 2414 ὲπιλήψιμόν
1432 2379 1516 2412 ἔστιν,
1533 2380 1616 2414 ἤγουν
1628 2380 1730 2414 ψεκτὸν
1744 2384 1797 2409 καὶ

1001 2425 1227 2459 διαϐαλλόμενον,
1242 2425 1399 2455 ἀκολούθως
1414 2425 1442 2451 ὲν
1457 2424 1507 2460 κλη
1514 2427 1601 2461 ρικοίς
1619 2426 1709 2461 πολλῷ
1726 2428 1797 2461 μᾶλ-

1002 2472 1047 2497 λον
1067 2471 1167 2504 ὀφείλει
1188 2470 1428 2502 καταδικάζεσθαι.
1447 2471 1519 2504 Πρὸς
1537 2471 1624 2498 ταῦτα
1644 2472 1661 2507 ἡ
1681 2472 1796 2505 σύνοδος

1002 2515 1079 2543 εἶπεν
1089 2525 1096 2532 ·
1111 2516 1205 2547 Οὐδεὶς
1220 2516 1291 2542 κατὰ
1307 2517 1362 2542 τῶν
1378 2517 1537 2552 προφητῶν,
1552 2517 1641 2547 οὐδεὶς
1656 2518 1730 2544 κατὰ
1745 2519 1797 2546 τοῦ

1004 2562 1169 2596 Εὑαγγελίου
1185 2563 1271 2597 χωρὶς
1289 2562 1411 2589 κινδύνου
1430 2562 1566 2597 ἐποίησεν.
1581 2563 1666 2589 Τοῦτο
1682 2563 1705 2589 δ’
1717 2563 1797 2591 ἐστιν

1001 2608 1015 2634 ὃ
1030 2605 1106 2634 εἷπον
1115 2616 1124 2625 ·
1135 2608 1186 2639 ὅτι,
1199 2608 1261 2634 ἐπεὶ
1274 2609 1320 2634 καὶ
1332 2610 1365 2643 τῇ
1383 2608 1550 2644 παλαιοτέρα
1564 2609 1672 2644 Γραφῇ,
1686 2611 1796 2645 ταύτην

1003 2654 1057 2689 γὰρ
1072 2654 1117 2680 διὰ
1131 2653 1185 2680 τῶν
1200 2654 1348 2689 προφητῶν
1363 2654 1473 2690 ᾐνίξατο
1483 2674 1490 2687 ,
1508 2656 1554 2681 καὶ
1570 2657 1602 2690 τῇ
1617 2655 1681 2690 νέᾳ,
1699 2656 1734 2691 ἢν
1749 2657 1797 2683 δὴ.

1003 2700 1049 2726 τοῦ
1071 2700 1236 2734 Εὑαγγελίου
1258 2701 1403 2734 ἐνέφηνεν,
1422 2701 1667 2735 ἀποτετραμμένον
1683 2703 1745 2728 ἐστὶ
1765 2703 1797 2728 τὸ

1003 2746 1138 2778 τοκίζειν,
1153 2746 1238 2777 οὐδεὶς
1256 2746 1340 2772 ποιῶν
1355 2746 1390 2772 τὰ
1406 2746 1619 2781 ἀπηγορευμένα
1636 2747 1735 2778 αὐταῖς
1753 2748 1798 2773 ὲκ-

1004 2793 1132 2827 φεύξεται
1153 2793 1203 2827 τὴν
1225 2792 1357 2820 κίνδυνον.
1379 2792 1556 2819 Κινδυνεύσει
1578 2792 1633 2827 γὰρ
1658 2795 1723 2829 περὶ
1745 2794 1797 2830 τὴν

1004 2841 1107 2868 οἰκείαν
1123 2839 1272 2875 ἐπιτιμίαν,
1285 2840 1408 2867 τουτέστι
1423 2840 1667 2872 καθαιρεθήσεται,
