1862 3081
162 127 197 157 39
790 119 931 150 TBEOD.
952 118 1151 150 BALSAMON
1743 125 1780 155 ,ο

157 182 194 208 De
219 188 266 209 sua
292 180 363 208 enim
389 179 519 214 dignitate
549 178 575 205 in
598 177 746 212 periculum
770 177 869 209 veniet,
887 175 934 202 hoc

1026 175 1150 207 φεύξεται
1169 176 1213 202 τὸν
1232 176 1363 204 κίνδυνον.
1384 179 1558 206 Κινδυνεύσει
1577 180 1631 216 γὰρ
1652 182 1715 216 περὶ
1730 183 1781 216 τὴν

156 233 207 256 est.
233 227 391 259 deponetur.

190 270 315 298 ZONAR.
330 269 395 297 Cum
408 271 440 297 de
463 268 651 296 interdicendo
677 268 782 296 clericis
798 267 934 294 fenerat-io

156 321 258 352 qtuestu
283 316 326 343 hic
354 323 441 342 canon
467 321 578 342 acturus
592 314 638 346 sil,
666 314 699 341 de
724 312 836 340 avaritia
854 312 939 346 primo

156 363 276 393 disserit,
300 369 414 395 eamque
438 361 558 388 omnium
585 360 714 387 malorum
738 363 876 394 parentem
893 366 941 392 ap-

155 407 245 441 pellat.
259 407 512 439 continentiamque,
535 406 585 433 hoc
608 410 649 433 est
667 405 842 432 coercendam
859 409 940 438 atque

157 454 348 488 amputandam
364 460 423 480 esse
438 452 569 484 decernit,
587 459 621 479 ne
640 459 683 478 res
699 451 801 478 alienas
818 451 937 482 invadat,

154 499 251 534 eisque
275 499 411 525 abutatur.
437 498 557 525 Abusum
573 504 637 524 vero
652 497 838 523 inconcessum
854 496 939 522 alicu-

155 545 198 578 ius
216 544 256 572 rei
271 551 348 571 usum
362 543 520 570 nominavit.
535 542 605 570 Usus
618 548 681 568 vero
707 541 745 567 rei
765 541 938 567 inconcessus

156 590 237 618 etiam
264 594 317 621 est,
334 588 434 623 aliquid
450 588 570 615 honestae
583 594 672 614 causa:
689 590 880 622 praetexentem
898 593 940 612 res

157 635 259 662 alienas
282 634 399 661 auferre.
417 633 493 665 Nam.
517 637 544 660 ct
566 633 611 667 qui
632 632 767 664 (onerant,
794 631 871 666 quasi
894 631 939 665 qui

156 680 249 708 fenore
265 679 401 714 accipiunt
424 679 488 705 illud
516 678 543 704 in
571 685 649 705 suum
676 678 845 705 commodum
874 683 940 704 con-

157 731 273 756 vertant,
300 726 336 750 ita
352 732 383 751 ex
408 723 499 751 tenore
524 723 599 750 lucro
619 730 679 750 sese
690 720 777 757 [potiri
794 722 938 749 aﬂirmant.

157 771 342 798 ltesecandam
364 770 455 804 itaque
477 769 555 796 aliter
581 769 723 796 avaritiam
742 773 874 800 autumat,
896 776 938 801 ar,

157 823 191 843 ne
216 816 281 843 lucri
300 816 448 850 cupiditate
463 814 626 842 constitutos
641 822 655 840 a
669 814 794 841 Patribus
811 815 939 841 terminus

139 861 290 896 ,quispiam
309 861 454 892 transiliat,
472 860 675 894 providendum.
697 858 838 886 Terminos
858 866 939 893 porro

156 906 265 933 Patrum
281 914 374 933 sacros
390 913 510 933 canones
523 905 683 932 nominavit.
707 905 772 931 Nam
789 909 815 932 et
830 909 939 932 sancto-

157 961 215 979 rum
235 953 416 986 apostolorum
438 957 535 985 quarto
557 956 584 978 et
602 951 810 987 quadragesimo
824 958 938 984 canone,

155 998 224 1025 sacri
247 999 350 1025 ordinis
376 998 529 1024 hominibus
546 996 669 1024 fenerare
685 1003 718 1023 ne
731 996 823 1029 liceat,
838 996 938 1023 consti-

156 1049 251 1070 tutum.
264 1044 297 1070 Et
307 1044 398 1078 primm
408 1043 581 1070 mcumenieae
591 1042 685 1077 synodi
700 1042 805 1069 decimo
815 1042 938 1076 septimo,

154 1090 198 1124 qui
225 1095 399 1116 recensentur
426 1089 451 1115 in
474 1095 587 1120 canone,
625 1088 649 1115 si
681 1087 757 1114 fenus
784 1092 938 1120 exerceant,

154 1134 325 1169 depositione
339 1134 488 1161 multantur
500 1138 528 1161 et
553 1133 777 1160 condemnamur.
793 1131 825 1158 Et
843 1131 941 1158 Laodi-

155 1187 227 1206 cenxc
250 1181 345 1214 synodi
364 1187 449 1206 canon
466 1179 483 1206 4
508 1178 592 1205 sacris
609 1177 728 1204 initiatos
750 1185 805 1204 rem
823 1177 939 1210 aliquam

155 1227 248 1252 feruore
260 1226 350 1252 locare
364 1224 474 1252 omnino
494 1228 577 1251 vetat.
595 1223 651 1250 llos
668 1230 732 1257 ergo
753 1230 871 1250 canones
890 1223 940 1249 Pa-

157 1276 227 1298 trum
245 1271 373 1298 terminos
390 1269 561 1304 nuncnpa‘vit.
578 1268 727 1296 Resecetur
742 1276 817 1300 vero,
842 1268 939 1302 inquit,

155 1316 324 1351 inexplebilis
347 1316 460 1342 habendi
477 1315 623 1349 cupiditas,
648 1319 678 1340 ut
700 1321 734 1340 ne
759 1313 858 1341 clerico
883 1313 940 1340 cui-

155 1369 234 1396 quam
259 1369 364 1393 usuras,
383 1367 544 1395 quacunque
560 1359 667 1386 demum
681 1366 716 1386 ex
744 1366 784 1392 re,
802 1359 941 1393 percipere

156 1407 210 1434 ullo
233 1408 312 1434 modo
327 1406 415 1433 liceat.
448 1405 504 1432 Nec
520 1405 591 1432 enim
624 1405 737 1439 pecunia
760 1404 938 1437 solummodo,

156 1452 203 1479 sed
217 1451 382 1478 frumentum
409 1458 528 1486 quoque,
548 1451 640 1478 vinum
666 1455 692 1477 et
705 1450 804 1482 oleum,
834 1450 940 1484 aliaque

990 220 1094 246 οίκείαν
1110 221 1263 256 ἐπιτιμίαν,
1280 223 1401 250 τουτέστι
1418 225 1656 261 καθαιρεθήσεται.

1026 265 1150 292 ΖΩΝΛΡ.
1167 267 1235 302 Περὶ
1250 267 1296 294 τοῦ
1313 268 1350 303 μὴ
1364 270 1483 301 τοκίξειν
1499 271 1646 305 κληρικοὺς
1661 273 1674 299 ό
1692 273 1782 300 κανὼν

990 308 1170 343 διατάξασθαι
1198 312 1322 345 μέλλων,
1351 315 1416 348 περ).
1444 315 1598 351 ἀπληστίας
1624 318 1782 352 διαλέγεται

990 355 1109 390 πρῶτον,
1126 357 1172 383 καὶ¹
1188 357 1288 394 ταύτην
1304 359 1377 386 εἶναι
1392 369 1458 395 φησι
1473 362 1528 388 τῶν
1544 364 1636 390 κακῶν
1653 364 1783 392 ἁπάντων

992 400 1109 435 μητέρα,
1131 401 1163 437 ἢν
1184 404 1231 429 καὶ
1253 404 1363 438 ἐπέχειν
1384 405 1482 440 ὁρίζει,
1502 409 1628 435 τουτέστι
1652 410 1780 442 κωλύειν,

990 446 1171 479 ἀνακόπτειν,
1190 448 1232 474 ἵνα
1251 449 1287 484 μὴ
1303 451 1359 481 τοῖς
1375 451 1526 487 ἀλλοτρίοις
1543 454 1715 491 ὲπεμὸαίνῃ,
1731 457 1782 482 καὶ

990 491 1193 527 κατακέχρηται
1218 495 1319 525 αὐτοῖς.
1341 496 1518 532 Κατάχρησιν
1542 499 1564 524 δ’
1579 499 1706 534 ὠνόμασε
1732 501 1782 536 τὴν

990 537 1066 570 παρὰ
1081 538 1110 563 τδ
1128 538 1186 564 δέον
1201 540 1316 574 χρῆσιν·
1333 542 1430 576 χρῆσις
1451 543 1479 569 δὲ
1503 545 1577 578 παρὰ
1593 546 1622 571 τὸ
1644 547 1705 572 δέον
1720 547 1782 573 ἐστὶ

989 582 1037 607 καὶ
1050 582 1079 608 τὸ
1092 583 1256 618 εὐαφόρμως
1269 585 1340 620 τάχα
1352 587 1386 613 τὰ
1401 587 1531 623 ἀλλότρια
1545 590 1734 626 ἀφαιρεῖσθαι.
1748 595 1781 620 0t

990 626 1044 661 γὰρ
1061 627 1229 661 δανείζοντες
1247 631 1293 657 ἐπὶ
1310 632 1410 664 τόκοις,
1427 633 1464 664 ὡς
1481 634 1562 669 δῆθεν
1578 636 1782 672 ὠφελουμένων

989 672 1042 699 τῶν
1060 672 1270 708 δανειζομένων,
1291 677 1322 703 ὲκ
1341 677 1388 703 τοῦ
1408 679 1504 710 δάνους
1526 682 1593 713 φασὶ
1614 683 1660 709 καὶ
1681 684 1782 716 αὐτοὺς

990 719 1174 754 συμμετέχειν
1188 721 1234 746 τοῦ
1252 722 1376 756 κέρδους.
1393 724 1448 750 Καὶ
1465 725 1551 757 ἄλλως
1567 727 1595 753 δὲ
1612 729 1782 756 ἀνακόπτειν

989 764 1046 796 δεῖν
1066 766 1150 800 φησὶ.
1169 766 1216 801 τὴν
1236 767 1409 802 πλεονεξίαν,
1429 770 1473 796 ἵνα
1492 771 1529 806 μὴ
1547 772 1590 798 διὰ
1607 773 1701 807 κέρδος
1716 774 1782 805 τοὺς

990 809 1043 835 τῶν
1058 810 1187 842 Πατέρων
1201 812 1281 846 ὄρους
1295 822 1336 845 τις
1352 814 1515 852 ὑπερῦαίνῃ,
1530 817 1609 852 ὄρους
1623 819 1677 845 τῶν
1693 821 1782 846 Πατέ-

991 863 1046 889 ρων
1060 856 1125 887 τοὺς
1143 858 1233 892 ἱεροὺς
1251 859 1367 892 κανόνας
1386 861 1488 889 καλῶν.
1503 863 1536 889 '0
1553 871 1582 889 τε
1602 864 1656 899 γὰρ
1677 865 1717 899 μδ¹
1731 874 1784 892 κα-

990 901 1044 928 νὼν
1065 902 1117 929 τῶν
1138 904 1296 931 ἀποστόλων
1317 906 1348 932 τὸ
1370 907 1504 940 δανείζειν
1525 909 1589 940 τοὺς
1614 910 1782 944 ἱερωμένους

990 948 1035 975 ἐπὶ
1050 950 1138 980 τόκοις
1153 950 1332 986 ἀπαγορεύει,
1349 953 1396 980 καὶ
1409 954 1423 979 ὁ
1436 954 1484 988 τῆς
1499 954 1611 990 πρώτης
1625 957 1783 992 οἱκουμενι-

990 993 1041 1027 κῆς
1059 995 1168 1021 συνόδου
1188 995 1218 1027 ιζ’
1231 996 1321 1024 κανὼν
1337 997 1497 1032 καθαιρέσει
1513 999 1715 1027 καθυποὸάλλει
1731 1003 1782 1029 καὶ

990 1039 1166 1071 καταδικάζει
1186 1042 1249 1072 τοὺς
1271 1043 1300 1068 ἐν
1321 1042 1360 1078 τῷ
1382 1043 1475 1069 κανόνι
1498 1044 1710 1079 ἐξεταζομένους
1732 1048 1782 1073 ἐπὶ

989 1086 1078 1117 τόκοις
1095 1087 1279 1119 δανείζοντας.
1296 1088 1351 1115 Καὶ
1367 1089 1381 1115 ὀ
1396 1089 1446 1123 τῆς
1463 1091 1491 1116 ἑν
1506 1090 1652 1126 Λαοδικείᾳ
1670 1093 1780 1120 συνόδου

989 1129 1010 1157 δ’
1024 1131 1113 1157 κανὼν
1127 1133 1276 1167 ἀποτρέπει
1290 1135 1346 1164 τοῖς
1362 1134 1511 1167 ἱερατικοῖς
1523 1136 1553 1161 τὸ
1567 1135 1615 1161 ἐπὶ
1629 1137 1718 1169 τόκοις
1732 1138 1780 1165 δει-

990 1177 1098 1208 νειζειν.
1115 1178 1232 1210 Τούτους
1248 1177 1294 1206 οὖν
1310 1180 1373 1211 τοὺς
1390 1181 1505 1212 κανόνας
1521 1181 1601 1215 ὄρους
1618 1183 1673 1210 τῶν
1690 1184 1780 1211 [Ιατέ-

992 1230 1046 1257 ρων
1063 1223 1202 1252 ἐκάλεσεν.
1217 1224 1424 1253 ’Δνακοπτέσθω
1436 1227 1474 1260 δὲ,
1490 1230 1585 1263 φησιν,
1600 1231 1616 1264 ἡ
1629 1229 1780 1264 ἀπληστία,

990 1269 1038 1294 καὶ
1055 1268 1099 1295 ἵνα
1117 1269 1155 1303 μὴ
1172 1269 1219 1305 ἐξῇ
1238 1271 1361 1306 κληρικῴ
1379 1273 1515 1308 οἱῳδὴτινι
1531 1275 1610 1301 τόκον
1627 1275 1780 1309 λαμϐάνειν

990 1313 1043 1339 ἀπὸ
1059 1315 1218 1349 οίουδήποτε
1237 1317 1412 1352 πράγματος.
1430 1319 1468 1345 Οὐ
1488 1320 1569 1354 μόνον
1585 1321 1641 1356 γὰρ
1657 1321 1782 1356 ἀργύρια

990 1359 1167 1393 δανείζονται,
1183 1362 1250 1388 ἀλλά
1266 1364 1313 1388 καί⁵
1329 1365 1401 1394 σῖτος
1417 1364 1464 1390 καὶ
1479 1362 1550 1397 οἶνος
1566 1366 1612 1391 καὶ
1627 1366 1717 1391 ἔλαιον
1733 1366 1781 1392 καὶ

993 1404 1078 1440 μυρία
1096 1405 1178 1438 ἕτερα
1196 1407 1263 1442 εἴδη.
1282 1407 1338 1434 Kal.
1355 1408 1450 1443 ὥσπερ
1468 1410 1585 1437 ἐπὶτῶν
1600 1411 1780 1446 νομισμάτων

993 1453 1179 1485 συμφωνεῖται
1198 1452 1317 1479 δίδοσθαι
1335 1454 1423 1487 τόκος,
1441 1454 1512 1482 οὕτω
1534 1456 1581 1482 καὶ
1603 1457 1650 1482 ἐπὶ
1666 1456 1721 1483 τῶν
1742 1457 1782 1483 εί-

157 1505 247 1524 rerum
279 1505 377 1532 genera
409 1496 616 1524 innumerabilia
638 1496 725 1523 fenori
754 1496 887 1522 locantur.
908 1495 934 1521 EI

1026 1505 1053 1524 ιν.
1070 1497 1204 1529 Δανείζων
1220 1499 1274 1533 γάρ
1290 1507 1331 1530 τις
1349 1501 1422 1526 σῖτον
1437 1501 1518 1535 τυχὸν
1536 1502 1643 1534 μοδίους
1660 1502 1779 1535 ἑκατὸν,

155 1543 380 1577 quemadmodum
397 1542 422 1568 in
443 1542 566 1577 pecunia,
582 1542 619 1568 ita
637 1549 668 1568 ex
701 1541 824 1568 condicto
851 1549 940 1568 usurae

156 1590 182 1616 in
199 1589 258 1616 aliis
271 1597 360 1616 rerum
378 1589 524 1623 generibus
551 1589 707 1621 exiguntur.
739 1586 815 1613 Datis
844 1594 941 1620 nempe

156 1637 301 1671 quispiam,
317 1636 433 1670 exempli
455 1642 548 1666 causa,
567 1634 670 1661 mutuis
686 1638 794 1661 centum
814 1632 940 1660 frumenti

158 1683 267 1714 modiis,
284 1683 418 1717 praeﬁnito
433 1686 554 1716 tempore
571 1681 665 1714 elapso
691 1684 798 1707 centum
817 1687 847 1706 se
865 1680 939 1706 insu-

157 1736 207 1764 per
232 1729 383 1756 modiorum
411 1735 553 1754 numerum
585 1730 760 1760 accepturum
785 1725 940 1760 paciscitur,

158 1774 238 1807 idque
253 1773 280 1800 in
295 1773 356 1800 aliis
367 1773 462 1800 eodem
480 1772 569 1799 modo.
585 1770 624 1798 Ne
646 1771 708 1805 quis
724 1771 804 1805 igitur
823 1775 896 1797 esset
913 1770 940 1797 in

158 1819 335 1846 adulterando
348 1825 449 1845 canone
460 1817 546 1844 fraudi
573 1817 658 1848 locus,
675 1817 710 1844 ita
734 1820 793 1843 uta
826 1816 940 1850 pecunia

157 1864 264 1898 quidem
279 1863 438 1895 fenerauda,
453 1871 506 1890 non
520 1869 608 1890 tamen
624 1864 657 1889 ab
676 1863 766 1889 usuris
783 1869 814 1889 ex
827 1862 939 1888 aliarum

157 1918 248 1938 rerum
275 1910 424 1937 mutatione
436 1910 594 1944 colligendis
616 1909 714 1936 sacrati
730 1909 853 1936 homines
879 1907 941 1934 abs-

157 1957 292 1988 tinerent;
319 1956 421 1983 idcirco
433 1955 540 1987 Patres,
559 1961 592 1981 ne
604 1961 635 1981 ex
654 1961 816 1988 quacunque
837 1960 866 1980 re
893 1952 941 1979 de-

158 2009 230 2028 mum
248 2009 347 2028 usuras
368 2001 508 2035 percipere
524 2000 614 2032 liceat,
631 2000 767 2026 addidere.
782 1999 820 2025 Ac
833 2006 864 2025 ea
882 1999 941 2033 qui-

156 2047 228 2080 dem,
243 2046 378 2080 inquiunt,
393 2053 453 2080 quze
481 2045 563 2072 relata
589 2052 686 2078 nuper,
715 2045 766 2070 hoc
790 2049 841 2074 est,
865 2044 941 2070 nobis

157 2091 308 2125 signiﬁcata
325 2096 398 2123 sunt,
425 2090 540 2117 obscura
567 2089 677 2123 quippe,
696 2088 720 2115 id
746 2092 798 2120 est,
828 2088 941 2120 incerta,

158 2137 276 2163 involuta
289 2137 407 2163 tenebris
425 2141 451 2163 et
468 2136 568 2170 ignota,
586 2133 807 2164 etrormabuutur,
824 2134 874 2160 hoc
888 2139 939 2167 est,

158 2191 172 2210 a
188 2183 263 2210 nobis
278 2188 405 2210 accurate
417 2182 544 2209 tueditata
559 2181 737 2207 deiinientur:
751 2188 811 2215 qua:
826 2188 891 2207 vero
900 2181 940 2208 tli-

159 2228 226 2255 vinze
243 2228 390 2263 Scriptura:
404 2228 522 2254 oraculis
550 2227 720 2261 prazscripta,
752 2227 808 2253 sive
840 2227 942 2254 consti-

159 2279 226 2307 tuta,
239 2275 347 2301 decreta
363 2278 437 2306 sunt,
450 2273 515 2299 nihil
525 2273 559 2300 de
577 2273 609 2299 iis
623 2273 768 2306 quidquam
785 2274 939 2305 decernere,

159 2319 209 2345 hoc
224 2323 264 2345 est
278 2338 285 2350 ,
313 2319 479 2345 constituere
491 2337 499 2350 ,
527 2319 574 2344 sed
588 2324 620 2343 ea
634 2336 641 2348 ,
661 2324 719 2351 qua:
745 2317 801 2352 jam
832 2318 939 2344 delinita

158 2369 231 2397 sunt,
245 2365 322 2399 sequi
336 2371 371 2391 ac
382 2371 491 2390 servare
505 2367 622 2396 oportet.
638 2362 739 2390 Divina:
770 2370 850 2395 porro
865 2363 941 2391 Seri-

158 2414 244 2443 pturze
256 2409 435 2444 appellatione
469 2415 561 2434 sacros
588 2415 707 2434 canones
736 2415 767 2434 ac
793 2407 941 2443 Scripturae

159 2455 311 2482 testimonia
327 2454 500 2489 signiﬁcavit,
517 2452 595 2488 quale
608 2453 672 2480 illud
697 2458 754 2480 est:
772 2452 833 2480 Non
864 2453 940 2481 dabis

159 2501 236 2535 fratri
250 2505 294 2526 tuo
304 2501 442 2535 pecuniam
459 2500 493 2526 ad
505 2507 631 2533 usuram,-
644 2504 670 2527 et
684 2500 760 2533 illud,
795 2499 941 2528 Pecuniam

158 2555 232 2573 suam
258 2555 309 2573 non
321 2546 392 2573 dedi!
408 2546 441 2573 ad
460 2554 580 2578 usuram,
595 2551 621 2573 et
633 2553 798 2581 quacunque
823 2547 875 2574 alia
891 2547 941 2573 ltu-

156 2593 273 2627 jusmodi
291 2593 473 2628 reperiuntur.
505 2591 574 2619 Hinc.
588 2593 718 2619 rationem
752 2600 869 2627 quoque,
894 2601 942 2620 cur

160 2641 277 2668 Sacratis
301 2640 455 2667 hominibus
476 2639 601 2668 fenerare
626 2641 783 2668 indecorum
806 2649 838 2668 ac
864 2645 942 2675 turpe

160 2691 205 2718 sit,
218 2685 364 2720 explicant.
377 2685 452 2718 Quod
481 2686 553 2712 enim
580 2686 606 2713 iu
637 2685 725 2718 laicis,
743 2687 878 2720 inquiunt,
899 2693 942 2712 an-

160 2739 217 2758 sam
238 2731 454 2765 reprehensionis
468 2732 579 2766 prachet,
596 2732 647 2759 hoc
671 2736 723 2764 est,
755 2732 943 2766 vituperationi

160 2778 399 2813 criminationique
426 2779 573 2806 obnoxium
600 2783 660 2810 est,
690 2778 775 2804 multo
804 2777 888 2812 magis
915 2779 943 2805 in

160 2825 266 2854 clericis
283 2825 363 2854 fuerit
375 2827 619 2855 condemnandum.
631 2825 670 2852 Ad
686 2825 742 2852 luet:
765 2825 880 2859 synodus
896 2832 942 2852 ne-

992 1545 1132 1576 συμφωνεί
1156 1543 1249 1570 λαὸεῐν
1275 1545 1345 1579 μετά
1370 1547 1467 1580 καιρὸν
1491 1547 1643 1583 ὡρισμένον
1670 1549 1782 1584 μοδίους

991 1588 1120 1615 ἐπέκεινα
1139 1589 1246 1622 τόσους,
1269 1591 1316 1617 καὶ
1338 1591 1386 1618 ὲπι
1406 1593 1461 1619 τῶν
1483 1593 1571 1620 ἀλλων
1593 1594 1705 1629 ὁμοίως.
1721 1595 1781 1621 Ἵνα

990 1633 1037 1660 οὖν
1057 1635 1094 1669 μὴ
1113 1636 1319 1671 περιγράφηται
1339 1639 1353 1664 ό
1373 1637 1475 1671 κανὼν,
1493 1639 1650 1675 νομίσματα
1672 1640 1722 1674 μὲν
1743 1641 1782 1675 μὴ

990 1679 1168 1711 δανειζόντων
1185 1681 1231 1707 ἐπὶ
1249 1681 1320 1717 τόκῳ
1337 1682 1391 1709 τῶν
1410 1683 1583 1719 ἱερωμένων,
1603 1685 1632 1711 ἐν
1650 1686 1732 1712 εἴδεσι
1752 1687 1782 1712 δὲ

991 1724 1070 1751 τοῦτο
1095 1726 1260 1758 ποιούντων,
1282 1727 1446 1762 προσέθεντο
1467 1730 1492 1756 οἱ
1515 1730 1656 1766 Πατέρες,
1680 1731 1783 1767 οίουδή-

992 1779 1057 1797 ποτε
1077 1772 1249 1807 πράγματος.
1271 1773 1326 1800 Καὶ
1345 1774 1380 1801 τὰ
1401 1775 1451 1809 μὲν
1472 1776 1568 1803 νεωστὶ
1587 1777 1782 1812 ἀνενεχθέντα,

990 1816 1129 1843 τουτέστιν
1141 1818 1363 1853 ὑπομνησθέντα,
1376 1821 1469 1854 φασιν,
1482 1822 1595 1857 ἀμαυρὰ
1607 1822 1682 1856 ὄντα,
1695 1823 1782 1858 ἧγουν

991 1863 1098 1898 ἀσαφῆ,
1113 1865 1239 1890 σκοτεινά
1250 1885 1256 1897 ,
1272 1865 1444 1900 ἀγνοούμενα
1455 1886 1463 1898 ,
1477 1868 1703 1902 τυπωοήσονται,
1720 1869 1783 1895 ἀντὶ

991 1908 1038 1934 τοῦ
1058 1908 1249 1944 ὀρισθήσονται
1269 1909 1334 1945 παρ’
1348 1911 1426 1946 ἡμῶν
1448 1913 1634 1947 σκοπούμενα,
1654 1912 1672 1940 ἃ
1695 1915 1744 1940 καὶ
1766 1915 1782 1949 ή

992 1952 1052 1979 θεία
1065 1954 1159 1990 Γραφὴ
1173 1954 1325 1987 ἐθέσπισεν,
1341 1956 1400 1990 ἦτοι
1413 1957 1605 1992 ἐνομοθέτησε,
1620 1958 1781 1992 διωρίσατο,

992 1999 1056 2033 περὶ
1074 2000 1185 2026 ἐκείνων
1202 2000 1232 2026 οὐ
1252 2000 1293 2026 δεῖ
1309 2000 1488 2035 ψηφίζεσθαι,
1507 2003 1647 2029 τουτέστιν
1666 2004 1783 2038 ἀποφαίο

993 2046 1101 2077 νεσθαι,
1117 2046 1184 2072 ἀλλά
1202 2047 1248 2072 καὶ
1265 2046 1380 2073 ἕπεσθαι
1398 2049 1444 2074 καὶ
1461 2048 1620 2075 ἀκολουθεῖν
1636 2050 1694 2081 τοῖς
1711 2058 1784 2077 νενο·

994 2091 1200 2126 μοθετημένοις.
1213 2092 1294 2118 Θείαν
1309 2093 1336 2118 δὲ
1351 2093 1462 2128 Γραφὴν
1476 2094 1539 2126 τούς
1553 2103 1582 2120 τε
1600 2095 1690 2129 ἱεροὺς
1705 2097 1784 2122 κανό-

994 2145 1041 2168 νας
1050 2137 1186 2171 ὼνόμασε,
1196 2137 1244 2168 τὰς
1256 2138 1395 2172 γραφικὰς
1407 2139 1551 2173 ρήσεις,τδ
1564 2140 1624 2166 Οὺκ
1636 2140 1783 2173 ἐκτοκιεῖς

994 2182 1026 2208 τὸ
1039 2182 1182 2216 ἀργύριόν
1189 2189 1247 2209 σου
1256 2183 1295 2215 τῷ
1307 2183 1427 2217 ἀδελφῷ
1439 2192 1508 2216 σου,
1518 2184 1613 2217 καὶτὸ,
1628 2185 1784 2219 Ἀργύριον

994 2227 1087 2254 αὑτοῦ
1100 2228 1156 2254 οὐκ
1170 2228 1281 2254 ἔδωκεν
1292 2228 1342 2255 ἐπὶ
1356 2230 1441 2262 τόκῳ,
1456 2229 1503 2255 καὶ
1515 2229 1564 2255 ὅσα
1577 2230 1699 2257 τοιαῦτα.
1714 2229 1783 2258 Εἶτα

995 2273 1043 2299 καὶ
1058 2273 1293 2305 κατασκευάζουσι
1307 2273 1365 2305 πῶς
1379 2274 1478 2301 ἄτοπόν
1491 2276 1549 2301 ὲστι
1565 2277 1612 2302 καὶ
1626 2277 1739 2311 αἰσχρὸν
1753 2278 1783 2304 τὸ

995 2318 1127 2350 δανείζειν
1141 2319 1188 2345 ἐπὶ
1202 2319 1292 2350 τόκοις
1306 2320 1368 2350 τοὺς
1385 2320 1562 2354 ἱερωμένους,
1580 2321 1627 2347 καί
1643 2330 1725 2355 φασιν
1741 2324 1783 2350 ὅτι

995 2364 1064 2399 ὅπερ
1079 2372 1108 2392 εν
1122 2366 1227 2396 λαῐκοῖς
1242 2364 1409 2399 ὲπιλήψιμόν
1423 2365 1508 2398 ἔστιν,
1524 2366 1607 2400 ἧγουν
1620 2367 1721 2401 ψεκτὸν
1735 2370 1784 2395 καὶ

992 2411 1219 2445 διαϐαλλόμενον,
1234 2411 1391 2441 ἀκολούθως
1405 2412 1434 2437 ὲν
1449 2411 1499 2447 κλη
1506 2413 1593 2447 ρικοῖς
1610 2413 1700 2448 πολλῷ
1717 2415 1783 2448 μᾶλη

993 2457 1039 2482 λιιν
1058 2456 1159 2489 ὀφείλει
1179 2456 1419 2488 καταδικάζεσθαι.
1439 2457 1510 2490 Πρὸς
1529 2458 1616 2484 ταῦτα
1636 2459 1652 2494 ἠ
1672 2459 1782 2491 σύνοδος

993 2500 1070 2528 εἶπεν
1080 2510 1087 2517 ·
1102 2502 1197 2533 Οὐδεὶς
1212 2501 1282 2528 κατὰ
1298 2502 1353 2528 τῶν
1369 2503 1529 2538 προφητῶν,
1544 2503 1632 2534 οὐδεὶς
1648 2505 1720 2531 κατὰ
1735 2506 1782 2532 τοῦ

995 2547 1161 2581 Εὑαγγελίου
1177 2548 1263 2582 χωρὶς
1281 2547 1402 2575 κινδύνου
1421 2548 1558 2583 ἐποίησεν.
1573 2549 1657 2576 Τοῦτο
1673 2549 1695 2576 δ’
1707 2550 1783 2577 ἔστιν

992 2593 1006 2619 ὃ
1022 2591 1115 2619 εἷπον
1126 2593 1177 2625 ὅτι,
1191 2594 1252 2619 ἐπεὶ
1265 2594 1311 2620 καὶ
1323 2595 1356 2629 τῇ
1374 2594 1541 2630 παλαιοτέρα
1555 2595 1663 2631 Γραφῇ,
1677 2598 1782 2631 ταύτην

994 2639 1048 2674 γὰρ
1063 2639 1108 2666 διὰ
1122 2639 1176 2665 τῶν
1191 2640 1338 2674 προφητῶν
1354 2640 1464 2675 ᾐνίξατο
1474 2661 1481 2673 ,
1499 2642 1544 2667 καὶ
1561 2643 1593 2677 τῇ
1608 2642 1671 2678 νέᾳ,
1689 2642 1723 2678 ἢν
1737 2643 1782 2669 διὰ

993 2685 1040 2711 τοῦ
1062 2685 1227 2719 Εὑαγγελίου
1248 2686 1393 2721 ἐνέφηνεν,
1413 2687 1657 2722 ἀποτετραμμένον
1674 2689 1733 2714 ἐστι
1752 2689 1782 2713 τὸ

993 2731 1128 2763 τοκίςειν,
1143 2731 1228 2763 οὐδεὶς
1246 2732 1331 2758 ποιῶν
1346 2732 1380 2758 τὰ
1396 2732 1609 2768 ἀπηγορευμένα
1626 2733 1723 2764 αὑταῖς
1739 2734 1782 2759 ὲκ-

995 2778 1123 2811 φεύξεται
1143 2777 1192 2812 τὴν
1215 2778 1347 2806 κίνδυνον.
1369 2779 1546 2805 Κινδυνεύσει
1569 2779 1623 2814 γὰρ
1648 2780 1711 2815 περὶ
1731 2779 1781 2815 τὴν

995 2825 1098 2852 οἰκείαν
1113 2825 1262 2860 ἐπιτιμίαν,
1275 2825 1398 2853 τουτέστι
1414 2826 1657 2858 καθαιρεθήσεται.
