1862 3081
50 123 81 155 73
593 121 634 151 IN
653 121 735 151 CAN.
757 121 806 152 XV
820 121 922 152 CONC.
945 122 1132 154 CARTIIAG.

1634 119 1668 152 74

50 187 128 214 φησιν
149 178 163 206 ὁ
192 178 282 212 νόμος
307 177 337 204 ἐν
356 175 450 212 βιϐλίῳ
471 174 504 208 ζ’,
528 174 610 210 τίτλῳ
638 175 671 210 β’,
691 183 755 209 κεφ.
774 174 826 206 κζ’,

928 175 1045 204 tia.Post
1064 177 1119 203 lnec
1134 184 1220 203 canon
1245 176 1278 203 de
1301 175 1362 203 [lliis
1383 175 1566 208 sacerdotum,
1588 176 1665 203 dicit.

50 224 140 258 θέματι
164 225 201 256 γ’,
223 221 316 252 οὕτως
341 221 446 255 ἔχοντι·
463 219 525 246 Εῐτε
549 219 643 246 δικαία
666 221 722 245 εἴτε
739 219 831 250 ἄδικός

49 268 143 301 ἐστινὴ
162 266 211 292 τοῦ
227 265 340 300 αἱρετοῦ
356 265 457 298 ψῆφος,
474 263 606 298 ἐμμένειν
620 262 674 289 δεῖ·
691 262 737 288 καὶ
761 262 793 288 τὸ
807 265 831 295 γ’

49 321 106 346 xeo.
128 312 176 338 τοῦ
211 311 299 337 αὑτοῦ
322 310 424 345 βιϐλίου
448 309 495 336 καὶ
525 309 632 335 τίτλου·
659 308 704 342 Μὴ
736 307 831 342 χρείαν

49 359 128 392 ἐχέτω
139 358 278 391 ἐκκλήτου
299 358 316 391 ἡ
338 357 384 383 τοῦ
401 354 510 390 αἱρετοῦ
531 353 658 381 δικαστοῦ
682 354 831 387 ἀπόφασις.

55 405 110 431 Ἐπὶ
126 404 237 435 τούτοις
251 404 266 429 ὁ
277 402 368 430 κανὼν
382 402 446 434 περὶ
463 401 518 427 τῶν
533 400 637 426 τέκνων
659 399 715 425 τῶν
733 399 830 434 ίερέων

50 452 137 485 φησιν,
162 450 207 476 ἵνα
241 450 312 484 μήτε
334 447 436 482 θεώρια
463 445 608 478 ὲκτελῶσι,
642 446 712 481 μήτε
741 445 832 472 ἄλλων

49 496 172 523 τοιούτων
190 494 401 529 παραγίνωνται
417 493 464 520 καὶ
480 492 621 526 θεωρῶσιν
632 499 640 508 ο
653 491 695 518 ὅτι
706 491 754 516 καὶ
764 491 832 517 πᾶσι

50 542 220 578 Χριστιανοῖς
252 540 422 575 κεκήρυκται
445 537 483 573 μὴ
502 537 644 572 προσιέναι
672 537 739 562 ὅπου
766 535 832 570 βλα-

51 588 165 622 σφημίαι
179 586 246 614 εἰσί.
261 585 369 621 Θεώρια
388 584 417 610 δὲ
435 583 563 617 λέγονται
579 583 609 609 οὺ
629 582 709 616 μόνον
732 582 766 607 τὰ
785 581 832 607 ίπ-

50 634 193 668 ποδρὸμια,
205 633 275 659 ἀλλὰ
289 632 337 658 καὶ
358 632 432 658 πᾶσα
454 629 513 662 θέα,
530 628 698 663 θηριομαχία
719 626 831 660 δηλαδὴ,

52 681 163 713 παίγνια
182 678 288 713 μίμων,
303 677 426 711 ὖρχησις,
451 675 497 702 καὶ
518 674 586 702 ἄλλα
607 672 719 699 τοιαῦτα
737 671 835 705 δαιμο-

49 725 124 760 νιώδη
144 724 225 759 ἔργα.
243 723 338 750 Ταῦτα
356 722 403 748 τοῦ
421 721 531 751 κανόνος
552 718 754 752 διοριζομένου,
771 715 833 742 είπὲ

49 772 85 798 ὅτι
99 772 142 801 τὸ,
161 771 214 797 κᾶν
235 771 252 804 ὴ
271 770 362 804 ψῆφος
385 769 456 801 ὑπὲρ
478 767 561 794 αὐτοῦ
577 764 734 799 ὲκφωνηθῇ,
750 771 834 798 προσ-

51 818 128 852 ετέθη
147 817 190 844 διὰ
205 816 272 847 τοὺς
294 815 423 849 λέγοντας
438 812 558 847 ὀφείλειν
574 809 767 844 καθαιρεῖσθαι
784 808 833 843 μό-

49 873 89 891 νον
102 865 150 890 τὸν
160 863 233 890 οὕτω
255 861 438 895 δικασάμενον
461 857 608 893 ἱερωμένον
628 856 709 891 χάριν
732 854 832 889 ἔγκλη-

51 910 165 945 ματικῆς
181 908 341 938 ὑποθέσεως
356 908 402 933 καὶ
418 905 581 940 ἡττηθέντα,
597 903 627 928 οὐ
650 900 704 936 μὴν
721 901 770 927 καὶ
787 899 833 926 τὸν

50 957 211 989 νικήσαντα,
225 953 265 984 ὡς
280 952 387 980 δικαίαν
403 951 497 985 ἔχοντα
520 948 661 975 ὑπόθεσιν.
678 947 734 972 Καὶ
747 946 832 979 ἄμφω

51 1002 101 1036 γὰρ
113 999 377 1035 καθαιρεθήσονται,
391 997 428 1028 ὡς
445 995 572 1031 ὑϐρισταὶ
586 994 638 1026 τῆς
655 991 834 1026 Ἐκκλησίας,

52 1048 153 1074 καὶτοῦ
167 1047 284 1076 κανόνος
297 1042 436 1077 ἀθετηταί.
459 1042 487 1067 Ὀ
509 1041 603 1075 μέντοι
626 1039 670 1064 τὸν
687 1038 838 1071 ἐκκλησια-

53 1094 141 1120 στικὸν
159 1092 281 1122 ἑλκύσας
297 1090 446 1125 ὶερωμένος
459 1089 498 1118 εῑς
514 1085 649 1120 κοσμικὺν
662 1084 837 1118 δικαστήριον

53 1140 130 1177 χάριν
142 1137 322 1174 χρηματικῆς
331 1135 476 1164 αἰτιάσεως
489 1133 537 1159 καὶ¹
555 1132 673 1166 νικήσας
696 1129 837 1163 καθαιρεί-

54 1173 104 1216 sui,
117 1173 168 1210 ἐὰν
185 1184 282 1217 στοιχῇ
298 1183 331 1216 τῇ
343 1180 415 1214 ὑπὲρ
432 1177 514 1205 αὐτοῦ
538 1177 687 1210 ἀποφάσει,
705 1175 753 1202 καὶ
790 1173 854 1208 θέλῃ

850 842 872 870 Β

883 220 923 247 Ne
938 221 1092 255 spectacula
1118 225 1256 255 peragant,
1275 227 1324 247 nec
1340 220 1401 247 aliis
1418 220 1606 255 peragentibus
1624 221 1664 247 in-

883 267 980 293 tersint
1002 271 1030 293 et
1054 270 1176 301 spectent
1193 274 1201 293 :
1230 265 1291 300 quia
1312 269 1339 292 et
1357 266 1483 292 omnibus
1500 264 1666 292 Christianis

884 311 1057 339 interdictum
1085 316 1136 343 est,
1153 318 1187 337 ne
1200 311 1330 338 accedant
1353 310 1397 337 ubi
1413 315 1476 337 sunt
1491 310 1666 343 blasphemia:

883 362 909 384 et
921 357 1073 384 maledicta.
1089 356 1249 390 Spectacula
1262 360 1352 383 autem
1368 355 1504 388 dicuntur,
1517 363 1567 382 non
1579 356 1667 382 solum

884 409 1013 436 equorum
1042 409 1152 433 cursus,
1171 402 1218 429 scd
1243 406 1270 428 et
1282 401 1371 428 omnis
1394 401 1501 434 generis
1523 399 1668 433 spectatio,

885 447 1034 474 helluarum
1061 447 1167 474 scilicet
1188 445 1527 479 certamina,histriouum
1552 445 1666 476 ludicra,

884 493 1054 525 saltationes,
1082 497 1110 520 et
1137 492 1292 526 huiusmodi
1326 492 1377 519 alia
1410 498 1492 526 opera
1522 490 1667 517 diabolica.

885 538 948 565 Haec
965 543 1055 566 autem
1086 538 1250 566 decernente
1275 544 1389 570 canone,
1421 536 1465 563 dic
1494 536 1566 570 quod
1593 535 1667 567 illud,

884 583 990 609 etiamsi
1011 589 1058 615 pro
1070 590 1101 609 eo
1115 583 1248 609 sententia
1268 582 1319 608 lata
1335 582 1379 614 sit,
1397 581 1531 613 adjectum
1548 584 1589 607 est
1604 587 1668 613 pro-

884 631 946 662 pter
957 635 1011 658 eos,
1028 627 1073 660 qui
1086 628 1192 658 dicunt,
1210 634 1271 652 eum
1295 626 1382 652 solum
1395 624 1493 652 debere
1509 623 1606 657 deponi
1626 630 1669 649 sa-

884 677 1000 703 cratum,
1026 672 1072 705 qui
1098 671 1138 698 sic
1159 670 1261 705 judicio
1281 669 1419 696 contendit
1436 669 1462 695 in
1481 675 1562 694 causa
1575 667 1668 693 crimi~

885 719 949 750 nali,
974 723 1002 745 et
1016 718 1104 744 victus
1118 722 1158 744 est
1175 726 1181 743 :
1197 724 1250 743 non
1277 721 1366 742 autem
1390 722 1451 741 eum
1474 715 1518 748 qui
1548 713 1624 745 vicit,
1642 717 1670 739 ιιι

885 764 930 798 qui
943 763 1044 796 justam
1059 770 1168 790 causam
1183 762 1288 789 haheat.
1302 760 1388 788 Ambo
1401 760 1473 787 enim
1487 760 1668 793 deponentur,

887 812 916 836 ut
935 809 981 843 qui
1007 801 1158 836 Ecclesiam
1189 807 1286 842 injuria
1325 806 1455 838 alliciant,
1486 809 1513 831 ct.
1535 812 1669 832 canonem

887 859 1074 882 contemnant.
1098 853 1229 881 Sacratns
1243 853 1353 888 quidem
1373 852 1418 887 qui
1440 851 1522 877 traxit
1539 850 1670 877 ecclesia-

889 901 985 928 sticum
1008 900 1033 927 in
1050 899 1177 926 saeculare
1195 899 1324 933 judicium
1341 905 1388 932 pro
1408 905 1487 923 «sarisa
1503 896 1670 930 pecuniaria,

892 951 917 974 et
933 946 1009 977 vicit,
1038 945 1191 979 deponitur,
1209 944 1230 970 si
1254 943 1404 974 sententiae,
1421 950 1481 976 quae
1498 950 1545 975 pIO
1561 949 1591 968 se
1618 941 1672 967 lata

890 996 944 1024 est,
962 991 1075 1022 steterit,
1091 995 1118 1017 et
1135 990 1247 1016 voluerit
1260 997 1316 1016 rem
1348 988 1448 1015 habere
1476 995 1555 1021 quant
1580 985 1645 1012 vicit
1662 993 1669 1011 :

891 1037 1118 1072 quemadmodum
1133 1040 1160 1062 et
1182 1043 1254 1067 reus,
1272 1035 1293 1062 si
1305 1034 1434 1067 judicium
1456 1032 1670 1060 ecclesiasticum

892 1081 1038 1112 recusavit,
1053 1084 1080 1107 et
1101 1080 1181 1106 civile
1198 1079 1302 1113 petivit,
1320 1083 1348 1104 et
1362 1077 1437 1104 vicit.
1460 1076 1488 1103 Si
1509 1078 1581 1102 enim
1598 1074 1672 1102 cedit

891 1134 932 1159 re,
942 1133 990 1159 pro
1003 1132 1055 1158 qua
1070 1123 1194 1158 litigavit,
1213 1130 1290 1149 suum
1309 1121 1419 1148 honoris
1430 1121 1540 1154 gradum
1561 1119 1671 1146 retinet.

893 1172 964 1207 ἔχειν
977 1171 1007 1197 τὺ
1022 1170 1136 1205 πρᾶγμα
1150 1169 1164 1195 ὃ
1176 1168 1312 1203 ἐνίκησεν,
1327 1167 1422 1201 ὥσπερ
1442 1166 1489 1192 καὶ
1506 1167 1520 1191 ὁ
1535 1165 1671 1200 ἐναχθεὶς,

121 1209 361 1264 ξᾲρῄτήέέἒοζι
391 1209 617 1259 ἐκκλησιαστικὸν
641 1221 827 1256 δικαστήριον,
857 1218 905 1244 καὶ
928 1217 1045 1251 ἐζήτησε
1068 1217 1099 1241 τδ
1137 1214 1288 1247 πολιτικὸν,
1317 1214 1365 1240 καὶ
1402 1212 1541 1247 ἐνίκησεν.
1567 1211 1598 1236 El
1619 1209 1673 1244 γὰρ

54 1259 199 1310 ﬁgis-tace;
212 1259 262 1300 τοῦ
281 1272 454 1307 πράγματος,
466 1269 531 1304 περὶ
544 1265 574 1294 οὗ
592 1267 748 1297 ἐδικάσατο,
760 1265 836 1300 μένει
856 1262 926 1297 ἔχων
941 1263 990 1296 τὴν
1005 1262 1109 1288 οἱκεὶαν
1124 1259 1279 1294 ἐπιτιμίαν.

87 1322 141 1348 Καὶ
159 1319 251 1346 ταῦτα
268 1318 317 1352 μὲν
335 1318 349 1343 ό
361 1315 451 1342 κανὼν
473 1313 632 1349 διορίζεται.
660 1312 783 1346 Σήμερον
810 1309 839 1335 δὲ

54 1365 231 1401 παρορῶνται
248 1362 336 1389 ταῦτα
354 1361 386 1387 δι’
402 1361 435 1395 ἢν
449 1359 540 1387 αίτίαν
558 1359 589 1385 οὐ
615 1356 753 1391 γινώσκω.
770 1355 840 1381 [Ιολ-

54 1399 100 1437 λοὶ-
111 1411 177 1444 γὰρ,
193 1409 225 1435 οὐ
239 1408 324 1443 μόνον
339 1405 441 1438 λαῐκοὶ,
464 1404 533 1431 ἀλλὰ
560 1403 608 1430 καὶ
630 1401 783 1437 ίερωμένοι,
797 1399 841 1425 ἕλ-

57 1466 150 1483 κουσιν
167 1456 207 1486 εὶς
225 1452 356 1481 πολιτικὰ
368 1451 534 1485 δικαστήρια
546 1448 725 1479 ἐπισκόπους,
744 1446 840 1480 κληρι-

56 1503 118 1534 χούς
128 1511 159 1528 τε
177 1501 228 1527 καὶ
257 1498 403 1534 μοναχῶς,
430 1496 498 1531 μηδὲ
525 1493 676 1540 πρόσταξιν
698 1491 875 1540 ξασιλικὴνο

56 1548 118 1582 περὶ
136 1546 235 1572 τούτου
265 1543 457 1578 πορισάμενοι,
478 1540 527 1567 καὶ
546 1538 609 1565 οὕτε
628 1539 644 1572 ὴ
670 1537 716 1563 τοῦ
733 1537 840 1570 dapem

56 1580 137 1628 φόρου
152 1589 286 1619 δικαστοῦ
299 1586 470 1622 παραγραφὴ
483 1583 622 1611 λυσιτελεῖ
639 1583 694 1613 τοῖς
710 1580 843 1615 ὲναγομέ-

56 1648 109 1670 νοις
120 1647 129 1654 ⁸
148 1634 393 1669 καταναγκάζουσι
409 1633 463 1666 γὰρ
476 1630 589 1661 τούτους
606 1629 654 1655 καὶ
669 1627 786 1658 ἄκοντας
799 1626 841 1652 δι-

57 1684 210 1717 κάζεσθαι·
235 1681 300 1708 οὒτε
329 1680 355 1706 οι
379 1678 544 1707 ἑλκύσαντες
569 1674 670 1705 αὐτοὺς
697 1672 841 1708 ίερωμένοι

56 1731 210 1764 ὲὸλάὗησαν
223 1726 414 1760 ὁπωσδήποτε,
428 1723 484 1750 ἀλλ’
500 1722 560 1748 οὐδὲ
575 1721 601 1747 oi.
617 1719 777 1753 ὲναγὸμενοι
794 1726 842 1752 μο-

58 1763 164 1810 ναχοὶῆ
183 1772 316 1808 κληρικοὶ
341 1771 380 1801 εἰς
398 1768 577 1802 δικαστήριον
601 1763 841 1799 ἐκκλησιαστικὸν,

59 1809 108 1848 καί
122 1809 365 1854 παραιτησάμενοι
375 1813 465 1845 τοῦτο,
477 1810 620 1845 πολιτικὴν
635 1809 662 1836 δὲ
673 1809 841 1844 ζητήσαντες

58 1853 250 1897 κατεξέτασιν,
268 1861 341 1888 κατά
354 1869 380 1886 τι
406 1857 638 1892 ἑτιμωρήθησαν·
662 1854 757 1888 ὥσπερ
780 1853 842 1881 οὐδὲ

58 1914 82 1938 οἱ
113 1910 296 1938 ἑλκυσθέντες
323 1905 450 1940 κληρικοὶ
465 1904 482 1939 ἢ
508 1900 622 1937 μοναχο)⁸
645 1901 685 1931 εἰς
708 1899 841 1933 κοσμικὸν

58 1957 248 1990 δικαστήριον.
269 1952 318 1980 καὶ
343 1949 557 1983 καταδεξάμενοι
578 1948 619 1978 είς
634 1945 712 1972 τοῦτο
728 1944 842 1971 δικάσαι

59 2004 128 2029 σθαι.
145 1989 200 2028 Τοῦ
220 2000 252 2026 δὲ
267 1996 490 2033 χρηματίσαντος
506 1992 717 2027 καθηγουμένου
731 1989 781 2024 τῆς
794 1997 842 2024 μο-

58 2049 106 2083 νῆς
124 2046 172 2073 τοῦ
191 2044 389 2072 Παντεπὰπτου
420 2038 539 2075 μονα.χοῦ
567 2036 673 2063 ἐκείνου
697 2035 841 2066 Μελετίου,

58 2080 238 2121 ἑλκυσθέντος
256 2090 297 2119 είς
311 2088 342 2114 τδ
357 2085 494 2113 συνοδικὸν
512 2083 699 2117 δικαστήριον,
716 2080 764 2107 καὶ
789 2088 843 2106 πα-

60 2137 265 2175 ραιτησαμένου
278 2134 346 2160 αὐτὸ
359 2133 397 2162 ὼς
411 2129 594 2164 καταθύμιον,
609 2128 657 2154 καὶ
671 2126 842 2162 μεταγαγόν-

928 1307 959 1333 Ει
979 1308 1033 1333 hanc
1060 1306 1168 1340 quidem
1185 1313 1270 1332 canon
1292 1303 1443 1331 constituit.
1461 1303 1546 1331 Hodie
1579 1309 1670 1331 autem

893 1353 949 1380 lucc
979 1352 1161 1387 negliguntur,
1192 1355 1301 1384 propter
1329 1357 1410 1383 quam
1441 1356 1550 1376 causam
1569 1350 1673 1376 nescio.

896 1397 972 1425 Multi
990 1398 1071 1428 cuitu,
1088 1405 1139 1422 non
1166 1396 1251 1422 solum
1279 1395 1359 1426 laici,
1374 1396 1420 1421 scd
1451 1395 1532 1420 etiam
1561 1395 1672 1425 sacrati,

894 1444 1046 1478 cpiscopm,
1069 1443 1182 1469 clericus
1203 1446 1230 1468 et
1255 1441 1401 1467 monachos
1421 1441 1453 1467 ad
1470 1441 1558 1466 civilia
1573 1439 1674 1473 judicia

893 1487 1015 1518 trahunt,
1045 1494 1095 1513 nec
1121 1485 1301 1519 imperatoris)
1316 1485 1423 1518 quidem
1457 1485 1612 1511 mandatum
1641 1485 1675 1510 de

891 1540 921 1558 ca
942 1539 971 1557 rc
993 1531 1141 1563 exhibent;
1167 1536 1194 1556 et
1223 1537 1310 1564 ncque
1340 1529 1549 1562 incompetentis
1573 1529 1674 1564 judicia

892 1578 1062 1612 pra-scriptio
1090 1585 1136 1603 seu
1151 1578 1276 1610 exceptio
1295 1576 1402 1609 prodest
1418 1576 1462 1606 iis,
1475 1576 1518 1609 qui
1535 1576 1573 1602 rei
1590 1583 1674 1610 agun-
1698 1581 1701 1583 '

893 1629 956 1650 tur:
979 1631 1026 1650 eos
1050 1624 1121 1650 enim
1145 1626 1245 1656 «ognnt
1267 1623 1308 1648 vel
1329 1621 1428 1648 invitos
1443 1621 1546 1654 judicio
1562 1626 1676 1648 conten-

893 1669 968 1696 dere.
985 1668 1039 1695 Nec
1055 1668 1164 1699 sacrati.
1181 1667 1228 1701 qui
1242 1675 1289 1694 cos
1308 1671 1459 1698 traxerunt,
1477 1666 1579 1698 aliquid
1595 1666 1673 1700 peni-

892 1721 936 1742 tus
949 1716 1039 1742 damni
1065 1722 1196 1746 sensere;
1223 1714 1271 1741 sed
1288 1721 1339 1740 nec
1357 1713 1481 1740 monachi
1497 1713 1538 1739 vol
1568 1713 1673 1744 clerici,

892 1762 1022 1789 adversus
1036 1768 1104 1795 quos
1133 1761 1158 1786 in
1191 1760 1248 1786 foro
1280 1758 1467 1785 ecclesiastico
1490 1757 1591 1792 agitur,
1607 1757 1630 1784 si
1648 1757 1675 1784 id

891 1808 999 1842 quidem
1016 1806 1210 1835 recusaverint,
1223 1803 1327 1830 civilem
1342 1809 1431 1830 autem
1447 1803 1675 1829 exauniuationem

891 1854 1049 1889 petiverint.
1066 1852 1119 1882 ulla
1134 1851 1160 1878 in
1187 1858 1218 1877 re
1234 1851 1318 1884 puniti
1333 1854 1394 1876 sunt
1412 1857 1420 1876 :
1446 1849 1676 1883 quemadmodum:

892 1908 943 1926 nec
961 1899 1052 1926 clerici
1069 1897 1111 1924 vel
1137 1896 1274 1925 monachi.
1290 1895 1335 1929 qui
1355 1895 1380 1921 in
1395 1895 1526 1921 saecularc
1542 1894 1676 1926 judicium

893 1945 969 1972 tracti
988 1949 1060 1975 sunt,
1082 1948 1109 1970 et
1124 1943 1149 1969 in
1167 1950 1199 1969 eo
1213 1942 1319 1975 litigare
1341 1948 1394 1966 non
1419 1944 1589 1966 recusarunt.
1605 1938 1673 1966 Cum

896 1995 984 2016 autem
1012 1988 1159 2015 monachus
1187 1987 1229 2013 ille
1245 1985 1376 2016 Meletius,
1393 1985 1437 2018 qui
1455 1985 1614 2018 pr:rpositus
1627 1983 1678 2010 fuit

899 2033 1054 2061 monasterii
1084 2030 1252 2065 Pantcpopti,
1271 2030 1303 2056 ad
1329 2028 1458 2064 synodale
1471 2028 1602 2062 jttdicium
1620 2033 1677 2055 tra-

893 2084 963 2110 ctus,
981 2079 1070 2111 ipsum
1086 2081 1115 2103 ut
1132 2075 1182 2103 sibi
1198 2083 1250 2102 non
1270 2079 1376 2108 gratum
1394 2079 1558 2105 recusasset,
1573 2077 1600 2099 ct
1614 2080 1678 2100 cau-

895 2132 953 2152 sam
970 2124 1003 2150 ad
1027 2123 1157 2150 smculare
1188 2119 1304 2147 tribunal
1321 2119 1486 2146 traduxisset
1502 2125 1549 2152 per
1565 2117 1678 2144 manda-

111 2163 305 2220 την-ἐπόθεσιν
316 2181 355 2211 εἰς
368 2177 499 2212 κοσμικδν
512 2163 686 2210 δικαστήριον
698 2174 742 2200 διὰ
758 2173 839 2208 πρόσ-

928 2178 950 2196 ιη
969 2168 1124 2203 imperiale;
1146 2166 1338 2194 sanctissimus
1367 2163 1522 2199 patriarcha
1554 2163 1680 2190 dominus

994 2215 999 2220 ι
1013 2215 1019 2220 ι
1139 2213 1151 2220 n
1275 2211 1281 2220 I
1295 2211 1324 2220 η)
1337 2218 1398 2220 ηηκᾼ
1419 2209 1533 2220 -ι..,ΙΞ...,.
1555 2208 1679 2220 A,II.'.L..:.

61 2219 309 2265 “impacatum,
331 2226 346 2252 ὁ
369 2223 520 2257 ἀγιώτατος
541 2220 715 2255 πατριάρχης
736 2219 840 2248 ἐκεῖνος

60 2263 276 2312 κύριοςγΔουκᾶς
293 2269 501 2304 ὑϐριοπαθήσας
515 2267 561 2293 ἐπὶ
576 2266 614 2300 τῷ
624 2265 760 2299 γεγονότι,
778 2263 845 2290 πολ-

61 2310 110 2357 λὴν
135 2321 216 2347 ἔθετο
243 2315 362 2350 σπουδὴν
387 2312 586 2348 διορθώσασθαι
623 2311 653 2337 τὸ
687 2310 843 2344 γενόμενον.

62 2355 182 2394 ΙΗιιουσε
199 2364 231 2391 δὲ
247 2363 302 2390 ἀπὸ
316 2361 370 2387 τῶν
390 2358 538 2386 πολιτικῶν
552 2355 687 2384 δικαστῶν
703 2355 740 2386 ὡς
757 2356 774 2389 ὴ
795 2355 844 2388 βα-

63 2412 153 2446 σιλικὴ
171 2409 286 2442 ἐξουσία
310 2406 399 2432 πάντα
412 2403 523 2430 δύναται
539 2403 626 2428 ποιεῖν
639 2408 645 2415 ·
679 2400 726 2426 καλ
749 2400 844 2434 ὥσπερ

62 2444 170 2484 ὲδὺνατο
186 2451 376 2489 πρωτοτύπως
386 2449 479 2476 δοῦναι
496 2446 634 2474 πολιτικὸν
656 2444 785 2477 δικαστὴν
797 2444 846 2478 χά-

63 2511 105 2537 ριν
128 2500 178 2527 τοῦ
208 2499 321 2525 δικάσαι
344 2495 494 2522 ἐπίσκοπον
526 2492 542 2526 ἢ
569 2491 663 2526 ἕτερον
695 2489 844 2523 ἱερωμένον

62 2534 237 2580 ὲναγόμενον·
251 2542 324 2569 οὕτω
349 2538 478 2567 καὶκατὰ
493 2536 638 2572 μετάθεσιν
655 2535 685 2561 τὸ
696 2534 844 2568 ἐκκλησια-

64 2577 154 2619 στικὸν
173 2588 352 2623 δικαστήριον
369 2584 514 2621 μεταγάγῃ
525 2582 597 2609 κατὰ
607 2581 722 2615 νόμιμον
742 2577 845 2613 παραί-

62 2647 140 2672 τησιν
155 2637 196 2668 είς
210 2633 361 2662 πολιτικόν.
379 2630 451 2665 Πλὴν
464 2631 478 2656 ὁ
492 2629 567 2658 ἐντὸς
579 2625 742 2661 δηλούμενος
758 2624 809 2652 καθ
816 2633 846 2659 η-

64 2670 210 2717 γοὺμενος,
225 2680 278 2706 κᾶν
295 2676 460 2712 εἰσηκούσθη
470 2675 500 2701 τὺ
514 2673 656 2715 συνοδικδν
672 2670 846 2706 παραιτησά-

68 2738 146 2764 μενος
159 2726 351 2760 δικαστήριον,
368 2723 418 2749 καὶ
433 2720 584 2756 διετηρήθη
601 2717 845 2753 ἁποκριμάτιστος·

67 2776 133 2801 ἀλλὰ
151 2774 206 2801 ἀπὸ
220 2771 268 2798 τοῦ
287 2770 324 2805 ρδ¹
337 2769 447 2799 κανόνος
458 2768 507 2801 τῆς
524 2765 666 2799 παρούσης
680 2763 801 2793 συνόδου,
818 2761 846 2787 ὃν

70 2823 115 2847 καὶ
127 2817 279 2853 ἀνάγνωθι,
303 2815 403 2849 ὤφειλε
432 2812 640 2853 καθαιρεθῆναι.
667 2810 703 2836 To
734 2809 787 2843 γὰρ
815 2806 846 2838 ιζ’

209 2864 343 2893 Ρλτιιοι.
359 2861 403 2889 Gn
439 2851 635 2888 cxx‘xt’ttt.

895 2217 982 2243 Lucas
994 2215 1021 2242 id
1035 2221 1106 2249 aegre
1137 2213 1239 2244 ferens,
1258 2211 1400 2245 plurimum
1417 2209 1535 2236 studiunt
1553 2208 1680 2236 adhibuit

897 2267 926 2290 ut
948 2262 1130 2295 corrigeretur
1150 2259 1221 2293 quod
1251 2257 1350 2284 factum
1366 2257 1471 2295 Il'uerat.
1489 2255 1602 2282 Andivit
1632 2263 1680 2281 au-

897 2314 950 2336 tem
967 2315 981 2334 ιι
992 2304 1273 2340 civilibusjudicibos,
1285 2295 1539 2337 qumlrimperatoris
1559 2305 1678 2336 potestas

895 2353 986 2380 omnia
1003 2352 1093 2379 facere
1109 2355 1196 2385 potest
1212 2359 1219 2376 :
1235 2354 1262 2376 et
1276 2349 1504 2383 quemadmodum
1520 2348 1609 2381 primo
1620 2347 1680 2374 loco

896 2400 983 2434 potttit
1001 2399 1150 2432 imperator
1174 2396 1281 2424 civilem
1301 2395 1421 2429 judicent
1450 2402 1498 2428 pro
1530 2394 1679 2428 judicando

896 2444 1025 2479 episcopo
1043 2443 1084 2470 vel
1110 2442 1164 2469 alio
1193 2446 1310 2473 sacrato,
1328 2442 1461 2467 adversus
1483 2447 1564 2474 quem
1591 2439 1680 2473 agitur

897 2490 1064 2518 constituere
1080 2495 1088 2515 :
1107 2489 1143 2514 ita
1157 2492 1184 2514 et
1210 2494 1257 2521 per
1274 2485 1524 2520 transpositionem,
1542 2485 1689 2518 judicium-

897 2535 1112 2564 ecclesiasticutn
1127 2541 1160 2559 ex
1176 2533 1296 2565 legitima
1309 2532 1468 2566 exceptione
1486 2531 1511 2557 in
1531 2530 1609 2557 civile
1624 2535 1680 2555 tra-

897 2582 1014 2609 duxerit.
1041 2579 1093 2607 Sed
1126 2578 1233 2606 etiamsi
1250 2578 1296 2612 qui
1328 2577 1373 2604 ltic
1396 2577 1495 2604 dicitur
1519 2575 1679 2602 monasterii

898 2625 1043 2660 prafectus
1063 2623 1206 2650 exauditus
1233 2627 1285 2653 est,
1299 2620 1431 2656 synodale
1452 2618 1582 2654 judicium
1599 2624 1679 2643 recu-

899 2679 972 2703 sans,
987 2674 1013 2696 ct
1027 2670 1087 2696 sine
1102 2668 1258 2703 praejudicio
1267 2671 1445 2694 conservatus
1462 2669 1502 2690 cst
1519 2672 1525 2689 :
1546 2667 1633 2688 tamen
1647 2668 1681 2688 ex

898 2724 1000 2744 canene
1014 2715 1064 2742 104
1085 2714 1225 2749 pra‘sentis
1249 2711 1344 2747 synodi
1364 2709 1463 2744 deponi
1481 2707 1583 2740 debuit,
1599 2714 1681 2742 quem

900 2763 956 2796 lege
973 2770 979 2788 :
998 2761 1130 2787 decimum
1148 2759 1291 2793 septimum
1307 2758 1376 2783 enim
1400 2759 1483 2788 caput
1503 2753 1582 2787 primi
1612 2753 1681 2779 tituli

901 2807 972 2834 tcrtii
989 2807 1062 2836 libri,
1073 2806 1136 2831 licet
1149 2805 1278 2831 decernat
1294 2810 1353 2829 cum
1372 2799 1542 2834 imperatoris
1557 2798 1682 2826 mandato

1493 2846 1510 2873 3
