1862 3081
180 131 214 160 79
805 125 858 156 ΤΗ
864 125 946 156 EOD.
971 122 1170 154 BALSAMON

1779 119 1820 151 8)

182 188 224 210 est
237 187 313 210 extra
331 181 501 218 jttdieiariam
516 181 752 216 consequentiam,
766 180 842 208 venia
856 180 966 207 dabitur
980 206 981 209 η

1071 178 1181 209 λουθίας
1198 177 1315 211 ἔξωθεν,
1336 177 1576 212 συγγνωσθήσεται
1590 178 1634 205 διὰ
1656 177 1708 213 τὴν
1725 178 1820 204 ἀπει-

184 233 293 263 propter
322 228 486 263 imperitiam
515 248 521 260 ,
548 231 578 254 ut
599 227 647 262 qui
675 233 725 253 nec
751 226 870 261 perfecte
895 227 967 261 leges

184 273 254 301 scire
279 273 384 300 debeat.
408 272 471 300 Haec
495 277 584 299 autem
602 272 832 303 observabuntur,
859 271 967 306 quando

184 318 351 346 criminalem
363 326 473 346 causam
488 318 650 354 judicaverit
667 318 822 353 episcopus,
835 318 875 344 vel
888 318 967 345 aliam

183 364 398 391 ecclesiasticam
425 364 624 399 quaestionem,
647 371 708 399 quae
733 363 837 391 inducit
859 364 969 398 deposi-

185 409 297 436 tionetn.
317 410 345 435 bi
358 410 430 436 enim
445 409 631 444 pecuniariam
650 413 745 436 contra
769 408 842 442 leges
862 413 970 435 senten-

186 455 249 480 tiam
267 454 414 488 protulerit
428 461 476 489 pcr
499 454 675 488 itnperitiatn,
693 454 718 481 id
737 454 762 480 ei
786 453 969 488 prejudicium

186 507 239 526 nott
256 500 362 527 ail‘eret.
378 500 514 527 Praterea
538 499 718 534 interrogabit
744 500 890 534 quispiam,
907 507 969 526 cum

187 553 274 571 canon
291 546 432 579 permittat
455 545 542 573 Sacris
566 545 687 571 initiatos
709 544 815 579 judices
837 545 971 572 electitios

187 591 298 623 eligere,
313 591 389 617 eisne
405 590 496 617 licebit
515 590 608 617 civiles
623 589 744 623 eligere?
770 588 886 617 Salutio.
904 590 971 623 Quia

187 635 283 662 statuit
295 643 395 669 canon,
414 640 443 662 ut
459 635 608 663 electorum
621 635 743 670 judicum
760 635 850 662 valeat
860 640 972 662 senten-

188 683 234 713 tia,
263 689 312 708 nec
337 681 511 716 appellationi
540 681 575 708 sit
591 681 721 713 obnoxia,
737 680 845 707 etiarnsi
874 680 892 706 ii
918 680 973 707 sint

185 728 328 762 pauciores
353 735 436 762 quam
463 727 616 760 duodecim,
645 733 726 761 quam
755 733 813 759 sex,
840 730 868 753 et
891 733 972 760 quam

189 779 254 805 tres,
270 773 411 800 evidenter
420 778 532 807 apparet
545 772 666 799 civilium
680 771 801 807 judicum
813 771 973 799 electionem

188 827 242 845 non
260 819 367 846 admitti
384 827 398 845 a
414 818 574 846 canonibus.
598 818 684 850 Unde,
714 822 743 844 ut
769 817 833 844 mihi
857 818 972 851 videtur,

188 865 336 890 secundum
353 869 516 898 praesentem
540 870 673 890 canoncm
691 864 840 897 punientur
861 864 971 895 sacrati,

189 909 233 942 qui
249 916 263 934 a
280 908 404 936 civilibus
416 909 553 943 judicibus
567 908 684 943 judicari
699 909 842 944 elegerint.
863 908 976 937 Videtur

182 959 280 980 autem
307 961 339 981 ex
365 954 458 981 verbis
469 954 594 986 canonis,
612 961 674 989 quae
692 954 787 981 dicunt
805 955 904 989 deponi
932 962 977 982 sa-

183 1003 292 1029 cratos,
313 998 358 1032 qui
383 998 551 1033 litigaverint
577 998 603 1025 in
632 998 693 1026 foro
717 998 790 1026 civili
819 1006 868 1034 pro
893 1007 975 1027 causa

187 1043 344 1077 pecuniaria
359 1065 368 1076 ,
384 1048 410 1070 et
434 1044 559 1077 vicerint,
582 1045 633 1073 nisi
656 1053 671 1072 ιι
699 1053 747 1073 sua
768 1046 900 1074 sententia
927 1046 976 1074 de-

190 1090 300 1122 sistant,
318 1089 533 1124 quodjudicium
551 1091 661 1126 quidem
685 1091 788 1119 factum
813 1093 847 1119 ab
873 1092 976 1119 incont-

190 1136 290 1168 petenti
303 1134 407 1168 judice,
424 1142 455 1161 ex
474 1135 613 1163 voluntate
628 1136 687 1170 ejus
701 1138 748 1172 qui
770 1141 813 1164 est
838 1143 975 1170 sacratus,

191 1179 337 1206 tenendum
358 1184 401 1207 est
425 1185 452 1207 et
480 1188 533 1208 non
556 1181 785 1209 labefactandum.
814 1182 864 1214 Qui
886 1188 976 1210 autent

190 1223 407 1251 ecclesiasticum
425 1226 560 1253 recusavit
572 1225 703 1260 judicium
721 1231 748 1254 et
773 1226 825 1254 fori
851 1229 973 1262 praescri-

191 1270 283 1304 ptione
299 1277 352 1296 non
367 1274 408 1297 est
426 1278 504 1303 usus,
522 1276 644 1299 sacratus
657 1272 793 1306 punietur,
811 1278 840 1300 ut
851 1274 977 1307 superius

191 1316 290 1343 dictum
316 1322 367 1344 est.
386 1316 526 1346 Electitios
541 1324 631 1345 autem
650 1319 754 1353 judices
768 1319 812 1347 hic
831 1327 865 1347 ne
878 1320 978 1347 dixeris

190 1361 341 1396 aujusntotli
359 1364 404 1390 tit.
420 1363 438 1390 2
456 1363 517 1390 libri
544 1371 583 1391 vn
610 1364 687 1396 dicit,
713 1365 758 1399 qui
785 1365 890 1392 scilicet
915 1374 976 1393 cum

192 1415 278 1441 paenae
323 1410 497 1444 stipulatione
529 1410 674 1445 judicant,
701 1412 747 1438 sed
781 1411 978 1439 ecclesiasticos

191 1455 356 1482 ordinarios.
376 1455 417 1483 Illi
431 1457 503 1482 enim
523 1464 577 1483 non
592 1461 705 1491 possunt
724 1464 832 1484 causam
847 1457 979 1484 crimina-

193 1502 243 1527 ictn
269 1501 416 1536 judicare:
434 1502 460 1529 lti
493 1509 566 1534 vero,
599 1507 628 1529 ιιι
653 1510 685 1529 ex
713 1503 840 1537 praesenti
873 1511 977 1532 canone

192 1547 354 1579 ostenditur,
374 1553 481 1573 onmem
496 1554 604 1573 causam
619 1546 752 1581 judicant.
766 1547 804 1575 De
814 1549 977 1582 spectaculis

191 1595 291 1623 autem,
308 1596 335 1618 et
346 1599 479 1627 equorum
496 1592 653 1625 curriculis,
675 1596 703 1620 et
723 1594 930 1626 venationibus,
948 1599 975 1621 et

191 1637 310 1663 scenicis
323 1637 531 1669 saltatiOnibus,
548 1637 616 1664 satis
634 1638 753 1664 diximus
777 1638 804 1665 in
820 1646 925 1666 canone
940 1639 975 1666 24

191 1682 286 1718 synodi
312 1683 338 1709 in
363 1682 468 1715 Trullo,
487 1687 514 1710 et
537 1684 563 1710 in
595 1683 626 1710 51
656 1683 702 1710 ubi
724 1684 805 1711 etiam
834 1685 976 1719 praesentis

191 1728 304 1755 canonis
321 1728 520 1757 meminimus:
546 1733 573 1755 et
598 1728 657 1763 lege
682 1736 740 1756 eos.
769 1728 866 1762 Quaere
891 1730 973 1757 etiam

190 1779 345 1802 sanctorum
361 1774 543 1809 apostolorum
568 1781 707 1802 .canonetn
733 1774 778 1807 74,
801 1776 895 1810 synodi
919 1776 976 1803 An-

195 1820 327 1846 tiochenae
343 1826 462 1846 canones
480 1819 512 1846 Η
527 1824 554 1846 et
567 1818 611 1851 15,
635 1819 729 1854 synodi
740 1820 976 1849 Chalcedonensis

192 1872 310 1893 canones
329 1865 373 1896 l0,
391 1864 436 1897 l7,
461 1865 555 1900 synodi
570 1864 740 1892 Sardiccnsis
755 1873 876 1893 canones
896 1867 925 1898 5,
947 1867 975 1900 5,

191 1913 238 1944 Μ,
258 1919 283 1939 et
299 1911 377 1945 huius
391 1918 509 1939 canones
528 1911 573 1942 28,
599 1910 651 1938 120
671 1917 698 1938 et
715 1911 777 1938 121.
792 1911 868 1944 Quod
886 1917 974 1939 autent

191 1959 296 1993 possint
309 1958 409 1985 sacrati
427 1958 585 1985 rettuntiare
597 1957 793 1991 pratscriptioni
805 1958 867 1992 fori,
884 1966 974 1993 quaere

190 2012 249 2039 cap.
266 2005 282 2032 9
298 2004 340 2031 tit.
356 2003 372 2030 3
387 2004 434 2030 lib.
446 2011 475 2030 nt
489 2003 678 2029 Basilicorunt.

1020 223 1091 256 ρίαν,
1118 223 1156 255 ὡς
1177 223 1246 259 μηδέ
1271 224 1388 258 ὀφείλων
1414 224 1514 250 ειδέναι
1541 225 1642 259 νόμους
1669 223 1815 258 ἀκριϐῶς.

1018 269 1111 297 Ταῦτα
1123 269 1151 296 δέ
1161 271 1357 306 κρατήσουσιν,
1368 271 1431 297 ὅταν
1447 270 1657 305 ἐγκληματικὴν
1673 269 1818 297 ὑπόθεσιν

1018 315 1116 351 δικάσῃ
1147 316 1308 348 ἐπίσκοπος,
1339 316 1424 350 ἄλλην
1439 317 1676 351 ὲκκλησιαστικὴν
1688 317 1816 350 ζήτησιν

1019 362 1176 395 ἐπάγουσαν
1192 362 1363 397 καθαίρεσιν.
1387 362 1419 389 El
1441 362 1496 396 γὰρ
1519 361 1697 397 χρηματικήν
1717 370 1815 396 παρα-

1021 408 1112 442 νόμως
1129 407 1262 443 ἐξενέγκῃ
1278 408 1418 441 ἀπόφασιν
1432 407 1463 439 ἐξ
1474 408 1616 442 ἀπειρίας,
1641 407 1672 433 οὐ
1689 415 1817 441 προκρι-

1023 454 1233 489 ματισθήσεται.
1248 455 1309 480 Ἔτι
1336 454 1472 489 ἐρωτήσει
1499 461 1552 486 τις,
1579 453 1617 484 ὡς
1631 453 1678 479 τοῦ
1693 452 1816 482 κανόνος

1022 499 1168 531 ἐνδιδόντος
1196 500 1253 531 τοῖς
1282 500 1441 535 ίερωμένοις
1470 498 1647 533 ἐπιλέγεσθαι
1675 498 1816 528 δικαστὰς

1023 546 1159 580 αἱρετοὺς.
1176 545 1286 579 ἐξέσται
1303 546 1396 577 αὐτοῖς
1423 545 1602 579 ἐπιλέγεσθαι
1628 544 1814 575 πολιτικούς

1023 591 1129 622 Λύσις.
1148 589 1224 616 Ἐπεὶ
1238 591 1252 616 δ
1264 589 1353 616 κανὼν
1366 590 1513 625 διορίζεται
1528 590 1641 623 κρατεῖν
1653 589 1703 623 τὴν
1718 588 1816 623 ψῆφον

1023 636 1078 661 τῶν
1105 635 1253 670 αἱρετικῶν
1277 635 1425 667 δικαστῶν,
1449 635 1497 662 καὶ
1520 635 1558 670 μὴ
1576 635 1742 661 ὑποκεῖσθαι
1758 635 1815 660 ἐκ-

1023 682 1127 716 κλήτῳ,
1145 681 1197 708 κᾶν
1211 681 1323 717 ἥττονες
1338 678 1407 707 ὦσιν
1422 677 1496 707 οὗτοι
1512 682 1565 707 τῶν
1578 680 1697 713 δώδεκα,
1712 681 1767 706 τῶν
1783 679 1817 712 ἐξ

1024 727 1073 752 καὶ
1087 726 1141 753 τῶν
1154 726 1248 761 τριῶν,
1271 726 1398 760 φαίνεται
1421 726 1546 761 ἐναργῶς
1562 726 1725 753 ἁνένδεκτον
1740 723 1816 751 εἶναι

1023 773 1080 803 τοῖς
1096 772 1192 798 κανόσι
1206 772 1257 807 τὴν
1269 771 1401 807 ἐπιλογὴν
1424 772 1477 798 τῶν
1493 772 1643 799 πολιτικῶν
1660 772 1815 798 δικαστῶν.

1027 817 1121 849 Ὀθεν,
1152 818 1190 849 ὼς
1218 817 1280 854 ἐμοὶ
1302 817 1388 849 δοκεῖ,
1420 817 1636 851 κολασθήσονται
1663 817 1737 843 κατὰ
1765 816 1816 842 τὸν

1027 863 1150 897 παρόντα
1167 861 1270 889 κανόνα
1287 863 1312 888 οἱ
1330 861 1407 897 παρὰ
1421 862 1571 893 πολιτικοῖς
1595 861 1741 892 δικασταῖς
1770 861 1817 887 αἱ·

1028 907 1202 942 ρετισὰμενοι
1230 907 1395 942 δικασθῆναι
1417 907 1580 942 ἱερωμένον
1606 907 1680 933 ἔοικε
1703 907 1732 933 δὲ
1759 906 1816 933 ἀπὸ

1027 954 1082 980 τῶν
1095 954 1228 988 ῥημάτων
1241 952 1288 980 τοῦ
1301 954 1424 985 κανόνος,
1451 951 1505 979 τῶν
1520 953 1656 986 λεγόντων
1669 953 1817 987 καθαιρεῖ-

1028 1000 1090 1027 σθαι
1103 1001 1166 1031 τοὺς
1181 1000 1344 1035 ίερωμὲνους
1368 999 1569 1035 δικασαμένους
1587 1000 1664 1034 παρὰ
1676 998 1814 1032 πολιτικῷ

1027 1045 1195 1080 δικαστηρίῳ
1209 1046 1292 1081 χάριν
1307 1045 1483 1080 χρηματικῆς
1497 1045 1655 1076 αιτιάσεως,
1671 1044 1719 1071 καὶ
1736 1045 1816 1079 νικήι

1028 1099 1138 1124 σαντας,
1155 1092 1203 1117 ἐὰν
1217 1091 1255 1126 μὴ
1271 1090 1411 1117 ἀποστῶσι
1433 1091 1482 1125 τῆς
1497 1091 1568 1125 ὑπὲρ
1585 1091 1678 1118 αὐτῶν
1703 1091 1814 1125 ἀποφά-

1029 1145 1108 1168 σεως,
1121 1136 1158 1168 ὡς
1172 1137 1188 1172 ή
1207 1137 1256 1171 μὲν
1271 1137 1405 1170 γενομένη
1417 1136 1510 1170 κρίσις
1532 1137 1609 1171 παρὰ
1630 1137 1810 1171 ἀπροσφόρου

1027 1181 1154 1208 δικαστοῦ
1183 1182 1255 1209 κατὰ
1281 1182 1391 1216 θέλησιν
1417 1181 1464 1208 τοῦ
1492 1181 1642 1217 ἱερωμένου
1675 1181 1812 1216 στερκτέα

1027 1228 1105 1255 ἔσται
1134 1227 1181 1254 καὶ
1205 1228 1422 1258 ἀκατάσειστος·
1453 1229 1466 1254 ὁ
1482 1227 1511 1254 δὲ
1525 1227 1555 1253 τὸ
1580 1227 1811 1259 ἐκκλησιαστικὸν

1028 1274 1272 1308 παραιτησάμενος
1285 1273 1462 1308 δικαστήριον
1476 1275 1521 1299 καὶ
1541 1273 1578 1308 μὴ
1590 1273 1766 1307 χρησάμενος
1779 1274 1812 1306 τῇ

1027 1318 1074 1345 τοῦ
1099 1319 1183 1354 φόρου
1211 1320 1383 1353 παραγραφῇ
1417 1319 1567 1354 ἱερωμένος
1597 1318 1812 1352 κολασθήσεται,

1027 1364 1120 1396 καθὼς
1147 1364 1251 1391 ἄνωθεν
1279 1364 1399 1399 εἴρηται.
1415 1365 1548 1399 Αἱρετοὺς
1566 1364 1594 1391 δὲ
1619 1366 1754 1396 δικαστὰς
1770 1366 1813 1391 ὲν-

1027 1410 1114 1437 ταῦθα
1128 1412 1165 1446 μὴ
1180 1411 1261 1446 εἴπῃς
1273 1411 1347 1442 οἴους
1361 1410 1375 1436 ό
1388 1409 1410 1445 β’
1421 1411 1492 1438 τίτλ.
1504 1411 1552 1437 τοῦ
1566 1410 1588 1443 ζ’
1603 1411 1708 1446 βιδλίου
1734 1413 1812 1445 φησι,

1030 1455 1099 1490 μετὰ
1123 1456 1324 1489 ἐπερωτήσεως
1350 1455 1475 1490 δηλονότι
1506 1455 1602 1489 ποινῆς
1628 1454 1810 1486 δικάζοντας·

990 1518 1012 1548 C
1028 1501 1096 1528 ἀλλὰ
1112 1501 1358 1536 ἐκκλησιαστικοὺς
1385 1501 1549 1535 ἐνορδίνους.
1569 1501 1685 1527 Ἐκεῖνοι
1699 1502 1754 1534 γὰρ
1769 1502 1813 1534 ἐγ-

1029 1546 1205 1582 κληματικὴν
1223 1546 1355 1572 ὑπόθεσιν
1370 1546 1399 1573 οὐ
1427 1546 1557 1573 δύνανται
1585 1545 1723 1578 δικάζειν·
1739 1543 1813 1573 οὗτοι

1028 1594 1067 1626 δέ,
1082 1594 1118 1625 ὡς
1130 1593 1183 1620 ἀπὸ
1198 1592 1245 1619 τοῦ
1261 1592 1394 1628 παρόντος
1409 1593 1520 1624 κανόνος
1533 1593 1711 1628 παρίσταται,
1721 1593 1812 1618 πᾶσαν

1029 1639 1157 1666 ὑπόθεσιν
1188 1639 1323 1673 κρίνουσι.
1349 1639 1419 1673 Περὶ
1438 1638 1532 1673 μέντοι
1549 1639 1604 1664 τῶν
1620 1638 1746 1673 θεωρίων
1765 1639 1811 1665 καὶ

1028 1685 1082 1711 τῶν
1102 1685 1288 1719 ίπποδρομίων
1301 1685 1349 1711 καὶ
1366 1685 1421 1711 τῶν
1445 1685 1620 1719 κυνηγεσίων
1636 1685 1683 1710 καὶ
1695 1685 1748 1711 τῶν
1767 1686 1812 1711 ἐπὶ

1030 1731 1143 1764 σκηναῖς
1156 1731 1297 1766 ὀρχήσεων
1321 1730 1423 1761 ἱκανῶς
1444 1730 1606 1765 ἐγράψαμεν
1620 1731 1648 1756 ἐν
1663 1730 1704 1765 τῷ
1718 1730 1811 1757 κδ’κα-

1030 1776 1086 1802 νόνι
1098 1776 1148 1811 τῆς
1159 1777 1189 1802 ἐν
1204 1775 1244 1811 τῷ
1259 1775 1389 1811 Τρούλλῳ
1409 1775 1533 1807 συνόδου,
1551 1776 1599 1802 καὶ
1625 1775 1664 1810 τῷ
1678 1775 1730 1808 vat’,
1746 1776 1811 1802 ὅπου

1028 1823 1077 1848 καὶ
1101 1822 1149 1848 τοῦ
1172 1822 1307 1856 παρόντος
1323 1821 1438 1852 κανόνος
1467 1821 1648 1856 ἐμνήσθημεν
1660 1829 1667 1836 σ
1683 1821 1731 1847 καὶ
1747 1822 1810 1848 ἀνά-

1027 1876 1132 1902 γνωσον
1147 1866 1272 1897 τούτους.
1296 1867 1377 1901 Ζήτει
1393 1866 1511 1892 καὶτῶν
1534 1866 1621 1900 ἁγίων
1652 1867 1810 1892 ἀποστόλων

1027 1914 1128 1941 κανόνα
1139 1913 1186 1944 οδ’,
1204 1912 1254 1946 τῆς
1269 1913 1297 1938 ἐν
1309 1911 1462 1947 Ἀντιοχείᾳ
1478 1911 1587 1938 συνόδου
1606 1912 1707 1938 κανόνα
1722 1910 1753 1937 ιδ’
1765 1912 1809 1938 καὶ

1029 1961 1071 1990 ιε’,
1087 1959 1138 1993 τῆς
1168 1958 1197 1983 ἐν
1222 1956 1377 1991 Χαλκηδόνι
1390 1965 1451 1982 καν.
1481 1958 1509 1988 ι’,
1525 1956 1569 1988 ιζ’,
1582 1956 1631 1990 τῆς
1645 1957 1674 1983 ἐν
1692 1956 1808 1991 Σαρϊκῇ

1028 2005 1130 2032 κανόνα
1151 2005 1187 2037 γ’,
1204 2006 1236 2036 ε’,
1261 2002 1304 2035 ιδ’,
1320 2003 1368 2029 κα)¹
1385 2002 1488 2038 ταύτης
1503 2002 1605 2029 κανόνα
1621 2001 1674 2038 κη’,
1693 2004 1740 2029 καὶ
1759 2006 1808 2038 ρκ’,

191 2050 238 2075 καὶ
272 2048 343 2084 ρκα¹.
360 2048 429 2083 Περὶ
470 2047 498 2073 δὲ
521 2046 567 2073 τοῦ
593 2046 724 2073 δύνασθαι
750 2048 814 2078 τοὺς
836 2049 1008 2083 ίερωμένους
1040 2048 1241 2076 ὰποτάττεσθαι
1269 2049 1303 2084 τῇ
1334 2047 1382 2074 τοῦ
1419 2048 1503 2083 φόρου
1535 2050 1705 2085 παραγραφῇ
1737 2049 1810 2085 ζήτει

191 2101 253 2127 κεφ.
268 2092 290 2119 θ’
304 2093 352 2119 τοῦ
369 2091 391 2126 γ’
402 2092 493 2118 τίτλον
508 2090 555 2118 τοῦ
575 2094 600 2125 γ’
617 2091 723 2126 βισλίου
737 2092 791 2118 τῶν
804 2092 967 2122 Βασιλικὼν.

227 2138 308 2174 534
316 2137 441 2166 ZONAR.
451 2139 480 2164 ltt
494 2137 678 2172 ontnium,qui
690 2138 776 2165 sacris
794 2138 892 2165 initiati
906 2145 981 2173 sunt,

1071 2139 1194 2167 ΖΩΝΑΡ.
1221 2126 1285 2170 Τοῖς
1313 2139 1474 2174 ίερωμένοις
1489 2139 1604 2170 ἅπασιν,
1634 2138 1704 2165 ἀλλὰ
1721 2141 1809 2173 μέντοι

191 2186 255 2219 quin
281 2185 354 2211 etin
381 2184 579 2210 monachorum
609 2183 817 2216 controversiis,
847 2185 907 2219 ejus
932 2186 976 2213 cui

1071 2189 1076 2210 ι
1104 2186 1230 2219 μοναχοῖς
1250 2185 1395 2219 πρόσφορά
1423 2185 1477 2210 εἰσι
1509 2183 1675 2219 δικαστήρια
1701 2185 1736 2211 τὰ
1760 2185 1810 2211 τῶν

191 2230 305 2264 subjecti
320 2234 382 2255 sunt
400 2229 518 2263 episcopi
539 2228 649 2262 propria
674 2235 762 2255 causae
779 2231 900 2264 cognitio
921 2237 973 2258 est.

192 2277 254 2302 Sive
268 2275 349 2310 igitur
371 2274 469 2308 aliquis
497 2274 594 2300 horutn
612 2273 760 2306 deferatur,
787 2275 844 2301 sive
870 2276 975 2302 deferat

191 2321 386 2353 eonelericum,
405 2327 495 2346 coratn
512 2319 597 2352 ipsius
610 2320 749 2354 episcopo,
767 2319 824 2347 sive
845 2321 884 2348 rei
898 2322 974 2356 capi-

193 2366 263 2396 talis,
279 2373 326 2392 seu
340 2363 440 2394 civilis,
455 2367 502 2390 aut
520 2364 685 2397 pecuniariae
707 2363 823 2398 quaestio
845 2365 889 2396 sit,
916 2373 973 2392 rem

193 2411 303 2444 transigi
331 2414 448 2443 oportet.
475 2408 552 2440 Quod
572 2408 594 2435 si
610 2416 644 2435 ex
672 2408 704 2436 iis
725 2410 870 2444 quispiam,
893 2418 922 2437 se
942 2411 975 2438 ab

191 2456 376 2483 ccclesiusiiCa
386 2453 578 2489 jurisdictione
592 2454 766 2488 subtrahens,
785 2455 893 2490 publico
903 2457 976 2490 judi-

192 2503 244 2534 cio,
260 2503 329 2535 apud
345 2501 516 2534 magistratus
535 2500 660 2527 nituit-unt
677 2502 833 2536 populares,
851 2503 902 2529 hoc
931 2508 973 2529 est

192 2548 299 2579 civiles,
316 2546 437 2580 purgari,
460 2546 484 2571 id
503 2549 554 2578 est,
571 2553 600 2572 se
615 2553 629 2572 a
645 2546 721 2581 culpa
741 2547 886 2574 intutum-lu
911 2556 975 2582 pro-

192 2596 256 2621 bare
278 2592 441 2624 contendat;
468 2592 592 2626 quamvis
609 2592 643 2626 ,in
668 2600 701 2619 eo
724 2593 827 2626 judicio
852 2595 976 2628 superior

191 2640 319 2671 evaserit,
337 2644 451 2672 eumque
466 2639 500 2664 ab
517 2638 616 2672 objecti
632 2638 760 2666 facinoris
771 2639 849 2674 culpa
864 2641 975 2666 omnino

192 2686 285 2720 procul
298 2684 531 2716 abfuiSsejutlices
548 2685 765 2719 pronuntiarint;
780 2686 869 2712 locum
885 2691 974 2712 tamen

192 2732 342 2767 proprium,
363 2731 473 2765 gradum
500 2731 636 2764 videlicet,
656 2739 687 2758 ac
716 2731 862 2758 sacerdotii
888 2733 976 2765 digni-

193 2783 273 2804 tatern
302 2778 417 2808 amittet,
450 2781 530 2810 atque
549 2777 592 2804 vel
617 2779 651 2803 ob
682 2778 707 2803 id
734 2778 833 2811 ipsum,
856 2777 926 2810 quod
942 2777 975 2803 ab

191 2824 360 2851 Ct’lesiztslicn
384 2822 576 2858 jurisdictione
601 2831 629 2850 se
658 2822 831 2854 subduxerit,
853 2822 968 2854 deposi—

1029 2232 1197 2263 ἐπισκόπων,
1211 2228 1252 2261 οἷς
1264 2230 1436 2257 ὑπόκεινται.
1466 2230 1528 2256 Εἴτε
1543 2227 1591 2256 οὖν
1614 2230 1745 2264 ἐνάγετσί
1772 2239 1809 2261 τις

1028 2277 1142 2308 τούτων,
1166 2277 1222 2303 εἴτε
1248 2277 1342 2310 ἐνάγει
1359 2276 1429 2302 κατὰ
1453 2276 1653 2310 συγκληρικοῦ,
1681 2278 1758 2311 παρὰ
1774 2278 1809 2311 τῷ

1029 2324 1170 2358 ἐπισκόπῳ
1181 2322 1264 2349 αὑτοῦ
1282 2323 1329 2348 καὶ
1346 2322 1493 2356 ἐνάγεσοαι
1513 2324 1560 2348 καὶ
1575 2321 1684 2355 ἐνάγειν
1699 2323 1807 2357 ὀφείλει,

1029 2369 1080 2395 κᾶν
1098 2368 1299 2403 ἐγκληματικὸν
1315 2368 1358 2402 εἴη
1372 2367 1402 2393 τὸ
1418 2367 1660 2401 δικαστήριον,καὶ
1675 2368 1808 2394 πολιτικῖν

1030 2416 1091 2450 ἦτοι
1121 2414 1302 2450 χρηματικόν.
1334 2414 1396 2439 Ἐὰν
1411 2413 1439 2439 δέ
1455 2413 1659 2448 παραιτήσηταί
1690 2422 1733 2443 τις
1760 2414 1809 2439 τῶν

1029 2462 1159 2486 τοιούτοιν
1171 2460 1201 2486 τὸ
1216 2459 1445 2494 ἐκκλησιαστικὸν
1460 2459 1648 2494 δικαστήριον,
1666 2459 1715 2485 καὶ
1725 2460 1807 2494 δημο-

1030 2507 1097 2537 σίοις
1121 2505 1320 2540 δικαστηρίοις,
1355 2505 1440 2539 ἤγουν
1471 2504 1629 2540 δημοτικῶν
1659 2505 1806 2540 ἀρχόντων,

1028 2553 1152 2578 τουτέστι
1169 2551 1327 2581 πολιτικῶν,
1358 2550 1462 2585 θελήσῃ
1489 2550 1671 2584 καθαρθῆναι,
1689 2551 1749 2576 ἀντὶ
1766 2550 1807 2576 τοῦ

1029 2595 1147 2629 καθαρὸς
1167 2595 1283 2629 φανῆναι
1314 2594 1360 2620 τοῦ
1377 2594 1554 2628 αίτιάματος,
1574 2593 1626 2620 κᾶν
1654 2595 1756 2629 νικήσῃ
1783 2596 1807 2618 εν

1029 2641 1068 2675 τῷ
1083 2641 1252 2675 δικαστηρίῳ
1271 2641 1379 2674 ἐκείνῳ,
1396 2641 1442 2666 καὶ
1471 2641 1539 2674 ὑπὲρ
1555 2640 1637 2666 αὑτοῦ
1663 2640 1776 2674 γένηται
1792 2640 1805 2673 ἠ

1030 2688 1176 2721 ἀπόφασις,
1194 2686 1282 2712 ἀθῶον
1307 2686 1388 2712 αὑτὸν
1415 2685 1622 2721 ἀποφαινομένη
1648 2686 1697 2712 τοῦ
1713 2686 1808 2719 ἐγκλήι

1031 2741 1124 2768 ματος,
1140 2731 1180 2766 ἐφ’
1193 2727 1215 2764 ᾧ
1233 2732 1423 2766 κατηγορεῖτο,
1441 2731 1515 2765 ὅμως
1527 2731 1573 2756 τὸν
1590 2731 1655 2756 ἴδιον
1667 2730 1808 2760 τόπον,τὸν

1030 2778 1132 2813 βαθμὸν
1145 2776 1256 2811 δηλαδὴ,
1272 2777 1318 2802 καὶ
1335 2777 1383 2810 τὴν
1407 2776 1548 2811 ἱερατικὴν
1571 2776 1656 2811 τιμὴν
1673 2776 1805 2806 ἀπολέσει,

1029 2822 1072 2849 διὰ
1088 2821 1166 2848 τοῦτο
1181 2822 1246 2847 αὐτὸ
1263 2820 1490 2855 καθαιρούμενος,
1502 2821 1569 2848 διότι
1588 2821 1765 2856 παρῃτήσατο
1779 2819 1806 2846 τὸ
