1862 3081
41 136 69 170 st
580 139 616 171 IN
640 140 722 171 CAN.
743 126 792 170 xv
807 137 911 170 conc.
934 137 1120 170 CARTHAG‘.
1625 141 1658 171 τε

1643 164 1658 171 ..

43 196 270 230 ὲκκλησιαοτικὸν
284 197 472 233 δικαστήριον.
489 198 554 226 Ὅτε
575 197 634 230 οὖν,
662 199 755 233 φησιν,

924 204 949 224 ιε
978 197 1114 231 punietur.
1147 197 1234 230 Atque
1264 196 1320 223 hil‘C
1348 200 1466 231 quidem,
1498 206 1658 232 quocunqu

43 243 132 277 χλημα
144 243 184 276 εἴη
197 243 229 269 τὺ
245 243 358 277 κινηθὲν
374 244 444 270 κατὰ
459 244 507 270 τοῦ
524 245 682 279 ἱερωμένου,
700 245 734 270 τὰ
749 245 825 278 εἰρη-

45 287 110 322 μένα
124 288 306 323 γενήσονται·
321 289 365 315 ὅτε
382 289 410 315 δὲ
427 290 566 316 πολιτικόν
584 291 642 316 ἐστι
659 290 689 316 τὸ
702 290 828 323 κινούμε-

42 343 95 365 νον,
110 333 170 368 ἦτοι
185 334 373 368 χρηματικδν,
397 334 448 361 κᾶν
463 334 594 370 δικαιωθῇ
624 336 638 362 ὁ
668 336 826 369 ἱερωμένος,

42 378 87 403 καὶ
113 376 200 406 οὕτως
234 379 392 404 ἐκπεσεῖται
411 379 459 405 τοῦ
481 380 582 406 οἰκείου
609 379 732 414 βαθμοῦ,
751 381 774 406 εί
789 381 826 415 μὴ

43 424 245 458 καταφρονήσει
259 423 308 450 τοῦ
326 425 499 459 πράγματος,
518 425 560 459 ἐφ’
575 423 597 459 ᾧ
612 427 770 460 ἐδικαιώθη,
781 427 827 453 καὶ

42 469 88 503 τῆς
101 469 262 504 δικαιούσης
278 471 361 496 αὑτὸν
378 471 554 505 ἀποφάσεως.
576 472 639 499 Ἐὰν
654 472 681 499 δὲ
696 472 828 507 ἔκκλητος

19 515 25 523 ‘
45 514 165 548 γένηται,
189 515 207 549 ἢ
232 515 393 542 ἐπισκόπων
407 517 575 544 δικασάντων
590 517 606 552 ἢ
620 518 755 544 δικαστῶν
771 519 828 545 ὲτέ-

44 567 105 593 ρων,
137 560 184 586 ἐπὶ
205 560 304 592 ἄλλους
320 562 563 597 ἐκκλησιαστικοὺς
578 564 720 596 δικαστὰς,
743 566 827 600 ἤγουν

42 601 85 627 ἐπὶ
99 603 304 636 μητροπολίτας
321 604 337 639 ἢ
350 606 530 640 πατριάρχας,
546 608 592 633 καὶ
603 607 784 643 ἐξεταζομένη
797 610 826 635 ὲν

42 647 72 681 τῇ
95 647 224 683 ἐκκλήτῳ
248 650 264 683 ἡ
284 651 420 683 ἀπόφασις
443 651 519 686 λυθῇ,
536 653 595 679 ἀντὶ
610 653 656 679 τοῦ
673 655 826 689 ἀνατραπῇ,

43 693 135 727 μηδὲν,
152 694 234 729 φησὶ,
250 695 465 730 βλαπτέσθωσαν
480 698 506 724 οῑ
528 698 625 733 πρώην
647 700 827 734 ἀποφηνάμε-

42 746 96 765 νοι·
115 740 142 765 εί
157 741 195 774 μή
210 749 264 767 που
283 741 449 776 ἐλεγχθῶσιν
465 743 481 778 ἢ
511 744 583 770 κατὰ
596 743 695 779 ἔχθραν
708 745 827 776 δικάσαι,

42 786 76 815 ὡς
89 785 240 820 ἐχθρωδῶς
253 787 364 822 ἔχοντες
379 789 451 815 κατὰ
472 789 519 815 τοῦ
537 789 794 821 καταδικασθέντος,
810 790 826 824 ἤ

42 829 110 856 κατὰ
128 831 333 865 προσπάθειαν,
351 833 389 864 ὡς
403 834 498 866 φιλίως
514 834 685 869 διακείμενοι
697 836 766 870 πρὸς
782 835 827 862 τὸν

42 875 234 906 δικαιωθέντα.
252 878 269 913 ἢ
292 878 543 914 δωροδοκηθέντες·
561 879 640 906 τοῦτο
652 880 707 916 γάρ
724 882 782 907 ἐστι
796 881 826 907 τὺ

43 922 130 956 χάριτι
149 922 358 958 ὑποφθαρῆναι.
376 925 571 959 Δωροδοκεῖται
599 925 628 952 δέ
649 934 701 958 τις,
727 926 743 962 ἢ
762 927 827 962 χρή·

45 975 114 1000 ματα
130 968 294 1002 λαμϐάνων,
325 969 340 1003 ἦ
365 969 449 1005 ἄλλην
461 971 524 998 τινὰ
548 971 628 1006 χάριν
654 971 729 1003 αύτῷ
756 972 827 1007 πλη-

45 1013 154 1047 ροῦντος
164 1014 212 1040 τοῦ
227 1014 310 1041 αὐτὸν
325 1015 546 1050 ὐποφθείροντος.
561 1016 592 1043 El
609 1016 665 1052 γὰρ
681 1017 716 1044 δι’
728 1017 829 1053 ἔχθραν

44 1059 59 1093 ἦ
86 1060 281 1093 προσπάθειαν
309 1060 506 1095 ἢδωροδοκίαν
536 1063 646 1096 φανεῖεν
675 1062 712 1098 μὴ
741 1063 830 1096 καλῶς

44 1104 242 1138 ψηφισάμενοι,
273 1105 456 1140 βλαδήσονται
471 1107 535 1142 περὶ
548 1107 598 1142 τὴν
611 1108 716 1135 οἰκείαν
743 1110 830 1136 ἐπιτι-

47 1149 118 1183 μίαν.
129 1150 193 1177 ἐὰν
206 1151 236 1177 δὲ
251 1151 442 1186 αἰρετίσωνται
457 1153 481 1178 οἱ
497 1152 546 1187 τὴν
563 1153 694 1180 ὑπόθεσιν
707 1154 827 1189 ἔχοντες,

44 1196 57 1221 ὅ
69 1204 95 1221 τε
109 1196 269 1231 κατήγορος
291 1197 339 1223 καὶ
354 1198 368 1224 ό
382 1198 632 1233 κατηγορούμενος,
649 1199 790 1232 δικαστὰς.
807 1201 830 1227 εί

46 1242 89 1268 καὶ
110 1242 290 1276 ὀλιγώτεροι,
318 1243 410 1278 φησὶν,
429 1243 486 1272 εἷεν
500 1246 555 1272 τῶν
577 1246 753 1280 ὁρισθέντων.
776 1247 831 1274 τῶν

47 1287 77 1322 ιβ’
91 1288 140 1314 ἐπὶ
162 1288 337 1321 ὲπισκόπων,
362 1290 481 1317 καὶτῶν
507 1291 537 1324 ἐξ
561 1291 607 1318 ἐπὶ
623 1292 830 1326 πρεσϐυτέρων,

45 1333 89 1360 καὶ
102 1333 158 1360 τῶν
171 1333 259 1369 τριῶν
291 1334 337 1360 ἐπὶ
361 1334 504 1368 διακόνων,
519 1337 534 1362 ὁ
559 1336 770 1369 καταδικασθεὶς
785 1337 831 1364 ὑπ’

46 1378 157 1404 ἐκείνων
173 1378 204 1403 οὺ
217 1378 366 1412 δυνήσεται
381 1379 473 1414 ζητεῖν
488 1379 634 1415 ἔκκλητον.
644 1381 730 1408 Τοῦτο
741 1382 770 1408 δὲ
786 1383 832 1408 καὶ

46 1425 119 1459 νὸμοι
135 1424 275 1451 πολιτικοὶ
287 1424 488 1457 διατάττονται,
505 1426 552 1453 καὶ
566 1427 643 1462 ζήτει
661 1427 763 1462 βιϐλίον
779 1427 833 1454 τῶν

47 1469 198 1496 Basili):th
214 1473 251 1504 γ’,
268 1470 340 1497 τίτλ.
357 1470 392 1503 α’,
407 1471 555 1504 κεφάλαιον
569 1472 624 1507 μδ’,
647 1474 693 1499 καὶ
711 1473 782 1508 βιὸλ,
797 1473 830 1501 0’.

878 243 985 269 demunt
1013 242 1125 270 crimine
1155 247 1280 270 sacratus
1304 249 1466 276 accusetur,
1496 244 1532 269 ita
1557 245 1659 270 servari

878 287 966 321 placet
983 296 990 314 :
1009 292 1035 313 at
1051 287 1073 313 si
1090 287 1178 313 civilis
1198 287 1254 313 sive
1270 287 1434 319 pecuniaria:
1446 287 1482 313 rei
1501 286 1536 313 sit
1549 292 1659 314 contro-

877 333 974 363 versia,
991 333 1112 367 quamvis
1128 333 1275 359 secundum
1292 339 1364 364 eum,
1380 333 1424 366 qui
1437 332 1523 360 sacris
1535 333 1658 359 initiatus

877 385 930 410 est,
945 379 978 405 lis
995 380 1055 405 data
1085 379 1183 411 fuerit;
1203 378 1252 405 nisi
1271 383 1361 405 tamen
1384 377 1440 412 ipse
1459 386 1514 405 rem
1532 383 1613 405 lotam
1628 383 1658 405 ‘et

877 433 954 457 eam,
973 433 1032 459 quae
1052 425 1198 452 secundum
1224 425 1308 458 ipsum
1325 423 1497 459 pronuntiata
1519 423 1579 456 fuit,
1597 431 1657 450 sen-

879 471 992 498 tentiam
1009 475 1178 501 contemnat,
1191 470 1273 504 gradu
1290 478 1338 496 suo
1353 469 1528 496 nihilominus
1542 469 1656 496 excidet.

878 515 954 548 Quod
972 515 994 542 si
1013 515 1046 542 ab
1061 515 1208 549 episcopis,
1225 514 1318 541 aliisve
1334 514 1528 549 cognitoribus,
1546 515 1578 540 ad
1591 513 1658 540 alios

878 562 1076 589 ecclesiasticos
1087 561 1205 596 judices,
1223 560 1447 595 metropolitanos
1463 559 1600 589 videlicet,
1614 564 1659 585 aut

879 607 1064 642 patriarchas,
1082 607 1218 642 quispiam
1234 611 1372 639 provocet,
1392 606 1486 640 illique
1497 612 1578 632 causa
1594 611 1659 631 exa-

879 654 990 685 minata,
1005 653 1154 687 iudicatum
1178 652 1260 684 solvi,
1280 653 1330 678 hoc
1344 657 1396 684 est,
1422 650 1537 678 rescindi
1553 650 1660 684 placere

879 698 1072 731 decreverint;
1090 698 1156 725 nihil
1173 699 1199 724 in
1216 705 1274 730 eos,
1298 697 1395 731 inquit,
1419 697 1464 730 qui
1492 696 1566 730 prius
1592 694 1662 729 judi-

879 742 949 769 cium
979 749 1138 775 exercuere,
1170 749 1252 776 grave
1275 741 1458 768 constituatur
1484 749 1491 767 :
1521 740 1572 767 nisi
1592 740 1662 766 forte

879 788 952 819 illos,
973 792 1019 814 aut
1035 788 1098 815 odio
1116 787 1257 822 impulsos,
1283 787 1354 821 quod
1379 786 1506 813 videlicet
1530 785 1565 817 ei,
1582 792 1661 819 quem

879 831 1108 863 condemnarunt,
1129 830 1228 858 infensi
1251 830 1361 862 forent;
1386 834 1431 855 aut
1457 828 1559 858 studio.
1590 828 1660 862 quod

881 878 1035 911 quempiam
1052 876 1242 904 benevolentia
1257 882 1322 909 erga
1338 875 1413 901 illum
1439 874 1549 901 adducti
1568 873 1660 900 absol-

882 922 970 949 verint
984 930 991 954 ;
1007 926 1052 949 aut
1065 922 1192 949 mercede
1205 925 1323 955 emptos.
1340 919 1366 946 id
1381 926 1497 953 namque
1510 923 1561 949 est,
1575 917 1665 952 gratia

882 970 1046 1001 corruptos,
1077 966 1217 1001 iudicasse
1245 966 1387 1000 probatum
1422 964 1514 991 fuerit.
1541 963 1663 990 Mercede

881 1019 999 1046 namque
1015 1016 1121 1046 emptus
1136 1011 1160 1038 is
1178 1011 1289 1042 dicitur,
1305 1010 1351 1044 qui
1382 1009 1524 1044 pecuniam
1552 1007 1662 1042 accipit,

881 1062 927 1084 aut
953 1057 1025 1084 aliud
1050 1057 1231 1090 quodcunque
1247 1055 1420 1086 beneficium,
1443 1053 1478 1081 ab
1501 1059 1534 1080 eo
1571 1061 1584 1079 a
1609 1059 1662 1086 quo

881 1109 1023 1136 corruptus
1041 1109 1100 1130 esse
1114 1101 1224 1128 dicitur.
1251 1100 1317 1127 Nam
1348 1100 1503 1134 quicunque
1529 1102 1575 1124 aut
1599 1097 1661 1124 odio

881 1153 927 1175 aut
942 1155 1036 1175 amore
1051 1147 1171 1179 adducti,
1200 1150 1246 1172 aut
1269 1145 1412 1180 largitione
1438 1142 1572 1176 corrupti,
1588 1141 1661 1175 judi-

881 1194 952 1220 cium
968 1194 1058 1220 minus
1076 1192 1190 1219 fideliter
1204 1192 1359 1218 exercuisse
1374 1189 1532 1224 deprehensi
1551 1187 1659 1217 fuerint.

881 1239 988 1274 propria
1006 1238 1066 1265 illos
1083 1238 1214 1272 dignitate
1232 1237 1339 1264 multari
1355 1236 1493 1263 decretum
1513 1238 1564 1261 est.
1583 1232 1660 1265 Quod

881 1285 903 1312 si
919 1285 1025 1320 judices
1039 1284 1075 1311 illi
1093 1283 1154 1319 ipsi,
1167 1283 1214 1318 qui
1226 1283 1297 1310 inter
1310 1289 1338 1309 se
1350 1281 1451 1316 judicio
1464 1279 1663 1310 conflictantur,

883 1333 1024 1357 accusator
1050 1329 1177 1356 nimirum
1203 1333 1231 1356 et
1258 1335 1330 1359 reus,
1357 1326 1497 1361 elegerint,
1527 1324 1662 1359 quamvis,

883 1376 981 1410 inquit,
994 1375 1147 1409 pauciores.
1164 1381 1244 1409 quam
1263 1373 1425 1408 prwtinitum
1445 1375 1495 1403 est,
1523 1370 1664 1404 designen-

883 1424 938 1453 tur,
956 1427 1052 1455 nempe
1067 1420 1093 1446 in
1108 1420 1296 1454 episcoporum
1308 1425 1390 1446 causa
1402 1416 1542 1448 duodenis,
1556 1414 1665 1450 presby-

885 1470 1002 1492 terorum
1026 1473 1085 1499 sex,
1112 1465 1287 1492 diaconorum
1316 1464 1422 1491 tribus:
1447 1467 1536 1490 tamen
1562 1461 1596 1488 ab
1622 1460 1665 1487 his

52 1515 111 1541 Ἐπὶ
125 1517 236 1547 τούτοις
251 1516 266 1542 ὁ
286 1515 376 1542 κανὼν
391 1517 456 1551 περὶ
471 1517 574 1544 τέκνων
591 1517 646 1544 τῶν
662 1518 756 1553 ἱερέων
782 1528 787 1543 ‹

927 1511 1022 1538 licibus
1038 1512 1165 1538 damnato
1188 1510 1354 1546 provocandi
1378 1509 1492 1536 facultas
1520 1514 1571 1534 non
1601 1506 1662 1533 erit.

48 1562 99 1592 σὶν,
115 1561 159 1587 ἴνα
177 1562 251 1596 μήτε
267 1561 371 1595 θεώρια
387 1562 535 1589 ἐκτελῶσιν
554 1563 642 1595 αὐτοὶ,
659 1564 727 1597 μήτε
744 1564 831 1591 ἄλλων

48 1608 194 1634 ποιούντων
207 1608 416 1643 παραγίνωνται
431 1609 479 1635 καὶ
493 1609 627 1643 θεωρῶσι.
638 1609 675 1635 Τὸ
684 1609 714 1636 δὲ
730 1609 832 1645 θεὼρια

47 1654 166 1680 ἐκτελεῖν
184 1654 309 1680 τοιοῦτόν
325 1654 416 1681 ἐστιν’
436 1654 481 1680 Ἐν
497 1655 556 1686 ταῖς
572 1655 716 1689 μεγίσταις
739 1656 832 1682 πόλεσι

48 1699 150 1733 θέατρα
164 1697 211 1732 ἦν.
227 1699 276 1725 καὶ
295 1699 374 1726 ἵπποι
400 1699 547 1733 ἐτρέφοντο
571 1699 774 1735 ἀμιλλητήριοι,
789 1700 833 1727 καὶ

48 1744 127 1779 θηρία
143 1745 185 1775 είς
199 1744 394 1779 Θηριομαχίαν,
408 1744 454 1771 καὶ
468 1744 607 1771 ἀνετίθετο
621 1745 637 1779 ἡ
655 1744 832 1781 ίπποτροςρία,

48 1790 91 1816 καὶ
106 1791 123 1824 ἡ
139 1789 196 1816 τῶν
213 1790 308 1825 θηρῶν
328 1790 483 1824 ἐπιμέλεια,
497 1790 543 1816 καὶ
557 1791 574 1825 ή
590 1791 703 1825 φροντὶς
719 1792 767 1818 τοῦ
784 1791 833 1823 τὰς

49 1836 164 1871 θεωρίας
189 1836 219 1861 ἐν
245 1836 303 1866 τοῖς
320 1835 445 1870 θεάτροις
459 1836 658 1868 ἐπιτελεῖσθαι,
679 1837 762 1868 ἐνίοις
778 1838 834 1864 τῶν

50 1880 207 1912 πολιτικῶν,
226 1881 364 1912 κάκείνοις
388 1881 468 1916 ἔμελε
484 1881 548 1916 περί
561 1890 592 1908 τε
606 1882 656 1917 τῆς
673 1882 730 1909 τῶν
741 1883 833 1910 ἵππων

51 1927 166 1962 ἁμίλλης
192 1927 243 1953 καὶ
257 1926 308 1960 τῆς
324 1925 507 1960 θηριομαχίας
528 1927 576 1953 καὶ
601 1927 656 1954 τῶν
670 1928 768 1960 ἄλλων,
784 1928 835 1955 ὅσα

49 1973 76 1998 ὲν
91 1973 146 2003 τοῖς
162 1971 295 2006 θεάτροις
306 1971 384 1997 εἴωθε
398 1971 534 2005 γίνεσθαι.
546 1971 639 1998 Ταῦτα
652 1971 698 1999 οὖν
711 1973 834 2006 γίνεσθαι

50 2019 122 2054 παρὰ
139 2018 250 2045 παίδων
260 2017 315 2044 τῶν
327 2017 422 2052 ἱερέων
436 2018 571 2044 ἐκώλυσεν
585 2020 599 2045 6
611 2018 712 2046 κανών.
724 2020 770 2046 Δεῖ
779 2019 834 2055 γὰρ

49 2065 107 2095 τοὺς
124 2064 211 2099 ἱερεῖς
224 2063 262 2089 τὰ
278 2063 366 2089 οἰκεῖα
378 2063 462 2089 τέκνα
475 2063 504 2090 ὲν
517 2064 628 2099 παιδείᾳ
644 2064 692 2091 καὶ
706 2064 834 2100 νουθεσίᾳ

51 2110 151 2143 Κυρῖου
182 2108 311 2141 ἀνάγειν,
328 2108 401 2135 κατὰ
416 2109 461 2134 τὸν
478 2108 564 2142 μέγαν
581 2108 697 2142 Παῦλον,
730 2110 760 2141 ὃς
788 2110 835 2136 καὶ

51 2154 115 2187 πρὸς
139 2153 222 2180 Τῖτον
234 2152 351 2188 γράφων
364 2152 437 2184 οἵους
462 2153 503 2179 δεῖ
519 2152 652 2188 καθιστᾷν
681 2153 836 2188 πρεσϐυτέ-

51 2207 123 2233 ρους,
142 2198 213 2232 πρὸς
225 2198 284 2229 τοῖς
297 2197 389 2229 ἄλλοις
419 2198 466 2224 καὶ
480 2198 562 2224 τοῦτο
580 2199 716 2234 ἔγραψεν·
731 2199 770 2227 El
787 2200 835 2233 τίς

50 2244 111 2270 ἐστι
123 2243 218 2270 τέκνα
228 2243 307 2277 ἔχων
315 2243 418 2275 πιστὰ,
427 2243 470 2277 μὴ
479 2243 514 2269 ἐν
522 2244 682 2278 κατηγορίᾳ
690 2244 832 2276 ἀσωτίας,

50 2290 67 2322 ἦ
79 2289 287 2317 ἀνυπότακτα.
305 2288 361 2315 Καὶ
376 2288 502 2324 Τιμοθέῳ
517 2289 694 2321 ἐπιστέλλων,
719 2286 774 2316 οἷον
795 2289 836 2317 δεῖ

50 2337 94 2362 τὸν
117 2335 279 2368 ἐπισκοπῆς
305 2333 471 2369 ὀρεγόμενον
495 2332 576 2366 εἶναι,
592 2328 650 2365 τοῖς
667 2334 773 2366 λοιποῖς
787 2334 836 2361 καὶ

50 2381 126 2408 τοῦτο
140 2380 310 2416 προσέθετο⁹
323 2379 359 2406 τὰ
371 2379 455 2406 τέκνα
470 2378 567 2414 ἔχοντα
580 2379 610 2405 ὲν
627 2380 751 2415 ὑποταγῇ
765 2381 836 2415 μετὰ

52 2429 140 2463 πάσης
169 2426 349 2461 σεμνότητος.
373 2424 414 2452 Τὰ
430 2425 559 2461 θεωρίαις
582 2425 612 2452 δὲ
637 2425 728 2461 μίμων
749 2434 836 2461 προσ-

52 2474 146 2507 έχοντα
160 2472 212 2498 καὶ
229 2470 423 2505 ἱπποδρομίαις
441 2471 606 2506 σχολάζοντα
617 2491 624 2504 ,
641 2471 689 2498 καὶ
701 2471 836 2503 τοιούτοις

52 2519 152 2550 ἄλλοις,
179 2516 245 2544 οὔτε
270 2516 389 2548 ἀσωτίας
401 2516 536 2552 ὑπόληψιν
561 2516 749 2550 ἐκφεύξονται,
776 2517 837 2544 οὔτε

54 2564 186 2599 σεμνότης
200 2563 294 2593 αὐτοῖς
309 2561 639 2598 προσμαρτυρηθήσεται.
655 2562 710 2588 Καὶ
722 2562 752 2588 οὐ
769 2561 837 2588 θαυ-

54 2609 158 2642 μαστὸν
176 2610 202 2635 εί
218 2609 252 2634 τὰ
265 2607 320 2634 τῶν
336 2608 432 2642 ἱερέων
445 2607 529 2634 τέκνα
542 2607 673 2642 τοιαύτην
699 2607 836 2641 διαγωγὴν

54 2655 230 2682 ἀπαιτοῦνται
242 2662 249 2670 ·
266 2653 330 2680 ἐπεὶ
342 2653 390 2680 καὶ
402 2653 470 2680 πᾶσι
479 2653 653 2688 Χριστιανοῖς
664 2653 835 2688 κεκήρυκται

56 2702 90 2735 μὴ
106 2698 263 2735 προσιέναι,
278 2699 347 2725 ὅπου
364 2697 536 2733 βλασφημίαι
562 2697 627 2724 είσί.
656 2696 835 2731 Βλασφημίας

55 2747 79 2772 δὲ
96 2749 129 2773 τὰ
147 2745 278 2779 ἀσέμνως
297 2743 429 2780 γινόμενα
446 2743 586 2778 ἐκάλεσεν,
611 2742 648 2775 ὡς
667 2742 838 2779 βλασφημεῖ-

84 2839 103 2853 ¹¹
118 2837 174 2863 ἶίι.
195 2844 213 2863 ι.
229 2835 256 2860 ὓ·

884 1556 960 1590 Quod
975 1557 1069 1584 civiles
1096 1564 1204 1592 quoque
1227 1557 1298 1591 leges
1316 1556 1410 1582 eodem
1436 1554 1515 1582 modo
1537 1560 1663 1585 sanxere,

884 1609 913 1630 ut
928 1603 1009 1630 tertio
1024 1602 1103 1635 libro,
1128 1601 1205 1629 titulo
1226 1602 1326 1635 primo,
1343 1599 1432 1634 capite
1456 1597 1663 1633 quadragesimo

883 1654 991 1685 quarto,
1010 1653 1037 1676 et
1053 1648 1122 1675 libro
1148 1655 1219 1675 n0no
1241 1646 1418 1674 Basilicorum
1432 1644 1523 1672 videre
1543 1648 1595 1671 est.
1615 1641 1664 1669 His

884 1695 1028 1727 absolutis,
1045 1695 1077 1721 de
1096 1693 1158 1720 filiis
1176 1693 1408 1728 presbyterorum,
1426 1697 1460 1718 ne
1489 1693 1536 1717 aut
1558 1693 1665 1723 specta-

885 1741 946 1768 cula
961 1740 1028 1775 ipsis
1052 1738 1185 1766 exhibere
1207 1743 1255 1766 aut
1279 1745 1339 1773 qua:
1364 1737 1397 1764 al)
1422 1736 1483 1763 aliis
1505 1734 1667 1762 exhibentur

884 1791 1010 1821 spectare
1023 1786 1115 1817 liceat,
1130 1792 1218 1812 canon
1233 1784 1366 1812 decernit.
1382 1782 1429 1809 Est
1445 1789 1509 1809 vero
1522 1781 1573 1808 hoc
1593 1778 1664 1814 quod

885 1831 984 1859 dicitur
998 1831 1031 1859 de
1048 1830 1212 1865 spectaculis
1236 1829 1396 1856 exhibendis
1410 1826 1542 1862 ejusmodi
1559 1833 1566 1852 :
1592 1825 1667 1852 fuere

885 1878 1016 1914 siquidem
1043 1877 1071 1904 iu
1097 1876 1203 1911 magnis
1230 1875 1343 1902 urbibus
1369 1873 1489 1905 theatra,
1516 1876 1571 1898 tum
1602 1870 1664 1904 equi

885 1931 991 1959 quoque
1003 1923 1036 1950 ad
1050 1922 1199 1950 certamina
1216 1920 1363 1954 bestiaeque
1377 1919 1410 1946 ad
1424 1925 1540 1953 pugnam
1556 1916 1664 1943 aleban—

886 1975 940 2001 tur.
958 1976 1054 2003 eaque,
1070 1973 1126 1995 tum
1142 1974 1275 2002 equorum
1301 1973 1333 1993 ac
1347 1964 1508 1995 bestiarum,
1528 1966 1584 1989 tum
1604 1961 1665 1987 reli-

885 2022 1000 2050 quorum
1017 2012 1247 2048 spectaculorum,
1265 2017 1326 2045 quae
1343 2010 1370 2037 in
1387 2008 1499 2036 theatris
1517 2005 1667 2034 exhibenda

887 2062 984 2094 forent,
1003 2060 1108 2088 curatio
1123 2058 1259 2086 nonnullis
1273 2065 1306 2085 ex
1329 2056 1428 2084 civium
1453 2060 1568 2082 numero
1591 2060 1666 2080 como

886 2108 1051 2140 mittebatur,
1064 2106 1174 2141 quibus,
1187 2109 1214 2132 et
1228 2108 1355 2138 equestre
1370 2106 1517 2133 certamen,
1526 2104 1553 2126 et
1564 2099 1650 2126 bestia
1659 2113 1667 2119 -

887 2161 946 2181 rum
973 2156 1114 2189 pugna,et
1136 2156 1303 2186 quaecunque
1331 2147 1421 2175 aliain
1433 2145 1544 2173 theatris
1555 2144 1667 2179 praberi

887 2199 978 2232 solita,
993 2206 1065 2227 cura:
1080 2197 1167 2225 fuere.
1191 2196 1291 2223 Rerum
1307 2193 1388 2228 igitur
1409 2190 1564 2227 huiusmodi
1586 2197 1666 2217 cura-

888 2250 960 2272 tores
995 2251 1055 2272 esse
1083 2241 1254 2270 sacerdotum
1290 2239 1359 2267 ﬁlios
1391 2238 1434 2265 hic
1466 2244 1553 2264 canon
1581 2240 1678 2262 vetata

887 2289 1051 2319 SacerdOtes
1077 2288 1150 2316 enim
1177 2286 1246 2313 filios
1270 2292 1334 2313 suos
1362 2284 1389 2311 in
1417 2284 1538 2311 doctrina
1564 2289 1596 2308 ac
1610 2282 1668 2315 lege

886 2334 993 2363 Domini
1008 2333 1151 2361 instituere
1165 2331 1273 2364 debent,
1289 2334 1318 2357 ut
1334 2334 1378 2357 est
1400 2328 1469 2362 apud
1492 2328 1581 2354 divum
1597 2325 1668 2352 Pau—

888 2382 954 2413 lum,
980 2380 1026 2414 qui
1050 2379 1131 2406 etiam
1156 2377 1276 2412 Epistola
1294 2375 1328 2403 ad
1353 2375 1455 2406 Titum,
1482 2373 1544 2400 dum
1563 2378 1667 2401 eorum,

886 2427 932 2462 qui
949 2424 1103 2453 sacerdotes
1115 2422 1225 2451 creandi
1235 2425 1309 2453 sunt.
1319 2419 1487 2448 conditiones
1500 2417 1667 2452 exsequitur,

887 2473 921 2500 ad
938 2471 990 2499 alia
1003 2472 1056 2499 hoc
1083 2476 1189 2504 quoque
1213 2467 1333 2495 addidit:
1352 2465 1382 2493 Si
1411 2465 1469 2499 quis
1497 2464 1567 2498 ﬁlios
1592 2462 1668 2489 habet

887 2518 989 2553 ﬁdeles,
1012 2516 1107 2543 nonin
1133 2514 1298 2542 accusatione
1328 2511 1452 2542 luxuria,
1476 2514 1522 2536 aut
1549 2507 1667 2535 immori-

890 2571 966 2598 ρει-οε
975 2563 1008 2589 ".
1026 2562 1058 2588 Et
1072 2560 1196 2596 Epistola
1211 2558 1245 2586 ad
1261 2557 1444 2589 Timotheum,
1461 2555 1523 2583 dum
1538 2561 1612 2584 eum,
1623 2551 1669 2598 qui

888 2597 1073 2641 episcopatum
1099 2603 1243 2633 desiderat,
1265 2601 1373 2636 qualem
1397 2603 1520 2634 oporteat
1539 2604 1600 2624 esse
1620 2597 1668 2641 dc-

889 2639 994 2682 scribit,
1020 2653 1118 2684 praeter
1144 2651 1239 2674 caetera
1269 2646 1294 2672 id
1326 2645 1406 2671 etiam
1428 2641 1571 2676 apposuit,
1601 2639 1669 2665 tilios

890 2696 1033 2724 habentem
1049 2692 1171 2721 subditos
1183 2698 1245 2719 cum
1268 2689 1341 2717 omni
1366 2687 1502 2715 castitate.
1528 2685 1579 2717 Qui
1604 2691 1668 2719 vero

891 2741 1034 2769 mimorum
1057 2744 1242 2773 equorumque
1269 2732 1451 2771 spectaculis,
1469 2730 1584 2765 aliisque
1610 2730 1667 2756 hu~
