1862 3081
200 143 236 174 83
828 144 967 175 ΤΙΙΕΟΙ).

1068 146 1193 176 SAMON
1770 143 1808 174 84

195 198 314 232 jusmodi
333 199 454 231 ludicris.
470 204 648 235 occupantur,
665 207 752 235 neque
768 201 976 236 intemperantia

1069 211 1097 229 αι
1111 204 1240 230 ποιοῦντα
1268 203 1330 234 τοὺς
1344 202 1455 233 πιστοὺς
1470 201 1544 236 παρὰ
1559 200 1612 227 τῶν
1625 200 1752 234 ἀπίστων,
1761 199 1809 228 οἷα

199 244 301 271 crimen
315 245 454 280 eﬂugient,
468 254 556 281 neque
578 246 742 281 integritatis
767 251 794 274 et
816 247 983 274 castimoniae

1037 248 1076 283 μὴ
1089 249 1118 275 ἐν
1134 249 1295 284 σωφροσύνῃ
1308 248 1412 280 ζῶντας
1426 248 1442 282 ἢ
1455 248 1599 282 σεμνότητι

197 292 353 319 testimonio
368 294 639 321 commendabuntur.
658 293 714 321 Nec
738 302 803 322 vero
831 294 929 321 mirum
956 295 978 321 si
998 293 1056 321 haec
1069 296 1130 322 vitae
1146 296 1272 330 degendae
1286 295 1355 322 ratio
1375 302 1389 322 ιι
1413 294 1477 321 ﬁliis
1513 293 1686 321 sacerdotum
1718 293 1807 327 exiga-

197 343 262 366 tur:
280 345 342 364 nam
358 342 385 365 et
399 338 563 367 Christianis
596 339 733 372 omnibus,
762 347 795 366 ne
817 340 850 366 ad
894 347 924 367 ea
951 340 1009 367 loca
1036 340 1081 366 ubi
1096 340 1272 375 blasphemia:
1289 345 1352 368 sunt
1376 339 1505 367 accedere
1523 339 1612 369 liceat,
1642 338 1806 365 interdictum

197 384 259 411 ruit.
277 384 455 417 Blaspbemise
470 393 536 413 vero
552 387 661 413 nomine
675 394 716 418 ea,
733 394 793 420 qua:
817 386 930 414 licenter
945 394 978 414 ac
997 386 1178 429 inverecunde
1215 387 1293 419 tiunt,
1314 386 1488 421 signiﬁcavit.
1513 384 1553 411 0b
1589 385 1635 411 illa
1660 384 1755 419 quippe
1776 384 1810 411 ﬁ-

196 431 280 463 deles,
301 439 376 466 quas:
402 434 587 466 temperantim
614 434 832 468 integritatisque
856 437 1068 468 contemptores,
1081 434 1115 461 ab
1129 433 1284 461 infidelibus
1300 433 1521 466 blasphemantur

196 477 277 512 535
291 477 404 505 ARIST.
419 487 428 503 ι
452 478 600 513 Episcopus
613 479 652 506 vel
661 479 786 512 clericus,
797 486 879 507 causa
889 479 980 506 crimi—

235 531 245 548 ι
268 522 321 549 nali
334 523 357 550 ei
374 523 507 555 instituta,
525 524 561 556 si,
578 524 672 551 relicta
691 524 817 557 ecclesia,
833 525 865 550 ad
879 523 978 557 judicia

231 577 242 594 I
262 568 367 602 publica
374 574 508 600 recurrat,
516 569 597 596 etiam
608 570 701 604 injuria
709 569 832 602 aﬂ’ectus,
840 569 978 604 proprium

237 624 247 640 ι
268 615 373 642 amittet
387 615 510 650 gradum.
531 615 559 642 Si
572 623 635 643 vero
652 620 679 643 et
703 615 795 643 vicerit
812 615 838 642 in
865 615 978 650 negotiis

236 669 246 685 ‹
268 659 396 694 politicis,
415 661 436 687 si
453 660 504 687 hoc
523 665 664 694 sequatur,
697 660 836 695 praprium
864 661 976 694 gradum

233 714 242 730 ι
262 705 377 732 amittet.
402 705 606 733 Ecclesiasticos
620 710 709 733 autem
722 706 836 740 judices,
851 706 901 733 nisi
918 713 979 740 gra-

234 760 244 776 ‹
266 751 302 777 tia
315 755 362 778 aut
372 752 434 778 odio
445 756 522 778 antea
532 751 668 786 judicasse
675 752 881 783 convincantur,
889 751 980 785 appcl-

235 803 245 821 ι
271 795 335 823 latio
350 796 471 823 instituta
488 804 539 823 non
555 797 688 831 propellit.
704 795 733 824 Si
751 801 840 831 partes
855 803 918 823 vero
933 795 978 830 ju-

235 850 245 866 ι
264 840 338 868 dices
352 841 493 876 elegerint,
507 842 542 869 ab
556 842 590 869 lis
602 849 635 869 ne
650 841 802 869 discedant.
820 851 830 868 ι

232 927 292 954 Non
308 933 413 962 oportet
426 929 581 964 episcopum
596 933 643 956 aut
655 930 782 957 clericum
797 929 925 964 judicium
936 937 980 957 ec-

197 973 378 1000 clesiasticum
399 981 532 1001 recusare.
549 974 719 1009 Quapropter
727 975 749 1002 si
764 976 825 1010 quis
839 983 871 1002 ex
885 975 918 1003 iis
930 976 981 1003 cri-

199 1017 332 1044 minsliter
342 1023 493 1051 accusatus,
509 1020 719 1047 ecclesiasticum
733 1021 898 1048 recusaverit
907 1021 979 1056 judi-

196 1063 280 1095 cium,
295 1067 321 1090 et
333 1063 366 1090 ad
377 1064 469 1092 civiles
483 1064 588 1098 iudices
601 1067 756 1098 accesserit,
773 1071 801 1093 et
818 1074 908 1094 coram
936 1067 979 1098 iis,

196 1114 258 1141 quae
269 1108 301 1134 ad
315 1109 515 1136 accusationem
538 1117 614 1137 suam
640 1115 774 1144 spectant,
791 1110 977 1142 denudaverit,

196 1154 320 1186 quamvis
344 1154 473 1181 innocens
483 1161 620 1188 appareat,
635 1159 661 1182 et
673 1163 720 1189 pro
733 1163 766 1182 eo
789 1155 839 1182 lata
862 1156 897 1182 sit
915 1164 978 1183 sen-

200 1198 294 1227 tentia,
310 1198 447 1232 proprium
474 1199 586 1233 gradum
604 1200 720 1227 amittet.
748 1199 775 1226 Si
804 1205 893 1226 autem
924 1209 977 1228 nott

195 1241 344 1269 criminalis
358 1241 392 1268 sit
406 1246 498 1269 contra
515 1250 561 1270 eos
579 1243 726 1274 accusmio,
742 1244 788 1270 sed
811 1245 978 1278 pecuniaria,

195 1292 223 1314 et
236 1288 341 1314 accidat
355 1289 388 1315 de
402 1290 453 1315 ism
467 1290 582 1316 evadere
593 1289 789 1323 eos,judicium
803 1291 867 1324 ipsis
880 1298 979 1318 convc-

195 1333 271 1360 niens
287 1338 450 1365 recusantes,
460 1338 488 1361 et
499 1334 532 1361 ad
543 1335 686 1362 saeculares
695 1335 800 1370 judices
811 1337 978 1368 accedentes,

195 1383 222 1404 et
238 1377 271 1403 ab
287 1377 318 1404 iis
336 1377 492 1411 iudicatos;
508 1378 529 1404 si
545 1379 654 1412 quidem
669 1379 807 1406 sententia!
821 1379 854 1405 ab
867 1379 900 1406 iis
918 1379 979 1406 lane

195 1423 368 1456 acquiescere
380 1422 487 1455 vellent,
500 1427 527 1449 et
537 1423 562 1449 id
572 1430 620 1457 pro
635 1430 688 1456 quo
700 1423 908 1455 contendebant,
922 1424 979 1450 exi-

196 1475 270 1501 gere,
290 1469 427 1502 proprium
450 1469 562 1502 gradum
599 1469 732 1496 amittent.
759 1469 786 1496 Si
817 1475 906 1496 autem
933 1469 979 1496 de-

195 1514 297 1548 spectui
317 1514 462 1541 habuerint
478 1521 567 1542 causae
581 1522 635 1541 suae
658 1515 847 1549 prolationem,
865 1515 980 1548 illudque
994 1511 1015 1540 ο

197 1567 244 1592 pro
278 1567 331 1593 quo
353 1559 551 1586 contendebant
577 1559 701 1586 amittere
739 1560 861 1592 mallent,
890 1560 978 1586 locum

196 1613 275 1633 suum
291 1606 454 1632 retinebunt.
469 1605 496 1632 Si
509 1605 568 1639 quis
580 1609 668 1632 autem
680 1605 713 1632 ab
723 1605 856 1640 episcopis
869 1612 979 1631 accusa-

197 1657 240 1677 tus
251 1654 278 1678 et
291 1650 496 1681 condemnatus,
509 1650 541 1676 ad
554 1650 669 1684 majores
687 1649 884 1676 ecclesiasncos
906 1649 979 1684 judi-

196 1703 242 1722 res
262 1695 455 1729 appellaverit.
488 1702 637 1729 eorumque
667 1695 828 1722 sententiam
857 1700 978 1722 evertere

196 1740 324 1771 potuerit,
354 1740 454 1766 nullam
482 1740 532 1767 hoc
550 1740 604 1767 illis
620 1739 756 1775 judicibus
783 1739 978 1768 ecclesiasticis

194 1791 308 1817 quorum
335 1784 469 1811 sententia
494 1785 634 1815 evertitur,
662 1792 758 1811 noxam
783 1784 901 1818 aﬂ'erret,
927 1785 977 1812 nisi

195 1829 309 1856 forsitan
323 1834 434 1864 propter
447 1830 549 1862 odium,
568 1835 613 1857 aut
629 1831 790 1863 passionem,
806 1832 846 1857 vel
861 1831 976 1866 gratiam

195 1875 311 1910 aliquam
329 1883 389 1903 cum
407 1875 504 1903 aﬂectu
522 1877 683 1904 sententiam
703 1877 796 1904 tulisse
810 1877 976 1904 convincan-

194 1925 247 1947 tur.
269 1920 429 1956 Quicunque
448 1927 540 1948 autem
559 1929 591 1949 ex
617 1923 750 1950 accusatis
775 1921 910 1955 episcopis
931 1925 977 1948 aut

192 1966 312 1999 clericis,
325 1967 524 1994 ecclesiasticos
533 1966 638 2000 iudices
651 1967 792 2001 elegerint,
803 1971 829 1994 et
841 1968 875 1994 ab
887 1967 920 1994 iis
931 1967 977 2002 ju-

193 2011 277 2039 dicari
290 2011 433 2044 voluerint,
443 2005 670 2046 quamvis’contra
682 2013 822 2047 episcopos
835 2018 976 2041 accusatos

193 2057 331 2084 duodecim
347 2057 478 2091 episcopis
496 2057 547 2084 sint
566 2057 718 2091 pauciores,
743 2062 838 2085 contra
857 2058 973 2093 presby-

192 2107 265 2130 teros
276 2107 364 2130 autem
381 2108 408 2130 et
421 2103 550 2130 diaconos
570 2108 670 2136 septem
687 2103 729 2130 vel
747 2103 827 2130 etiam
845 2109 972 2138 quatuor,

191 2147 417 2182 quemadmodum
435 2151 462 2174 et
483 2148 509 2174 in
536 2148 695 2175 duodecimo
713 2149 853 2181 praesentis
878 2149 972 2183 synodi

191 2199 296 2220 canone
312 2193 483 2227 scripsimus,
502 2193 671 2220 candemnati
692 2200 742 2220 non
761 2194 859 2220 debent
876 2199 970 2221 contra

190 2237 321 2271 judicium
339 2245 430 2265 eorum
453 2238 608 2273 appellare:
628 2239 772 2274 appellatio
787 2239 857 2266 enim
873 2240 974 2274 judicis

193 2283 324 2310 inscitiam
343 2283 385 2310 vel
402 2283 560 2318 injustitiam
585 2284 858 2319 corrigit.Quomodo
871 2285 972 2320 itaque,

192 2328 236 2361 qui
250 2328 355 2362 judices
369 2328 566 2356 ecclesiasticos
578 2330 669 2363 elegit,
682 2337 749 2364 quos
761 2335 788 2357 et
803 2338 927 2359 sermone
945 2337 973 2359 et

191 2373 246 2400 vita
271 2373 421 2408 inculpatos
439 2381 498 2401 esse
510 2373 651 2409 judicavit,
667 2376 759 2403 dicens
772 2384 801 2403 se
814 2377 974 2411 insipienter

191 2423 219 2446 et
234 2418 333 2453 injuste
345 2419 378 2446 ab
390 2419 423 2446 iis
435 2419 559 2454 iudicari,
576 2425 604 2447 ct
623 2421 859 2455 reprehensionem
876 2431 972 2457 quam-

191 2462 253 2490 dam
281 2462 433 2489 hominihus
459 2464 674 2492 sacerdotalibus
699 2465 733 2493 ab
761 2466 818 2501 ipso
844 2467 972 2501 iudicatis

192 2508 290 2536 an‘erre
305 2509 484 2537 admittatur?

480 2653 597 2682 CANON
611 2654 682 2682 XVI.

195 2708 204 2725 ι
225 2699 356 2728 Similiter
366 2699 477 2734 placuit,
487 2704 516 2727 ut
528 2701 656 2736 episcopi,
668 2702 818 2738 presbyteri
830 2706 857 2729 et
867 2702 971 2730 diaconi

230 2754 240 2769 ι
265 2746 444 2773 conductores
463 2746 505 2774 vel
527 2753 716 2781 procuratores
737 2756 790 2775 non
807 2748 895 2781 ﬁant;
923 2755 972 2776 nec

231 2800 238 2815 ι
262 2798 293 2818 ex
310 2792 379 2826 turpi
391 2791 480 2826 aliquo
491 2793 532 2820 vel
543 2794 588 2820 vili
600 2794 707 2829 negotio
720 2795 818 2821 victum
832 2795 882 2822 sibi
896 2802 969 2829 qua:-

230 2847 237 2861 ‹
267 2842 345 2869 rant;
367 2839 545 2867 debentenim
561 2840 631 2867 adid
643 2840 714 2876 quod
736 2841 863 2874 scriptum
876 2846 916 2868 cst
928 2848 971 2868 rc-

1032 478 1144 506 ΔΡΙΣΤ.
1175 487 1184 504 ι
1200 477 1367 509 Ἐπίσκοπος
1380 477 1396 512 ἢ
1412 477 1542 512 κληρικδς
1560 473 1758 510 ἐγκληματικοῧ
1768 483 1812 500 κι-

1072 533 1082 550 σ
1102 524 1235 559 νουμένου
1260 524 1434 559 πράγματος.
1457 523 1481 549 ει
1497 522 1546 557 τὴν
1556 520 1706 550 ἐκκλησίαν
1725 519 1810 554 ἀφεὶς,

1069 579 1078 594 ι
1097 571 1154 601 τοῖς
1185 569 1326 604 δημοσίοις
1351 568 1535 604 προσδράμοι,
1563 567 1610 594 καὶ
1627 566 1808 599 ἀδικούμενος,

1069 624 1077 639 ι
1097 615 1143 641 τὸν
1159 615 1224 641 ῐδιον
1237 614 1368 641 ἀπολέσει
1385 613 1498 648 βαθμόν.
1524 614 1556 639 Ei
1574 612 1702 646 ὑπερέξει
1718 611 1746 637 δέ
1765 611 1810 636 καὶ

1069 670 1078 685 ι
1099 660 1145 687 ἐπὶ
1161 661 1315 692 πολιτικαῖς
1332 660 1477 693 κεφαλαῖς,
1494 661 1517 686 εί
1530 658 1618 693 τούτῳ
1631 655 1811 692 στοιχείη.τδν

1070 715 1079 730 ι
1100 706 1165 732 ἴδιον
1178 706 1305 732 ἀπολέσει
1317 705 1432 740 βαθμόν.
1447 705 1584 736 Δικαστάς
1597 712 1630 738 γε
1650 704 1704 738 μὴν
1717 702 1812 735 ἐκκλη-

1070 760 1079 777 ι
1100 751 1268 782 σιαστικοὺς,
1282 751 1306 776 ει
1322 750 1358 785 μὴ
1375 749 1530 784 ἐλέγχοιντο
1540 749 1611 776 κατὰ
1626 747 1812 783 προσπάθειαν

1071 806 1079 821 ι
1099 796 1115 831 ἦ
1134 795 1312 822 ἀντιπάθειαι]
1333 795 1597 830 προδεδιῳκηκότες,
1618 794 1750 828 ἐκκλητος
1765 802 1812 826 γε-

1070 852 1079 868 ι
1097 842 1197 877 νομένη
1213 842 1263 868 οὑκ
1282 842 1426 876 ἀμύνεται.
1448 841 1511 868 Ἐὰν
1537 842 1567 868 δὲ
1586 841 1621 868 τὰ
1638 843 1708 875 μέρη
1727 840 1813 867 ἐπιλέ-

1071 899 1079 915 ι
1097 889 1195 921 ξωνται
1209 888 1350 920 δικαστὰς,
1363 887 1466 914 τούτων
1482 887 1520 922 μὴ
1545 886 1769 921 ἀφιστάσθωσαν.
1783 895 1790 910 ι

1067 934 1104 961 Οὐ
1120 933 1160 959 δεῖ
1174 933 1368 968 παραιτεῖσθαι
1385 933 1537 959 ἐπίσκοπον
1550 932 1567 966 ἢ
1579 931 1712 966 κληρικὸν
1726 931 1757 956 τὸ
1769 931 1812 956 ἐκ·

1032 979 1226 1013 κλησιαστικδν
1240 978 1427 1013 δικαστήριον.
1464 978 1546 1004 Ὅθεν
1577 978 1624 1003 ἐάν
1649 985 1692 1008 τις
1713 977 1813 1003 τούτων

1031 1024 1268 1060 κατηγορούμενος
1279 1024 1503 1058 ἐγκληματικῶς.
1518 1024 1567 1056 τὴν
1584 1021 1813 1056 ἐκκλησιαστικὴν

1033 1070 1236 1110 ταραιτὴσηται
1248 1070 1349 1105 κρίσιν,
1363 1069 1411 1096 καὶ
1423 1068 1573 1100 πολιτικοῖς
1582 1068 1725 1098 δικασταῖς
1734 1075 1813 1100 προσ-

1033 1115 1107 1150 έλθῃ,
1124 1115 1170 1142 καὶ
1182 1115 1247 1150 παρ’
1265 1116 1379 1146 ἐκείνοις
1397 1114 1524 1150 γυμνάσῃ
1543 1114 1577 1140 τά
1592 1114 1641 1148 τῆς
1658 1113 1812 1143 αἰτιάσεως·

1032 1162 1084 1188 κᾶν
1101 1160 1245 1192 ἀνεύθυνος
1270 1162 1352 1195 φανῇ,
1376 1160 1424 1188 καὶ
1451 1160 1522 1195 ὑπὲρ
1548 1160 1630 1186 αὐτοῦ
1645 1160 1663 1194 ἡ
1679 1158 1814 1191 ἀπόφασις

1033 1207 1169 1241 ἐξενεχθῇ,
1183 1207 1229 1232 τὸν
1244 1206 1310 1232 ἴδιον
1324 1206 1453 1232 ἀπολέσει
1470 1205 1585 1240 βαθμάν.
1609 1205 1640 1231 Ei
1663 1205 1691 1231 δέ
1706 1205 1758 1230 οὐκ
1772 1205 1814 1237 ἐγο

1032 1253 1190 1288 κληματική
1206 1254 1281 1278 ἐστιν
1299 1253 1315 1286 ἡ
1331 1252 1392 1278 κατ’
1409 1252 1500 1278 αὐτῶν
1514 1251 1644 1283 αἰτίασις,
1664 1250 1734 1277 ἀλλὰ
1748 1258 1813 1285 χρη-

1035 1299 1148 1333 ματικὴ,
1163 1299 1210 1324 καὶ
1224 1297 1314 1332 συμϐῇ
1327 1298 1375 1324 καὶ
1390 1298 1437 1323 ἐπὶ
1451 1297 1556 1331 ταύτην
1577 1296 1691 1329 νικῆσαι
1707 1295 1813 1326 αὐτοὺς,

1032 1343 1062 1369 τὸ
1075 1343 1229 1379 πρόσφορον
1243 1343 1335 1374 αὐτοῖς
1352 1343 1615 1377 παραιτησαμένους
1627 1342 1812 1375 δικαστήριον.

1033 1388 1080 1414 καὶ
1104 1389 1250 1422 κοσμικαῖς
1282 1388 1424 1419 δικασταῖς
1449 1387 1658 1422 προσελθόντας,
1689 1388 1739 1414 καὶ
1754 1386 1813 1419 παρ’

1032 1434 1145 1460 ἐκείνων
1158 1434 1302 1468 κριθέντας
1314 1441 1320 1447 ·
1336 1434 1360 1459 εί
1377 1433 1427 1467 μὲν
1439 1432 1581 1467 αἱροῦνται
1595 1433 1628 1466 τῇ
1642 1431 1716 1466 ὑπὲρ
1727 1431 1815 1458 αὐτῶν

1034 1479 1116 1514 ψήφῳ
1132 1480 1260 1513 στοιχεῖν,
1273 1479 1320 1506 καὶ
1332 1479 1362 1505 τὺ
1376 1479 1492 1513 πρᾶγμα
1507 1479 1547 1508 είς
1560 1478 1574 1504 ὂ
1589 1479 1722 1512 ἐνίκησαν
1733 1479 1815 1504 ἁπαι-

1032 1525 1123 1558 τῆσαι,
1140 1523 1186 1550 τὸν
1203 1524 1267 1549 ῐδιον
1299 1523 1404 1558 βαθμὸν
1418 1523 1609 1550 ἀπολέσουσιν.
1638 1523 1669 1549 Ei
1685 1523 1715 1548 δὲ
1733 1531 1815 1549 κατα-

1032 1569 1161 1605 φρονοῦσι
1185 1569 1235 1603 τῆς
1252 1569 1433 1600 δικαιώσεως,
1450 1569 1497 1595 καὶ
1523 1568 1657 1595 ἀπολέσαι
1673 1568 1815 1603 αἱροῦνται

1029 1615 1060 1642 τὸ
1079 1616 1119 1646 εις
1140 1615 1154 1641 ὃ
1179 1615 1321 1649 ἐνίκησαν,
1352 1615 1399 1641 τὸν
1418 1615 1518 1640 οἰκεῖον
1543 1614 1626 1641 τόπον
1641 1615 1814 1646 καθέξουσιν.

1029 1661 1060 1688 El
1079 1661 1107 1688 δέ
1120 1670 1162 1692 τις
1178 1661 1254 1694 παρὰ
1271 1661 1428 1687 ἐπισκόπων
1456 1660 1573 1695 κριθεὶς,
1602 1661 1649 1686 καὶ
1668 1661 1815 1687 καταδιιια⁹

1029 1707 1115 1738 σθεὶς,
1137 1706 1204 1741 πρὸς
1223 1707 1349 1741 μείζονας
1365 1706 1610 1739 ἐκκλησιαστικοὺς
1624 1706 1758 1736 δικαστὰς
1769 1708 1814 1732 ὲκ-

1029 1753 1189 1786 καλέσηται,
1202 1753 1249 1778 καὶ
1267 1752 1419 1786 ἀνατρέψαι
1451 1751 1556 1786 ἰσχύσει
1571 1752 1621 1786 τὴν
1647 1751 1742 1785 ψῆφον
1769 1752 1816 1777 αὺ-

1028 1799 1081 1824 τῶν
1091 1806 1097 1813 ·
1115 1797 1244 1832 οὐδεμίαν
1258 1797 1361 1832 βλάϐην
1388 1797 1468 1823 τοῦτο
1484 1797 1581 1829 ἐπάξει
1595 1797 1652 1823 τοῖς
1665 1797 1815 1830 ἐκκλησισ-

1029 1843 1130 1873 στικοῖς
1143 1841 1285 1872 δικασταῖς
1303 1841 1430 1872 ἐκείνοις,
1447 1837 1486 1867 ὧν
1501 1842 1517 1873 ὴ
1540 1841 1680 1874 ἀπόφασις
1695 1840 1814 1874 ἀνατρέ-

1027 1894 1107 1913 πεται
1120 1895 1126 1902 -
1139 1887 1163 1913 εἰ
1174 1887 1210 1921 μή
1222 1894 1272 1912 που
1284 1887 1354 1912 κατὰ
1373 1885 1486 1920 ἔχθραν,
1497 1886 1513 1920 ἢ
1524 1885 1594 1912 κατὰ
1609 1885 1813 1920 προσπάθειαν.

1027 1933 1044 1969 ἢ
1059 1934 1130 1959 κατά
1141 1940 1203 1958 τινα
1216 1932 1296 1966 χάριν
1310 1931 1516 1966 ἀπελεγχθῶσιν
1532 1931 1666 1964 ἐμπαθῶς
1687 1932 1738 1966 τὴν
1751 1931 1813 1966 κρί-

1027 1987 1069 2004 σιν
1078 1978 1254 2012 ποιήσασθαι.
1266 1978 1342 2004 Ὅσοι
1353 1977 1381 2003 δὲ
1393 1977 1448 2004 τῶν
1458 1977 1630 2011 αἰτιωμένων
1640 1978 1811 2006 ἐπισκόπων.

1026 2024 1043 2059 ἢ
1061 2023 1211 2059 κληρικῶν,
1224 2022 1395 2054 ἐπιλέξονται
1409 2023 1657 2055 ἐκκλησιαστικοὺς
1669 2022 1812 2053 δικαστὰς,

1027 2071 1073 2096 καὶ
1089 2069 1154 2103 παρ’
1178 2069 1272 2099 αὐτοῖς
1293 2068 1421 2103 κριθῆναι
1446 2067 1603 2101 θελήσουσι,
1632 2068 1685 2094 xiv
1701 2069 1814 2102 ἥττονες

1026 2116 1071 2141 ἐπὶ
1085 2115 1134 2149 μὲν
1157 2115 1314 2141 ἐπισκόπων
1342 2114 1609 2149 κατηγορουμένων,
1635 2114 1692 2139 τῶν
1710 2115 1813 2141 δώδεκα

1026 2161 1184 2188 ἐπισκόπων
1198 2158 1275 2192 ὦσιν,
1286 2161 1333 2187 ἐπὶ
1346 2160 1374 2186 δέ
1390 2160 1595 2196 πρεσόυτέρων,
1607 2161 1655 2186 καὶ
1666 2160 1812 2190 διακόνων,

1027 2207 1080 2234 τῶν
1093 2207 1171 2238 ἑπτὰ,
1188 2207 1204 2242 ἢ
1217 2207 1264 2233 καὶ
1278 2196 1431 2240 τεσσάρων,
1449 2206 1540 2237 καθὼς
1556 2206 1584 2231 ἐν
1609 2205 1648 2239 τῷ
1663 2205 1813 2239 δωδεκάτῳ

1027 2254 1119 2280 κανόνι
1133 2254 1182 2288 τῆς
1193 2252 1337 2288 παρούσης
1359 2252 1468 2278 συνόδου
1483 2252 1655 2286 ἐγράψαμεν,
1675 2253 1727 2278 οὐκ
1741 2253 1815 2287 ὀφείη

1027 2299 1102 2326 λουσι
1118 2298 1364 2330 καταδικασθέντες
1397 2297 1572 2324 ἐκκαλεῖσθαι
1599 2298 1671 2324 κατά
1685 2299 1736 2332 τῆς
1754 2298 1814 2333 κρί-

1028 2353 1097 2376 σεως
1109 2344 1209 2371 αὐτῶν.
1236 2344 1268 2370 'H
1284 2344 1338 2378 γὰρ
1362 2343 1494 2377 ἔκκλητος
1522 2343 1651 2377 ἀπειρίαν
1666 2343 1683 2377 ἢ
1705 2343 1815 2370 ἀδικίαν

1029 2389 1226 2425 ἐπανορθοῦται
1241 2389 1288 2415 τοῦ
1307 2388 1448 2415 δικαστοῦ.
1464 2389 1527 2419 Πῶς
1538 2388 1604 2421 γοῦν
1619 2388 1633 2413 ὀ
1652 2388 1729 2414 ἐπιλε
1736 2388 1816 2422 ξάμε-

1028 2442 1071 2465 νος
1083 2434 1327 2468 ἐκκλησιαστικοὺς
1340 2434 1482 2464 δικαστὰς,
1499 2432 1545 2464 οὓς
1561 2433 1607 2459 καὶ
1621 2433 1692 2459 κατὰ
1722 2433 1813 2467 λόγον,

1027 2481 1073 2506 καὶ
1097 2479 1169 2507 κατὰ
1183 2479 1244 2513 βίαν
1257 2479 1458 2512 ἀνεπιλήπτους
1473 2479 1583 2513 ἔκρινεν
1598 2476 1679 2509 εἶναι,
1693 2481 1815 2514 παραδε-

1027 2523 1169 2558 χθήεεται,
1188 2522 1286 2556 λέγων,
1304 2522 1424 2557 ἀπείρως
1439 2522 1454 2557 ἢ
1467 2522 1566 2553 ἀδίκως
1585 2522 1631 2548 ὑπ’
1649 2523 1742 2549 αὐτῶν
1754 2532 1814 2558 κρι-

1027 2569 1114 2602 θῆναι,
1130 2568 1176 2594 καὶ
1192 2569 1272 2594 οἱονεί
1287 2577 1347 2594 τινα
1369 2568 1474 2602 μέμψιν
1487 2569 1544 2598 τοῖς
1561 2569 1628 2602 παρ’
1641 2568 1726 2596 αὐτοῦ
1741 2569 1813 2595 οῖον-

1026 2615 1051 2641 sl
1065 2614 1199 2649 κριθεῖσιν
1215 2614 1362 2648 ἱερατικοῖς
1375 2614 1489 2647 ἐπάγειν
1500 2613 1640 2648 ἀνδράσιν.

1321 2659 1439 2686 ΚΑΝΩΝ
1454 2659 1513 2692 ις’.

1029 2714 1038 2730 ι
1064 2705 1180 2740 Ὁμοίως
1192 2706 1301 2740 ήρεσεν,
1319 2706 1364 2732 ἵνα
1380 2706 1527 2732 ἐπίσκοποι
1556 2706 1603 2732 καὶ
1626 2706 1812 2743 πρεσῦύτεροι

1065 2761 1072 2776 ι
1093 2751 1140 2778 καὶ
1155 2751 1273 2778 διάκονοι
1289 2751 1456 2786 ὲκλήπτορες
1471 2752 1507 2786 μὴ
1520 2752 1650 2784 γίνωνται
1662 2753 1679 2787 ἡ
1693 2761 1815 2788 προκου-

1064 2807 1070 2819 ι
1094 2797 1216 2831 ράτορες,
1230 2797 1297 2831 μηδὲ
1321 2797 1352 2823 ἐκ
1369 2806 1438 2828 τινος
1454 2797 1566 2831 αἰσχροῦ
1583 2797 1598 2831 ἢ
1615 2797 1716 2832 ἀτίμου
1738 2799 1812 2832 πρά-

1065 2852 1072 2866 ι
1093 2850 1197 2876 γματος
1212 2842 1315 2877 τροιξὴν
1334 2842 1512 2876 πορὲζιυνταυ
1524 2842 1659 2876 ὀφείλουσι
1675 2843 1729 2879 γὰρ
1741 2844 1812 2873 ἀπο,
