1862 3081
61 110 98 142 85
604 117 647 147 ΙΝ
662 117 743 148 CAN.
767 118 832 147 XVI
854 118 956 150 CUNC.
979 122 1166 152 CAli’lllAG.
1661 127 1695 155 F6

99 179 107 195 ι
126 169 228 204 ϐλέψαι
242 171 283 202 εἰς
302 171 333 197 τὸ
351 174 556 207 γεγραμμένον·
579 174 684 207 Οὐδεὶς
694 176 853 209 στροτευό-
869 175 891 204 Λ

99 225 107 240 ι
121 225 215 250 μενος
240 217 281 249 τῷ
300 217 364 250 Θεῷ
377 219 558 251 ἐμπλέκεται
576 221 687 247 ἑαυτὰ·
701 221 854 254 πίὰγμιισι

100 271 107 286 ι
125 262 297 296 κοσμικαῖς*
319 265 366 289 καὶ
378 264 448 290 ὥστε
471 266 535 296 τοὺς
550 266 733 299 ἀναγνώστας
749 267 789 297 είς
808 268 854 292 τὸν

100 317 109 332 ι
127 308 225 342 καιρὸν
251 309 303 343 τῆς
329 309 400 344 ἥϐης
426 311 594 345 ἐρχομένους
618 313 852 347 ἀναγκάζεσθαιῆ

101 363 109 377 ι
129 353 268 387 συμίίους
287 355 450 389 ἀγαγέσθαι.
471 356 487 391 ἢ
510 358 676 392 ἐγκράτειαν
698 359 853 393 ὁμολογεῖν.

101 409 108 422 ι
132 399 253 432 Ὁμοίως
265 400 376 435 ἤρεσεν,
395 402 437 428 ἵνα
449 402 593 438 κληρικὺς,
606 404 653 430 ἐὰν
670 404 802 438 χρήματα
817 403 854 438 δῷ

102 453 110 468 ι
127 445 156 470 ὲν
172 445 290 480 χρήσει,
305 446 341 472 τὰ
357 448 490 482 χρήματα
507 448 577 485 λάϐῃ
589 457 598 465 ι
626 450 673 477 ἐὰν
695 448 777 483 εἶδος,
793 451 855 477 ὅσον

102 499 110 515 ι
128 490 229 518 δέδωκε
249 492 332 527 λάϐῃ.
359 494 414 520 Καὶ
439 494 484 521 ἵνα
506 495 560 530 πρὸ
588 496 643 523 τῶν
680 497 854 523 εἰκοσιπέντε

99 545 108 560 ι
125 537 260 563 ἐνιαυτῶν
285 539 353 573 μήτε.
372 539 492 567 διάκονοι
513 543 737 577 χειροτονῶντοιι.
774 543 854 571 Ἀλλὰ

99 593 112 606 ι
128 583 176 609 καὶ
188 584 212 608 οἱ
230 584 409 618 ἀναγνῶσται
422 586 468 613 τὸν
483 588 571 622 δῆμον
585 589 622 623 μὴ
631 590 852 624 προσκυνῶσιν.»

97 629 192 655 ΠΛΛΣ.
208 630 279 664 Περὶ
293 631 342 665 μὲν
355 631 410 658 τῶν
425 632 567 668 κληρικῶν
580 634 634 660 τῶν
647 635 857 669 παρεμϐαλλόν-

63 683 113 700 των
130 675 248 706 ἑαυτοὺς
260 677 301 708 εἰς
314 678 452 711 κοσμικὰς
480 679 624 714 ἐνεργείας
639 680 801 716 ἐγράψαμεν
815 681 856 713 είς

62 721 90 745 τὸ
104 723 137 752 ιγ
150 727 214 752 acup.
231 720 281 747 τοῦ
295 720 319 755 η’
335 722 425 749 τίτλον
438 723 486 749 τοῦ
499 725 634 759 παρόντος
651 726 853 760 συντάγματος,

63 765 101 794 είς
111 765 158 792 τὸν
176 766 203 798 ς’
217 768 268 793 καὶ
286 767 332 801 πγ’
349 769 528 796 ἀποστολικδν
544 770 655 802 κανόνα,
672 771 719 797 καὶ
745 772 785 803 είς
811 772 855 798 τὸν

62 810 85 843 γ’
100 811 200 838 κανόνα
209 813 262 847 τῆς
279 813 300 839 δ’
309 814 420 841 συνόδου
431 823 438 830 ”
453 816 500 842 καὶ
512 816 650 850 ἀνάγνωθι
664 817 785 849 τούτους.
795 819 854 845 Κα-

61 857 290 893 ταστρωθήσεται
307 859 335 886 δὲ
347 861 387 892 είς
398 861 449 896 τὴν
460 861 600 896 παροῦσαν
613 863 762 897 ἑρμηνείαν
780 863 828 889 καὶ
839 865 855 898 ἡ

62 903 131 928 κατὰ
146 904 195 938 τὴν
205 903 232 938 η’
243 905 292 931 τοῦ
305 906 474 940 Δεκεμϐρίου
487 908 573 942 μηνὸς
588 908 637 942 τῆς
651 908 678 940 ς’
691 909 856 941 ίνδικτιῶνος

63 952 196 986 γενομένη
214 952 343 987 συνοδικὴ
354 954 507 988 σημείωσις
520 956 560 986 είς
577 956 626 989 τὴν
640 956 795 991 ἑφημερίαν
808 956 855 982 τοῦ

62 998 216 1029 ἁγιωτάτου
230 999 339 1025 ἐκείνου
351 1001 522 1036 πατριάρχου
541 1002 637 1037 κυρίου
655 1003 757 1033 Λουκᾶ1
770 1003 786 1037 ἠ
810 1004 856 1029 καὶ

63 1043 144 1077 τόμον
159 1044 240 1076 τάξιν
258 1045 407 1080 ἐπέχουσα.
439 1046 576 1079 Ὡσαύτως
602 1049 649 1074 καὶ
670 1049 685 1082 ἡ
704 1049 857 1082 σημείωσις

62 1088 107 1114 τοῦ
118 1089 276 1122 ἁγιωτάτου
287 1090 394 1117 ἐκείνου
412 1092 586 1127 πατριάρχου
608 1093 693 1128 κυροῦ
715 1094 853 1127 Ἰωάννου,

62 1132 78 1166 ἠ
95 1133 233 1168 γενομένη
258 1135 342 1169 χάριν
357 1135 404 1161 τοῦ
421 1138 458 1170 μὴ
473 1139 633 1172 συνηγορεῖν
658 1138 720 1169 τοὺς
739 1139 856 1174 ιερωμὲ-

62 1186 132 1209 νους.
148 1179 203 1205 Καὶ
217 1180 234 1214 ἡ
247 1179 364 1214 δύναμις
377 1180 424 1206 τοῦ
438 1190 470 1216 ση
477 1182 632 1217 μειώματος
642 1184 689 1209 τοῦ
702 1184 856 1217 ἁγιωτάτου

64 1226 237 1260 πατριάρχου
254 1227 342 1262 κυροῦ
360 1227 469 1263 Μιχαὴλ
486 1228 533 1254 τοῦ
562 1228 668 1255 ὑπάτου
683 1229 737 1256 τῶν
753 1229 858 1263 φιλοσόι

62 1281 128 1306 φων,
141 1274 158 1307 ἡ
173 1273 302 1307 προῦᾶσα
316 1275 395 1308 χάριν
408 1275 457 1301 τοῦ
467 1275 565 1308 ἐπίσης
576 1276 616 1310 τῷ
627 1276 743 1309 διακόνῳ
761 1276 808 1302 καὶ
820 1276 857 1310 τῷ

64 1320 131 1353 ἱερεῖ
146 1319 306 1346 κωλύεσθαι
333 1322 380 1347 καὶ
408 1321 455 1347 τὸν
471 1321 650 1355 ἀναγνώστην
673 1322 705 1348 ὲκ
720 1323 770 1356 τῆς
783 1323 858 1354 ἔνερ-

62 1365 137 1398 γείας
153 1365 212 1391 τῶν
224 1366 368 1399 κοσμικῶν
392 1366 538 1400 ὸφφικὶων.
572 1367 650 1393 Ἐπεὶ
668 1366 696 1393 δὲ
726 1367 739 1392 ὁ
763 1366 858 1400 παρὼν

62 1410 150 1437 κανὼν
161 1410 324 1445 διορίζεται,
341 1412 378 1446 μὴ
391 1412 553 1446 πορίζεσθαι
568 1414 634 1443 τοὺς
646 1412 812 1447 ίερωμὲνονς
824 1412 858 1438 τᾶ

62 1457 128 1491 πρδς
145 1457 253 1492 τροφὴν
265 1457 321 1484 ἀπὸ
337 1458 510 1492 πραγμάτων
530 1458 653 1493 αἰσχρῶν
675 1459 722 1484 καὶ
736 1458 856 1491 ἀτίμων,

944 187 953 202 ‹
978 179 1094 213 spicere,
1110 179 1190 206 Nemo
1217 179 1268 206 ὓιό
1285 180 1403 208 militans
1430 183 1546 216 scipsum
1574 183 1693 217 implicat

947 234 955 249 ι
977 225 1148 252 swcularibus
1182 227 1292 261 negotiis
1315 227 1357 259 ",
1387 233 1424 260 et,
1453 234 1481 254 ιιι
1515 229 1631 256 lectores
1660 230 1692 254 ad

949 279 958 295 ί
980 271 1129 305 pubertatis
1144 276 1248 306 tempus
1262 273 1401 299 venientes
1410 279 1551 308 cogantur,
1568 275 1609 301 vel
1626 283 1693 301 uxo—

947 325 955 340 ι
977 323 1024 343 res
1050 317 1160 348 ducere,
1177 317 1218 343 vel
1235 317 1429 344 continentiam
1443 319 1575 352 proﬁteri.
1591 319 1694 346 Simili»

941 370 951 386 ι
976 366 1018 388 ter
1032 361 1141 396 placuit.
1167 367 1195 389 ut
1211 364 1233 390 si
1247 363 1364 390 clericus
1382 368 1489 390 mutuas
1502 365 1630 397 pecunias
1649 365 1695 392 de-

947 417 956 433 ‹
977 408 1064 442 derit,
1087 410 1216 443 pecunias
1245 409 1378 443 accipiat:
1394 410 1436 436 sin
1461 415 1548 438 autem
1564 410 1692 445 speciem,

943 465 952 480 ι
975 459 1106 489 quantum
1131 456 1233 483 dederit
1262 456 1387 490 accipiat.
1402 455 1433 483 Et
1451 461 1479 483 ιιι
1493 461 1557 484 ante
1574 456 1694 491 quinque

946 510 955 526 ι
974 505 1001 528 et
1028 500 1123 535 viginti
1141 508 1226 529 annos
1249 502 1355 529 diaconi
1372 509 1425 528 non
1450 502 1620 530 ordinentur.
1641 502 1694 529 Sed

945 555 954 571 (
974 549 1001 574 et
1030 545 1144 574 lectores
1164 546 1292 581 populum
1310 554 1361 574 non
1377 547 1505 574 salutent.
1527 556 1536 572 ι

943 634 1040 663 BALS.
1058 635 1096 663 De
1121 635 1228 663 clericus
1244 635 1365 670 quidem.
1387 635 1431 670 qui
1452 642 1481 662 se
1511 635 1626 670 negotiis
1642 642 1694 662 ειε-

906 681 1043 708 cularibus
1056 682 1193 715 ingerunt,
1208 682 1367 715 scripsimus
1383 681 1410 708 in
1427 681 1532 708 decimo
1549 682 1629 708 tertio
1646 688 1693 706 ca-

907 728 962 762 pite
971 727 1147 755 octavi‘tituli
1160 728 1302 762 prmsentis
1317 727 1406 761 operis
1420 736 1427 760 ;
1444 727 1470 753 in
1481 732 1558 754 sexto
1573 732 1600 755 et
1619 732 1695 753 octo-

907 770 1011 808 gckimo
1026 774 1105 800 tertio
1119 781 1224 800 canone
1244 773 1404 808 apostolico,
1419 777 1445 800 et
1458 775 1484 800 in
1499 774 1579 800 tertio
1593 780 1696 800 czmoue

908 825 1014 854 quartte
1029 820 1173 854 synodi,ct
1190 820 1248 854 lege
1263 827 1320 847 eos.
1339 821 1367 846 in
1400 821 1526 853 praesenti
1545 824 1634 846 autem
1656 819 1696 845 in-

910 865 1103 899 terpretatione
1114 870 1227 900 ponetur
1243 870 1271 892 et
1282 873 1342 900 quae
1354 871 1449 892 octavo
1465 866 1566 892 mensis
1586 865 1698 891 Decem-

909 913 964 939 bris
981 918 1057 939 sexta
1075 911 1222 939 indictione
1236 911 1306 938 facta
1327 915 1368 938 est
1383 911 1519 945 synodalis
1536 910 1696 940 declaratio,

910 962 1031 991 tempore
1047 956 1212 983 sanctissimi
1230 956 1394 990 patriarcha:
1408 956 1511 982 domini
1527 955 1618 987 Luem,
1636 962 1696 989 quo:

908 1002 989 1030 etiam
1002 1001 1147 1029 decisionis
1158 1001 1246 1028 locum
1260 1001 1375 1028 obtinet.
1389 1000 1522 1027 Similiter
1539 1004 1565 1027 et
1577 1000 1699 1034 promul—

908 1049 978 1082 gatio
988 1048 1146 1081 patriarcha:
1159 1047 1231 1074 illius
1241 1047 1339 1074 domini
1350 1046 1475 1079 Joannis,
1491 1054 1551 1080 quae
1561 1046 1633 1072 facta
1645 1052 1697 1077 est,

909 1094 990 1129 5'36
1003 1100 1036 1120 ne
1050 1101 1148 1120 causas
1161 1097 1273 1128 agerent
1288 1092 1333 1127 qui
1351 1092 1438 1120 sacris
1453 1092 1552 1119 initiati
1567 1096 1642 1118 sunt.
1663 1091 1694 1118 Et

906 1142 949 1172 jus
964 1139 1044 1165 edic1i
1062 1138 1228 1166 sanctissimi
1245 1138 1408 1172 patriarchae
1427 1137 1529 1163 domini
1554 1136 1695 1163 Michaelis

909 1185 1132 1220 philosophorum
1158 1184 1267 1216 summi,
1288 1184 1359 1218 quod
1379 1183 1489 1218 prodiit,
1511 1186 1540 1209 ιιι
1553 1189 1639 1216 atque,
1667 1189 1699 1208 ac

909 1232 1039 1259 diaconus
1058 1236 1084 1258 et
1097 1231 1233 1262 sacerdos,
1264 1230 1347 1257 lector
1377 1236 1484 1263 quoque
1509 1227 1699 1263 prohiberetur

909 1279 942 1305 ab
958 1278 1117 1305 exercendis
1131 1276 1306 1304 saecularibus
1320 1275 1425 1302 olllciis.
1449 1274 1581 1307 Quoniam
1609 1277 1697 1300 autem

909 1331 1029 1358 praesens
1048 1330 1135 1351 canon
1149 1322 1255 1354 statuit,
1283 1330 1316 1349 nc
1332 1322 1377 1356 qui
1400 1327 1463 1348 sunt
1480 1321 1578 1347 sacrati
1597 1321 1697 1346 victum

909 1374 1029 1404 qumrant
1048 1376 1082 1396 cx
1094 1369 1173 1396 relms
1194 1368 1316 1402 turpibus
1332 1372 1358 1394 et
1371 1367 1484 1398 vilibus,
1506 1373 1579 1399 sscpe
1594 1364 1697 1399 quaesi-

911 1422 967 1444 tum
983 1420 1034 1448 est,
1047 1422 1170 1450 quaenam
1190 1415 1300 1441 sintete.
1318 1414 1350 1440 Et
1364 1412 1482 1440 nonnulli
1498 1412 1606 1446 quidem
1623 1411 1700 1437 dixe-

911 1467 975 1489 runt
988 1469 1036 1489 eas
1053 1468 1126 1491 esse.
1147 1461 1274 1487 lenonem
1298 1466 1358 1486 esse
1372 1466 1404 1485 ac
1429 1457 1588 1484 meretrices
1615 1456 1697 1486 alere,

62 1503 181 1537 ὲζητήθη
202 1502 338 1533 πολλάκις
356 1504 420 1529 ποῖα
442 1503 531 1529 ταῦτά
543 1505 609 1530 εἰσι,
638 1503 693 1529 Καί
717 1511 792 1533 τινες
809 1502 853 1536 μὲν

945 1509 1110 1544 upouatoriae
1122 1509 1241 1535 tabernae
1253 1514 1380 1541 praeesse,
1399 1511 1426 1533 et
1443 1506 1553 1532 similia.
1572 1504 1694 1531 banctis-

61 1546 138 1575 εἷπον
150 1547 223 1575 εἶναι
237 1548 327 1574 ταῦτα
350 1548 380 1574 τὺ
405 1549 611 1583 πορνοϐοσκεῖν,
641 1549 672 1575 τὸ
699 1548 854 1583 καπηλικοῦ

62 1594 248 1629 ἐργαστηρίου
264 1594 460 1629 προΐστασθαι,
481 1595 529 1620 καὶ
542 1595 576 1620 τὰ
588 1596 671 1629 ὅμοια
683 1602 690 1609 ⁶
703 1596 716 1621 ὁ
729 1594 756 1620 δὲ
769 1594 855 1628 ἁγιώ-

61 1648 140 1671 τατος
155 1641 334 1675 πατριάρχης
357 1640 440 1674 κυρὸς
455 1641 563 1671 Λουκᾶς
581 1640 629 1667 καὶ
651 1640 685 1666 τὰ
715 1640 855 1674 μυρεψικὰ

62 1686 234 1720 ἐργαστήρια
265 1687 313 1712 καὶ
338 1686 373 1712 τὰ
406 1686 536 1720 βαλανεῖα
574 1686 757 1720 αἰσχροκερδῆ
785 1683 855 1711 εἶναι

62 1732 166 1764 ἔλεγεν,
186 1731 226 1762 ὡς
237 1731 286 1757 καὶ
296 1731 411 1765 ψεύδους
433 1732 577 1766 παραίτια,
595 1731 668 1757 Ἀλλ’
684 1731 744 1757 οὐδὲ
758 1731 856 1766 ἀρχιοι-

60 1776 143 1810 τροὺς
164 1776 324 1812 παρεχώρει
349 1777 472 1811 γίνεσθαι
488 1778 552 1808 τοὺς
573 1777 717 1809 διακόνους
745 1777 761 1812 ἢ
790 1778 854 1808 τοὺς

64 1823 156 1857 ἱερεῖς,
175 1823 265 1856 λέγων
280 1824 439 1850 ἁνένδεκτον
462 1820 532 1850 εἶναι
546 1824 610 1854 τοὺς
624 1824 693 1858 μετὰ
709 1823 856 1858 φαινολίων

63 1871 108 1896 καὶ
120 1870 273 1905 στιχαρίων
281 1871 316 1896 τὰ
328 1871 393 1903 ἅγια
420 1870 702 1906 μεταχειριζομένους
717 1870 854 1904 κοσμικὰς

63 1915 158 1945 στολὰς
174 1914 391 1946 ἐνδιδύσκετθαι,
404 1915 451 1941 καὶ
468 1915 538 1949 μετὰ
554 1914 660 1940 λαῖκῶν
676 1914 792 1948 ἀνδρῶν,
802 1915 856 1940 τῶν

63 1961 163 1995 ίατρῶν
177 1960 294 1995 δηλαδὴ,
307 1960 527 1995 προπομπεύειν.
547 1960 611 1986 Ἐπὶ
624 1960 731 1991 τούτοις
743 1968 855 1994 νενομο-

62 2006 174 2040 θέτηται
191 2005 269 2039 παρᾶ
283 2005 338 2031 τῶν
352 2005 438 2036 ἁγίων
453 2005 586 2040 Πατέρων
600 2005 663 2035 τοὺς
678 2004 854 2038 ἀναγνώστας

61 2054 89 2079 ἐν
100 2053 140 2086 τῷ
157 2051 250 2087 καιρῷ
264 2052 314 2085 τῆς
327 2050 400 2085 ἥϐης
412 2051 482 2085 μετὰ
493 2052 540 2077 τὸν
557 2050 587 2078 ιδ’
599 2051 723 2078 ἐνιαυτὸν
734 2051 855 2084 ἀναγκώ

61 2098 157 2129 ζεσθαι
184 2098 202 2132 ἢ
234 2097 315 2131 γάμῳ
331 2096 461 2131 ὁμιλῆσαι
483 2097 500 2132 ἢ
526 2096 650 2132 ἀγαμίαν
675 2095 853 2131 ὑποσχέσθαι.

61 2144 145 2170 Τοῦτο
156 2144 184 2169 δὲ
201 2145 226 2169 εἰ
242 2143 317 2177 παρὰ
332 2144 387 2173 τοῖς
401 2144 430 2168 ὲν
443 2143 477 2178 τῇ
499 2142 617 2177 Ἀφρικῇ
630 2143 794 2177 ἐκράτησεν,
804 2142 854 2168 οὐκ

911 1555 996 1582 simus
1013 1560 1103 1581 autem
1118 1553 1274 1588 patriarcha
1292 1551 1417 1580 dominus
1437 1551 1525 1578 Lucas
1545 1554 1698 1585 unguenta-

911 1601 966 1627 rius
983 1606 1091 1634 quoque
1107 1598 1228 1626 ollicinas
1242 1603 1269 1624 et
1287 1597 1383 1624 balnea
1402 1597 1488 1631 turpis
1505 1603 1564 1623 esse
1575 1601 1697 1630 quaestus

910 1646 1027 1678 dicebat,
1042 1649 1071 1671 ut
1087 1652 1147 1679 quae
1165 1643 1296 1670 mendacii
1309 1650 1415 1677 quoque
1429 1649 1518 1669 causa:
1527 1645 1628 1668 essent.
1644 1639 1696 1667 Sed

911 1699 961 1719 nec
974 1691 1126 1718 archiatros
1143 1690 1200 1716 tleri
1217 1689 1322 1716 sinebat
1335 1689 1465 1715 diaconos
1473 1688 1516 1715 vel
1529 1686 1698 1718 sacerdotes,

910 1738 1004 1764 dicens
1021 1744 1074 1763 non
1091 1743 1152 1763 esse
1171 1735 1324 1766 ferendum,
1342 1739 1370 1761 ut
1399 1734 1445 1768 qui
1465 1741 1526 1760 cum
1554 1732 1651 1759 infulis
1670 1736 1698 1758 et

910 1781 1011 1809 casulis
1027 1785 1119 1808 sancta
1153 1785 1285 1813 tractant,
1305 1779 1484 1807 saecularibus
1510 1778 1630 1806 vestibus
1658 1777 1700 1804 in-

911 1828 1037 1858 duantur,
1050 1831 1078 1854 et
1093 1834 1153 1854 cum
1167 1827 1254 1856 laicis.
1265 1827 1332 1853 viris
1347 1827 1450 1853 scilicet
1473 1825 1597 1857 medicis,
1620 1825 1699 1851 ince-

911 1875 984 1901 dant.
1002 1874 1100 1901 Postea
1116 1877 1206 1899 autem
1221 1877 1330 1899 cantum
1347 1877 1389 1899 est
1406 1879 1420 1898 a
1439 1872 1541 1898 sanctis
1559 1871 1698 1902 Patribus,

911 1925 940 1946 ut
956 1919 1073 1946 lectores
1089 1918 1115 1945 in
1129 1923 1252 1952 tempore
1267 1917 1417 1951 pubertatis
1432 1922 1493 1952 post
1503 1924 1604 1943 annum
1615 1923 1698 1950 quar-

912 1969 966 1990 tum
980 1964 1115 1991 decimum
1128 1968 1261 1997 cogantur
1272 1963 1313 1989 vel
1327 1962 1502 1989 matrimonio
1517 1962 1642 1995 conjungi
1657 1962 1697 1988 vel

909 2009 1065 2037 caelibatum
1083 2009 1215 2043 proﬁteri.
1232 2009 1272 2035 An
1290 2009 1341 2035 hoc
1355 2013 1446 2036 autem
1465 2008 1534 2042 apud
1551 2007 1697 2034 Africanos

910 2056 1082 2083 observatum
1100 2055 1146 2087 sit,
1170 2055 1262 2082 nescio
1279 2063 1286 2080 :
1307 2054 1354 2081 sed
1381 2055 1451 2088 apud
1477 2054 1543 2081 alias
1562 2053 1698 2080 Ecclesias

911 2108 963 2128 non
979 2105 1112 2128 servatur.
1128 2100 1258 2127 Existimo
1273 2104 1374 2129 autem.
1387 2099 1458 2133 quod
1475 2106 1524 2125 nec
1541 2098 1567 2125 in
1582 2098 1634 2124 tilla
1651 2106 1701 2124 nn-

909 2151 989 2179 quam
1010 2144 1120 2179 regione
1137 2145 1187 2171 hoc
1203 2148 1339 2171 servatum
1355 2145 1389 2170 sit
1401 2153 1408 2176 ;
1422 2149 1451 2170 ιιι
1466 2143 1536 2177 quod
1548 2143 1697 2177 apostolico

61 2187 128 2221 οἶδα,
156 2190 236 2224 παρὰ
251 2189 280 2215 δὲ
305 2190 364 2220 ταῖς
382 2189 478 2220 ἄλλαις
504 2188 667 2224 ἐκκλησίαις
683 2189 714 2214 οὐ
741 2188 852 2223 κρατεῖ.

945 2194 986 2217 tto
999 2189 1098 2216 canoni
1114 2190 1284 2221 adversetur,
1300 2189 1345 2223 qui
1375 2188 1508 2220 decernit,
1530 2194 1559 2214 ut
1581 2186 1699 2217 lectords

61 2235 174 2269 Νομίζω
189 2235 219 2261 δὲ
232 2236 274 2261 ὅτι
289 2235 351 2261 οὐδὲ
366 2234 395 2260 ἓν
416 2243 470 2261 τινι
499 2234 576 2269 χώρα
601 2234 682 2260 τοῦτο
714 2234 853 2269 ἐκράτησέ

62 2289 137 2311 ποτε,
153 2281 192 2311 ὡς
217 2281 427 2315 ἐναντιούμενον
450 2280 489 2315 τῷ
505 2280 676 2315 ἀποστολικῷ
704 2283 730 2312 ς’
746 2281 851 2312 κανόνι,

62 2327 98 2360 τῷ
110 2326 233 2361 ὁρίζοντι
262 2326 440 2359 ἀναγνώστας
466 2326 513 2352 καὶ
527 2326 643 2360 ψαλτας,
670 2326 717 2352 καὶ
735 2327 805 2356 μετὰ
822 2326 852 2352 τὸ

62 2373 100 2403 είς
114 2373 220 2407 κλῆρον
237 2372 391 2406 προελθεῖν,
402 2374 511 2405 γαμεῖν,
529 2373 575 2398 καὶ
593 2372 632 2407 μὴ
651 2372 747 2406 καιρὸν
759 2373 852 2404 αὐτοῖς

63 2419 150 2452 γάμου
181 2417 315 2452 ὁρίζοντι,
341 2418 410 2452 μήτε
436 2418 603 2452 ἐγκράτειαν
634 2418 852 2451 ἐπαγγέλλεσθαι

63 2465 236 2491 ἀπαιτοῦντι.
250 2463 287 2489 Τὸ
300 2463 329 2490 δὲ
345 2463 478 2495 δανείζειν
502 2463 566 2494 τοὺς
580 2463 730 2498 κληρικοὺς
752 2464 799 2490 ἐπὶ
811 2465 855 2490 τό-

63 2519 118 2542 κοις
134 2509 232 2537 πολλοὶ
247 2510 358 2541 κανόνες
375 2509 594 2545 ἀπαγορεύουσι.
611 2510 666 2536 Καὶ
679 2511 692 2536 ὁ
715 2511 813 2545 παρὼν
826 2511 854 2537 δὲ

64 2555 152 2582 κανὼν
167 2556 199 2581 οὐ
213 2555 297 2588 μόνον
311 2555 373 2586 τοὺς
389 2555 435 2581 τοῦ
452 2555 586 2590 βήματος,
604 2555 673 2581 ἀλλὰ
688 2556 735 2582 καὶ
750 2556 855 2587 πάντας

62 2603 122 2634 τοὺς
133 2603 288 2637 κληρικοῦς
304 2603 424 2634 τοκίςειν
447 2603 598 2637 ἐμποδίζει.
618 2603 680 2629 ’Ότι
695 2603 723 2629 δὲ
737 2603 791 2629 τῶν
807 2603 853 2629 τό-

63 2657 116 2674 κων
140 2650 188 2675 ὲπὶ
214 2648 315 2683 δανείῳ
341 2650 517 2682 νομισμάτων
543 2649 694 2684 δεδομένων
715 2650 790 2680 εἰκὺς
817 2648 852 2684 ἦν

63 2694 150 2720 εἰπεῖν
160 2702 242 2724 τινας
257 2693 337 2719 τοῦτο
352 2694 401 2728 μὲν
419 2692 488 2720 εἷναι
502 2695 704 2728 κεκωλυμένον,
727 2695 757 2720 τὸ
773 2694 801 2720 δὲ
816 2695 854 2720 δι-

64 2739 135 2765 ἱόναι
147 2740 224 2765 οἶτον
245 2739 262 2772 ἢ
274 2738 317 2764 ἓτε
323 2747 368 2773 ρον
380 2737 458 2771 εἶδος,
477 2740 522 2766 καὶ
536 2740 686 2775 λαμόἁνειν
704 2740 794 2767 πλεῖον
807 2741 852 2766 τυῦ

101 2828 122 2843 ’⁸
137 2826 211 2854 Tim.
231 2834 262 2859 ιι,
285 2827 312 2854 4.

908 2240 936 2262 et
963 2240 1098 2265 cantores,
1129 2235 1212 2261 etiam
1239 2239 1381 2268 postquam
1408 2234 1435 2260 in
1456 2233 1557 2260 clerum
1578 2233 1698 2268 provecti

909 2281 1022 2313 fuerint,
1040 2288 1140 2308 uxores
1154 2281 1264 2311 ducant,
1279 2284 1305 2306 et
1320 2287 1369 2307 nec
1381 2287 1492 2307 uxorem
1502 2280 1616 2307 ducendi
1630 2285 1698 2306 tem-

908 2335 958 2362 pus
972 2326 1076 2357 deﬁnit,
1097 2332 1156 2358 nec,
1170 2330 1200 2352 ut
1217 2325 1414 2353 continentiam
1431 2326 1621 2360 proﬁteantur,
1638 2325 1696 2352 exi-

908 2374 958 2408 git.
975 2374 1046 2400 Dare
1057 2377 1146 2400 autem
1158 2373 1300 2407 pecuniam
1311 2378 1432 2400 mutuam
1445 2373 1476 2399 ad
1490 2380 1601 2399 usuram
1619 2372 1694 2398 multi

906 2426 1026 2448 canones
1041 2418 1147 2446 clericis
1163 2419 1319 2453 prohibent.
1334 2419 1458 2446 Praesens
1469 2425 1578 2451 qunque
1594 2425 1695 2446 canon.

906 2473 959 2493 non
976 2465 1064 2493 solum
1077 2472 1126 2492 eos
1141 2465 1186 2498 qui
1214 2469 1278 2491 sunt
1297 2472 1312 2490 e
1331 2464 1469 2496 tribunali,
1483 2464 1529 2490 sed
1548 2469 1573 2490 et
1600 2470 1696 2488 omnes

906 2511 1021 2538 clericos
1038 2510 1158 2537 icnernri
1175 2510 1311 2544 prohibet.
1327 2510 1394 2542 Quia
1412 2513 1514 2539 autem,
1528 2516 1590 2535 cum
1606 2515 1695 2534 usura:

906 2557 1040 2583 dabantur
1055 2556 1091 2582 ob
1109 2556 1237 2591 pecunias
1252 2560 1345 2582 mutuo
1360 2555 1447 2587 datas,
1464 2553 1612 2581 verisimile
1635 2557 1696 2579 erat

907 2602 999 2630 dicere
1017 2602 1123 2636 aliquos
1139 2603 1191 2629 hoc
1207 2601 1313 2636 quidem
1343 2608 1404 2627 esse
1422 2599 1604 2634 prohibitum;
1626 2597 1692 2624 dare

909 2652 998 2674 autem
1016 2647 1184 2674 frumentum
1207 2648 1249 2674 vel
1275 2647 1392 2681 aliquant
1410 2647 1490 2673 aliam
1517 2645 1647 2680 speciem,
1667 2648 1694 2671 ct

914 2694 974 2728 plus
989 2693 1112 2728 accipere
1129 2701 1209 2727 quam
1225 2694 1317 2720 datum
1353 2693 1397 2724 sit,
1414 2700 1467 2718 non
1482 2699 1543 2718 esse
1570 2691 1694 2725 prohibi-

911 2746 965 2766 tum
988 2749 994 2766 :
1012 2739 1108 2767 Patres
1129 2741 1178 2767 hoc
1199 2747 1307 2774 queque
1330 2745 1456 2772 expresse
1483 2738 1692 2772 prohibuerunt.
