1862 3081
192 130 228 162 ετ
822 135 960 164 TllEOD.
982 135 1028 164 BA
1034 137 1184 170 LSAMON
1773 144 1813 176 83

193 185 244 213 Sed
262 192 287 212 et
305 186 381 219 illud,
411 192 473 213 ante
503 188 650 222 completos
682 189 799 223 quinque
823 194 850 216 et
877 189 970 224 \iginti

1059 194 1158 226 lév-roc,
1173 196 1210 230 μὴ
1227 195 1461 233 ἀπαγορευθῆναι,
1485 198 1627 227 ἐκώλυσαν
1640 201 1663 227 οἳ
1686 201 1814 236 Πατέρες

192 239 277 259 annos
293 239 346 258 non
365 233 484 259 ordinari
498 233 654 266 diaconum,
680 235 704 261 in
732 235 845 262 diversis
862 234 974 262 canoni-

191 278 241 305 bus
253 278 390 304 decretum
408 284 458 305 est.
475 279 641 307 Prohibitum
656 287 698 308 est
711 284 801 307 autem
815 281 972 313 lectoribus,

191 332 224 351 ne
240 325 347 358 expleto
375 326 526 352 ministerio
550 328 583 352 ad
605 327 730 361 populum
762 327 886 354 conversi
911 334 972 354 eum

189 369 307 396 salutent
327 379 333 395 :
350 376 378 396 ut
394 370 439 404 qui
469 370 542 398 solos
562 376 627 397 tunc
654 371 752 398 debent
768 371 923 398 sacerdotes
947 374 974 397 et

189 415 327 442 antistites
344 415 469 445 adorare.
495 419 522 442 et
547 423 601 442 non
617 416 700 442 Iaicos
728 416 772 449 qui
803 415 829 441 in
858 414 973 441 ecclesia

188 467 399 496 congregantur.
417 462 469 496 Ipsi
485 463 555 489 enim
570 467 633 490 sunt
649 463 747 489 sacrati
763 471 770 489 :
784 462 897 496 populus
908 468 973 488 vero

188 508 285 543 procul
309 513 350 535 est
366 516 379 534 a
399 508 552 536 sacerdotio
577 512 603 535 et
622 509 838 535 consecratione.
855 508 895 535 Ac
915 508 973 541 ipse

189 555 278 588 potius
295 555 409 582 lectores
424 554 538 582 adorare
551 554 660 581 deberet
673 559 781 588 propter
791 554 971 581 ministerium

189 608 294 626 eorum.
313 600 383 634 Lege
396 605 550 627 sanctorum
568 600 752 634 apostolorum
782 607 900 626 canones
925 599 970 630 17,

189 646 233 676 18,
249 646 291 677 l9,
304 646 348 676 25.
363 646 407 677 26.
425 646 520 680 synodi
533 646 776 680 Ancyr.canonem
794 645 875 676 10,et
891 644 972 672 Chal-

189 691 351 719 (‘t‘tlnllellSlS
378 699 496 719 canones
514 691 557 722 14,
576 691 620 723 15,
644 695 726 718 sextae
748 698 879 718 canonem
897 691 923 722 5,
941 691 968 723 ι,

188 737 214 767 ti.
233 737 275 767 12.
294 736 336 769 l5,
351 736 396 770 48,
421 736 467 768 58.
494 741 521 764 et
545 736 630 764 sancti
648 735 739 764 Basilii
766 743 884 764 canones
897 736 924 769 5,
942 737 969 769 6,

187 782 233 814 49,
254 783 297 814 70,

222 930 257 957 Et
268 930 386 958 edictum
399 931 506 965 quidem
520 930 683 958 sanctissimi
696 930 857 965 patriarchae
867 929 970 957 domini

185 975 265 1004 (acte
280 976 319 1003 sic
345 983 374 1003 se
398 976 478 1003 habet
496 975 607 1003 :Mense
636 975 776 1003 Decembri
797 976 839 1003 die
867 975 894 1008 8,
930 975 971 1003 iu-

187 1024 252 1053 dicl.
269 1024 297 1051 6.
316 1023 363 1051 Sin
380 1028 468 1051 autem
487 1024 567 1050 etiam
578 1023 623 1051 ille
636 1023 720 1055 Ozan,
736 1023 780 1057 qui
796 1023 913 1050 divinam
926 1029 970 1048 ar-

186 1078 258 1101 cam,
269 1078 330 1105 qua:
344 1070 530 1100 evertebatur.
547 1069 646 1103 attigit,
665 1076 718 1096 non
732 1075 815 1103 parvo
837 1067 970 1103 supplicio

185 1116 300 1143 aﬂ'ectus
316 1120 358 1143 est
367 1115 450 1151 (atqui
463 1114 520 1148 ejus
533 1120 591 1142 erat
603 1115 756 1142 institutqu
769 1114 840 1140 illam
853 1115 968 1148 erigere,

185 1168 239 1187 non
252 1159 382 1195 diruere),
396 1159 458 1193 quis
472 1164 512 1186 est
527 1159 595 1186 adeo
608 1159 707 1191 audax,
724 1163 751 1185 et
774 1158 807 1185 ad
821 1163 968 1185 extremam

185 1213 270 1240 usque
298 1205 492 1239 impudentiam
522 1205 760 1238 arrogantiamque
784 1203 882 1235 elatus,
899 1203 968 1231 malo

184 1253 296 1280 omnino
320 1252 416 1286 spiritu
438 1252 545 1284 ductus,
574 1251 619 1286 qui
639 1258 692 1278 non
715 1251 801 1278 solum
829 1251 918 1277 divina
941 1254 969 1278 et

184 1298 333 1333 spiritualia
346 1298 473 1325 mandata
491 1297 517 1324 in
535 1298 668 1332 integrum
680 1305 732 1324 non
747 1296 813 1329 vult,
827 1296 874 1324 sed
886 1297 967 1324 etiam

185 1345 210 1371 in
226 1345 393 1371 contrarium
419 1344 596 1378 detorquens,
629 1351 660 1370 ea
685 1342 850 1370 labefactare
871 1350 902 1369 ac
924 1342 968 1369 de-

183 1396 288 1418 struere
306 1391 479 1426 impudcnter
494 1390 613 1422 molitur,
641 1397 727 1423 eaque
742 1388 890 1416 dissolvere
906 1395 966 1423 quae

183 1435 260 1463 ﬁrme
275 1444 305 1464 ac
318 1435 451 1463 stabiliter
469 1436 557 1462 locata
586 1440 659 1468 sunt,
679 1439 706 1461 et
734 1442 764 1462 ea
795 1441 966 1462 commovere

183 1489 243 1514 qua:
256 1481 435 1515 cenquassari
452 1488 504 1507 non
529 1485 651 1514 possunt,
669 1485 700 1506 ut
718 1487 780 1515 quae
802 1480 857 1507 sint
883 1479 967 1506 aediﬁ-

1026 238 1115 271 ῥητῶς
1130 239 1176 266 καὶ
1194 241 1282 268 τοῦτο.
1304 242 1384 270 Ἀλλὰ
1397 245 1444 270 καὶ
1457 244 1488 271 τὸ
1504 245 1559 280 πρὸ
1584 246 1813 281 συμπληρώσεως

1025 282 1064 309 κε’
1077 284 1208 312 ἐνιαυτῶν
1219 287 1256 322 μὴ
1269 290 1482 323 χειροτονεῖσθαι
1496 292 1621 318 διάκονον
1632 293 1662 319 ἐν
1669 293 1813 328 διαφόροις

1024 327 1135 354 κανόσιν
1145 329 1271 364 ὥρισται.
1280 333 1482 367 Ἀπηγόρευται
1495 335 1523 361 δὲ
1535 337 1592 367 τοῖς
1605 327 1810 370 ἀναγνώσταις,

1024 372 1053 399 ἐν
1067 373 1106 408 τῷ
1122 373 1241 409 πληροῦν
1253 377 1302 411 τὴν
1312 378 1451 405 διακονίαν
1465 380 1555 406 αὐτῶν
1564 381 1730 415 στρέφεσθαι
1740 381 1811 415 πρὸς

1023 418 1068 443 τὸν
1079 419 1164 453 δῆμον
1179 421 1227 446 καὶ
1244 425 1418 457 προσκυνεῖν,
1434 425 1473 455 ὡς
1486 425 1623 459 ὀφείλουσι
1638 428 1700 453 τότε
1721 435 1811 462 προσ-ο

1024 464 1115 490 κυνεῖν
1133 464 1230 498 μόνους
1254 467 1317 498 τοὺς
1335 469 1418 503 ἱερεῖς
1435 470 1482 496 καὶ
1497 470 1559 502 τοὺς
1583 470 1736 506 ἀρχιερεῖς,
1749 471 1811 497 ’καὶ

1022 508 1084 544 οὐχὶ
1097 509 1158 540 τοὺς
1171 510 1283 544 λαῖκοὺς
1297 515 1360 546 τοὺς
1373 516 1401 542 ἐν
1416 517 1448 551 τῇ
1471 515 1619 552 Ἐκκλησία
1635 517 1811 551 συναθροιζο-

1024 558 1122 591 μένους
1134 567 1141 574 ·
1159 561 1183 587 οἱ
1200 561 1249 592 μὲν
1261 561 1315 596 γὰρ
1329 562 1466 596 ίέρωνται,
1478 563 1501 588 οἱ
1513 562 1541 588 δὲ
1549 562 1596 588 τοῦ
1610 562 1696 597 δήμου
1710 563 1808 596 nemo

1022 607 1071 642 τῆς
1087 607 1236 642 ἱερωσύνης
1252 608 1316 634 είσί.
1335 608 1390 634 Καὶ
1406 604 1479 634 οὗτοι
1493 607 1594 641 μᾶλλον
1605 608 1669 639 τοὺς
1684 607 1809 641 ἀναγνώ-

1023 662 1088 684 στας
1100 654 1263 688 προσκυνεῖν
1279 654 1428 687 ὀφείλουσι,
1458 653 1503 680 διὰ
1517 653 1567 686 τὴν
1582 653 1737 687 ὑπουργίαν
1754 653 1806 680 αὒ-

1021 699 1086 726 τῶν.
1105 698 1255 733 Ἀνάγνωθι
1286 698 1341 725 τῶν
1357 698 1444 732 ἁγίων
1457 698 1616 725 ἀποστόλων
1642 698 1746 724 κανόνα
1762 697 1809 730 ιζ’,

1023 747 1067 778 ιη’,
1085 743 1128 775 ιϐ’,
1145 747 1195 775 κε’,
1210 746 1267 776 κς’,
1281 743 1391 769 συνόδου
1403 743 1544 777 Ἀγκύρας
1554 742 1657 769 κανόνα
1669 746 1696 774 ι’,
1712 744 1761 777 τῆς
1779 745 1810 769 ὲν

1021 789 1175 823 Χαλκηδόνι
1188 789 1291 816 κανόνα
1307 788 1347 821 ιδ’,
1362 792 1394 815 ιε’
1406 797 1413 805 ·
1431 788 1482 822 τῆς
1500 791 1526 821 ς’
1542 788 1643 816 κανόνα
1657 787 1694 822 γ’,
1716 789 1749 819 δ’,
1770 792 1809 821 ς’,

1024 833 1066 868 ιβ’,
1087 832 1132 868 ιγ.
1148 836 1204 868 μη⁹,
1221 837 1273 869 νη’,
1286 833 1333 861 καὶ
1348 833 1396 860 τοῦ
1411 834 1490 868 ἁγίου
1503 834 1646 861 Βασιλείου
1659 835 1762 862 κανόνα
1773 838 1809 868 γ’,

1024 880 1062 912 ς’,
1080 879 1118 912 ξθ¹
1129 879 1176 906 καὶ
1191 883 1222 907 ο’.

1059 923 1096 950 Τὸ
1114 925 1207 959 μέντοι
1222 925 1372 960 σημείωμα
1399 925 1448 952 τοῦ
1467 925 1620 960 ἀγιωτάτου
1637 926 1809 960 πατριάρχου

1023 970 1117 1004 κυρίου
1128 969 1220 996 Λουκᾶ
1230 970 1286 1005 ἔχει
1297 970 1393 1003 οὕτως·
1409 971 1483 1007 Μηνὶ
1493 971 1653 1006 Δεκεμϐρίῳ
1671 971 1706 1007 η’,
1716 972 1810 1008 ἡμέρᾳ

1022 1017 1046 1040 α’
1066 1014 1230 1047 ίνδικτιῶνος
1247 1021 1285 1047 ς’.
1302 1016 1333 1042 Εἰ
1348 1016 1376 1043 δὲ
1391 1017 1439 1043 καὶ
1458 1016 1541 1049 Ὁζὰν
1554 1017 1659 1047 ἐκεῖνος
1672 1018 1722 1053 τῆς
1734 1018 1810 1049 θιίας

1023 1060 1139 1087 κιϐωτοῦ
1156 1062 1383 1097 παρατραπείσης
1396 1062 1535 1099 ἁψάμενος
1560 1064 1591 1090 οὐ
1619 1064 1731 1100 μικρδνι
1744 1073 1812 1091 κατ-

1022 1105 1120 1140 εκρίθη
1139 1106 1170 1132 τὸ
1184 1106 1323 1142 ἐπιτίμιον
1348 1108 1454 1142 (καίτοι
1480 1109 1582 1140 σκοπὸς
1607 1110 1636 1136 ὲν
1651 1110 1725 1143 αὺτῷ
1741 1110 1811 1144 πρὸς

1022 1152 1172 1186 ἁνόρθωσιν
1183 1152 1295 1188 ταύτης,
1315 1153 1346 1180 οὺ
1368 1154 1437 1189 πρὸς
1462 1154 1651 1191 καθαίρεσιν).
1664 1156 1708 1187 τίς
1736 1155 1809 1182 οὕτω

1021 1197 1154 1233 τολμηρδς
1166 1198 1213 1224 καὶ
1223 1199 1261 1230 είς
1275 1199 1394 1234 ἐσχάτην
1405 1201 1542 1238 ἀναίδειαν
1554 1201 1601 1228 καὶ
1614 1202 1808 1237 ὑπερηφανίαν

1020 1243 1181 1278 ἐξενεχθεὶς,
1196 1245 1333 1279 πνεύματι
1350 1245 1460 1277 πάντως
1474 1246 1608 1280 ἀγόμενος
1631 1247 1756 1282 πονηρῷ,
1779 1247 1809 1278 ὃς

1021 1288 1059 1322 μὴ
1090 1289 1170 1323 μόνον
1199 1290 1249 1316 οὐκ
1279 1291 1447 1325 ἐπανορθοῦν
1469 1293 1588 1326 αἱρεῖται
1615 1293 1649 1319 τὰ
1683 1293 1744 1320 θεῖα
1761 1294 1808 1320 καὶ

1020 1335 1194 1368 πνευματικὰ
1204 1335 1391 1371 διατάγματα,
1405 1337 1474 1364 ἀλλὰ
1488 1338 1535 1364 καὶ
1544 1338 1593 1372 τὴν
1607 1338 1733 1364 ἐναντίαν
1747 1347 1807 1373 τρε-

1019 1380 1148 1413 πόμενος,
1162 1382 1364 1414 παρασαλεύειν
1387 1382 1473 1410 ταῦτα
1488 1384 1536 1410 καὶ
1564 1383 1708 1418 καθαιρεῖν
1726 1385 1806 1410 ἀναι-

1018 1425 1142 1457 δεύεται,
1158 1426 1206 1453 καὶ
1221 1427 1371 1462 παραλύειν
1386 1429 1420 1454 τὰ
1437 1429 1545 1463 παγίως
1564 1428 1734 1464 ἡδρασμένα,
1759 1430 1806 1456 καὶ

1019 1476 1181 1509 παρακινεῖν
1195 1476 1230 1502 τὰ
1243 1476 1390 1508 ἀσάλευτα,
1407 1475 1616 1511 ᾠκοδομημένα,
1636 1475 1729 1506 καθὼς
1755 1484 1807 1509 φη-

182 1531 252 1558 cata,
269 1531 297 1552 ut
311 1525 398 1555 aiunt,
415 1532 495 1558 supra
517 1524 721 1551 fundamentum
741 1524 924 1559 apostolorum
939 1529 966 1550 et

1059 1530 1071 1553 ν,
1092 1522 1138 1547 ὲπὶ
1152 1521 1190 1556 τῷ
1203 1522 1321 1556 θεμελίῳ
1338 1522 1392 1548 τῶν
1403 1522 1561 1548 ἀποστόλων
1577 1521 1626 1549 καὶ
1641 1522 1805 1556 προφητῶνς

183 1571 398 1606 prophetarum?
410 1571 557 1606 Propterea
576 1576 668 1598 nostra
687 1578 796 1606 quoque
813 1571 965 1598 moderatio

183 1626 235 1645 non
262 1618 401 1644 ferendum
433 1625 494 1644 esse
523 1621 580 1644 rata
610 1617 708 1644 malam
743 1618 965 1645 consuetudinem

182 1664 270 1691 adhuc
286 1664 399 1695 servari,
416 1671 475 1698 quae
495 1663 585 1690 divina
616 1668 643 1690 et
666 1663 784 1690 humana
813 1663 964 1695 confundit,

182 1715 209 1736 et
227 1709 365 1742 Ecclesiae,
378 1717 437 1743 qum
458 1714 500 1736 cst
516 1709 549 1736 ab
567 1709 638 1736 omni
655 1708 864 1743 reprehensione
879 1708 964 1735 aliena

183 1755 228 1782 Dei
245 1762 355 1789 sponsa,
370 1755 556 1782 constitutioni
572 1762 624 1781 non
638 1754 762 1788 vulgares
777 1753 895 1780 maculas
908 1754 967 1780 inu-

183 1801 226 1833 rit,
243 1808 356 1834 quaeque
368 1801 493 1834 superbia
506 1805 532 1827 ct
544 1807 612 1828 vana
630 1800 823 1834 negotiatione,
834 1804 861 1827 et
876 1800 901 1827 in
919 1800 963 1832 iis,

181 1854 243 1881 qum
259 1851 322 1873 sunt
338 1846 442 1880 abjeeta
462 1846 494 1872 ab
514 1853 599 1880 eaque
617 1846 804 1877 abhorrentia,
828 1845 917 1873 studio
938 1850 966 1873 et

182 1893 283 1924 labore,
299 1896 326 1919 et
339 1892 465 1926 turpibus
475 1896 603 1925 praeterea
619 1891 712 1923 lucris,
725 1891 784 1926 ejus
797 1891 964 1919 honestatem

180 1938 406 1972 splendoremque
416 1937 525 1972 polluit;
540 1937 627 1964 visum
641 1941 682 1964 est
693 1945 751 1964 eam
763 1944 822 1964 esse
835 1937 966 1964 radicitus

181 1985 357 2018 evellendam,
371 1989 399 2011 ut
415 1991 467 2011 non
484 1983 599 2018 amplius
616 1989 760 2011 enascatur
772 1983 847 2010 radix
865 1983 967 2009 amari-

182 2030 292 2062 tudinis,
311 2030 458 2057 secundum
488 2029 609 2056 divinum
629 2028 794 2062 apostolum,
826 2035 873 2061 per
894 2035 965 2062 pra:-

180 2078 284 2100 sentem
300 2079 420 2101 nostram
439 2074 606 2107 spiritualem
623 2078 650 2100 et
664 2073 744 2108 537
759 2078 899 2107 paternam
916 2073 965 2099 do-

180 2120 305 2152 ctrinam,
317 2128 376 2154 qua:
388 2126 499 2154 scopum
516 2118 623 2153 quidem
635 2123 726 2152 aperte
740 2117 862 2144 declarat
877 2124 966 2144 causae

180 2166 323 2200 propositae
339 2167 372 2193 de
398 2165 440 2196 iis,
460 2165 507 2199 qui
528 2171 634 2191 sacram
658 2163 845 2190 auctoritatem
874 2163 963 2190 sortiti

180 2217 253 2244 sunt,
269 2216 297 2239 et
313 2211 490 2239 saecularibus
498 2211 603 2245 seipsos
617 2210 821 2244 magistratibus
835 2214 862 2237 et
877 2210 965 2245 digni-

182 2258 283 2285 tatibus
296 2258 424 2290 curisque
443 2265 474 2283 ac
489 2257 603 2290 negotiis
623 2256 771 2290 implicant.
790 2255 829 2283 Ad
850 2256 963 2283 verbum

180 2309 269 2330 autem
282 2303 322 2330 sic
341 2310 370 2329 se
390 2303 488 2330 habet:
503 2303 548 2333 lis,
559 2303 604 2337 qui
619 2301 825 2334 sacerdotalem,
840 2302 966 2336 inquiunt

180 2350 284 2378 Patres.
298 2348 458 2383 dignitatem
480 2349 568 2375 sortiti
587 2353 661 2380 sunt,
675 2347 829 2374 testimonia
850 2352 876 2375 et
896 2355 966 2382 pra:-

180 2396 252 2423 clara
275 2395 346 2422 facta
376 2399 439 2421 sunt
457 2395 651 2422 canonicarum
675 2394 899 2421 constitutionum
924 2395 966 2422 in-

179 2440 370 2472 formationes,
392 2447 460 2473 quas
488 2439 569 2467 etiam
591 2439 914 2471 lubenteradmittentes,
932 2441 964 2466 ad

181 2486 324 2512 Dominum
341 2485 425 2512 Deum
436 2493 499 2512 cum
512 2484 612 2511 Davide
627 2484 671 2512 Dei
687 2492 810 2516 praecone
821 2484 962 2511 canimus:

181 2532 215 2559 In
232 2533 275 2559 via
302 2532 508 2558 testimoniorum
524 2536 629 2557 tuorum
645 2531 789 2557 delectatus
816 2538 885 2560 sum,
904 2535 964 2556 tan-

179 2587 257 2612 quam
274 2578 302 2604 in
317 2578 435 2605 omnibus
455 2577 553 2604 divitiis
570 2577 600 2603 ιθ.
622 2577 654 2603 Ει
677 2584 769 2603 rursus
788 2584 795 2602 :
825 2575 963 2603 Maudasli

180 2625 330 2656 iustitiam;
346 2624 493 2650 testimonia
506 2628 550 2649 tua
569 2623 596 2649 in
610 2628 735 2649 retentum
749 2623 812 2649 doce
823 2630 874 2653 me,
888 2626 912 2648 et
925 2623 963 2648 vi-

180 2679 237 2696 ι-ηηι
253 2670 287 2697 ³ο.
302 2670 378 2704 Quod
395 2670 416 2696 si
434 2678 484 2697 vox
502 2670 658 2703 prOphetica
681 2677 728 2696 nos
742 2669 819 2702 jubet
834 2669 861 2695 in
882 2674 962 2696 auer-

182 2724 244 2742 num
265 2715 310 2741 Dei
331 2716 483 2742 testimonia
512 2716 659 2747 custodire,
685 2721 712 2742 et
732 2715 758 2742 in
779 2716 845 2749 ipsis
862 2716 962 2746 vivere,

181 2763 352 2788 numitnstum
371 2769 410 2789 est
430 2770 460 2790 ea
481 2764 641 2789 inconcussa
658 2768 683 2789 et
709 2762 782 2789 nulla
801 2762 906 2789 ratione
922 2762 962 2788 la-

552 2850 573 2864 “
593 2850 658 2877 ihitl.
685 2849 734 2877 158

213 2849 318 2883 t’l’s-cl.
348 2858 438 2879 mult.
468 2851 507 2877 li.

1018 1568 1067 1594 Διὰ
1092 1567 1171 1594 τοῦτο
1203 1568 1251 1594 καὶ
1280 1568 1461 1603 ἡμετριότης
1488 1568 1565 1602 ἡμῶν
1591 1568 1641 1594 οὐκ
1657 1569 1807 1602 ἀνασχετὸν

1017 1613 1179 1648 ἡγησαμένη
1196 1613 1317 1648 πονηρὰν
1333 1614 1476 1648 συνήθειαν
1492 1613 1540 1641 καὶ
1557 1614 1597 1640 ἐτι
1616 1615 1741 1648 κρατεῖν,
1760 1624 1804 1648 μι-

1017 1659 1153 1693 γνύουσαν
1166 1660 1225 1686 θεῖά
1240 1667 1269 1686 τε
1286 1659 1333 1686 καὶ
1349 1659 1520 1694 ἀνθρώπινα,
1539 1660 1587 1686 καὶ
1615 1661 1649 1695 τῇ
1678 1660 1727 1694 τῆς
1744 1659 1807 1686 Ἐκ-

1016 1706 1132 1740 κλησίας
1147 1706 1327 1739 καταστάσει,
1347 1707 1396 1740 τῆς
1417 1706 1570 1741 ἀμωμήτου
1601 1706 1712 1740 νύμφης
1737 1706 1806 1741 X9:-

1017 1752 1092 1783 στοῦ,
1117 1751 1228 1783 σπίλους
1243 1753 1273 1778 οὒ
1290 1753 1354 1783 τοὺς
1371 1751 1500 1786 τυχόντας
1525 1751 1805 1786 προσεπιτρίὸουσαν,

1017 1799 1063 1825 καὶ
1078 1799 1156 1833 τύφῳ
1171 1799 1216 1825 καὶ
1228 1799 1342 1834 ἀσχολίᾳ
1354 1798 1467 1834 ματαίᾳ,
1482 1799 1528 1825 καὶ
1541 1799 1574 1832 τῇ
1587 1798 1652 1834 περὶ
1665 1797 1700 1824 τὰ
1713 1798 1806 1824 εἰκαῖα

1017 1845 1064 1872 καὶ
1079 1845 1165 1880 ταύτῃ
1182 1845 1321 1880 ἀπᾴδοντα
1331 1845 1489 1880 διαπονήσει
1509 1852 1539 1871 τε
1563 1844 1610 1870 καὶ
1634 1844 1751 1877 σπουδῇ,
1766 1843 1806 1869 ἔτι

1016 1899 1047 1925 γε
1064 1890 1116 1925 μὴν
1128 1891 1175 1917 καὶ
1191 1890 1317 1925 ἀκερδὲσι
1334 1891 1364 1916 τὸ
1378 1890 1476 1924 σεμνὸν
1492 1889 1597 1925 ταύτης
1613 1890 1807 1925 καταρρυπαί-

1017 1944 1127 1968 νουσαν,
1142 1935 1279 1971 ηὐδόκησε
1293 1935 1399 1971 ῥιζόθεν
1413 1935 1515 1971 ταύτην
1531 1935 1692 1969 ἀποτεμεῖν,
1708 1935 1752 1960 ἵνα
1771 1935 1806 1969 μὴ

1018 1982 1081 2017 ῥίζα
1099 1982 1211 2017 πικρίας
1225 1982 1273 2008 καὶ
1289 1982 1329 2008 ἔτι
1350 1983 1416 2016 φυῇ,
1439 1982 1511 2008 κατὰ
1526 1981 1571 2008 τὸν
1598 1981 1668 2007 θεῖον
1687 1980 1807 2007 ἀπόστο-

1016 2027 1074 2058 λον,
1086 2027 1130 2054 διὰ
1145 2027 1194 2062 τῆς
1210 2027 1353 2062 παρούσης
1379 2027 1515 2063 ἡμετέρας
1542 2027 1736 2061 πνευματικῆς
1760 2027 1806 2053 καὶ

1017 2073 1156 2108 πατρικῆς
1170 2073 1321 2105 διαλαλιᾶς,
1341 2073 1391 2108 τῆς
1409 2073 1544 2107 δηλούσης
1573 2073 1624 2106 μὲν
1636 2073 1682 2099 τὸν
1702 2073 1805 2099 σκοπὸν

1018 2119 1142 2154 φανερῶς
1153 2119 1204 2153 τῆς
1216 2120 1397 2154 προτεθείσης
1410 2119 1568 2150 ὑποθέσεως
1578 2119 1644 2153 περὶ
1657 2119 1713 2145 τῶν
1730 2119 1807 2154 ἱερᾶν

1018 2162 1097 2195 ἀξίαν
1114 2163 1263 2197 λαχόντων,
1278 2163 1327 2190 καὶ
1343 2164 1492 2198 κοσμικαῖς
1508 2164 1621 2194 ἑαυτοὺς
1654 2163 1806 2198 ὲμπλεκόνο

1016 2218 1072 2235 των
1086 2210 1183 2244 ἀρχαῖς
1198 2211 1244 2235 καὶ
1256 2209 1345 2241 ἀξίαις
1371 2210 1418 2235 καὶ
1432 2208 1557 2243 φροντίσι
1571 2209 1619 2235 καὶ
1635 2210 1784 2243 πράγμασι
1798 2231 1804 2241 ,

1015 2255 1087 2281 οὕτω
1102 2255 1132 2281 δὲ
1150 2255 1221 2281 κατὰ
1239 2255 1316 2289 ῥῆμα
1328 2254 1455 2288 ἐχούσης,
1482 2255 1545 2285 Τοῖς
1572 2255 1622 2288 τὴν
1652 2254 1806 2289 ἱερατικὴν,

1018 2301 1101 2335 φασὶν
1113 2301 1137 2326 οἰ
1156 2300 1288 2335 Πατέρες,
1304 2300 1433 2334 λαχοῦσιν
1446 2299 1534 2331 ἀξίαν,
1556 2299 1696 2334 μαρτύριά
1714 2308 1744 2325 τε
1760 2300 1807 2326 καὶ

1017 2346 1219 2381 κατορθώματα
1237 2347 1263 2372 al
1290 2346 1342 2372 τῶν
1367 2345 1519 2372 κανονικῶν
1536 2345 1686 2377 διατάξεων
1703 2345 1806 2372 tinctu-

1017 2393 1120 2422 πώσεις
1136 2392 1216 2421 είσὶν,
1230 2391 1263 2422 ἃς
1278 2391 1326 2418 καὶ
1342 2391 1469 2425 ἀσμένως
1495 2390 1649 2425 δεχόμενοι,
1666 2391 1735 2425 πρὸς
1762 2392 1806 2418 τὸν

1019 2439 1158 2472 Δεσπότην
1169 2438 1236 2464 Θεὸν
1255 2437 1323 2471 μετὰ
1334 2436 1416 2462 Δαϐὶδ
1432 2437 1479 2462 τοῦ
1495 2436 1679 2470 θεοφάντορος
1692 2436 1804 2471 ᾄδομεν·

1024 2484 1075 2510 Ἐν
1093 2483 1129 2517 τῇ
1148 2483 1208 2515 ὀδῷ
1222 2483 1281 2509 τῶν
1297 2482 1469 2516 μαρτυρίων
1496 2488 1555 2508 σου
1574 2481 1735 2515 ἐτέρφθην,
1767 2484 1805 2515 ὡς

1017 2530 1064 2557 ἐπὶ
1077 2530 1167 2556 παντὶ
1178 2530 1299 2561 πλούτῳ
1309 2537 1315 2544 ·
1332 2529 1380 2554 καὶ
1397 2528 1477 2559 αὖθις
1490 2537 1495 2542 ·
1519 2528 1675 2555 Ἐνετείλω
1690 2528 1804 2555 δικαιο-

1017 2578 1127 2608 σύνην·
1142 2576 1178 2602 τὰ
1187 2575 1334 2609 μαρτύριά
1350 2583 1408 2602 σου
1431 2577 1476 2607 εις
1490 2575 1544 2601 τὸν
1563 2574 1657 2601 αιῶνα
1684 2574 1804 2601 auren-

1016 2623 1075 2648 σόν
1089 2631 1134 2656 με,
1155 2621 1203 2648 καί
1219 2622 1357 2656 ζήσομαι.
1375 2622 1430 2648 Καὶ
1444 2621 1523 2656 εἴπερ
1535 2622 1574 2652 είς
1590 2620 1635 2647 τὸν
1650 2621 1740 2647 αίῶνα
1755 2630 1804 2655 φυ-

1015 2668 1124 2694 λάττειν
1136 2668 1203 2702 ἡμῖν
1218 2668 1373 2694 ἐντέλλεται
1386 2667 1402 2702 ή
1420 2667 1577 2702 προφητικὴ
1594 2665 1671 2700 φωνὴ
1684 2666 1720 2692 τὰ
1733 2675 1803 2701 μαρ-

1015 2716 1096 2750 τύρια
1109 2715 1157 2742 τοῦ
1170 2715 1250 2747 Θεοῦ,
1267 2716 1314 2742 καὶ
1338 2715 1387 2750 ζῇν
1401 2715 1429 2741 ὲν
1445 2715 1548 2746 αὐτοῖς,
1564 2713 1643 2747 δῆλον
1658 2713 1695 2744 ὡς
1711 2713 1800 2748 ἀκρά-

1015 2761 1098 2789 δαντα
1117 2762 1162 2787 καὶ
1180 2761 1317 2799 ἀσάλευτα
1342 2760 1528 2795 διαμένουσιν.
1563 2760 1622 2786 Ὅτι
1649 2758 1722 2786 οὕτω
1734 2760 1801 2793 φησὶ
