1862 3081
320 64 338 73 κ

35 128 65 159 89
564 122 602 153 1N
622 122 701 152 CAN.
726 122 792 153 XVI
810 121 912 151 CONC.
936 119 1124 150 CARTHAG.
1621 108 1656 141 90

37 184 79 211 καὶ
90 184 103 209 ὁ
113 181 233 217 θεόπτης
251 181 357 216 Μωσῆς
367 188 374 196 ⁸
396 180 447 208 Ἐν
457 179 561 212 αὐτοῖς
572 181 628 206 οὐκ
651 180 716 206 ἔστι
729 186 772 214 πρ

920 175 1032 203 actanda
1050 177 1220 208 permanere.
1235 170 1303 197 Nam
1321 168 1428 195 divinus
1443 171 1548 200 quoque
1570 162 1655 190 Moses

36 230 131 259 θεῖναι.
147 229 199 255 καὶ
214 227 270 256 ἀπ’
288 227 389 255 αὐτῶν
401 227 455 254 οὐκ
469 226 555 253 ἔστιν
568 227 702 260 ἀφελεῖν.
714 226 822 252 Τούτων

37 277 119 302 τοίνυν
130 275 222 305 οὕτως
244 273 332 300 ὅντων
360 273 407 299 καὶ
433 273 714 308 διαμαρτυρουμὲνων
745 273 821 306 ἡμῖν,

38 320 235 354 ἀγαλλιώμενοι
264 319 310 345 ὲπ*
338 319 439 350 αὐτοῖς,
465 319 513 349 ὼς,
539 318 566 344 εἴ
591 326 634 349 τις
650 317 719 352 εὕρῃ
738 317 822 343 σκῦλα

39 368 127 398 πολλὰ,
145 368 213 398 τοὺς
230 366 322 397 Θείους
348 365 490 396 ἀσπασίως
514 365 630 394 κανόνας
657 362 825 398 “cupitae-

41 414 116 448 μεΘα,
131 414 181 439 καὶ
194 413 246 447 τὴν
257 412 351 438 αὐτῶν
366 412 496 444 διαταγὴν
520 410 669 443 ὁλόκληρον
693 410 740 435 καὶ
758 408 825 435 ἀσά-

39 460 126 486 λευτον
139 460 233 494 μένειν
249 457 391 492 ὁλοψύχως
407 455 569 490 αἱρούμεθα.
590 455 645 481 Καὶ
658 455 750 488 ἐπειδὴ
767 454 824 480 τῶν

42 506 66 531 ὲν
78 506 171 540 κλήρῳ
182 503 364 538 τεταγμένων
379 502 454 533 τινάς
483 502 606 536 ἔγνωμεν
622 501 766 535 πράγμασι
779 508 826 526 κο-

43 551 145 584 σμικοίς
160 549 354 584 ἐμπλέκοντας
366 547 552 577 ἀκανονίστως
569 546 694 576 ἑαυτοὺς,
710 545 758 575 οὓς
776 544 826 579 μὲν

43 594 245 629 ιουρατωρείας
277 594 326 619 καὶ
343 592 504 627 προνοήσεις
523 591 605 617 οἴκων
627 589 825 625 ἁρχοντικῶνῆ

44 640 188 673 κτημάτων
210 639 472 672 ἀναλαμϐάνοντας,
495 636 543 668 οὓς
567 636 595 662 δὲ
616 636 664 662 καὶ
688 634 826 669 δημοσίων

43 684 124 710 τελῶν
145 683 309 717 εἰσπράξεις
322 682 339 717 ἦ
353 682 508 716 κεφαλαίων
524 681 636 715 ἑτέρων,
661 680 677 714 ἦ
690 679 828 712 ἐξελάσεις

43 728 182 762 πλωῖμων,
205 728 221 762 ἢ
237 728 269 762 δὴ
282 727 330 753 καὶ
353 726 512 761 ἀναγραφὰς
536 726 552 760 ἢ
568 725 733 758 λογοποιίας,
749 723 765 758 ἢ
781 724 828 750 καὶ

43 775 136 808 ἑτέραν
147 774 247 808 ὁμοίαν
260 773 414 807 ἐνέργειαν,
427 772 475 798 οὐκ
490 771 537 797 ἐπὶ
549 771 711 805 πράγμασιν
728 768 829 803 ἐκκλη-

44 819 203 851 σιαστικοῑς,
227 817 295 844 ἀλλὰ
307 818 459 851 κοσμικαῖς,
485 817 571 846 ἐνίους
587 816 623 842 ’δὲ
647 816 693 842 καὶ
709 814 784 847 ἀξίας
800 823 828 840 τε

44 866 88 891 καὶ
101 864 191 899 ἀρχὰς
206 864 256 895 τὰς
269 865 319 897 τῆς
336 844 474 892 πολιτείας
491 844 747 895 ἀπονενεμημὲνας,
772 844 829 890 τοῖς
845 844 866 871 Β

44 909 174 941 τοιούτοις
190 907 418 944 ωρεγγυώμεθα
436 907 593 934 παύσασθαι
607 906 653 933 τοῦ
669 905 765 932 λοιποῦ
779 905 832 930 τῶν

46 955 196 991 εἰρημένων
208 955 351 982 ἁπάντων·
363 954 422 984 ταῖς
431 953 677 987 ἐκκλησιαστικαῖς
689 951 716 978 δὲ
726 951 832 986 χρείαις

47 1002 274 1036 προπυκαιρείν,
294 1001 318 1026 εἰ
337 999 373 1034 μὴ
388 999 527 1034 βούλοιντο
556 999 589 1033 τῇ
612 996 759 1031 δεδογμένῃ
778 997 834 1026 τοῖς

47 1046 125 1078 θείοις
140 1046 190 1072 καὶ
206 1047 292 1081 ίεροῖς
306 1045 403 1079 κανόσι
431 1043 593 1078 καθαιρέσει
620 1042 668 1069 τοῦ
685 1041 835 1076 προσόντος

47 1093 137 1124 αὐτοῖς
153 1091 390 1127 ἑκκλησιαστικοῦ
404 1090 451 1116 τοῦ
476 1088 582 1124 βαθμοῦ
600 1088 752 1121 ὑπαγαγεῖν
773 1087 837 1112 ἑαυ-

46 1138 118 1169 τούς.
139 1138 171 1164 Εἰ
189 1138 247 1172 γὰρ
263 1137 312 1164 καὶ¹
327 1137 422 1171 μακρᾷ
436 1135 567 1170 συνηθείᾳ
585 1132 748 1167 ἑδράζεσθαι
763 1141 836 1163 τινες

48 1183 146 1210 οἴονται
156 1183 207 1210 τοῦ
218 1183 335 1209 τοιαῦτα
347 1181 471 1216 μετιέναι
484 1180 533 1207 καὶ
544 1180 597 1215 πρὸ
614 1178 704 1206 αὐτῶν
718 1178 769 1204 οὐκ
784 1177 838 1203 ὀλί-

47 1238 122 1263 γους,
140 1228 250 1264 πρὸςδὲ
268 1228 317 1254 καὶ
335 1226 480 1262 βασιλικάς
491 1225 557 1260 φασί
573 1233 604 1251 τε
617 1224 755 1259 προϐῆναι
767 1223 840 1249 οἱκο-

49 1277 145 1310 νομὶας
159 1274 339 1305 ἀνατιθεισας
356 1273 519 1307 ἱερωμένοις
536 1271 616 1304 ἀξίας
631 1279 661 1296 τε
682 1270 728 1296 καὶ
743 1277 840 1303 κοσμι-

50 1323 98 1353 κὰς
124 1322 173 1348 καὶ
201 1320 320 1354 ὀφφίκια
348 1319 365 1351 ἥ
380 1317 522 1351 ἐνεργείας
539 1316 638 1351 ὁμοίας
651 1316 714 1346 εἴτε¹
735 1314 838 1348 ἀρχάς·

50 1366 106 1393 ἀλλ’
118 1366 170 1400 οὐχ
182 1365 388 1398 ἑλκυσθήσεται
400 1363 469 1397 πρὸς
482 1361 647 1395 ὑπόδειγμα.
668 1359 777 1393 Ἐπειδὴ
787 1359 841 1393 γὰρ

51 1412 108 1439 οὗθ’
125 1412 171 1438 ὑπ’
189 1410 363 1446 ἀμφιῦολίαν
382 1409 406 1435 οἱ
421 1408 487 1443 περὶ
502 1407 606 1433 τούτων
626 1407 693 1440 ἱεροὶ
714 1405 761 1431 καὶ
775 1405 841 1431 θεῖοι

52 1458 161 1488 κανόνες
182 1457 296 1487 ἔπεσον,
322 1455 385 1481 οὔτε
407 1453 555 1488 δοκιμασία
568 1461 611 1483 τις
628 1452 674 1478 καὶ
697 1451 843 1484 διάγνωσις

53 1504 190 1538 ἔγγραφος
208 1501 378 1537 προδεδήκει
398 1501 476 1534 παρά
490 1508 521 1525 τε
540 1498 588 1525 τοῦ
603 1497 674 1524 κατὰ
699 1496 788 1531 καιρὸν

700 1496 794 1531 καιρὸν
806 1495 840 1522 τὰ
854 1509 876 1538 α
895 1498 962 1532 Quia
975 1496 1046 1524 enim
1063 1498 1104 1521 est
1119 1494 1185 1520 citra
1209 1488 1435 1518 controversiain.

52 1551 100 1583 τῆς
117 1548 260 1584 βασιλείας
275 1547 404 1582 σκῆπτρα
418 1546 567 1576 διέποντος,
582 1544 625 1569 ἔτι
648 1542 677 1569 δὲ
691 1543 738 1568 καὶ
757 1542 842 1575 ἁγιω-

54 1595 139 1621 τάτων
155 1593 341 1628 πατριαρχῶν
356 1592 403 1618 καὶ
420 1591 538 1618 συνόδων
551 1589 664 1620 τούτους
679 1588 777 1617 αὐτοὺς
791 1595 843 1613 πα-

57 1640 244 1676 ραθραύουσα,
261 1639 292 1665 οὐ
310 1638 374 1669 τοὺς
391 1637 604 1672 γεγραμμένους
616 1635 731 1665 κανόνας
742 1633 772 1660 αι
786 1641 844 1659 τοι-

55 1687 134 1714 αὖται
150 1686 319 1720 οἰκονομίαι,
343 1685 394 1712 καὶ
407 1685 424 1720 ὴ
449 1684 486 1720 μὴ
502 1682 701 1718 δοκιμασθεῖσα
713 1679 844 1715 συνήθεια

56 1733 122 1764 ὅλως
132 1731 377 1768 παρασαλεύουσιν
388 1739 395 1746 ·
419 1727 501 1757 αὗται
514 1729 542 1755 δὲ
560 1728 660 1764 μᾶλλον
675 1727 728 1753 ὑπὸ
740 1725 845 1752 τούτων

58 1779 217 1806 τούναντίον
231 1778 325 1805 τέλεον
343 1777 584 1813 συντριϐήσονται,
609 1776 647 1807 ὡς
673 1773 761 1809 χύτρα
777 1773 848 1799 κατὰ

59 1825 104 1852 τὸν
118 1824 286 1858 Σολομῶντα
311 1823 527 1858 προσκρούσασα
550 1821 654 1855 λέϐητι.
673 1820 770 1846 Πύλαι
782 1819 846 1853 γὰρ,

61 1872 151 1905 φησὶν,
165 1870 243 1904 ᾷδου
256 1869 312 1903 τῆς
334 1868 517 1902 Ἐκκλησίας
530 1868 566 1894 οὺ
586 1865 847 1900 κατισχύσουσιν,

62 1916 291 1952 οἰκοδομηθείσης
306 1915 382 1950 παρὰ
397 1914 501 1949 Κυρίου
518 1912 565 1938 ἐπὶ
577 1912 616 1946 τῷ
632 1912 780 1945 θεοκήρυκι
797 1909 850 1935 Πέ-

62 1971 129 1997 τρῳ,
143 1962 184 1996 τῷ
205 1962 256 1988 σὺν
268 1962 325 1992 τοῖς
341 1961 445 1991 λοιποῖς
457 1959 545 1993 ἁγίοις
559 1957 721 1987 ἀποστόλοις
739 1955 851 1990 νομοθεο

63 2009 176 2042 τήσαντι
193 2006 283 2039 οὕτως
293 2007 323 2033 ὲν
340 2005 366 2038 ς’
382 2006 475 2032 κανόνι
496 2004 600 2031 αὐτῶν
634 2002 819 2031 Ἐπίσκοπος
831 1999 851 2034 ἢ

63 2054 267 2087 πρεσϐύτερος
285 2052 304 2085 ἢ
324 2051 465 2083 διάκονος
479 2048 628 2084 κοσμικὰς
639 2047 801 2083 φροντίδας
809 2045 852 2080 μὴ

63 2096 301 2132 ἀπολαμϐανέτω
314 2104 321 2111 ·
332 2097 359 2123 εὶ
373 2095 470 2130 δὲμὴ,
490 2093 698 2126 καθαιρείσθω.
715 2092 854 2123 Ὡσαύτως

67 2145 113 2171 καὶ
128 2145 159 2171 ἐν
174 2142 223 2170 πα¹
236 2143 351 2177 εἴπομεν
365 2142 407 2168 ὅτι
428 2141 466 2176 μὴ
481 2141 534 2176 χρὴ
545 2139 695 2166 ἐπίσκοπον
706 2139 722 2174 ἢ
735 2138 855 2174 πρεσῆύ-

875 223 914 250 sic
926 221 1026 255 inqttit:
1037 219 1098 246 Non
1112 217 1216 245 Iiceteis
1232 215 1327 242 addere
1339 221 1384 240 nec
1395 211 1530 239 detrahere
1543 209 1575 235 “.
1590 208 1656 235 Cutn

875 267 932 295 haac
946 267 1035 299 itaque
1051 264 1089 291 ita
1103 266 1168 295 sint,
1182 267 1208 289 et
1221 260 1298 288 nobis
1314 257 1496 286 testimonium
1513 255 1612 284 ferant.
1630 254 1656 278 in

875 313 915 340 eis
930 311 1111 341 exsultantes.
1129 313 1255 342 lanquam
1269 306 1291 333 si
1307 306 1367 339 quis
1383 303 1464 330 multa
1477 301 1562 334 spolia
1579 299 1655 325 iuve-

877 359 957 390 nerit,
978 357 1083 385 divinos
1113 355 1239 382 lubenter
1269 357 1387 379 canones
1415 346 1612 381 amplectimur,
1633 349 1660 369 ct

876 412 971 432 eorum
984 401 1204 432 constitutionem
1220 399 1351 432 integram
1364 400 1391 422 et
1406 395 1591 421 inconcussam
1604 398 1660 416 ma-

877 458 941 478 nere
956 454 1011 477 toto
1027 450 1116 476 animo
1131 446 1266 481 eligimus.
1286 442 1418 476 Quoniam
1435 444 1524 466 autem
1542 436 1659 463 nonnul-

877 498 916 524 los
931 503 1024 522 eorum
1042 494 1087 528 qui
1105 496 1169 520 sunt
1187 492 1213 518 in
1228 489 1301 518 clero
1328 484 1465 514 constituti
1493 482 1615 510 novimus
1633 488 1661 506 se

877 540 1051 569 saecularibus
1066 537 1180 573 negotiis
1194 540 1288 563 contra
1301 539 1418 560 canones
1433 528 1571 563 implicare
1589 536 1595 553 :
1613 526 1661 552 hos

878 588 984 621 quidem
999 586 1139 612 domorum
1167 582 1370 616 magistratuum
1398 576 1440 602 vel
1463 573 1661 608 possessionum

878 633 1031 660 curationes
1048 627 1349 658 administrationesque
1377 621 1575 655 suscipientes;
1605 617 1663 644 illos

881 685 945 704 vero
962 677 1042 704 etiam
1056 675 1224 709 publicorum
1241 668 1413 704 vectigalium
1441 667 1608 695 exactiones,
1621 662 1663 688 vol

879 723 994 749 aliorum
1010 721 1138 755 capitum,
1156 718 1197 745 vel
1213 723 1305 744 eorum
1321 709 1380 749 qlia
1395 711 1510 739 navibus
1523 713 1665 743 portantur

880 767 1037 802 pcnsionum
1052 765 1204 800 petitiones,
1215 762 1256 789 vel
1267 758 1476 794 colligendarum
1490 754 1664 788 pecuniarum

881 812 1068 844 rationumque
1076 809 1272 837 reddendaram
1287 811 1408 836 uulnera,
1420 802 1460 829 vel
1473 800 1580 834 aliquod
1593 798 1665 830 ejus-

883 858 953 884 modi
979 856 1114 888 oﬂit-ium;
1132 862 1186 882 non
1214 853 1239 879 in
1261 848 1468 878 ecclesiasticis.
1486 847 1532 874 sed
1555 843 1665 872 secula-

883 902 958 928 ribus
971 900 1105 935 negotiis;
1135 896 1324 929 nnnnullisque
1352 900 1445 920 eorum
1473 890 1566 917 civiles
1583 888 1665 915 etiam

883 934 1060 981 magistratus
1093 943 1293 978 dignitatesque
1323 945 1384 966 esse
1413 937 1557 964 attributas
1587 943 1593 961 :
1627 934 1667 959 eis

885 991 1056 1027 prtecipintus
1071 993 1100 1016 ut
1123 989 1250 1021 deinceps
1266 993 1281 1012 a
1300 983 1434 1019 praedictis
1458 981 1584 1008 omnibus
1612 986 1671 1005 ces-

886 1043 957 1071 sent,
975 1038 1002 1065 in
1013 1035 1206 1064 ecclesiasticis
1217 1039 1306 1061 autem
1320 1029 1435 1066 negotiis
1449 1028 1597 1058 oiliciisquc
1610 1033 1671 1052 Ver—

887 1088 1000 1115 sentur;
1015 1081 1066 1108 nisi
1081 1079 1166 1107 velint
1180 1079 1217 1110 ei,
1235 1084 1295 1112 qua:
1314 1075 1400 1103 sacris
1413 1073 1567 1106 divinisque
1585 1076 1668 1097 cano~

888 1129 968 1156 nibus
993 1113 1105 1161 placuitI
1132 1125 1232 1160 gradus
1259 1130 1338 1157 quem
1368 1120 1467 1147 habent
1495 1113 1671 1144 ecclesiastici

889 1160 1051 1209 depositioni
1070 1172 1177 1206 subjici.
1195 1169 1251 1196 Etsi
1274 1168 1346 1195 enim
1370 1166 1451 1201 longa
1478 1160 1673 1190 consuetudine

890 1219 1048 1247 conﬁrmari
1075 1217 1247 1250 stabilirique
1264 1215 1372 1249 quidam
1402 1210 1570 1238 existimant.
1602 1205 1673 1240 quod

891 1274 943 1294 non
961 1265 1039 1301 pauci
1058 1269 1120 1291 ante
1135 1270 1183 1290 eos
1198 1262 1242 1289 illa
1267 1257 1450 1293 susceperint;
1470 1259 1602 1289 prteterea
1626 1259 1675 1278 au-

891 1318 944 1339 tem
955 1312 1048 1339 dicunt
1063 1309 1219 1344 imperiales
1234 1298 1495 1333 administrationes.
1510 1307 1569 1333 qua:
1593 1305 1678 1325 sacu-

891 1359 963 1386 lares
979 1357 1124 1391 dignitates
1138 1359 1166 1381 et
1188 1352 1286 1383 cilicia,
1311 1353 1357 1377 aut
1376 1347 1473 1375 similia
1488 1351 1599 1372 tnunera
1628 1349 1674 1370 seu

892 1404 1080 1438 magistratus,
1097 1399 1215 1428 sacratis
1240 1395 1395 1424 hominibus
1424 1391 1597 1420 committunt
1613 1395 1677 1423 pro-

894 1451 1010 1480 cessisse
1029 1459 1036 1476 :
1053 1448 1099 1476 sed
1115 1452 1206 1474 tamen
1229 1451 1281 1471 non
1306 1443 1430 1469 trahetur
1463 1438 1495 1464 ad
1514 1435 1677 1468 exemplum.

1465 1490 1515 1510 nec
1537 1487 1630 1508 sacros
1649 1487 1681 1506 ac

894 1543 997 1570 divinos
1011 1542 1043 1568 de
1069 1540 1102 1567 iis
1115 1544 1233 1566 canones
1248 1533 1438 1563 intercidisse;
1454 1536 1504 1556 nec
1518 1528 1570 1555 ulla
1588 1526 1682 1559 cogni-

893 1589 931 1617 tio
948 1593 995 1615 aut
1010 1585 1175 1614 examinatio
1194 1581 1292 1609 litteris
1319 1578 1445 1606 mandata
1462 1576 1496 1602 ab
1515 1582 1546 1600 eo
1571 1572 1615 1606 qui
1637 1570 1682 1597 illo

896 1639 1017 1668 tetnpore
1031 1630 1180 1666 imperialia
1204 1631 1310 1662 sceptra
1332 1623 1451 1654 tenebat,
1470 1627 1518 1647 nec
1536 1627 1550 1645 a
1567 1617 1682 1645 sanctis-

896 1681 972 1709 simis
991 1676 1155 1714 patriarchis
1180 1678 1207 1702 ct
1231 1671 1341 1708 synodis
1367 1676 1414 1696 eos
1442 1668 1516 1702 ipsos
1544 1667 1679 1692 evertens.

896 1724 1029 1762 processit
1047 1733 1053 1750 :
1077 1721 1192 1753 scriptos
1212 1707 1332 1746 canones
1348 1712 1479 1749 ejusmodi
1502 1707 1681 1744 dispensatio—

1444 1758 1450 1762 .
1582 1755 1588 1762 .
1610 1754 1616 1762 .
1633 1752 1667 1762 ,ι

900 1752 947 1800 nes
964 1774 991 1798 et
1004 1776 1056 1796 non
1070 1767 1182 1802 probata
1196 1762 1361 1791 consuetudo
1379 1758 1489 1787 omnino
1504 1764 1556 1783 non
1582 1752 1685 1780 labefa-

901 1817 1026 1846 rtabuut;
1044 1813 1090 1840 sed
1105 1812 1169 1846 ipsm
1184 1809 1275 1844 potius
1285 1807 1318 1834 ab
1328 1807 1367 1834 eis
1381 1803 1488 1839 penitus
1499 1803 1685 1828 conterentur.

900 1862 969 1888 sicut
989 1845 1058 1891 olla,
1080 1856 1168 1890 inquit
1193 1853 1336 1884 Solomon,
1352 1857 1413 1884 qua:
1436 1847 1515 1875 lebeti
1539 1845 1615 1871 allisa
1632 1848 1683 1869 est.

903 1905 991 1932 Porta:
1001 1903 1081 1934 enim,
1097 1900 1193 1935 inquit,
1219 1897 1298 1932 inferi
1327 1896 1453 1922 adversus
1478 1891 1688 1918 Ecclesiamnan

901 1948 1079 1984 prwvalebunt
1094 1947 1127 1978 ",
1143 1952 1227 1980 quaen
1245 1941 1358 1970 Domino
1374 1946 1453 1974 supra
1472 1938 1518 1965 Dei
1535 1941 1687 1969 praeconem

902 1997 1012 2024 Petrum
1027 1993 1156 2020 tediiirata
1172 1995 1223 2023 est,
1236 1988 1281 2023 qui
1296 1994 1357 2015 cum
1371 1983 1481 2019 reliquis
1497 1981 1600 2009 sanctis
1626 1986 1690 2013 apo—

903 2042 980 2070 stolis
995 2041 1021 2067 itt
1038 2043 1115 2066 sexto
1129 2043 1222 2064 eorum
1248 2039 1351 2061 canone
1365 2031 1404 2058 sic
1416 2027 1543 2059 decrevit:
1558 2034 1565 2053 :
1579 2025 1689 2060 Episco-

906 2096 966 2123 pus,
983 2086 1023 2114 vel
1036 2084 1187 2118 presbyter,
1213 2080 1256 2107 vel
1274 2079 1405 2107 diaconus
1423 2073 1561 2102 saecularia
1585 2070 1690 2105 negotia

907 2114 965 2158 ἶιοιί
977 2129 1090 2162 recipiat
1106 2114 1170 2153 :isin
1188 2124 1288 2155 minus,
1301 2122 1461 2156 deponatur.
1477 2117 1608 2145 Similiter
1624 2120 1651 2142 et
1664 2114 1692 2140 iu

65 2197 144 2224 τερον
158 2189 286 2216 καθιέναι
301 2162 411 2214 ι’.ἑαυτὸν
428 2162 470 2217 ’ξιξ
481 2162 800 2220 Λδ-ημοσιακὰςηδῖοᾶίίέ

954 2175 1069 2210 ogesimo
1087 2172 1173 2206 primo
1190 2169 1319 2199 diximus,
1334 2165 1405 2201 quod
1420 2172 1472 2191 non
1501 2165 1608 2196 oportet
1632 2162 1689 2194 epi-

1072 2219 1077 2224 -
1155 2217 1160 2224 I
1191 2220 1275 2224 ικηην..
1293 2213 1324 2224 -.ι
1337 2210 1457 2224 -..1.ιῖιηιο
1484 2205 1689 2224 ηληιῖιιίιιιιιιιιίη.

67 2235 137 2261 ἀλλὰ
153 2233 369 2269 προοευκαιρείν
383 2231 444 2262 ταῖς
469 2229 715 2264 ἐκκλησιαστικαῖς
729 2227 834 2263 χρείαις
847 2235 855 2244 ο

67 2280 84 2314 ἢ
101 2278 241 2306 πειθέσθω
269 2277 316 2304 οὖν
342 2275 422 2302 τοῦτο
450 2275 487 2309 μὴ
513 2273 642 2308 ποιεῖν,ῆ
660 2271 856 2303 καθαιρείσθω.

70 2325 176 2358 οὐδεὶς
188 2324 245 2358 γὰρ
261 2323 388 2349 δύναται
399 2320 471 2347 δυσὶ
481 2320 594 2353 κυρίοις
605 2318 776 2348 δουλεύειν,
787 2316 858 2342 κατὰ

69 2373 117 2406 τὴν
133 2369 281 2404 Κυριακὴν
294 2366 507 2402 παρακέλευσιν.
527 2364 588 2390 Ἔτι
609 2364 656 2390 καὶ
669 2363 684 2389 ὁ
700 2365 744 2396 πγν
758 2361 839 2396 φησίν
850 2369 857 2376 ·

76 2416 242 2444 Ἐπίσκοπος
259 2414 276 2448 ἢ
292 2411 476 2448 πρεσϐύτερος
489 2410 506 2445 ἦ
522 2410 645 2440 διάκονος
657 2407 786 2443 στρατεία
800 2415 859 2441 σχο-

69 2462 168 2495 λάζων,
183 2462 232 2488 καὶ
246 2459 409 2495 βουλόμενος
424 2457 567 2492 ἀμφότερα
585 2451 720 2488 κατέχειν,
741 2453 860 2486 Ῥωμαῖ-

73 2508 122 2542 κὴν
134 2507 226 2543 ἀρχὴν
240 2506 288 2531 καὶ
300 2502 441 2538 ἱερατικὴν
451 2502 595 2536 διοίκησιν,
612 2498 805 2533 καθαιρείσθω.
823 2497 862 2523 Τὰ

73 2541 126 2587 γάρ
139 2541 305 2584 Καίσαρος,
318 2548 456 2581 Καίσαρι,
465 2546 515 2572 καὶ
528 2546 564 2572 τὰ
579 2544 631 2571 τοῦ
642 2543 726 2575 Θεοῦ,
740 2543 777 2575 τῷ
787 2541 860 2574 Θεῷ.

73 2599 153 2626 Ἀλλὰ
171 2598 228 2632 μὴν
243 2596 292 2622 καὶ
315 2595 329 2620 ὁ
344 2594 394 2629 τῆς
414 2595 442 2619 ὲν
468 2592 634 2626 Καρθαγένῃ
654 2589 691 2622 ις’
719 2588 806 2619 οὕτως
829 2588 859 2613 ὲν

75 2645 155 2680 μέρει
172 2641 348 2677 διαγορεύει·
374 2639 491 2674 Ὁμοίως
507 2639 616 2672 ἤρεσεν,
644 2637 688 2662 ἵνα
717 2635 861 2661 ἐπίσκοποι

75 2678 120 2718 καλ.
131 2688 320 2725 πρεσῦύτεροι
337 2686 384 2712 καὶ
395 2684 513 2711 διάκονοι
527 2682 696 2716 ὲκλήπτορες
713 2679 750 2714 μὴ
767 2678 864 2712 γίνων-

76 2747 118 2763 ται
137 2738 155 2772 ἢ
176 2733 412 2771 προκουρὰτορεξ.
427 2730 482 2756 Καὶ
499 2729 557 2763 μετ’
574 2727 663 2759 ὀλίγον
675 2734 681 2742 ’
700 2725 795 2756 Οὐδεὶς
811 2725 864 2758 γὰρ

146 2833 164 2847 ¹¹¹
190 2831 268 2855 Ιιθιιι.
289 2825 365 2854 “.2.
399 2824 524 2855 "Matth.
557 2829 608 2852 γι,
634 2821 673 2846 l3.

717 2819 738 2834 ³³
752 2818 849 2844 Matth.
869 2824 903 2847 \‘I,
929 2815 973 2841 “ll.

908 2205 1019 2256 scopum
1035 2219 1079 2246 vel
1088 2205 1277 2251 presbyterum
1292 2213 1324 2240 ad
1336 2210 1458 2246 publicas
1483 2205 1694 2235 administratio-

909 2275 958 2295 ncs
974 2264 1152 2294 descendere,
1170 2261 1217 2288 sed
1241 2260 1269 2287 in
1295 2255 1488 2285 ecclesiasticis
1506 2253 1622 2287 negotiis
1637 2251 1696 2277 oili-

909 2312 1012 2345 ciisque
1027 2307 1128 2336 versari
1148 2315 1155 2333 ι
1170 2306 1213 2333 vel
1228 2311 1293 2338 ergo
1307 2304 1357 2330 hoc
1370 2309 1422 2328 non
1433 2300 1520 2327 facere
1533 2296 1697 2332 persuadea—

910 2363 963 2389 tur,
975 2355 1016 2384 vel
1025 2355 1184 2388 deponatur.
1198 2350 1282 2377 Nemo
1297 2350 1366 2376 enim
1381 2351 1462 2381 potest
1473 2344 1574 2372 duobus
1584 2342 1696 2369 demittis

911 2404 1008 2430 servire
1026 2402 1060 2433 ³³,
1077 2401 1335 2433 utestprzeceptum
1364 2393 1480 2421 Domini.
1510 2390 1644 2417 Przeterea
1671 2392 1699 2414 et

911 2456 997 2477 canon
1013 2448 1048 2475 8'5
1075 2445 1162 2479 inquit
1180 2451 1186 2469 :
1204 2442 1351 2477 Episcopus
1367 2439 1409 2466 vel
1425 2437 1567 2473 presbyter
1585 2434 1628 2461 vel
1644 2433 1700 2459 dia-

912 2502 998 2522 conus
1014 2492 1115 2520 tnilitite
1131 2497 1241 2519 vacans.
1254 2493 1282 2514 et
1300 2486 1390 2513 volens
1406 2488 1552 2516 utrutnque
1565 2480 1696 2509 obtinere,

914 2540 1064 2568 Romanum
1095 2535 1283 2570 magistratum
1305 2536 1332 2559 et
1361 2529 1555 2557 sacerdotalem
1588 2523 1700 2551 admini-

914 2585 1084 2614 strationem,
1094 2581 1255 2615 deponatur.
1271 2577 1337 2610 Quae
1349 2577 1416 2602 enim
1429 2579 1488 2601 sum
1502 2570 1626 2600 Caesaris,
1641 2567 1699 2594 Cte—

915 2631 981 2661 sari,
995 2633 1020 2656 et
1030 2635 1087 2663 qua:
1100 2631 1160 2654 sunt
1175 2624 1235 2656 Dei,
1253 2623 1306 2649 Deo
1318 2622 1350 2649 “.
1367 2620 1426 2647 Jaiu
1440 2625 1503 2645 vero
1518 2621 1544 2643 et
1560 2611 1701 2645 Carthagi-

918 2677 1009 2704 ncnsis
1025 2674 1147 2702 decimus
1160 2675 1252 2698 sextus
1266 2669 1305 2696 sic
1321 2666 1432 2702 ιπηιιεὶεο
1448 2663 1514 2691 dicit
1532 2670 1540 2688 :
1569 2659 1701 2687 Similiter

918 2723 1027 2759 placuit.
1044 2725 1072 2747 ut
1084 2717 1201 2754 episcopi
1213 2720 1240 2743 et
1255 2711 1406 2749 presbyteri
1421 2715 1446 2737 et
1464 2706 1569 2736 diaconi
1585 2712 1636 2732 non
1649 2702 1703 2730 sint

1016 2813 1038 2828 ““
1050 2813 1113 2840 Luc.
1137 2819 1182 2842 xx,
1201 2808 1246 2835 ‘25.
