1862 3081
43 135 74 167 93
601 138 644 170 ΙΝ
663 139 745 170 CAN.
775 141 840 171 XVI
859 141 963 173 CONC.
984 143 1171 173 CAR'I‘IIAG.
1634 141 1669 171 04

44 189 86 216 τοιῖ
107 190 306 225 σημειὼματος
336 191 383 218 τοῦ
412 192 496 227 κυροῦ
523 193 632 229 Μιχαήλ
651 195 724 221 ἐστιν
740 194 826 229 αὕτη·

917 194 1038 223 dictionis
1051 202 1164 230 quartas.
1179 201 1206 223 et
1221 196 1358 229 deinceps,
1373 195 1511 221 constituit
1538 203 1572 221 ne
1586 195 1669 222 lecto-

46 237 114 271 Μηνὶ
140 236 304 272 Ἰανουαρίῳ
318 237 362 271 ιγ’,
379 237 471 273 ἡμέρᾳ
489 237 521 270 δ’,
545 239 710 271 ινδικτιῶνος
735 239 767 272 δ’,
785 240 832 266 καὶ

45 282 151 315 ἑφεξῆς,
180 282 356 309 διατάττεται
372 285 420 310 καὶ
442 284 506 315 τοὺς
533 285 712 318 ἀναγνώστας
737 286 833 320 ἐπίσης

45 329 96 358 τοῖς
108 328 247 358 διακόνοις
263 328 311 354 καὶ
327 329 384 359 τοῖς
410 329 512 364 ἱερεῦσι
531 329 569 365 μὴ
595 330 771 365 ἀναδέχεσθαι
787 340 832 358 κο-

47 373 128 407 σμικέι
141 373 262 406 όφψίκια
280 373 295 408 ἦ
306 376 504 408 πρακτωρικὰς
513 376 653 410 ἐνεργείας
664 377 681 411 ἢ
694 386 833 412 κουρατω-

49 419 185 453 ρείας,διὰ
201 419 247 445 τὸν
262 419 297 445 ια’
313 419 414 446 κανόνα
427 419 477 454 τῆς
492 421 522 447 ἐν
546 422 832 450 Κωνσταντινουπόλει

46 467 67 490 α’
79 464 125 490 καὶ
141 463 166 498 β’
175 464 301 491 συνόδου.
319 465 388 499 Περὶ
399 464 427 491 δὲ
442 465 599 500 ἱερωμένων
609 468 832 502 συνηγορούντων

48 510 143 540 ῐιανῶς
156 509 323 545 ἐγράψαμεν
338 510 378 541 εις
392 510 424 536 τὸ
437 509 472 544 ιγ’
489 519 553 544 κεφ.
576 511 624 538 τοῦ
642 511 666 548 η’
680 513 770 539 τίτλου
783 513 832 540 τοῦ

47 554 177 589 παρόντος
201 556 396 589 συντάγματος
409 563 416 571 ·
440 556 489 582 καὶ
504 557 642 590 ἀνάγνωθι
666 558 762 586 ταῦτα.
776 559 833 586 Καὶ

47 600 77 626 τὰ
90 599 139 632 μὲν
156 599 212 626 τῶν
224 600 348 627 κανόνων
365 600 412 627 καὶ
432 601 486 628 τῶν
506 602 652 629 συνοδικῶν
668 605 833 638 σημειωμά-

47 654 96 671 των
110 647 138 671 ὲν
148 647 270 676 τούτοις.
284 646 402 679 Λέγουσι
415 646 444 673 δέ
460 655 533 678 τινες
547 647 637 683 χώραν
650 648 738 676 ταῦτα
748 649 832 684 ἔχειν,

47 691 105 716 ὅταν
115 691 179 724 δίχα
194 690 375 725 προστάξεως
387 690 532 726 βασιλικῆς
545 693 641 728 ἐνεργῇ
658 702 700 724 τις
715 694 832 729 ἱερωμέ-

48 745 87 766 vo;
104 735 232 762 δουλείαν
256 736 446 772 δημοσιακήν·
468 737 493 763 si
510 737 564 773 γὰρ
589 739 650 764 κατ’
675 739 832 773 οἰκονομίαν

48 781 187 816 βασιλικὴν
215 783 346 815 τοιαύτην
367 782 429 809 τινὰ
454 783 578 810 δουλείαν
604 784 764 816 ἀναδέξεταί
778 794 831 817 τις,

49 826 95 852 ὑπὸ
106 827 160 853 τῶν
174 825 319 861 ῥηθέντων
343 828 463 854 κανόνων
485 828 515 854 ού
540 829 741 864 κωλυθήσεται,
772 830 832 857 οὐδὲ

47 871 220 906 βλαϐήσεται.
237 872 295 898 Καὶ
313 873 505 907 προστιθέασιν
528 874 565 906 ὡς
585 875 599 900 ὁ
616 875 742 909 βασιλεὺς
769 875 832 902 οὔτε

48 917 134 951 νόμοις
158 916 224 943 οὕτε
253 917 366 944 κανόσιν
381 918 522 945 ὑπόκειται
533 927 540 934 ·
568 919 608 946 διὸ
624 921 672 946 καὶ
685 920 727 946 ἐπ’
740 920 834 952 ἀδείας

48 961 99 995 ἔχει
114 961 274 996 ἐπισκοπὴν
289 963 328 993 εἰς
340 963 508 997 μητρόπολιν
532 964 626 997 ἄγειν,
655 964 704 991 καὶ
733 964 832 997 ἀποξε-

51 1007 105 1033 νοῦν
117 1009 149 1033 ἐκ
177 1008 236 1034 τῶν
260 1008 370 1043 οικειων
400 1009 604 1044 μητροπόλεων,
629 1011 761 1042 ὡσαύτως
785 1010 832 1037 καὶ

50 1053 147 1086 ὲνορίας
159 1054 318 1088 ἀρχιερέων
336 1054 461 1095 διαιρεῖν,
473 1055 520 1082 καὶ
533 1056 567 1082 ὲκ
587 1056 648 1082 νέου
664 1055 832 1087 ἐπισκόπους

50 1099 90 1124 καὶ
105 1098 315 1133 μητροπολίτας
341 1099 482 1134 καθιστᾷν,
511 1100 559 1127 καὶ
585 1100 751 1135 διορίζεσθαι
770 1101 831 1126 ἑπι-

49 1143 151 1173 σκόποις
171 1144 332 1178 ἱερουργεῖν
359 1144 605 1179 ἀποκριματίστως
631 1145 671 1176 εις
688 1144 831 1179 ἀλλοτρίας

49 1189 145 1222 impia..-
175 1188 256 1221 παρὰ
284 1188 398 1222 γνώμην
424 1189 478 1216 τῶν
506 1190 647 1224 ἐγχωρίων
661 1190 830 1222 ἐπισκόπων,

50 1234 90 1260 καὶ
101 1234 168 1261 ἄλλα
182 1234 249 1260 τινὰ
266 1235 389 1268 ἐνεργεῖν
416 1234 599 1270 ἀρχιερατικὰ
613 1235 717 1262 δίκαια.
733 1235 831 1269 Χρῶν-

48 1278 124 1304 τιιδὲ
149 1281 198 1305 καὶ
215 1280 257 1313 τῷ
270 1279 302 1313 ιβ’
324 1279 373 1305 καὶ
385 1279 420 1312 ιζ’
443 1280 536 1306 κανόνι
561 1280 612 1314 τῆς
626 1281 655 1306 ἐν
677 1280 830 1315 Χαλκηδόνι

50 1324 161 1356 συνόδου,
183 1325 233 1350 καὶ
247 1324 286 1359 τῷ
300 1324 342 1359 λη’
358 1325 449 1351 κανόνι
463 1325 513 1359 τῆς
527 1326 555 1351 ὲν
572 1325 610 1360 τῷ
626 1325 754 1361 Τρούλλῳ
769 1335 831 1352 συν-

48 1369 109 1401 όδου,
125 1371 158 1397 τὰ
173 1372 246 1397 αὐτὰ
262 1371 540 1406 παρακελευομένοις.
572 1372 650 1406 Ἐμοὶ
665 1372 692 1398 δὲ
703 1372 780 1398 δοκεῖ
792 1372 830 1404 ὡς

50 1415 96 1440 ἀπὸ
112 1415 156 1441 τοῦ
170 1416 319 1447 δ’κανόνος
347 1417 394 1451 τῆς
422 1417 451 1443 ὲν
480 1417 633 1452 Χαλκηδόνι
654 1418 763 1445 συνόδου
782 1419 830 1445 καὶ

51 1460 159 1492 μάλιστα
172 1462 285 1496 ἐνεδόθη
311 1462 349 1496 τῷ
373 1462 479 1497 βασιλεῖ
507 1463 664 1489 ἀνατιθέναι
689 1464 830 1498 κοσμικῶν

50 1505 164 1534 iouis:th
189 1509 336 1542 ἐνεργείας
362 1509 520 1544 ἱερωμένοις
535 1509 583 1535 καὶ
603 1511 739 1544 μοναχοῖς,
761 1510 830 1537 κατὰ

51 1551 119 1584 λόγον
151 1554 313 1588 οίκονομίας
341 1554 473 1589 δοκούσης
501 1554 584 1589 αὐτῷ,
617 1555 828 1589 Εξγὰρὸκατὰ

52 1597 131 1631 χώραν
144 1599 296 1630 ἐπίσκοπος
307 1600 421 1626 δύναται
436 1599 516 1626 τοῦτο
528 1601 626 1632 ποιεῖν,
640 1600 731 1634 πολλῷ
746 1600 827 1627 πλέον

51 1641 206 1675 ὸβασιλεὺς,
235 1645 250 1669 ὁ
273 1644 310 1678 μὴ
341 1644 566 1678 ἀναγκαζόμενος
587 1645 746 1671 ἀκολουθεῖν
772 1646 828 1676 τοῖς

53 1687 147 1717 κινὸςι,
164 1690 224 1719 τοῖς
239 1688 436 1723 διοριζομένοις
453 1689 502 1720 τὰς
513 1689 621 1724 ψήφους
649 1690 703 1716 τῶν
718 1691 830 1716 ἐπισκό-

52 1734 161 1760 πωνύπό
184 1735 371 1769 ὲπαρχιωτῶν
393 1736 549 1762 ἐπισκόπων
571 1736 705 1768 γίνεσθαι,
726 1735 828 1770 καὶμὴ

53 1779 117 1813 ττιρά
130 1781 271 1814 ἀρχόντων
283 1789 290 1795 ·
303 1780 450 1807 κάντεῦθεν
465 1781 511 1806 καὶ
521 1780 617 1815 ψήφου
628 1781 666 1816 μὴ
677 1781 828 1815 γενομένης

889 247 932 267 res
946 248 1021 275 atque
1036 249 1067 268 ac
1084 241 1190 267 diaconi
1207 245 1233 267 et
1247 241 1404 267 sacerdotes
1421 240 1560 266 saecularia
1578 239 1666 266 ol'ﬁcia

886 285 1094 319 suscipiant,vel
1111 291 1266 313 cxactorum
1289 293 1413 316 munera,
1434 285 1475 312 vel
1500 285 1665 315 curationes.

885 336 995 364 propter
1017 331 1188 358 ttndccimttm
1212 338 1342 358 cauouem
1374 331 1467 364 prima:
1490 335 1518 356 et
1543 330 1667 356 secundm

885 376 1118 410 Constantinopol.
1133 377 1239 411 synodi.
1258 377 1293 402 De
1306 375 1421 402 sacratis
1433 380 1521 401 autem
1546 375 1665 401 homini-

886 422 935 449 bus
951 429 1046 448 causas
1069 422 1210 455 agentibus
1228 421 1294 448 satis
1313 421 1470 454 scripsimus
1491 420 1517 445 iu
1542 427 1600 452 cap.
1619 419 1663 451 15,

886 467 926 495 tit.
953 467 969 494 8
985 467 1126 501 prmsentis
1150 467 1239 502 operis
1268 471 1318 494 :et
1340 466 1398 500 lege
1422 473 1464 492 ea.
1484 465 1522 491 Ae
1548 472 1666 491 canones

885 513 992 547 qttidem
1011 517 1037 540 et
1053 513 1190 548 synodalia
1208 513 1297 540 edicta
1315 512 1340 538 iu
1365 512 1407 538 his
1435 510 1599 538 consistunt.
1621 509 1666 536 Di—

884 563 1051 586 enntantem
1076 559 1196 592 quidam,
1228 559 1285 585 haec
1312 558 1400 584 locum
1429 556 1542 588 habere,
1560 556 1667 589 quando

885 604 944 632 sine
956 604 1033 638 jussu
1051 604 1220 638 imperatoris
1233 608 1354 630 sacratus
1375 602 1509 636 quispiam
1535 601 1666 628 sacculare

885 649 1062 677 ministerium
1078 649 1230 676 exercuerit
1244 657 1251 674 ε
1267 649 1290 676 si
1307 648 1378 674 enim
1403 655 1436 674 ex
1465 646 1666 680 dispensatione

885 695 1055 730 imperatoris
1069 695 1130 729 quis
1147 695 1198 722 hoc
1212 693 1389 720 ministerium
1407 691 1570 725 susceperit,
1591 698 1605 717 a
1622 691 1664 716 di-

885 741 936 767 ctis
953 739 1102 767 canonibus
1131 746 1183 766 non
1210 737 1407 772 proltibebitur,
1423 743 1471 762 nec
1495 736 1616 762 laedatur.
1632 736 1666 762 Et

883 785 1023 819 adjiciunt,
1036 784 1107 819 quod
1125 784 1273 819 imperator
1287 790 1335 809 nec
1356 781 1506 809 cauouibus
1533 788 1582 807 nec
1600 780 1666 814 legi-

884 829 934 855 bus
947 828 1108 863 subjicitur:
1121 833 1148 855 et
1159 828 1219 854 ideo
1232 832 1272 854 est
1286 827 1310 853 in
1329 827 1386 861 ejus
1403 830 1535 860 potestate
1557 825 1662 859 episco-

886 879 963 909 patus
979 875 1004 901 in
1024 873 1184 908 metropoles
1201 873 1315 907 erigere,
1330 876 1357 899 et
1369 879 1384 898 a
1398 870 1453 898 suis
1472 871 1665 904 metropolibus

884 920 1015 951 alienare,
1027 919 1152 946 similiter
1170 920 1251 946 etiam
1275 917 1427 946 antistitqu
1450 917 1580 945 terminos
1595 915 1664 942 divi-

883 966 946 993 dere
961 965 1042 1000 539
1055 970 1082 991 et
1095 965 1129 991 de
1150 972 1219 992 novo
1231 964 1373 998 episcopos
1400 968 1428 990 et
1442 962 1664 996 metropolitattos

883 1012 1064 1042 constituere;
1081 1010 1212 1045 etjubere
1228 1010 1364 1044 episcopis
1379 1009 1406 1035 in
1421 1008 1517 1036 alienis
1531 1007 1664 1034 dioecesi-

883 1056 934 1084 bus
950 1057 1052 1090 absqne
1065 1056 1119 1082 ullo
1133 1055 1288 1089 praajudicio
1303 1054 1461 1081 sacriﬁcare
1487 1057 1583 1087 prazter
1601 1060 1665 1079 scn-

884 1103 994 1130 tentiam
1005 1102 1194 1136 episcoporum
1207 1101 1276 1128 illius
1292 1100 1422 1134 regionis,
1431 1103 1458 1127 et
1469 1100 1519 1126 alia
1530 1098 1663 1133 ejusmodi

882 1148 1047 1182 episcopalia
1068 1147 1130 1180 jura
1153 1154 1291 1174 exercere.
1320 1145 1439 1173 Utuntur
1466 1149 1553 1171 autem
1583 1144 1664 1171 etiam

882 1192 1039 1218 duodecimo
1055 1195 1082 1218 et
1098 1191 1202 1218 decimo
1213 1194 1290 1217 sexto
1301 1197 1402 1217 canone
1412 1189 1538 1216 Chalced.
1553 1196 1626 1223 syn,
1638 1191 1665 1213 et

882 1238 1020 1266 tricesimo
1033 1238 1147 1271 septimo
1162 1243 1264 1263 rauene
1276 1235 1371 1271 synodi
1391 1236 1418 1262 in
1436 1235 1542 1266 Trullo,
1557 1234 1601 1268 qui
1619 1241 1665 1260 ca-

881 1285 941 1312 dem
953 1283 1120 1318 praecipiunt.
1134 1282 1197 1309 Mihi
1214 1287 1302 1309 autent
1314 1282 1428 1312 videtur.
1445 1281 1516 1315 quod
1527 1288 1559 1307 ex
1568 1283 1664 1314 quarto

882 1337 985 1357 canone
1022 1328 1249 1356 Chalcedonensis
1296 1328 1389 1362 synodi
1424 1327 1582 1361 imperatori
1623 1326 1664 1353 vel

884 1375 1001 1402 maxime
1015 1382 1172 1402 concessum
1191 1379 1231 1400 est
1253 1373 1420 1400 saecularium
1440 1379 1579 1398 munerum
1604 1372 1664 1398 fuit~

882 1421 985 1446 etioues
1001 1419 1115 1446 sacratis
1130 1422 1156 1444 et
1185 1418 1332 1449 uimtacbis,
1349 1424 1382 1443 ex
1400 1417 1507 1443 ratione
1525 1416 1665 1448 dispensa-

882 1464 963 1491 tionis
977 1470 1037 1498 quaa
1055 1464 1090 1490 illi
1110 1464 1214 1490 videtur
1240 1463 1368 1489 tribuere.
1384 1462 1411 1488 Si
1427 1461 1498 1488 enim
1513 1461 1561 1487 hoc
1578 1466 1666 1495 potest

883 1508 999 1542 regionis
1014 1508 1166 1542 episcopus,
1179 1507 1262 1534 multo
1275 1507 1359 1542 magis
1373 1507 1531 1541 imperator,
1548 1506 1593 1540 qui
1610 1514 1663 1532 non

883 1555 988 1588 cogitur
1007 1555 1084 1588 sequi
1113 1561 1240 1585 canones,
1270 1554 1458 1583 decernentes,
1477 1553 1663 1587 episcoporum

881 1600 1027 1627 electiones
1043 1608 1057 1626 a
1078 1599 1286 1631 provincialibus
1299 1599 1431 1633 episcopis
1449 1599 1516 1630 ﬁeri,
1541 1605 1591 1623 uou
1616 1605 1664 1623 au-

882 1648 935 1671 tem
952 1653 965 1670 a
979 1644 1180 1679 magistratibus
1193 1651 1200 1669 :
1212 1648 1236 1670 et
1248 1644 1293 1677 qui
1310 1643 1418 1675 exinde,
1435 1642 1504 1669 nulla
1525 1641 1592 1668 facta
1607 1641 1664 1667 cle-

881 1689 981 1720 ctione,
999 1689 1168 1723 patriarchas
1181 1693 1208 1715 et
1234 1689 1374 1723 episcopos
1401 1688 1535 1723 provehit.
1551 1687 1583 1714 Et
1605 1686 1665 1720 lege

882 1743 940 1769 qum
951 1735 978 1760 iu
988 1736 1081 1761 eodem
1097 1739 1193 1768 qttarto
1205 1742 1310 1762 canone
1332 1733 1559 1761 Chalcedonensis
1570 1731 1663 1766 synodi

882 1780 981 1814 Scripta
1001 1785 1063 1807 sttnt

54 1828 214 1862 πατριάρχας
248 1827 295 1854 καὶ
323 1828 491 1860 ἐπισκόπους
513 1829 742 1865 προὸαλλόμενος.
769 1830 824 1856 Καὶ
844 1828 1000 1862 ἀνάγνωσον
1022 1829 1057 1855 τὰ
1077 1828 1105 1854 ἐν
1124 1827 1198 1863 αὐτῷ
1211 1828 1231 1854 δ’
1247 1827 1340 1854 κανόνι
1374 1827 1424 1860 τῆς
1444 1827 1473 1853 ἐν
1511 1827 1664 1861 Χαλκηδόνι

54 1872 150 1898 συνόδου
162 1873 317 1906 γραφέντα.

82 1920 196 1947 ΖΩΝΑΡ.
210 1921 281 1955 Περὶ
293 1919 338 1946 τοῦ
355 1920 392 1956 μὴ
403 1922 526 1955 γίνεσθαι
549 1931 624 1953 τινας
636 1923 691 1949 τῶν
707 1923 829 1958 ἱερωμέ-

54 1972 98 1989 νων
122 1966 271 2001 ἀλλοτρίων
300 1967 450 2000 κτημάτων
466 1968 652 2003 ἐκλήπτορας,
670 1969 754 2004 ἤγουν
783 1978 829 2003 μι-

55 2009 158 2043 σθωτὰς,
177 2011 248 2046 μηδὲ
263 2014 510 2047 προκουρὰτωρας,
529 2014 655 2040 τουτέστι
673 2014 825 2048 διοικητὰς.

54 2057 215 2090 φροντιστὰς,
230 2057 403 2092 πλατύτερον
423 2058 544 2093 περιέχει
560 2059 652 2093 τρίτος
668 2059 760 2086 κανὼν
777 2059 828 2093 τῆς

53 2100 70 2125 δ’
81 2102 192 2130 συνόδου.
222 2103 279 2129 Καὶ
293 2103 307 2129 ὁ
319 2107 365 2130 πα¹
383 2103 410 2129 δὲ
425 2103 515 2130 κανὼν
530 2104 583 2130 τῶν
596 2105 684 2138 ἁγίων
711 2105 827 2131 ἀποστό-

55 2145 100 2173 λων
110 2148 152 2175 τὸν
164 2149 338 2184 ἐμϐάλλοντα
355 2149 450 2176 ἑαυτὸν
464 2151 504 2181 είς
517 2150 650 2184 δημοσίας
676 2151 826 2184 διοικήσεις

917 1918 1043 1947 ZONAR.
1059 1917 1117 1945 Non
1147 1918 1229 1944 licere
1250 1917 1378 1951 cuiquam
1404 1924 1437 1944 ex
1462 1924 1539 1944 sacro
1566 1918 1662 1944 ordine

880 1966 977 1992 alienae
993 1962 1178 1999 possessionis
1193 1961 1398 1994 conductorem,
1412 1961 1610 1988 mercenarium
1623 1963 1664 1988 vi-

878 2010 989 2042 delicet,
1007 2016 1094 2043 neque
1110 2012 1316 2043 procuratorem
1342 2006 1399 2034 sive
1424 2007 1595 2040 publicauqu
1623 2007 1665 2033 vel

880 2056 1131 2083 administratorem
1150 2054 1218 2086 ﬁcri,
1237 2053 1315 2080 tertio
1331 2057 1434 2088 quartae
1448 2052 1543 2087 synodi
1561 2061 1665 2081 canone

878 2102 966 2129 fusius
981 2101 1145 2135 explicatum
1165 2103 1216 2126 est.
1234 2099 1284 2132 Qui
1300 2106 1364 2126 vero
1384 2106 1413 2125 se
1437 2099 1552 2133 publica:
1577 2100 1666 2126 admi-

880 2147 1034 2174 nistrationi
1053 2146 1240 2175 immiscuerit,
1254 2153 1314 2171 eum
1328 2144 1429 2178 primus
1444 2148 1471 2171 ct
1483 2146 1664 2179 octogesimus

55 2193 236 2229 καθαιρεῖσθαι
252 2195 429 2229 προστάττει·
442 2195 508 2230 μηδὲ
522 2195 554 2222 ἔκ
563 2204 636 2228 τινος
649 2196 763 2231 αἰσχροῦ
777 2197 822 2223 καὶ

917 2197 1035 2219 uclorum
1052 2191 1235 2225 apostolorqu
1252 2198 1338 2216 canon
1357 2190 1452 2223 deponi
1477 2189 1555 2224 jubet
1570 2198 1577 2217 :
1603 2198 1664 2217 eos-

57 2238 141 2272 ἀτίμου
157 2240 322 2274 πράγματος
339 2241 441 2276 τροφὴν
456 2239 617 2275 πορίζεσθαι
639 2241 826 2276 παρακελεύε-

56 2285 115 2309 ταιὸ
129 2286 229 2313 κανών.
249 2286 366 2320 Αίσχρδν
389 2285 438 2320 μὲν
467 2284 513 2313 οὖν
544 2285 577 2312 ἂν
603 2287 646 2321 εἴη
664 2288 782 2321 πρᾶγμα
798 2287 828 2314 τὸ

58 2331 251 2361 πορνοϐοσκεῖν,
265 2332 350 2365 ἦγουν
362 2331 392 2357 τὺ
416 2331 517 2366 πόρνας
536 2332 659 2366 τρέφειν,
675 2331 746 2358 ὥστε
762 2341 828 2366 κερ-

56 2373 144 2402 δαίνειν
161 2377 192 2403 ὲκ
213 2377 262 2402 τοῦ
279 2376 454 2411 μισθώματος
471 2377 596 2409 ἐκείνων,
613 2377 661 2404 καὶ
675 2378 709 2403 τὰ
725 2379 807 2412 ὅμοια
818 2385 825 2393 ·

58 2419 142 2455 ἄτιμον
156 2423 179 2449 δ’
194 2423 256 2449 ἐστὶ
280 2423 309 2448 τὸ
337 2422 519 2457 προΐστασθαι
538 2423 699 2457 καπηλείου,
729 2425 776 2450 καὶ
794 2423 827 2450 τὰ

57 2467 235 2502 παραπλήτια.
259 2468 307 2494 Ἐκ
320 2468 449 2495 τοιούτων
474 2468 522 2495 οὗν
544 2469 646 2504 τροφὴν
664 2469 827 2505 πορίζεσθαι

57 2510 160 2539 ὁιῖινὼν
171 2513 342 2548 ἀπαγορεύει
357 2515 412 2545 τοῖς
428 2514 587 2549 ἰερωμένοις
597 2522 605 2530 ⁸
634 2515 682 2541 καὶ
699 2516 749 2541 οὐκ
763 2513 823 2542 εἷπε

59 2556 149 2590 κέρῶς,
165 2559 234 2585 ἀλλὰ
246 2558 360 2593 τροφήν.
375 2559 434 2586 Κᾶν
448 2560 502 2594 γὰρ
516 2560 555 2591 εἰς
566 2560 645 2586 τοῦτο
663 2561 827 2595 περιιστῶσι

62 2602 153 2634 πενίας,
170 2604 241 2630 ὥστε
259 2604 327 2638 μηδὲ
342 2604 445 2638 τροφῆς
461 2605 598 2639 εὐπορεῖν,
616 2605 672 2631 οὐδ’
684 2605 756 2632 οὕτω
773 2606 826 2641 χρὴ

61 2646 146 2679 αὐτοὺς
158 2649 189 2675 ὲκ
203 2649 366 2683 πράγματος
382 2648 523 2683 αἰσχροῡῆ
539 2648 638 2682 ἀτίμου
663 2649 826 2684 πορίζεσθαι

61 2694 160 2727 τρορήν.
180 2694 334 2728 Ὀφείλουςι
349 2694 412 2728 γὰρ,
430 2695 508 2728 φησι,
535 2696 565 2720 τὸ
578 2694 758 2721 ἀποστολικὶν
783 2697 828 2721 ὲνα

59 2738 140 2772 νοῆται
155 2739 350 2775 πσρὰγγελμα,
367 2739 397 2765 τὸ
417 2739 494 2773 λέγον
506 2747 512 2754 ·
544 2739 650 2771 Οὐδεὶς
664 2740 827 2774 στρατευό-

62 2791 137 2817 μενος
150 2785 333 2819 ἐμπλέκεται
348 2784 411 2817 ταῖς
427 2785 479 2812 τοῦ
507 2786 579 2817 ,ϐίου
605 2786 828 2820 πριιπματείιιιπ,

63 2829 102 2856 ire
120 2831 154 2861 τῷ
168 2831 448 2867 στρατολογήσαντι
461 2832 564 2867 ἀρέσῃ.
575 2832 605 2858 Εἰ
618 2832 644 2858 δὲ
663 2834 717 2864 τοῖς
730 2840 828 2863 κοσμι-

879 2239 938 2266 dem
956 2245 990 2264 ex
1008 2237 1099 2272 aliquo
1118 2237 1187 2270 turpi
1206 2243 1238 2263 ac
1251 2235 1361 2263 sordido
1375 2235 1481 2268 negotio
1495 2235 1597 2262 viettttu
1611 2236 1662 2262 sibi

878 2290 974 2317 parare
988 2283 1032 2310 hic
1056 2289 1140 2308 canon
1159 2286 1241 2308 vetat.
1268 2281 1307 2307 Ac
1330 2284 1407 2314 turpe
1432 2280 1540 2314 quidem
1569 2281 1662 2312 fuerit,

877 2329 993 2362 exempli
1010 2336 1101 2358 causa.
1120 2328 1141 2354 si
1159 2327 1219 2362 quis
1234 2327 1367 2355 leuoniam
1381 2331 1518 2357 exerceat,
1534 2327 1585 2353 hoc
1602 2331 1643 2353 est
1654 2349 1661 2359 ,

878 2375 934 2401 alat
951 2373 1119 2404 meretrices,
1133 2378 1161 2398 ιιι
1176 2380 1208 2398 ex
1225 2379 1317 2398 earum
1344 2371 1469 2398 mercede
1494 2371 1550 2404 ipse.
1577 2372 1665 2398 lucre-

880 2425 934 2451 tur,
961 2424 1043 2453 atqtte
1071 2418 1153 2453 hujus
1190 2418 1297 2452 generis
1328 2417 1391 2444 alia.
1425 2417 1568 2444 Sordidum
1599 2425 1664 2443 vero

877 2466 1035 2500 caupouari,
1051 2470 1076 2492 et
1090 2465 1200 2492 similia.
1218 2463 1324 2490 Victum
1343 2463 1425 2497 igitur
1450 2463 1502 2490 sibi
1527 2463 1660 2496 ejusmodi

878 2512 981 2538 artibus
998 2518 1122 2546 quaerere
1135 2510 1185 2537 hoc
1198 2516 1303 2536 canone
1317 2509 1404 2535 sacris
1421 2508 1519 2535 initiati
1536 2508 1661 2535 homines

878 2555 1057 2591 prohibentur
1073 2563 1079 2582 :
1096 2561 1184 2588 neque
1200 2561 1262 2581 vero
1278 2554 1382 2580 lucrum
1395 2553 1472 2586 dixit,
1487 2553 1533 2580 sed
1547 2553 1660 2579 victum.

879 2599 1008 2633 Quamvis
1027 2600 1098 2627 enim
1113 2607 1146 2627 eo
1163 2599 1260 2634 inopiae
1285 2599 1452 2632 redigantur,
1482 2602 1511 2624 ut
1535 2597 1662 2623 alimenta

879 2654 988 2682 quoque
1012 2646 1154 2679 deﬁciant;
1172 2653 1205 2672 ne
1226 2652 1289 2672 tunc
1310 2645 1418 2679 quidem
1447 2650 1494 2670 eos
1522 2642 1592 2676 turpi
1617 2646 1664 2668 aut

882 2693 993 2720 sordido
1008 2692 1116 2719 artiﬁcii
1145 2699 1244 2726 genere
1267 2691 1330 2718 vita:
1356 2689 1474 2717 subsidia
1503 2695 1661 2721 comparare

880 2744 998 2773 oportet.
1014 2739 1069 2765 Eos
1081 2738 1165 2769 enim,
1178 2737 1277 2771 inquit,
1292 2736 1366 2762 illius
1381 2733 1519 2768 apostolici
1533 2734 1661 2767 ριίιεςειιιῐ

882 2793 1015 2812 memores
1041 2791 1099 2812 esse
1117 2784 1204 2815 decet,
1236 2781 1306 2817 quot!
1338 2781 1375 2807 ait
1404 2779 1512 2806 :Nemo
1545 2779 1661 2804 mililans

882 2832 997 2865 implicat
1016 2838 1042 2857 se
1065 2830 1174 2864 negotiis
1198 2827 1382 2858 statu/aribus,
1408 2831 1434 2852 ιιι
1458 2826 1482 2853 ei
1497 2825 1599 2859 placeat
1617 2824 1661 2856 qui
