1862 3081
195 147 230 177 95
821 148 957 180 THEOD.
980 148 1179 180 BALSAMON
1774 148 1811 179 96

194 203 289 230 milites
304 204 379 238 elegit
393 203 426 230 ³⁵.
443 203 517 236 Quod
531 204 553 230 si
578 204 610 230 de
632 205 742 239 prolana
765 205 858 232 militia
880 211 973 231 verum

1071 213 1076 229 ι
1091 205 1318 239 στρατευομένοις
1336 203 1481 239 στρατείαν
1495 203 1573 230 τοῦτο
1589 203 1710 239 είρηται,
1720 203 1812 238 πολλῷ

193 253 234 275 est
246 269 252 280 ,
270 254 344 276 certe
359 249 385 275 in
405 257 463 280 eos,
487 249 532 284 qui
546 249 644 277 divinae
660 250 764 278 militiae
791 251 817 277 in
833 257 911 277 sacro
927 257 973 277 or-

192 293 255 320 dine
272 293 418 326 mancipati
443 298 516 326 sunt,
545 294 624 329 longe
648 296 880 323 accommodatius
907 303 973 330 qna-

192 337 292 365 drabit.
307 338 346 365 De
361 339 508 366 lectoribus
533 347 597 367 vero
614 341 685 374 quod
708 341 840 375 sequitur,
869 346 899 368 ut
921 349 972 375 pu-

192 384 306 411 hertatis
335 388 475 418 tempore,
503 391 599 420 quarto
630 387 736 414 decimo
768 387 875 414 scilicet
901 395 972 414 anno

190 430 308 463 expleto,
325 430 365 457 vel
379 431 550 458 matrimonio
560 432 646 467 jungi,
663 433 702 460 vel
715 433 868 461 caalibatum
889 433 974 468 proli-

192 475 243 501 tcri
257 480 390 510 cogantur
407 484 414 502 :
431 484 465 502 an
483 477 554 504 eain
572 477 700 505 Africana
718 479 837 506 Ecclesia
857 487 972 506 consue-

189 521 256 547 tudo
272 520 417 548 inoleverit
434 522 503 548 haud
529 522 608 550 facile
624 523 751 551 dixerim.
774 524 804 552 In
826 524 885 551 aliis
900 530 974 552 certe

190 563 321 591 Ecclesiis
335 565 405 591 haud
418 566 504 600 viget;
522 566 576 594 itno
589 575 638 595 nec
652 568 707 596 ullo
718 576 836 604 unquam
852 573 973 603 tempore

190 608 310 641 viguisse
325 617 376 644 ego
400 610 508 644 quidem
532 612 657 640 existimo
672 613 849 646 ;adversatur
873 616 973 650 quippe

191 658 345 680 sanctorum
379 655 562 688 apostolorum
587 657 717 685 vicesimo
744 663 821 686 sexto
854 660 971 692 canoni,

191 699 237 733 qui
251 700 399 727 lectoribus
421 705 447 727 et
465 702 632 736 cantoribus,
659 708 800 738 postquam
825 704 851 731 in
869 704 972 731 elerum

190 745 300 780 ascripti
327 746 447 779 (iuerint,
479 755 576 776 uxores
611 749 748 776 ducendas
773 756 834 776 esse
857 749 972 781 statuit,

191 797 279 825 neque
294 796 397 818 certum
411 792 519 827 aliquod
531 797 635 827 tempus
647 794 800 828 nuptiarum
812 793 971 828 praescribit,

190 841 237 863 aut
253 836 345 871 aliqua
360 845 407 865 eos
428 840 603 867 continentiae
624 839 794 874 professione
814 840 973 876 obligandus

190 890 251 910 esse
266 884 400 911 decernit.
422 884 458 911 De
472 884 564 912 fenore
582 893 665 921 porro
678 893 692 912 a
708 886 815 914 clericis
828 894 879 914 non
894 894 973 913 exer-

190 929 277 955 cendo
293 929 369 956 tnulti
383 937 503 957 canones
513 935 620 958 exstant
635 939 642 958 :
665 932 790 966 idemque
804 931 854 958 hoc
865 938 974 966 quoque

191 980 297 1000 canone
312 981 345 1001 ne
358 973 436 1001 liceat
451 975 642 1008 constitutum;
655 983 688 1002 ac
702 975 725 1003 si
741 976 860 1010 quidem,
877 976 973 1010 inquit,

191 1018 332 1052 pecuniam
359 1024 403 1046 aut
431 1027 557 1048 nummos
581 1021 695 1048 utendos
718 1021 834 1055 cuipiam
859 1021 974 1048 clericus

190 1063 368 1098 concesserit,
391 1065 441 1092 hoc
454 1071 505 1098 est,
524 1071 634 1093 mutuos
645 1067 762 1099 dederit,
787 1067 896 1094 totidem
922 1067 973 1094 sibi

191 1110 321 1142 vicissim,
337 1117 386 1137 nec
402 1111 491 1144 plures
510 1111 563 1139 ullo
588 1112 679 1145 modo,
705 1117 782 1139 curet
802 1112 974 1140 reddendos:

191 1154 213 1182 si
230 1162 295 1182 vero
311 1155 349 1182 rei
367 1155 497 1189 speciem,
521 1156 684 1183 frumentum
705 1157 803 1192 quippe
815 1162 862 1185 aut
873 1158 974 1190 vinum,

193 1204 239 1225 aut
255 1199 388 1233 ejusmodi
409 1201 545 1235 quidpiam
564 1201 677 1235 dederit,
696 1203 874 1235 tantumdem,
891 1211 978 1237 quan-

193 1249 251 1271 ttnn
270 1245 354 1277 dedit,
373 1253 423 1273 nec
435 1246 496 1280 plus
509 1246 610 1281 aliquid
627 1247 746 1274 vicissim
761 1248 889 1283 accipiat.
908 1248 975 1276 Illud

192 1299 310 1326 quoque,
339 1300 373 1319 ne
407 1293 524 1320 minores
560 1294 680 1328 quinque
708 1298 735 1320 et
765 1294 857 1328 viginti
893 1293 972 1321 annis

194 1335 300 1363 diaconi
318 1337 463 1371 eligantur,
482 1340 637 1371 complures
653 1338 716 1365 item
741 1345 860 1366 canones
880 1339 975 1365 decre-

194 1390 268 1411 vere.
286 1383 388 1411 Deinde
402 1384 561 1415 lectoribus,
589 1392 624 1412 ne
644 1384 752 1418 expleto
774 1384 927 1412 ministerio
946 1391 975 1411 se

193 1429 226 1455 ad
255 1430 383 1464 populum
411 1429 545 1457 salutandi
578 1431 664 1465 gratia
693 1435 868 1462 convertant,
892 1430 976 1456 inter-

1026 250 1126 284 μᾶλλον
1140 250 1256 285 ἁρμόσει
1270 250 1326 281 τοῖς
1341 250 1379 285 τῷ
1391 249 1450 284 Θεῷ
1464 250 1692 285 στρατευομένοις
1703 249 1747 276 διὰ
1759 250 1811 283 τῆς

1027 295 1189 331 ίερωσύνης.
1206 296 1243 322 Τὸ
1269 296 1297 322 δὲ
1315 296 1378 327 τοὺς
1395 295 1574 329 ἀναγνώστας
1599 296 1629 321 ἐν
1655 295 1693 330 τῷ
1719 296 1810 329 καιρῷ

1024 341 1073 375 τῆς
1089 341 1169 376 ἥὸης,
1179 342 1263 376 ἧγουν
1273 341 1342 375 μετὰ
1352 341 1398 367 τὸν
1414 342 1445 368 ιδ’
1461 341 1587 367 ἐνιαυτὸν
1602 341 1809 374 ἀναγκάζεσθαι

1024 385 1040 420 ἢ
1064 387 1146 422 γάμῳ
1160 387 1300 421 ὁμιλῆσαι,
1318 387 1334 422 ἦ
1351 387 1472 420 ἀγαμίαν
1489 387 1667 421 ὑποσχέσθαι,
1685 387 1735 413 οὐκ
1749 385 1809 414 οἴδα

1024 432 1048 457 εἰ
1063 433 1137 465 παρὰ
1153 434 1209 462 τοῖς
1233 432 1263 458 ὲν
1278 432 1396 466 Ἀφρικῇ
1426 431 1575 465 ἐκράτησε.
1599 431 1679 465 Παρὰ
1694 431 1723 457 δὲ
1746 434 1808 462 ταῖς

1024 475 1116 507 ἄλλαις
1137 476 1310 510 Ἐκκλησίαις
1337 476 1366 502 οὐ
1384 476 1500 508 κρατεῖ²
1531 473 1607 509 οἶμαι
1635 475 1664 501 δὲ
1692 476 1808 502 ὄτιούὂὲ

1024 521 1134 548 πώποτε
1160 522 1322 557 ἐκράτησεν,
1349 520 1560 553 ἐναντιούμενον
1575 519 1614 554 τῷ
1630 519 1677 552 κς¹
1691 521 1808 546 ἀποστο-

1023 566 1091 600 λικῷ
1106 566 1209 598 κανόνι,
1225 566 1344 602 ὁρίζοντι
1357 565 1534 599 ἀναγνώστας
1550 565 1598 592 καὶ
1610 565 1726 599 ψάλτας,
1739 568 1808 599 μετὰ

1023 610 1055 636 τὸ
1082 611 1122 642 είς
1148 610 1248 646 κλῆρον
1275 610 1430 644 προελθεῖν,
1448 611 1558 644 γαμεῖν,
1576 610 1623 636 καὶ
1653 610 1691 644 μὴ
1707 610 1806 644 καιρὸν

1024 656 1116 686 αὐτοῖς
1130 656 1178 682 τοῦ
1200 657 1290 690 γάμου
1319 656 1449 690 ὁρίζοντι,
1468 656 1537 690 μήτε
1567 655 1734 689 ἐγκράτειαν
1758 657 1808 681 ἐπ-

1023 701 1205 736 αγγέλλεσθαι
1225 702 1395 728 ἀπαιτοῦντι.
1411 701 1448 727 T’z
1463 702 1491 728 δὲ
1505 701 1640 734 δανείζειν
1660 702 1725 732 τοὺς
1744 702 1811 735 κλη-

1025 748 1116 782 ρικοῡς
1142 748 1190 774 ἐπὶ
1218 747 1307 778 τόκοις
1333 747 1441 778 πολλοῖς
1471 747 1659 781 ἀπηγόρευται
1694 747 1811 773 κανόσι·

1024 793 1071 820 καὶ
1086 790 1163 824 οὗτος
1180 793 1209 819 δὲ
1223 793 1253 819 τὸ
1270 793 1336 819 αὐτὸ
1350 792 1471 819 κελεύει·
1499 792 1546 819 καί
1563 800 1657 827 φησιν,
1674 791 1723 818 ἐὰν
1744 792 1813 826 χρή-

1026 847 1098 872 ματα
1115 838 1175 874 ἦτοι
1193 838 1350 873 νομίσματα
1366 837 1403 872 δῷ
1417 837 1549 872 κληρικὸς
1563 838 1592 863 ὲν
1604 837 1714 872 χρήσει,
1728 837 1812 871 ἦγουν

1026 883 1136 919 δανείσῃ
1151 883 1185 910 τὰ
1199 884 1341 919 χρήματα,
1357 883 1481 910 τουτέστι
1496 883 1615 909 τοσαῦτα
1628 883 1747 917 λήψεται
1766 882 1815 909 καὶ

1027 930 1057 956 οὐ
1071 929 1183 956 πλείονα
1194 937 1201 945 ο
1221 930 1270 956 ἐὰν
1291 929 1319 955 δὲ
1333 927 1404 961 εἶδος
1417 929 1468 963 δῷ.
1483 930 1557 956 σῖτον
1570 929 1653 964 τυχὸν
1665 929 1682 965 ἦ
1696 927 1782 961 οἶνον,
1797 929 1813 963 ῆ

1026 975 1120 1010 ἔτερόν
1136 984 1163 1001 τι
1179 975 1311 1007 τοιοῦτον,
1337 975 1400 1002 ὅσον
1427 975 1522 1008 ἔδωκε,
1550 974 1678 1009 λήψεται,
1704 975 1755 1002 καὶ
1784 975 1814 1001 οὐ

1027 1020 1118 1047 πλέον.
1134 1021 1189 1047 Καὶ
1211 1021 1241 1046 τὸ
1258 1021 1311 1055 πρὸ
1328 1021 1555 1055 συμπληρώσεως
1570 1024 1608 1046 κε’
1623 1020 1759 1046 ἐνιαυτῶν
1775 1021 1812 1054 μὴ

1027 1065 1239 1102 χειροτονεῖσθαι
1256 1066 1390 1095 διάκονον,
1402 1066 1544 1100 διαφόροις
1558 1065 1669 1092 κανόσιν
1680 1065 1811 1100 ὥρισται.

1033 1111 1233 1146 Ἀπηγόρευται
1260 1112 1288 1138 δὲ
1303 1113 1359 1142 τοῖς
1385 1111 1574 1146 ἀναγνώσταις
1589 1112 1618 1137 ὲν
1634 1111 1674 1146 τῷ
1689 1111 1812 1146 πληροῦν

1027 1157 1076 1192 τὴν
1094 1156 1234 1184 διακονίαν
1255 1158 1344 1184 αὐτῶν
1363 1157 1528 1193 στρέφεσθαι
1546 1157 1616 1192 πρὸς
1639 1159 1687 1184 τὸν
1716 1159 1814 1193 δῆμον.

1028 1202 1075 1229 καὶ
1090 1205 1266 1236 προσκυνεῖν.
1291 1203 1392 1234 Μόνοις
1406 1203 1461 1238 γὰρ
1477 1205 1534 1234 τοῖς
1562 1203 1726 1238 ἀρχιερεῦσι
1755 1204 1814 1229 τότε

1028 1248 1142 1279 καὶτοῖς
1162 1248 1282 1283 ἱερεῦσιν
1296 1249 1433 1283 ὀφείλουσι
1446 1250 1620 1284 προσκυνεῖν,
1640 1251 1688 1276 καὶ
1699 1250 1762 1285 οὐχὶ
1778 1251 1815 1283 τῷ

1029 1293 1126 1329 πλήθει
1147 1295 1202 1321 τῶν
1217 1296 1246 1321 ὲν
1260 1297 1293 1329 τῇ
1316 1295 1466 1330 Ἐκκλησία
1496 1296 1761 1331 συναθροιζομένων.
1785 1298 1816 1322 0'.

1030 1340 1080 1374 μὲν
1092 1340 1146 1374 γὰρ
1161 1340 1297 1374 ίέρωνται,
1311 1341 1337 1366 οἱ
1351 1341 1380 1367 δὲ
1393 1341 1440 1368 τοῦ
1456 1342 1541 1377 δήμου
1560 1342 1656 1377 πόρρω
1671 1343 1722 1378 τῆς
1739 1343 1815 1376 ίερω-

1031 1385 1115 1419 σύνης
1129 1386 1195 1418 είσὶ,
1214 1387 1260 1412 καὶ
1278 1387 1379 1420 μᾶλλον
1394 1387 1527 1422 τιμᾶσθαι
1542 1387 1611 1421 δέον,
1627 1387 1775 1414 καὶταῦτα
1788 1389 1816 1414 ἐν

1029 1429 1118 1466 καιρῷ
1131 1431 1180 1466 τῆς
1192 1430 1345 1467 ὑπουργίας
1359 1433 1458 1460 αὐτῶν.

194 1476 307 1503 dictum.
325 1477 403 1504 Solos
417 1486 532 1512 namque
545 1485 577 1506 eo
593 1483 714 1513 tempore
726 1478 862 1505 antistites
873 1483 908 1512 _et
929 1476 1096 1510 sacerdotes,
1106 1486 1162 1506 non
1187 1487 1378 1516 congregatam
1410 1483 1435 1508 in
1465 1482 1577 1509 ecclesia
1604 1483 1815 1510 multitudinem.

194 1522 229 1548 ah
254 1522 287 1549 iis
314 1523 426 1549 salutari
448 1522 488 1550 l‘as
511 1526 562 1550 est.
587 1523 640 1557 lpsi
668 1524 739 1551 cuitu
765 1523 864 1550 sacrati
891 1526 971 1553 sunt,
993 1522 1136 1552 multitudo
1152 1532 1215 1553 vero
1231 1534 1246 1553 a
1262 1527 1350 1554 sacris
1377 1527 1517 1555 ordinibus
1557 1528 1636 1562 longo
1676 1528 1818 1556 intervallo

195 1567 328 1601 disiuncta
344 1577 350 1594 :
367 1572 395 1595 nt
410 1568 521 1601 proinde
535 1568 567 1595 iis
581 1569 669 1603 potius
687 1577 702 1596 a
725 1569 822 1604 populo
839 1569 968 1596 honorem
985 1565 1120 1602 exhiberi,
1137 1571 1288 1604 praesertim
1308 1571 1371 1599 dum
1401 1572 1427 1599 in
1460 1572 1501 1599 sui
1533 1572 1676 1599 ministerii
1701 1572 1818 1600 functio-

197 1614 275 1641 uibus
291 1618 442 1644 versantur.
454 1619 576 1648 oporteat

196 1659 310 1686 ABIST.
335 1670 344 1685 ι
361 1660 520 1694 Episcopus,
546 1660 699 1694 presbyter,
721 1665 747 1686 et
770 1660 901 1688 diaconus
929 1670 981 1689 non

1071 1661 1146 1689 ’1ΣΤ.
1167 1670 1176 1687 ι
1195 1659 1371 1691 Ἐπίσκοπος,
1393 1659 1588 1694 πρεσσύτερος,
1619 1661 1666 1687 καὶ
1682 1660 1816 1691 διάκονκ,

236 1715 244 1730 ι
264 1705 331 1731 ﬁunt
348 1705 537 1738 conductores,
553 1714 641 1740 neque
666 1711 867 1740 procuratores.
883 1707 981 1734 Lector

237 1761 245 1777 ι
267 1752 352 1786 pubes
375 1751 463 1778 factus
480 1752 521 1778 vel
549 1753 753 1779 matrimonium
780 1753 924 1781 contrahat
940 1754 982 1782 vel

237 1806 247 1822 ‹
267 1797 460 1825 continentiam
476 1798 646 1832 proﬁteatur.
666 1808 674 1824 ι

235 1842 393 1876 Episcopos,
416 1847 443 1869 et
464 1843 644 1878 presbyteros,
670 1848 697 1870 et
721 1844 850 1872 diaconos
873 1844 982 1874 fenera-

199 1893 282 1920 tores,
297 1887 378 1922 540
391 1893 437 1915 aut
454 1889 653 1922 possessionum
667 1889 818 1924 aliquarum
834 1892 983 1920 conducto-

202 1940 260 1964 res,
279 1936 320 1959 vel
337 1934 418 1960 etiam
437 1933 594 1967 provisores
608 1934 676 1967 ﬁeri,
701 1939 728 1963 et
750 1943 872 1970 prtesens
894 1944 981 1966 canon

200 1978 324 2011 prohibet
339 1984 365 2005 et
386 1979 485 2006 diversi
502 1979 559 2006 alii.
576 1979 675 2008 Lector
696 1985 797 2014 autem,
822 1983 868 2017 qui
893 1983 982 2018 impu-

201 2022 291 2049 herent
307 2028 413 2050 aetatem
443 2024 613 2057 transilierit,
638 2031 665 2053 et
691 2027 786 2060 viginti
814 2027 872 2054 fere
897 2035 983 2056 annos

201 2069 331 2102 attigerit,
348 2075 376 2096 et
393 2070 599 2105 hypodiaconus
617 2071 674 2098 lieri
692 2072 764 2106 cupit
787 2072 860 2107 (nam
887 2074 983 2108 viginti

202 2115 280 2141 :Innis
297 2115 606 2151 juniorhypodiaconus
623 2125 675 2144 non
701 2117 854 2150 ordinatur,
879 2123 908 2145 ut
934 2119 984 2146 de-

201 2159 288 2187 cimus
298 2160 409 2194 quintus
420 2164 501 2188 sexta:
513 2161 539 2188 in
547 2161 640 2189 Trullo
650 2162 743 2196 synodi
759 2169 845 2189 canon
862 2164 980 2199 statuit),

203 2206 244 2233 vel
261 2214 370 2234 uxorem
387 2213 448 2234 ante
461 2202 660 2236 ordinationem
685 2209 786 2241 ducat,
804 2209 846 2236 vel
863 2210 982 2236 caelibem

201 2259 282 2286 agere
309 2252 478 2286 proﬁteatur.
513 2253 581 2280 Nam
617 2260 675 2288 post
704 2254 903 2281 ordinationem
935 2263 984 2283 nec

202 2299 370 2332 presbytero,
387 2305 438 2325 nec
455 2298 581 2332 diacono,
605 2307 654 2326 nec
675 2299 863 2334 hypodiacono
887 2301 983 2328 [natri—

205 2330 321 2370 inoniale
344 2343 437 2377 jugum
467 2344 493 2371 in
518 2352 548 2371 se
575 2344 714 2379 suscipere
729 2345 873 2374 licet:sed
899 2347 982 2375 lecto-
999 2330 1023 2359 υ

204 2389 278 2415 ribus
294 2389 360 2416 solis
377 2393 405 2416 et
429 2390 586 2417 cantoribus
597 2390 661 2418 illud
684 2392 858 2426 permittitur,
887 2401 983 2427 quem-

203 2434 347 2460 admodum
374 2438 466 2462 sextus
499 2440 581 2463 sextte
606 2436 631 2463 in
657 2435 748 2464 Trullo
773 2437 869 2472 synodi
897 2445 982 2466 canon

203 2479 309 2505 Sluluil.

469 2569 584 2598 CANON
604 2571 684 2602 XVII.

209 2625 217 2641 ι
241 2615 352 2648 Placttit.
378 2621 408 2644 ut
429 2616 589 2646 Mauritania
615 2620 796 2655 Sitipheusis,
823 2626 852 2649 ut
879 2621 984 2656 petivit,

259 2684 282 2700 "
297 2685 317 2712 ll
339 2684 407 2712 Tim.
431 2694 460 2717 ll,
489 2686 514 2713 ό.

1072 1717 1082 1734 ι
1100 1708 1268 1741 ὲκλήπτορες
1291 1706 1322 1732 οὐ
1350 1704 1484 1739 γίνονται,
1501 1705 1562 1731 οὐδὲ
1581 1707 1817 1741 προκουράτορες.

1072 1765 1081 1781 ε
1106 1754 1136 1780 ὐ
1152 1753 1252 1788 ἄνηὸος
1280 1750 1458 1786 ἀναγνώστης
1484 1750 1500 1785 ἢ
1530 1751 1617 1786 γάμον
1642 1753 1816 1788 αἱρείσθω,ἢ

1071 1808 1080 1825 ι
1099 1799 1263 1832 ἐγκράτειαν
1279 1795 1453 1831 ὀμολογείτω.
1468 1805 1478 1821 ι

1069 1844 1106 1870 Τὸ
1120 1841 1341 1876 πακτωναρίους,
1356 1840 1373 1876 ἢ
1395 1840 1534 1875 μισθωτὰς
1551 1842 1703 1876 κτημάτων
1724 1843 1817 1873 τινῶν.

1033 1890 1050 1926 ἢ
1066 1889 1114 1916 καὶ
1132 1886 1286 1923 προνοητὰς
1300 1885 1423 1920 γίνεσθαι
1438 1886 1614 1919 ἐπισκόπους,
1632 1888 1681 1914 καὶ
1695 1889 1818 1924 πρεσϐυ-

1033 1936 1140 1970 τέρους,
1152 1935 1199 1961 καὶ
1211 1932 1366 1964 διακόνους,
1383 1931 1431 1958 καὶ
1444 1933 1458 1958 ὸ
1472 1932 1567 1967 παρὼν
1595 1934 1695 1960 κωλύει
1715 1935 1816 1966 κανὼν,

1034 1982 1082 2010 καὶ⁵
1108 1981 1197 2015 ἕτεροι
1212 1979 1350 2014 διάφοροι.
1371 1977 1562 2014 ’Λναγνώστης
1587 1979 1615 2005 δὲ
1638 1980 1691 2015 τὴν
1719 1981 1819 2016 ἇνηὸον

1034 2025 1211 2062 ὑπεραναϐὰς
1243 2024 1362 2059 ἡλικίαν,
1388 2023 1437 2050 καὶ
1464 2023 1547 2057 ἐγγύς
1573 2033 1624 2051 που
1647 2025 1702 2052 τῶν
1730 2026 1818 2053 εἴκοσι

1035 2073 1139 2108 χρόνων
1153 2070 1309 2104 γενόμενος,
1328 2069 1374 2096 καὶ
1400 2068 1542 2103 βουληθεὶς
1558 2070 1685 2103 γενέσθαι
1709 2071 1820 2099 ὑϊιοδιά⁹

1035 2125 1111 2148 κονος
1127 2115 1196 2148 (οὐδὲ
1209 2115 1264 2149 γὰρ
1278 2114 1368 2149 ἥττων
1388 2113 1443 2140 τῶν
1465 2114 1550 2140 εἴκοσι
1571 2115 1678 2150 χρόνων
1693 2125 1820 2152 χειροτο-

1036 2164 1120 2189 νεῖται
1133 2160 1321 2192 ὑποδιάκονος,
1337 2159 1427 2191 καθὼς
1439 2160 1453 2186 ὁ
1466 2161 1711 2194 πεντεκαιδέκατος
1728 2164 1818 2190 κανὼν

1035 2210 1085 2244 τῆς
1100 2209 1128 2234 ὲν
1144 2207 1184 2242 τῷ
1199 2205 1326 2241 Τρούλλῳ
1361 2205 1445 2239 ἕκτης
1463 2205 1573 2231 συνόδου
1595 2205 1791 2241 διαλαμϐάνει)
1805 2209 1819 2243 ἢ

1035 2256 1152 2290 γυναῖκα
1166 2254 1220 2288 πρὸ
1233 2254 1283 2287 τῆς
1303 2251 1474 2287 χειροτονίας
1488 2250 1663 2285 λαμϐανέτω,
1680 2253 1697 2288 ἢ
1717 2255 1820 2289 παρθε-

1036 2301 1125 2328 νεύειν
1138 2299 1316 2334 ὁμολογείτω.
1331 2297 1408 2324 Μετὰ
1426 2298 1482 2330 γὰρ
1496 2297 1545 2331 τὴν
1574 2301 1746 2332 χειροτονίαν
1760 2301 1818 2328 οῃτε

1036 2346 1234 2383 πρεσῦύτερος,
1251 2344 1313 2370 οὔτε
1330 2343 1466 2374 διάκονος,
1479 2341 1542 2369 οὔτε
1568 2343 1759 2377 ὐποδιάκονος,
1773 2355 1820 2380 γα-

1040 2393 1119 2428 μικὸν
1134 2391 1224 2426 ἑαυτῷ
1243 2390 1370 2424 συνιστᾷν
1388 2388 1558 2415 συνοικέσιον
1576 2388 1621 2414 ἐπ’
1634 2389 1730 2422 ἀδείας
1746 2391 1818 2426 εχει·

1038 2438 1106 2465 ἀλλὰ
1134 2437 1225 2471 μόνοις
1252 2435 1309 2466 τοῖς
1334 2432 1525 2467 ἀναγνώσταις
1537 2434 1585 2460 καὶ
1609 2433 1729 2467 ψάλταις
1745 2436 1821 2462 τοῦτο

1039 2484 1143 2517 ἐφεῖται
1154 2502 1161 2515 ,
1178 2480 1270 2512 καθὼς
1284 2481 1298 2506 ὁ
1313 2479 1392 2510 tuo:
1407 2478 1498 2505 κανὼν
1524 2480 1574 2514 τῆς
1588 2480 1618 2506 ὲν
1632 2480 1672 2514 τῷ
1694 2481 1820 2516 Τρούλ).ῳ

1039 2529 1122 2563 ἕκτης
1136 2526 1244 2553 συνόδου
1259 2524 1410 2559 παρίστησι

1339 2569 1458 2596 ΚΑΝΩΝ
1470 2568 1518 2596 ΙΖ’.

1044 2629 1053 2645 t
1076 2617 1256 2653 Ἤρεσεν,ἵνα
1277 2617 1294 2651 ἡ
1319 2615 1493 2650 Μαυριτανία
1514 2615 1673 2651 Σιτιφένσης
1693 2618 1752 2653 (16)
1765 2639 1772 2650 ,
1786 2619 1820 2649 ὡς

794 2756 891 2786 Gnill.
908 2755 1071 2794 Beverogii
1095 2757 1187 2785 notata.

243 2805 298 2838 (lli)
312 2806 377 2832 Ἵνα
395 2807 410 2838 ὴ
431 2807 612 2839 Μίιυριτίινία
626 2807 815 2841 Σιτιρένιγης.
837 2807 886 2834 llic
897 2815 983 2834 canon

209 2843 238 2866 ut
261 2845 334 2867 recte
360 2841 537 2876 intelligatur,
556 2842 642 2876 primo
664 2843 810 2869 tenendum
841 2847 892 2873 cst,
913 2842 983 2868 Alri-

1040 2814 1099 2833 catu
1128 2806 1237 2840 proprie
1268 2806 1307 2833 sic
1323 2806 1434 2837 dictant,
1464 2807 1521 2832 sive
1551 2809 1666 2832 tractum
1697 2807 1779 2833 istum
1807 2814 1818 2831 τι

1038 2842 1106 2869 lrcto
1129 2841 1263 2868 Gtttlitano
1287 2842 1318 2868 ad
1344 2841 1525 2876 Cyrenaicam
1559 2842 1699 2874 regionem
1731 2849 1820 2876 porro-
