1862 3081
227 149 279 181 103

853 145 992 176 TIlEOD.
1015 145 1129 176 BALSA
1135 146 1213 175 MON

1792 141 1840 174 102i

222 209 269 232 aut
283 202 375 231 clerici
396 201 568 235 ordinantur,
586 201 619 229 ab
642 200 738 228 eodem
755 199 782 227 in
802 199 835 227 iis
851 207 911 234 quae
925 206 1006 234 syno-

1098 209 1106 225 ι
1122 202 1171 232 δεῖ,
1190 201 1272 234 φησιν
1295 201 1308 226 6
1330 198 1431 230 κανὼν,
1449 198 1539 233 λέγειν
1563 198 1622 230 τοῖς
1638 203 1840 233 χειροτονουμέ-

223 251 317 277 dorum
332 249 440 276 decreto
459 248 492 275 de
508 248 570 280 ﬁde,
585 252 612 274 et
628 247 689 274 vitae
703 245 874 273 instituenda:
890 245 1006 277 ratione,

224 297 310 328 deque
331 294 516 321 ecclesiastica
541 293 775 320 administratione
801 292 906 319 sancita
931 295 1007 323 sunt,

225 341 325 367 erudiri
352 341 460 370 debent.
484 344 512 366 ut
537 338 649 373 proinde
675 338 711 364 illi
729 337 936 365 constitutiones
959 336 1009 362 Pa-

224 390 295 411 trum
328 385 452 418 cognitas
481 388 603 416 servent,
632 391 683 410 nec
706 390 755 410 eos
780 382 877 409 iisdem
902 381 1009 407 violatis

226 430 382 465 pmnilenlia
407 430 469 456 facti
498 429 667 463 postmodum
693 431 885 461 consequatur.
910 427 1010 453 Conso.

225 482 324 509 quetur
347 483 379 502 ea
404 483 532 509 namque,
550 482 610 502 cum
639 474 749 500 admissi
767 473 899 504 criminis,
926 473 967 499 vel
984 473 1009 498 in

225 520 276 546 hac
291 527 396 554 quoque
420 520 486 552 vita,
503 520 544 546 vel
560 519 587 546 in
609 519 700 546 futura
714 523 787 546 certe
803 525 896 551 poenas
908 517 1010 552 judicio

227 564 386 591 inexorabili
402 565 554 597 expendent

227 609 340 636 ARIST.
370 619 379 635 ι
400 609 569 644 Synodornm
593 608 691 643 placita
720 607 830 634 auribus
864 607 934 642 ejus,
964 607 1010 641 qui

353 664 362 680 ι
379 656 543 682 ordinandus
565 659 616 687 est,
633 654 847 681 inculcabttntnr.
873 662 883 678 ›

267 700 317 733 Qui
335 701 486 735 'episcopus
514 701 556 727 vel
585 700 699 727 clericus
728 701 879 732 ordinatur,
909 707 969 735 quae
996 708 1011 726 a

228 746 338 781 synodis
361 747 468 773 decreta
493 751 557 773 sunt
571 746 598 772 in
615 753 696 772 anres
718 745 785 779 ejus,
808 746 843 772 ab
861 753 893 772 eo
910 746 955 780 qui
973 745 1012 779 ip-

228 798 288 817 sum
312 791 428 822 ordinat,
456 791 554 818 tradita
573 791 649 817 debet
665 790 793 824 recipere,
811 795 847 824 e‘t,
873 790 1011 818 admoneri

228 842 258 862 ea
274 836 429 862 observare.

518 879 633 908 CANON
655 879 714 906 XX.

232 935 241 951 ι
278 926 412 954 Similiter
447 927 557 962 placuit,
589 933 616 954 ut
648 927 822 954 morientium
852 926 1012 961 corporibus

266 982 276 998 ε
299 974 462 1000 eucharistia
488 981 539 1000 non
566 974 656 1000 detur.
687 974 824 1008 Scriptum
851 974 1010 1009 estlenim,

268 1027 277 1043 ι
299 1018 429 1051 Accipite,
455 1018 614 1044 manducata
638 1017 660 1033 ³⁷
689 1026 696 1044 :
730 1017 895 1044 Mortuorum
921 1021 1010 1042 autem

268 1073 277 1089 ι
303 1071 418 1097 corpora
441 1071 488 1090 nec
507 1063 629 1097 accipere
652 1059 779 1097 possunt,
792 1069 841 1089 nec
857 1062 1009 1089 comedere.

266 1118 276 1134 1
294 1109 325 1135 Et
341 1116 375 1136 ne
388 1115 447 1140 eos,
460 1108 504 1142 qui
516 1108 572 1142 jam
587 1113 652 1135 sunt
666 1108 775 1140 mortui,
793 1107 923 1141 baptizari
940 1107 1012 1134 fece-

265 1163 274 1180 ι
294 1154 553 1188 ritpresbyterorum
573 1153 734 1187 ignorantia.
752 1161 761 1177 ι

265 1198 364 1225 BALS.
391 1199 496 1226 Rursus
522 1198 567 1225 hic
590 1205 676 1224 canon
700 1198 778 1232 jubet
801 1205 853 1224 non
882 1198 1010 1231 baptizari

229 1249 363 1276 mortuos,
390 1251 441 1271 nec
463 1248 694 1271 sacramentorum
712 1243 900 1270 comtnunionc
916 1244 1011 1278 dignos

231 1292 337 1318 haberi.
369 1290 518 1317 Morientes
548 1294 637 1316 autem
665 1290 784 1324 appellat
811 1297 868 1322 eos,
895 1292 939 1324 qui
955 1289 1011 1324 jam

230 1337 327 1364 mortui
352 1341 427 1368 sunt,
452 1344 505 1364 non
522 1336 566 1370 qui
594 1336 757 1362 moribundi.
776 1335 807 1362 Hi
834 1336 904 1363 enim
926 1337 1012 1370 magis

231 1383 331 1409 debent
357 1388 514 1410 sanctorum
540 1381 729 1417 mysteriorum
750 1381 876 1408 viaticum
893 1389 1010 1415 sumere,

229 1434 256 1455 et
274 1436 380 1455 sacrum
397 1428 560 1463 baptismum
579 1428 714 1462 accipere,
740 1428 762 1455 si
779 1434 832 1454 non
850 1427 903 1454 sint
922 1428 1011 1462 bapti-

230 1474 293 1500 zali.

1058 251 1113 274 νοις
1135 243 1170 269 τὰ
1188 243 1302 275 δόξαντα
1316 245 1377 274 ταῖς
1392 243 1512 274 συνόδοις
1529 242 1594 277 περί
1609 250 1640 268 τε
1665 242 1784 273 πίστεως
1798 242 1840 268 καὶ

1060 291 1124 323 περὶ
1141 289 1187 315 τοῦ
1213 290 1270 321 πῶς
1288 289 1339 324 χρὴ
1358 289 1443 324 βιοῦν,
1458 289 1505 314 καὶ
1519 288 1553 314 τὰ
1566 287 1785 322 ἐκκλησιαστικά
1807 289 1840 313 οἱ-

1059 335 1194 368 κοδομεῖν,
1220 335 1262 361 ἵνα
1287 335 1388 366 εἰδότες
1409 336 1457 366 τὰς
1481 334 1617 366 διατάξεις
1632 333 1688 359 τῶν
1715 333 1839 368 Πατέρων

1059 381 1119 406 κατ’
1135 381 1220 412 αὐτὰς
1236 381 1344 412 ποιῶσι,
1361 381 1407 407 καὶ
1423 381 1460 415 μὴ
1480 380 1693 415 μεταμεληθῶσι
1707 378 1840 413 παρ’ἐκεί-

1060 434 1108 456 νας
1125 425 1276 456 ποιοῦντες.
1294 426 1571 460 Μεταμεληθήσονται
1586 425 1614 451 δὲ
1636 424 1810 458 εὐθυνόμενοι
1824 424 1838 457 ἣ

1061 472 1107 497 καὶ
1122 473 1151 497 ὲν
1165 473 1197 506 τῇ
1214 471 1340 509 παρούσῃ
1356 473 1423 507 ζωῇ,
1440 472 1457 507 ἢ
1474 472 1542 502 τέως
1557 471 1756 505 ἀπαραιτήτως
1775 469 1841 495 κατὰ

1060 517 1108 551 τὴν
1124 517 1285 551 μέλλουσαν.

1061 604 1171 630 ΔΡΙΣΤ.
1190 613 1199 629 ι
1219 604 1261 630 Τὰ
1283 605 1342 635 ταῖς
1364 605 1482 636 συνόδοις
1501 604 1614 636 δόξαντα
1629 605 1642 631 ὁ
1659 605 1841 638 χειροτονηοη-

1241 659 1250 676 ι
1276 651 1387 685 σόμενος
1419 650 1638 685 ὲνωτισθήσεται.
1659 659 1669 675 ι

1102 698 1132 724 'O
1146 697 1380 732 χειροτονούμενος
1398 697 1544 728 ἐπίσκοπος
1559 698 1575 732 ἢ
1592 696 1724 731 κληρικὺς
1743 695 1841 729 ὀφείλει

1061 744 1096 770 τὰ
1117 743 1265 778 δεδογμένα
1282 745 1342 775 ταῖς
1370 744 1489 774 συνόδοις
1504 744 1543 774 είς
1556 743 1642 773 ἀκοὰς
1657 742 1742 768 αὑτοῦ
1759 750 1842 776 παρα-

1061 790 1186 825 δέχεσθαι
1201 790 1275 824 παρὰ
1290 790 1336 816 τοῦ
1350 789 1567 824 χειροτονοῦντος
1579 789 1673 822 αὐτον,
1687 789 1734 815 καὶ
1749 789 1842 823 ὑπομι-

1065 835 1233 870 μνήσκεσθαι
1250 833 1336 862 ταῦτα
1352 835 1506 870 φυλάττειν.

1362 882 1483 909 ΚΑΝΩΝ
1496 883 1527 909 ις’

1065 938 1075 954 ‹
1103 928 1219 962 Ὁμοίως
1232 928 1343 962 ἤρεσεν,
1359 928 1402 955 ῐνα
1418 929 1473 959 τοῖς
1491 928 1600 962 σώμασι
1614 928 1670 954 τῶν
1697 926 1841 954 τελευτών-

1100 983 1109 999 ι
1131 982 1185 1000 των
1218 973 1378 1009 εὐχαριστία
1424 974 1461 1008 μὴ
1487 973 1562 1008 δοθῇ.
1591 973 1751 1007 Γέγραπται
1783 972 1840 1005 γὰρ,

1099 1028 1109 1046 ι
1130 1019 1250 1051 Λάϐετε,
1277 1019 1405 1054 φάγετε·
1430 1019 1464 1045 τὰ
1485 1019 1513 1045 δὲ
1527 1019 1581 1045 τῶν
1605 1020 1712 1052 νεκρῶν
1733 1018 1841 1052 σώματα

1100 1075 1109 1092 t
1133 1066 1192 1092 οὐδὲ
1214 1065 1307 1092 λαϐεῖν
1324 1065 1446 1096 δύναται,
1461 1065 1523 1091 οὐδὲ
1546 1066 1655 1098 φαγεῖν,
1673 1055 1728 1091 Καὶ
1746 1065 1790 1091 ἵνα
1807 1066 1840 1099 μὴ

1100 1122 1109 1138 ι
1131 1113 1193 1142 τοὺς
1211 1112 1262 1147 ἤδη
1282 1111 1467 1141 τελευτῶντας
1493 1110 1675 1144 βαπτισθῆναι
1700 1111 1803 1146 ποιήσῃ
1826 1111 1840 1145 ή

1100 1167 1109 1183 ι
1132 1158 1186 1184 τῶν
1204 1157 1398 1192 πρεσῦυτέρων
1415 1156 1523 1190 ἄγνοια.
1539 1165 1548 1181 ι

1097 1203 1194 1230 ΒΔΛΣ.
1222 1202 1276 1229 Καὶ
1298 1202 1375 1233 αὖθις
1402 1203 1416 1228 ὀ
1440 1201 1529 1228 κανὼν
1544 1201 1765 1236 παρακελεύεται
1786 1201 1841 1230 τοῦς

1061 1250 1175 1284 νεκροὺς
1192 1250 1259 1283 μήτε
1273 1248 1465 1282 βαπτίζεσθαι,
1483 1249 1551 1282 μήτε
1570 1247 1620 1280 τῆς
1634 1248 1690 1273 τῶν
1707 1247 1839 1281 ἁγιατμά-

1061 1303 1115 1320 των
1138 1294 1314 1328 μεταλήψεως
1334 1292 1485 1325 ἀξιοῦσθαι.
1508 1292 1702 1322 Τελευτῶντας
1726 1292 1754 1318 δὲ
1772 1292 1843 1318 καλεῖ

1061 1339 1126 1370 τοὺς
1148 1339 1197 1373 ήδη
1215 1339 1440 1373 τελευτήσαντας,
1457 1337 1518 1372 οὐχὶ
1540 1338 1603 1367 τοὺς
1614 1336 1650 1362 τὰ
1666 1336 1771 1370 ἔσχατα
1787 1338 1841 1362 πνέ-

1062 1393 1152 1415 οντας.
1164 1381 1243 1410 Οὗτοι
1258 1385 1311 1418 γὰρ
1327 1384 1426 1417 μᾶλλον
1443 1383 1633 1416 ὲφοδιάζεσθαι
1649 1382 1789 1415 ὀφείλουσι
1805 1383 1840 1407 διὰ

1062 1430 1110 1464 τῆς
1125 1428 1178 1455 τῶν
1192 1429 1277 1462 ἁγίων
1295 1428 1454 1463 μυστηρίων
1469 1427 1660 1461 μεταλήψεως,
1678 1428 1727 1453 καὶ
1741 1427 1787 1453 δια
1799 1428 1840 1452 τοῦ

1062 1475 1134 1502 θείου
1152 1475 1349 1509 βαπτίσματος,
1363 1475 1412 1500 ἐὰν
1426 1471 1493 1500 ὦσιν
1508 1474 1671 1500 ἀϐάπτιστον.

263 1519 388 1547 ZONAR.
418 1519 534 1546 Rursum
561 1519 594 1546 de
622 1519 784 1547 eucltaristia
814 1521 927 1547 mortuis
957 1528 1010 1548 non

1098 1521 1221 1548 ΖΩΝΑΡ.
1239 1521 1295 1547 Καὶ
1320 1520 1401 1546 πάλιν
1427 1519 1492 1555 περὶ
1516 1519 1565 1545 τοῦ
1588 1520 1625 1554 μὴ
1647 1519 1712 1548 τοὺς
1734 1519 1840 1553 νεκροὺς

231 1566 408 1600 impertienda
434 1565 492 1592 haec
511 1565 631 1600 synodus
645 1567 708 1599 agit.
732 1565 861 1599 Quamvis
875 1567 946 1594 enim
964 1567 1010 1594 illa

230 1613 322 1644 dictio,
350 1611 532 1643 Morientium,
559 1619 612 1638 non
633 1619 679 1639 eos
696 1613 740 1646 qui
758 1618 812 1639 vttu
831 1613 915 1640 functi
937 1617 1009 1645 sunt,

230 1658 253 1684 si
278 1657 415 1691 propriam
445 1657 504 1691 ejus
519 1657 741 1692 signiﬁcationem
767 1663 883 1692 spectes,
898 1659 944 1686 sed
965 1658 1011 1692 qui

228 1703 283 1736 jam
301 1703 466 1733 moriuntur,
484 1702 637 1737 signiﬁcet;
661 1706 752 1729 tamen
775 1711 835 1737 qua:
850 1709 1010 1737 sequuntur,

230 1748 263 1774 de
288 1747 401 1774 mortuis
427 1755 579 1774 sermonem
603 1755 664 1774 esse
682 1747 748 1774 satis
763 1753 856 1782 aperte
878 1748 1010 1780 indicant,

229 1793 293 1828 quia
307 1793 396 1827 inquit
405 1799 572 1820 mortuorum
584 1801 695 1828 corpora
708 1801 757 1820 nec
766 1793 888 1829 accipere
902 1801 1013 1828 possunt

231 1845 280 1864 nec
305 1838 458 1865 comedere.
484 1838 534 1870 Qui
549 1846 613 1865 vero
628 1840 716 1867 adhuc
732 1841 802 1867 inter
826 1841 902 1867 vivos
917 1846 1012 1875 agunt,

230 1883 354 1917 quamvis
381 1884 551 1911 conclamata
577 1885 663 1912 salute
688 1886 802 1920 exiguus
826 1887 1012 1915 deﬁcientibus

231 1929 344 1963 spiritus
361 1929 542 1963 relinquatur,
561 1937 717 1958 sanctorum
733 1933 922 1967 mysteriorum
936 1941 1013 1960 com-

230 1976 357 2002 munione
374 1983 428 2002 non
458 1981 520 2003 sunt
535 1977 667 2011 privandi.
682 1977 751 2010 Quin
767 1978 928 2012 baptismum
942 1985 1012 2012 quo-

229 2028 282 2055 que
312 2022 425 2048 mortuis
455 2029 488 2048 ex
512 2023 681 2049 sacerdotum
702 2023 834 2056 imperitia
860 2023 904 2050 hic
926 2030 1011 2050 canon

232 2067 346 2093 conlerri
363 2072 445 2094 velat.
461 2067 509 2094 Ubi
524 2068 604 2094 etiam
617 2068 738 2099 verbum,
748 2067 902 2098 Morientes,
918 2069 1012 2095 eodem

179 2106 190 2111 ’
232 2112 321 2143 modo,
347 2120 402 2146 quo
421 2112 557 2143 diximus,
577 2112 687 2145 intelligi
714 2117 828 2145 oportet.
850 2112 916 2138 Dum
940 2114 1012 2139 enim

232 2158 317 2190 spirat
343 2158 412 2192 quis,
439 2157 546 2183 divinus
565 2157 715 2191 baptisntns
738 2157 761 2183 ei
783 2157 901 2184 conferri
922 2157 1011 2184 debet.

232 2202 344 2229 AltlST.
363 2212 372 2228 ι
400 2202 512 2237 Corpori
536 2203 591 2229 vita
625 2202 745 2229 defuncti
769 2202 933 2229 eucltaristia
960 2211 1013 2230 non

273 2258 281 2273 ι
310 2248 391 2275 datur
415 2257 424 2275 :
450 2257 501 2276 non
529 2249 601 2276 enim
624 2248 680 2275 edit
695 2249 736 2275 vel
758 2248 836 2276 bibit.
860 2248 1013 2282 Ignorantia

272 2303 281 2320 ι
298 2295 380 2320 etiam
396 2295 544 2329 presbyteri
564 2302 617 2320 non
633 2294 779 2327 baptizabit
792 2300 935 2322 mortumu.
953 2304 962 2320 ι

269 2340 383 2366 Domino
407 2339 523 2372 dicente,
548 2340 673 2374 Accipite,
698 2341 777 2371 edite,
801 2341 935 2375 quomodo
956 2341 1016 2375 quis

234 2391 341 2413 mortuo
364 2386 397 2412 de
420 2393 533 2420 corpore
556 2386 647 2413 divino
673 2387 781 2413 tradat?
798 2391 919 2414 tuortuus
943 2388 1014 2414 enim

233 2440 281 2459 nec
298 2432 420 2466 accipere
444 2436 541 2466 potest,
567 2439 616 2458 nec
639 2433 730 2459 cdere.
757 2432 809 2459 Sed
834 2441 883 2460 nec
898 2433 1013 2467 baptizet

233 2479 366 2512 quispiam
382 2479 435 2505 vita
457 2477 587 2505 functum.
613 2478 832 2514 Presliytcrorum
846 2480 916 2505 enim
933 2479 1015 2513 igno—

235 2523 323 2549 rantia
350 2524 463 2550 mortuis
490 2531 542 2550 non
570 2524 622 2550 erit
644 2524 809 2558 adiumento.
837 2528 865 2550 ut
889 2523 1015 2558 baptizati

235 2573 434 2603 rcputarentur.

522 2624 636 2652 CANON
656 2623 725 2651 ΧΧΙ.

233 2677 242 2693 ι
260 2668 292 2694 Ει
309 2667 369 2694 ἰός-ο
387 2665 414 2692 in
432 2665 484 2691 hac
499 2671 592 2691 smcta
609 2664 714 2700 synodo
732 2663 952 2691 conﬁrmandum
971 2667 1023 2693 est.

272 2725 281 2741 ι
300 2714 492 2741 utsecundum
522 2712 622 2739 Niczcni
635 2711 743 2739 concilii
771 2711 892 2740 decreta,
914 2715 1026 2746 propter

270 2771 278 2786 ι
295 2769 392 2788 causas
409 2760 619 2791 ecclesiasticus,
641 2767 701 2794 quae
717 2766 787 2792 saspc
802 2758 835 2784 ad
855 2758 945 2791 populi
964 2765 1024 2791 pcr-

269 2817 277 2832 ι
294 2808 389 2834 [ιὶιςίειη
402 2807 590 2841 autiquuntur,
606 2807 722 2840 singulis
735 2806 815 2832 annis
834 2806 878 2831 iiut
891 2805 1022 2838 synodus,

268 2863 288 2879 ¹⁷
301 2863 396 2891 Matth.
416 2873 487 2898 χχιιι,
505 2865 550 2892 ‘20.

1063 1568 1111 1602 τῆς
1134 1567 1188 1594 τῶν
1210 1566 1290 1593 θείων
1318 1566 1476 1600 μυστηρίων
1501 1565 1681 1599 μεταλήψεως
1704 1565 1797 1597 dio-3v
1826 1566 1839 1598 ἡ

1064 1613 1173 1644 σύνοδος
1188 1612 1354 1646 διαλέγεται.
1370 1612 1402 1637 Ei
1419 1611 1473 1645 γὰρ
1488 1611 1534 1636 καὶ
1551 1611 1567 1645 ή
1584 1609 1656 1642 λέξις
1679 1610 1734 1637 τῶν
1752 1611 1841 1636 τελευ-

1063 1659 1173 1686 τώντων
1198 1658 1261 1690 τοὺς
1291 1659 1375 1692 μήπω
1406 1657 1537 1688 θανόντας
1564 1657 1694 1692 ἐμφαίνει
1723 1658 1794 1684 κατὰ
1817 1657 1842 1682 τδ

1064 1705 1188 1740 ἀκριϐὲς,
1203 1705 1265 1736 τοὺς
1289 1704 1316 1730 δὲ
1331 1704 1371 1730 ἔτι
1388 1704 1566 1736 θνήσκοντας,
1581 1703 1649 1730 ἀλλὰ
1669 1702 1706 1728 τὰ
1722 1703 1786 1736 ἑξῆς
1803 1711 1843 1728 σα-

1064 1751 1122 1786 φῶς
1135 1750 1261 1784 δηλοῦσιν
1283 1750 1324 1776 ὅτι
1343 1749 1409 1783 περὶ
1422 1749 1558 1775 θανόντων
1572 1749 1622 1783 ήδη
1638 1749 1651 1774 ὁ
1668 1748 1748 1781 λόγος
1775 1748 1841 1778 ἐστὶ,

1063 1798 1093 1824 τὸ
1107 1798 1195 1823 εἰπεῖν
1215 1797 1338 1830 δηλονότι
1350 1796 1390 1822 ὅτι
1403 1795 1437 1822 τὰ
1450 1795 1504 1821 τῶν
1525 1795 1629 1828 νεκρῶν
1644 1793 1759 1828 σώματα
1787 1793 1842 1819 οὔτε

1064 1842 1158 1869 λαΰεῖν
1184 1842 1295 1868 δύναται
1309 1840 1385 1867 ὀὒτε
1402 1842 1511 1874 φαγεῖν.
1532 1832 1602 1871 Τοὺς
1617 1839 1646 1865 δὲ
1664 1839 1705 1865 ἔτι
1733 1839 1842 1870 ζῶντας,

1063 1888 1117 1915 κᾶν
1140 1888 1314 1921 ἀπέγνωσται
1331 1886 1431 1916 αὐτοὺς
1452 1887 1468 1920 ή
1494 1885 1562 1921 ζωὴ,
1585 1884 1636 1911 κᾶν
1664 1884 1735 1919 μετὰ
1759 1883 1841 1918 βραχὺ

1066 1934 1199 1970 μέλλωσιν
1212 1934 1333 1964 ἐκπνεῖν,
1347 1932 1401 1958 τῶν
1416 1931 1502 1966 ἁγίων
1521 1930 1680 1965 μυστηρίων
1708 1929 1842 1962 ἀξιοῦσθαι

1064 1980 1164 2015 χρεών.
1187 1979 1268 2005 Ἀλλὰ
1292 1979 1359 2013 μηδὲ
1381 1977 1560 2012 βαπτίζεσθαι
1582 1977 1646 2007 τοὺς
1660 1977 1776 2011 νεκροὺς
1802 1974 1843 2001 καὶ

1063 2023 1141 2056 οὗτος
1156 2026 1169 2051 ό
1184 2025 1273 2051 κανὼν
1299 2023 1473 2050 διατάττεται
1488 2023 1517 2055 ἐξ
1532 2022 1643 2056 ἀγνοίας
1658 2021 1714 2047 τῶν
1730 2021 1843 2055 πρεσὸυ-

1064 2071 1161 2106 τέρων.
1191 2069 1335 2096 Κάνταῦθα
1358 2069 1386 2095 δὲ
1415 2070 1464 2103 τὴν
1492 2069 1565 2100 λέξιν
1586 2067 1639 2093 τῶν
1660 2067 1842 2093 τελευτώντων

1065 2116 1152 2147 οὕτως
1171 2116 1290 2150 νοητέον,
1307 2115 1345 2146 ὡς
1360 2114 1410 2149 ήδη
1435 2114 1554 2149 εἴρηται.
1574 2114 1644 2144 Ἕως
1671 2114 1725 2148 γὰρ
1748 2112 1780 2139 ἂν
1805 2114 1844 2145 ἐμ-

1066 2162 1136 2197 πνέῃ
1150 2170 1202 2194 τις,
1219 2162 1266 2187 τοῦ
1285 2161 1357 2186 θείου
1377 2160 1567 2194 βαπτίσματος
1582 2158 1775 2193 ἀξιωθήσεται.

1065 2208 1174 2234 ΔΡΙΣΤ.
1194 2216 1203 2232 ι
1218 2207 1262 2242 Τῷ
1273 2206 1319 2233 τοῦ
1330 2206 1554 2240 τετελευτηκότος
1568 2204 1675 2238 σώματι
1691 2204 1844 2239 εὐχαριστία

1105 2263 1114 2279 ε
1138 2253 1284 2287 οὐιδίδοται
1297 2260 1305 2268 ·
1324 2251 1354 2278 οὐ
1370 2251 1423 2286 γὰρ
1438 2251 1534 2281 ἐσθίει,
1551 2251 1566 2285 ἦ
1583 2250 1655 2276 πίνει
1669 2257 1676 2264 ⁸
1696 2250 1744 2276 καὶ
1755 2249 1845 2282 ἄγνοια.

1104 2309 1112 2325 ι
1135 2298 1322 2334 πρεσϐυτέρου
1343 2297 1373 2323 οὑ
1399 2296 1524 2331 βαπτίσει
1540 2296 1587 2321 τὸν
1609 2294 1818 2328 τελευτήσαντα.
1835 2302 1842 2317 ι

1102 2345 1155 2371 Τοῦ
1184 2343 1287 2378 Κυρίου
1316 2341 1450 2373 εἰπόντος,
1468 2340 1589 2371 Λάϐετε,
1608 2339 1727 2374 φάγετε,
1745 2339 1803 2368 πῶς
1817 2339 1844 2363 ἄν

1066 2398 1108 2421 τις
1121 2388 1160 2424 τῷ
1180 2387 1372 2420 τελευτήσαντι
1386 2384 1433 2411 τοῦ
1451 2385 1523 2410 θείου
1539 2383 1664 2417 σώματος
1679 2383 1843 2418 μεταδώσειι

1067 2435 1130 2462 οὕτε
1157 2434 1211 2468 γὰρ
1240 2433 1333 2459 λαϐεῖν
1357 2431 1418 2458 οὒτε
1446 2431 1544 2465 φαγεῖν
1565 2431 1579 2456 ὁ
1604 2430 1701 2464 νεκρὸς
1727 2429 1843 2455 δύναται.

1075 2481 1144 2507 Ἀλλ’
1159 2479 1219 2506 οὐδὲ
1237 2478 1364 2512 βαπτίσει
1380 2485 1422 2508 τις
1440 2477 1486 2502 τὸν
1513 2475 1726 2509 τελευτήσαντα.
1751 2474 1780 2500 ἹΙ
1799 2474 1844 2506 γὰρ

1069 2526 1123 2552 τῶν
1137 2523 1332 2559 πρεσϐυτέρων
1347 2522 1442 2555 ἄγνοια
1456 2521 1506 2547 οὐκ
1521 2520 1658 2554 ὠφελήσει
1676 2520 1739 2551 τοὺς
1760 2518 1846 2544 τελευ-

1069 2572 1218 2605 τήσαντας,
1234 2568 1304 2595 ὥστε
1322 2567 1558 2602 βεϐαπτισμένους
1575 2565 1740 2598 λογίζεσθαι.

1355 2611 1476 2638 ΚΔΝΩΝ
1498 2610 1565 2638 KA'.

1072 2673 1081 2690 ι
1104 2666 1149 2690 Διὺ
1166 2660 1328 2697 βεόαιωτέον
1356 2659 1430 2685 ὲστίν
1454 2658 1483 2683 ὲν
1508 2656 1594 2690 ταύτῃ
1609 2656 1642 2688 τῇ
1659 2655 1725 2690 ἁγίᾳ
1741 2653 1845 2686 συνόδῳ.

1107 2719 1117 2736 ‹
1140 2708 1210 2735 ὥστε
1237 2707 1308 2734 κατᾶ
1332 2705 1395 2735 τοὺς
1414 2705 1443 2729 ὲν
1469 2702 1572 2736 Nini;
1588 2703 1667 2736 ξρους
1686 2701 1731 2727 διὰ
1747 2700 1792 2729 τὰς
1807 2700 1848 2724 ικ-

1110 2766 1119 2782 t
1142 2753 1339 2789 κλησιαστικὰς
1369 2751 1469 2781 αἰτίας,
1500 2749 1600 2778 αἵτινες
1625 2747 1756 2777 πολλάκις
1783 2745 1846 2778 πρὸς

1110 2811 1119 2826 ι
1143 2801 1253 2828 ὀλεθρον
1276 2798 1323 2825 τοῦ
1349 2796 1413 2823 λαοῦ
1438 2794 1628 2825 παλαιοῦνται,
1654 2793 1717 2820 καθ’
1740 2793 1848 2820 ’ἑκασττν
