1862 3081
28 135 68 166 12)
541 130 581 160 IN
603 129 685 159 CAN.
707 130 788 157 xxx
803 129 906 158 ωλι),
926 129 1114 158 caurum.

1589 130 1639 162 130

26 199 75 222 ποις
101 189 314 225 βουλεύσασθαι,
343 186 403 213 τότε
433 186 485 221 χρὴ
511 186 558 213 τδν
573 186 724 212 ἐπίσκοπον
750 183 803 210 κᾶν

896 184 943 216 idi,
971 184 1126 211 facultatem
1165 184 1281 218 adiuuat;
1311 189 1373 212 tunc
1410 186 1503 224 Suilem
1537 187 1638 215 vicinos

24 237 76 266 τοῦς
98 236 226 270 γείτονας
256 233 422 264 ἐπισκόπους
448 233 488 264 εἰς
516 231 671 267 μαρτυρίαν
692 229 804 271 καλέσαι

24 283 64 315 τῆς
76 291 102 308 τε
121 280 256 316 ὀξύτητος
270 281 320 315 τῆς
337 279 469 314 ἀνάγκης,
484 279 530 305 καὶ
549 277 746 313 περιστάσεως,
758 276 806 302 καὶ

23 329 183 362 ὶχποιήσεως
199 327 246 354 τοῦ
266 327 439 361 πράγματος.
452 326 482 351 Εἰ
499 325 528 351 δὲ
545 324 583 360 μὴ
600 323 671 350 οὕτω
685 323 804 358 ποιήσει,

25 374 162 406 ὑπεύθυνος
176 374 258 400 ἔσται
271 372 309 408 τῷ
321 371 390 406 Θεῷ,
415 372 538 398 τουτέστι
554 370 601 397 καὶ
614 369 652 404 τῷ
664 369 723 403 Θεῷ
740 368 804 402 ὑφέ-

25 422 57 454 ξει
71 420 176 453 λόγους,
206 419 257 446 καὶ
273 418 325 445 ὑπὸ
351 419 402 452 τῆς
429 417 539 443 συνόδου
556 414 804 449 ἀλλοτριωθήσεται

24 465 66 498 τῆς
77 465 182 496 οἰκείας
208 465 304 499 τιμῆς,
330 464 390 498 ἤτοι
415 463 464 498 τῆς
488 460 696 496 ἀρχιερατικῆς.
721 458 805 484 Καὶὸ

25 512 100 545 μέγας
113 511 142 537 δὲ
166 510 302 546 Κύριλλος
317 510 345 536 ἐν
360 510 393 544 τῇ
411 508 477 543 πρὸς
492 507 596 542 Δόμνον
611 505 738 540 ἐπιστολῇ
755 503 804 530 αὺ-

24 558 61 584 τοῦ
76 566 139 592 φησι
148 566 154 571 ·
171 557 316 590 Κειμήλια
326 557 372 582 καὶ
383 556 494 590 κτήσεις
504 554 650 587 ἀκινήτους
658 552 806 586 ἀνεκποίη·

25 612 51 629 τι
66 604 122 633 ταῖς
140 601 307 636 ἐκκλησίαις
327 600 462 632 σώζεσθαι
487 599 551 635 χρή.
575 598 727 631 Ἀνάγνωοι
757 597 804 623 καὶ

24 648 61 673 15w
78 648 108 682 ιβ’
129 648 235 674 κανόνα
253 647 302 682 τῆς
317 644 509 680 οίκουμενικῆς
523 644 544 676 ζ’
561 643 682 670 συνόδου.

24 738 123 763 ΑΡΙΣΤ.
142 738 295 771 «Ἀπρατα
310 738 342 762 τὰ
354 734 568 771 ἐκκληςιαστικὰ
589 733 753 768 πράγματα.
773 732 804 758 El

60 793 67 809 ι
83 784 111 809 δὲ
127 783 166 818 μὴ
194 782 329 818 πρόσοδον
348 782 403 816 ἔχει
416 802 424 814 ,
444 781 541 816 γνώμῃ
560 780 614 806 τῶν
647 778 805 805 ἐπισκόπων

56 829 280 864 ιπιπράσκεται.
309 829 340 854 Ei
364 828 393 854 δέ
426 828 442 862 ἡ
462 827 569 860 ἀνάγκη
596 824 646 858 οὐχ
671 822 804 857 ὑπομένει

56 874 300 910 ιβουλεύσασθαι,
335 873 398 904 τοὺς
439 872 561 906 γείτονας
592 871 606 896 ὁ
637 868 804 903 πιπράσκων

55 931 64 947 ι
81 920 244 954 συγκαλέσει
255 928 263 934 ·
290 921 314 946 εἰ
331 919 352 946 δ’
367 919 415 953 οὐχ
442 918 524 949 οὕτω,
548 916 607 951 Θεῷ
624 915 673 941 καὶ
689 916 723 950 τῇ
740 922 804 940 συν-

55 975 64 992 r
80 967 129 1001 όδῳ
147 966 312 997 ὑπεύθυνος.
335 974 344 991 ν

52 1012 104 1038 Οὐκ
126 1012 288 1046 ὀφείλουσιν
302 1011 325 1037 οι
343 1010 488 1036 ἐπίσκοποι
505 1008 539 1034 τὰ
568 1007 623 1033 τῶν
650 1006 805 1042 ἐκκλησιῶν

24 1057 180 1083 ἐκποιεῖσθαι
193 1057 349 1091 πράγματα
360 1063 366 1070 ·
383 1055 457 1081 θείου
468 1055 521 1090 γάρ
530 1054 582 1080 εἰσι
594 1052 680 1079 ταῦτα
688 1052 804 1084 δικαίου,

23 1103 63 1128 καὶ
73 1103 114 1129 διὰ
129 1102 211 1129 τοῦτο
223 1102 346 1137 ἄπρατα.
359 1101 390 1127 Ei
402 1100 430 1126 δέ
442 1109 483 1131 τις
507 1099 599 1133 κτῆμα
619 1098 688 1133 ἔχων
703 1098 807 1132 ἀπρόσ-

25 1149 85 1180 οἰον,
100 1150 146 1175 arat
160 1148 212 1184 τὴν
230 1147 381 1181 ἐκκλησίαν
396 1146 477 1173 αὑτοῦ
488 1145 676 1181 βαρυνομένην
685 1145 803 1179 χρέεσιν,

22 1194 36 1227 ἢ
50 1195 240 1228 περιστάσεσιν
251 1193 346 1224 ἄλλαις
360 1192 537 1226 πιεζομένην,
552 1191 598 1217 καὶ
613 1190 731 1226 βουληθῇ
743 1189 806 1216 τοῦ-

22 1249 48 1266 to
56 1241 215 1276 διαπράσαι,
232 1240 305 1267 ὥστε
319 1240 369 1274 τὴν
384 1239 467 1275 τιμὴν
483 1237 566 1264 αὑτοῦ
582 1235 748 1264 καταϐαλεῖν
764 1237 805 1267 εἰς

23 1287 169 1322 ἀπὸφλησιν
193 1286 252 1313 τῶν
267 1286 367 1320 χρεῶν,
391 1284 407 1319 ἢ
425 1285 465 1316 είς
478 1283 562 1313 ἄλλας
587 1282 663 1313 τινὰς
679 1290 807 1308 κατεπει-

24 1333 115 1366 γούσας
127 1333 252 1366 ἀνάγκας
266 1339 274 1347 ·
292 1331 330 1366 μὴ
341 1330 421 1357 τοῦτο
438 1329 581 1356 πωλείσθω
600 1328 665 1355 ἄνευ
693 1327 807 1362 γνώμης

23 1377 63 1403 τηῦ
75 1377 280 1412 μητροπολίτου
293 1376 342 1410 τῆς
370 1375 454 1410 αὐτῆς
471 1374 604 1410 ἐπαρχίας
620 1373 668 1400 καὶ
681 1374 733 1399 τῶν
747 1381 807 1399 συν-

24 1425 174 1450 επισκοπων
188 1422 286 1450 αὑτοῦ.
303 1422 334 1448 Ei
344 1422 367 1448 δ’
379 1422 430 1448 οὐκ
443 1422 499 1456 ἔχει
516 1420 612 1455 καιρὸν
628 1420 671 1447 διὰ
686 1420 734 1454 τὴν
748 1420 808 1445 επι-

23 1470 147 1504 ιειμένην
163 1468 240 1503 αὐτῷ
262 1469 396 1502 ἀνάγκην,
412 1467 518 1498 τούτοις
534 1467 598 1501 περὶ
623 1465 668 1492 τοῦ
690 1464 809 1500 ἀπροσὸ-

23 1514 62 1540 δου
74 1515 205 1549 ἀκινήτου
231 1512 442 1549 βουλεύσασθαι,
459 1513 497 1544 ὡς
513 1511 604 1546 μέλλει
620 1511 701 1538 τοῦτο
713 1510 807 1545 πωλῆ-

896 1507 975 1534 bentc
997 1508 1152 1535 consultare
1164 1528 1171 1540 ,
1183 1510 1319 1543 quomodo
1340 1510 1405 1538 illud
1421 1512 1580 1539 venditurus
1594 1514 1640 1544 sit.
1670 1517 1676 1523 ‘
1700 1507 1704 1510 ”

25 1568 82 1585 σπι·
97 1561 148 1586 κᾶν
161 1560 230 1590 τοὺς
243 1558 367 1593 γείτονας
388 1558 560 1591 συγκαλείτω
585 1558 624 1588 είς
642 1556 807 1591 μαρτυρίαν,

25 1606 62 1631 ἵνα
71 1607 119 1637 τὰς
127 1605 324 1639 ὲπισυμὸἀσας
333 1606 366 1639 τῇ
379 1604 514 1639 ἐκκλησίᾳ
524 1603 606 1629 αὑτοῦ
621 1602 807 1637 περιστάσεις,

24 1650 54 1676 δι’
69 1651 101 1682 ἃς
113 1651 143 1677 τδ
162 1650 287 1677 τοιοῦτον
310 1650 396 1677 πωλεῖ
424 1649 564 1684 ἀκίνητον,
593 1646 807 1682 ἐπιγινώσκωσι,

26 1696 67 1722 καὶ
82 1697 115 1731 τῇ
129 1696 233 1730 συνόδῳ
245 1695 333 1722 ταῦτα
359 1695 408 1721 καὶ
427 1695 575 1729 μετέπειτα
596 1694 807 1729 παραστήσωσι.

25 1742 52 1768 Εἰ
67 1743 95 1768 δὲ
111 1743 140 1767 οὐ
154 1742 243 1768 ταῦτα
259 1741 383 1776 φυλάξει,
399 1741 457 1768 ἀλλ’
476 1740 645 1771 αὑτοὸού>.ως
667 1740 809 1774 ποιήσεται

23 1788 68 1821 τὴν
82 1788 230 1821 διάπρασιν
244 1795 251 1802 ν
281 1787 329 1814 καὶ
351 1786 403 1821 mir
419 1787 480 1821 Θεῷ
496 1789 542 1812 καί
553 1787 586 1821 τῇ
618 1785 718 1820 συνόδῳ
733 1785 809 1812 ἔσται

25 1832 181 1864 ὑπεύθυνος,
196 1833 245 1860 καὶ
260 1832 402 1866 ἀλλότριος
418 1832 467 1866 τῆς
484 1832 578 1866 τιμῆς.

330 1876 449 1904 ΚΑΝΩΝ
463 1876 503 1903 Λ’.

28 1934 37 1949 ι
58 1923 172 1959 Ὁμοίως
188 1922 353 1957 ἐῦεὸαιώθη,
375 1923 427 1955 ἵνα,
445 1922 491 1948 ἐάν
516 1930 582 1948 ποτε
601 1921 808 1957 πρεσϐύτεροιῆ

61 1980 71 1996 ι
89 1970 207 1996 διάκονοι
218 1969 266 2006 ἐπί
275 1977 327 1995 τινι
344 1968 487 2003 βαρυτέρῳ
497 1967 650 2002 ἐγκλήματι
660 1966 809 2001 ἐλεγχθῶσι

60 2025 72 2040 ι
91 2016 128 2050 τῷ
141 2015 302 2049 ἀναγκαίως
318 2014 415 2045 αὐτοὺς
441 2013 491 2048 τῆς
518 2013 688 2047 λειτουργίας
713 2014 810 2040 ἀποκι-

62 2069 74 2086 α
88 2060 187 2092 νοῦντι,
201 2061 241 2095 μὴ
258 2059 431 2085 ἐπιτίθεσθαι
458 2059 551 2090 αὐτοῖς
567 2059 662 2094 χεῖρας
678 2059 715 2089 ὡς
728 2066 808 2092 μεται-

64 2115 74 2132 ι
92 2107 207 2138 νοοῦσιν,
225 2106 243 2141 ἢ
260 2105 298 2136 ὡς
321 2105 426 2135 πιστοῖς
443 2104 546 2135 λαῖκοίς
572 2103 640 2137 μηδὲ
665 2103 810 2137 ἐπιτρέπε-

60 2161 70 2175 ι
87 2152 148 2179 σθαι
163 2152 267 2183 αὑτοῖς,
292 2149 363 2177 ὥστε
383 2148 657 2182 ἀναὸαπτιζομένοις,
681 2148 748 2183 πρὸς
762 2148 809 2174 τὸν

61 2208 71 2224 ι
86 2198 132 2225 τοῦ
148 2198 252 2233 κλήρου
269 2196 373 2231 βαθμὸν
388 2195 562 2230 προκόπτειν.
583 2202 593 2220 ι

59 2244 155 2271 ΒΑΔΣ.
174 2243 254 2274 Τινὲς
272 2241 326 2268 τῶν
354 2240 401 2267 τοῦ
434 2239 567 2275 βήματος,
598 2239 809 2274 καθαιρεθέντες

26 2290 66 2316 διά
79 2298 139 2315 τινα
151 2286 347 2322 ἐγκληματικὰ
360 2287 522 2320 αἰτιάματα,
537 2284 644 2320 ἧοελον,
657 2285 808 2317 ὡς’ἑοικεν,

26 2335 200 2368 ἀναγνώστας
226 2332 360 2368 ταχθῆναι
387 2331 403 2367 ἢ
423 2332 463 2361 εἰς
488 2331 601 2365 ἑτέρους
618 2329 741 2364 βαθμοὺς
758 2330 811 2362 ἕξω

28 2381 69 2407 τ’ιῦ
84 2380 208 2415 βήματος
228 2377 309 2409 ὂντας
319 2385 326 2391 ·
342 2377 390 2403 καὶ
399 2376 502 2410 ἔλεγον,
511 2376 558 2407 ὡς,
571 2375 649 2401 Ἐπεὶ
667 2375 812 2410 μετανοοῦ-

30 2435 75 2459 μεν
91 2427 138 2453 καὶ
152 2427 192 2455 είς
205 2425 290 2451 τόπον
308 2423 517 2457 κατηντήσαμεν
539 2421 651 2454 λαῖκῶν,
668 2421 811 2456 ὀφείλομεν

29 2473 74 2497 κᾶν
86 2472 126 2502 εὶς
138 2470 262 2504 βαθμοὺς
276 2469 413 2499 τοιούτους
423 2468 601 2502 προκόπτειν,
627 2468 667 2498 εἰς
681 2467 755 2498 οἴους
766 2467 812 2493 καὶ

29 2518 50 2542 οἱ
63 2517 152 2543 λαῐκοὶ
182 2515 382 2550 προκόπτουσι.
398 2513 484 2540 Τοῦτο
500 2513 546 2539 οὖν
562 2513 599 2548 μὴ
620 2512 762 2547 δεξάμενοι
787 2513 811 2538 oi

29 2564 154 2598 Πατέρες,
183 2561 292 2597 ὥρισαν
315 2561 372 2591 τοῖς
385 2560 570 2594 καθαιρεοεῖσι
587 2559 625 2593 μὴ
642 2558 811 2585 ἐπιτίθεσθαι

30 2609 99 2642 παρὰ
113 2609 168 2634 τῶν
183 2606 338 2643 ἀρχιερέων
359 2607 451 2640 χεῖρας
463 2604 543 2639 χάριν
564 2603 732 2637 οἱασδήτινος
749 2603 776 2628 κ)
783 2611 814 2636 η·

31 2654 131 2687 ρώπως
142 2662 150 2669 ·
168 2653 220 2680 κᾶν
234 2651 397 2688 μετανοῶσι,
407 2651 452 2677 καὶ
463 2651 499 2681 ὡς
514 2649 604 2675 πιστοὶ
616 2649 706 2674 λαῖκοὶ
717 2648 814 2683 δέχων-

30 2708 77 2726 ται.
97 2699 176 2726 Ἐπεὶ
193 2698 224 2724 δὲ
249 2697 341 2729 ἔλεγόν
355 2704 427 2727 τινες
450 2695 487 2726 ὡς
503 2694 534 2721 τὺ
559 2694 702 2729 βάπτισμα
728 2693 812 2728 ῥύπον

30 2747 111 2773 πάντα
126 2744 274 2775 ἑκπλὺνει,
291 2743 338 2769 καὶ
357 2742 470 2776 ἐζήτουν
481 2742 514 2767 ἐκ
524 2740 652 2775 δευτέρου
663 2739 812 2774 βαπτισθῆ-

31 2793 166 2825 ναι,ὢστε
194 2789 402 2824 ἀποπλυνθῆναι
429 2788 498 2822 τάχα
525 2788 575 2822 τὴν
608 2787 813 2821 enimtestth

31 2839 206 2869 ἀκαθαρσίαν,
224 2837 258 2863 δι’
276 2836 308 2869 ἣν
334 2835 535 2868 καθῃρέθησαν,
559 2834 604 2860 καὶ
621 2833 690 2860 οὕτω
707 2833 812 2868 κληρω-

857 229 997 264 episropos
1017 235 1045 256 et
1064 237 1165 264 magnae
1183 230 1361 263 necessitatis,
1385 236 1411 258 et
1424 232 1522 266 negotii
1545 233 1638 265 totius,

856 280 883 302 et
896 274 932 302 rei
946 275 1114 302 alienationis
1132 275 1165 301 ab
1180 276 1305 309 episcopo
1317 280 1398 304 testes
1418 277 1539 305 adhiberi
1555 286 1637 312 opor-

858 324 902 346 tet.
930 319 1006 352 Quod
1039 320 1061 346 si
1089 320 1179 347 facere
1199 321 1366 354 neglexerit,
1398 326 1425 348 et
1445 322 1499 350 Deo
1524 324 1638 350 eritob-

856 367 962 399 noxius,
991 367 1040 393 hoc
1061 370 1117 399 est,
1136 371 1163 392 et.
1176 366 1237 393 facti
1258 368 1389 394 rationem
1412 368 1467 395 Deo
1481 376 1638 403 reposcentc

857 410 960 442 reddet,
977 414 1004 436 et
1018 418 1031 436 ιι
1047 411 1156 445 synodo,
1172 411 1282 446 proprio
1296 412 1397 439 honore
1409 433 1417 445 ,
1440 413 1490 440 hoc
1509 419 1549 441 est
1563 422 1638 442 s'nn-

856 455 891 481 mi
919 456 1063 482 sacerdotii
1091 457 1219 489 dignitate
1245 458 1405 491 privabitur.
1432 459 1545 493 Magnus
1574 469 1639 487 vero

855 500 971 535 Cyrilius
996 502 1021 528 in
1038 502 1150 535 epistola
1176 503 1208 529 ad
1230 503 1361 530 Damnum
1387 505 1443 532 haec
1460 506 1554 532 habel:
1570 506 1638 533 Vasa

856 547 984 582 pretiosa,
999 547 1094 582 inquit,
1121 556 1152 575 ac
1174 550 1359 583 possessiones
1375 551 1527 578 immobiles
1550 552 1639 579 salvas

857 597 937 627 atque
957 593 1104 620 incolumes
1118 594 1240 620 ecclesiis
1265 597 1421 622 conservari
1438 602 1554 630 oportet.
1569 597 1638 632 Lege

855 643 984 671 praeterea
1022 640 1196 666 meumcnica:
1229 641 1350 675 septima:
1375 639 1470 677 synodi
1507 650 1637 670 canonem

856 683 1052 711 duodecimum.

856 728 969 756 ARIST.
991 739 1000 755 ι
1016 730 1088 757 Bona
1115 730 1296 759 ecclesiastica
1321 741 1373 760 non
1397 739 1460 761 sunt
1486 735 1637 763 vendenda.

896 783 905 800 ι
926 774 953 801 Si
968 783 1032 802 vero
1047 776 1148 803 reditus
1165 785 1216 803 non
1232 777 1363 810 habeant,
1387 779 1518 806 sententia
1531 780 1637 814 episco-

853 816 855 818 ’
897 829 906 845 ι
926 827 1020 855 porum
1040 823 1200 848 vendantur.
1220 823 1247 849 Si
1275 831 1339 850 vero
1356 826 1503 852 necessitas
1519 833 1572 852 non
1598 825 1638 852 ie-

895 875 902 891 ι
925 870 965 892 ret
987 870 1016 893 ut
1038 867 1206 899 consulatur,
1226 868 1270 902 qui
1287 871 1390 902 _vendit
1406 870 1509 896 vicinos
1523 871 1638 898 vocabit.

894 920 903 937 ‹
923 912 970 938 Sin
996 913 1032 939 ita
1057 920 1109 940 non
1126 913 1229 946 iecerit,
1252 915 1305 942 Deo
1327 921 1354 942 et
1380 916 1482 950 synodo
1511 924 1575 944 reus
1601 921 1640 943 te-

896 966 905 982 r
924 962 1013 984 nelur.
1027 967 1036 983 ι

892 1001 1017 1036 Episcopi
1034 1010 1087 1030 non
1101 1004 1198 1031 debent
1220 1004 1406 1033 ecclesiastica
1421 1005 1490 1034 bona
1507 1007 1638 1040 alienare,

857 1047 899 1072 illa
915 1047 986 1074 enim
1000 1047 1084 1074 divini
1106 1053 1168 1074 sunt
1181 1048 1261 1082 juris,
1279 1054 1360 1083 atque
1376 1050 1437 1078 ideo
1453 1058 1505 1078 non
1522 1051 1637 1079 venalia.

858 1090 885 1118 Si
901 1091 960 1125 quis
981 1097 1068 1119 autem
1094 1094 1292 1127 possessionem
1326 1095 1423 1122 habeat
1453 1095 1555 1123 reditus
1583 1104 1638 1124 non

856 1138 1047 1173 proierentem,
1065 1145 1092 1166 et
1105 1141 1247 1174 ecclesiam
1261 1149 1336 1168 suam
1350 1142 1446 1168 debitis
1456 1148 1594 1177 gravatam
1611 1149 1639 1170 et

857 1184 917 1211 aliis
941 1192 1062 1218 pressam
1086 1186 1348 1214 incouunmlitatibus
1366 1193 1393 1214 et
1406 1195 1465 1215 eam
1493 1188 1640 1217 divendere

857 1230 956 1263 vellet,
977 1236 1006 1258 ut
1028 1232 1143 1265 pretium
1169 1232 1241 1260 illius
1271 1233 1452 1261 indebitorum
1477 1235 1639 1263 solutionem

857 1276 1013 1309 canjiceret,
1029 1283 1076 1304 aut
1090 1279 1122 1305 ad
1136 1278 1203 1306 alias
1223 1281 1353 1314 quasdam
1379 1285 1507 1314 urgentes
1520 1283 1641 1309 necessi-

858 1326 944 1355 tates;
970 1322 1042 1349 illan)
1062 1331 1116 1350 non
1134 1324 1230 1351 vendat
1246 1325 1306 1352 sine
1324 1326 1470 1360 provinciae
1491 1327 1568 1354 istius
1583 1335 1641 1354 tne-

859 1367 1012 1401 tropolitani
1034 1374 1062 1395 et
1096 1370 1318 1404 coepiscoporum
1341 1372 1426 1406 ipsius
1441 1374 1586 1400 sententia.
1612 1374 1642 1400 Si

858 1417 948 1440 autem
979 1419 1083 1448 tempus
1107 1423 1158 1442 non
1183 1416 1294 1449 habeat,
1319 1423 1430 1452 propter
1455 1419 1641 1446 imminentem

859 1459 907 1494 ipsi
924 1460 1125 1493 necessitatem,
1143 1468 1204 1488 cum
1220 1462 1253 1490 iis
1274 1463 1307 1490 de
1323 1464 1455 1491 immobili
1472 1465 1572 1493 reditus
1588 1475 1642 1494 non

860 1554 955 1581 saltem
983 1555 1087 1583 vicinos
1107 1556 1132 1583 in
1160 1557 1344 1584 testimouitun
1368 1563 1510 1591 convocet,
1539 1564 1642 1594 utqttm

859 1601 980 1627 ecclesia:
1006 1601 1077 1628 illius
1098 1602 1258 1629 acciderunt
1292 1603 1549 1636 incommoditates.
1572 1612 1643 1639 pro—-

860 1649 917 1680 pter
939 1653 1007 1680 quas
1025 1647 1162 1674 immobile
1179 1647 1244 1674 illud
1260 1649 1362 1680 vendit,
1374 1655 1551 1683 cognoscant.
1567 1655 1595 1676 et
1610 1657 1641 1677 ea

859 1692 961 1726 synodo
977 1692 1057 1718 etiam
1069 1699 1160 1727 postea
1182 1693 1337 1720 exhibeant.
1358 1694 1386 1721 Si
1411 1699 1499 1721 autem
1518 1695 1575 1722 hac
1589 1703 1642 1723 non

860 1737 1052 1768 obsorvaverit.
1077 1739 1124 1765 sed
1145 1745 1193 1765 sua
1218 1744 1314 1773 sponte
1328 1740 1511 1766 venditionem
1529 1740 1642 1774 iecerit;

860 1786 886 1808 et
905 1782 959 1808 Deo
982 1787 1009 1809 et
1029 1783 1131 1817 synodo
1148 1783 1290 1810 reddenda:
1308 1784 1405 1811 rationi
1423 1784 1557 1812 obnoxius
1578 1785 1640 1818 erit,

860 1832 887 1854 et
900 1827 934 1854 ab
946 1827 1048 1855 honore
1058 1828 1174 1856 alienus.

1131 1873 1245 1901 CANON
1273 1874 1355 1901 XXX.

862 1929 871 1946 ι
892 1920 1023 1946 Similiter
1036 1920 1224 1947 couiirmatmn
1241 1925 1292 1952 est,
1311 1925 1350 1954 ut,
1368 1921 1517 1954 siquando
1531 1922 1643 1957 presby-

898 1974 907 1991 ι
926 1970 967 1992 ter
995 1967 1035 1993 vel
1061 1965 1191 1993 diaconus
1223 1966 1337 2000 alicujus
1363 1967 1494 1999 gravioris
1520 1969 1643 1995 criminis

897 2021 906 2037 ‹
923 2012 1038 2039 convicti
1055 2012 1162 2044 iuerint,
1174 2013 1244 2046 quod
1255 2020 1301 2039 eos
1313 2020 1327 2038 a
1339 2019 1416 2039 sacro
1430 2014 1580 2040 ministerio
1594 2022 1643 2040 ne-

898 2066 906 2084 ι
925 2057 1044 2085 cessario
1061 2061 1159 2090 movet,
1185 2066 1237 2084 non
1257 2065 1319 2085 esse
1336 2059 1375 2085 eis
1391 2065 1487 2085 manus
1505 2059 1644 2092 imponen-

898 2110 907 2127 (
927 2103 984 2133 das,
1003 2107 1031 2129 ut
1046 2102 1232 2136 pcenitentiam
1247 2102 1396 2137 agentibus,
1414 2102 1455 2128 vel
1471 2107 1499 2128 ut
1516 2102 1639 2129 ﬁdelibus

901 2155 910 2172 ι
927 2146 1019 2179 laicis;
1040 2153 1126 2181 neque
1144 2147 1262 2180 permitti
1279 2147 1330 2178 eis,
1349 2151 1475 2180 tanquatn
1489 2145 1641 2180 rebaptiza-
1683 2157 1686 2161 ~

904 2202 914 2218 ι
931 2194 973 2224 tis,
989 2193 1022 2220 ad
1038 2193 1102 2220 cieri
1115 2194 1225 2226 gradum
1241 2193 1403 2226 promoveri.
1421 2201 1430 2217 ι

898 2239 995 2266 BALS.
1019 2239 1132 2271 Quidam
1151 2246 1256 2270 eorum,
1274 2239 1319 2273 qui
1344 2239 1431 2265 locum
1457 2239 1596 2266 habebant
1617 2239 1643 2265 in

862 2285 974 2320 pulpito,
995 2285 1108 2319 depositi
1123 2289 1233 2318 propter
1254 2284 1410 2311 criminales
1429 2292 1541 2318 causas,
1572 2284 1645 2311 vote.

862 2331 938 2365 bant,
961 2337 988 2358 ut
1000 2336 1041 2358 est
1064 2331 1220 2362 verisimile,
1247 2331 1361 2358 lectores
1381 2331 1513 2363 ordinari,
1545 2330 1586 2357 vel
1618 2331 1644 2357 iu

863 2378 931 2405 alias
946 2377 1045 2413 gradus
1065 2378 1110 2412 qui
1123 2382 1186 2404 sunt
1197 2383 1272 2404 extra
1289 2377 1418 2411 pulpitum
1434 2385 1442 2404 :
1458 2381 1486 2412 et
1501 2378 1623 2404 dicebant
1637 2385 1644 2404 :

863 2424 992 2458 Quoniam
1006 2424 1190 2458 pmnitentiam
1207 2424 1312 2458 agimus
1327 2428 1354 2450 et
1370 2424 1396 2449 in
1412 2423 1540 2450 laicorum
1559 2423 1645 2450 locum

864 2469 964 2497 redacti
977 2476 1079 2500 sumus,
1094 2469 1224 2495 debemus
1246 2469 1342 2495 saltem
1359 2468 1392 2494 ad
1410 2477 1457 2495 eos
1472 2469 1572 2504 gradus
1584 2476 1647 2502 μοι

864 2515 936 2546 vehi,
950 2515 982 2540 ad
1000 2522 1066 2548 quos
1079 2514 1140 2541 laici
1160 2515 1354 2548 provehuntur.
1377 2513 1431 2541 iioe
1448 2522 1513 2550 ergo
1530 2523 1581 2541 non
1598 2515 1645 2541 ad-

863 2561 1001 2588 mittentes
1018 2560 1112 2588 Patres
1124 2564 1287 2592 statuerunt,
1303 2565 1332 2587 ut
1345 2561 1473 2595 depOs-itis
1490 2568 1542 2586 non
1559 2561 1648 2593 impu-

865 2610 964 2633 nantur
980 2613 1092 2638 uianus,
1111 2606 1146 2633 ob
1161 2606 1376 2640 qualemcunque
1399 2606 1425 2632 in
1443 2605 1544 2632 clerum
1569 2611 1644 2630 recev

865 2654 994 2688 ptionem,
1015 2652 1120 2679 etiamsi
1139 2651 1322 2686 pmnitentiam
1346 2656 1438 2686 agant,
1457 2656 1484 2678 et
1503 2654 1532 2676 ut
1554 2649 1646 2676 ﬁdeles

865 2699 924 2726 laici
958 2699 1131 2733 recipiantur.
1156 2698 1223 2732 Quia
1248 2703 1337 2725 autem
1369 2697 1494 2724 dicebant
1525 2695 1645 2722 nonnulii

865 2745 1026 2779 baptismum
1052 2743 1146 2771 sordes
1165 2751 1260 2770 omnes
1273 2744 1393 2773 abluere.
1414 2746 1441 2768 et
1460 2741 1585 2775 petebant
1605 2749 1648 2768 seu

864 2790 951 2816 eundo
972 2789 1123 2824 baptizari,
1142 2794 1169 2816 ot
1184 2789 1321 2816 elueretur
1342 2787 1431 2815 forsan
1451 2787 1574 2814 criminis
1590 2795 1647 2814 mn—

866 2834 935 2866 cula,
955 2840 1064 2866 propter
1079 2841 1159 2866 quinm
1181 2839 1244 2860 sunt
1261 2833 1385 2864 depositi.
1406 2838 1432 2860 et
1447 2833 1484 2860 sic
1501 2832 1526 2859 in
1546 2832 1648 2860 clerum
