1905 3083
59 127 100 158 19..)
573 123 613 154 ΙΝ
635 123 716 153 CAN.
739 125 819 151 XXX

895 124 937 152 lC.
958 124 1146 153 CAHTHAG.

1620 127 1671 158 130

56 191 107 214 ποις
134 181 345 217 βουλεύσασθαι,
374 179 435 206 τότε
465 179 517 215 χρὴ
542 179 589 206 τδν
605 179 756 206 ἐπίσκοπον
782 176 835 204 κᾶν

895 178 975 210 'andi,
1003 178 1158 206 facultatem
1197 179 1313 213 adimat;
1343 185 1404 208 tunc
1441 182 1535 220 Saltem
1569 184 1670 212 vicinos

54 229 108 259 τοὺς
130 228 257 262 γείτονας
287 226 454 257 ἐπισκόπους
479 226 519 257 είς
548 225 703 260 μαρτυρίαν
723 224 836 265 καλέσαι

54 275 95 307 τῆς
106 283 134 300 τε
154 273 287 308 ὀξύτητος
301 273 352 308 τῆς
368 273 500 306 ἀνάγκης,
515 272 562 298 καὶ
580 271 778 306 περιστάσεως,
789 270 837 296 καὶ

53 321 218 355 ὲκποιήσεως
232 320 278 347 τοῦ
297 319 470 354 πράγματος.
484 319 513 345 Εἰ
530 318 558 344 δὲ
575 317 614 353 μὴ
631 317 701 344 οὕτω
716 317 835 353 ποιήσει,

54 366 196 398 ὑπεύθυνος
211 366 290 392 ἔσται
303 364 341 400 τῷ
353 364 421 399 Θεῷ,
446 365 569 392 τουτέστι
585 364 632 390 καὶ
645 363 683 399 τῷ
695 362 754 397 Θεῷ
771 362 835 397 ι’)φέ-

54 414 87 446 ξει
102 412 209 446 λόγους,
239 411 289 439 καὶ
304 411 357 438 ὑπὸ
383 412 432 446 τῆς
459 410 570 437 συνόδου
587 408 835 443 ἁλλοτριωϐήσεται

52 457 96 491 τῆς
108 457 215 488 οἰκείας
240 457 335 492 τιμῆς,
361 457 420 491 ἦτοι
445 457 494 491 τῆς
518 454 727 490 ἀρχιερατικῆς.
751 452 836 479 Καὶὸ

54 504 131 537 μέγας
145 502 175 529 δὲ
198 502 333 538 Κύριλλος
348 503 376 529 ὲν
390 503 423 537 τῇ
441 501 508 537 πρὸς
523 501 625 535 Δόμνον
641 499 769 534 ἐπιστολῇ
785 498 834 525 αὖ·

52 550 91 576 τοῦ
106 557 186 584 φησιν
203 549 345 583 Κειμὴλια
356 550 402 575 καὶ
414 549 525 583 κτήσεις
534 548 680 581 ἀκινήτους
688 546 836 580 ἀνελιτιοίη⁴

53 604 80 621 τι
96 596 154 625 ut;
173 593 337 628 ἐκκλησίαις
358 593 492 625 σώζεσθαι
517 593 582 628 χρή.
605 592 757 625 Ἀνάγνωθι
787 592 834 618 καὶ

52 640 90 665 τὸν
108 640 139 674 ιβ’
161 641 267 666 κανόνα
284 640 332 674 τῆς
346 638 539 673 οίκουμενικῆς
553 638 574 670 ζ’
591 637 712 664 συνόδου,

52 729 153 756 ΛΡΙΣΤ.
173 730 324 764 «Ἀκρατα
339 731 372 755 τὰ
384 727 598 764 ὲκχλησιαστικὰ
619 726 783 762 πράγματα.
803 727 834 753 Et

88 786 97 801 ι
113 776 141 801 δὲ
157 776 196 810 μὴ
227 775 358 810 πρόσοδον
377 776 433 810 ἔχει
446 795 453 807 ,
474 774 570 809 γνώμῃ
590 773 644 800 τῶν
676 772 835 799 ἐπισκόπων

85 831 93 847 ι
108 821 310 857 πιπράσκεται.
338 821 369 848 Εἰ
394 821 422 848 δὲ
455 821 471 856 ή
491 820 598 854 ἀνάγκη
626 818 676 852 οὐχ
700 816 834 851 ὑπομένει

84 878 92 893 ι
111 867 329 902 βουλεύσασθαι,
364 867 427 897 τοὺς
468 865 590 900 γείτονας
621 865 635 890 ὁ
666 862 834 897 πιπράσκων

84 923 93 939 ι
110 913 276 947 συγκαλὲσει
287 921 294 927 ·
320 913 344 939 εἰ
360 912 381 938 δ’
396 913 444 947 οὺχ
470 911 553 943 οὕτω,
578 910 636 945 Θεῴ
653 909 702 936 καὶ
718 909 752 944 τῇ
769 916 834 934 συν-

82 967 92 984 ι
108 959 159 993 ὁδῳ
177 958 341 989 ὑπεύθυνος.
363 967 373 984 ι

80 1005 133 1030 Οὐκ
155 1004 317 1038 ὀφείλουσιν
331 1004 354 1029 οι
371 1003 517 1029 ἐπίσκοποι
534 1001 568 1028 τά
596 1001 652 1027 τῶν
679 1000 834 1036 ἐκκλησιῶν

51 1049 210 1075 ἒκποιεῖσοαι
224 1049 378 1084 πράγματα
389 1056 395 1064 ·
412 1048 486 1074 θείου
497 1048 550 1084 γάρ
559 1048 611 1073 alat
623 1046 709 1073 ταῦτα
717 1047 833 1078 δικαίου,

51 1095 91 1120 καὶ
101 1095 143 1121 διὰ
158 1094 243 1121 τοῦτο
253 1094 374 1129 ἄπρατα.
388 1094 418 1120 El
430 1093 459 1120 δέ
471 1102 512 1124 τις
535 1093 628 1127 κτῆμα
648 1091 717 1127 ἔχων
732 1092 836 1127 ἀπρόσ-

51 1140 113 1172 οπὴν,
128 1142 175 1166 καὶ
189 1141 243 1176 τὴν
260 1140 409 1174 ἐκκλησίαν
425 1139 505 1166 αὐτοῦ
516 1139 704 1174 βαρυνομένην
714 1139 832 1173 χρέεσιν,

49 1186 63 1219 ἢ
77 1187 270 1220 περιστάσεσιν
281 1185 374 1217 ἄλλαις
388 1185 566 1219 πιεζομένην,
581 1185 627 1211 καὶ
642 1184 760 1220 βουληθῇ
772 1183 835 1210 τοῦ-

49 1241 75 1258 το
84 1232 246 1268 διαπρὰσαι,
263 1232 334 1259 ὥστε
348 1232 397 1267 τὴν
412 1232 495 1268 τιμὴν
512 1231 595 1258 αὑτοῦ
611 1230 776 1258 καταΰαλεῖν
793 1231 834 1261 εἰς

49 1279 198 1314 ἀπόφλησιν
223 1278 282 1305 τῶν
296 1279 395 1313 χρεῶν,
419 1277 436 1312 ἢ
454 1278 493 1309 εἰς
506 1277 590 1307 ἄλλας
615 1276 691 1307 τινὰς
707 1284 836 1303 κατεπει-

50 1324 142 1358 γούσας
154 1325 282 1358 ἀνάγκας
295 1332 302 1340 ’
320 1324 358 1359 μὴ
369 1323 449 1350 τοῦτο
467 1322 610 1349 πωλείσθω
629 1322 692 1349 ἀνευ
721 1321 836 1356 γνώμης

49 1369 90 1395 τοῦ
102 1369 308 1404 μητροπολίτου
321 1369 370 1402 τῆς
397 1368 482 1403 αὐτῆς
499 1367 632 1403 ἐπαρχίας
648 1367 696 1394 καὶ
708 1368 761 1393 τῶν
775 1375 836 1393 συν-

50 1417 201 1442 ιπισκόπων
216 1414 314 1442 αὑτοῦ.
331 1415 361 1441 Εἰ
372 1415 394 1441 δ’
407 1415 458 1441 οὐκ
471 1415 527 1450 ἔχει
543 1413 640 1448 καιρον
656 1413 700 1441 διὰ
714 1414 762 1449 τὴν
776 1414 837 1439 ὲπι-

50 1462 172 1496 κειμένην
189 1460 269 1496 αὐτῷ
290 1461 424 1495 ἀνάγκην,
439 1460 546 1492 τούτοις
562 1460 626 1494 περὶ
650 1459 696 1486 τοῦ
718 1458 837 1494 ἀπροσό-

49 1505 88 1532 ὂου
101 1507 234 1542 ἀκινήτου
260 1505 470 1541 βουλεύσασθαι,
487 1505 524 1537 ὡς
541 1505 632 1540 μέλλει
647 1505 728 1532 τοῦτο
740 1504 834 1539 πωλῆ-

897 1501 1003 1528 tabente
1025 1503 1180 1530 consultare
1192 1523 1199 1535 ,
1211 1505 1347 1539 quomodo
1369 1505 1433 1534 illud
1449 1508 1608 1536 venditurus
1622 1510 1669 1541 sit,
1698 1513 1704 1519 ‘
1729 1504 1731 1506 ’

51 1559 108 1576 ιιιι⁸
122 1553 172 1578 κᾶν
187 1552 258 1582 τοὺς
272 1551 394 1585 γείτονας
416 1551 588 1584 συγκαλείτω
613 1551 651 1581 εἰς
669 1549 836 1585 μαρτυρίαν,

51 1597 88 1623 ἵνα
97 1598 143 1629 τὰς
151 1597 350 1632 ὲπισυμὸάσας
360 1599 393 1632 τῇ
407 1597 541 1632 ἐκκλησίᾳ
552 1596 634 1622 αὑτοῦ
648 1596 835 1631 περιστάσεις,

50 1641 80 1668 δι’
95 1643 125 1674 ἃς
137 1643 167 1669 τὸ
187 1643 314 1669 τοιοῦτον
337 1643 423 1670 πωλεῖ
451 1642 591 1677 ἀκίνητον,
621 1640 835 1675 ἐπιγινώσκωσι,

52 1688 94 1714 καὶ
107 1690 139 1722 τῇ
153 1689 261 1723 συνόδῳ
273 1688 360 1714 ταῦτα
386 1688 435 1714 καὶ
454 1688 602 1722 μετέπειτα
624 1688 834 1723 παραστήσωσι.

51 1733 78 1759 Εἰ
93 1733 119 1759 δὲ
134 1735 163 1760 οὐ
178 1734 271 1761 ταῦτα
286 1733 409 1768 φυλάξει,
426 1734 484 1761 ἀλλ’
503 1733 672 1765 αὑτοὸούλως
694 1734 836 1768 ποιήσεται

49 1779 94 1813 τὴν
107 1779 257 1814 διάπρασιν
271 1788 278 1794 ·
308 1780 356 1806 καὶ
377 1779 430 1814 «uir
446 1780 506 1814 Θεῷ
523 1782 569 1805 καὶ
579 1781 613 1815 τῇ
645 1779 745 1814 συνόδῳ
760 1778 836 1806 ἔσται

50 1823 205 1857 ὑπεύθυνος,
222 1825 272 1852 καὶ
287 1825 429 1859 ἀλλότριος
445 1825 494 1859 τῆς
510 1825 605 1860 τιμῆς.

356 1870 475 1897 ΚΔΝΩΝ
490 1870 529 1896 A'.

53 1924 62 1941 ι
82 1915 196 1951 ὀμοίως
212 1915 379 1949 ὲῦεόαιώθη,
401 1916 453 1948 ἵνα,
471 1915 518 1942 ἐὰν
542 1923 608 1941 ποτε
627 1915 834 1950 πρεσϐύτεροιῆ

86 1972 94 1987 ι
111 1962 232 1988 διάκονοι
244 1961 292 1998 ἒπί
301 1970 353 1988 τινι
370 1961 512 1996 βαρυτέρῳ
523 1960 676 1996 ἐγκλήματι
687 1960 835 1995 ἐλεγχθῶσι

84 2016 93 2032 ι
112 2008 150 2042 τῷ
164 2007 328 2041 ἀναγκαίως
343 2007 441 2038 αὐτοὺς
468 2007 517 2041 τῆς
543 2006 714 2041 λειτουργίας
739 2008 836 2034 ἀποκι-

85 2061 95 2078 ι
109 2053 210 2085 νοῦντι,
227 2053 267 2087 μὴ
285 2052 456 2078 ἐπιτίθεσθαι
483 2052 577 2083 αὐτοῖς
593 2053 688 2087 χεῖρας
704 2053 741 2083 ὡς
754 2061 834 2086 μετα-

87 2107 95 2123 ι
113 2099 233 2130 νοοῦσιν,
251 2098 268 2134 ἢ
286 2098 323 2129 ὡς
346 2099 452 2128 πιστοῖς
469 2097 572 2128 λαῐκοῖς
598 2096 665 2130 μηδὲ
691 2097 836 2131 ἐπιτρέπε-

82 2152 91 2167 ι
108 2144 170 2171 σθαι
185 2144 293 2176 αὐτοῖς,
318 2142 388 2170 ὥστε
409 2141 683 2176 ἀναόαπτιζομένοις,
706 2142 774 2176 πρὸς
788 2142 834 2168 τὸν

83 2199 92 2216 ι
107 2190 154 2217 τοῦ
170 2191 279 2225 κλήρου
294 2188 398 2223 βαθμὸν
413 2188 588 2223 προκόπτειν.
609 2196 618 2213 ι

80 2236 177 2263 ΒΑΛΣ.
196 2235 281 2266 Τινὲς
297 2234 351 2261 τῶν
379 2233 426 2260 τοῦ
459 2233 592 2268 βήματος,
623 2233 835 2268 καθαιρεθέντες

48 2281 87 2307 (τιά
101 2289 160 2307 τινα
173 2279 372 2314 ὲγκληματικὰ
385 2280 546 2314 αίτιάματα,
562 2278 669 2314 ῆοελον,
683 2279 834 2311 (intentu,

49 2326 224 2359 ἀναγνώστας
251 2324 385 2360 ταχθῆναι
411 2324 428 2360 ἢ
449 2325 488 2354 εἰς
513 2324 626 2358 ἑτέρους
643 2323 766 2358 βαθμοὺς
783 2324 836 2356 ἔξω

49 2372 90 2398 τοῦ
105 2372 233 2407 βήματος
253 2370 334 2401 bna:
344 2377 350 2384 ·
366 2370 414 2396 καὶ
423 2369 526 2403 ἔλεγον,
535 2369 582 2401 ὡς,
596 2369 674 2395 Ἐπεὶ
691 2368 837 2404 μετανοοῦ-

51 2426 96 2451 μεν
113 2420 159 2444 καὶ
173 2419 215 2447 εἰς
230 2417 316 2443 τόπον
332 2416 541 2451 κατηντήσαμεν
564 2415 675 2448 λαῐκῶν,
692 2415 836 2450 ὀφείλομεν

50 2464 95 2489 κᾶν
107 2463 147 2494 είς
159 2462 289 2497 βαθμοὺς
302 2461 437 2492 τοιούτους
447 2461 625 2495 προκόπτειν,
651 2461 691 2492 εἰς
705 2461 779 2492 οἴους
790 2461 837 2488 καὶ

49 2508 71 2533 οἱ
84 2508 174 2534 λαῖκοὶ
204 2507 406 2542 προκόπτουσι.
422 2507 509 2533 Τοῦτο
523 2506 570 2533 οὖν
586 2507 624 2541 μὴ
644 2506 786 2541 δεξάμενοι
811 2507 836 2532 οἱ

48 2555 176 2589 Πατέρες,
206 2553 316 2589 ὥρισαν
339 2554 395 2584 τοῖς
409 2553 594 2588 καθαιρεοείσι
611 2552 649 2588 μὴ
666 2552 836 2579 ἐττιτίθεσυαι

50 2600 122 2634 παρὰ
135 2600 190 2626 τῶν
205 2598 361 2634 ἀρχιερέων
381 2599 475 2633 χεῖρας
486 2597 567 2632 χάριν
588 2596 756 2631 οἱασδήτινος
773 2597 800 2622 γ)
808 2605 838 2631 η-

51 2645 153 2678 ρὼσεως
164 2653 172 2660 ·
190 2645 245 2672 κᾶν
259 2644 420 2679 μετανοῶσι,
430 2644 476 2670 καὶ
487 2644 523 2674 ὡς
538 2643 628 2669 πιστοὶ
640 2642 730 2669 λαῖκοὶ
741 2642 837 2677 δέχων-

50 2699 100 2717 ται.
120 2691 199 2718 Ἐπεὶ
217 2690 249 2716 δὲ
275 2689 364 2722 ἔλεγόν
379 2697 450 2720 τινες
474 2688 511 2719 ὡς
527 2688 558 2714 τὸ
583 2687 726 2722 βάπτισμα
752 2687 836 2722 ῥύπον

50 2738 134 2764 πάντα
149 2737 298 2767 ὲκπλὺνει,
315 2736 361 2763 καὶ
380 2735 494 2769 ἐζήτουν
504 2736 537 2761 ὲκ
548 2734 675 2769 δευτέρου
687 2734 835 2768 βαπτισθῆ-

51 2791 102 2816 ναι,
118 2784 190 2810 ὥστε
218 2782 426 2817 άποπλυνίλῆναι
452 2781 522 2816 τάχα
549 2782 599 2816 τὴν
631 2781 837 2815 ὲγκληματιεςιξν

52 2830 230 2861 ἀκαθαρσίαν,
247 2829 283 2855 δι’
300 2829 332 2860 ἢν
357 2828 559 2861 καθῃρέθησαν,
583 2828 628 2854 καὶ
644 2827 714 2854 οὕτω
731 2827 836 2862 7.21.1391.)-

889 224 1029 259 episcopos
1049 229 1076 251 ct
1096 232 1197 259 magnae
1215 226 1392 258 necessitatis,
1416 233 1442 254 et
1456 228 1554 261 negotii
1577 230 1670 262 totius,

887 274 915 296 et
927 269 963 296 rei
977 269 1145 297 alienationis
1163 270 1197 297 ab
1212 271 1337 305 episcopo
1349 276 1430 299 testes
1450 274 1571 302 adhiberi
1587 282 1668 308 opor-

889 318 933 341 tet.
962 314 1037 347 Quod
1070 315 1092 342 si
1120 315 1210 343 facere
1230 316 1398 350 neglexerit,
1430 322 1456 344 et
1477 318 1531 346 D40
1556 321 1670 347 eritob-

887 361 993 394 noxius,
1022 362 1071 388 boc
1092 365 1148 394 est,
1168 366 1195 388 et
1208 362 1268 389 facti
1289 363 1420 390 rationem
1444 364 1498 391 Deo
1512 373 1670 400 N‘pOSCClIIﬂ

888 404 992 437 reddet,
1009 409 1035 432 et
1050 413 1062 431 a
1078 406 1188 440 synodo,
1203 407 1314 442 proprio
1328 408 1428 436 honore
1441 429 1448 441 ,
1472 409 1522 437 hoc
1541 416 1581 438 est
1595 419 1670 439 satu-

888 450 922 476 mi
950 451 1094 478 sacerdotii
1122 452 1251 485 dignitate
1276 454 1436 487 privabitur.
1464 456 1577 490 Magnus
1605 465 1670 484 vero

885 494 1002 530 Cyrillus
1027 497 1052 523 in
1069 497 1181 530 epistola
1207 499 1239 524 ad
1261 498 1393 526 Domuum
1418 501 1475 528 lucc
1491 502 1585 529 habet:
1601 503 1670 530 Vasa

886 542 1015 576 pretiosa,
1029 542 1125 578 inquit,
1152 552 1183 571 ac
1205 546 1390 578 possessiones
1407 547 1559 575 itnmobiles
1581 549 1671 576 salvas

887 591 968 621 atque
988 587 1135 615 incolumes
1149 590 1272 616 ccclesiis
1297 593 1453 618 conservari
1469 599 1586 627 oportet.
1601 594 1670 629 Lege

886 637 1016 666 praeterea
1053 635 1227 662 (ecumeuiea:
1260 637 1381 671 septima:
1407 635 1501 673 synodi
1539 647 1669 668 canonem

887 677 1084 706 duodecimum.

887 723 1000 751 ARIST.
1023 734 1031 750 ι
1048 725 1119 753 Bona
1146 726 1327 755 ecclesiastica
1353 737 1405 756 non
1428 735 1491 758 sunt
1517 732 1668 760 vendenda.

927 778 936 795 ι
956 769 984 796 Si
999 777 1062 797 vero
1078 771 1179 798 reditus
1196 780 1247 799 non
1263 773 1394 806 habeant,
1418 776 1549 802 sententia
1562 777 1668 811 episco-

928 824 937 840 ι
957 822 1051 850 porum
1071 818 1231 844 venduntur.
1251 818 1278 845 Si
1307 827 1370 846 vero
1387 822 1534 849 necessitas
1550 830 1602 849 non
1629 822 1669 849 fe-

925 869 933 886 ι
956 865 996 888 ret
1018 865 1047 888 ut
1068 863 1236 895 consulatur,
1256 864 1301 897 qui
1317 867 1421 898 _vendit
1437 867 1539 893 vicinos
1554 868 1668 894 vocabit.

924 915 934 931 ι
953 907 1001 933 Sin
1026 908 1062 934 ita
1087 915 1140 935 non
1156 908 1259 942 fecerit,
1282 911 1335 938 Deo
1357 916 1385 938 et
1410 912 1512 946 synodo
1541 920 1606 941 reus
1632 919 1670 940 tc-

926 960 935 976 I
955 957 1044 979 nelur.
1057 962 1066 979 D

922 995 1047 1032 Episcopi
1064 1005 1117 1026 non
1131 999 1228 1026 debent
1251 1000 1436 1029 ecelesrastiea
1451 1001 1519 1030 bona
1538 1003 1668 1036 alienare.

887 1041 929 1067 illa
945 1042 1015 1069 enim
1030 1043 1114 1070 divini
1136 1048 1197 1070 sunt
1210 1044 1291 1078 juris,
1309 1049 1390 1079 atque
1406 1046 1467 1074 ideo
1483 1055 1535 1074 non
1552 1048 1667 1076 venalia.

888 1085 914 1112 Si
930 1087 990 1120 quis
1010 1092 1098 1115 autent
1124 1089 1322 1122 possessionem
1356 1091 1453 1118 habeat
1483 1092 1585 1120 reditus
1613 1101 1667 1120 non

886 1132 1077 1168 proferentcm,
1095 1140 1121 1161 et
1134 1137 1277 1170 ecclesiam
1290 1145 1365 1164 suam
1380 1138 1476 1165 debitis
1486 1145 1623 1174 gravatam
1640 1146 1669 1168 et

886 1179 946 1206 aliis
970 1187 1091 1213 pressam
1115 1181 1378 1210 incommoditatibus
1395 1189 1422 1210 et
1435 1191 1494 1212 eam
1523 1185 1669 1214 divendere

886 1225 985 1258 vellet,
1007 1231 1035 1252 ut
1057 1227 1173 1260 pretium
1198 1228 1271 1256 illius
1301 1230 1481 1258 indebitorunt
1506 1231 1668 1260 solutionem

886 1271 1042 1304 conjiceret.
1058 1278 1104 1299 aut
1119 1274 1151 1301 ad
1165 1274 1233 1302 alias
1253 1276 1382 1310 quasdam
1408 1281 1536 1310 urgentes
1549 1280 1671 1306 necessi-

887 1320 972 1349 tates;
999 1317 1071 1344 illam
1091 1326 1145 1345 uon
1163 1320 1259 1346 vendat
1275 1321 1335 1348 sine
1353 1323 1498 1355 provinciae
1521 1323 1596 1350 istius
1612 1332 1670 1351 me-

888 1362 1041 1396 trupolitatli
1063 1369 1091 1390 et
1125 1365 1346 1400 coepiscoporum
1370 1367 1455 1402 ipsius
1470 1371 1615 1396 sententia.
1641 1370 1670 1397 Si

886 1412 976 1435 autem
1007 1413 1112 1443 tempus
1136 1418 1187 1437 non
1211 1412 1323 1445 habeat,
1347 1419 1459 1448 propter
1484 1416 1669 1443 imminentem

887 1454 935 1488 ipsi
953 1455 1153 1488 necessitatem,
1172 1463 1232 1483 cum
1248 1458 1281 1485 iis
1302 1459 1336 1486 de
1351 1460 1484 1487 imtnobili
1500 1462 1600 1489 reditus
1617 1471 1670 1491 non

887 1548 983 1576 saltem
1011 1550 1115 1578 vicinos
1135 1551 1160 1578 in
1188 1552 1373 1580 testimonium
1397 1560 1538 1587 convocet,
1567 1561 1670 1590 utque:

888 1595 1008 1622 ecclesiae
1034 1596 1105 1624 illius
1126 1597 1286 1624 acciderunt
1320 1599 1577 1633 incommoditates,
1600 1609 1671 1635 pro-

887 1644 945 1674 pter
967 1648 1035 1675 quas
1053 1641 1190 1669 immobile
1207 1643 1271 1670 illud
1288 1645 1390 1676 vendit,
1402 1652 1579 1679 cognoscant.
1596 1652 1624 1673 et
1637 1654 1669 1674 ea

887 1686 989 1720 synodo
1004 1687 1084 1714 etiam
1096 1694 1188 1722 postea
1210 1688 1364 1716 exhibeant.
1385 1690 1414 1717 Si
1439 1695 1527 1718 autem
1546 1692 1602 1719 haec
1617 1700 1670 1719 non

887 1732 1080 1763 observaverit.
1104 1734 1151 1760 scd
1173 1741 1220 1760 sua
1246 1739 1342 1768 sponte
1355 1736 1539 1763 venditionem
1557 1736 1670 1771 fecerit;

887 1780 914 1802 et
931 1776 987 1802 Deo
1010 1781 1037 1804 et
1056 1779 1158 1812 synodo
1176 1778 1317 1806 reddendae
1336 1779 1432 1807 rationi
1450 1780 1585 1808 obnoxius
1606 1782 1667 1814 erit,

887 1826 914 1849 et
928 1822 961 1849 ab
973 1821 1076 1850 honore
1086 1823 1201 1851 alienus.

1159 1869 1273 1897 CANON
1301 1869 1383 1896 XXX.

889 1923 898 1940 ‹
919 1914 1050 1941 Similiter
1063 1915 1250 1942 confirmatum
1268 1921 1319 1947 cst,
1338 1921 1377 1949 ut,
1395 1917 1545 1951 siquando
1559 1919 1670 1954 presby-

925 1969 934 1985 ‹
953 1965 994 1987 ter
1022 1961 1062 1988 vel
1088 1960 1219 1988 diaconus
1250 1961 1364 1996 alicujus
1389 1963 1521 1995 gravioris
1547 1965 1671 1992 criminis

924 2016 933 2032 ι
950 2007 1065 2033 convicti
1082 2006 1189 2040 fuerint,
1201 2009 1271 2041 quod
1282 2015 1328 2035 eos
1340 2015 1354 2034 a
1367 2015 1443 2035 sacro
1457 2010 1607 2036 ministerio
1621 2018 1670 2037 ne-

924 2061 933 2078 I
952 2052 1070 2079 eessario
1088 2057 1187 2085 movet,
1212 2061 1264 2079 nort
1285 2061 1346 2081 esse
1363 2055 1402 2081 eis
1419 2061 1514 2081 manus
1532 2055 1672 2089 imponen-

924 2105 934 2122 ι
953 2097 1010 2127 das.
1030 2101 1058 2124 ut
1073 2097 1258 2131 paenitentiam
1273 2098 1423 2132 agentibus,
1441 2097 1481 2124 vel
1498 2103 1526 2125 ut
1543 2098 1666 2126 ﬁdelibus

927 2149 937 2166 ι
953 2141 1046 2174 laicis;
1067 2149 1152 2176 neque
1170 2142 1289 2175 permitti
1305 2143 1356 2174 eis,
1375 2147 1502 2176 tanquam
1516 2142 1668 2176 rebaptiza-
1710 2154 1713 2157 -

930 2196 940 2213 ι
957 2188 999 2218 tis.
1016 2188 1047 2214 ad
1065 2187 1129 2214 cleri
1141 2189 1252 2221 gradum
1267 2189 1430 2222 promoveri.
1448 2197 1457 2214 r

924 2233 1022 2260 BALS.
1045 2233 1159 2266 Quidam
1177 2241 1282 2266 eorum,
1300 2235 1345 2269 qui
1370 2235 1457 2261 locum
1484 2235 1622 2262 habebant
1644 2236 1670 2261 in

887 2280 1000 2315 pulpito,
1020 2279 1134 2314 depositi
1150 2284 1259 2314 propter
1281 2280 1436 2307 criminales
1455 2288 1567 2314 causas,
1599 2281 1671 2308 vole-

888 2326 963 2359 bant,
987 2330 1014 2352 ut
1026 2331 1067 2353 est
1090 2327 1246 2358 verisimile.
1273 2327 1388 2354 lectores
1407 2327 1539 2359 ordinari,
1572 2327 1613 2354 vel
1644 2328 1670 2354 iu

888 2373 956 2400 alios
971 2371 1071 2407 gradus
1090 2373 1136 2407 qui
1149 2377 1212 2399 sunt
1223 2378 1298 2400 extra
1315 2373 1444 2407 pulpitum
1461 2382 1468 2400 :
1484 2377 1511 2401 et
1526 2374 1648 2401 dicebant
1662 2383 1670 2400 :

887 2419 1018 2452 Quoniam
1031 2420 1215 2453 pccnitentiam
1233 2420 1338 2453 agimus
1353 2424 1380 2446 ct
1395 2420 1421 2445 in
1437 2419 1565 2446 laicorum
1584 2420 1670 2446 locum

889 2464 988 2492 redacti
1001 2471 1104 2495 sumus.
1120 2463 1249 2491 debemus
1271 2465 1367 2491 saltem
1385 2464 1418 2491 ad
1435 2473 1482 2491 eos
1497 2465 1597 2500 gradus
1609 2473 1672 2499 pro-

889 2510 961 2540 vehi,
974 2509 1006 2536 ad
1025 2517 1091 2543 quos
1104 2509 1166 2536 laici
1185 2511 1379 2543 proveltnntur.
1402 2509 1456 2537 Hoc
1473 2519 1537 2546 ergo
1554 2519 1606 2537 non
1622 2512 1670 2538 ad-

887 2556 1026 2582 mittentes
1043 2555 1137 2582 Patres
1149 2559 1312 2588 statueruut,
1327 2561 1356 2582 ut
1370 2556 1498 2591 depositis
1515 2565 1566 2583 non
1584 2558 1672 2590 impo-

889 2605 988 2628 nantur
1004 2608 1117 2634 manus,
1135 2601 1170 2628 ob
1185 2601 1400 2636 qualemcunque
1423 2603 1450 2628 in
1467 2602 1568 2628 clerum
1593 2608 1668 2628 rece-

888 2648 1018 2682 ptionem,
1039 2647 1144 2674 etiamsi
1163 2647 1347 2682 pmnitentiatu
1371 2653 1462 2683 agant,
1481 2652 1508 2675 et
1527 2651 1556 2673 ut
1578 2647 1670 2673 ﬁdeles

889 2693 948 2721 laici
982 2694 1156 2728 recipiantur.
1180 2693 1247 2727 Quia
1272 2699 1361 2721 autent
1393 2694 1518 2721 dicebant
1550 2692 1668 2720 nonnulli

889 2740 1050 2774 baptismum
1076 2739 1170 2766 sordes
1189 2746 1284 2766 omnes
1297 2739 1417 2770 abluere,
1437 2743 1466 2766 et
1484 2739 1608 2772 petebant
1630 2745 1672 2764 se«

888 2785 976 2811 eundo
996 2784 1124 2818 baptizari
1139 2803 1147 2815 ,
1165 2790 1193 2811 ut
1208 2784 1345 2812 elttcretur
1365 2784 1455 2811 forsan
1475 2785 1598 2811 criminis
1613 2793 1670 2810 mu-

889 2829 959 2860 cula,
978 2835 1087 2860 propter
1102 2836 1182 2860 quam
1204 2835 1267 2856 sunt
1285 2829 1409 2860 depositi.
1429 2835 1455 2857 ct
1470 2829 1508 2857 sic
1525 2829 1550 2856 in
1569 2830 1671 2857 clerum
