1905 3083
214 108 269 139 139

837 107 975 137 THEOD.
998 107 1199 138 BALSAMON

1784 107 1836 139 14ὓ

211 167 280 193 enim
295 165 386 201 procul
401 166 468 193 situs
480 166 524 197 sit,
536 173 589 192 non
599 166 798 200 cogeturjudex
809 171 854 192 aut
869 168 980 193 adversa

1051 166 1165 200 ἔγγιστα
1180 168 1350 201 διακείμενον
1366 166 1457 198 τόπον,
1477 165 1500 192 εἰ
1512 165 1565 201 γὰρ
1579 165 1672 200 πόρρω
1686 164 1835 195 διάκειται,

211 213 267 238 ιῑιιε
279 212 349 238 hanc
364 211 520 239 electionem
537 213 622 246 sequi.
635 211 762 239 Existimo
783 216 870 238 autem
884 212 939 238 haec
956 212 994 237 lo-

209 265 270 284 cum
283 264 336 283 non
347 257 445 284 habere
454 257 479 284 in
491 257 834 291 patriarchalibusjndiciis;
843 257 992 292 556quia

211 309 288 327 nemo
309 306 397 335 potest
413 307 511 328 metum
526 301 652 336 causari,
666 303 711 328 ubi
731 303 918 336 patriarcbalis
932 310 992 329 ma-

208 346 357 381 gnitudinis
373 352 491 380 potestas
513 355 621 374 omnem
635 352 744 381 superat
757 348 903 381 potentiam
920 356 927 373 :
944 348 990 375 sed

210 393 242 417 de
256 393 454 426 episcopalibus
471 393 644 420 inferioribus
655 393 765 428 judiciis
777 393 834 420 hac
846 397 908 420 sunt
918 394 993 421 acci-

209 438 318 472 pienda,
349 438 393 464 ubi
412 443 436 466 et
462 439 561 474 judicis
577 445 604 466 ct
617 439 783 475 litigatorum
800 439 889 468 facilis
915 445 956 468 est
975 448 989 467 a

214 485 273 511 loco
292 484 317 511 in
331 484 420 511 locum
435 486 584 513 translatio.

244 619 370 648 ZONAR.
387 620 414 647 Si
431 628 501 655 quae,
519 621 617 656 inquit,
638 623 752 650 exsistat
769 623 838 650 inter
854 623 922 650 duos
937 623 992 650 cle-

208 663 279 690 ticos
306 665 501 697 controversia,
525 673 674 700 eorumque
700 666 778 699 alter,
808 674 862 702 quo
890 668 916 694 in
933 667 991 695 loco

209 710 328 737 tribunal
350 710 473 744 erigitur,
495 712 546 738 vim
578 713 763 746 pertimescat,
782 714 861 748 quasi
885 713 991 741 scilicet

207 755 321 789 populus
336 763 470 790 propenso
490 757 516 782 in
543 757 726 784 adversarium
751 758 810 792 ejus
824 759 914 786 animo
938 759 990 785 im-

207 805 297 833 petum
316 799 387 827 forle
412 801 437 828 in
463 801 537 828 illum
555 801 674 830 facturus
702 803 747 835 sit,
764 803 806 830 vel
828 804 942 831 testibus
957 805 990 831 ab

1047 214 1098 240 οὐκ
1116 214 1357 249 ἀναγκασθήσεται
1374 215 1387 240 ὁ
1404 213 1534 247 δικαστὴς
1551 213 1566 247 ἢ
1586 213 1599 238 ὁ
1613 211 1752 241 ἀντίδικος
1770 211 1838 236 ἀκο-

1047 259 1177 294 λουθῆσαι
1192 261 1224 295 τῇ
1241 260 1352 294 ἐπιλογῇ
1369 260 1464 294 ταύτῃ.
1480 257 1564 293 Οἶμαι
1582 258 1609 284 δὲ
1625 258 1666 284 ὅτι
1679 257 1768 283 ταῦτα
1782 255 1830 290 χώ-

1048 311 1098 339 ραν
1112 305 1162 331 οὒκ
1178 305 1284 340 ἔχουσιν
1299 306 1338 336 είς
1351 306 1383 332 τὰ
1396 304 1581 339 πατρςαρχικὰ
1592 304 1760 338 δικαστήρια.
1773 311 1779 317 ·
1794 303 1835 328 ὅτι

1044 351 1130 382 οὐδεὶς
1156 351 1269 378 δύναται
1290 352 1371 386 φόῧον
1384 350 1570 386 προϐαλέσθαι
1590 349 1654 376 ἔνθα
1678 351 1694 384 ἡ
1721 349 1836 381 ἐξουσία

1044 396 1096 430 τῆς
1109 398 1317 432 πατρισρχικῆς
1334 397 1544 432 μεγαλειότητος
1561 397 1723 430 ὑπερϐαίνει
1739 395 1834 422 πᾶσαν

1042 441 1201 470 δυναστείαν
1214 451 1220 458 ·
1235 444 1292 470 ἀλλ’
1309 444 1349 476 εὶς
1365 443 1532 470 ὲπισκοπικὰ
1547 443 1641 477 εὐτελῆ
1667 442 1834 476 δικαστήρια

1043 487 1078 514 τὰ
1095 488 1141 515 τοῦ
1158 489 1268 522 κανόνος
1289 490 1499 525 ὲκληφθήσεται,
1516 489 1582 516 ὅπου
1597 490 1644 516 καὶ
1658 490 1674 524 ὴ
1691 489 1739 515 τοῦ
1752 489 1833 515 δικα-

1046 533 1109 560 στοῦ
1122 535 1170 561 καὶ
1182 536 1198 570 ὴ
1212 536 1265 562 τῶν
1280 536 1422 563 ἀντιδίκων
1454 537 1486 562 ὲκ
1499 536 1582 563 τόπου
1611 536 1651 567 εἰς
1679 536 1763 562 τόπον
1784 543 1834 569 με-

1044 579 1174 611 τάστασις
1194 581 1268 608 ἐστιν
1283 582 1407 616 εὐχερής.

1078 627 1201 655 ΖΩΝΛΡ.
1226 627 1285 655 Κᾶν
1302 628 1438 664 κληρικοὶ,
1460 628 1537 664 φησὶ,
1553 628 1600 655 δύο
1620 629 1682 656 κατ’
1703 629 1832 664 ἀλλήλων

1041 671 1136 707 ἔχωσι,
1155 673 1203 700 καὶ
1219 675 1233 701 ὁ
1250 672 1290 706 εἷς
1314 675 1430 709 φοϐῆται
1451 675 1512 710 βίαν
1528 676 1557 702 ἐν
1616 675 1776 702 συνίσταται
1800 676 1832 701 τὸ

1041 719 1228 754 δικαστήριον,
1250 720 1288 752 ὡς
1312 721 1376 753 ῐσως
1415 721 1658 756 παναστησομὲνου
1685 720 1760 756 αὐτῷ
1783 720 1831 748 τοῦ

1042 765 1108 791 λαοῦ
1124 767 1325 801 προσκειμένου
1341 765 1379 802 τῷ
1393 767 1519 802 ἀντιδίκῳ
1534 767 1626 798 αὺτοῦ,
1640 767 1656 802 ἢ
1668 767 1719 793 οὐκ
1732 768 1832 794 ἐάσον-

1043 820 1088 843 τος
1111 811 1193 838 αὐτὸν
1218 815 1392 848 παραγαγεῖν
1412 814 1566 850 μάρτυρας,
1589 813 1732 840 ὲνδιὸόσϐω
1753 814 1831 847 αὖτῷ

207 853 240 872 co
272 846 453 880 producendis
482 847 671 881 impedimento
698 848 820 882 futurus;
846 849 883 876 illi
907 850 984 876 alium

1043 857 1138 891 ἕτερον
1156 846 1512 892 ἐπιλέξασθαιγτόπονίίνα-
1529 860 1586 885 ὲκεῖ
1607 859 1636 885 τὸ
1650 846 1831 894 δικαστήριον

207 891 388 924 persequendi
404 890 498 925 judicii
516 892 603 920 locum
628 892 742 928 eligendi
763 893 877 921 facultas
903 894 988 921 libera

207 936 392 971 relinquatur:
407 936 494 964 locum
517 945 581 969 vero
601 938 723 972 proxime
745 939 837 971 situm,
855 947 908 966 non
929 939 988 966 lon-

206 989 239 1016 go
257 981 398 1009 intervallo
429 981 606 1016 disiunctum,
626 991 659 1010 tte
683 980 838 1012 adversario
852 984 985 1020 etjndici-

207 1027 257 1055 bus
274 1028 337 1055 illuc
363 1028 507 1055 convenire
535 1028 645 1056 difﬁcile
668 1030 715 1063 sit,
740 1034 822 1064 utque
839 1030 894 1058 illic
911 1030 988 1057 facile

206 1079 288 1101 testes
307 1074 436 1101 exhibere
453 1074 721 1108 controversiamque
744 1075 872 1102 dirimere
895 1075 986 1102 liceat.

205 1119 271 1147 Nam
291 1120 314 1147 si
334 1119 412 1154 longe
429 1119 523 1153 iudicii
541 1121 685 1150 exercendi
711 1121 790 1148 sedes
804 1121 885 1154 absit,
904 1126 986 1150 testes

206 1173 314 1200 quoque
337 1166 488 1200 producere
504 1166 611 1194 difﬁcile
625 1167 684 1194 erit.
700 1166 790 1201 Neque
801 1166 872 1194 enim
889 1172 917 1194 ut
928 1167 987 1194 lon-

204 1212 262 1245 gius
287 1212 496 1246 percgrinentur
523 1216 607 1239 testes
622 1212 720 1239 adduci
750 1217 888 1247 poterunt.
918 1212 986 1240 Nam

205 1257 342 1292 proprium
357 1257 475 1284 officium
491 1258 590 1285 nemini
617 1257 779 1285 detrimento
801 1265 861 1286 esse
876 1258 985 1292 debere,

205 1305 263 1339 lege
277 1303 442 1331 decernitur.
457 1302 581 1330 Officium
592 1311 655 1330 vero
666 1303 789 1330 Latinum
801 1311 842 1331 est
856 1305 980 1339 verbum,

204 1350 468 1378 administrationem
491 1349 654 1385 minimeque
671 1351 778 1378 dubiam
794 1351 872 1378 ﬁdem
885 1352 987 1386 signiti-

203 1403 279 1422 cans.

203 1439 318 1467 AlllST.
346 1449 355 1465 ι
371 1440 420 1474 Qui
451 1444 569 1473 accusat,
596 1441 636 1468 vel
663 1445 814 1475 accusatur,
832 1441 985 1469 violentiam

240 1492 249 1507 ι
273 1484 378 1516 timens,
392 1483 478 1510 locum
491 1484 540 1511 sibi
554 1490 640 1511 tuttttu
656 1485 762 1520 scligat.
780 1495 789 1511 ι

243 1527 294 1560 Qui
321 1527 436 1562 aliquem
456 1533 583 1562 accusat,
606 1533 634 1556 et
660 1529 811 1564 suspicatur
836 1537 864 1557 se
881 1531 934 1557 vim
950 1530 983 1558 ab
997 1522 1019 1551 (ἶ

203 1573 321 1601 accusati
331 1578 406 1608 parte
420 1575 626 1608 passurum,ch
639 1575 696 1603 vice
709 1583 784 1603 versa
795 1581 937 1604 accusatus
951 1576 985 1604 ab

206 1624 385 1651 accusatore;
404 1627 591 1655 quemcunque
611 1621 702 1648 volunt
734 1621 821 1648 locum
850 1623 883 1649 ad
907 1629 985 1650 secu-

201 1667 310 1694 ritatem
335 1673 412 1692 suam
441 1666 549 1701 eligant,
577 1667 621 1693 ubi
647 1667 724 1695 facile
746 1668 849 1702 possint
869 1672 896 1696 et
923 1676 982 1696 cum

203 1714 279 1747 ipsis,
304 1721 371 1748 quos
387 1713 456 1741 forte
472 1714 570 1741 habent
594 1715 705 1741 testibus
719 1715 882 1748 conversari,
897 1719 924 1743 et
941 1715 984 1751 ju-

202 1761 274 1787 dicio
298 1760 359 1788 sine
381 1760 499 1794 periculo
512 1763 608 1787 sistere
623 1769 630 1787 :
648 1767 680 1787 ne
701 1766 808 1795 propter
832 1761 982 1789 istiusmodi

202 1806 326 1833 timorem
346 1812 490 1833 accusator
505 1807 539 1833 ab
553 1807 723 1834 accusatione
741 1807 863 1839 desistat,
878 1807 919 1834 vel
934 1814 983 1834 ac-

201 1857 313 1879 cusatus
341 1860 355 1879 a
380 1852 482 1886 judicio
514 1853 666 1880 clanculum
691 1854 809 1886 recedat,
838 1859 863 1881 ct
884 1854 981 1882 absens

202 1899 408 1927 condemnetur.

460 1987 576 2015 CA'NON
593 1987 713 2015 XXXIV.

203 2042 212 2058 ι
237 2033 328 2068 Siqui
355 2033 445 2060 clerici
471 2041 487 2059 a
513 2034 628 2067 propriis
646 2034 780 2069 episcopis
796 2039 910 2068 promoti
934 2041 980 2061 cos

238 2089 246 2106 ι
263 2083 449 2112 contemnant,
467 2087 502 2106 nc
523 2079 577 2106 illic
591 2081 698 2114 quidem
717 2084 842 2107 maneant
854 2080 923 2107 unde
938 2087 980 2106 sc-

242 2135 250 2152 ι
271 2127 367 2153 cedere
393 2126 546 2152 noluerunt.
566 2125 696 2153 Similiter
713 2127 828 2161 placuit,
846 2130 874 2152 ut
889 2126 979 2159 cujus-

241 2181 250 2196 ι
271 2171 450 2204 modicunque
464 2170 554 2197 cleriti
570 2174 596 2196 et
609 2170 725 2201 diaconi,
743 2170 764 2196 si
777 2169 833 2196 suis
847 2168 978 2202 episcopis

239 2227 249 2244 (
270 2222 382 2251 propter
407 2221 534 2251 urgentes
551 2216 654 2250 aliquas
672 2223 782 2242 suarum
801 2215 978 2242 ecclesiarum

236 2273 244 2288 ι
265 2270 360 2290 causas
382 2270 428 2289 eos
449 2262 482 2289 ad
500 2261 614 2296 majores
626 2261 651 2288 in
663 2261 778 2288 ecclesia
798 2267 844 2287 sua
864 2260 980 2287 honores

236 2319 243 2334 ι
265 2309 415 2344 provehere
439 2307 611 2339 volentibus,
641 2315 692 2333 non
722 2306 876 2340 paruerint,
903 2313 935 2332 ne
952 2305 978 2332 in

240 2365 249 2382 ι
271 2355 314 2382 illo
328 2355 436 2390 quidem
455 2355 537 2389 gradu
555 2354 719 2385 ministrent,
735 2360 766 2379 ex
786 2359 839 2386 quo
852 2352 979 2380 recedere

236 2412 243 2427 |
267 2401 419 2428 noluerunt.
437 2410 445 2426 ι

230 2457 327 2486 E.\LS.
345 2458 458 2491 Quidam
474 2456 578 2489 clerici,
598 2459 626 2482 ut
641 2459 682 2482 est.
706 2455 863 2487 verisimile,
884 2463 898 2482 a
919 2455 977 2484 suis

195 2504 330 2538 episcopis
343 2504 377 2530 ad
403 2503 518 2537 majores
546 2503 644 2535 gradus
667 2501 782 2534 evocati,
811 2507 920 2537 propter
933 2511 978 2529 cc-

194 2550 337 2576 clcsiarum
357 2549 513 2579 utilitatem,
532 2555 584 2574 non
613 2547 842 2582 persuadebantur
865 2547 916 2574 hoc
936 2547 977 2574 fa-

194 2599 266 2626 ccre,
283 2601 315 2620 eo
331 2594 402 2628 quod
425 2592 628 2626 acquiescerent
643 2592 676 2619 iis
691 2599 758 2627 quos
771 2593 826 2628 jam
840 2593 976 2619 habebant

193 2640 332 2675 gradibus,
344 2639 420 2666 lucro
437 2639 552 2666 fortasse
561 2638 601 2666 vel
611 2640 842 2673 corporaliquicte
856 2639 973 2666 adducti.

195 2687 353 2712 Statuerunt
370 2692 434 2716 ergo
450 2684 555 2717 Patres,
571 2690 599 2711 ut
614 2685 635 2712 si
650 2685 695 2720 qui
713 2685 818 2715 clerici.
836 2686 975 2719 cuiusmo-

195 2732 330 2764 dicunque
346 2731 525 2758 sacerdotale
538 2732 716 2758 ministerium
732 2737 891 2759 exercentes
916 2733 975 2766 (ne-

193 2783 245 2810 que
268 2776 338 2803 cuittt
365 2777 407 2804 ltic
424 2777 593 2812 accipiuntur
615 2777 719 2803 diaconi
745 2785 793 2810 pro
816 2776 858 2808 iis,
884 2777 930 2810 qui
948 2777 973 2803 in

193 2827 286 2849 salicto
302 2822 427 2851 tribunali
443 2823 611 2855 ministrant;
633 2822 680 2850 sed
700 2830 749 2857 pro
765 2822 810 2854 iis,
822 2823 866 2857 qui
883 2823 970 2857 quod-

994 2195 1019 2226 D

1040 902 1174 938 γένηται*
1205 903 1319 938 ἔγγιστα
1349 904 1377 931 δὲ
1404 905 1573 939 διακείμενον
1600 905 1682 931 τόπον
1709 905 1758 932 καὶ
1788 905 1828 940 μὴ

1039 949 1110 976 πάνυ
1135 949 1230 985 πόρρω
1255 950 1434 985 τυγχάνοντα,
1455 951 1524 977 ὥστε
1549 952 1616 986 μήτε
1636 951 1675 986 τῷ
1695 951 1828 986 ἀντιδίκῳ

1038 993 1132 1027 αὐτοῦ,
1159 995 1228 1030 μήτε
1244 997 1300 1027 τοῖς
1311 996 1467 1028 δικάζουσιν
1488 994 1556 1023 εἶναι
1574 996 1693 1032 δυσχερῆ
1711 997 1761 1031 τὴν
1782 999 1825 1029 εἰς

1039 1041 1142 1068 ἐκεῖνον
1163 1040 1208 1067 τδν
1225 1041 1308 1068 τόπον
1323 1042 1480 1076 ἀπέλευσιν,
1494 1043 1540 1074 ’ὡς
1562 1043 1596 1070 ἂν
1621 1043 1742 1078 εὐχερῶς
1764 1044 1826 1070 ἐκεῖ

1039 1085 1177 1120 μάρτυρες
1189 1086 1361 1121 παραστῶσι,
1376 1088 1424 1114 καὶ
1441 1088 1456 1122 ὴ
1473 1088 1600 1120 ὑπόθεσις
1613 1089 1773 1124 περατωθῇ.
1791 1089 1823 1115 Εἰ

1037 1131 1092 1166 γὰρ
1102 1131 1197 1166 πόρρω
1211 1132 1346 1160 διάκειται
1358 1132 1372 1158 ὁ
1383 1133 1463 1164 τόπος
1473 1134 1502 1159 ὲν
1510 1131 1531 1168 ᾧ
1543 1134 1633 1169 μέλλει
1645 1134 1824 1161 συνίστασθαι

1037 1175 1067 1201 τὺ
1093 1175 1281 1211 δικαστήριον,
1306 1177 1352 1203 καὶ
1376 1177 1392 1212 ὴ
1417 1176 1471 1204 τῶν
1495 1178 1641 1214 μαρτύρων
1666 1179 1825 1214 παραγωγὴ

1037 1220 1172 1256 δυσχερὴς
1187 1221 1273 1251 ἔσται.
1291 1223 1328 1249 Οὐ
1352 1223 1406 1258 γὰρ
1426 1225 1619 1259 πεισθήσονται
1636 1226 1660 1251 οί
1683 1226 1825 1260 μάρτυρες

1038 1266 1189 1301 ὑπερορίως
1205 1267 1392 1303 ἀποδημῆσαι.
1410 1269 1505 1296 Οὐδενὶ
1522 1270 1576 1305 γὰρ
1591 1271 1693 1305 ὀφείλει
1707 1271 1738 1298 τὸ
1755 1272 1824 1298 ἴδιον

1036 1311 1163 1346 ὁφφικιον
1187 1312 1333 1348 ἐπιζήμιον
1357 1314 1492 1348 γίνεσθαι,
1508 1316 1522 1342 ὁ
1543 1316 1623 1350 νόμος
1641 1316 1718 1351 φησί,
1738 1317 1776 1343 Τὸ
1794 1317 1823 1343 δὲ

1036 1358 1122 1393 ὄνομα
1135 1359 1181 1386 τοῦ
1197 1359 1324 1393 ὁῳφικίου
1344 1361 1497 1396 Ῥωμαϊκόν
1514 1363 1582 1395 ἐστι,
1603 1364 1737 1398 σημαῖνον
1754 1364 1823 1390 διοί-

1036 1413 1117 1440 κησιν
1136 1406 1184 1432 καὶ
1197 1407 1379 1439 ἀξιοπιστίαν.

1035 1451 1146 1480 ΑΡΙΣΤ.
1168 1461 1176 1477 ι
1194 1453 1373 1488 Κατηγορῶν,
1393 1453 1408 1489 ἢ
1425 1455 1672 1490 κατηγορούμενος,
1696 1456 1759 1491 βίαν
1774 1466 1823 1492 φο-

1146 1506 1156 1523 ι
1171 1497 1313 1533 ϐούμεως,
1326 1499 1477 1533 ἑπιλεγέτω
1484 1500 1565 1527 τόπον
1574 1501 1683 1529 ἄσυλον.
1699 1512 1709 1528 ι

1064 1543 1107 1569 "0
1131 1544 1293 1579 κατηγορῶν
1307 1553 1389 1578 τινος,
1414 1545 1461 1573 ἐὰν
1477 1545 1539 1581 βίαν
1557 1547 1697 1583 ὑποπτεύῃ
1722 1549 1823 1576 παθεῖν

1035 1587 1111 1623 παρὰ
1125 1588 1172 1615 τοῦ
1189 1589 1292 1624 μέρους
1307 1589 1353 1617 τοῦ
1372 1592 1622 1627 κατηγορουμένου,
1635 1594 1652 1628 ἢ
1668 1594 1698 1620 τδ
1714 1595 1824 1621 ἀνάπα-

1035 1632 1076 1659 λιν
1101 1634 1115 1660 ὁ
1139 1635 1376 1670 κατηγορούμενος
1401 1637 1477 1672 παρὰ
1499 1637 1548 1664 τοῦ
1568 1640 1741 1676 κατηγόρου·
1764 1639 1822 1668 οἷον

1034 1679 1156 1707 ἐθέλουσι
1169 1681 1251 1707 τόπον
1265 1682 1306 1713 είς
1321 1683 1472 1717 ἀσφάλειαν
1484 1685 1574 1712 αὐτῶν
1587 1686 1820 1720 ὲπιλεγέσθωσαν,

1034 1724 1105 1752 ὥστε
1126 1726 1249 1762 εὐχερῶς
1271 1727 1355 1762 ἔχειν,
1372 1729 1416 1755 καὶ
1438 1731 1494 1762 τοῖς
1511 1730 1576 1762 ἴσως
1595 1731 1709 1759 ὑποῦσιν
1725 1734 1820 1766 αὐτοῖς

1035 1771 1168 1806 μάρτυσιν
1188 1773 1292 1807 ὁμιλεῖν
1307 1774 1354 1801 καὶ
1370 1775 1410 1806 είς
1423 1775 1454 1802 τὸ
1476 1775 1650 1812 δικαστήριον
1668 1778 1820 1810 ἀκινδύνως

1033 1818 1156 1853 ἀπαντᾷν
1165 1827 1172 1834 “
1190 1818 1232 1845 ἵνα
1247 1819 1284 1855 μὴ
1297 1820 1340 1847 διὰ
1353 1820 1398 1848 τὸν
1407 1822 1528 1849 τοιοῦτον
1545 1824 1626 1857 φόϐον
1639 1825 1655 1859 ἦ
1670 1825 1684 1852 ὁ
1698 1827 1820 1861 κατήγο-

1034 1872 1079 1898 ρος
1104 1864 1154 1899 τῆς
1179 1866 1325 1898 αἰτιάσεως
1353 1867 1467 1902 ἀποστῇ,
1494 1868 1510 1902 ἦ
1540 1870 1554 1895 ὀ
1579 1872 1820 1906 κατηγορούμενος

1032 1909 1119 1944 λάθρα
1146 1910 1194 1936 τοῦ
1223 1911 1398 1948 δικαστηρίου
1427 1913 1642 1952 ὑπαναχωρήσῃ,
1666 1918 1713 1944 καὶ
1738 1918 1818 1946 ἀπὼν

1032 1955 1230 1990 καταδικασθῇ.

1326 2001 1445 2030 ΚΑΝΩΝ
1464 2005 1523 2033 ΛΔ¹.

1034 2055 1042 2072 ι
1071 2046 1133 2073 Ἐάν
1150 2054 1222 2078 τινες
1235 2048 1361 2082 κΛηρικοὶ
1374 2049 1406 2075 ἐκ
1419 2050 1471 2076 τῶν
1485 2051 1557 2078 ἰδίων
1573 2053 1732 2080 ἐπισκόπων
1748 2064 1818 2090 προ-

1069 2101 1078 2117 ι
1098 2091 1272 2127 σιϐαζόμενοι
1287 2096 1502 2129 καταφρονῶσι-ιν,
1520 2098 1587 2132 μηδὲ
1601 2099 1660 2125 ἐκεῖ
1673 2101 1815 2135 μείνωσιν,

1068 2146 1076 2162 ι
1096 2137 1156 2164 ὅθεν
1167 2138 1343 2173 ἀναχωρῆσαι
1354 2139 1404 2166 οὐκ
1413 2141 1559 2176 ἠθέλησαν.
1577 2143 1692 2178 Ὁμοίως
1703 2146 1815 2181 ἤρεσεν,

1069 2192 1078 2208 ‹
1100 2183 1143 2209 ἵνα
1164 2183 1316 2219 οἱοιδήποτε
1336 2186 1461 2221 κληρικοὶ
1478 2188 1525 2213 καὶ
1545 2188 1674 2221 διάκονοι,
1701 2192 1749 2219 ὲάν
1777 2193 1815 2229 μὴ

1070 2237 1079 2253 ι
1100 2228 1268 2264 πειοαρχῶσι
1283 2231 1339 2260 τοῖς
1350 2232 1510 2265 ἐπισκόποις
1523 2235 1623 2266 αὐτῶν,
1640 2228 1815 2271 βουλομένοις

1069 2284 1079 2301 ι
1098 2275 1142 2302 διά
1163 2285 1240 2308 τινας
1256 2278 1460 2311 ἀναγκαστικὰς
1482 2280 1569 2310 αἰτίας
1591 2280 1645 2307 τῶν
1659 2282 1815 2317 ἐκκλησιῶν

1069 2330 1078 2347 ‹
1097 2321 1185 2348 αὐτῶν
1200 2321 1311 2354 τούτους
1325 2322 1393 2357 πρὸς
1405 2323 1529 2357 μείζονας
1544 2324 1720 2358 ἁναόιὸἀξειν
1730 2328 1815 2362 τιμὰς

1068 2377 1077 2393 ι
1098 2368 1126 2394 ὲν
1141 2369 1172 2402 τῇ
1188 2367 1320 2402 ἐκκλησίᾳ
1331 2368 1429 2400 αὐτῶν,
1441 2369 1508 2404 μηδὲ
1517 2370 1545 2395 ἐν
1556 2370 1653 2406 ἐκείνῳ
1664 2371 1703 2406 τῷ
1716 2372 1814 2408 patiin

1067 2422 1076 2439 ι
1097 2413 1303 2448 διακονήσωσιν,
1313 2414 1341 2446 ἐξ
1350 2411 1380 2441 οὗ
1395 2414 1569 2450 ἀναχωρῆσαι
1584 2416 1634 2443 οὐκ
1645 2417 1810 2452 ἠθέλησαν..

1065 2458 1164 2497 ΒΛΔΣ.
1179 2458 1267 2489 Τινὲς,
1284 2457 1320 2489 ὡς
1337 2458 1419 2490 ἔοικε,
1438 2459 1563 2495 κληρικοὶ
1579 2462 1812 2497 μετακαλούμενοι

1028 2504 1104 2539 παρὰ
1114 2487 1171 2529 ξῶν
1186 2503 1343 2530 ἐπισκόπων
1359 2504 1448 2531 αὐτῶν
1465 2487 1532 2540 πρὸς
1550 2487 1676 2540 μείζονας
1691 2489 1813 2544 βαδμοὶς

1028 2549 1072 2575 διὰ
1080 2549 1270 2584 χρησιμὸτητα
1282 2549 1335 2575 τῶν
1348 2550 1513 2586 ἐκκλησιῶν,
1522 2552 1572 2578 οὐκ
1583 2552 1722 2580 ἐπείθοντο
1734 2554 1814 2581 τοῦτο

1028 2596 1149 2629 ποιῆσαι,
1162 2595 1207 2621 ’διὰ
1231 2595 1260 2622 τὸ
1275 2595 1462 2623 ἀναπαύεσθαι
1478 2599 1523 2624 ἐπὶ
1542 2600 1599 2630 τοῖς
1618 2601 1814 2635 κατεχομένοις

1028 2641 1102 2675 παρᾶ
1119 2640 1220 2667 τούτων
1237 2641 1362 2677 βαθμοῖς,
1379 2643 1433 2669 ἀπὸ
1450 2644 1562 2679 κέρδους
1579 2645 1644 2676 ῐσως
1661 2646 1676 2681 ἢ
1695 2648 1744 2673 καὶ
1760 2657 1814 2674 σω.

1029 2687 1143 2722 ματικῆε
1160 2687 1349 2718 ἀναπαύσεως.
1372 2688 1485 2723 Ὠρισαν
1500 2689 1546 2717 οὖν
1561 2692 1584 2718 οί
1611 2692 1744 2727 Πατέρες,
1769 2694 1812 2721 ἵνα

1027 2733 1076 2759 ἐάν
1098 2742 1168 2764 τινες
1193 2734 1317 2768 κληρικιιὶ
1334 2735 1489 2770 οἱανδήτινκ
1508 2737 1645 2764 διακονίαν
1670 2740 1811 2774 ἱερατικὴν

1027 2779 1202 2813 ἐνεργοῦντες
1228 2781 1299 2814 (οὐδὲ
1325 2781 1380 2815 γὰρ
1403 2782 1621 2816 ἐκλαμϐάνονται
1648 2785 1766 2811 ἐνταῦθα
1788 2786 1812 2811 οἱ

1027 2825 1144 2852 διάκονοι
1161 2826 1201 2856 είς
1217 2827 1278 2856 τοὺς
1299 2828 1327 2853 ἐν
1343 2827 1382 2862 τῷ
1396 2827 1467 2862 ἁγίῳ
1482 2828 1584 2864 βήματι
1599 2830 1791 2862 διακονοῦντας
1802 2849 1810 2864 ,
