1905 3083
77 132 122 164 Ῑῧὸ
623 133 660 162 lN
681 131 763 162 CAN.
786 130 847 159 XLI
871 129 975 159 CONC.
989 129 1178 159 CARTIIAG.

1657 129 1706 162 156

77 191 241 224 παρίσταται
257 190 340 217 τοῦτο
357 190 413 218 ἀπὺ
428 190 474 217 τοῦ
492 192 525 218 t0'
545 192 655 222 κανόνος
672 189 718 216 τοῦ
745 189 858 224 μεγάλοι

918 194 1024 214 canone
1039 187 1073 214 l9
1089 187 1178 220 magni
1193 187 1284 214 Basilii
1297 188 1458 214 ostenditur.
1477 187 1543 214 liicit
1558 195 1623 222 ergo
1637 197 1703 222 pur-

76 237 227 263 Βασιλείου.
244 237 316 270 Φησὶ
345 237 410 270 γοῦν
427 237 440 262 ό
455 236 551 272 παρὼν
566 236 656 263 κανὼν
675 236 712 270 μὴ
727 234 863 267 ἐντυγχα-

75 291 128 308 νειν
143 282 297 317 κληρικοὺς
312 282 328 316 ἢ
344 283 478 317 μοναχοὺς
494 283 594 317 χήραις
612 281 629 316 ἢ
648 281 798 316 παρθένοις
813 288 864 304 κα-

78 327 260 362 θιερωμέναις
277 328 388 359 πάντως
401 328 506 360 οὔσαις,
522 329 546 354 εί
563 327 601 362 μὴ
618 327 695 362 παρὰ
723 326 776 352 τῶν
802 326 864 350 ἐπι.

79 374 183 400 σκόπων
204 368 290 407 ἧτῶν
317 374 524 409 πρεσὸυτέρων,
543 373 644 408 δηλαδὴ
661 373 698 408 μὴ
723 371 865 406 παρόντων

78 419 249 452 ἐπισκόπων,
275 419 465 454 ὲπιτραπεῖεν.
494 420 550 446 Καὶ
573 419 633 446 τότε
658 419 687 444 δὲ
723 418 761 452 μὴ
790 417 864 451 μόνοι

78 465 235 498 εἰσίτωσαν,
254 465 325 492 ἀλλὰ
340 467 410 500 μετὰ
424 466 629 501 συγκληρικῶν,
648 466 663 500 ἢ
683 465 741 499 μετ’
751 464 864 489 ἐκείνων

80 511 135 545 μεθ’
151 507 189 537 ὧν
202 511 252 537 καὶ
274 511 288 537 ό
306 511 457 543 ἐπίσκοπος
468 512 514 538 καὶ
525 513 549 538 οἱ
565 511 748 546 πρεσϐύτεροι
764 508 864 535 εἰσίασι

78 557 144 592 πρὸς
164 557 267 588 αὑτάς·
285 557 301 591 ἦ
329 557 389 583 ἐκεῖ
407 557 648 591 ἐντυγχανὲτωσαν
674 555 782 585 αὑταῖς,
796 554 863 579 ὅπου

77 603 129 628 εἰσὶ
142 602 272 637 κληρικοὶ
291 602 308 636 ἢ
339 603 446 637 ἔντιμοί
465 611 538 634 τινες
555 601 726 636 Χριστιανοί.
744 601 779 626 Tia
803 601 864 626 κατ’

76 648 228 682 ἐπιτροπὴν
245 647 275 673 δὲ
292 647 308 682 ἢ
330 648 487 674 συναίνεσιν
505 649 625 683 είρηται,
642 647 711 673 διότι
735 646 750 681 ἢ
771 646 814 672 δια
839 653 864 671 τι

74 694 211 728 χρήσιμον
237 694 277 728 τῷ
294 694 437 729 ἐπισκόπῳ
459 695 506 720 καὶ
530 695 564 728 τῇ
591 694 726 728 ἐκκλησίᾳ
759 693 864 726 γίνεται

79 739 151 774 παρὰ
164 739 269 766 τούτων
284 741 300 774 ἡ
317 740 439 774 ὲντυχία,
464 740 510 766 καὶ
533 739 710 773 ἐπιτρέπουσι
728 739 829 772 ταύτην
840 739 864 764 οἱ

77 787 230 818 ἐπίσκοποι,
255 786 272 821 ἦ
293 786 337 812 διὰ
350 786 455 812 οἰκείαν
475 786 667 821 χρησιμότητα
681 785 727 811 καὶ
744 786 862 819 αῐτησιν,

77 831 120 858 καὶ
132 831 274 866 ὀφείλουσι
290 833 426 858 συναινεῖν
441 832 466 857 οἰ
479 832 634 858 ἐπίσκοποι.
658 830 806 864 Ἀνάγνωθι
816 829 863 856 τοῦ

76 878 207 912 παρόντος
226 878 419 912 συντάγματος
434 877 525 903 τίτλου
545 880 580 903 ια’
596 885 658 911 κεφ.
669 880 700 910 ε’,
715 877 824 903 συνόδου
837 879 862 908 ς’

76 924 172 950 κανόνα
193 923 248 958 μζ’,
275 924 324 949 καὶ
349 925 398 958 τῆς
429 923 487 959 ρλγ¹
529 924 744 950 Ἰουστινιανείου
764 924 863 958 νεαρᾶς

75 978 134 1004 amp.
149 970 183 1002 ε’,
199 970 260 1004 ἤτοι
277 978 340 1003 κεφ.
357 970 388 996 ιε’
413 970 460 996 τοῦ
477 971 497 996 δ’
512 970 614 1005 βιϐλίου
628 970 682 996 τῶν
700 969 861 1001 Βασιλικῶν,

75 1015 138 1050 ὅπερ
155 1014 337 1050 κατεστρώθη
354 1016 382 1041 ἐν
402 1015 440 1050 τῷ
457 1014 501 1051 μζ¹
527 1016 622 1042 κανόνι
636 1016 685 1051 τῆς
703 1015 786 1050 ἕκτης
799 1023 863 1041 συν-

75 1063 142 1089 ὁδου.

108 1109 231 1135 ΖΩΝΛΡ.
250 1108 367 1142 Φεύγειι·
390 1108 439 1139 τὰς
461 1109 610 1144 ὑπολήψεις
625 1107 862 1144 παρηγγέλθημεν

76 1156 97 1181 oi
117 1155 218 1185 πιστοὶ,
243 1154 294 1180 κᾶν
309 1152 358 1180 ὧσι
373 1153 491 1188 ψευδεῖς,
511 1155 559 1180 καὶ
578 1154 616 1188 τῷ
632 1153 769 1188 θεσπεσίῳ
782 1154 859 1188 εἴρη-

75 1209 116 1226 ται
133 1200 234 1234 Παύλῳ
266 1200 465 1233 Ἀπρόσλιοποι
481 1199 611 1234 γίνεσθε,
625 1199 674 1226 καὶ
690 1199 860 1231 Ἰουδαίοις,

74 1247 118 1273 καὶ
133 1247 280 1278 Ἕλλησι,
294 1246 344 1272 κα]
362 1245 396 1279 τῇ
418 1246 585 1280 Ἐκκλησίᾳ
606 1245 661 1272 τοῦ
686 1245 772 1272 Θεοῦ.
789 1245 861 1271 Ταύ-

74 1301 129 1324 ταις
141 1292 188 1319 οὖν
201 1293 264 1322 ταῖς
292 1291 504 1326 παραγγελίαις,
521 1291 590 1317 ἀλλὰ
612 1290 665 1326 μὴν
683 1291 731 1317 καὶ
753 1291 861 1324 ἑτέραις

73 1340 116 1364 καὶ
129 1340 154 1365 οἱ
168 1339 296 1373 Πατέρες
312 1335 386 1364 οὗτοι
402 1338 545 1372 ἑπόμενοι,
562 1337 630 1372 φασὶ
646 1338 714 1372 πρὸς
730 1338 818 1373 χήρας
842 1337 859 1372 ἤ

73 1385 239 1419 παρθένους,
259 1384 363 1419 δηλαδὴ
378 1384 597 1419 καοιεριυμένας,
610 1383 648 1419 μὴ
663 1383 778 1410 εἰσιέναι
796 1384 861 1418 κλη-

75 1433 166 1466 ρικοὺς
183 1432 200 1467 ἢ
214 1431 482 1466 ἐγκρατευομένους.
497 1431 566 1462 Τοὺς
581 1431 719 1465 μοναχοὺς
737 1428 765 1456 δὲ
790 1430 859 1456 ὠνόι

72 1487 160 1511 μασαν
175 1478 433 1513 ἐγκρατευομένους
451 1477 520 1504 κατὰ
535 1477 581 1504 τὸν
597 1476 685 1511 μέγαν
701 1477 858 1509 Βασίλειον,

917 240 979 259 scus
996 240 1093 263 canon,
1112 239 1160 258 nec
1176 232 1267 258 clerici
1283 232 1323 258 vel
1340 233 1464 259 monachi
1481 241 1543 260 cum
1562 234 1649 260 viduis
1663 236 1704 260 vt-l

917 279 1076 313 virginibus,
1087 286 1146 312 qutc
1159 283 1223 306 sunt
1235 279 1345 306 omnino
1358 285 1530 312 consecratae,
1544 281 1686 314 colloqueu
1697 295 1704 300 -

918 330 970 356 tur,
989 324 1039 351 nisi
1063 324 1088 351 id
1112 325 1150 351 eis
1168 325 1201 351 ab
1223 325 1367 359 episcOpis,
1384 325 1424 352 vel
1447 318 1624 360 presbyteris,
1652 334 1704 353 non

917 370 1096 404 praesentibus
1118 369 1223 396 scilicet
1243 370 1388 404 episcopis,
1413 371 1597 404 permittatur.
1621 371 1704 398 Porto

917 423 949 443 ue
968 421 1030 442 tunc
1045 423 1153 450 quoqtte
1170 415 1219 442 soli
1239 416 1436 449 ingrediantur,
1457 417 1504 443 sed
1521 425 1581 443 cum
1597 418 1701 444 concle-

919 462 995 494 ricis,
1011 462 1052 488 vel
1069 470 1129 490 cum
1147 461 1209 492 illis,
1228 469 1287 488 cum
1305 462 1403 495 quibus
1419 462 1500 488 etiatn
1519 462 1662 496 episcopus
1676 468 1703 488 et

917 508 1068 544 presbyteri
1084 508 1116 535 ad
1131 515 1178 534 cas
1200 508 1387 543 ingrediuntur
1407 517 1414 535 :
1432 508 1472 535 vel
1489 514 1535 535 eas
1558 509 1612 535 illie
1634 508 1702 535 allo-

916 558 1046 590 quuntur,
1061 555 1105 582 ubi
1120 559 1182 582 sunt
1199 555 1290 582 clerici
1302 577 1309 588 ,
1327 555 1368 582 vel
1382 555 1464 589 aliqui
1477 556 1554 582 bona:
1565 555 1705 582 existinm-

918 602 999 629 tionis
1022 601 1183 628 Christiani.
1207 601 1274 628 lllud
1289 606 1391 634 autem,
1409 610 1442 628 ex
1467 601 1646 635 permissioue
1665 602 1705 627 vel

916 654 1062 679 consensu,
1077 647 1176 673 dictum
1194 651 1246 679 est,
1264 654 1296 673 eo
1309 647 1380 681 quod
1399 647 1440 674 vel
1459 652 1570 681 propter
1589 647 1703 681 aliquid,

915 693 986 726 quod
1011 697 1053 720 est
1080 693 1208 726 episcopo
1234 692 1347 726 ejusque
1371 692 1500 719 Ecclesia:
1522 693 1704 724 conducibdv,

916 747 975 764 cum
992 738 1032 766 eis
1048 738 1210 772 colloquium
1233 739 1357 768 habetur,
1374 738 1455 773 idque
1470 738 1631 773 permittunt
1645 741 1701 772 cpi-

915 785 1006 818 scopi;
1024 784 1064 811 vel
1076 788 1188 819 propter
1200 791 1276 811 suam
1290 784 1431 812 utilitatem
1449 789 1475 811 et
1494 785 1660 819 petitiuumu,
1677 791 1705 812 ιιι

915 831 1014 857 debent
1034 830 1190 857 consentire
1207 830 1336 865 episcopi.
1357 830 1427 865 Lege
1448 831 1589 865 praesentis
1611 832 1704 865 opt-ris

915 877 958 903 tit.
975 877 1005 903 ll
1025 884 1085 911 cap.
1103 876 1130 908 5,
1151 877 1246 911 synodi
1264 881 1346 904 sextae
1368 884 1498 904 canonent
1514 877 1548 903 .57
1572 882 1597 903 et
1620 877 1704 903 .lusii-

914 922 987 950 niani
1003 922 1114 950 novella:
1134 922 1187 950 155
1202 930 1263 957 cap.
1278 922 1306 954 2,
1321 923 1379 950 sive
1394 930 1456 956 cap.
1475 923 1509 950 15
1529 923 1589 950 libri
1612 932 1636 950 tv
1653 923 1704 948 ιι..-

913 969 984 996 silic.
999 969 1070 1003 quod
1086 969 1166 996 situm
1183 973 1223 996 est
1239 970 1265 995 in
1280 976 1387 996 canone
1395 970 1428 996 47
1441 974 1525 996 sextae
1540 970 1646 1005 synodi.

948 1105 1073 1134 ZONAR.
1104 1105 1162 1134 Non
1188 1107 1412 1134 committendum
1439 1110 1468 1134 ut
1500 1106 1699 1133 incommodius

913 1152 1013 1187 aliquid
1034 1153 1066 1179 de
1084 1153 1200 1180 fidelium
1220 1153 1349 1185 moribus,
1369 1152 1492 1187 qdamvis
1509 1152 1576 1179 falso
1593 1152 1704 1187 evulge-

913 1203 967 1230 tur,
987 1199 1041 1225 divi
1065 1206 1174 1233 quoque
1198 1198 1274 1226 Pauli
1297 1200 1406 1226 oraculo
1428 1199 1625 1226 admonemur:
1642 1199 1704 1225 Sine

913 1245 1066 1279 I/femione,
1085 1245 1190 1278 inquit,
1207 1250 1288 1272 estote
1306 1244 1419 1277 Juda’is,
1435 1250 1458 1271 et
1476 1243 1592 1275 Graecis,
1607 1250 1630 1270 ιιι
1651 1245 1704 1270 Ec-

911 1291 998 1318 clesia:
1020 1291 1068 1318 Dei
1090 1291 1123 1318 “.
1140 1290 1213 1324 Quas
1234 1291 1342 1324 quidem
1365 1291 1570 1324 prwceptiones,
1595 1296 1622 1317 rt
1640 1299 1704 1317 vero

911 1337 978 1364 alias
1004 1344 1112 1372 quoque
1133 1337 1216 1364 set-uti
1242 1336 1321 1370 hujus
1337 1336 1431 1371 synodi
1447 1335 1550 1368 Patres,
1567 1337 1599 1362 ad
1612 1337 1705 1363 viduas

911 1388 957 1409 aut
980 1383 1013 1409 ad
1036 1383 1156 1418 virgines
1170 1402 1177 1414 ,
1196 1390 1242 1410 eas
1267 1381 1389 1409 videlicet
1411 1389 1470 1416 quae
1492 1387 1605 1408 sacrata:
1627 1388 1701 1414 sunt,

910 1429 1027 1456 clericos
1046 1433 1092 1455 aut
1110 1428 1302 1455 continentiam
1327 1427 1464 1461 professos
1487 1428 1592 1462 ingredi
1611 1429 1698 1454 haud-

910 1482 1045 1510 quaquam
1071 1474 1153 1501 licere
1176 1475 1334 1501 decernunt.
1359 1473 1456 1500 Eorum
1481 1481 1563 1508 porro
1580 1474 1701 1506 nomine,

70 1524 97 1555 ός
115 1525 180 1559 περὶ
201 1524 353 1558 ὁμολογίας
377 1523 423 1550 τοῦ
447 1522 629 1558 παρθενεύειν
645 1523 858 1559 διαταττόμενος

915 1520 957 1555 qui
974 1520 1169 1547 continentiam
1183 1519 1301 1554 professi
1319 1519 1392 1551 sunt,
1410 1520 1557 1546 monachos
1574 1519 1700 1554 designa-

72 1572 98 1596 ἐν
112 1569 143 1596 ιθ¹
157 1570 243 1597 αὐτοῦ
261 1570 359 1597 κανόνι
385 1570 469 1604 φησίν
483 1578 490 1586 υ
525 1569 642 1604 ’Δνδρῶν
660 1569 688 1596 δέ
713 1570 861 1604 ὁμολογίαν

71 1616 116 1642 οὐκ
136 1616 275 1650 ἔγνωμεν,
297 1616 369 1651 πλὴν
379 1616 403 1642 εί
421 1616 458 1650 μή
473 1625 546 1646 τινες
562 1616 676 1647 ἑαυτοὺς
687 1615 726 1650 τῷ
738 1616 859 1650 τάγματι

71 1662 121 1688 τῶν
134 1662 308 1696 μοναςόντων
328 1661 586 1696 ἐγκατηρίθμησαν,
609 1661 634 1688 οἳ
660 1662 729 1688 κατὰ
746 1662 775 1688 τὺ
797 1671 861 1688 σω-

70 1707 194 1741 πὼμενον
207 1706 320 1733 δοκοῦσι
337 1707 542 1740 παραδέχεσθαι
559 1706 609 1742 τὴν
637 1707 771 1742 ἀγαμίαν.
788 1708 858 1739 Τοὺς

68 1750 114 1778 οὖν
143 1753 299 1787 κληρικοίις
332 1752 380 1778 καὶ
406 1752 471 1783 τοὺς
494 1752 758 1788 ἐγκρατευομένους,
781 1754 859 1789 εἰμὴ

70 1798 143 1832 παρὰ.
158 1798 206 1824 τοῦ
221 1799 376 1824 ἐπισκόπου
396 1799 413 1833 ἢ
438 1798 492 1825 τῶν
523 1799 729 1835 πρεσϐυτέρων,
757 1800 858 1836 δηλαδὴ

71 1844 105 1879 μὴ
129 1844 268 1880 παρόντος
286 1845 451 1876 ἐπισκόπου,
466 1845 656 1879 ἐπιτραπεῖεν,
686 1847 723 1880 μὴ
744 1847 858 1873 εἰσιέναι

68 1890 228 1916 κελεύουσιν
255 1891 295 1922 είς
321 1890 369 1921 τὰς
384 1890 538 1925 εἰρημένας
554 1892 701 1924 γυναῖκας·
723 1892 771 1918 καὶ
797 1893 858 1919 τότε

66 1935 92 1961 δὲ
111 1936 150 1970 μὴ
168 1936 248 1970 μόνοι
264 1935 425 1968 είσίτωσαν,
453 1935 522 1963 ἀλλὰ
540 1936 609 1970 μετὰ
626 1937 819 1971 συγκληρικῶν
840 1938 856 1971 ἢ

69 1983 124 2015 μετ’
135 1981 264 2013 ἐκείνων,
282 1982 343 2016 μεθ’
357 1978 406 2014 ὧν,
423 1982 470 2008 καὶ
481 1983 495 2008 ό
511 1982 659 2013 ἐπίσκοπος
680 1983 727 2009 καὶ
748 1984 772 2009 οί
788 1992 853 2019 πρε-

68 2027 192 2061 σϐύτεροι
209 2027 312 2053 εἰσίασι
326 2027 395 2062 πρὸς
406 2027 502 2058 αὑτάς·
519 2027 535 2063 ἢ
549 2027 607 2054 ἐκεῖ
618 2029 856 2063 ἐντυγχανέτωσαν

68 2073 172 2106 αὑταῖς,
189 2073 258 2099 ὅπου
271 2073 325 2099 εἰσὶ
351 2072 488 2108 κληρικοὶ,
515 2073 532 2108 ἢ
558 2074 627 2100 ὅπου
660 2076 731 2101 εἰσιν
753 2075 857 2110 ἔντιμοί

65 2128 133 2151 τινες
147 2119 323 2154 Χριστιανοὶ,
337 2118 410 2146 ὥστε
440 2120 532 2146 πᾶσαν
552 2120 670 2154 ὑποψίαν
705 2123 857 2156 περιαιρεῖ-

65 2165 135 2192 σθαι.
155 2165 228 2192 Κατ’
246 2165 401 2200 ἐπιτροπὴν
415 2165 454 2198 δέ,
469 2166 579 2200 φησὶνὸ
601 2166 702 2200 κανὼν,
729 2168 745 2202 ἢ
764 2167 857 2194 συναί-

65 2219 134 2238 νεσιν
147 2210 196 2237 τοῦ
211 2211 281 2237 ἰδίου
297 2211 462 2238 ἐπισκόπου.
478 2211 514 2237 Ἢ
525 2211 579 2246 γὰρ
593 2212 699 2243 ἐκεῖνος
710 2213 853 2247 ἐπιτρέψει

65 2256 101 2291 τῷ
111 2256 241 2292 κληρικῷ
251 2257 299 2290 ἀφ’
314 2256 416 2283 ἑαυτοῦ
435 2257 556 2291 κινηθεὶς
572 2257 616 2284 διά
631 2265 692 2284 τινα
705 2258 812 2293 χρείαν,
835 2258 852 2293 ἦ

66 2311 135 2334 τινος
165 2304 222 2330 τῶν
252 2303 409 2338 εἰρημένων
437 2303 601 2338 αἰτήσαντος
627 2306 770 2338 συντυχεῖν
793 2305 853 2335 ταῖς

65 2349 228 2384 εἰρημέναις
245 2349 370 2383 γυναιξὶν
380 2349 471 2381 αἰτίας
488 2349 660 2385 ἀπαιτούσης
676 2351 689 2376 ὁ
701 2350 852 2381 ἐπίσκοπος

66 2405 195 2423 συναινει.

65 2484 172 2512 ΑΡΙΣΤ.
195 2495 204 2510 ι
226 2485 362 2520 Κληρικοί
379 2485 426 2511 καὶ
456 2485 689 2520 ἐγχρατευόμενοι
712 2486 813 2521 χήραις
835 2485 851 2519 ἢ

99 2539 108 2556 ι
126 2529 282 2565 παρθένοις
297 2530 334 2565 μὴ
349 2531 537 2565 προσιέτωσαν
549 2531 575 2557 εί
592 2531 787 2566 μὴὲπισκόπου
803 2531 851 2557 καὶ

97 2584 107 2601 ι
124 2576 321 2610 πρεσϐυτέρου
335 2578 453 2612 ἐπιταγῇ
465 2585 473 2593 ⁸
489 2577 536 2603 καὶ
546 2577 618 2603 οὓτω
629 2577 665 2612 μὴ
680 2578 766 2612 μόνοι,
780 2577 849 2604 ἀλλὰ

96 2630 106 2646 ι
128 2622 191 2656 μεθ’
213 2619 254 2648 ὧν
282 2623 462 2657 πρεσϐύτεροι
488 2624 534 2650 καὶ
564 2624 685 2650 διάκονοι
712 2624 780 2657 πρὲις
803 2624 850 2655 τὰς

95 2675 106 2691 ι
126 2667 262 2697 τοιαύτας
281 2668 407 2694 εἰσίασιν.
428 2677 437 2694 ι

94 2714 138 2737 Δεῖ
157 2714 253 2739 πᾶσαν
264 2711 335 2738 εἶναι
349 2715 500 2748 ἀσξόλειαν
516 2715 569 2740 τῶν
581 2716 719 2750 παρθένιον
738 2715 847 2742 καὶτῶν

63 2758 161 2792 χηρῶν,
179 2759 238 2784 τῶν
262 2760 438 2795 τεταγμένων
453 2763 484 2797 τῇ
507 2761 662 2797 Ἑκκὶησῖᾳ,
678 2763 725 2789 καὶ
736 2761 782 2788 ὑπ’
795 2762 844 2788 αὐ-

98 2847 140 2876 ⁶¹Ι
157 2849 223 2878 Cor.
243 2857 272 2883 ιι,
293 2849 336 2877 52.

913 1570 986 1597 runt,
1000 1572 1032 1592 ett
1053 1572 1149 1599 magno
1166 1563 1277 1596 Basilio,
1297 1565 1343 1598 qui
1360 1565 1394 1591 de
1406 1564 1578 1599 professione
1592 1565 1702 1599 virgini-

913 1612 975 1638 tatis
996 1611 1175 1646 prazcipieus,
1192 1610 1397 1638 undevicesimo
1416 1618 1520 1637 canone
1536 1619 1542 1637 :
1563 1610 1699 1642 Virorum,

912 1657 1011 1692 inquit,
1031 1657 1131 1684 nullam
1149 1657 1274 1685 novimus
1291 1657 1497 1691 professionem,
1519 1663 1699 1691 pra‘tcrquam

910 1704 933 1731 si
959 1704 1005 1738 qtti
1032 1704 1137 1738 seipsos
1162 1704 1356 1730 monachorum
1383 1704 1473 1730 ordini
1496 1705 1696 1738 manciparuut,

910 1751 956 1785 qni
976 1749 1086 1783 quidem
1106 1749 1216 1777 silentio
1230 1749 1387 1776 caelibatum
1403 1749 1529 1776 videntur
1543 1749 1698 1776 admittere.

910 1794 1006 1822 Clerici
1029 1794 1120 1829 igitur,
1142 1799 1170 1821 et
1193 1794 1239 1828 qui
1268 1794 1464 1821 continentiam
1488 1794 1604 1828 professi
1626 1801 1698 1826 sunt,

910 1840 960 1867 nisi
983 1840 1017 1866 ab
1038 1840 1179 1873 episcopo,
1196 1839 1238 1865 vel
1274 1847 1289 1865 a
1307 1839 1483 1874 presbyteris,
1509 1839 1555 1866 illo
1575 1840 1699 1866 videlicet

909 1886 1032 1917 absente,
1054 1885 1207 1912 facultatem
1232 1885 1449 1918 impetraverint,
1472 1889 1698 1911 commemoratas

910 1931 1037 1957 mulieres
1061 1929 1136 1956 adire
1174 1929 1350 1963 prohibentur
1373 1937 1379 1955 :
1396 1934 1423 1956 et
1444 1936 1509 1956 vero
1526 1936 1614 1963 neque
1635 1934 1696 1956 tunc

909 1982 1015 2010 quoque
1031 1974 1093 2006 soli,
1108 1975 1154 2001 sed
1174 1973 1214 2001 vel
1232 1974 1381 2001 consociati
1402 1974 1522 2006 clericis,
1536 1974 1576 2001 vel
1592 1981 1696 2006 eorum,

908 2028 977 2055 quos
998 2027 1089 2048 secum
1117 2020 1264 2055 episcopus
1286 2024 1312 2047 et
1337 2021 1487 2055 presbyteri
1517 2020 1549 2046 ad
1571 2020 1630 2048 illas
1651 2021 1690 2046 ad-

907 2071 1002 2094 euntes
1013 2066 1142 2093 adhibere
1154 2066 1251 2098 solent,
1265 2066 1393 2093 comitatu
1410 2066 1477 2100 srpti
1493 2065 1696 2100 ingrediantur;

908 2117 954 2140 aut
973 2113 1017 2140 ubi
1042 2113 1134 2140 clerici
1150 2113 1249 2147 aliique
1271 2112 1375 2139 honesti
1401 2112 1527 2139 homines
1547 2112 1696 2139 Christiani

907 2158 1052 2190 intersint,
1078 2162 1107 2185 ut
1132 2159 1230 2185 nullius
1252 2159 1400 2193 suspicioni
1418 2158 1588 2192 relinquatur
1610 2159 1695 2191 locus,

871 2201 892 2229 D
907 2213 954 2233 eas
979 2205 1161 2239 alloquautttr.
1183 2204 1219 2231 Ex
1237 2205 1417 2238 permissione
1431 2209 1532 2237 autem,
1549 2206 1636 2240 inquit
1651 2214 1697 2233 ca-

906 2259 973 2284 nou,
1003 2251 1105 2286 proprii
1133 2251 1265 2285 episcopi,
1290 2251 1330 2277 vel
1353 2259 1496 2278 consensu.
1515 2251 1582 2278 Nam
1607 2253 1646 2280 vel
1674 2255 1695 2276 ia

907 2305 956 2325 sua
990 2302 1086 2331 sponte
1109 2296 1210 2324 clerico
1228 2297 1262 2324 ob
1285 2297 1427 2324 utilitatem
1454 2297 1570 2332 aliquam
1589 2298 1614 2324 id
1636 2308 1694 2333 pcr-

907 2343 1006 2375 mittct,
1021 2343 1062 2370 vel
1083 2343 1117 2370 ab
1139 2342 1230 2377 aliquo
1246 2350 1339 2370 eorutn
1358 2350 1426 2376 quos
1442 2343 1560 2371 diximus
1576 2351 1693 2378 rogatus,

909 2390 954 2425 qui
967 2393 1139 2416 euumeratas
1158 2389 1294 2422 mulieres,
1312 2389 1383 2423 justa
1402 2395 1482 2415 causa
1499 2389 1692 2423 intercedente,

907 2435 1052 2463 convenire
1065 2435 1139 2468 velit,
1157 2435 1300 2469 episcopus
1313 2440 1425 2462 annuet.

906 2480 1019 2508 ARIST.
1039 2489 1048 2506 ι
1070 2481 1167 2508 Clerici
1184 2485 1209 2508 et
1228 2481 1398 2509 continentes
1412 2483 1445 2509 ad
1463 2483 1557 2510 viduas
1576 2481 1615 2508 vel
1636 2481 1690 2507 vir-

945 2537 954 2553 ι
974 2528 1050 2562 gincs
1071 2535 1106 2554 ne
1124 2527 1272 2560 accedant;
1291 2528 1341 2554 nisi
1354 2528 1431 2562 jussu
1451 2528 1568 2563 cpiScopi
1584 2532 1610 2554 cl
1630 2535 1691 2560 prc—

942 2579 950 2596 ι
971 2571 1071 2606 sbyteri
1087 2578 1095 2597 :
1109 2576 1135 2598 et
1146 2571 1185 2598 sic
1200 2578 1252 2597 non
1262 2571 1323 2604 soli,
1339 2571 1384 2598 sed
1398 2579 1457 2598 cum
1474 2571 1517 2602 iis,
1529 2571 1689 2605 quibusutm

937 2627 945 2643 ι
966 2617 1116 2652 presbyteri
1130 2621 1155 2644 et
1171 2617 1275 2645 diaconi
1291 2617 1324 2644 ad
1342 2624 1387 2644 eas
1405 2617 1548 2644 accedunt.
1571 2625 1580 2640 ι

938 2715 1051 2743 Omnem
1062 2721 1167 2750 oportet
1180 2715 1299 2742 adhileti
1313 2723 1403 2741 curant
1417 2713 1548 2747 virginum
1560 2716 1584 2738 et
1598 2712 1690 2738 \‘idua-

906 2770 964 2789 rum
988 2762 1014 2789 itt
1036 2761 1155 2790 Ecclesia
1180 2762 1398 2792 constitutarum,
1420 2764 1445 2786 ct
1466 2758 1500 2785 ab
1516 2765 1546 2785 ca
1562 2758 1690 2787 altarum.
