1905 3083
60 141 109 172 205

91 255 102 272 1
120 246 198 272 τοῦτο
212 245 419 280 συμὸάλλεσθαι
439 246 472 280 τῇ
486 244 544 271 τῶν
556 244 731 279 Χριστιανῶν
745 244 845 278 εἰρήνῃ

91 301 103 320 1
121 293 234 327 φανείη,
251 294 281 319 ὲν
303 293 364 322 ταῖς
389 291 471 322 ἰδίαις
504 292 600 326 τιμαῖς
624 291 727 322 αὐτοὺς
752 290 848 317 ἀναδε-

95 349 105 365 ‹
125 339 242 373 χθῆναι·
257 338 350 369 καθὼς
369 337 416 363 καὶ
439 338 468 363 ἐν
483 339 538 367 τοῖς
555 335 725 372 προλαὸοὖσι
739 336 846 371 χρόνοις

95 393 105 410 1
126 384 193 419 περὶ
211 385 262 418 τῆς
283 383 370 418 αὐτῆς
385 382 556 413 διαστάσεως
581 381 711 416 γενέσθαι
731 381 848 415 φανερόν

95 441 105 457 1
124 432 199 457 ἐστιν
214 439 222 446 ·
245 431 314 464 ὅπερ
336 429 444 456 πολλῶν
472 429 521 456 καὶ
543 428 638 463 σχεδὸν
668 427 765 454 πασῶν
789 427 846 454 τῶν

96 487 106 503 1
128 479 157 504 ἐν
169 479 203 512 τῇ
222 477 343 511 ’Δφρικῇ
369 476 535 510 ἐκκλησιῶν,
561 476 590 501 ιν
621 471 663 506 αἷς
689 474 705 509 ἡ
732 473 846 508 τοιαύτη

97 532 106 548 1
126 522 215 556 πλάνη
232 521 352 556 ἁνεφύη,
368 522 402 547 τὰ
414 520 630 556 παραδείγματα
649 519 844 555 μαρτύρονται·

97 577 106 594 1
125 568 174 603 οὑχ
187 568 231 594 ἵνα
252 568 269 602 ἡ
286 567 397 598 σύνοδος
413 568 429 602 ἡ
446 568 474 593 ὲν
490 567 546 598 τοῖς
566 565 772 601 περαματικοῖς
800 563 848 598 μέ-

100 625 109 640 1
129 623 188 650 ρεστ
221 614 287 649 περὶ
313 613 409 640 τούτου
437 613 484 640 τοῦ
501 623 504 626 ⁴
523 612 686 648 πράγματος
713 609 848 645 γενομένη

97 669 106 685 1
124 659 249 694 διαλυθῇ,
272 658 331 685 ἀλλ’
347 658 391 685 ἳνα
407 658 495 684 ἐκεῖνο
513 657 593 692 μείνῃ
609 655 751 691 περὶ.τοὺς
761 654 848 685 οὕτως

98 715 107 731 1
126 705 268 740 μετελθεῖν
283 704 352 738 πρὸς
372 704 421 739 τὴν
438 703 586 736 καθολικὴν
606 701 768 736 Ἐκκλησίαν
786 701 848 735 βον-

96 761 105 777 ι
122 750 264 786 λομενους,
280 749 352 776 ὥστε
377 742 512 784 μηδεμίαν
524 749 570 775 ἐπὶ
585 748 687 775 τούτων
713 747 764 782 τῆς
793 745 850 772 ἑνό-

99 807 107 822 ι
126 804 208 831 τητος
224 795 371 831 συντομίαν
387 793 627 830 περιεργάζεσθαι.
637 793 676 819 Δι’
685 789 721 819 ὦν
732 793 759 818 δὲ
768 791 849 819 παντὶ

97 853 106 869 1
122 843 216 878 τρόπῳ
235 841 429 876 ἐκτελεσθῆναι
446 841 492 867 καὶ
519 839 724 875 προσϐοηθῑψαι
751 838 768 872 ἡ
783 837 850 864 καθ-

97 899 105 915 1
122 889 199 924 ολεκὴ
228 888 323 922 ἑνότη;
355 886 464 922 φανερῷ
499 885 590 921 κέρδει
616 885 670 911 τῶν
697 882 848 917 ἀδελφικῶν
866 880 885 907 Β

94 943 104 962 1
120 934 214 969 ψυχῶν
229 934 329 968 φανείη
342 933 370 959 ὲν
385 933 442 964 τοῖς
456 931 559 964 τόποις,
575 928 616 962 οἷς
641 929 791 963 διάγουσιν,
811 927 847 962 μὴ

93 989 104 1006 1
123 979 261 1016 ὲμποδίσῃ
271 979 383 1008 τούτους
399 978 430 1005 τὸ
452 977 562 1013 ὁρισθὲν
586 977 658 1003 κατὰ
673 976 728 1003 τῶν
757 973 848 1008 τιμῶν

94 1033 103 1050 ι
123 1024 216 1051 αὐτῶν
247 1025 276 1049 ἐν
293 1023 326 1058 τῇ
355 1023 532 1058 περαματικῇ
557 1021 668 1056 συνόδῳ,
693 1020 794 1046 ὁπόταν
817 1018 848 1045 τὸ

96 1079 106 1094 1
125 1068 249 1103 σωθῆναι
277 1067 369 1094 οὐδενὶ
384 1066 525 1101 προσώπῳ
541 1063 847 1095 ἀποκέκλεισται,τοῦτ“

95 1123 104 1140 1
123 1114 199 1141 ἔστιν
216 1114 261 1141 ἵνα
278 1114 304 1139 οί
318 1111 554 1148 χειροτονηθέντες
577 1112 607 1137 ἐν
622 1111 661 1146 τῷ
677 1111 732 1136 τῶν
761 1106 847 1136 Δονα-

94 1169 104 1186 1
124 1159 226 1186 τιστῶν
237 1159 330 1194 μέρει,
349 1158 398 1185 ἐὰν
411 1158 480 1193 πρὸς
508 1157 557 1192 τὴν
580 1155 729 1192 καθολικὴν
755 1155 847 1182 πίστιν

95 1215 104 1231 ι
124 1205 320 1241 διορθωθέντες
340 1204 481 1240 μετελθεῖν
495 1204 645 1238 θελήσοιεν,
662 1202 699 1238 μὴ
715 1201 785 1228 κατὰ
799 1201 848 1236 τὴν

95 1261 105 1277 1
125 1250 325 1285 περαματικὴν
359 1249 469 1276 σύνοδον
503 1248 541 1284 μὴ
569 1247 700 1283 δεχθῶσιν
727 1249 756 1274 ὲν
787 1247 848 1278 ταῖς

95 1306 106 1322 1
123 1297 241 1327 οίκείαις
259 1296 361 1330 -τιματς
372 1303 379 1310 ·
406 1294 474 1321 ἀλλὰ
491 1293 590 1329 μᾶλλον
617 1289 692 1319 οὗτοι
715 1291 849 1327 προσδεχ-

96 1353 106 1368 1
124 1343 206 1376 θῶσι,
221 1341 258 1368 δι’
274 1338 313 1369 ὧν
328 1342 361 1377 τῇ
378 1341 507 1376 καθολικῇ
520 1340 627 1374 ἑνότητι
643 1338 766 1373 γίνεσθαι
781 1337 847 1372 πρό-

96 1399 107 1415 1
124 1397 196 1415 νοια.
227 1397 237 1414 Ι

95 1446 194 1473 ΒΔΛΣ.
213 1446 269 1472 Καὶ
283 1442 365 1477 οὗτος
382 1445 397 1471 ό
419 1443 510 1472 κανὼν
540 1443 622 1475 ῑδικός
643 1444 726 1469 ἐστιν.
746 1442 848 1477 Ἠρεσε

61 1492 113 1527 γὰρ
124 1493 183 1523 τοῖς
200 1492 329 1526 Πατράσι
352 1490 477 1526 δέχεσθαι
496 1491 559 1522 τοὺς
574 1489 628 1516 ἀπὸ
656 1489 712 1515 τῶν
737 1490 848 1514 Δονατι-

62 1539 132 1564 στῶν
152 1538 392 1574 προσερχομένους
411 1539 444 1572 τῇ
485 1535 618 1572 ὀρθοδόξῳ
648 1535 749 1566 πίστει,
778 1533 848 1560 ὥστε

61 1585 132 1619 ἔχειν
146 1585 247 1616 αὐτοὺς
265 1584 328 1615 τοὺς
347 1584 465 1614 οἰκείους
478 1582 632 1617 ἱερατικοὺς
651 1580 782 1616 βαθμοὺς,
797 1579 849 1606 κᾶν

60 1629 147 1660 ἄλλως
159 1629 234 1661 εδοξε
245 1628 282 1654 τὰ
297 1628 361 1662 περὶ
372 1627 466 1654 τούτου
492 1628 520 1653 ὲν
532 1628 565 1662 τῇ
593 1625 769 1661 περαματικῇ
787 1632 849 1651 συν-

61 1675 124 1710 όδῳ,
138 1674 225 1710 ἧγουν
241 1674 276 1709 τῇ
297 1675 326 1700 ὲν
346 1673 456 1708 Ἰταλίᾳ.

97 1731 220 1759 ΖΩΝΔΡ.
238 1731 308 1766 Περὶ
322 1731 492 1758 Δονατιστῶν
508 1730 556 1756 xui.
571 1725 648 1761 οὗτος
659 1730 673 1756 ό
690 1729 780 1756 κανὼν
793 1728 851 1755 δια-

62 1778 204 1810 τάττεται,
220 1777 308 1804 πολλὰ
323 1778 374 1812 μὲν
389 1776 495 1810 διεξιὼν
506 1776 554 1803 καὶ
565 1776 786 1811 ἀπολογούμενος
809 1775 850 1802 ὅτι

59 1824 232 1850 ἐναντιοῦται
241 1825 275 1858 τῇ
292 1824 322 1850 ὲν
331 1824 388 1855 τοῖς
408 1824 504 1858 μέρεσι
516 1822 566 1856 τῆς
586 1821 702 1853 Ἰταλίας
716 1820 851 1857 γενομένῃ

60 1870 175 1905 συνόδῳ,
189 1870 236 1897 καὶ
255 1870 375 1905 όρισάσῃ
388 1869 424 1904 μὴ
437 1868 565 1904 δέχεσθαι
576 1869 640 1899 τοὺς
654 1868 686 1894 ὲκ
706 1868 756 1902 τῆς
771 1867 849 1900 αἰρέ-

61 1924 130 1947 σεως
141 1916 196 1942 τῶν
212 1915 385 1942 Δονατιστῶν
405 1914 644 1950 προσερχομένους
668 1915 703 1949 τῇ
718 1909 850 1948 ὀρθοδόξῳ

61 1965 165 1996 πίπτει,
178 1962 250 1990 ὥστε
264 1962 339 1997 ἔχειν
357 1961 434 1993 αὖθις
452 1961 552 1992 αὐτοὺς
567 1961 629 1991 τοὺς
642 1959 759 1991 οἰκείους
775 1961 850 1994 ἱερα-

59 2010 151 2039 τικοίις
168 2007 308 2043 βαθμούς.
339 2006 439 2032 Τνπῶν
456 2005 485 2032 δὲ
500 2006 546 2032 και
559 2004 770 2039 δισταττόμενος
786 2003 850 2035 τοὺς

59 2053 308 2090 χειροτονηθέντας
333 2052 386 2078 ὑπὸ
414 2051 582 2078 Δονατιστῶν
614 2051 773 2086 κληρικοὺς.
803 2050 851 2077 ἐὰν

60 2100 234 2136 προσέλθωσι
252 2101 287 2135 τῇ
317 2099 448 2134 καθολικῇ
471 2097 632 2133 Ἐκκλησία,
661 2097 787 2131 δέχεσθαι
822 2097 850 2122 ὲν

59 2148 117 2178 ταῖς
135 2146 253 2176 οἰκείαις
272 2146 381 2180 τιμαῖς,
402 2144 472 2171 ὥστε
499 2144 601 2178 δηλαδὴ
627 2143 701 2178 ἔχειν
728 2143 850 2173 ἐκείνους

59 2193 122 2223 τοὺς
138 2192 260 2223 οἰκείους
284 2191 420 2226 βαθμοὺς,
432 2191 479 2217 καὶ
494 2190 555 2217 κατ’
570 2190 692 2220 ἐκείνους
704 2188 849 2223 τιμᾶσθαι,

60 2237 109 2264 καὶ
129 2237 168 2271 μὴ
184 2237 257 2263 κατὰ
266 2236 318 2272 τὴν
330 2234 524 2271 περαματικὴν
536 2235 658 2265 σύνοδον,
673 2234 711 2270 μὴ
723 2233 848 2269 δέχεσθαι

59 2284 123 2315 τοὺς
132 2283 274 2312 τοιούτους
292 2283 321 2308 ὲν
336 2283 395 2313 ταῖς
417 2284 510 2316 τιμαῖς
536 2281 635 2308 αὐτῶν.
656 2280 849 2316 Περιιματικὴν

58 2330 88 2355 δὲ
100 2329 212 2355 σύνοδον
226 2328 301 2362 λέγει
314 2327 361 2364 τὴν
375 2329 404 2355 ὲν
430 2327 530 2362 Ἰταλίᾳ
541 2324 708 2362 γενομένην,
720 2327 757 2357 ὼς
773 2325 850 2361 εἴρη-

59 2384 116 2402 ται.
135 2374 300 2409 Δεχομένων
313 2373 378 2409 γὰρ,
389 2376 466 2408 φησι,
489 2373 543 2399 τῶν
557 2372 730 2399 Δονατιστῶν
749 2373 779 2398 ὲν
794 2372 850 2403 τοῖς

59 2421 173 2452 οἰκείοις
187 2420 317 2455 βαθμοῖς,
331 2420 448 2454 πρόνοια
473 2419 578 2454 γίνεται
602 2421 635 2454 τῇ
647 2417 778 2452 καθολικῇ
791 2417 851 2444 ἑνό-

60 2477 124 2503 τητι
135 2475 142 2482 ·
162 2467 299 2493 πλειόνων
314 2464 436 2502 δηλονότι
453 2465 527 2492 οὕτω
540 2464 693 2500 μελλόντων
706 2464 851 2499 προσιέναι

59 2516 93 2548 τῇ
110 2512 249 2548 όρθοδόξῳ
273 2511 377 2544 πίστει,
405 2512 454 2538 aut
474 2511 599 2546 ὲνάτητος
625 2511 776 2545 γενομένης
795 2509 850 2536 τῶν

61 2559 258 2586 πιστευόντων.

62 2616 171 2645 ΔΡΙΣΤ.
197 2625 206 2642 1
227 2616 259 2642 Οἱ
274 2615 327 2642 ὑπὸ
339 2615 393 2642 τῶν
407 2615 572 2642 Δονατιστῶν
589 2615 850 2650 κεχειροτονημένοι,

99 2671 108 2686 1
130 2663 154 2688 εί
171 2662 220 2687 καὶ
232 2661 266 2695 τῇ
287 2660 407 2695 πέραθεν
421 2660 522 2694 συνόδῳ
548 2660 762 2695 μεταμελόμενοι
780 2661 853 2687 ἁπο-

98 2719 107 2736 1
129 2709 298 2740 κέκλεινται,
321 2707 377 2734 ἀλλ’
391 2708 452 2733 ἐπεὶ
465 2708 495 2734 τὸ
509 2707 626 2742 σωθῆναι
640 2708 743 2738 πάντας
759 2707 850 2740 καλὸν,

97 2767 106 2783 1
129 2756 322 2791 διορθούμενοι
337 2754 588 2790 προσδεχέσθωσαν.
609 2764 618 2780 ι

95 2812 174 2840 Οὗτοι
191 2814 216 2839 ol
234 2811 394 2839 Δονατισταὶ
410 2811 635 2846 μεταμελόμενοι,
655 2811 704 2837 καὶ
720 2810 768 2846 τὴν
783 2810 852 2837 ἰδίαν

61 2860 307 2896 ἁναθεματίζοντες
323 2856 436 2892 αἵρεσιν,
447 2858 493 2884 ἐπὶ
512 2857 560 2890 τῆς
578 2857 645 2888 ιδίας
661 2858 741 2893 τιμῆς
760 2856 851 2892 μένειν

222 2907 345 2937 Parnm
354 2924 364 2936 .
383 2904 440 2936 Gtt.
459 2904 651 2938 CXXXVIII.

569 143 609 173 IN
629 129 710 173 ctN.
730 141 824 172 LXXI
863 141 967 173 conc.
989 141 1174 173 CARTHAG.

89 209 99 226 1
119 200 194 235 αὑτῷ
208 201 285 234 τόπῳ
307 199 494 236 κυϐερνῶντος
521 200 571 235 τὴν
596 200 770 235 Ἐκκλησίαν,
797 199 845 226 ἐὰν
859 204 882 231 Α

934 199 1107 228 1honoribus
1151 201 1350 236 suSt-ipiantur:
1391 205 1616 238 quemadmodum
1656 208 1683 234 in

935 255 943 269 1
962 247 1098 280 prioribus
1131 249 1295 282 temporibus
1324 251 1356 277 de
1384 252 1479 278 eadem
1509 252 1680 279 dissensione

936 300 944 316 1
964 291 1063 319 factum
1098 300 1159 320 esse
1189 295 1359 322 manifestum
1388 301 1445 328 est;
1477 298 1548 331 quod
1574 298 1683 332 quidem

935 347 943 362 1
964 338 1109 365 multarum
1135 344 1215 374 alque
1228 341 1295 367 adeo
1307 340 1363 367 fere
1392 343 1512 369 omnium
1537 344 1563 370 in
1593 344 1682 371 Africa

935 390 944 406 1
961 382 1148 417 ecclesiarum,
1187 385 1213 410 in
1228 385 1325 419 quibus
1347 385 1390 412 hic
1407 393 1484 414 error
1505 393 1615 416 exortus
1630 395 1682 422 est,

942 437 951 452 1
969 429 1091 463 exempla
1107 434 1250 457 testantur.
1264 430 1320 458 Non
1335 437 1363 457 ut
1380 433 1510 467 synodus,
1531 441 1590 468 quae
1610 435 1642 462 de
1653 443 1683 461 ea

941 485 950 501 1
965 482 995 502 re
1011 474 1083 503 facta
1107 477 1190 503 estin
1213 479 1402 506 transmarinis
1429 480 1562 513 partibus,
1591 481 1683 509 dissol-

937 530 945 547 1
962 527 1058 554 vatur;
1074 521 1120 549 sed
1149 527 1177 548 ut
1191 523 1269 549 ‘illud
1285 529 1393 551 maneat
1410 525 1481 559 apud
1502 533 1560 557 eos,
1577 527 1622 560 qui
1646 528 1684 554 sic

937 576 946 592 1
964 567 1057 594 volunt
1078 567 1110 593 ad
1133 568 1293 595 catholicam
1319 569 1468 597 Ecclesium
1503 573 1631 604 transire,
1656 579 1685 600 ιιι

941 621 950 637 1
970 612 1070 639 nullam
1087 613 1112 639 in
1125 619 1157 639 eo
1177 613 1284 641 unionis
1301 615 1485 642 concisionem
1511 617 1619 644 elﬁciat.
1635 617 1686 645 Per

939 667 947 683 1
961 665 1029 692 quos
1041 663 1130 685 autem
1147 659 1284 687 omnibus
1304 661 1390 687 modis
1418 661 1485 689 silici
1511 659 1550 690 σι’
1564 664 1685 697 adjuvari

938 713 947 729 1
964 704 1126 731 catholicam
1145 706 1283 739 unionem,
1307 707 1451 735 manifesto
1466 709 1541 736 lucro
1552 710 1686 738 fraternu-

939 758 948 774 1
967 757 1024 776 rum
1043 751 1408 785 animarum,apparueritin
1420 753 1451 779 iis
1465 753 1530 781 locis
1546 754 1574 781 in
1589 756 1685 790 quibus

939 804 948 820 1
964 794 1074 829 degunt,
1090 803 1123 823 ne
1142 803 1188 823 eos
1202 798 1330 832 impediat
1345 800 1416 832 quod
1436 800 1567 827 adwrsus
1592 807 1685 828 eorum

941 851 949 866 1
968 841 1084 869 honores
1095 842 1122 869 in
1137 844 1317 871 transmarina
1333 846 1436 880 synodo
1445 847 1620 874 constitutum
1634 843 1686 875 est:

938 896 948 914 1
964 888 1181 922 quandoquidem
1203 890 1276 916 salus
1292 891 1355 917 nulli
1376 898 1498 925 persona:
1512 893 1622 920 exclusa
1633 888 1687 921 est.

939 942 948 958 1
965 933 1020 960 Hoc
1040 938 1091 966 est,
1112 939 1141 961 ut
1158 935 1202 968 qui
1236 936 1280 970 qui
1299 936 1407 964 fuérunt
1433 939 1549 966 ordinati
1567 947 1581 966 a
1609 946 1686 974 parte

939 989 948 1005 1
972 979 1182 1013 Donatistarum,
1202 982 1225 1008 si
1268 982 1301 1009 ad
1324 983 1488 1010 catholicam
1518 985 1596 1012 iidem
1622 994 1685 1014 cor-

940 1035 948 1050 1
969 1025 1033 1052 recti
1049 1025 1165 1053 transire
1174 1026 1380 1060 voluerint,non
1397 1029 1687 1058 secundumtransma-

940 1070 1050 1097 1rinam
1064 1072 1196 1106 synodum
1223 1080 1275 1100 non
1300 1064 1487 1108 suscipiantur
1516 1075 1544 1102 in
1571 1077 1686 1112 propriis

940 1125 948 1141 1
965 1116 1132 1144 honoribus:
1156 1118 1202 1145 sed
1229 1118 1246 1145 ii
1273 1119 1357 1154 magis
1385 1120 1589 1155 suscipiuntur,
1634 1130 1682 1157 per

940 1170 949 1186 1
965 1169 1032 1196 quos
1049 1162 1191 1190 catholicae
1206 1163 1303 1190 unitati
1323 1164 1492 1198 providetur.

937 1447 1035 1476 BALS.
1052 1447 1101 1476 llic
1114 1456 1219 1484 quoque
1234 1458 1319 1478 canon
1346 1457 1387 1478 est
1415 1453 1558 1486 specialis.
1585 1453 1689 1481 Placuit

902 1494 973 1520 enim
995 1493 1132 1526 Patribus,
1152 1500 1181 1522 ut
1198 1496 1244 1530 qui
1261 1503 1292 1523 cx
1315 1497 1461 1525 Donatistis
1478 1499 1510 1525 ad
1535 1498 1614 1526 ﬁdem
1644 1507 1688 1527 or-

864 1555 885 1583 c
903 1538 1047 1566 thodoxam
1057 1540 1200 1571 accedunt,
1226 1541 1262 1567 ita
1288 1542 1481 1577 suscipiantur,
1503 1549 1532 1571 ut
1557 1551 1621 1571 suos
1643 1552 1689 1573 sa-

902 1591 965 1611 cros
990 1585 1092 1618 gradus
1109 1585 1267 1613 obtineant:
1284 1587 1389 1614 etiamsi
1407 1587 1485 1614 aliter
1500 1588 1532 1616 de
1550 1596 1582 1616 eo
1595 1589 1683 1616 visum

901 1630 937 1657 sit
953 1630 979 1657 iu
994 1632 1174 1658 transmarina
1188 1633 1301 1667 synodo,
1322 1641 1369 1661 seu
1401 1633 1428 1660 in
1447 1634 1534 1661 Italia.

938 1729 1064 1758 ZONAR.
1097 1731 1134 1758 De
1151 1731 1299 1759 Donatistis
1316 1733 1360 1760 hic
1376 1740 1484 1768 quoque
1515 1742 1600 1762 canon
1631 1740 1686 1761 sta-

903 1776 963 1804 tuit.
983 1775 1335 1812 thuidem,quamobrem
1370 1779 1397 1805 in
1414 1779 1490 1806 [talia
1517 1781 1615 1807 habitae
1643 1788 1688 1815 sy-

902 1821 973 1848 nodo
990 1822 1161 1854 adversetur,
1179 1830 1232 1857 qua
1252 1823 1419 1856 Donatistae,
1437 1824 1459 1851 si
1477 1824 1510 1851 ad
1539 1825 1620 1852 lidcm
1640 1833 1688 1852 or-

904 1867 1050 1894 tltodoxnm
1066 1873 1279 1900 reverterentur,
1299 1869 1380 1904 605
1407 1870 1432 1896 iu
1451 1878 1589 1897 sacrorum
1613 1872 1689 1898 ordi-

902 1921 966 1940 num
996 1913 1125 1947 gradibus
1151 1921 1313 1948 permanere
1334 1915 1445 1942 vetitum
1474 1915 1571 1948 fuerat,
1597 1917 1689 1944 multis

903 1961 1017 1995 exponit
1031 1966 1057 1988 et
1086 1961 1291 1988 excusationem
1318 1963 1453 1990 contexit.
1483 1961 1551 1991 Tum
1568 1971 1632 1990 vero
1661 1969 1690 1990 ut

901 2006 1006 2038 clerici,
1023 2007 1094 2042 quia
1112 2003 1263 2034 Donatistis
1292 2008 1402 2035 ordines
1425 2017 1581 2043 suscepere,
1608 2010 1630 2036 si
1655 2010 1688 2036 ad

901 2051 1052 2080 Ecclesium
1075 2052 1238 2079 catholicam
1256 2059 1286 2079 se
1301 2052 1455 2085 conferant,
1471 2053 1497 2080 in
1525 2053 1583 2081 suis
1615 2054 1689 2081 ordi-

901 2098 981 2125 nibus
1000 2102 1137 2129 maneant,
1152 2105 1304 2132 eorumque
1329 2099 1530 2133 prmrogativis,
1562 2106 1611 2134 pro
1637 2108 1686 2127 cu-

899 2145 997 2178 jusque
1012 2144 1115 2171 ordinis
1136 2144 1256 2176 ratione,
1277 2143 1420 2177 fruantur;
1450 2153 1536 2179 neque
1567 2153 1629 2172 vero
1657 2146 1690 2173 iis

902 2191 1063 2225 spolientur,
1082 2189 1308 2224 quemadmodum
1325 2191 1352 2217 in
1377 2193 1557 2218 transmarina
1586 2193 1689 2227 synodo

901 2236 1077 2263 constitutum
1088 2234 1186 2268 fuerat,
1199 2235 1361 2264 decernunt.
1378 2235 1601 2264 Transmarinam
1624 2246 1689 2265 vero

901 2283 1044 2318 synodum,
1060 2289 1120 2310 eam
1133 2290 1192 2317 qua:
1215 2283 1242 2309 in
1263 2282 1351 2316 Italia,
1387 2287 1416 2310 ιιι
1439 2284 1568 2317 diximus,
1595 2290 1688 2312 coaeta

900 2335 952 2362 est,
967 2331 1100 2357 nominat.
1119 2329 1186 2356 Cum
1199 2329 1269 2356 enim
1287 2328 1453 2362 Donatistas,
1470 2328 1570 2363 inquit,
1597 2329 1623 2356 in
1639 2337 1689 2357 suo

901 2382 1036 2410 quemque
1052 2375 1147 2401 ordine
1165 2374 1330 2409 suscipimus
1348 2375 1492 2402 catholicae
1517 2375 1597 2402 simul
1629 2375 1690 2402 uni-

902 2422 950 2447 tati
967 2420 1160 2456 prospicimus.
1175 2421 1213 2448 Ex
1228 2421 1279 2447 hoc
1309 2428 1425 2454 namque
1454 2420 1512 2452 ﬁet,
1541 2425 1572 2448 ut
1598 2422 1689 2455 plures

902 2467 1078 2494 orthodoxam
1089 2466 1169 2493 [idem
1186 2466 1397 2500 amplectantur,
1414 2474 1445 2493 ac
1466 2466 1578 2501 proinde
1602 2466 1689 2500 magis

902 2520 934 2539 ac
947 2512 1032 2547 magis
1045 2513 1072 2539 in
1096 2512 1153 2540 dies
1169 2512 1338 2539 credentium
1358 2513 1447 2540 unitas
1462 2513 1604 2539 coalescat.

904 2614 1016 2642 ARIST.
1036 2623 1045 2640 1
1062 2613 1112 2648 Qui
1137 2621 1152 2640 a
1186 2612 1333 2641 Donatistis
1355 2613 1532 2645 ordinantur,
1547 2611 1653 2638 etiamsi
1672 2619 1688 2639 ει

940 2671 949 2688 1
969 2662 1073 2698 synodo
1089 2662 1271 2689 transmarina
1290 2655 1479 2696 resipisccntcs
1496 2657 1596 2685 exclusi
1613 2663 1686 2691 sunt,

941 2718 949 2733 1
975 2716 1035 2735 cum
1050 2715 1115 2735 vero
1130 2708 1232 2735 bonum
1250 2708 1286 2734 sit
1307 2712 1336 2734 ut
1349 2711 1444 2734 omnes
1459 2704 1607 2736 solventur,
1622 2703 1643 2730 si
1660 2711 1688 2731 se

941 2763 950 2780 1
971 2754 1118 2788 corrigunt,
1138 2754 1311 2788 recipiantur.
1333 2762 1342 2778 ι

939 2812 970 2839 lli
993 2812 1137 2839 Donatista:
1153 2811 1312 2845 poenitentia
1329 2811 1392 2842 acti,
1411 2815 1435 2837 et
1460 2809 1595 2845 propriam
1620 2814 1687 2834 ana-

905 2857 1113 2887 tliematizantcs
1129 2857 1264 2889 haeresim,
1281 2856 1308 2883 in
1334 2856 1443 2892 proprio
1460 2856 1562 2883 honore
1580 2858 1690 2882 manere

1489 2902 1505 2933 9
