1905 3083
192 159 244 192 261

826 152 965 185 ΤΗΕΟΙ).
986 152 1186 184 BALSAMON

1777 149 1837 180 968

199 215 403 255 permittuntur,
421 219 447 242 et
464 214 492 242 in
511 214 650 250 catholicae
665 211 793 241 Ecclesiae
810 210 884 238 clero
900 209 983 236 collo-

1076 210 1278 245 νεχωρήθησαν,
1293 210 1340 238 καὶ
1357 210 1396 247 τῷ
1413 209 1507 245 κλήρῳ
1521 208 1570 242 τῆς
1587 207 1752 241 καθολικῆς.
1772 207 1839 232 Ἐκ-

198 262 271 291 cari.
283 262 344 297 quia
362 262 451 289 Africa
466 261 549 290 multa
562 261 669 288 laborat
683 259 842 287 clericorum
855 259 983 288 egestate.

462 349 576 378 CANUN
613 347 720 377 LXXII.

201 408 209 425 ι
231 399 266 426 Ut
282 398 379 434 legatio
393 397 517 424 mittatur
534 397 566 423 ad
584 395 739 423 Donatistas
753 394 786 422 de
797 398 984 429 componenda

235 455 245 472 ι
265 452 340 480 pace.
357 443 453 472 Postea
475 442 586 478 placuit,
620 447 648 469 ut
674 441 716 468 bis
741 440 810 468 actis
834 446 868 467 ex
893 443 987 468 nostro

236 499 244 515 ι
265 497 378 516 numero
395 489 536 516 mittantur
560 487 641 524 legati
668 494 716 521 pro
733 484 902 520 praedicanda
922 490 988 518 pace

235 544 244 560 ι
261 540 287 563 et
313 535 425 566 unione,
442 535 500 562 sine
523 541 576 569 qua
602 532 820 560 Christianorum
837 530 911 558 salus
936 536 988 557 non

237 591 246 606 ι
266 585 354 616 potest
382 580 544 612 consistere,
567 579 600 606 ad
627 578 748 613 ipsorum
767 576 988 607 Donatistarum,

237 635 246 652 ι
265 626 321 653 sive
344 633 413 660 quos
435 625 535 653 habent
559 624 712 659 episcopos,
741 622 798 650 sive
821 620 915 654 laicos;
943 627 990 655 per

239 681 247 696 ι
268 678 337 705 quos
354 671 464 705 legatos
494 670 618 697 omnibus
645 669 810 700 innotescat,
828 667 899 701 quod
924 664 990 693 nihil

236 726 245 742 ι
265 716 485 750 ἰκιίκιιιιὶυειιιηιΔ
505 714 638 742 rationive
663 718 876 741 consentaneum
890 730 898 741 ,
917 710 990 746 quod

238 772 246 789 ‹
266 763 357 793 dicant
371 763 499 791 adversus
512 761 672 789 catholicam
684 758 835 788 Ecclesiam
851 766 858 784 :
874 758 991 785 maxime

237 817 246 835 ι
269 813 298 836 ut
313 807 488 836 manifestum
508 808 544 835 sit
556 806 682 834 omnibus
696 812 744 840 per
758 809 818 833 acta
834 803 989 838 municipa-

239 863 248 880 ι
270 854 303 882 lia
316 874 325 888 ,
341 855 373 883 ad
387 854 466 882 (idem
478 851 701 881 demonstrationi
715 849 902 888 astrueudam.
917 849 991 876 sicut

240 911 248 926 ι
269 901 286 929 ii
305 901 338 928 dc
354 900 559 928 Maximianistis
575 897 691 933 propriis
707 896 890 925 schismaticis
915 894 990 922 fece-

241 956 250 972 ι
270 952 342 979 rum;
353 946 397 973 ubi
417 946 482 980 ipsis
497 945 624 973 divinitus
638 943 807 975 ostenditur,
823 942 846 969 si
864 941 991 969 conside-

236 1003 247 1020 ι
270 1000 330 1020 rare
345 992 490 1025 voluerint,
510 999 557 1019 eos
583 996 636 1021 tam
655 989 756 1027 injuste
770 993 834 1016 tunc
849 988 884 1016 ab
898 987 991 1017 eccle-

240 1048 249 1065 ι
269 1039 379 1067 siastica
398 1038 498 1066 unione
522 1037 659 1064 abscissos
672 1056 679 1069 ,
704 1042 785 1071 quam
807 1033 857 1068 ipsi
875 1033 992 1061 clamant

240 1095 249 1111 ‹
265 1085 370 1123 ιὶηξυειθ
403 1082 616 1111 Maximianistas
642 1088 656 1108 ιι
683 1088 712 1108 se
727 1087 788 1107 esse
804 1079 934 1107 divulsos.
954 1078 992 1105 Ex

237 1141 246 1157 t
267 1138 358 1159 eorum
375 1134 464 1157 autem
479 1135 606 1160 numero,
621 1133 690 1161 quos
704 1129 797 1161 aperta
810 1124 911 1159 proprii
927 1131 992 1151 con-

241 1187 250 1203 ι
269 1176 323 1204 silii
354 1176 518 1202 auctoritate
543 1174 814 1202 condemnaverunt,
842 1174 936 1205 postea
963 1168 990 1195 in

240 1232 249 1248 ι
268 1221 386 1257 propriis
400 1220 548 1248 honoribus
562 1221 740 1252 susceperunt
754 1224 762 1243 :
774 1220 802 1244 et
816 1215 991 1250 baptismum,

241 1277 251 1294 ‹
271 1274 352 1301 quem
370 1266 469 1293 dedere
483 1265 514 1298 ii,
530 1265 578 1300 qui
595 1264 665 1299 apud
681 1263 755 1297 ipsos
779 1260 951 1289 condemnati
966 1264 993 1286 ct

241 1325 252 1342 ι
271 1315 350 1350 eiecti
363 1318 438 1345 sunt,
453 1312 630 1343 admiserunt,
642 1314 672 1337 ut
685 1308 842 1337 ostendatur
857 1305 992 1342 quomodo

240 1370 250 1387 ι
271 1359 354 1387 stulto
369 1359 451 1387 corde
467 1357 526 1392 paci
542 1355 670 1383 Ecclesiae
689 1354 876 1385 adversantur,
892 1358 950 1386 qua:
963 1352 990 1378 in

248 1417 256 1432 ι
279 1406 406 1434 universo
430 1404 496 1431 orbe
519 1402 617 1430 ditl‘usa
642 1405 693 1428 est.
718 1398 780 1427 Haec
806 1403 919 1434 agentes
944 1404 993 1432 pro

241 1462 250 1479 ι
274 1457 350 1487 parte
367 1450 473 1481 Donati,
496 1453 524 1477 et
546 1448 667 1476 dicentes
693 1445 797 1481 seipsos
825 1452 880 1472 non
909 1442 993 1479 pollui

242 1511 252 1526 ι
273 1497 463 1527 communione
475 1503 582 1527 eorum,
606 1494 653 1528 qui
676 1499 691 1519 a
720 1499 749 1520 se
779 1495 889 1526 propter
915 1489 992 1524 pacis

241 1556 250 1571 ι
271 1545 459 1572 necessitatem
486 1540 605 1576 suscepti
629 1543 714 1567 sunt:
733 1537 876 1566 nobiscum
902 1539 991 1563 autem

242 1600 252 1616 ι
274 1589 481 1619 contendentes,
497 1587 548 1615 ltoc
561 1591 612 1619 est,
630 1592 693 1612 cum
708 1583 841 1612 catholica
855 1581 988 1614 Ecclesia,

242 1645 252 1661 ι
273 1643 334 1670 quae
351 1634 393 1661 vel
413 1633 440 1660 in
465 1631 595 1660 extremis
619 1630 742 1665 partibus
758 1629 832 1657 orbis
848 1627 991 1658 consistit,

243 1691 253 1708 ε
278 1688 325 1716 per
339 1680 466 1715 pollutam
480 1685 573 1706 eorum
587 1675 817 1706 communiunem.
832 1681 901 1709 quos
918 1674 992 1709 prius

240 1737 252 1753 ι
273 1733 368 1754 omnes
386 1725 560 1756 accusabant,
579 1723 650 1758 ipsos
663 1728 810 1758 coarguere
830 1728 882 1748 non
898 1724 993 1755 potue-

242 1780 254 1798 ι
279 1775 350 1798 runt.
375 1779 384 1797 ι

244 2011 341 2040 BALS.
361 2010 411 2038 llic
426 2017 534 2046 quoque
557 2016 678 2045 praisens
690 2015 777 2036 canon
794 2008 826 2035 de
847 2007 996 2035 Donatistis

210 2060 342 2094 loquitur.
360 2058 452 2085 Visum
466 2062 506 2084 est
521 2057 593 2085 enim
608 2061 637 2083 ut
649 2055 731 2090 aliqui
747 2054 780 2082 ad
792 2061 840 2082 eos
858 2054 998 2081 mitteren-

207 2113 253 2134 tur
267 2105 346 2140 legati
361 2112 409 2139 pro
429 2112 494 2140 pace
507 2108 533 2131 et
548 2103 658 2132 unione.
676 2107 703 2128 et
726 2100 757 2127 ad
773 2100 971 2128 ostendendum
987 2120 995 2133 ,

206 2151 278 2186 quod
295 2150 311 2177 ii
331 2157 383 2177 non
401 2154 474 2176 recte
496 2150 676 2175 adversantur
691 2145 830 2173 catholica:
848 2144 994 2178 Ecclesiae;

209 2202 236 2224 ct
251 2197 321 2231 quod
337 2196 420 2230 aliqui
443 2195 525 2223 etiam
537 2200 583 2221 eos
608 2199 640 2219 ex
665 2190 882 2223 Maximianistis.
899 2190 944 2225 qui
961 2190 995 2218 ab

209 2243 249 2270 cis
265 2242 374 2277 injuste,
387 2246 417 2268 ut
433 2240 482 2276 ipsi
500 2239 604 2270 dicunt,
620 2237 795 2265 desciverunt
810 2256 819 2269 ,
833 2236 993 2271 suscipiunt,

209 2294 235 2316 ct
259 2296 320 2316 cum
344 2288 397 2316 illis
424 2285 643 2317 communicant;
664 2288 691 2311 et
716 2290 783 2319 quos
812 2290 861 2311 suo
887 2282 997 2318 proprio

210 2334 324 2362 consilio
336 2333 562 2363 condemnarunt,
575 2336 667 2366 postea
683 2331 710 2357 in
723 2330 838 2366 propriis
849 2329 997 2357 honoribus

211 2382 403 2415 susceperunt;
419 2381 447 2404 et
462 2376 534 2411 quod
551 2382 608 2408 eos,
627 2383 697 2411 quos
713 2376 757 2410 qui
781 2375 815 2402 ab
843 2374 909 2409 ipsis
932 2379 997 2401 sunt

210 2424 392 2456 condemnati,
402 2427 430 2450 et
444 2422 477 2449 ab
490 2429 522 2448 eo
531 2422 603 2456 quod
616 2421 667 2448 illis
679 2427 721 2448 est
736 2420 888 2447 sacerdotio
903 2419 996 2455 ejecti,

211 2472 426 2507 baptizaverunt.
445 2475 598 2503 suscepere;
614 2473 641 2496 et
658 2467 729 2503 quod
744 2469 801 2495 haec
819 2471 930 2502 agentes
944 2474 998 2494 non

211 2525 241 2544 se
255 2515 337 2551 pollui
353 2514 457 2542 dicunt.

246 2603 329 2640 θος
341 2602 464 2630 ZONAR.
484 2602 546 2630 Hac
559 2609 667 2639 quoque
679 2602 713 2629 de
724 2601 881 2629 Donatistis.
897 2601 935 2628 Ad
951 2609 998 2629 eos

212 2658 329 2686 namque
344 2650 412 2678 mitti
435 2649 583 2686 qsynodali
610 2653 744 2676 conventu
762 2647 864 2682 legatos
888 2647 998 2683 placuit,

212 2698 259 2733 qui
278 2698 349 2732 ipsos
365 2697 398 2724 ad
415 2703 520 2731 pacem,
537 2696 722 2730 unitatemque
739 2702 802 2722 cum
824 2693 933 2722 Eccesia
953 2702 999 2721 ca-

220 2744 317 2771 tholica
332 2743 491 2770 ﬁrmandam
505 2743 688 2769 hortarentur.
701 2740 819 2768 Doceant
833 2747 879 2767 eos
888 2745 969 2775 prate
975 2748 1000 2767 r-

214 2797 258 2823 ea,
279 2789 392 2816 minime
409 2792 482 2815 recte
497 2787 598 2819 facere,
621 2787 691 2821 quod
709 2786 900 2815 ecclesiastica
916 2786 1001 2821 quieti

216 2833 418 2862 constitutionis
432 2834 627 2866 adversentur;
645 2840 731 2867 neque
744 2832 806 2866 jure
824 2835 935 2866 propter
952 2832 1001 2860 di—

217 2883 303 2910 visam
319 2882 439 2917 ipsorum
452 2881 668 2910 communionem
685 2887 745 2908 cum
769 2879 890 2908 Ecclesia
902 2880 998 2908 catho-

1037 256 1150 288 κλησίας
1166 256 1372 289 συντάττεσθαι,
1388 256 1432 284 διὰ.
1456 256 1487 282 τὸ
1507 254 1557 290 τὴν
1575 253 1708 290 Ἀφρικὴν
1729 252 1838 287 πολλὴν

1037 301 1139 330 ἔνδειαν
1154 303 1293 339 κληρικῶν
1306 303 1389 338 ἔχειν.

1330 348 1450 376 ΚΑΝΩΝ
1470 347 1532 375 οΒ¹.

1040 403 1050 420 ι
1074 395 1142 430 Περὶ
1155 395 1202 422 τοῦ
1215 394 1363 431 πρεαὸείαν
1378 395 1446 430 πρὸς
1460 394 1523 426 τοὺς
1535 391 1698 424 Δονανιστὰς
1711 391 1838 418 ἀποστα-

1076 451 1085 468 ι
1108 441 1188 477 λῆναι
1216 442 1297 478 χάριν
1323 440 1370 468 τοῦ
1400 441 1441 473 εἰς
1471 440 1522 476 τὴν
1544 440 1657 474 εἰρήνην
1684 437 1837 464 συνθεῖναι.

1077 497 1087 515 ι
1111 488 1228 523 Ἦρεσεν
1242 487 1347 520 ἔπειτα,
1372 486 1444 514 ὥστε
1470 486 1574 513 τούτων
1589 484 1769 520 πραχθέντων
1792 491 1840 509 το-

1077 541 1086 557 ι
1108 532 1264 568 ποτηρητὰς
1281 534 1346 567 περὶ
1369 532 1417 560 τοῦ
1435 531 1551 568 κηρῦξαι
1570 531 1683 567 εἰρήνην
1708 530 1758 557 καὶ
1779 529 1841 560 ενό-

1077 588 1087 604 «
1111 587 1189 614 τητα,
1212 577 1320 615 ἧστινος
1341 579 1426 619 χωρὶς
1440 580 1457 613 ὴ
1471 578 1528 605 τῶν
1550 578 1720 612 Χριστιανῶν
1746 581 1840 610 σωτη·

1078 633 1087 649 ι
1111 623 1158 659 ρία
1168 623 1348 655 καθίστασθαι
1363 625 1393 649 οὐ
1413 623 1536 655 δύναται,
1553 621 1714 656 πεμφθῆναι
1741 621 1774 647 ὲκ
1790 619 1840 646 τοῦ

1079 678 1088 695 ι
1111 670 1246 704 ἡμετέρου
1262 669 1381 705 ἀριθμοῦ
1401 669 1470 705 πρὸς
1489 669 1553 700 τοὺς
1569 668 1625 695 τῶν
1640 667 1730 700 αὐτῶν
1756 667 1842 693 Δονα-

1066 726 1089 750 ,ι
1109 717 1219 751 τιστῶν,
1252 718 1308 745 alte
1335 717 1411 748 τινὰς
1439 717 1547 752 ἔχουσιν
1578 715 1756 746 ἐπισκόπους,
1782 714 1840 742 εἴτε

1082 773 1091 789 ι
1115 763 1226 795 λαῖκούς
1236 772 1243 780 ·
1258 763 1292 792 δι’
1311 760 1350 791 ὧν
1362 762 1560 797 τοποτηρητῶν
1572 763 1656 788 πᾶσιν
1685 762 1715 787 ὲν
1735 760 1841 794 γνώσει

1080 820 1089 836 ι
1113 810 1236 845 γίνηται,
1251 809 1288 841 ὡς
1309 809 1386 837 οὐδὲν
1409 808 1516 844 ἔχουσιν
1548 807 1661 841 εὔλογον
1692 805 1765 832 κατὰ
1787 806 1841 839 τῆς

1079 865 1089 882 ι
1113 855 1261 890 καθολικῆς
1288 854 1470 890 Ἐκκλησίας·
1503 853 1622 889 μάλιστα
1649 852 1694 879 ἵνα
1719 849 1842 885 φανερὸν

1079 911 1089 928 ι
1113 903 1181 929 πᾶσι
1211 901 1326 937 γένηται
1345 901 1390 928 δια
1403 900 1457 927 τῶν
1483 898 1699 934 πολιχνιωτικῶν
1729 904 1843 930 πεπρα-

1081 958 1090 974 ι
1111 948 1221 983 γμένων
1237 948 1305 983 πρὸς
1321 947 1455 976 πίστωσιν
1468 946 1517 980 τῆς
1538 944 1717 977 ἀποδείξεως,
1739 941 1842 975 ὥσπερ

1080 1002 1090 1019 ι
1113 993 1190 1019 αὐτοὶ
1201 993 1267 1027 περὶ
1289 992 1343 1019 τῶν
1359 989 1585 1026 Μαξιμιανιστῶν
1608 989 1663 1016 τῶν
1676 988 1751 1015 ἰδίων
1779 996 1842 1022 σχι-

1080 1049 1089 1065 ι
1113 1039 1255 1074 σματικῶν
1269 1038 1403 1074 ἔπραξαν,
1418 1037 1483 1064 ἔνθα
1506 1037 1597 1074 αὐτοῖς
1616 1035 1709 1063 θεόθεν
1730 1035 1844 1063 ἁποδεί-

1080 1094 1089 1110 ι
1113 1093 1233 1118 κνυνται,
1251 1085 1298 1111 ἐὰν
1312 1083 1464 1120 ἐπισκῆψαι
1475 1083 1625 1118 θελήσοιεν,
1637 1081 1724 1114 οὕτως
1736 1082 1842 1113 ἀδίκως

1081 1141 1089 1157 ι
1113 1131 1173 1158 τότε
1184 1131 1283 1162 αὐτοὺς
1295 1131 1351 1158 ἀπὸ
1374 1130 1423 1165 τῆς
1449 1129 1681 1165 ἐκκλησιαστικῆς
1711 1128 1843 1160 ὲνώσεως

1070 1183 1089 1202 Ἰ
1113 1176 1327 1211 ἁποσχίσαντας,
1360 1174 1456 1210 ὥσπερ
1488 1175 1638 1210 κράξουσιν
1661 1173 1763 1205 ἀδίκως
1790 1168 1842 1200 ἀπ’

1081 1231 1090 1248 ι
1113 1222 1203 1249 αὐτῶν
1217 1221 1282 1253 τοὺς
1292 1220 1514 1256 Μαξιμιανιστὰς
1534 1220 1582 1246 νῦν
1603 1219 1766 1254 ὰποσχίσαι.
1787 1218 1842 1245 Ἐκ

1080 1278 1089 1295 ι
1112 1268 1140 1294 δὲ
1155 1268 1203 1294 τοῦ
1219 1267 1337 1303 ἀριθμοῦ
1353 1267 1467 1300 τούτων,
1477 1265 1602 1296 οὕστινας
1616 1265 1721 1300 φανερᾷ
1731 1265 1781 1299 τῆς
1800 1264 1843 1290 οἰ-

1082 1324 1091 1340 (
1114 1314 1190 1346 κείας
1207 1313 1304 1349 βουλῆς
1316 1312 1445 1348 αὑθεντίᾳ
1461 1311 1653 1343 κατεδίκασαν,
1665 1310 1735 1345 μετά
1749 1309 1841 1337 ταῦτα

1083 1370 1092 1386 ι
1115 1361 1143 1386 ὲν
1158 1361 1218 1391 ταῖς
1234 1359 1314 1390 ἰδίαις
1328 1359 1422 1394 τιμαῖς
1433 1358 1595 1391 ἀνεδέξαντο
1610 1364 1618 1372 “
1633 1357 1682 1384 καὶ
1696 1357 1728 1383 τὸ
1742 1356 1843 1390 βάπτι-

1082 1415 1091 1432 ‹
1115 1414 1183 1441 σμα,
1199 1405 1214 1431 ὃ
1230 1406 1257 1431 οἰ
1273 1405 1339 1439 παρ’
1349 1405 1442 1436 αὺτοῖς
1457 1402 1719 1437 καταδεδικασμένοι
1735 1402 1784 1429 καὶ
1794 1402 1843 1428 ὲκ-

1083 1462 1092 1478 ι
1116 1451 1280 1487 ϐεϐλημένοι
1300 1450 1445 1483 δεδώκασι,
1469 1448 1675 1485 προσεδέξαντο,
1709 1448 1779 1484 πρὸς
1811 1449 1843 1474 τὸ

1081 1508 1090 1524 ‹
1113 1497 1261 1533 δειχθῆναι,
1279 1497 1336 1527 πῶς
1352 1496 1433 1532 μωρᾷ
1448 1495 1548 1531 καρδίᾳ
1575 1493 1783 1521 ἅντιτάσσονται
1807 1495 1843 1528 τῇ

1084 1554 1092 1569 ι
1116 1544 1212 1579 εἰρήνῃ
1225 1543 1273 1578 τῆς
1289 1542 1463 1577 Ἐκκλησίας,
1479 1541 1529 1575 τῆς
1543 1541 1571 1567 ὲν
1592 1540 1674 1567 παντί
1691 1539 1731 1574 τῷ
1743 1539 1843 1573 κόσμῳ

1083 1599 1092 1615 ι
1115 1588 1322 1623 διακεχυμένης.
1335 1588 1428 1614 Ταῦτα
1459 1585 1599 1617 ποιοῦντες
1626 1585 1694 1620 ὑπὲρ
1717 1583 1766 1610 τοῦ
1792 1585 1843 1619 μέ-

1084 1646 1093 1661 ι
1117 1643 1180 1670 ρους
1199 1634 1247 1660 τοῦ
1275 1634 1403 1666 Δονάτου,
1425 1632 1472 1658 καὶ
1505 1632 1544 1667 μὴ
1567 1631 1694 1665 λέγοντες
1726 1630 1844 1662 ἑαυτοὺς

1083 1691 1091 1707 ι
1119 1680 1281 1716 μολύνεσθαι
1296 1680 1328 1714 τῇ
1345 1679 1474 1714 κοινωνίᾳ
1486 1678 1540 1704 τῶν
1568 1676 1633 1712 παρ’
1647 1677 1741 1707 αὐτοῖς
1768 1675 1843 1702 οὕτω

1083 1737 1092 1752 ι
1115 1727 1159 1753 διὰ
1184 1726 1214 1753 τδ
1239 1726 1368 1753 ἀκούσιον
1390 1721 1452 1759 ’τῆς
1481 1724 1593 1759 εἰρήνης
1616 1722 1842 1756 ἀναδεχθέντων·

1084 1784 1092 1800 ι
1117 1774 1182 1808 ἡμῖν
1196 1773 1224 1800 δὲ
1239 1771 1469 1807 φιλονεικοῦντες,
1486 1769 1559 1797 τοῦτ’
1572 1770 1632 1796 ἔστι
1655 1770 1688 1803 τῇ
1706 1767 1841 1802 καθολιχῇ

1084 1829 1093 1845 ι
1117 1818 1277 1854 Ἐκκλησία,
1288 1818 1328 1844 ἔτι
1345 1817 1399 1853 μὴν
1414 1816 1461 1843 καί¹
1475 1817 1508 1851 τῇ
1522 1816 1551 1842 ὲν
1572 1815 1629 1846 τοῖς
1646 1813 1776 1848 ὲσχάτοις
1792 1813 1844 1847 μὲο

1085 1875 1094 1892 ι
1120 1874 1177 1902 ρεσι
1195 1865 1244 1900 τῆς
1257 1865 1308 1899 γῆς
1325 1863 1497 1899 καθεστώσῃ,
1515 1862 1558 1888 διὰ
1566 1861 1620 1895 ’τῆς
1636 1860 1844 1895 ’μεμιασμένης

1086 1923 1094 1939 ι
1117 1913 1218 1939 τούτων
1230 1911 1383 1942 κοινωνίας,
1396 1907 1516 1937 ὧντινων
1525 1908 1658 1942 πρότερον
1671 1906 1844 1943 κατῃτιῶντο

1085 1969 1094 1985 ι
1118 1960 1228 1991 πάντες,
1239 1956 1347 1990 ἐλέγξαι
1359 1955 1456 1986 αὐτοὺς
1473 1955 1522 1982 οὑκ
1537 1951 1719 1988 ἠδυνήθησαν,
1741 1962 1750 1978 ι

1083 2005 1181 2032 ΒΑΛΣ,
1193 2003 1248 2030 Καὶ
1257 2001 1334 2033 οὗτος
1350 2003 1363 2028 ὁ
1375 2000 1468 2036 παρὼν
1484 2000 1574 2027 κανὼν
1589 2000 1654 2033 περὶ
1678 1999 1735 2025 τῶν
1756 2000 1842 2024 Δονα-

1047 2050 1145 2078 τιστῶν
1161 2058 1253 2085 φησιν.
1271 2048 1365 2080 Ἔδοξε
1381 2048 1435 2082 γὰρ
1447 2046 1575 2081 σταλῆναί
1599 2053 1678 2075 τινας
1703 2045 1773 2079 πρὸς
1794 2045 1845 2070 αὖ-

1047 2099 1110 2129 τοὺς
1124 2095 1311 2130 τοποτηρητὰς
1325 2095 1406 2129 χάριν
1421 2093 1533 2127 εἰρήνης
1556 2091 1605 2117 καὶ
1626 2091 1762 2124 ἐνώσεως,
1794 2091 1843 2116 καὶ

1049 2143 1127 2179 χάριν
1144 2140 1189 2168 τοῦ
1203 2139 1344 2171 ἀποδεῖξαι
1358 2139 1399 2164 ὅτι
1414 2138 1444 2164 οὐ
1475 2136 1565 2167 καλῶς
1582 2136 1791 2163 ἀντιτάσσονται
1806 2136 1842 2169 τῇ

1049 2188 1178 2223 καθολικῇ
1195 2185 1354 2220 Ἐκκλησίᾳ,
1369 2184 1416 2210 καὶ
1430 2183 1470 2209 ὅτι
1484 2183 1530 2209 καί
1540 2189 1611 2211 τινες
1628 2180 1683 2206 τῶν
1700 2179 1844 2214 Μαξιμια.⁴

1047 2235 1144 2263 νιστῶν
1157 2233 1211 2260 τῶν
1224 2231 1431 2267 ἁποσχισάντων
1460 2228 1507 2255 ἀπ’
1537 2227 1627 2253 αὐτῶν
1659 2225 1775 2257 ἁδικῶς,
1803 2225 1844 2255 ὡς

1048 2280 1124 2308 αὐτοὶ
1137 2278 1257 2313 λέγουσι,
1274 2277 1397 2311 δέχονται
1412 2275 1459 2300 καὶ
1474 2271 1705 2307 συγκοινωνοῦμσιν
1726 2271 1820 2301 αὐτοῖς
1834 2279 1840 2285 -

1048 2327 1094 2354 καὶ
1103 2325 1150 2356 οὓς
1165 2324 1243 2351 αὺτοί
1254 2322 1283 2355 ἐξ
1300 2320 1400 2351 οἰκείας
1427 2318 1524 2354 βουλῆς
1548 2316 1742 2346 κατεδίκασαν,
1773 2316 1843 2350 μετὰ

1048 2371 1135 2398 ταῦτα
1151 2371 1179 2396 ἐν
1194 2371 1252 2400 ταῖς
1263 2369 1379 2398 οἰκείαις
1391 2365 1483 2400 τιμαῖς
1495 2364 1620 2396 ἐδέξαντο
1636 2370 1643 2377 ³
1658 2363 1705 2388 καὶ
1723 2363 1765 2388 δτι
1795 2361 1842 2392 οὓς

1049 2417 1137 2450 αὐτοὶ,
1150 2417 1174 2442 οἱ
1189 2415 1253 2450 παρ’
1274 2413 1363 2441 αὐτῶν
1379 2409 1635 2445 καταδεδικασμένοι
1647 2408 1694 2435 καὶ
1710 2408 1843 2442 ὲκδεσλη-

1052 2463 1128 2499 μένοι
1145 2462 1194 2497 τῆς
1208 2460 1272 2496 παρ’
1287 2459 1378 2490 αὐτοῖς
1392 2456 1551 2493 ἱερωσύνης,
1581 2454 1746 2487 ἐϐάπτισαν,
1772 2461 1842 2488 παρ-

1050 2498 1189 2542 εδέξαντο’
1216 2506 1262 2533 καὶ
1291 2506 1332 2532 ὅτι
1354 2503 1414 2530 οὐδὲ
1435 2503 1545 2536 λέγουσι
1571 2499 1735 2535 μολύνεσθαι
1756 2498 1842 2526 ταῦτα

1051 2553 1201 2584 ποιοῦντες.

1087 2600 1208 2627 ΖΩΝΑΡ.
1228 2598 1283 2625 Καὶ
1291 2597 1378 2624 ταῦτα
1386 2596 1449 2630 περὶ
1457 2593 1636 2621 Δονατιστῶν·
1647 2592 1841 2628 τοποτηρητὰς

1051 2646 1104 2682 γὰρ
1112 2645 1183 2678 ἔδοξε
1191 2645 1318 2680 σταλῆναι
1328 2643 1394 2678 πρὺς
1401 2641 1499 2672 αὑτοὺς
1507 2641 1538 2667 ὲκ
1545 2640 1593 2674 τῆς
1602 2638 1714 2666 συνόδου
1724 2646 1843 2674 προσ-δια-

1051 2689 1350 2728 λουμένουςαῦτοὺςείς
1369 2687 1399 2715 τὸ
1414 2686 1573 2722 εἰρηνεῠσαι
1592 2686 1639 2711 καὶ
1650 2685 1788 2719 ὲνωἾῆναι
1806 2685 1839 2718 τῇ

1052 2740 1184 2775 καθολικῇ
1204 2736 1363 2772 Ἐκκλησία,
1377 2735 1424 2762 καὶ
1440 2732 1630 2764 ἀποδείξοντας
1642 2731 1736 2763 αὐτοῖς
1758 2732 1801 2757 ὃτι
1813 2731 1842 2756 οὐ

1053 2786 1143 2818 καλῶς
1158 2784 1363 2813 ἀντιτάσσονται
1373 2783 1406 2817 τῇ
1425 2780 1523 2816 εἰρήνῃ
1541 2780 1590 2814 τῆς
1607 2777 1841 2812 ὲκκλησιαστιιιῆς

1054 2831 1258 2862 καταστάσεως,
1275 2829 1334 2855 οὐδὲ
1357 2827 1470 2858 δικαίως
1484 2824 1666 2861 φιλονεικοῦσι
1684 2825 1717 2859 τῇ
1734 2823 1842 2850 καθολι-

1055 2879 1090 2912 κῇ
1105 2875 1255 2910 Ἐκκλησία
1270 2873 1314 2901 διὰ
1342 2872 1391 2909 τῆς
1411 2869 1617 2908 μεμερισμένης
1629 2869 1723 2897 αὐτῶν
1730 2872 1842 2896 χκοινω-
