  <div class='ocr_page' id='page_1' title='image "/cluster/home/n/w/nwhite01/storage/ocr_20150623/138/njp.32101077773123/186.png"; bbox 0 0 1905 3083; ppageno 0'>
   <div class='ocr_carea' id='block_1_1' title="bbox 86 171 134 203">
    <p class='ocr_par' dir='ltr' id='par_1_1' title="bbox 86 171 134 203">
     <span class='ocr_line' id='line_1_1' title="bbox 86 171 134 203; baseline 0 0"><span class='ocrx_word' id='word_1_1' title='bbox 86 171 134 203; x_wconf 73' lang='lat'><strong>9139</strong></span> 
     </span>
    </p>
   </div>
   <div class='ocr_carea' id='block_1_2' title="bbox 557 175 1183 208">
    <p class='ocr_par' dir='ltr' id='par_1_2' title="bbox 557 175 1183 208">
     <span class='ocr_line' id='line_1_2' title="bbox 557 175 1183 208; baseline 0.005 -4"><span class='ocrx_word' id='word_1_2' title='bbox 557 175 596 204; x_wconf 73' lang='lat' dir='ltr'><strong>IN</strong></span> <span class='ocrx_word' id='word_1_3' title='bbox 622 175 705 205; x_wconf 87' lang='lat' dir='ltr'><strong>CAN.</strong></span> <span class='ocrx_word' id='word_1_4' title='bbox 725 175 851 205; x_wconf 79' lang='lat' dir='ltr'><strong>LXXIII</strong></span> <span class='ocrx_word' id='word_1_5' title='bbox 869 175 975 205; x_wconf 78' lang='lat' dir='ltr'><strong>CONC.</strong></span> <span class='ocrx_word' id='word_1_6' title='bbox 993 175 1183 208; x_wconf 82' lang='lat' dir='ltr'><strong>CARTHAG.</strong></span> 
     </span>
    </p>
   </div>
   <div class='ocr_carea' id='block_1_3' title="bbox 1643 177 1698 208">
    <p class='ocr_par' dir='ltr' id='par_1_3' title="bbox 1643 177 1698 208">
     <span class='ocr_line' id='line_1_3' title="bbox 1643 177 1698 208; baseline -0.018 0"><span class='ocrx_word' id='word_1_7' title='bbox 1643 177 1698 208; x_wconf 72' lang='lat'><strong>270</strong></span> 
     </span>
    </p>
   </div>
   <div class='ocr_carea' id='block_1_4' title="bbox 87 226 866 263">
    <p class='ocr_par' dir='ltr' id='par_1_4' title="bbox 87 226 866 263">
     <span class='ocr_line' id='line_1_4' title="bbox 87 226 866 263; baseline 0.005 -12"><span class='ocrx_word' id='word_1_8' title='bbox 87 227 149 257; x_wconf 83' lang='grc' dir='ltr'>νίας.</span> <span class='ocrx_word' id='word_1_9' title='bbox 165 226 323 262; x_wconf 82' lang='grc' dir='ltr'>Ἐλέγχουσι</span> <span class='ocrx_word' id='word_1_10' title='bbox 338 227 366 254; x_wconf 81' lang='grc' dir='ltr'>δὲ</span> <span class='ocrx_word' id='word_1_11' title='bbox 380 228 479 259; x_wconf 68' lang='grc' dir='ltr'>αὐτοὺς</span> <span class='ocrx_word' id='word_1_12' title='bbox 494 228 531 263; x_wconf 84' lang='grc' dir='ltr'>μὴ</span> <span class='ocrx_word' id='word_1_13' title='bbox 544 228 633 259; x_wconf 85' lang='grc' dir='ltr'>καλῶς</span> <span class='ocrx_word' id='word_1_14' title='bbox 647 228 802 260; x_wconf 79' lang='grc' dir='ltr'><strong>ποιοῦντας,</strong></span> <span class='ocrx_word' id='word_1_15' title='bbox 818 227 866 254; x_wconf 70' lang='grc' dir='ltr'>καὶ</span> 
     </span>
    </p>
   </div>
   <div class='ocr_carea' id='block_1_5' title="bbox 925 226 1706 263">
    <p class='ocr_par' dir='ltr' id='par_1_5' title="bbox 930 229 1706 263">
     <span class='ocr_line' id='line_1_5' title="bbox 930 229 1706 263; baseline 0.004 -7"><span class='ocrx_word' id='word_1_16' title='bbox 930 229 971 256; x_wconf 86' lang='lat' dir='ltr'><strong>ica</strong></span> <span class='ocrx_word' id='word_1_17' title='bbox 983 230 1181 257; x_wconf 87' lang='lat' dir='ltr'><strong>contentionem</strong></span> <span class='ocrx_word' id='word_1_18' title='bbox 1199 230 1309 257; x_wconf 83' lang='lat' dir='ltr'><strong>habere.</strong></span> <span class='ocrx_word' id='word_1_19' title='bbox 1328 230 1404 263; x_wconf 86' lang='lat' dir='ltr'><strong>Quod</strong></span> <span class='ocrx_word' id='word_1_20' title='bbox 1420 238 1482 258; x_wconf 85' lang='lat' dir='ltr'><strong>vero</strong></span> <span class='ocrx_word' id='word_1_21' title='bbox 1497 231 1577 259; x_wconf 85' lang='lat' dir='ltr'><strong>etiam</strong></span> <span class='ocrx_word' id='word_1_22' title='bbox 1603 240 1636 260; x_wconf 77' lang='lat' dir='ltr'><strong>ex</strong></span> <span class='ocrx_word' id='word_1_23' title='bbox 1653 233 1706 260; x_wconf 67' lang='lat' dir='ltr'><strong>Ila-</strong></span> 
     </span>
    </p>
   </div>
   <div class='ocr_carea' id='block_1_6' title="bbox 87 272 865 308">
    <p class='ocr_par' dir='ltr' id='par_1_6' title="bbox 87 272 865 308">
     <span class='ocr_line' id='line_1_6' title="bbox 87 272 865 308; baseline 0.003 -11"><span class='ocrx_word' id='word_1_24' title='bbox 87 273 121 298; x_wconf 86' lang='grc' dir='ltr'>ὗτι</span> <span class='ocrx_word' id='word_1_25' title='bbox 136 272 266 304; x_wconf 80' lang='grc' dir='ltr'>καίτινας</span> <span class='ocrx_word' id='word_1_26' title='bbox 282 273 336 299; x_wconf 79' lang='grc' dir='ltr'><strong>τῶν</strong></span> <span class='ocrx_word' id='word_1_27' title='bbox 363 272 599 307; x_wconf 81' lang='grc' dir='ltr'>Μαξιμιανιστῶν,</span> <span class='ocrx_word' id='word_1_28' title='bbox 623 273 676 300; x_wconf 81' lang='grc' dir='ltr'><strong>τῶν</strong></span> <span class='ocrx_word' id='word_1_29' title='bbox 701 273 865 308; x_wconf 71' lang='grc' dir='ltr'>ἁποαχισάν-</span> 
     </span>
    </p>
   </div>
   <div class='ocr_carea' id='block_1_7' title="bbox 87 318 866 353">
    <p class='ocr_par' dir='ltr' id='par_1_7' title="bbox 87 318 866 353">
     <span class='ocr_line' id='line_1_7' title="bbox 87 318 866 353; baseline 0.004 -10"><span class='ocrx_word' id='word_1_30' title='bbox 87 326 134 343; x_wconf 81' lang='grc' dir='ltr'><strong>των</strong></span> <span class='ocrx_word' id='word_1_31' title='bbox 147 318 192 344; x_wconf 82' lang='grc' dir='ltr'><strong>ἀπ’</strong></span> <span class='ocrx_word' id='word_1_32' title='bbox 207 318 298 345; x_wconf 73' lang='grc' dir='ltr'>αὐτῶν</span> <span class='ocrx_word' id='word_1_33' title='bbox 312 318 424 350; x_wconf 76' lang='grc' dir='ltr'>ἀδίκως,</span> <span class='ocrx_word' id='word_1_34' title='bbox 441 318 479 351; x_wconf 84' lang='grc' dir='ltr'>ὡς</span> <span class='ocrx_word' id='word_1_35' title='bbox 495 319 573 347; x_wconf 67' lang='grc' dir='ltr'>αὐτοὶ</span> <span class='ocrx_word' id='word_1_36' title='bbox 596 319 718 352; x_wconf 86' lang='grc' dir='ltr'>λέγουσι.</span> <span class='ocrx_word' id='word_1_37' title='bbox 745 319 866 353; x_wconf 71' lang='grc' dir='ltr'>δέχονται</span> 
     </span>
    </p>
   </div>
   <div class='ocr_carea' id='block_1_8' title="bbox 87 364 866 399">
    <p class='ocr_par' dir='ltr' id='par_1_8' title="bbox 87 364 866 399">
     <span class='ocr_line' id='line_1_8' title="bbox 87 364 866 399; baseline 0.004 -10"><span class='ocrx_word' id='word_1_38' title='bbox 87 364 127 390; x_wconf 79' lang='grc' dir='ltr'>καὶ</span> <span class='ocrx_word' id='word_1_39' title='bbox 138 364 363 397; x_wconf 72' lang='grc' dir='ltr'>συγκοινωνοῦσιν</span> <span class='ocrx_word' id='word_1_40' title='bbox 379 365 485 397; x_wconf 79' lang='grc' dir='ltr'>αὐτοῖς,</span> <span class='ocrx_word' id='word_1_41' title='bbox 500 366 545 391; x_wconf 77' lang='grc' dir='ltr'><strong>καὶ</strong></span> <span class='ocrx_word' id='word_1_42' title='bbox 561 365 609 397; x_wconf 85' lang='grc' dir='ltr'>οὒς</span> <span class='ocrx_word' id='word_1_43' title='bbox 624 365 701 392; x_wconf 76' lang='grc' dir='ltr'>αὐτοὶ</span> <span class='ocrx_word' id='word_1_44' title='bbox 717 365 747 399; x_wconf 79' lang='grc' dir='ltr'><strong>ἐξ</strong></span> <span class='ocrx_word' id='word_1_45' title='bbox 762 365 866 398; x_wconf 72' lang='grc' dir='ltr'>οἰκείας</span> 
     </span>
    </p>
   </div>
   <div class='ocr_carea' id='block_1_9' title="bbox 87 409 866 445">
    <p class='ocr_par' dir='ltr' id='par_1_9' title="bbox 87 409 866 445">
     <span class='ocr_line' id='line_1_9' title="bbox 87 409 866 445; baseline 0.004 -10"><span class='ocrx_word' id='word_1_46' title='bbox 87 409 173 444; x_wconf 69' lang='grc' dir='ltr'>βουλῆς</span> <span class='ocrx_word' id='word_1_47' title='bbox 192 410 384 443; x_wconf 61' lang='grc' dir='ltr'>κατεδίκασαν,</span> <span class='ocrx_word' id='word_1_48' title='bbox 399 411 468 445; x_wconf 80' lang='grc' dir='ltr'>μετὰ</span> <span class='ocrx_word' id='word_1_49' title='bbox 480 411 566 438; x_wconf 83' lang='grc' dir='ltr'>ταῦτα</span> <span class='ocrx_word' id='word_1_50' title='bbox 578 412 606 437; x_wconf 77' lang='grc' dir='ltr'>ὲν</span> <span class='ocrx_word' id='word_1_51' title='bbox 619 413 680 443; x_wconf 81' lang='grc' dir='ltr'>ταῖς</span> <span class='ocrx_word' id='word_1_52' title='bbox 693 411 809 443; x_wconf 72' lang='grc' dir='ltr'><strong>οἰκείαις</strong></span> <span class='ocrx_word' id='word_1_53' title='bbox 824 420 866 438; x_wconf 85' lang='grc' dir='ltr'>τι-</span> 
     </span>
    </p>
   </div>
   <div class='ocr_carea' id='block_1_10' title="bbox 88 455 867 492">
    <p class='ocr_par' dir='ltr' id='par_1_10' title="bbox 88 455 867 492">
     <span class='ocr_line' id='line_1_10' title="bbox 88 455 867 492; baseline 0.004 -11"><span class='ocrx_word' id='word_1_54' title='bbox 88 457 143 489; x_wconf 75' lang='grc' dir='ltr'>μαίς</span> <span class='ocrx_word' id='word_1_55' title='bbox 157 455 298 488; x_wconf 67' lang='grc' dir='ltr'>ἐδέξαντο·</span> <span class='ocrx_word' id='word_1_56' title='bbox 332 458 380 483; x_wconf 74' lang='grc' dir='ltr'>καὶ</span> <span class='ocrx_word' id='word_1_57' title='bbox 401 457 442 483; x_wconf 85' lang='grc' dir='ltr'>ὃτι</span> <span class='ocrx_word' id='word_1_58' title='bbox 461 456 509 488; x_wconf 78' lang='grc' dir='ltr'>οὒς</span> <span class='ocrx_word' id='word_1_59' title='bbox 534 457 623 489; x_wconf 70' lang='grc' dir='ltr'>αὐτοὶ,</span> <span class='ocrx_word' id='word_1_60' title='bbox 637 457 661 483; x_wconf 81' lang='grc' dir='ltr'><strong>οι</strong></span> <span class='ocrx_word' id='word_1_61' title='bbox 692 458 758 492; x_wconf 78' lang='grc' dir='ltr'>παρ’</span> <span class='ocrx_word' id='word_1_62' title='bbox 778 457 867 484; x_wconf 83' lang='grc' dir='ltr'>αὐτῶν</span> 
     </span>
    </p>
   </div>
   <div class='ocr_carea' id='block_1_11' title="bbox 87 501 867 538">
    <p class='ocr_par' dir='ltr' id='par_1_11' title="bbox 87 501 867 538">
     <span class='ocr_line' id='line_1_11' title="bbox 87 501 867 538; baseline 0.004 -11"><span class='ocrx_word' id='word_1_63' title='bbox 87 501 340 536; x_wconf 82' lang='grc' dir='ltr'>καταδεδικασμένοι</span> <span class='ocrx_word' id='word_1_64' title='bbox 354 502 401 529; x_wconf 72' lang='grc' dir='ltr'>καὶ</span> <span class='ocrx_word' id='word_1_65' title='bbox 415 502 611 537; x_wconf 73' lang='grc' dir='ltr'>ἐκϐεϐλημένοι</span> <span class='ocrx_word' id='word_1_66' title='bbox 628 503 679 538; x_wconf 82' lang='grc' dir='ltr'>τῆς</span> <span class='ocrx_word' id='word_1_67' title='bbox 695 503 760 538; x_wconf 77' lang='grc' dir='ltr'>παρ’</span> <span class='ocrx_word' id='word_1_68' title='bbox 776 504 867 536; x_wconf 79' lang='grc' dir='ltr'>αὐτοῖς</span> 
     </span>
    </p>
   </div>
   <div class='ocr_carea' id='block_1_12' title="bbox 88 546 867 583">
    <p class='ocr_par' dir='ltr' id='par_1_12' title="bbox 88 546 867 583">
     <span class='ocr_line' id='line_1_12' title="bbox 88 546 867 583; baseline 0.005 -11"><span class='ocrx_word' id='word_1_69' title='bbox 88 546 240 581; x_wconf 65' lang='grc' dir='ltr'>ἱερωσύνης,</span> <span class='ocrx_word' id='word_1_70' title='bbox 280 547 431 575; x_wconf 71' lang='grc' dir='ltr'>ἐϐάπτισαν</span> <span class='ocrx_word' id='word_1_71' title='bbox 455 547 648 583; x_wconf 74' lang='grc' dir='ltr'><strong>παρεδέξαντο,</strong></span> <span class='ocrx_word' id='word_1_72' title='bbox 669 549 716 576; x_wconf 73' lang='grc' dir='ltr'>καὶ</span> <span class='ocrx_word' id='word_1_73' title='bbox 733 549 775 576; x_wconf 82' lang='grc' dir='ltr'>ὅτι</span> <span class='ocrx_word' id='word_1_74' title='bbox 805 549 867 577; x_wconf 71' lang='grc' dir='ltr'>οὺδδ</span> 
     </span>
    </p>
   </div>
   <div class='ocr_carea' id='block_1_13' title="bbox 87 590 630 626">
    <p class='ocr_par' dir='ltr' id='par_1_13' title="bbox 87 590 630 626">
     <span class='ocr_line' id='line_1_13' title="bbox 87 590 630 626; baseline 0.007 -10"><span class='ocrx_word' id='word_1_75' title='bbox 87 591 184 624; x_wconf 77' lang='grc' dir='ltr'>λέγουσι</span> <span class='ocrx_word' id='word_1_76' title='bbox 200 590 366 626; x_wconf 69' lang='grc' dir='ltr'>μολύνεσθαι</span> <span class='ocrx_word' id='word_1_77' title='bbox 380 592 465 619; x_wconf 83' lang='grc' dir='ltr'>ταῦτα</span> <span class='ocrx_word' id='word_1_78' title='bbox 478 593 630 626; x_wconf 76' lang='grc' dir='ltr'>ποιοῦντες.</span> 
     </span>
    </p>
   </div>
   <div class='ocr_carea' id='block_1_14' title="bbox 87 691 868 739">
    <p class='ocr_par' dir='ltr' id='par_1_14' title="bbox 87 691 868 739">
     <span class='ocr_line' id='line_1_14' title="bbox 87 691 868 739; baseline 0.009 -22"><span class='ocrx_word' id='word_1_79' title='bbox 87 691 184 718; x_wconf 80' lang='grc' dir='ltr'><strong>ΑΡΙΣΤ.</strong></span> <span class='ocrx_word' id='word_1_80' title='bbox 204 701 213 717; x_wconf 77' lang='grc' dir='ltr'><strong>ι</strong></span> <span class='ocrx_word' id='word_1_81' title='bbox 238 692 342 727; x_wconf 83' lang='grc' dir='ltr'>Ἥρεσε</span> <span class='ocrx_word' id='word_1_82' title='bbox 360 693 489 728; x_wconf 77' lang='grc' dir='ltr'>πρέσῦεις</span> <span class='ocrx_word' id='word_1_83' title='bbox 512 694 708 739; x_wconf 70' lang='grc' dir='ltr'>ἀποσταλῆναι,</span> <span class='ocrx_word' id='word_1_84' title='bbox 735 695 868 732; x_wconf 78' lang='grc' dir='ltr'>κηρύξον-</span> 
     </span>
    </p>
   </div>
   <div class='ocr_carea' id='block_1_15' title="bbox 119 738 868 777">
    <p class='ocr_par' dir='ltr' id='par_1_15' title="bbox 119 738 868 777">
     <span class='ocr_line' id='line_1_15' title="bbox 119 738 868 777; baseline 0.011 -15"><span class='ocrx_word' id='word_1_85' title='bbox 119 747 128 763; x_wconf 86' lang='grc'><strong><em>‹</em></strong></span> <span class='ocrx_word' id='word_1_86' title='bbox 147 746 193 768; x_wconf 73' lang='grc' dir='ltr'><strong>τας</strong></span> <span class='ocrx_word' id='word_1_87' title='bbox 205 738 262 769; x_wconf 81' lang='grc' dir='ltr'>τοῖς</span> <span class='ocrx_word' id='word_1_88' title='bbox 273 738 448 770; x_wconf 79' lang='grc' dir='ltr'>Δονατισταϊς</span> <span class='ocrx_word' id='word_1_89' title='bbox 461 740 575 775; x_wconf 88' lang='grc' dir='ltr'>εῑρήνην</span> <span class='ocrx_word' id='word_1_90' title='bbox 586 741 633 768; x_wconf 74' lang='grc' dir='ltr'>καὶ</span> <span class='ocrx_word' id='word_1_91' title='bbox 647 738 771 777; x_wconf 79' lang='grc' dir='ltr'>ἑνότητα,</span> <span class='ocrx_word' id='word_1_92' title='bbox 785 750 868 777; x_wconf 87' lang='grc' dir='ltr'>μετα-</span> 
     </span>
    </p>
   </div>
   <div class='ocr_carea' id='block_1_16' title="bbox 119 782 618 820">
    <p class='ocr_par' dir='ltr' id='par_1_16' title="bbox 119 782 618 820">
     <span class='ocr_line' id='line_1_16' title="bbox 119 782 618 820; baseline 0.01 -12"><span class='ocrx_word' id='word_1_93' title='bbox 119 791 127 807; x_wconf 78' lang='grc' dir='ltr'><strong>ι</strong></span> <span class='ocrx_word' id='word_1_94' title='bbox 146 782 296 818; x_wconf 79' lang='grc' dir='ltr'><strong>τιθεμένοις</strong></span> <span class='ocrx_word' id='word_1_95' title='bbox 311 784 380 818; x_wconf 80' lang='grc' dir='ltr'>πρὸς</span> <span class='ocrx_word' id='word_1_96' title='bbox 394 784 425 810; x_wconf 82' lang='grc' dir='ltr'>τὸ</span> <span class='ocrx_word' id='word_1_97' title='bbox 438 784 588 820; x_wconf 76' lang='grc' dir='ltr'>ὀρθόδοξον.</span> <span class='ocrx_word' id='word_1_98' title='bbox 608 795 618 812; x_wconf 73' lang='grc' dir='ltr'><strong>ι</strong></span> 
     </span>
    </p>
   </div>
   <div class='ocr_carea' id='block_1_17' title="bbox 116 839 867 882">
    <p class='ocr_par' dir='ltr' id='par_1_17' title="bbox 116 839 867 882">
     <span class='ocr_line' id='line_1_17' title="bbox 116 839 867 882; baseline 0.009 -17"><span class='ocrx_word' id='word_1_99' title='bbox 116 839 150 866; x_wconf 79' lang='grc' dir='ltr'><strong>Οὐ</strong></span> <span class='ocrx_word' id='word_1_100' title='bbox 162 841 241 875; x_wconf 78' lang='grc' dir='ltr'>μόνον</span> <span class='ocrx_word' id='word_1_101' title='bbox 260 842 500 878; x_wconf 80' lang='grc' dir='ltr'><strong>προσερχομένους</strong></span> <span class='ocrx_word' id='word_1_102' title='bbox 517 845 550 879; x_wconf 86' lang='grc' dir='ltr'>τῇ</span> <span class='ocrx_word' id='word_1_103' title='bbox 562 844 693 881; x_wconf 81' lang='grc' dir='ltr'>καθολικῇ</span> <span class='ocrx_word' id='word_1_104' title='bbox 716 844 867 882; x_wconf 67' lang='grc' dir='ltr'>Ἐκκλησία</span> 
     </span>
    </p>
   </div>
   <div class='ocr_carea' id='block_1_18' title="bbox 87 885 866 927">
    <p class='ocr_par' dir='ltr' id='par_1_18' title="bbox 87 885 866 927">
     <span class='ocr_line' id='line_1_18' title="bbox 87 885 866 927; baseline 0.012 -17"><span class='ocrx_word' id='word_1_105' title='bbox 87 885 141 916; x_wconf 71' lang='grc' dir='ltr'>τοὺς</span> <span class='ocrx_word' id='word_1_106' title='bbox 166 887 331 921; x_wconf 74' lang='grc' dir='ltr'>Δονατιστὰς</span> <span class='ocrx_word' id='word_1_107' title='bbox 357 889 416 916; x_wconf 78' lang='grc' dir='ltr'>δέον</span> <span class='ocrx_word' id='word_1_108' title='bbox 451 890 564 924; x_wconf 74' lang='grc' dir='ltr'>ἔκριναν</span> <span class='ocrx_word' id='word_1_109' title='bbox 590 892 615 917; x_wconf 77' lang='lat' dir='ltr'><strong>ot</strong></span> <span class='ocrx_word' id='word_1_110' title='bbox 647 892 769 927; x_wconf 81' lang='grc' dir='ltr'>Πατέρες</span> <span class='ocrx_word' id='word_1_111' title='bbox 792 892 866 920; x_wconf 78' lang='grc' dir='ltr'>οὗτοι</span> 
     </span>
    </p>
   </div>
   <div class='ocr_carea' id='block_1_19' title="bbox 89 931 866 973">
    <p class='ocr_par' dir='ltr' id='par_1_19' title="bbox 89 931 866 973">
     <span class='ocr_line' id='line_1_19' title="bbox 89 931 866 973; baseline 0.012 -17"><span class='ocrx_word' id='word_1_112' title='bbox 89 931 293 970; x_wconf 59' lang='grc' dir='ltr'>παραδέχεσθαι,</span> <span class='ocrx_word' id='word_1_113' title='bbox 309 934 378 962; x_wconf 81' lang='grc' dir='ltr'>ἀλλὰ</span> <span class='ocrx_word' id='word_1_114' title='bbox 390 935 437 962; x_wconf 67' lang='grc' dir='ltr'><strong>καὶ</strong></span> <span class='ocrx_word' id='word_1_115' title='bbox 456 936 587 970; x_wconf 75' lang='grc' dir='ltr'>πρέσϐεις</span> <span class='ocrx_word' id='word_1_116' title='bbox 605 937 673 973; x_wconf 75' lang='grc' dir='ltr'>τρδς</span> <span class='ocrx_word' id='word_1_117' title='bbox 700 938 799 970; x_wconf 75' lang='grc' dir='ltr'>αὐτοὺς</span> <span class='ocrx_word' id='word_1_118' title='bbox 823 939 866 965; x_wconf 76' lang='grc' dir='ltr'>εί-</span> 
     </span>
    </p>
   </div>
   <div class='ocr_carea' id='block_1_20' title="bbox 90 976 865 1017">
    <p class='ocr_par' dir='ltr' id='par_1_20' title="bbox 90 976 865 1017">
     <span class='ocr_line' id='line_1_20' title="bbox 90 976 865 1017; baseline 0.01 -15"><span class='ocrx_word' id='word_1_119' title='bbox 90 976 165 1010; x_wconf 82' lang='grc' dir='ltr'>ρήνην</span> <span class='ocrx_word' id='word_1_120' title='bbox 179 978 232 1004; x_wconf 79' lang='grc' dir='ltr'><strong>τῶν</strong></span> <span class='ocrx_word' id='word_1_121' title='bbox 259 979 471 1015; x_wconf 73' lang='grc' dir='ltr'>ὲκκλησιῶνκαὶ</span> <span class='ocrx_word' id='word_1_122' title='bbox 488 981 611 1017; x_wconf 73' lang='grc' dir='ltr'>ἑνότητα,</span> <span class='ocrx_word' id='word_1_123' title='bbox 643 982 668 1008; x_wconf 84' lang='grc' dir='ltr'>εἰ</span> <span class='ocrx_word' id='word_1_124' title='bbox 695 982 865 1017; x_wconf 66' lang='grc' dir='ltr'>μετατεθῶσι</span> 
     </span>
    </p>
   </div>
   <div class='ocr_carea' id='block_1_21' title="bbox 89 1021 356 1058">
    <p class='ocr_par' dir='ltr' id='par_1_21' title="bbox 89 1021 356 1058">
     <span class='ocr_line' id='line_1_21' title="bbox 89 1021 356 1058; baseline 0.015 -9"><span class='ocrx_word' id='word_1_125' title='bbox 89 1021 148 1056; x_wconf 74' lang='grc' dir='ltr'>πρὸς</span> <span class='ocrx_word' id='word_1_126' title='bbox 160 1024 188 1049; x_wconf 73' lang='grc' dir='ltr'>τὸ</span> <span class='ocrx_word' id='word_1_127' title='bbox 200 1025 231 1058; x_wconf 65' lang='lat'><strong>6;.</strong></span> <span class='ocrx_word' id='word_1_128' title='bbox 235 1024 356 1058; x_wconf 79' lang='grc' dir='ltr'>θόδοξον.</span> 
     </span>
    </p>
   </div>
   <div class='ocr_carea' id='block_1_22' title="bbox 360 1070 568 1123">
    <p class='ocr_par' dir='ltr' id='par_1_22' title="bbox 360 1070 568 1123">
     <span class='ocr_line' id='line_1_22' title="bbox 360 1070 568 1123; baseline 0.005 -1"><span class='ocrx_word' id='word_1_129' title='bbox 360 1070 367 1075; x_wconf 38' lang='lat'><em>.</em></span> <span class='ocrx_word' id='word_1_130' title='bbox 375 1094 495 1122; x_wconf 73' lang='grc' dir='ltr'><strong>ΚΔΝΩΝ</strong></span> <span class='ocrx_word' id='word_1_131' title='bbox 509 1095 568 1123; x_wconf 80' lang='grc' dir='ltr'><strong>οΓ’.</strong></span> 
     </span>
    </p>
   </div>
   <div class='ocr_carea' id='block_1_23' title="bbox 90 1159 868 1200">
    <p class='ocr_par' dir='ltr' id='par_1_23' title="bbox 90 1159 868 1200">
     <span class='ocr_line' id='line_1_23' title="bbox 90 1159 868 1200; baseline 0.012 -17"><span class='ocrx_word' id='word_1_132' title='bbox 90 1167 97 1183; x_wconf 75' lang='grc' dir='ltr'><strong>ι</strong></span> <span class='ocrx_word' id='word_1_133' title='bbox 118 1159 179 1195; x_wconf 81' lang='grc' dir='ltr'>Περὶ</span> <span class='ocrx_word' id='word_1_134' title='bbox 193 1160 240 1187; x_wconf 78' lang='grc' dir='ltr'>τοῦ</span> <span class='ocrx_word' id='word_1_135' title='bbox 254 1161 329 1189; x_wconf 66' lang='grc' dir='ltr'>ποῖοι</span> <span class='ocrx_word' id='word_1_136' title='bbox 349 1162 486 1196; x_wconf 68' lang='grc' dir='ltr'>ὀφείλουσι</span> <span class='ocrx_word' id='word_1_137' title='bbox 502 1163 557 1190; x_wconf 85' lang='grc' dir='ltr'><strong>τῶν</strong></span> <span class='ocrx_word' id='word_1_138' title='bbox 578 1163 716 1199; x_wconf 84' lang='grc' dir='ltr'>κληρικῶν</span> <span class='ocrx_word' id='word_1_139' title='bbox 739 1165 868 1200; x_wconf 80' lang='grc' dir='ltr'>γαμετῶν</span> 
     </span>
    </p>
   </div>
   <div class='ocr_carea' id='block_1_24' title="bbox 119 1204 868 1245">
    <p class='ocr_par' dir='ltr' id='par_1_24' title="bbox 119 1204 868 1245">
     <span class='ocr_line' id='line_1_24' title="bbox 119 1204 868 1245; baseline 0.011 -16"><span class='ocrx_word' id='word_1_140' title='bbox 119 1211 127 1228; x_wconf 80' lang='grc' dir='ltr'><strong>ι</strong></span> <span class='ocrx_word' id='word_1_141' title='bbox 149 1204 309 1240; x_wconf 77' lang='grc' dir='ltr'>ἀπέχεσθαι.</span> <span class='ocrx_word' id='word_1_142' title='bbox 327 1206 397 1241; x_wconf 69' lang='grc' dir='ltr'>Πρὸς</span> <span class='ocrx_word' id='word_1_143' title='bbox 411 1208 457 1234; x_wconf 81' lang='grc' dir='ltr'><strong>ἐπὶ</strong></span> <span class='ocrx_word' id='word_1_144' title='bbox 475 1208 580 1241; x_wconf 78' lang='grc' dir='ltr'><strong>τούτοις</strong></span> <span class='ocrx_word' id='word_1_145' title='bbox 608 1209 638 1236; x_wconf 78' lang='grc' dir='ltr'>ἑν</span> <span class='ocrx_word' id='word_1_146' title='bbox 666 1208 706 1244; x_wconf 85' lang='grc' dir='ltr'>τῷ</span> <span class='ocrx_word' id='word_1_147' title='bbox 731 1210 795 1245; x_wconf 60' lang='grc' dir='ltr'><strong>περὶ¹</strong></span> <span class='ocrx_word' id='word_1_148' title='bbox 822 1211 868 1244; x_wconf 77' lang='grc' dir='ltr'><strong>ἑγ-</strong></span> 
     </span>
    </p>
   </div>
   <div class='ocr_carea' id='block_1_25' title="bbox 120 1250 868 1291">
    <p class='ocr_par' dir='ltr' id='par_1_25' title="bbox 120 1250 868 1291">
     <span class='ocr_line' id='line_1_25' title="bbox 120 1250 868 1291; baseline 0.012 -18"><span class='ocrx_word' id='word_1_149' title='bbox 120 1257 127 1272; x_wconf 80' lang='grc' dir='ltr'><strong>ι</strong></span> <span class='ocrx_word' id='word_1_150' title='bbox 149 1250 276 1284; x_wconf 61' lang='lat' dir='ltr'><strong>trpezita;</strong></span> <span class='ocrx_word' id='word_1_151' title='bbox 293 1250 345 1285; x_wconf 83' lang='grc' dir='ltr'>τῆς</span> <span class='ocrx_word' id='word_1_152' title='bbox 369 1252 432 1286; x_wconf 67' lang='grc' dir='ltr'>περὶ</span> <span class='ocrx_word' id='word_1_153' title='bbox 448 1253 500 1284; x_wconf 83' lang='grc' dir='ltr'><strong>τὰς</strong></span> <span class='ocrx_word' id='word_1_154' title='bbox 514 1253 619 1285; x_wconf 72' lang='grc' dir='ltr'>οἰκείας</span> <span class='ocrx_word' id='word_1_155' title='bbox 634 1254 757 1291; x_wconf 83' lang='grc' dir='ltr'>γαμετάς</span> <span class='ocrx_word' id='word_1_156' title='bbox 786 1263 868 1282; x_wconf 86' lang='grc' dir='ltr'>τινων</span> 
     </span>
    </p>
   </div>
   <div class='ocr_carea' id='block_1_26' title="bbox 119 1293 868 1336">
    <p class='ocr_par' dir='ltr' id='par_1_26' title="bbox 119 1293 868 1336">
     <span class='ocr_line' id='line_1_26' title="bbox 119 1293 868 1336; baseline 0.009 -16"><span class='ocrx_word' id='word_1_157' title='bbox 119 1303 127 1318; x_wconf 74' lang='grc' dir='ltr'>α</span> <span class='ocrx_word' id='word_1_158' title='bbox 148 1297 367 1330; x_wconf 76' lang='grc' dir='ltr'><strong>μνημονεύεσθαι</strong></span> <span class='ocrx_word' id='word_1_159' title='bbox 402 1298 553 1335; x_wconf 82' lang='grc' dir='ltr'>κληρικῶν,</span> <span class='ocrx_word' id='word_1_160' title='bbox 574 1300 683 1336; x_wconf 74' lang='grc' dir='ltr'>ἤρεσεν,</span> <span class='ocrx_word' id='word_1_161' title='bbox 713 1299 783 1328; x_wconf 75' lang='grc' dir='ltr'>ὥστε</span> <span class='ocrx_word' id='word_1_162' title='bbox 805 1293 868 1332; x_wconf 79' lang='grc' dir='ltr'>τοὺς</span> 
     </span>
    </p>
   </div>
   <div class='ocr_carea' id='block_1_27' title="bbox 119 1342 868 1382">
    <p class='ocr_par' dir='ltr' id='par_1_27' title="bbox 119 1342 868 1382">
     <span class='ocr_line' id='line_1_27' title="bbox 119 1342 868 1382; baseline 0.007 -15"><span class='ocrx_word' id='word_1_163' title='bbox 119 1351 126 1366; x_wconf 81' lang='grc' dir='ltr'><strong>ι</strong></span> <span class='ocrx_word' id='word_1_164' title='bbox 149 1342 315 1375; x_wconf 74' lang='grc' dir='ltr'><strong>ἐπισκόπους</strong></span> <span class='ocrx_word' id='word_1_165' title='bbox 344 1344 392 1373; x_wconf 74' lang='grc' dir='ltr'><strong>καὶ</strong></span> <span class='ocrx_word' id='word_1_166' title='bbox 418 1345 620 1382; x_wconf 76' lang='grc' dir='ltr'>πρεσὸυτέρους</span> <span class='ocrx_word' id='word_1_167' title='bbox 651 1347 699 1373; x_wconf 75' lang='grc' dir='ltr'>καὶ</span> <span class='ocrx_word' id='word_1_168' title='bbox 726 1346 868 1378; x_wconf 81' lang='grc' dir='ltr'>διακόνους</span> 
     </span>
    </p>
   </div>
   <div class='ocr_carea' id='block_1_28' title="bbox 119 1389 868 1428">
    <p class='ocr_par' dir='ltr' id='par_1_28' title="bbox 119 1389 868 1428">
     <span class='ocr_line' id='line_1_28' title="bbox 119 1389 868 1428; baseline 0.007 -15"><span class='ocrx_word' id='word_1_169' title='bbox 119 1396 127 1412; x_wconf 75' lang='grc' dir='ltr'><strong>ι</strong></span> <span class='ocrx_word' id='word_1_170' title='bbox 150 1390 217 1415; x_wconf 85' lang='grc' dir='ltr'>κατὰ</span> <span class='ocrx_word' id='word_1_171' title='bbox 233 1389 298 1421; x_wconf 80' lang='grc' dir='ltr'>τοὺς</span> <span class='ocrx_word' id='word_1_172' title='bbox 317 1389 396 1422; x_wconf 79' lang='grc' dir='ltr'>ἰδίους</span> <span class='ocrx_word' id='word_1_173' title='bbox 405 1390 484 1425; x_wconf 85' lang='grc' dir='ltr'>ὄρους</span> <span class='ocrx_word' id='word_1_174' title='bbox 495 1392 541 1418; x_wconf 73' lang='grc' dir='ltr'>καὶ</span> <span class='ocrx_word' id='word_1_175' title='bbox 554 1391 586 1418; x_wconf 84' lang='grc' dir='ltr'>ὲκ</span> <span class='ocrx_word' id='word_1_176' title='bbox 597 1391 650 1418; x_wconf 87' lang='grc' dir='ltr'><strong>τῶν</strong></span> <span class='ocrx_word' id='word_1_177' title='bbox 666 1392 737 1418; x_wconf 81' lang='grc' dir='ltr'><strong>ἰδίων</strong></span> <span class='ocrx_word' id='word_1_178' title='bbox 751 1391 791 1418; x_wconf 79' lang='grc' dir='ltr'><strong>ἐτι</strong></span> <span class='ocrx_word' id='word_1_179' title='bbox 813 1392 868 1428; x_wconf 72' lang='grc' dir='ltr'>μὴν</span> 
     </span>
    </p>
   </div>
   <div class='ocr_carea' id='block_1_29' title="bbox 117 1434 868 1473">
    <p class='ocr_par' dir='ltr' id='par_1_29' title="bbox 117 1434 868 1473">
     <span class='ocr_line' id='line_1_29' title="bbox 117 1434 868 1473; baseline 0.007 -14"><span class='ocrx_word' id='word_1_180' title='bbox 117 1441 126 1458; x_wconf 78' lang='grc' dir='ltr'><strong>ι</strong></span> <span class='ocrx_word' id='word_1_181' title='bbox 149 1434 301 1469; x_wconf 79' lang='grc' dir='ltr'>ἀπέχεσθαι</span> <span class='ocrx_word' id='word_1_182' title='bbox 313 1435 470 1470; x_wconf 85' lang='grc' dir='ltr'>γυναικῶν’</span> <span class='ocrx_word' id='word_1_183' title='bbox 489 1437 558 1473; x_wconf 80' lang='grc' dir='ltr'>ὅπερ</span> <span class='ocrx_word' id='word_1_184' title='bbox 586 1438 610 1464; x_wconf 85' lang='grc' dir='ltr'><strong>εί</strong></span> <span class='ocrx_word' id='word_1_185' title='bbox 643 1437 681 1473; x_wconf 84' lang='grc' dir='ltr'>μὴ</span> <span class='ocrx_word' id='word_1_186' title='bbox 714 1438 868 1472; x_wconf 84' lang='grc' dir='ltr'>ποιήσαιεν,</span> 
     </span>
    </p>
   </div>
   <div class='ocr_carea' id='block_1_30' title="bbox 119 1479 865 1518">
    <p class='ocr_par' dir='ltr' id='par_1_30' title="bbox 119 1479 865 1518">
     <span class='ocr_line' id='line_1_30' title="bbox 119 1479 865 1518; baseline 0.008 -15"><span class='ocrx_word' id='word_1_187' title='bbox 119 1487 126 1503; x_wconf 77' lang='grc' dir='ltr'><strong>ι</strong></span> <span class='ocrx_word' id='word_1_188' title='bbox 150 1479 201 1506; x_wconf 71' lang='grc' dir='ltr'><strong>ἀπὸ</strong></span> <span class='ocrx_word' id='word_1_189' title='bbox 215 1480 267 1514; x_wconf 81' lang='grc' dir='ltr'>τῆς</span> <span class='ocrx_word' id='word_1_190' title='bbox 283 1481 518 1517; x_wconf 73' lang='grc' dir='ltr'>ἑκκλησιαστικῆς</span> <span class='ocrx_word' id='word_1_191' title='bbox 533 1481 720 1518; x_wconf 83' lang='grc' dir='ltr'>ἁποκινηθῶσι</span> <span class='ocrx_word' id='word_1_192' title='bbox 742 1482 844 1516; x_wconf 78' lang='grc' dir='ltr'>τάξεως</span> <span class='ocrx_word' id='word_1_193' title='bbox 860 1491 865 1497; x_wconf 93' lang='grc'><strong>·</strong></span> 
     </span>
    </p>
   </div>
   <div class='ocr_carea' id='block_1_31' title="bbox 119 1526 869 1563">
    <p class='ocr_par' dir='ltr' id='par_1_31' title="bbox 119 1526 869 1563">
     <span class='ocr_line' id='line_1_31' title="bbox 119 1526 869 1563; baseline 0.007 -13"><span class='ocrx_word' id='word_1_194' title='bbox 119 1534 126 1549; x_wconf 83' lang='grc' dir='ltr'><strong>ι</strong></span> <span class='ocrx_word' id='word_1_195' title='bbox 147 1527 208 1557; x_wconf 77' lang='grc' dir='ltr'>τοὺς</span> <span class='ocrx_word' id='word_1_196' title='bbox 223 1526 252 1553; x_wconf 84' lang='grc' dir='ltr'>δὲ</span> <span class='ocrx_word' id='word_1_197' title='bbox 265 1527 380 1558; x_wconf 77' lang='grc' dir='ltr'>λοιποὺς</span> <span class='ocrx_word' id='word_1_198' title='bbox 403 1527 551 1563; x_wconf 80' lang='grc' dir='ltr'>κληρικοὺς</span> <span class='ocrx_word' id='word_1_199' title='bbox 566 1527 635 1563; x_wconf 78' lang='grc' dir='ltr'>πρὸς</span> <span class='ocrx_word' id='word_1_200' title='bbox 657 1527 737 1554; x_wconf 83' lang='grc' dir='ltr'>τοῦτο</span> <span class='ocrx_word' id='word_1_201' title='bbox 765 1529 802 1563; x_wconf 88' lang='grc' dir='ltr'>μὴ</span> <span class='ocrx_word' id='word_1_202' title='bbox 822 1528 869 1555; x_wconf 85' lang='grc' dir='ltr'><strong>ἀν-</strong></span> 
     </span>
    </p>
   </div>
   <div class='ocr_carea' id='block_1_32' title="bbox 121 1572 900 1614">
    <p class='ocr_par' dir='ltr' id='par_1_32' title="bbox 121 1572 900 1614">
     <span class='ocr_line' id='line_1_32' title="bbox 121 1572 900 1614; baseline 0.003 -17"><span class='ocrx_word' id='word_1_203' title='bbox 121 1580 128 1595; x_wconf 81' lang='grc' dir='ltr'><strong>ι</strong></span> <span class='ocrx_word' id='word_1_204' title='bbox 150 1572 333 1606; x_wconf 79' lang='grc' dir='ltr'>αγκάζεσθαι,</span> <span class='ocrx_word' id='word_1_205' title='bbox 364 1572 423 1600; x_wconf 77' lang='grc' dir='ltr'>ἀλλ’</span> <span class='ocrx_word' id='word_1_206' title='bbox 449 1573 567 1606; x_wconf 82' lang='grc' dir='ltr'>ὀφείλειν</span> <span class='ocrx_word' id='word_1_207' title='bbox 589 1572 659 1599; x_wconf 71' lang='grc' dir='ltr'>κατὰ</span> <span class='ocrx_word' id='word_1_208' title='bbox 672 1573 720 1609; x_wconf 81' lang='grc' dir='ltr'>τὴν</span> <span class='ocrx_word' id='word_1_209' title='bbox 748 1574 900 1614; x_wconf 65' lang='grc' dir='ltr'>ἑκάστηςο</span> 
     </span>
    </p>
   </div>
   <div class='ocr_carea' id='block_1_33' title="bbox 118 1617 779 1654">
    <p class='ocr_par' dir='ltr' id='par_1_33' title="bbox 118 1617 779 1654">
     <span class='ocr_line' id='line_1_33' title="bbox 118 1617 779 1654; baseline 0.002 -10"><span class='ocrx_word' id='word_1_210' title='bbox 118 1627 128 1643; x_wconf 70' lang='grc' dir='ltr'>ί</span> <span class='ocrx_word' id='word_1_211' title='bbox 147 1618 297 1654; x_wconf 73' lang='grc' dir='ltr'>ἐκκλησίας</span> <span class='ocrx_word' id='word_1_212' title='bbox 314 1617 460 1654; x_wconf 80' lang='grc' dir='ltr'>συνήθειαν</span> <span class='ocrx_word' id='word_1_213' title='bbox 476 1618 745 1654; x_wconf 81' lang='grc' dir='ltr'>παραφυλάττεσθαι.</span> <span class='ocrx_word' id='word_1_214' title='bbox 769 1628 779 1645; x_wconf 72' lang='grc' dir='ltr'><strong>ι</strong></span> 
     </span>
    </p>
   </div>
   <div class='ocr_carea' id='block_1_34' title="bbox 116 1680 868 1720">
    <p class='ocr_par' dir='ltr' id='par_1_34' title="bbox 116 1680 868 1720">
     <span class='ocr_line' id='line_1_34' title="bbox 116 1680 868 1720; baseline 0.001 -8"><span class='ocrx_word' id='word_1_215' title='bbox 116 1685 208 1714; x_wconf 75' lang='grc' dir='ltr'><strong>ΒΑΛΣ.</strong></span> <span class='ocrx_word' id='word_1_216' title='bbox 236 1685 300 1717; x_wconf 84' lang='grc' dir='ltr'>Πῶς</span> <span class='ocrx_word' id='word_1_217' title='bbox 326 1685 479 1720; x_wconf 76' lang='grc' dir='ltr'>ὀφείλουσιν</span> <span class='ocrx_word' id='word_1_218' title='bbox 502 1680 718 1720; x_wconf 65' lang='grc' dir='ltr'>ἐγκρατεύεσθαι</span> <span class='ocrx_word' id='word_1_219' title='bbox 738 1686 792 1714; x_wconf 78' lang='grc' dir='ltr'><strong>ἀπὸ</strong></span> <span class='ocrx_word' id='word_1_220' title='bbox 814 1687 868 1714; x_wconf 74' lang='grc' dir='ltr'><strong>τῶν</strong></span> 
     </span>
    </p>
   </div>
   <div class='ocr_carea' id='block_1_35' title="bbox 87 1729 869 1767">
    <p class='ocr_par' dir='ltr' id='par_1_35' title="bbox 87 1729 869 1767">
     <span class='ocr_line' id='line_1_35' title="bbox 87 1729 869 1767; baseline 0.004 -12"><span class='ocrx_word' id='word_1_221' title='bbox 87 1729 151 1758; x_wconf 72' lang='grc' dir='ltr'>ἰδίων</span> <span class='ocrx_word' id='word_1_222' title='bbox 172 1731 303 1765; x_wconf 83' lang='grc' dir='ltr'>γαμετῶν</span> <span class='ocrx_word' id='word_1_223' title='bbox 313 1730 339 1758; x_wconf 91' lang='grc' dir='ltr'><strong>οί</strong></span> <span class='ocrx_word' id='word_1_224' title='bbox 354 1731 510 1765; x_wconf 62' lang='lat' dir='ltr'><strong>intexunt,</strong></span> <span class='ocrx_word' id='word_1_225' title='bbox 532 1732 556 1757; x_wconf 88' lang='grc' dir='ltr'><strong>οί</strong></span> <span class='ocrx_word' id='word_1_226' title='bbox 570 1731 750 1767; x_wconf 77' lang='grc' dir='ltr'>πρεσϐύτεροι</span> <span class='ocrx_word' id='word_1_227' title='bbox 778 1732 825 1758; x_wconf 78' lang='grc' dir='ltr'>καὶ</span> <span class='ocrx_word' id='word_1_228' title='bbox 843 1731 869 1758; x_wconf 75' lang='lat' dir='ltr'><strong>oi</strong></span> 
     </span>
    </p>
   </div>
   <div class='ocr_carea' id='block_1_36' title="bbox 84 1775 866 1813">
    <p class='ocr_par' dir='ltr' id='par_1_36' title="bbox 84 1775 866 1813">
     <span class='ocr_line' id='line_1_36' title="bbox 84 1775 866 1813; baseline 0.005 -12"><span class='ocrx_word' id='word_1_229' title='bbox 84 1775 201 1808; x_wconf 75' lang='grc' dir='ltr'>διάκονοι,</span> <span class='ocrx_word' id='word_1_230' title='bbox 216 1777 290 1803; x_wconf 70' lang='grc' dir='ltr'>κατὰ</span> <span class='ocrx_word' id='word_1_231' title='bbox 307 1776 354 1802; x_wconf 73' lang='grc' dir='ltr'>τὸν</span> <span class='ocrx_word' id='word_1_232' title='bbox 386 1775 483 1811; x_wconf 81' lang='grc' dir='ltr'>καιρὸν</span> <span class='ocrx_word' id='word_1_233' title='bbox 507 1777 556 1812; x_wconf 84' lang='grc' dir='ltr'>τῆς</span> <span class='ocrx_word' id='word_1_234' title='bbox 582 1777 736 1813; x_wconf 66' lang='grc' dir='ltr'>ἐφημερίας</span> <span class='ocrx_word' id='word_1_235' title='bbox 766 1777 866 1812; x_wconf 74' lang='grc' dir='ltr'>αὐτῶν,</span> 
     </span>
    </p>
   </div>
   <div class='ocr_carea' id='block_1_37' title="bbox 84 1816 868 1858">
    <p class='ocr_par' dir='ltr' id='par_1_37' title="bbox 84 1816 868 1858">
     <span class='ocr_line' id='line_1_37' title="bbox 84 1816 868 1858; baseline 0.001 -9"><span class='ocrx_word' id='word_1_236' title='bbox 84 1821 181 1856; x_wconf 73' lang='grc' dir='ltr'>εἴρηται</span> <span class='ocrx_word' id='word_1_237' title='bbox 204 1822 234 1849; x_wconf 73' lang='grc' dir='ltr'>ὲν</span> <span class='ocrx_word' id='word_1_238' title='bbox 249 1821 291 1856; x_wconf 81' lang='grc' dir='ltr'>τῷ</span> <span class='ocrx_word' id='word_1_239' title='bbox 308 1820 342 1855; x_wconf 66' lang='lat' dir='ltr'><strong>vf</strong></span> <span class='ocrx_word' id='word_1_240' title='bbox 357 1816 451 1854; x_wconf 74' lang='grc' dir='ltr'>κανόνι</span> <span class='ocrx_word' id='word_1_241' title='bbox 469 1822 519 1857; x_wconf 88' lang='grc' dir='ltr'>τῆς</span> <span class='ocrx_word' id='word_1_242' title='bbox 550 1823 579 1848; x_wconf 81' lang='grc' dir='ltr'>ὲν</span> <span class='ocrx_word' id='word_1_243' title='bbox 601 1822 641 1858; x_wconf 79' lang='grc' dir='ltr'>τῷ</span> <span class='ocrx_word' id='word_1_244' title='bbox 662 1822 789 1858; x_wconf 82' lang='grc' dir='ltr'>Τρούλλῳ</span> <span class='ocrx_word' id='word_1_245' title='bbox 805 1831 868 1850; x_wconf 82' lang='grc' dir='ltr'>συν-</span> 
     </span>
    </p>
   </div>
   <div class='ocr_carea' id='block_1_38' title="bbox 83 1867 868 1904">
    <p class='ocr_par' dir='ltr' id='par_1_38' title="bbox 83 1867 868 1904">
     <span class='ocr_line' id='line_1_38' title="bbox 83 1867 868 1904; baseline 0.003 -10"><span class='ocrx_word' id='word_1_246' title='bbox 83 1867 146 1894; x_wconf 71' lang='grc' dir='ltr'>όδου.</span> <span class='ocrx_word' id='word_1_247' title='bbox 156 1868 210 1897; x_wconf 78' lang='grc' dir='ltr'><strong>Καὶ</strong></span> <span class='ocrx_word' id='word_1_248' title='bbox 227 1869 242 1895; x_wconf 79' lang='grc' dir='ltr'>ὁ</span> <span class='ocrx_word' id='word_1_249' title='bbox 253 1867 352 1902; x_wconf 82' lang='grc' dir='ltr'>παρὼν</span> <span class='ocrx_word' id='word_1_250' title='bbox 366 1868 394 1894; x_wconf 74' lang='grc' dir='ltr'>δὲ</span> <span class='ocrx_word' id='word_1_251' title='bbox 409 1867 499 1896; x_wconf 83' lang='grc' dir='ltr'>κανών</span> <span class='ocrx_word' id='word_1_252' title='bbox 515 1876 583 1903; x_wconf 85' lang='grc' dir='ltr'>φησι</span> <span class='ocrx_word' id='word_1_253' title='bbox 602 1869 792 1904; x_wconf 80' lang='grc' dir='ltr'>καθαιρεῖσθαι</span> <span class='ocrx_word' id='word_1_254' title='bbox 804 1869 868 1896; x_wconf 81' lang='grc' dir='ltr'>τούο</span> 
     </span>
    </p>
   </div>
   <div class='ocr_carea' id='block_1_39' title="bbox 84 1913 867 1950">
    <p class='ocr_par' dir='ltr' id='par_1_39' title="bbox 84 1913 867 1950">
     <span class='ocr_line' id='line_1_39' title="bbox 84 1913 867 1950; baseline 0.004 -12"><span class='ocrx_word' id='word_1_255' title='bbox 84 1919 140 1944; x_wconf 78' lang='grc' dir='ltr'>τους</span> <span class='ocrx_word' id='word_1_256' title='bbox 152 1913 176 1940; x_wconf 85' lang='grc' dir='ltr'><strong>εί</strong></span> <span class='ocrx_word' id='word_1_257' title='bbox 192 1913 230 1950; x_wconf 76' lang='grc' dir='ltr'>μὴ</span> <span class='ocrx_word' id='word_1_258' title='bbox 245 1913 402 1948; x_wconf 79' lang='grc' dir='ltr'>τηνικαῦτα</span> <span class='ocrx_word' id='word_1_259' title='bbox 417 1914 654 1950; x_wconf 80' lang='grc' dir='ltr'>ἐγκρατεύωνται.</span> <span class='ocrx_word' id='word_1_260' title='bbox 688 1915 758 1946; x_wconf 84' lang='grc' dir='ltr'>Τοὺς</span> <span class='ocrx_word' id='word_1_261' title='bbox 776 1915 806 1942; x_wconf 74' lang='grc' dir='ltr'>δέ</span> <span class='ocrx_word' id='word_1_262' title='bbox 835 1923 867 1949; x_wconf 82' lang='grc' dir='ltr'>γι</span> 
     </span>
    </p>
   </div>
   <div class='ocr_carea' id='block_1_40' title="bbox 84 1955 866 1996">
    <p class='ocr_par' dir='ltr' id='par_1_40' title="bbox 84 1955 866 1996">
     <span class='ocr_line' id='line_1_40' title="bbox 84 1955 866 1996; baseline 0.005 -13"><span class='ocrx_word' id='word_1_263' title='bbox 84 1957 184 1991; x_wconf 71' lang='grc' dir='ltr'>λοιποὺς</span> <span class='ocrx_word' id='word_1_264' title='bbox 208 1955 362 1994; x_wconf 63' lang='grc' dir='ltr'>κληρικοϋς</span> <span class='ocrx_word' id='word_1_265' title='bbox 386 1959 473 1987; x_wconf 84' lang='grc' dir='ltr'>ταῦτα</span> <span class='ocrx_word' id='word_1_266' title='bbox 495 1960 546 1986; x_wconf 78' lang='grc' dir='ltr'>οὐκ</span> <span class='ocrx_word' id='word_1_267' title='bbox 572 1960 743 1993; x_wconf 77' lang='grc' dir='ltr'>ἀπαιτοῦσιν,</span> <span class='ocrx_word' id='word_1_268' title='bbox 767 1960 805 1992; x_wconf 83' lang='grc' dir='ltr'>ὼς</span> <span class='ocrx_word' id='word_1_269' title='bbox 828 1961 866 1996; x_wconf 75' lang='grc' dir='ltr'><strong>μὴ</strong></span> 
     </span>
    </p>
   </div>
   <div class='ocr_carea' id='block_1_41' title="bbox 83 2003 866 2041">
    <p class='ocr_par' dir='ltr' id='par_1_41' title="bbox 83 2003 866 2041">
     <span class='ocr_line' id='line_1_41' title="bbox 83 2003 866 2041; baseline 0 -9"><span class='ocrx_word' id='word_1_270' title='bbox 83 2003 260 2040; x_wconf 63' lang='grc' dir='ltr'>ψςλςιφῶντας</span> <span class='ocrx_word' id='word_1_271' title='bbox 289 2006 325 2033; x_wconf 79' lang='grc' dir='ltr'>τὰ</span> <span class='ocrx_word' id='word_1_272' title='bbox 342 2004 420 2039; x_wconf 72' lang='grc' dir='ltr'>ἅγια,</span> <span class='ocrx_word' id='word_1_273' title='bbox 447 2005 515 2032; x_wconf 72' lang='grc' dir='ltr'>ἀλλὰ</span> <span class='ocrx_word' id='word_1_274' title='bbox 542 2006 754 2041; x_wconf 83' lang='grc' dir='ltr'>παρεγγυῶνται</span> <span class='ocrx_word' id='word_1_275' title='bbox 774 2006 866 2038; x_wconf 79' lang='grc' dir='ltr'>αὐτοῖς</span> 
     </span>
    </p>
   </div>
   <div class='ocr_carea' id='block_1_42' title="bbox 84 2049 864 2087">
    <p class='ocr_par' dir='ltr' id='par_1_42' title="bbox 84 2049 864 2087">
     <span class='ocr_line' id='line_1_42' title="bbox 84 2049 864 2087; baseline 0.004 -12"><span class='ocrx_word' id='word_1_276' title='bbox 84 2049 220 2083; x_wconf 70' lang='grc' dir='ltr'>φυλάττειν</span> <span class='ocrx_word' id='word_1_277' title='bbox 249 2050 324 2078; x_wconf 80' lang='grc' dir='ltr'>κατὰ</span> <span class='ocrx_word' id='word_1_278' title='bbox 348 2050 381 2078; x_wconf 71' lang='grc' dir='ltr'><strong>τὸ</strong></span> <span class='ocrx_word' id='word_1_279' title='bbox 408 2051 460 2085; x_wconf 81' lang='grc' dir='ltr'>τῆς</span> <span class='ocrx_word' id='word_1_280' title='bbox 491 2051 610 2086; x_wconf 70' lang='grc' dir='ltr'>ἑκάστης</span> <span class='ocrx_word' id='word_1_281' title='bbox 631 2050 724 2087; x_wconf 84' lang='grc' dir='ltr'>χώρας</span> <span class='ocrx_word' id='word_1_282' title='bbox 758 2051 864 2086; x_wconf 66' lang='grc' dir='ltr'>ἔθιμον.</span> 
     </span>
    </p>
   </div>
   <div class='ocr_carea' id='block_1_43' title="bbox 82 2096 865 2133">
    <p class='ocr_par' dir='ltr' id='par_1_43' title="bbox 82 2096 865 2133">
     <span class='ocr_line' id='line_1_43' title="bbox 82 2096 865 2133; baseline 0.003 -10"><span class='ocrx_word' id='word_1_283' title='bbox 82 2096 224 2131; x_wconf 81' lang='grc' dir='ltr'>’Δνάγνωθι</span> <span class='ocrx_word' id='word_1_284' title='bbox 238 2098 296 2133; x_wconf 15' lang='grc' dir='ltr'>’καὶ</span> <span class='ocrx_word' id='word_1_285' title='bbox 323 2098 370 2125; x_wconf 74' lang='grc' dir='ltr'>τὸν</span> <span class='ocrx_word' id='word_1_286' title='bbox 400 2097 424 2132; x_wconf 83' lang='grc' dir='ltr'>γ’</span> <span class='ocrx_word' id='word_1_287' title='bbox 450 2098 552 2125; x_wconf 76' lang='grc' dir='ltr'>κανόνα</span> <span class='ocrx_word' id='word_1_288' title='bbox 577 2098 625 2126; x_wconf 78' lang='grc' dir='ltr'>τοῦ</span> <span class='ocrx_word' id='word_1_289' title='bbox 649 2098 865 2133; x_wconf 75' lang='grc' dir='ltr'>ὰρχιεπισκόπου</span> 
     </span>
    </p>
   </div>
   <div class='ocr_carea' id='block_1_44' title="bbox 83 2141 865 2179">
    <p class='ocr_par' dir='ltr' id='par_1_44' title="bbox 83 2141 865 2179">
     <span class='ocr_line' id='line_1_44' title="bbox 83 2141 865 2179; baseline 0.003 -11"><span class='ocrx_word' id='word_1_290' title='bbox 83 2141 280 2178; x_wconf 74' lang='grc' dir='ltr'>Ἀλεξανδρείας</span> <span class='ocrx_word' id='word_1_291' title='bbox 294 2143 446 2170; x_wconf 88' lang='grc' dir='ltr'>Διονυσίου.</span> <span class='ocrx_word' id='word_1_292' title='bbox 463 2143 621 2179; x_wconf 86' lang='grc' dir='ltr'>Σημείωσαι</span> <span class='ocrx_word' id='word_1_293' title='bbox 647 2142 694 2170; x_wconf 74' lang='grc' dir='ltr'>οὒν</span> <span class='ocrx_word' id='word_1_294' title='bbox 721 2144 763 2170; x_wconf 83' lang='grc' dir='ltr'>ὅτι</span> <span class='ocrx_word' id='word_1_295' title='bbox 795 2144 865 2171; x_wconf 84' lang='grc' dir='ltr'>κατὰ</span> 
     </span>
    </p>
   </div>
   <div class='ocr_carea' id='block_1_45' title="bbox 82 2187 865 2225">
    <p class='ocr_par' dir='ltr' id='par_1_45' title="bbox 82 2187 865 2225">
     <span class='ocr_line' id='line_1_45' title="bbox 82 2187 865 2225; baseline 0.006 -12"><span class='ocrx_word' id='word_1_296' title='bbox 82 2187 121 2213; x_wconf 70' lang='grc' dir='ltr'><strong>τὸν</strong></span> <span class='ocrx_word' id='word_1_297' title='bbox 135 2190 229 2223; x_wconf 71' lang='lat' dir='ltr'><strong>autpr</strong></span> <span class='ocrx_word' id='word_1_298' title='bbox 246 2190 297 2224; x_wconf 75' lang='grc' dir='ltr'>τῆς</span> <span class='ocrx_word' id='word_1_299' title='bbox 313 2188 455 2224; x_wconf 80' lang='grc' dir='ltr'>παρούσης</span> <span class='ocrx_word' id='word_1_300' title='bbox 486 2189 596 2216; x_wconf 86' lang='grc' dir='ltr'>συνόδου</span> <span class='ocrx_word' id='word_1_301' title='bbox 620 2187 695 2225; x_wconf 78' lang='grc' dir='ltr'>εἶχον</span> <span class='ocrx_word' id='word_1_302' title='bbox 709 2191 865 2225; x_wconf 74' lang='grc' dir='ltr'>ἀποκριμα-</span> 
     </span>
    </p>
   </div>
   <div class='ocr_carea' id='block_1_46' title="bbox 81 2234 904 2284">
    <p class='ocr_par' dir='ltr' id='par_1_46' title="bbox 81 2234 904 2284">
     <span class='ocr_line' id='line_1_46' title="bbox 81 2234 904 2284; baseline 0.007 -27"><span class='ocrx_word' id='word_1_303' title='bbox 81 2235 172 2265; x_wconf 75' lang='grc' dir='ltr'>τίσεως</span> <span class='ocrx_word' id='word_1_304' title='bbox 185 2234 233 2266; x_wconf 71' lang='grc' dir='ltr'>τὰς</span> <span class='ocrx_word' id='word_1_305' title='bbox 247 2234 354 2265; x_wconf 75' lang='grc' dir='ltr'>οἰκείας</span> <span class='ocrx_word' id='word_1_306' title='bbox 369 2235 492 2269; x_wconf 78' lang='grc' dir='ltr'>γαμετὰς</span> <span class='ocrx_word' id='word_1_307' title='bbox 504 2235 529 2261; x_wconf 82' lang='grc' dir='ltr'>οἱ</span> <span class='ocrx_word' id='word_1_308' title='bbox 539 2235 694 2263; x_wconf 65' lang='grc' dir='ltr'>ἐπίσκοποι.</span> <span class='ocrx_word' id='word_1_309' title='bbox 713 2235 792 2262; x_wconf 78' lang='grc' dir='ltr'><strong>Οὕτω</strong></span> <span class='ocrx_word' id='word_1_310' title='bbox 815 2236 863 2271; x_wconf 87' lang='grc' dir='ltr'>μὲν</span> <span class='ocrx_word' id='word_1_311' title='bbox 878 2254 904 2284; x_wconf 74' lang='lat' dir='ltr'><strong>D</strong></span> 
     </span>
    </p>
   </div>
   <div class='ocr_carea' id='block_1_47' title="bbox 81 2277 863 2316">
    <p class='ocr_par' dir='ltr' id='par_1_47' title="bbox 81 2277 863 2316">
     <span class='ocr_line' id='line_1_47' title="bbox 81 2277 863 2316; baseline 0.004 -11"><span class='ocrx_word' id='word_1_312' title='bbox 81 2277 122 2306; x_wconf 73' lang='grc' dir='ltr'>οὖν</span> <span class='ocrx_word' id='word_1_313' title='bbox 133 2281 326 2310; x_wconf 75' lang='grc' dir='ltr'>κεκανόνισται</span> <span class='ocrx_word' id='word_1_314' title='bbox 341 2281 428 2309; x_wconf 79' lang='grc' dir='ltr'>ταῦτα</span> <span class='ocrx_word' id='word_1_315' title='bbox 447 2289 454 2296; x_wconf 90' lang='grc'><strong>·</strong></span> <span class='ocrx_word' id='word_1_316' title='bbox 472 2281 532 2312; x_wconf 84' lang='grc' dir='ltr'>πῶς</span> <span class='ocrx_word' id='word_1_317' title='bbox 555 2280 585 2308; x_wconf 78' lang='grc' dir='ltr'>δὲ</span> <span class='ocrx_word' id='word_1_318' title='bbox 615 2281 863 2316; x_wconf 79' lang='grc' dir='ltr'>καθαιρεθήσονται</span> 
     </span>
    </p>
   </div>
   <div class='ocr_carea' id='block_1_48' title="bbox 80 2326 865 2362">
    <p class='ocr_par' dir='ltr' id='par_1_48' title="bbox 80 2326 865 2362">
     <span class='ocr_line' id='line_1_48' title="bbox 80 2326 865 2362; baseline 0 -9"><span class='ocrx_word' id='word_1_319' title='bbox 80 2326 102 2351; x_wconf 74' lang='grc' dir='ltr'><strong>ιι</strong></span> <span class='ocrx_word' id='word_1_320' title='bbox 118 2327 178 2358; x_wconf 72' lang='grc' dir='ltr'>ἴσως</span> <span class='ocrx_word' id='word_1_321' title='bbox 192 2328 232 2362; x_wconf 75' lang='grc' dir='ltr'>μὴ</span> <span class='ocrx_word' id='word_1_322' title='bbox 248 2327 480 2362; x_wconf 71' lang='grc' dir='ltr'>ἑγκρατευόμενοι</span> <span class='ocrx_word' id='word_1_323' title='bbox 492 2327 591 2362; x_wconf 80' lang='grc' dir='ltr'>ἀδήλου</span> <span class='ocrx_word' id='word_1_324' title='bbox 626 2327 671 2353; x_wconf 78' lang='grc' dir='ltr'>τοῦ</span> <span class='ocrx_word' id='word_1_325' title='bbox 702 2326 865 2362; x_wconf 82' lang='grc' dir='ltr'>πράγματος</span> 
     </span>
    </p>
   </div>
   <div class='ocr_carea' id='block_1_49' title="bbox 82 2370 866 2407">
    <p class='ocr_par' dir='ltr' id='par_1_49' title="bbox 82 2370 866 2407">
     <span class='ocr_line' id='line_1_49' title="bbox 82 2370 866 2407; baseline 0.003 -11"><span class='ocrx_word' id='word_1_326' title='bbox 82 2370 150 2405; x_wconf 62' lang='lat' dir='ltr'><strong>bno;</strong></span> <span class='ocrx_word' id='word_1_327' title='bbox 167 2379 173 2386; x_wconf 91' lang='grc'>·</span> <span class='ocrx_word' id='word_1_328' title='bbox 186 2372 228 2403; x_wconf 78' lang='grc' dir='ltr'><strong>τίς</strong></span> <span class='ocrx_word' id='word_1_329' title='bbox 243 2373 299 2406; x_wconf 70' lang='grc' dir='ltr'>γὰρ</span> <span class='ocrx_word' id='word_1_330' title='bbox 311 2371 472 2407; x_wconf 72' lang='grc' dir='ltr'>ὁμολογήσει</span> <span class='ocrx_word' id='word_1_331' title='bbox 486 2372 549 2398; x_wconf 76' lang='grc' dir='ltr'>κιθ⁵</span> <span class='ocrx_word' id='word_1_332' title='bbox 564 2371 662 2399; x_wconf 77' lang='grc' dir='ltr'>ἑαυτοῦ</span> <span class='ocrx_word' id='word_1_333' title='bbox 676 2380 683 2406; x_wconf 82' lang='grc'><strong>;</strong></span> <span class='ocrx_word' id='word_1_334' title='bbox 712 2372 728 2407; x_wconf 87' lang='grc' dir='ltr'>ἢ</span> <span class='ocrx_word' id='word_1_335' title='bbox 742 2372 783 2404; x_wconf 79' lang='grc' dir='ltr'><strong>τίς</strong></span> <span class='ocrx_word' id='word_1_336' title='bbox 798 2372 866 2407; x_wconf 78' lang='grc' dir='ltr'>πρὸς</span> 
     </span>
    </p>
   </div>
   <div class='ocr_carea' id='block_1_50' title="bbox 80 2417 863 2453">
    <p class='ocr_par' dir='ltr' id='par_1_50' title="bbox 80 2417 863 2453">
     <span class='ocr_line' id='line_1_50' title="bbox 80 2417 863 2453; baseline 0.003 -12"><span class='ocrx_word' id='word_1_337' title='bbox 80 2417 120 2442; x_wconf 68' lang='grc' dir='ltr'><strong>τὸν</strong></span> <span class='ocrx_word' id='word_1_338' title='bbox 137 2417 232 2445; x_wconf 80' lang='grc' dir='ltr'>τούτου</span> <span class='ocrx_word' id='word_1_339' title='bbox 244 2417 358 2452; x_wconf 72' lang='grc' dir='ltr'>ἔλεγχον</span> <span class='ocrx_word' id='word_1_340' title='bbox 370 2417 550 2450; x_wconf 80' lang='grc' dir='ltr'>ἀποδύσεται;</span> <span class='ocrx_word' id='word_1_341' title='bbox 567 2417 613 2444; x_wconf 75' lang='grc' dir='ltr'><strong>Διὸ</strong></span> <span class='ocrx_word' id='word_1_342' title='bbox 626 2418 739 2452; x_wconf 81' lang='grc' dir='ltr'>γνώμην</span> <span class='ocrx_word' id='word_1_343' title='bbox 767 2417 863 2453; x_wconf 82' lang='grc' dir='ltr'>δίδωμι</span> 
     </span>
    </p>
   </div>
   <div class='ocr_carea' id='block_1_51' title="bbox 82 2463 863 2499">
    <p class='ocr_par' dir='ltr' id='par_1_51' title="bbox 82 2463 863 2499">
     <span class='ocr_line' id='line_1_51' title="bbox 82 2463 863 2499; baseline -0.001 -9"><span class='ocrx_word' id='word_1_344' title='bbox 82 2463 116 2497; x_wconf 78' lang='grc' dir='ltr'>μὴ</span> <span class='ocrx_word' id='word_1_345' title='bbox 139 2463 172 2490; x_wconf 76' lang='grc' dir='ltr'>δι’</span> <span class='ocrx_word' id='word_1_346' title='bbox 193 2464 256 2491; x_wconf 75' lang='grc' dir='ltr'>ὅλου</span> <span class='ocrx_word' id='word_1_347' title='bbox 285 2464 437 2498; x_wconf 76' lang='grc' dir='ltr'>ἱερουργεῖν</span> <span class='ocrx_word' id='word_1_348' title='bbox 462 2464 525 2494; x_wconf 68' lang='grc' dir='ltr'>τοὺς</span> <span class='ocrx_word' id='word_1_349' title='bbox 548 2465 724 2499; x_wconf 71' lang='grc' dir='ltr'>ίαρωμάνους.</span> <span class='ocrx_word' id='word_1_350' title='bbox 741 2463 790 2490; x_wconf 82' lang='grc' dir='ltr'><strong>Διὰ</strong></span> <span class='ocrx_word' id='word_1_351' title='bbox 810 2463 863 2498; x_wconf 76' lang='grc' dir='ltr'><strong>γὰρ</strong></span> 
     </span>
    </p>
   </div>
   <div class='ocr_carea' id='block_1_52' title="bbox 80 2509 862 2545">
    <p class='ocr_par' dir='ltr' id='par_1_52' title="bbox 80 2509 862 2545">
     <span class='ocr_line' id='line_1_52' title="bbox 80 2509 862 2545; baseline 0.003 -11"><span class='ocrx_word' id='word_1_352' title='bbox 80 2509 153 2536; x_wconf 78' lang='grc' dir='ltr'>τοῦτο</span> <span class='ocrx_word' id='word_1_353' title='bbox 165 2511 212 2536; x_wconf 75' lang='grc' dir='ltr'>καὶ</span> <span class='ocrx_word' id='word_1_354' title='bbox 227 2511 257 2536; x_wconf 81' lang='grc' dir='ltr'>ὲν</span> <span class='ocrx_word' id='word_1_355' title='bbox 272 2509 312 2544; x_wconf 86' lang='grc' dir='ltr'>τῷ</span> <span class='ocrx_word' id='word_1_356' title='bbox 326 2512 342 2536; x_wconf 86' lang='grc' dir='ltr'>ι’</span> <span class='ocrx_word' id='word_1_357' title='bbox 354 2510 445 2536; x_wconf 81' lang='grc' dir='ltr'>κανόνι</span> <span class='ocrx_word' id='word_1_358' title='bbox 454 2510 504 2544; x_wconf 80' lang='grc' dir='ltr'>τῆς</span> <span class='ocrx_word' id='word_1_359' title='bbox 518 2510 547 2536; x_wconf 83' lang='grc' dir='ltr'>ἐν</span> <span class='ocrx_word' id='word_1_360' title='bbox 562 2510 600 2544; x_wconf 75' lang='grc' dir='ltr'>τῷ</span> <span class='ocrx_word' id='word_1_361' title='bbox 614 2509 742 2545; x_wconf 84' lang='grc' dir='ltr'>Τρούλλῳ</span> <span class='ocrx_word' id='word_1_362' title='bbox 754 2509 862 2536; x_wconf 77' lang='grc' dir='ltr'>συνόδου</span> 
     </span>
    </p>
   </div>
   <div class='ocr_carea' id='block_1_53' title="bbox 81 2555 863 2591">
    <p class='ocr_par' dir='ltr' id='par_1_53' title="bbox 81 2555 863 2591">
     <span class='ocr_line' id='line_1_53' title="bbox 81 2555 863 2591; baseline 0.004 -11"><span class='ocrx_word' id='word_1_363' title='bbox 81 2555 226 2591; x_wconf 74' lang='grc' dir='ltr'>ἐφημερίας</span> <span class='ocrx_word' id='word_1_364' title='bbox 240 2555 417 2591; x_wconf 65' lang='grc' dir='ltr'>ἐμνήσθησαν</span> <span class='ocrx_word' id='word_1_365' title='bbox 440 2557 464 2582; x_wconf 76' lang='grc' dir='ltr'>οἱ</span> <span class='ocrx_word' id='word_1_366' title='bbox 479 2556 609 2590; x_wconf 74' lang='grc' dir='ltr'>Πατὲρες.</span> <span class='ocrx_word' id='word_1_367' title='bbox 623 2556 667 2582; x_wconf 82' lang='grc' dir='ltr'>Διδ</span> <span class='ocrx_word' id='word_1_368' title='bbox 681 2557 727 2582; x_wconf 72' lang='grc' dir='ltr'>καὶ</span> <span class='ocrx_word' id='word_1_369' title='bbox 748 2557 778 2582; x_wconf 75' lang='grc' dir='ltr'>ὲν</span> <span class='ocrx_word' id='word_1_370' title='bbox 802 2557 863 2588; x_wconf 80' lang='grc' dir='ltr'>ταῖς</span> 
     </span>
    </p>
   </div>
   <div class='ocr_carea' id='block_1_54' title="bbox 83 2601 864 2638">
    <p class='ocr_par' dir='ltr' id='par_1_54' title="bbox 83 2601 864 2638">
     <span class='ocr_line' id='line_1_54' title="bbox 83 2601 864 2638; baseline -0.001 -9"><span class='ocrx_word' id='word_1_371' title='bbox 83 2603 207 2636; x_wconf 68' lang='grc' dir='ltr'>μεγάλαις</span> <span class='ocrx_word' id='word_1_372' title='bbox 237 2604 287 2633; x_wconf 77' lang='grc' dir='ltr'>καὶ</span> <span class='ocrx_word' id='word_1_373' title='bbox 312 2602 467 2635; x_wconf 74' lang='grc' dir='ltr'>καθολικαῑς</span> <span class='ocrx_word' id='word_1_374' title='bbox 491 2602 651 2636; x_wconf 63' lang='grc' dir='ltr'>ἐκκλησίαις</span> <span class='ocrx_word' id='word_1_375' title='bbox 679 2601 864 2638; x_wconf 78' lang='grc' dir='ltr'>διῄρηνταιαί</span> 
     </span>
    </p>
   </div>
   <div class='ocr_carea' id='block_1_55' title="bbox 81 2647 864 2684">
    <p class='ocr_par' dir='ltr' id='par_1_55' title="bbox 81 2647 864 2684">
     <span class='ocr_line' id='line_1_55' title="bbox 81 2647 864 2684; baseline -0.001 -10"><span class='ocrx_word' id='word_1_376' title='bbox 81 2647 127 2674; x_wconf 77' lang='grc' dir='ltr'><strong>τῶν</strong></span> <span class='ocrx_word' id='word_1_377' title='bbox 139 2649 297 2684; x_wconf 60' lang='grc' dir='ltr'>ἱερωμένων</span> <span class='ocrx_word' id='word_1_378' title='bbox 310 2648 437 2677; x_wconf 82' lang='grc' dir='ltr'>δουλεῖαι.</span> <span class='ocrx_word' id='word_1_379' title='bbox 452 2649 483 2676; x_wconf 88' lang='grc' dir='ltr'>Οί</span> <span class='ocrx_word' id='word_1_380' title='bbox 514 2648 568 2683; x_wconf 71' lang='grc' dir='ltr'><strong>γὰρ</strong></span> <span class='ocrx_word' id='word_1_381' title='bbox 584 2648 644 2675; x_wconf 82' lang='grc' dir='ltr'>καθ’</span> <span class='ocrx_word' id='word_1_382' title='bbox 663 2649 782 2683; x_wconf 73' lang='grc' dir='ltr'>ἑκάστην</span> <span class='ocrx_word' id='word_1_383' title='bbox 807 2647 864 2674; x_wconf 82' lang='grc' dir='ltr'>λει-</span> 
     </span>
    </p>
   </div>
   <div class='ocr_carea' id='block_1_56' title="bbox 81 2695 864 2732">
    <p class='ocr_par' dir='ltr' id='par_1_56' title="bbox 81 2695 864 2732">
     <span class='ocr_line' id='line_1_56' title="bbox 81 2695 864 2732; baseline -0.001 -11"><span class='ocrx_word' id='word_1_384' title='bbox 81 2696 251 2730; x_wconf 75' lang='grc' dir='ltr'>τουργοῦντες</span> <span class='ocrx_word' id='word_1_385' title='bbox 265 2696 354 2732; x_wconf 70' lang='grc' dir='ltr'>ἔνοχοι</span> <span class='ocrx_word' id='word_1_386' title='bbox 366 2696 484 2729; x_wconf 74' lang='grc' dir='ltr'>γίνονται</span> <span class='ocrx_word' id='word_1_387' title='bbox 502 2695 541 2730; x_wconf 86' lang='grc' dir='ltr'>τῷ</span> <span class='ocrx_word' id='word_1_388' title='bbox 569 2695 661 2722; x_wconf 79' lang='grc' dir='ltr'>κανόνι</span> <span class='ocrx_word' id='word_1_389' title='bbox 673 2695 726 2721; x_wconf 77' lang='grc' dir='ltr'><strong>ἀπὸ</strong></span> <span class='ocrx_word' id='word_1_390' title='bbox 761 2695 864 2729; x_wconf 81' lang='grc' dir='ltr'>προλή-</span> 
     </span>
    </p>
   </div>
   <div class='ocr_carea' id='block_1_57' title="bbox 81 2741 862 2776">
    <p class='ocr_par' dir='ltr' id='par_1_57' title="bbox 81 2741 862 2776">
     <span class='ocr_line' id='line_1_57' title="bbox 81 2741 862 2776; baseline 0 -9"><span class='ocrx_word' id='word_1_391' title='bbox 81 2742 156 2775; x_wconf 64' lang='grc' dir='ltr'>ψεως,</span> <span class='ocrx_word' id='word_1_392' title='bbox 171 2742 216 2770; x_wconf 73' lang='grc' dir='ltr'><strong>διὰ</strong></span> <span class='ocrx_word' id='word_1_393' title='bbox 232 2742 263 2769; x_wconf 82' lang='grc' dir='ltr'>τὸ</span> <span class='ocrx_word' id='word_1_394' title='bbox 285 2743 420 2770; x_wconf 75' lang='grc' dir='ltr'>συνοικεῖν</span> <span class='ocrx_word' id='word_1_395' title='bbox 437 2742 572 2776; x_wconf 77' lang='grc' dir='ltr'>γαμεταῖς</span> <span class='ocrx_word' id='word_1_396' title='bbox 588 2749 594 2755; x_wconf 93' lang='grc'>·</span> <span class='ocrx_word' id='word_1_397' title='bbox 610 2741 697 2767; x_wconf 83' lang='grc' dir='ltr'>διόλου</span> <span class='ocrx_word' id='word_1_398' title='bbox 710 2742 756 2767; x_wconf 77' lang='grc' dir='ltr'>καὶ</span> <span class='ocrx_word' id='word_1_399' title='bbox 777 2749 862 2767; x_wconf 83' lang='grc' dir='ltr'>σκαν-</span> 
     </span>
    </p>
   </div>
   <div class='ocr_carea' id='block_1_58' title="bbox 80 2786 864 2823">
    <p class='ocr_par' dir='ltr' id='par_1_58' title="bbox 80 2786 864 2823">
     <span class='ocr_line' id='line_1_58' title="bbox 80 2786 864 2823; baseline 0 -10"><span class='ocrx_word' id='word_1_400' title='bbox 80 2787 207 2820; x_wconf 74' lang='grc' dir='ltr'>διλίζουσι</span> <span class='ocrx_word' id='word_1_401' title='bbox 218 2788 283 2819; x_wconf 77' lang='grc' dir='ltr'>τοὺς</span> <span class='ocrx_word' id='word_1_402' title='bbox 301 2788 383 2820; x_wconf 72' lang='grc' dir='ltr'>λαούς</span> <span class='ocrx_word' id='word_1_403' title='bbox 399 2796 406 2805; x_wconf 79' lang='grc'><em>’</em></span> <span class='ocrx_word' id='word_1_404' title='bbox 418 2786 493 2823; x_wconf 77' lang='grc' dir='ltr'>οἶμαι</span> <span class='ocrx_word' id='word_1_405' title='bbox 507 2787 561 2823; x_wconf 76' lang='grc' dir='ltr'>γὰρ</span> <span class='ocrx_word' id='word_1_406' title='bbox 572 2787 612 2813; x_wconf 82' lang='grc' dir='ltr'>ὅτι</span> <span class='ocrx_word' id='word_1_407' title='bbox 627 2787 674 2815; x_wconf 71' lang='grc' dir='ltr'>καὶ</span> <span class='ocrx_word' id='word_1_408' title='bbox 691 2788 720 2813; x_wconf 80' lang='grc' dir='ltr'>τὸ</span> <span class='ocrx_word' id='word_1_409' title='bbox 737 2787 775 2822; x_wconf 82' lang='grc' dir='ltr'>μὴ</span> <span class='ocrx_word' id='word_1_410' title='bbox 797 2787 864 2821; x_wconf 83' lang='grc' dir='ltr'>κλη-</span> 
     </span>
    </p>
   </div>
   <div class='ocr_carea' id='block_1_59' title="bbox 82 2831 861 2867">
    <p class='ocr_par' dir='ltr' id='par_1_59' title="bbox 82 2831 861 2867">
     <span class='ocr_line' id='line_1_59' title="bbox 82 2831 861 2867; baseline -0.004 -7"><span class='ocrx_word' id='word_1_411' title='bbox 82 2831 184 2861; x_wconf 75' lang='grc' dir='ltr'>ωὖοθαι</span> <span class='ocrx_word' id='word_1_412' title='bbox 199 2834 245 2862; x_wconf 77' lang='grc' dir='ltr'><strong>τὸν</strong></span> <span class='ocrx_word' id='word_1_413' title='bbox 261 2834 346 2861; x_wconf 75' lang='grc' dir='ltr'>αὑτὸν</span> <span class='ocrx_word' id='word_1_414' title='bbox 357 2834 397 2866; x_wconf 79' lang='grc' dir='ltr'>εις</span> <span class='ocrx_word' id='word_1_415' title='bbox 411 2833 512 2864; x_wconf 78' lang='grc' dir='ltr'>πολλὰς</span> <span class='ocrx_word' id='word_1_416' title='bbox 541 2832 690 2867; x_wconf 71' lang='grc' dir='ltr'>ἐκκλησίας</span> <span class='ocrx_word' id='word_1_417' title='bbox 721 2832 766 2859; x_wconf 82' lang='grc' dir='ltr'><strong>διὰ</strong></span> <span class='ocrx_word' id='word_1_418' title='bbox 781 2831 861 2858; x_wconf 82' lang='grc' dir='ltr'>τοῦτο</span> 
     </span>
    </p>
   </div>
   <div class='ocr_carea' id='block_1_60' title="bbox 82 2880 861 2917">
    <p class='ocr_par' dir='ltr' id='par_1_60' title="bbox 82 2880 861 2917">
     <span class='ocr_line' id='line_1_60' title="bbox 82 2880 861 2917; baseline -0.003 -8"><span class='ocrx_word' id='word_1_419' title='bbox 82 2880 195 2917; x_wconf 60' lang='grc' dir='ltr'>ἐκωλύθη</span> <span class='ocrx_word' id='word_1_420' title='bbox 209 2889 216 2896; x_wconf 90' lang='grc'><strong>·</strong></span> <span class='ocrx_word' id='word_1_421' title='bbox 233 2881 275 2909; x_wconf 78' lang='grc' dir='ltr'>ιτι</span> <span class='ocrx_word' id='word_1_422' title='bbox 293 2891 320 2909; x_wconf 81' lang='grc' dir='ltr'><strong>τε</strong></span> <span class='ocrx_word' id='word_1_423' title='bbox 333 2881 382 2908; x_wconf 73' lang='grc' dir='ltr'>καὶ</span> <span class='ocrx_word' id='word_1_424' title='bbox 410 2881 439 2908; x_wconf 77' lang='grc' dir='ltr'><strong>τὸ</strong></span> <span class='ocrx_word' id='word_1_425' title='bbox 465 2881 588 2916; x_wconf 78' lang='grc' dir='ltr'>γίνεσθαι</span> <span class='ocrx_word' id='word_1_426' title='bbox 614 2881 783 2916; x_wconf 74' lang='grc' dir='ltr'>λειτουργίαν</span> <span class='ocrx_word' id='word_1_427' title='bbox 816 2882 861 2908; x_wconf 70' lang='grc' dir='ltr'>καὶ</span> 
     </span>
    </p>
   </div>
   <div class='ocr_carea' id='block_1_61' title="bbox 919 274 1701 313">
    <p class='ocr_par' dir='ltr' id='par_1_61' title="bbox 919 274 1701 313">
     <span class='ocr_line' id='line_1_61' title="bbox 919 274 1701 313; baseline 0.006 -13"><span class='ocrx_word' id='word_1_428' title='bbox 919 274 1083 301; x_wconf 81' lang='lat' dir='ltr'><strong>xitnianistis</strong></span> <span class='ocrx_word' id='word_1_429' title='bbox 1107 275 1238 309; x_wconf 83' lang='lat' dir='ltr'><strong>quosdam</strong></span> <span class='ocrx_word' id='word_1_430' title='bbox 1255 276 1413 309; x_wconf 81' lang='lat' dir='ltr'><strong>suscipiunt.</strong></span> <span class='ocrx_word' id='word_1_431' title='bbox 1427 277 1472 311; x_wconf 88' lang='lat' dir='ltr'><strong>qui</strong></span> <span class='ocrx_word' id='word_1_432' title='bbox 1496 278 1529 304; x_wconf 85' lang='lat' dir='ltr'><strong>ab</strong></span> <span class='ocrx_word' id='word_1_433' title='bbox 1544 278 1587 310; x_wconf 87' lang='lat' dir='ltr'><strong>iis,</strong></span> <span class='ocrx_word' id='word_1_434' title='bbox 1604 281 1633 305; x_wconf 86' lang='lat' dir='ltr'><strong>ut</strong></span> <span class='ocrx_word' id='word_1_435' title='bbox 1650 278 1701 313; x_wconf 85' lang='lat' dir='ltr'><strong>ipsi</strong></span> 
     </span>
    </p>
   </div>
   <div class='ocr_carea' id='block_1_62' title="bbox 918 320 1701 353">
    <p class='ocr_par' dir='ltr' id='par_1_62' title="bbox 918 320 1701 353">
     <span class='ocr_line' id='line_1_62' title="bbox 918 320 1701 353; baseline 0.006 -7"><span class='ocrx_word' id='word_1_436' title='bbox 918 326 1054 352; x_wconf 86' lang='lat' dir='ltr'><strong>asserunt,</strong></span> <span class='ocrx_word' id='word_1_437' title='bbox 1069 320 1206 348; x_wconf 88' lang='lat' dir='ltr'><strong>immerito</strong></span> <span class='ocrx_word' id='word_1_438' title='bbox 1221 320 1354 353; x_wconf 82' lang='lat' dir='ltr'><strong>defecere,</strong></span> <span class='ocrx_word' id='word_1_439' title='bbox 1368 326 1395 348; x_wconf 90' lang='lat' dir='ltr'><strong>et</strong></span> <span class='ocrx_word' id='word_1_440' title='bbox 1411 330 1470 349; x_wconf 90' lang='lat' dir='ltr'><strong>cum</strong></span> <span class='ocrx_word' id='word_1_441' title='bbox 1492 323 1525 350; x_wconf 87' lang='lat' dir='ltr'><strong>iis</strong></span> <span class='ocrx_word' id='word_1_442' title='bbox 1545 324 1701 351; x_wconf 88' lang='lat' dir='ltr'><strong>communi-</strong></span> 
     </span>
    </p>
   </div>
   <div class='ocr_carea' id='block_1_63' title="bbox 918 368 1703 403">
    <p class='ocr_par' dir='ltr' id='par_1_63' title="bbox 918 368 1703 403">
     <span class='ocr_line' id='line_1_63' title="bbox 918 368 1703 403; baseline 0.005 -11"><span class='ocrx_word' id='word_1_443' title='bbox 918 369 990 398; x_wconf 86' lang='lat' dir='ltr'><strong>cant,</strong></span> <span class='ocrx_word' id='word_1_444' title='bbox 1007 373 1129 400; x_wconf 84' lang='lat' dir='ltr'><strong>quosque</strong></span> <span class='ocrx_word' id='word_1_445' title='bbox 1142 371 1221 393; x_wconf 81' lang='lat' dir='ltr'><strong>antea</strong></span> <span class='ocrx_word' id='word_1_446' title='bbox 1234 373 1281 393; x_wconf 88' lang='lat' dir='ltr'><strong>sua</strong></span> <span class='ocrx_word' id='word_1_447' title='bbox 1295 368 1427 394; x_wconf 88' lang='lat' dir='ltr'><strong>sententia</strong></span> <span class='ocrx_word' id='word_1_448' title='bbox 1441 368 1613 401; x_wconf 86' lang='lat' dir='ltr'><strong>damnarunt,</strong></span> <span class='ocrx_word' id='word_1_449' title='bbox 1629 373 1703 403; x_wconf 82' lang='lat' dir='ltr'><strong>post-</strong></span> 
     </span>
    </p>
   </div>
   <div class='ocr_carea' id='block_1_64' title="bbox 920 409 1702 447">
    <p class='ocr_par' dir='ltr' id='par_1_64' title="bbox 920 409 1702 447">
     <span class='ocr_line' id='line_1_64' title="bbox 920 409 1702 447; baseline 0.005 -11"><span class='ocrx_word' id='word_1_450' title='bbox 920 410 1028 436; x_wconf 82' lang='lat' dir='ltr'><strong>modum</strong></span> <span class='ocrx_word' id='word_1_451' title='bbox 1046 409 1192 438; x_wconf 80' lang='lat' dir='ltr'><strong>honoribus</strong></span> <span class='ocrx_word' id='word_1_452' title='bbox 1207 418 1298 438; x_wconf 85' lang='lat' dir='ltr'><strong>eorutn</strong></span> <span class='ocrx_word' id='word_1_453' title='bbox 1326 412 1492 439; x_wconf 83' lang='lat' dir='ltr'><strong>conservatis</strong></span> <span class='ocrx_word' id='word_1_454' title='bbox 1515 413 1702 447; x_wconf 82' lang='lat' dir='ltr'><strong>admiserunt;</strong></span> 
     </span>
    </p>
   </div>
   <div class='ocr_carea' id='block_1_65' title="bbox 918 454 1702 494">
    <p class='ocr_par' dir='ltr' id='par_1_65' title="bbox 918 454 1702 494">
     <span class='ocr_line' id='line_1_65' title="bbox 918 454 1702 494; baseline 0.008 -13"><span class='ocrx_word' id='word_1_455' title='bbox 918 454 990 488; x_wconf 83' lang='lat' dir='ltr'><strong>quod</strong></span> <span class='ocrx_word' id='word_1_456' title='bbox 1005 455 1088 482; x_wconf 84' lang='lat' dir='ltr'><strong>etiam</strong></span> <span class='ocrx_word' id='word_1_457' title='bbox 1114 455 1181 484; x_wconf 85' lang='lat' dir='ltr'><strong>alios</strong></span> <span class='ocrx_word' id='word_1_458' title='bbox 1205 457 1239 484; x_wconf 88' lang='lat' dir='ltr'><strong>ab</strong></span> <span class='ocrx_word' id='word_1_459' title='bbox 1262 456 1296 484; x_wconf 89' lang='lat' dir='ltr'><strong>lis</strong></span> <span class='ocrx_word' id='word_1_460' title='bbox 1321 457 1482 492; x_wconf 81' lang='lat' dir='ltr'><strong>baptizatos,</strong></span> <span class='ocrx_word' id='word_1_461' title='bbox 1504 465 1572 493; x_wconf 88' lang='lat' dir='ltr'><strong>quos</strong></span> <span class='ocrx_word' id='word_1_462' title='bbox 1595 459 1702 494; x_wconf 82' lang='lat' dir='ltr'><strong>ipsimet</strong></span> 
     </span>
    </p>
   </div>
   <div class='ocr_carea' id='block_1_66' title="bbox 918 501 1700 538">
    <p class='ocr_par' dir='ltr' id='par_1_66' title="bbox 918 501 1700 538">
     <span class='ocr_line' id='line_1_66' title="bbox 918 501 1700 538; baseline 0.006 -10"><span class='ocrx_word' id='word_1_463' title='bbox 918 501 1142 534; x_wconf 88' lang='lat' dir='ltr'><strong>condemnarunt,</strong></span> <span class='ocrx_word' id='word_1_464' title='bbox 1157 509 1188 530; x_wconf 89' lang='lat' dir='ltr'><strong>ac</strong></span> <span class='ocrx_word' id='word_1_465' title='bbox 1203 510 1247 536; x_wconf 87' lang='lat' dir='ltr'><strong>eo,</strong></span> <span class='ocrx_word' id='word_1_466' title='bbox 1265 503 1309 537; x_wconf 91' lang='lat' dir='ltr'><strong>qui</strong></span> <span class='ocrx_word' id='word_1_467' title='bbox 1323 504 1394 537; x_wconf 79' lang='lat' dir='ltr'><strong>apud</strong></span> <span class='ocrx_word' id='word_1_468' title='bbox 1409 503 1482 538; x_wconf 87' lang='lat' dir='ltr'><strong>ipsos</strong></span> <span class='ocrx_word' id='word_1_469' title='bbox 1499 510 1549 536; x_wconf 83' lang='lat' dir='ltr'><strong>est,</strong></span> <span class='ocrx_word' id='word_1_470' title='bbox 1563 512 1640 533; x_wconf 86' lang='lat' dir='ltr'><strong>sacro</strong></span> <span class='ocrx_word' id='word_1_471' title='bbox 1653 514 1700 533; x_wconf 80' lang='lat' dir='ltr'><strong>or—</strong></span> 
     </span>
    </p>
   </div>
   <div class='ocr_carea' id='block_1_67' title="bbox 919 544 1701 582">
    <p class='ocr_par' dir='ltr' id='par_1_67' title="bbox 919 544 1701 582">
     <span class='ocr_line' id='line_1_67' title="bbox 919 544 1701 582; baseline 0.009 -11"><span class='ocrx_word' id='word_1_472' title='bbox 919 544 982 572; x_wconf 83' lang='lat' dir='ltr'><strong>dine</strong></span> <span class='ocrx_word' id='word_1_473' title='bbox 999 550 1151 579; x_wconf 85' lang='lat' dir='ltr'><strong>moverunt,</strong></span> <span class='ocrx_word' id='word_1_474' title='bbox 1168 554 1222 574; x_wconf 91' lang='lat' dir='ltr'><strong>non</strong></span> <span class='ocrx_word' id='word_1_475' title='bbox 1240 548 1392 582; x_wconf 83' lang='lat' dir='ltr'><strong>repudiant,</strong></span> <span class='ocrx_word' id='word_1_476' title='bbox 1406 556 1454 575; x_wconf 86' lang='lat' dir='ltr'><strong>nec</strong></span> <span class='ocrx_word' id='word_1_477' title='bbox 1467 548 1549 576; x_wconf 83' lang='lat' dir='ltr'><strong>ullam</strong></span> <span class='ocrx_word' id='word_1_478' title='bbox 1563 557 1592 576; x_wconf 88' lang='lat' dir='ltr'><strong>se</strong></span> <span class='ocrx_word' id='word_1_479' title='bbox 1604 557 1637 577; x_wconf 79' lang='lat' dir='ltr'><strong>ex</strong></span> <span class='ocrx_word' id='word_1_480' title='bbox 1651 551 1701 579; x_wconf 90' lang='lat' dir='ltr'><strong>hoc</strong></span> 
     </span>
    </p>
   </div>
   <div class='ocr_carea' id='block_1_68' title="bbox 918 590 1700 631">
    <p class='ocr_par' dir='ltr' id='par_1_68' title="bbox 918 590 1700 631">
     <span class='ocr_line' id='line_1_68' title="bbox 918 590 1700 631; baseline 0.009 -14"><span class='ocrx_word' id='word_1_481' title='bbox 918 590 1006 617; x_wconf 86' lang='lat' dir='ltr'><strong>labem</strong></span> <span class='ocrx_word' id='word_1_482' title='bbox 1022 592 1185 620; x_wconf 77' lang='lat' dir='ltr'><strong>contrahere</strong></span> <span class='ocrx_word' id='word_1_483' title='bbox 1200 593 1383 625; x_wconf 83' lang='lat' dir='ltr'><strong>arbitrantur;</strong></span> <span class='ocrx_word' id='word_1_484' title='bbox 1402 593 1428 621; x_wconf 87' lang='lat' dir='ltr'><strong>in</strong></span> <span class='ocrx_word' id='word_1_485' title='bbox 1445 594 1486 622; x_wconf 85' lang='lat' dir='ltr'><strong>his</strong></span> <span class='ocrx_word' id='word_1_486' title='bbox 1504 602 1610 630; x_wconf 87' lang='lat' dir='ltr'><strong>quoque</strong></span> <span class='ocrx_word' id='word_1_487' title='bbox 1629 596 1700 631; x_wconf 83' lang='lat' dir='ltr'><strong>ipsos</strong></span> 
     </span>
    </p>
   </div>
   <div class='ocr_carea' id='block_1_69' title="bbox 919 637 1500 673">
    <p class='ocr_par' dir='ltr' id='par_1_69' title="bbox 919 637 1500 673">
     <span class='ocr_line' id='line_1_69' title="bbox 919 637 1500 673; baseline 0.009 -10"><span class='ocrx_word' id='word_1_488' title='bbox 919 644 972 664; x_wconf 88' lang='lat' dir='ltr'><strong>non</strong></span> <span class='ocrx_word' id='word_1_489' title='bbox 989 637 1161 667; x_wconf 82' lang='lat' dir='ltr'><strong>mediocriter</strong></span> <span class='ocrx_word' id='word_1_490' title='bbox 1176 646 1287 673; x_wconf 80' lang='lat' dir='ltr'><strong>peccare</strong></span> <span class='ocrx_word' id='word_1_491' title='bbox 1301 640 1500 669; x_wconf 87' lang='lat' dir='ltr'><strong>demonstrent.</strong></span> 
     </span>
    </p>
   </div>
   <div class='ocr_carea' id='block_1_70' title="bbox 917 693 1701 734">
    <p class='ocr_par' dir='ltr' id='par_1_70' title="bbox 917 693 1701 734">
     <span class='ocr_line' id='line_1_70' title="bbox 917 693 1701 734; baseline 0.009 -14"><span class='ocrx_word' id='word_1_492' title='bbox 917 693 1031 722; x_wconf 81' lang='lat' dir='ltr'><strong>ARIST.</strong></span> <span class='ocrx_word' id='word_1_493' title='bbox 1050 704 1060 721; x_wconf 79' lang='lat' dir='ltr'><strong>r</strong></span> <span class='ocrx_word' id='word_1_494' title='bbox 1077 694 1190 728; x_wconf 81' lang='lat' dir='ltr'><strong>Placuit.</strong></span> <span class='ocrx_word' id='word_1_495' title='bbox 1206 700 1235 724; x_wconf 84' lang='lat' dir='ltr'><strong>ut</strong></span> <span class='ocrx_word' id='word_1_496' title='bbox 1261 697 1341 732; x_wconf 73' lang='lat' dir='ltr'><strong>legati</strong></span> <span class='ocrx_word' id='word_1_497' title='bbox 1354 698 1499 725; x_wconf 85' lang='lat' dir='ltr'><strong>mittantur</strong></span> <span class='ocrx_word' id='word_1_498' title='bbox 1514 698 1547 725; x_wconf 91' lang='lat' dir='ltr'><strong>ad</strong></span> <span class='ocrx_word' id='word_1_499' title='bbox 1561 707 1656 734; x_wconf 82' lang='lat' dir='ltr'><strong>pacem</strong></span> <span class='ocrx_word' id='word_1_500' title='bbox 1673 705 1701 728; x_wconf 89' lang='lat' dir='ltr'><strong>et</strong></span> 
     </span>
    </p>
   </div>
   <div class='ocr_carea' id='block_1_71' title="bbox 955 740 1701 773">
    <p class='ocr_par' dir='ltr' id='par_1_71' title="bbox 955 740 1701 773">
     <span class='ocr_line' id='line_1_71' title="bbox 955 740 1701 773; baseline 0.008 -7"><span class='ocrx_word' id='word_1_501' title='bbox 955 749 965 765; x_wconf 73' lang='grc' dir='ltr'><strong>ι</strong></span> <span class='ocrx_word' id='word_1_502' title='bbox 984 740 1110 768; x_wconf 87' lang='lat' dir='ltr'><strong>unionem</strong></span> <span class='ocrx_word' id='word_1_503' title='bbox 1127 740 1274 770; x_wconf 80' lang='lat' dir='ltr'><strong>Donatistis</strong></span> <span class='ocrx_word' id='word_1_504' title='bbox 1293 743 1327 770; x_wconf 87' lang='lat' dir='ltr'><strong>ad</strong></span> <span class='ocrx_word' id='word_1_505' title='bbox 1345 743 1425 771; x_wconf 85' lang='lat' dir='ltr'><strong>[idem</strong></span> <span class='ocrx_word' id='word_1_506' title='bbox 1436 743 1617 772; x_wconf 84' lang='lat' dir='ltr'><strong>orthodoxam</strong></span> <span class='ocrx_word' id='word_1_507' title='bbox 1635 753 1701 773; x_wconf 88' lang='lat' dir='ltr'><strong>con-</strong></span> 
     </span>
    </p>
   </div>
   <div class='ocr_carea' id='block_1_72' title="bbox 956 787 1336 822">
    <p class='ocr_par' dir='ltr' id='par_1_72' title="bbox 956 787 1336 822">
     <span class='ocr_line' id='line_1_72' title="bbox 956 787 1336 822; baseline 0.011 -10"><span class='ocrx_word' id='word_1_508' title='bbox 956 795 966 812; x_wconf 73' lang='grc' dir='ltr'><strong>ι</strong></span> <span class='ocrx_word' id='word_1_509' title='bbox 987 787 1073 816; x_wconf 84' lang='lat' dir='ltr'><strong>versis</strong></span> <span class='ocrx_word' id='word_1_510' title='bbox 1093 789 1303 822; x_wconf 61' lang='lat' dir='ltr'><strong>praedicandam.</strong></span> <span class='ocrx_word' id='word_1_511' title='bbox 1326 798 1336 816; x_wconf 74' lang='grc' dir='ltr'><strong>ι</strong></span> 
     </span>
    </p>
   </div>
   <div class='ocr_carea' id='block_1_73' title="bbox 955 843 1701 881">
    <p class='ocr_par' dir='ltr' id='par_1_73' title="bbox 955 843 1701 881">
     <span class='ocr_line' id='line_1_73' title="bbox 955 843 1701 881; baseline 0.009 -11"><span class='ocrx_word' id='word_1_512' title='bbox 955 843 1051 872; x_wconf 83' lang='lat' dir='ltr'><strong>Patres</strong></span> <span class='ocrx_word' id='word_1_513' title='bbox 1073 844 1101 872; x_wconf 90' lang='lat' dir='ltr'><strong>hi</strong></span> <span class='ocrx_word' id='word_1_514' title='bbox 1124 853 1178 873; x_wconf 93' lang='lat' dir='ltr'><strong>non</strong></span> <span class='ocrx_word' id='word_1_515' title='bbox 1196 850 1299 875; x_wconf 88' lang='lat' dir='ltr'><strong>tantum</strong></span> <span class='ocrx_word' id='word_1_516' title='bbox 1322 846 1480 881; x_wconf 76' lang='lat' dir='ltr'><strong>iudicarunt</strong></span> <span class='ocrx_word' id='word_1_517' title='bbox 1496 849 1650 877; x_wconf 86' lang='lat' dir='ltr'><strong>Donatistas</strong></span> <span class='ocrx_word' id='word_1_518' title='bbox 1668 850 1701 877; x_wconf 90' lang='lat' dir='ltr'><strong>ad</strong></span> 
     </span>
    </p>
   </div>
   <div class='ocr_carea' id='block_1_74' title="bbox 918 887 1700 926">
    <p class='ocr_par' dir='ltr' id='par_1_74' title="bbox 918 887 1700 926">
     <span class='ocr_line' id='line_1_74' title="bbox 918 887 1700 926; baseline 0.01 -12"><span class='ocrx_word' id='word_1_519' title='bbox 918 887 1065 917; x_wconf 86' lang='lat' dir='ltr'><strong>Ecclesiam</strong></span> <span class='ocrx_word' id='word_1_520' title='bbox 1081 890 1241 920; x_wconf 84' lang='lat' dir='ltr'><strong>catholicam</strong></span> <span class='ocrx_word' id='word_1_521' title='bbox 1259 893 1420 921; x_wconf 83' lang='lat' dir='ltr'><strong>accedentes</strong></span> <span class='ocrx_word' id='word_1_522' title='bbox 1436 894 1615 922; x_wconf 85' lang='lat' dir='ltr'><strong>admittendos</strong></span> <span class='ocrx_word' id='word_1_523' title='bbox 1629 902 1700 926; x_wconf 83' lang='lat' dir='ltr'><strong>esse.</strong></span> 
     </span>
    </p>
   </div>
   <div class='ocr_carea' id='block_1_75' title="bbox 917 935 1702 974">
    <p class='ocr_par' dir='ltr' id='par_1_75' title="bbox 917 935 1702 974">
     <span class='ocr_line' id='line_1_75' title="bbox 917 935 1702 974; baseline 0.004 -10"><span class='ocrx_word' id='word_1_524' title='bbox 917 935 965 964; x_wconf 85' lang='lat' dir='ltr'><strong>sed</strong></span> <span class='ocrx_word' id='word_1_525' title='bbox 977 939 1004 964; x_wconf 88' lang='lat' dir='ltr'><strong>et</strong></span> <span class='ocrx_word' id='word_1_526' title='bbox 1016 935 1119 973; x_wconf 77' lang='lat' dir='ltr'><strong>legatos</strong></span> <span class='ocrx_word' id='word_1_527' title='bbox 1135 937 1167 964; x_wconf 88' lang='lat' dir='ltr'><strong>ad</strong></span> <span class='ocrx_word' id='word_1_528' title='bbox 1182 944 1229 965; x_wconf 85' lang='lat' dir='ltr'><strong>eos</strong></span> <span class='ocrx_word' id='word_1_529' title='bbox 1245 938 1391 967; x_wconf 85' lang='lat' dir='ltr'><strong>mittendos</strong></span> <span class='ocrx_word' id='word_1_530' title='bbox 1409 940 1442 967; x_wconf 92' lang='lat' dir='ltr'><strong>ad</strong></span> <span class='ocrx_word' id='word_1_531' title='bbox 1457 947 1550 974; x_wconf 86' lang='lat' dir='ltr'><strong>pacem</strong></span> <span class='ocrx_word' id='word_1_532' title='bbox 1565 939 1702 968; x_wconf 79' lang='lat' dir='ltr'><strong>Ecclesia-</strong></span> 
     </span>
    </p>
   </div>
   <div class='ocr_carea' id='block_1_76' title="bbox 916 979 1700 1018">
    <p class='ocr_par' dir='ltr' id='par_1_76' title="bbox 916 979 1700 1018">
     <span class='ocr_line' id='line_1_76' title="bbox 916 979 1700 1018; baseline 0.009 -13"><span class='ocrx_word' id='word_1_533' title='bbox 916 985 976 1005; x_wconf 85' lang='lat' dir='ltr'><strong>rum</strong></span> <span class='ocrx_word' id='word_1_534' title='bbox 992 984 1017 1006; x_wconf 91' lang='lat' dir='ltr'><strong>et</strong></span> <span class='ocrx_word' id='word_1_535' title='bbox 1035 979 1166 1007; x_wconf 84' lang='lat' dir='ltr'><strong>unitatem</strong></span> <span class='ocrx_word' id='word_1_536' title='bbox 1182 982 1378 1016; x_wconf 77' lang='lat' dir='ltr'><strong>praedicandam</strong></span> <span class='ocrx_word' id='word_1_537' title='bbox 1392 1005 1399 1018; x_wconf 84' lang='lat'><strong>,</strong></span> <span class='ocrx_word' id='word_1_538' title='bbox 1416 984 1438 1011; x_wconf 93' lang='lat' dir='ltr'><strong>si</strong></span> <span class='ocrx_word' id='word_1_539' title='bbox 1463 985 1496 1012; x_wconf 85' lang='lat' dir='ltr'><strong>ad</strong></span> <span class='ocrx_word' id='word_1_540' title='bbox 1521 985 1700 1013; x_wconf 76' lang='lat' dir='ltr'><strong>orthodoxam</strong></span> 
     </span>
    </p>
   </div>
   <div class='ocr_carea' id='block_1_77' title="bbox 916 1023 1211 1054">
    <p class='ocr_par' dir='ltr' id='par_1_77' title="bbox 916 1023 1211 1054">
     <span class='ocr_line' id='line_1_77' title="bbox 916 1023 1211 1054; baseline 0.01 -3"><span class='ocrx_word' id='word_1_541' title='bbox 916 1023 996 1052; x_wconf 81' lang='lat' dir='ltr'><strong>ﬁdem</strong></span> <span class='ocrx_word' id='word_1_542' title='bbox 1009 1031 1211 1054; x_wconf 82' lang='lat' dir='ltr'><strong>convertantur.</strong></span> 
     </span>
    </p>
   </div>
   <div class='ocr_carea' id='block_1_78' title="bbox 1175 1107 1435 1136">
    <p class='ocr_par' dir='ltr' id='par_1_78' title="bbox 1175 1107 1435 1136">
     <span class='ocr_line' id='line_1_78' title="bbox 1175 1107 1435 1136; baseline 0.008 -2"><span class='ocrx_word' id='word_1_543' title='bbox 1175 1107 1289 1136; x_wconf 81' lang='lat' dir='ltr'><strong>CANON</strong></span> <span class='ocrx_word' id='word_1_544' title='bbox 1317 1108 1435 1136; x_wconf 80' lang='lat' dir='ltr'><strong>LXXIII.</strong></span> 
     </span>
    </p>
   </div>
   <div class='ocr_carea' id='block_1_79' title="bbox 920 1173 1699 1207">
    <p class='ocr_par' dir='ltr' id='par_1_79' title="bbox 920 1173 1699 1207">
     <span class='ocr_line' id='line_1_79' title="bbox 920 1173 1699 1207; baseline 0.008 -7"><span class='ocrx_word' id='word_1_545' title='bbox 920 1183 930 1199; x_wconf 78' lang='grc' dir='ltr'><strong>ι</strong></span> <span class='ocrx_word' id='word_1_546' title='bbox 949 1173 1064 1207; x_wconf 83' lang='lat' dir='ltr'><strong>Quinam</strong></span> <span class='ocrx_word' id='word_1_547' title='bbox 1076 1182 1108 1202; x_wconf 77' lang='lat' dir='ltr'><strong>ex</strong></span> <span class='ocrx_word' id='word_1_548' title='bbox 1119 1175 1224 1204; x_wconf 84' lang='lat' dir='ltr'><strong>clericis</strong></span> <span class='ocrx_word' id='word_1_549' title='bbox 1236 1176 1353 1204; x_wconf 83' lang='lat' dir='ltr'><strong>debeant</strong></span> <span class='ocrx_word' id='word_1_550' title='bbox 1367 1177 1401 1204; x_wconf 89' lang='lat' dir='ltr'><strong>ab</strong></span> <span class='ocrx_word' id='word_1_551' title='bbox 1415 1176 1546 1205; x_wconf 78' lang='lat' dir='ltr'><strong>uxoribus</strong></span> <span class='ocrx_word' id='word_1_552' title='bbox 1554 1178 1699 1206; x_wconf 69' lang='lat' dir='ltr'><strong>abstinuere.</strong></span> 
     </span>
    </p>
   </div>
   <div class='ocr_carea' id='block_1_80' title="bbox 954 1221 1700 1258">
    <p class='ocr_par' dir='ltr' id='par_1_80' title="bbox 954 1221 1700 1258">
     <span class='ocr_line' id='line_1_80' title="bbox 954 1221 1700 1258; baseline 0.005 -12"><span class='ocrx_word' id='word_1_553' title='bbox 954 1230 963 1246; x_wconf 75' lang='grc' dir='ltr'><strong>ι</strong></span> <span class='ocrx_word' id='word_1_554' title='bbox 982 1221 1022 1248; x_wconf 77' lang='lat' dir='ltr'><strong>Ad</strong></span> <span class='ocrx_word' id='word_1_555' title='bbox 1040 1221 1097 1249; x_wconf 65' lang='lat' dir='ltr'><strong>hac</strong></span> <span class='ocrx_word' id='word_1_556' title='bbox 1112 1225 1202 1249; x_wconf 86' lang='lat' dir='ltr'><strong>autem</strong></span> <span class='ocrx_word' id='word_1_557' title='bbox 1215 1223 1277 1249; x_wconf 86' lang='lat' dir='ltr'><strong>dum</strong></span> <span class='ocrx_word' id='word_1_558' title='bbox 1291 1223 1323 1249; x_wconf 88' lang='lat' dir='ltr'><strong>de</strong></span> <span class='ocrx_word' id='word_1_559' title='bbox 1335 1222 1485 1258; x_wconf 79' lang='lat' dir='ltr'><strong>aliquorum</strong></span> <span class='ocrx_word' id='word_1_560' title='bbox 1499 1223 1658 1250; x_wconf 89' lang='lat' dir='ltr'><strong>clericorum</strong></span> <span class='ocrx_word' id='word_1_561' title='bbox 1674 1225 1700 1252; x_wconf 90' lang='lat' dir='ltr'><strong>in</strong></span> 
     </span>
    </p>
   </div>
   <div class='ocr_carea' id='block_1_81' title="bbox 957 1267 1700 1304">
    <p class='ocr_par' dir='ltr' id='par_1_81' title="bbox 957 1267 1700 1304">
     <span class='ocr_line' id='line_1_81' title="bbox 957 1267 1700 1304; baseline 0.005 -12"><span class='ocrx_word' id='word_1_562' title='bbox 957 1275 966 1291; x_wconf 74' lang='grc' dir='ltr'><strong>ι</strong></span> <span class='ocrx_word' id='word_1_563' title='bbox 987 1274 1050 1294; x_wconf 89' lang='lat' dir='ltr'><strong>suas</strong></span> <span class='ocrx_word' id='word_1_564' title='bbox 1066 1274 1165 1294; x_wconf 79' lang='lat' dir='ltr'><strong>uxores</strong></span> <span class='ocrx_word' id='word_1_565' title='bbox 1178 1267 1343 1295; x_wconf 81' lang='lat' dir='ltr'><strong>continentia</strong></span> <span class='ocrx_word' id='word_1_566' title='bbox 1361 1269 1462 1297; x_wconf 83' lang='lat' dir='ltr'><strong>mentio</strong></span> <span class='ocrx_word' id='word_1_567' title='bbox 1479 1269 1555 1296; x_wconf 80' lang='lat' dir='ltr'><strong>ﬂeret</strong></span> <span class='ocrx_word' id='word_1_568' title='bbox 1566 1289 1573 1301; x_wconf 87' lang='lat'><strong>,</strong></span> <span class='ocrx_word' id='word_1_569' title='bbox 1589 1269 1700 1304; x_wconf 77' lang='lat' dir='ltr'><strong>placuit,</strong></span> 
     </span>
    </p>
   </div>
   <div class='ocr_carea' id='block_1_82' title="bbox 959 1312 1698 1349">
    <p class='ocr_par' dir='ltr' id='par_1_82' title="bbox 959 1312 1698 1349">
     <span class='ocr_line' id='line_1_82' title="bbox 959 1312 1698 1349; baseline 0.004 -11"><span class='ocrx_word' id='word_1_570' title='bbox 959 1321 967 1337; x_wconf 78' lang='grc' dir='ltr'><strong>ι</strong></span> <span class='ocrx_word' id='word_1_571' title='bbox 988 1317 1016 1338; x_wconf 87' lang='lat' dir='ltr'><strong>ut</strong></span> <span class='ocrx_word' id='word_1_572' title='bbox 1028 1312 1191 1347; x_wconf 85' lang='lat' dir='ltr'><strong>presbyteri,</strong></span> <span class='ocrx_word' id='word_1_573' title='bbox 1206 1313 1324 1348; x_wconf 90' lang='lat' dir='ltr'><strong>episcopi</strong></span> <span class='ocrx_word' id='word_1_574' title='bbox 1340 1313 1366 1341; x_wconf 78' lang='lat' dir='ltr'><strong>et</strong></span> <span class='ocrx_word' id='word_1_575' title='bbox 1378 1314 1484 1341; x_wconf 82' lang='lat' dir='ltr'><strong>diaconi</strong></span> <span class='ocrx_word' id='word_1_576' title='bbox 1505 1315 1623 1349; x_wconf 87' lang='lat' dir='ltr'><strong>propriis</strong></span> <span class='ocrx_word' id='word_1_577' title='bbox 1641 1320 1698 1342; x_wconf 91' lang='lat' dir='ltr'><strong>ter-</strong></span> 
     </span>
    </p>
   </div>
   <div class='ocr_carea' id='block_1_83' title="bbox 958 1357 1701 1394">
    <p class='ocr_par' dir='ltr' id='par_1_83' title="bbox 958 1357 1701 1394">
     <span class='ocr_line' id='line_1_83' title="bbox 958 1357 1701 1394; baseline 0.005 -11"><span class='ocrx_word' id='word_1_578' title='bbox 958 1367 967 1383; x_wconf 86' lang='grc'><em>‹</em></span> <span class='ocrx_word' id='word_1_579' title='bbox 989 1357 1068 1386; x_wconf 81' lang='lat' dir='ltr'><strong>minis</strong></span> <span class='ocrx_word' id='word_1_580' title='bbox 1085 1358 1166 1385; x_wconf 87' lang='lat' dir='ltr'><strong>etiam</strong></span> <span class='ocrx_word' id='word_1_581' title='bbox 1182 1366 1196 1385; x_wconf 93' lang='lat' dir='ltr'><strong>a</strong></span> <span class='ocrx_word' id='word_1_582' title='bbox 1214 1359 1271 1386; x_wconf 87' lang='lat' dir='ltr'><strong>suis</strong></span> <span class='ocrx_word' id='word_1_583' title='bbox 1285 1359 1437 1386; x_wconf 82' lang='lat' dir='ltr'><strong>abstineant</strong></span> <span class='ocrx_word' id='word_1_584' title='bbox 1453 1360 1602 1392; x_wconf 78' lang='lat' dir='ltr'><strong>uxoribus;</strong></span> <span class='ocrx_word' id='word_1_585' title='bbox 1628 1361 1701 1394; x_wconf 89' lang='lat' dir='ltr'><strong>quod</strong></span> 
     </span>
    </p>
   </div>
   <div class='ocr_carea' id='block_1_84' title="bbox 957 1403 1698 1437">
    <p class='ocr_par' dir='ltr' id='par_1_84' title="bbox 957 1403 1698 1437">
     <span class='ocr_line' id='line_1_84' title="bbox 957 1403 1698 1437; baseline 0.004 -8"><span class='ocrx_word' id='word_1_586' title='bbox 957 1412 966 1428; x_wconf 73' lang='grc' dir='ltr'><strong>ι</strong></span> <span class='ocrx_word' id='word_1_587' title='bbox 987 1403 1038 1430; x_wconf 84' lang='lat' dir='ltr'><strong>nisi</strong></span> <span class='ocrx_word' id='word_1_588' title='bbox 1055 1403 1177 1437; x_wconf 81' lang='lat' dir='ltr'><strong>fecerint,</strong></span> <span class='ocrx_word' id='word_1_589' title='bbox 1195 1403 1379 1432; x_wconf 82' lang='lat' dir='ltr'><strong>ecclesiastico</strong></span> <span class='ocrx_word' id='word_1_590' title='bbox 1393 1405 1489 1432; x_wconf 84' lang='lat' dir='ltr'><strong>ordine</strong></span> <span class='ocrx_word' id='word_1_591' title='bbox 1514 1410 1672 1432; x_wconf 81' lang='lat' dir='ltr'><strong>moveantur</strong></span> <span class='ocrx_word' id='word_1_592' title='bbox 1691 1414 1698 1432; x_wconf 85' lang='lat'>:</span> 
     </span>
    </p>
   </div>
   <div class='ocr_carea' id='block_1_85' title="bbox 955 1449 1701 1486">
    <p class='ocr_par' dir='ltr' id='par_1_85' title="bbox 955 1449 1701 1486">
     <span class='ocr_line' id='line_1_85' title="bbox 955 1449 1701 1486; baseline 0.007 -12"><span class='ocrx_word' id='word_1_593' title='bbox 955 1458 963 1474; x_wconf 81' lang='grc' dir='ltr'><strong>ι</strong></span> <span class='ocrx_word' id='word_1_594' title='bbox 987 1449 1081 1484; x_wconf 86' lang='lat' dir='ltr'><strong>reliqui</strong></span> <span class='ocrx_word' id='word_1_595' title='bbox 1096 1453 1186 1477; x_wconf 85' lang='lat' dir='ltr'><strong>autem</strong></span> <span class='ocrx_word' id='word_1_596' title='bbox 1206 1450 1297 1478; x_wconf 75' lang='lat' dir='ltr'><strong>clerici</strong></span> <span class='ocrx_word' id='word_1_597' title='bbox 1311 1451 1344 1478; x_wconf 90' lang='lat' dir='ltr'><strong>ad</strong></span> <span class='ocrx_word' id='word_1_598' title='bbox 1359 1451 1409 1478; x_wconf 87' lang='lat' dir='ltr'><strong>hoc</strong></span> <span class='ocrx_word' id='word_1_599' title='bbox 1425 1458 1476 1478; x_wconf 75' lang='lat' dir='ltr'><strong>non</strong></span> <span class='ocrx_word' id='word_1_600' title='bbox 1494 1454 1638 1486; x_wconf 77' lang='lat' dir='ltr'><strong>cogantur,</strong></span> <span class='ocrx_word' id='word_1_601' title='bbox 1653 1453 1701 1479; x_wconf 79' lang='lat' dir='ltr'><strong>sed</strong></span> 
     </span>
    </p>
   </div>
   <div class='ocr_carea' id='block_1_86' title="bbox 954 1494 1700 1530">
    <p class='ocr_par' dir='ltr' id='par_1_86' title="bbox 954 1494 1700 1530">
     <span class='ocr_line' id='line_1_86' title="bbox 954 1494 1700 1530; baseline 0.005 -10"><span class='ocrx_word' id='word_1_602' title='bbox 954 1504 962 1519; x_wconf 79' lang='grc' dir='ltr'><strong>ι</strong></span> <span class='ocrx_word' id='word_1_603' title='bbox 984 1494 1082 1522; x_wconf 86' lang='lat' dir='ltr'><strong>debent</strong></span> <span class='ocrx_word' id='word_1_604' title='bbox 1097 1495 1307 1530; x_wconf 80' lang='lat' dir='ltr'><strong>uniuscujusque</strong></span> <span class='ocrx_word' id='word_1_605' title='bbox 1336 1495 1459 1524; x_wconf 62' lang='lat' dir='ltr'><strong>ecclesia</strong></span> <span class='ocrx_word' id='word_1_606' title='bbox 1475 1496 1700 1524; x_wconf 79' lang='lat' dir='ltr'><strong>consuetudinem</strong></span> 
     </span>
    </p>
   </div>
   <div class='ocr_carea' id='block_1_87' title="bbox 961 1547 1140 1568">
    <p class='ocr_par' dir='ltr' id='par_1_87' title="bbox 961 1547 1140 1568">
     <span class='ocr_line' id='line_1_87' title="bbox 961 1547 1140 1568; baseline 0 -2"><span class='ocrx_word' id='word_1_607' title='bbox 961 1549 970 1566; x_wconf 72' lang='grc'>1</span> <span class='ocrx_word' id='word_1_608' title='bbox 991 1547 1108 1568; x_wconf 81' lang='lat' dir='ltr'><strong>servare.</strong></span> <span class='ocrx_word' id='word_1_609' title='bbox 1130 1550 1140 1566; x_wconf 69' lang='grc' dir='ltr'><strong>ι</strong></span> 
     </span>
    </p>
   </div>
   <div class='ocr_carea' id='block_1_88' title="bbox 955 1697 1702 1731">
    <p class='ocr_par' dir='ltr' id='par_1_88' title="bbox 955 1697 1702 1731">
     <span class='ocr_line' id='line_1_88' title="bbox 955 1697 1702 1731; baseline 0.004 -7"><span class='ocrx_word' id='word_1_610' title='bbox 955 1697 1053 1726; x_wconf 76' lang='lat' dir='ltr'><strong>BALS.</strong></span> <span class='ocrx_word' id='word_1_611' title='bbox 1070 1697 1212 1731; x_wconf 82' lang='lat' dir='ltr'><strong>Quomodo</strong></span> <span class='ocrx_word' id='word_1_612' title='bbox 1228 1699 1327 1726; x_wconf 85' lang='lat' dir='ltr'><strong>debent</strong></span> <span class='ocrx_word' id='word_1_613' title='bbox 1343 1705 1372 1726; x_wconf 89' lang='lat' dir='ltr'><strong>se</strong></span> <span class='ocrx_word' id='word_1_614' title='bbox 1385 1706 1399 1726; x_wconf 83' lang='lat' dir='ltr'><strong>a</strong></span> <span class='ocrx_word' id='word_1_615' title='bbox 1417 1699 1474 1726; x_wconf 88' lang='lat' dir='ltr'><strong>suis</strong></span> <span class='ocrx_word' id='word_1_616' title='bbox 1489 1699 1617 1727; x_wconf 79' lang='lat' dir='ltr'><strong>uxoribus</strong></span> <span class='ocrx_word' id='word_1_617' title='bbox 1637 1707 1702 1728; x_wconf 92' lang='lat' dir='ltr'><strong>con-</strong></span> 
     </span>
    </p>
   </div>
   <div class='ocr_carea' id='block_1_89' title="bbox 918 1743 1702 1781">
    <p class='ocr_par' dir='ltr' id='par_1_89' title="bbox 918 1743 1702 1781">
     <span class='ocr_line' id='line_1_89' title="bbox 918 1743 1702 1781; baseline 0.004 -11"><span class='ocrx_word' id='word_1_618' title='bbox 918 1743 1005 1771; x_wconf 88' lang='lat' dir='ltr'><strong>tinere</strong></span> <span class='ocrx_word' id='word_1_619' title='bbox 1016 1743 1134 1779; x_wconf 90' lang='lat' dir='ltr'><strong>episcopi</strong></span> <span class='ocrx_word' id='word_1_620' title='bbox 1145 1748 1171 1772; x_wconf 85' lang='lat' dir='ltr'><strong>et</strong></span> <span class='ocrx_word' id='word_1_621' title='bbox 1185 1744 1332 1779; x_wconf 86' lang='lat' dir='ltr'><strong>presbyteri</strong></span> <span class='ocrx_word' id='word_1_622' title='bbox 1347 1749 1373 1772; x_wconf 91' lang='lat' dir='ltr'><strong>et</strong></span> <span class='ocrx_word' id='word_1_623' title='bbox 1385 1745 1489 1772; x_wconf 90' lang='lat' dir='ltr'><strong>diaconi</strong></span> <span class='ocrx_word' id='word_1_624' title='bbox 1503 1749 1623 1781; x_wconf 86' lang='lat' dir='ltr'><strong>tempore</strong></span> <span class='ocrx_word' id='word_1_625' title='bbox 1636 1746 1702 1774; x_wconf 85' lang='lat' dir='ltr'><strong>vicis</strong></span> 
     </span>
    </p>
   </div>
   <div class='ocr_carea' id='block_1_90' title="bbox 917 1789 1701 1825">
    <p class='ocr_par' dir='ltr' id='par_1_90' title="bbox 917 1789 1701 1825">
     <span class='ocr_line' id='line_1_90' title="bbox 917 1789 1701 1825; baseline 0.003 -9"><span class='ocrx_word' id='word_1_626' title='bbox 917 1796 992 1821; x_wconf 63' lang='lat' dir='ltr'><strong>sure,</strong></span> <span class='ocrx_word' id='word_1_627' title='bbox 1009 1789 1034 1816; x_wconf 90' lang='lat' dir='ltr'><strong>in</strong></span> <span class='ocrx_word' id='word_1_628' title='bbox 1063 1796 1164 1817; x_wconf 88' lang='lat' dir='ltr'><strong>canone</strong></span> <span class='ocrx_word' id='word_1_629' title='bbox 1189 1789 1223 1817; x_wconf 77' lang='lat'><strong>‘15</strong></span> <span class='ocrx_word' id='word_1_630' title='bbox 1246 1789 1340 1825; x_wconf 85' lang='lat' dir='ltr'><strong>synodi</strong></span> <span class='ocrx_word' id='word_1_631' title='bbox 1359 1790 1385 1817; x_wconf 86' lang='lat' dir='ltr'><strong>in</strong></span> <span class='ocrx_word' id='word_1_632' title='bbox 1403 1789 1494 1818; x_wconf 89' lang='lat' dir='ltr'><strong>Trullo</strong></span> <span class='ocrx_word' id='word_1_633' title='bbox 1518 1790 1620 1818; x_wconf 87' lang='lat' dir='ltr'><strong>dictum</strong></span> <span class='ocrx_word' id='word_1_634' title='bbox 1649 1796 1701 1818; x_wconf 88' lang='lat' dir='ltr'><strong>est.</strong></span> 
     </span>
    </p>
   </div>
   <div class='ocr_carea' id='block_1_91' title="bbox 918 1833 1702 1868">
    <p class='ocr_par' dir='ltr' id='par_1_91' title="bbox 918 1833 1702 1868">
     <span class='ocr_line' id='line_1_91' title="bbox 918 1833 1702 1868; baseline 0.003 -8"><span class='ocrx_word' id='word_1_635' title='bbox 918 1833 1040 1860; x_wconf 69' lang='lat' dir='ltr'><strong>Praesens</strong></span> <span class='ocrx_word' id='word_1_636' title='bbox 1055 1840 1161 1868; x_wconf 82' lang='lat' dir='ltr'><strong>quaque</strong></span> <span class='ocrx_word' id='word_1_637' title='bbox 1176 1841 1261 1861; x_wconf 81' lang='lat' dir='ltr'><strong>canon</strong></span> <span class='ocrx_word' id='word_1_638' title='bbox 1283 1834 1347 1861; x_wconf 89' lang='lat' dir='ltr'><strong>dicit</strong></span> <span class='ocrx_word' id='word_1_639' title='bbox 1367 1841 1414 1861; x_wconf 87' lang='lat' dir='ltr'><strong>eos</strong></span> <span class='ocrx_word' id='word_1_640' title='bbox 1440 1834 1623 1868; x_wconf 90' lang='lat' dir='ltr'><strong>deponendos,</strong></span> <span class='ocrx_word' id='word_1_641' title='bbox 1651 1834 1702 1862; x_wconf 89' lang='lat' dir='ltr'><strong>nisi</strong></span> 
     </span>
    </p>
   </div>
   <div class='ocr_carea' id='block_1_92' title="bbox 919 1879 1703 1914">
    <p class='ocr_par' dir='ltr' id='par_1_92' title="bbox 919 1879 1703 1914">
     <span class='ocr_line' id='line_1_92' title="bbox 919 1879 1703 1914; baseline 0.003 -9"><span class='ocrx_word' id='word_1_642' title='bbox 919 1883 982 1906; x_wconf 92' lang='lat' dir='ltr'><strong>tunc</strong></span> <span class='ocrx_word' id='word_1_643' title='bbox 999 1886 1028 1907; x_wconf 87' lang='lat' dir='ltr'><strong>se</strong></span> <span class='ocrx_word' id='word_1_644' title='bbox 1045 1880 1237 1907; x_wconf 89' lang='lat' dir='ltr'><strong>continuerint.</strong></span> <span class='ocrx_word' id='word_1_645' title='bbox 1254 1880 1318 1906; x_wconf 67' lang='lat' dir='ltr'><strong>Haec</strong></span> <span class='ocrx_word' id='word_1_646' title='bbox 1334 1884 1422 1906; x_wconf 84' lang='lat' dir='ltr'><strong>autem</strong></span> <span class='ocrx_word' id='word_1_647' title='bbox 1435 1887 1449 1906; x_wconf 89' lang='lat' dir='ltr'><strong>a</strong></span> <span class='ocrx_word' id='word_1_648' title='bbox 1473 1879 1583 1914; x_wconf 80' lang='lat' dir='ltr'><strong>reliquis</strong></span> <span class='ocrx_word' id='word_1_649' title='bbox 1598 1880 1703 1908; x_wconf 87' lang='lat' dir='ltr'><strong>clericis</strong></span> 
     </span>
    </p>
   </div>
   <div class='ocr_carea' id='block_1_93' title="bbox 918 1924 1701 1960">
    <p class='ocr_par' dir='ltr' id='par_1_93' title="bbox 918 1924 1701 1960">
     <span class='ocr_line' id='line_1_93' title="bbox 918 1924 1701 1960; baseline 0.003 -10"><span class='ocrx_word' id='word_1_650' title='bbox 918 1932 970 1952; x_wconf 90' lang='lat' dir='ltr'><strong>non</strong></span> <span class='ocrx_word' id='word_1_651' title='bbox 985 1925 1105 1960; x_wconf 73' lang='lat' dir='ltr'><strong>exigunt,</strong></span> <span class='ocrx_word' id='word_1_652' title='bbox 1124 1929 1153 1951; x_wconf 92' lang='lat' dir='ltr'><strong>ut</strong></span> <span class='ocrx_word' id='word_1_653' title='bbox 1174 1924 1220 1959; x_wconf 75' lang='lat' dir='ltr'><strong>qui</strong></span> <span class='ocrx_word' id='word_1_654' title='bbox 1236 1929 1403 1952; x_wconf 84' lang='lat' dir='ltr'><strong>sacramenta</strong></span> <span class='ocrx_word' id='word_1_655' title='bbox 1426 1932 1479 1952; x_wconf 89' lang='lat' dir='ltr'><strong>non</strong></span> <span class='ocrx_word' id='word_1_656' title='bbox 1506 1929 1678 1952; x_wconf 88' lang='lat' dir='ltr'><strong>contractent</strong></span> <span class='ocrx_word' id='word_1_657' title='bbox 1693 1946 1701 1957; x_wconf 68' lang='grc' dir='ltr'><strong><em>ο</em></strong></span> 
     </span>
    </p>
   </div>
   <div class='ocr_carea' id='block_1_94' title="bbox 918 1970 1700 2004">
    <p class='ocr_par' dir='ltr' id='par_1_94' title="bbox 918 1970 1700 2004">
     <span class='ocr_line' id='line_1_94' title="bbox 918 1970 1700 2004; baseline -0.001 -6"><span class='ocrx_word' id='word_1_658' title='bbox 918 1971 964 1998; x_wconf 86' lang='lat' dir='ltr'><strong>sed</strong></span> <span class='ocrx_word' id='word_1_659' title='bbox 991 1977 1038 1998; x_wconf 86' lang='lat' dir='ltr'><strong>eos</strong></span> <span class='ocrx_word' id='word_1_660' title='bbox 1060 1970 1154 2004; x_wconf 89' lang='lat' dir='ltr'><strong>jubent</strong></span> <span class='ocrx_word' id='word_1_661' title='bbox 1181 1977 1288 1998; x_wconf 82' lang='lat' dir='ltr'><strong>servare</strong></span> <span class='ocrx_word' id='word_1_662' title='bbox 1319 1970 1444 1999; x_wconf 81' lang='lat' dir='ltr'><strong>ecclesiae</strong></span> <span class='ocrx_word' id='word_1_663' title='bbox 1469 1972 1700 1998; x_wconf 83' lang='lat' dir='ltr'><strong>consuetudinem.</strong></span> 
     </span>
    </p>
   </div>
   <div class='ocr_carea' id='block_1_95' title="bbox 917 2009 1703 2049">
    <p class='ocr_par' dir='ltr' id='par_1_95' title="bbox 917 2009 1703 2049">
     <span class='ocr_line' id='line_1_95' title="bbox 917 2009 1703 2049; baseline 0.003 -8"><span class='ocrx_word' id='word_1_664' title='bbox 917 2013 988 2049; x_wconf 80' lang='lat' dir='ltr'><strong>Lege</strong></span> <span class='ocrx_word' id='word_1_665' title='bbox 1001 2018 1028 2041; x_wconf 88' lang='lat' dir='ltr'><strong>et</strong></span> <span class='ocrx_word' id='word_1_666' title='bbox 1048 2009 1177 2041; x_wconf 84' lang='lat' dir='ltr'><strong>canouem</strong></span> <span class='ocrx_word' id='word_1_667' title='bbox 1195 2014 1212 2041; x_wconf 79' lang='grc'>5</span> <span class='ocrx_word' id='word_1_668' title='bbox 1229 2014 1423 2049; x_wconf 83' lang='lat' dir='ltr'><strong>archiepiscopi</strong></span> <span class='ocrx_word' id='word_1_669' title='bbox 1448 2015 1618 2042; x_wconf 77' lang='lat' dir='ltr'><strong>Alexandriae</strong></span> <span class='ocrx_word' id='word_1_670' title='bbox 1640 2015 1703 2043; x_wconf 85' lang='lat' dir='ltr'><strong>Dio-</strong></span> 
     </span>
    </p>
   </div>
   <div class='ocr_carea' id='block_1_96' title="bbox 919 2059 1701 2096">
    <p class='ocr_par' dir='ltr' id='par_1_96' title="bbox 919 2059 1701 2096">
     <span class='ocr_line' id='line_1_96' title="bbox 919 2059 1701 2096; baseline 0.003 -10"><span class='ocrx_word' id='word_1_671' title='bbox 919 2059 997 2094; x_wconf 88' lang='lat' dir='ltr'><strong>nysii.</strong></span> <span class='ocrx_word' id='word_1_672' title='bbox 1015 2059 1083 2087; x_wconf 74' lang='lat' dir='ltr'><strong>Nota</strong></span> <span class='ocrx_word' id='word_1_673' title='bbox 1104 2067 1180 2095; x_wconf 77' lang='lat' dir='ltr'><strong>ergo,</strong></span> <span class='ocrx_word' id='word_1_674' title='bbox 1204 2060 1273 2094; x_wconf 85' lang='lat' dir='ltr'><strong>quod</strong></span> <span class='ocrx_word' id='word_1_675' title='bbox 1293 2064 1414 2095; x_wconf 87' lang='lat' dir='ltr'><strong>tempore</strong></span> <span class='ocrx_word' id='word_1_676' title='bbox 1437 2060 1579 2095; x_wconf 70' lang='lat' dir='ltr'><strong>praesentis</strong></span> <span class='ocrx_word' id='word_1_677' title='bbox 1606 2061 1701 2096; x_wconf 86' lang='lat' dir='ltr'><strong>synodi</strong></span> 
     </span>
    </p>
   </div>
   <div class='ocr_carea' id='block_1_97' title="bbox 918 2105 1702 2142">
    <p class='ocr_par' dir='ltr' id='par_1_97' title="bbox 918 2105 1702 2142">
     <span class='ocr_line' id='line_1_97' title="bbox 918 2105 1702 2142; baseline 0.005 -10"><span class='ocrx_word' id='word_1_678' title='bbox 918 2105 1050 2133; x_wconf 82' lang='lat' dir='ltr'><strong>habebant</strong></span> <span class='ocrx_word' id='word_1_679' title='bbox 1064 2106 1181 2140; x_wconf 82' lang='lat' dir='ltr'><strong>episcopi</strong></span> <span class='ocrx_word' id='word_1_680' title='bbox 1198 2113 1261 2135; x_wconf 77' lang='lat' dir='ltr'><strong>suas</strong></span> <span class='ocrx_word' id='word_1_681' title='bbox 1284 2113 1383 2135; x_wconf 81' lang='lat' dir='ltr'><strong>uxores</strong></span> <span class='ocrx_word' id='word_1_682' title='bbox 1399 2107 1458 2135; x_wconf 84' lang='lat' dir='ltr'><strong>sine</strong></span> <span class='ocrx_word' id='word_1_683' title='bbox 1474 2107 1641 2142; x_wconf 67' lang='lat' dir='ltr'><strong>prs-judicio.</strong></span> <span class='ocrx_word' id='word_1_684' title='bbox 1656 2108 1702 2136; x_wconf 88' lang='lat' dir='ltr'><strong>Sic</strong></span> 
     </span>
    </p>
   </div>
   <div class='ocr_carea' id='block_1_98' title="bbox 918 2151 1699 2186">
    <p class='ocr_par' dir='ltr' id='par_1_98' title="bbox 918 2151 1699 2186">
     <span class='ocr_line' id='line_1_98' title="bbox 918 2151 1699 2186; baseline 0.005 -8"><span class='ocrx_word' id='word_1_685' title='bbox 918 2151 1009 2185; x_wconf 77' lang='lat' dir='ltr'><strong>itaque</strong></span> <span class='ocrx_word' id='word_1_686' title='bbox 1025 2151 1082 2179; x_wconf 66' lang='lat' dir='ltr'><strong>haec</strong></span> <span class='ocrx_word' id='word_1_687' title='bbox 1097 2159 1201 2179; x_wconf 82' lang='lat' dir='ltr'><strong>canone</strong></span> <span class='ocrx_word' id='word_1_688' title='bbox 1224 2151 1328 2179; x_wconf 86' lang='lat' dir='ltr'><strong>sancita</strong></span> <span class='ocrx_word' id='word_1_689' title='bbox 1355 2156 1428 2179; x_wconf 89' lang='lat' dir='ltr'><strong>sunt.</strong></span> <span class='ocrx_word' id='word_1_690' title='bbox 1447 2152 1586 2186; x_wconf 88' lang='lat' dir='ltr'><strong>Quomodo</strong></span> <span class='ocrx_word' id='word_1_691' title='bbox 1608 2159 1699 2182; x_wconf 87' lang='lat' dir='ltr'><strong>autem</strong></span> 
     </span>
    </p>
   </div>
   <div class='ocr_carea' id='block_1_99' title="bbox 916 2196 1702 2232">
    <p class='ocr_par' dir='ltr' id='par_1_99' title="bbox 916 2196 1702 2232">
     <span class='ocr_line' id='line_1_99' title="bbox 916 2196 1702 2232; baseline 0.004 -8"><span class='ocrx_word' id='word_1_692' title='bbox 916 2197 1092 2230; x_wconf 71' lang='lat' dir='ltr'><strong>deponentur,</strong></span> <span class='ocrx_word' id='word_1_693' title='bbox 1105 2197 1150 2232; x_wconf 92' lang='lat' dir='ltr'><strong>qui</strong></span> <span class='ocrx_word' id='word_1_694' title='bbox 1165 2196 1277 2225; x_wconf 82' lang='lat' dir='ltr'><strong>forsitan</strong></span> <span class='ocrx_word' id='word_1_695' title='bbox 1292 2205 1344 2225; x_wconf 91' lang='lat' dir='ltr'><strong>non</strong></span> <span class='ocrx_word' id='word_1_696' title='bbox 1358 2197 1504 2231; x_wconf 75' lang='lat' dir='ltr'><strong>abstinent,</strong></span> <span class='ocrx_word' id='word_1_697' title='bbox 1517 2206 1578 2226; x_wconf 85' lang='lat' dir='ltr'><strong>cum</strong></span> <span class='ocrx_word' id='word_1_698' title='bbox 1594 2207 1638 2227; x_wconf 88' lang='lat' dir='ltr'><strong>res</strong></span> <span class='ocrx_word' id='word_1_699' title='bbox 1649 2208 1702 2227; x_wconf 90' lang='lat' dir='ltr'><strong>non</strong></span> 
     </span>
    </p>
   </div>
   <div class='ocr_carea' id='block_1_100' title="bbox 918 2242 1702 2276">
    <p class='ocr_par' dir='ltr' id='par_1_100' title="bbox 918 2242 1702 2276">
     <span class='ocr_line' id='line_1_100' title="bbox 918 2242 1702 2276; baseline 0.006 -8"><span class='ocrx_word' id='word_1_700' title='bbox 918 2242 952 2269; x_wconf 85' lang='lat' dir='ltr'><strong>sit</strong></span> <span class='ocrx_word' id='word_1_701' title='bbox 969 2242 1122 2270; x_wconf 81' lang='lat' dir='ltr'><strong>manifesta.</strong></span> <span class='ocrx_word' id='word_1_702' title='bbox 1142 2242 1207 2276; x_wconf 87' lang='lat' dir='ltr'><strong>Quis</strong></span> <span class='ocrx_word' id='word_1_703' title='bbox 1221 2243 1293 2270; x_wconf 90' lang='lat' dir='ltr'><strong>enim</strong></span> <span class='ocrx_word' id='word_1_704' title='bbox 1312 2248 1407 2271; x_wconf 81' lang='lat' dir='ltr'><strong>contra</strong></span> <span class='ocrx_word' id='word_1_705' title='bbox 1432 2251 1492 2272; x_wconf 83' lang='lat' dir='ltr'><strong>sese</strong></span> <span class='ocrx_word' id='word_1_706' title='bbox 1506 2245 1702 2273; x_wconf 79' lang='lat' dir='ltr'><strong>conﬁtebitur?</strong></span> 
     </span>
    </p>
   </div>
   <div class='ocr_carea' id='block_1_101' title="bbox 917 2288 1700 2327">
    <p class='ocr_par' dir='ltr' id='par_1_101' title="bbox 917 2288 1700 2327">
     <span class='ocr_line' id='line_1_101' title="bbox 917 2288 1700 2327; baseline 0.006 -12"><span class='ocrx_word' id='word_1_707' title='bbox 917 2288 957 2317; x_wconf 84' lang='lat' dir='ltr'><strong>vel</strong></span> <span class='ocrx_word' id='word_1_708' title='bbox 975 2289 1035 2323; x_wconf 92' lang='lat' dir='ltr'><strong>quis</strong></span> <span class='ocrx_word' id='word_1_709' title='bbox 1049 2296 1111 2317; x_wconf 87' lang='lat' dir='ltr'><strong>eum</strong></span> <span class='ocrx_word' id='word_1_710' title='bbox 1135 2289 1296 2316; x_wconf 83' lang='lat' dir='ltr'><strong>convincere</strong></span> <span class='ocrx_word' id='word_1_711' title='bbox 1317 2290 1488 2324; x_wconf 74' lang='lat' dir='ltr'><strong>aggredietur</strong></span> <span class='ocrx_word' id='word_1_712' title='bbox 1501 2291 1512 2318; x_wconf 69' lang='grc' dir='ltr'><strong>ἲ</strong></span> <span class='ocrx_word' id='word_1_713' title='bbox 1527 2292 1700 2327; x_wconf 83' lang='lat' dir='ltr'><strong>Quapropter</strong></span> 
     </span>
    </p>
   </div>
   <div class='ocr_carea' id='block_1_102' title="bbox 917 2335 1702 2374">
    <p class='ocr_par' dir='ltr' id='par_1_102' title="bbox 917 2335 1702 2374">
     <span class='ocr_line' id='line_1_102' title="bbox 917 2335 1702 2374; baseline 0.006 -13"><span class='ocrx_word' id='word_1_714' title='bbox 917 2341 976 2361; x_wconf 85' lang='lat' dir='ltr'><strong>mea</strong></span> <span class='ocrx_word' id='word_1_715' title='bbox 992 2338 1033 2361; x_wconf 86' lang='lat' dir='ltr'><strong>est</strong></span> <span class='ocrx_word' id='word_1_716' title='bbox 1048 2335 1181 2362; x_wconf 84' lang='lat' dir='ltr'><strong>sententia</strong></span> <span class='ocrx_word' id='word_1_717' title='bbox 1194 2354 1202 2368; x_wconf 89' lang='lat'><strong>,</strong></span> <span class='ocrx_word' id='word_1_718' title='bbox 1220 2339 1249 2362; x_wconf 91' lang='lat' dir='ltr'><strong>ut</strong></span> <span class='ocrx_word' id='word_1_719' title='bbox 1273 2335 1359 2363; x_wconf 87' lang='lat' dir='ltr'><strong>sacris</strong></span> <span class='ocrx_word' id='word_1_720' title='bbox 1376 2336 1474 2363; x_wconf 74' lang='lat' dir='ltr'><strong>initiati</strong></span> <span class='ocrx_word' id='word_1_721' title='bbox 1494 2344 1546 2365; x_wconf 84' lang='lat' dir='ltr'><strong>non</strong></span> <span class='ocrx_word' id='word_1_722' title='bbox 1574 2344 1702 2374; x_wconf 88' lang='lat' dir='ltr'><strong>perpetuo</strong></span> 
     </span>
    </p>
   </div>
   <div class='ocr_carea' id='block_1_103' title="bbox 916 2379 1703 2419">
    <p class='ocr_par' dir='ltr' id='par_1_103' title="bbox 916 2379 1703 2419">
     <span class='ocr_line' id='line_1_103' title="bbox 916 2379 1703 2419; baseline 0.008 -13"><span class='ocrx_word' id='word_1_723' title='bbox 916 2387 993 2407; x_wconf 78' lang='lat' dir='ltr'><strong>sacra</strong></span> <span class='ocrx_word' id='word_1_724' title='bbox 1008 2380 1153 2407; x_wconf 87' lang='lat' dir='ltr'><strong>celebrent.</strong></span> <span class='ocrx_word' id='word_1_725' title='bbox 1175 2379 1321 2416; x_wconf 81' lang='lat' dir='ltr'><strong>Propterea</strong></span> <span class='ocrx_word' id='word_1_726' title='bbox 1344 2382 1416 2409; x_wconf 88' lang='lat' dir='ltr'><strong>enim</strong></span> <span class='ocrx_word' id='word_1_727' title='bbox 1441 2387 1468 2410; x_wconf 88' lang='lat' dir='ltr'><strong>et</strong></span> <span class='ocrx_word' id='word_1_728' title='bbox 1493 2383 1518 2410; x_wconf 89' lang='lat' dir='ltr'><strong>iu</strong></span> <span class='ocrx_word' id='word_1_729' title='bbox 1536 2383 1641 2412; x_wconf 84' lang='lat' dir='ltr'><strong>decimo</strong></span> <span class='ocrx_word' id='word_1_730' title='bbox 1659 2392 1703 2419; x_wconf 78' lang='lat' dir='ltr'><strong>sy—</strong></span> 
     </span>
    </p>
   </div>
   <div class='ocr_carea' id='block_1_104' title="bbox 916 2425 1700 2458">
    <p class='ocr_par' dir='ltr' id='par_1_104' title="bbox 916 2425 1700 2458">
     <span class='ocr_line' id='line_1_104' title="bbox 916 2425 1700 2458; baseline 0.006 -5"><span class='ocrx_word' id='word_1_731' title='bbox 916 2425 977 2454; x_wconf 90' lang='lat' dir='ltr'><strong>nodi</strong></span> <span class='ocrx_word' id='word_1_732' title='bbox 1003 2427 1029 2453; x_wconf 93' lang='lat' dir='ltr'><strong>in</strong></span> <span class='ocrx_word' id='word_1_733' title='bbox 1052 2425 1143 2453; x_wconf 85' lang='lat' dir='ltr'><strong>&#39;l‘rullo</strong></span> <span class='ocrx_word' id='word_1_734' title='bbox 1158 2434 1261 2455; x_wconf 86' lang='lat' dir='ltr'><strong>canone</strong></span> <span class='ocrx_word' id='word_1_735' title='bbox 1282 2427 1376 2455; x_wconf 84' lang='lat' dir='ltr'><strong>Patres</strong></span> <span class='ocrx_word' id='word_1_736' title='bbox 1392 2428 1424 2456; x_wconf 85' lang='lat' dir='ltr'><strong>de</strong></span> <span class='ocrx_word' id='word_1_737' title='bbox 1446 2428 1550 2458; x_wconf 88' lang='lat' dir='ltr'><strong>vicibus</strong></span> <span class='ocrx_word' id='word_1_738' title='bbox 1568 2431 1700 2458; x_wconf 89' lang='lat' dir='ltr'><strong>memine-</strong></span> 
     </span>
    </p>
   </div>
   <div class='ocr_carea' id='block_1_105' title="bbox 916 2471 1700 2507">
    <p class='ocr_par' dir='ltr' id='par_1_105' title="bbox 916 2471 1700 2507">
     <span class='ocr_line' id='line_1_105' title="bbox 916 2471 1700 2507; baseline 0.006 -9"><span class='ocrx_word' id='word_1_739' title='bbox 916 2476 989 2498; x_wconf 90' lang='lat' dir='ltr'><strong>runt.</strong></span> <span class='ocrx_word' id='word_1_740' title='bbox 1018 2471 1051 2499; x_wconf 84' lang='lat' dir='ltr'><strong>Et</strong></span> <span class='ocrx_word' id='word_1_741' title='bbox 1073 2471 1174 2500; x_wconf 90' lang='lat' dir='ltr'><strong>idcirco</strong></span> <span class='ocrx_word' id='word_1_742' title='bbox 1198 2473 1223 2499; x_wconf 93' lang='lat' dir='ltr'><strong>in</strong></span> <span class='ocrx_word' id='word_1_743' title='bbox 1248 2473 1352 2507; x_wconf 79' lang='lat' dir='ltr'><strong>magnis</strong></span> <span class='ocrx_word' id='word_1_744' title='bbox 1366 2478 1393 2501; x_wconf 88' lang='lat' dir='ltr'><strong>et</strong></span> <span class='ocrx_word' id='word_1_745' title='bbox 1410 2474 1550 2503; x_wconf 82' lang='lat' dir='ltr'><strong>catholicis</strong></span> <span class='ocrx_word' id='word_1_746' title='bbox 1576 2476 1700 2503; x_wconf 79' lang='lat' dir='ltr'><strong>ecclesiis</strong></span> 
     </span>
    </p>
   </div>
   <div class='ocr_carea' id='block_1_106' title="bbox 916 2518 1700 2558">
    <p class='ocr_par' dir='ltr' id='par_1_106' title="bbox 916 2518 1700 2558">
     <span class='ocr_line' id='line_1_106' title="bbox 916 2518 1700 2558; baseline 0.006 -14"><span class='ocrx_word' id='word_1_747' title='bbox 916 2523 1083 2545; x_wconf 80' lang='lat' dir='ltr'><strong>sacratorum</strong></span> <span class='ocrx_word' id='word_1_748' title='bbox 1102 2518 1250 2546; x_wconf 69' lang='lat' dir='ltr'><strong>ministeria</strong></span> <span class='ocrx_word' id='word_1_749' title='bbox 1268 2519 1351 2547; x_wconf 82' lang='lat' dir='ltr'><strong>divisa</strong></span> <span class='ocrx_word' id='word_1_750' title='bbox 1369 2524 1441 2548; x_wconf 86' lang='lat' dir='ltr'><strong>sunt.</strong></span> <span class='ocrx_word' id='word_1_751' title='bbox 1457 2520 1506 2553; x_wconf 85' lang='lat' dir='ltr'><strong>Qui</strong></span> <span class='ocrx_word' id='word_1_752' title='bbox 1521 2522 1591 2548; x_wconf 90' lang='lat' dir='ltr'><strong>enim</strong></span> <span class='ocrx_word' id='word_1_753' title='bbox 1608 2522 1700 2558; x_wconf 87' lang='lat' dir='ltr'><strong>quoti—</strong></span> 
     </span>
    </p>
   </div>
   <div class='ocr_carea' id='block_1_107' title="bbox 915 2563 1700 2601">
    <p class='ocr_par' dir='ltr' id='par_1_107' title="bbox 915 2563 1700 2601">
     <span class='ocr_line' id='line_1_107' title="bbox 915 2563 1700 2601; baseline 0.006 -11"><span class='ocrx_word' id='word_1_754' title='bbox 915 2563 959 2590; x_wconf 86' lang='lat' dir='ltr'><strong>die</strong></span> <span class='ocrx_word' id='word_1_755' title='bbox 971 2570 1047 2591; x_wconf 80' lang='lat' dir='ltr'><strong>sacra</strong></span> <span class='ocrx_word' id='word_1_756' title='bbox 1059 2563 1194 2591; x_wconf 80' lang='lat' dir='ltr'><strong>celebrant</strong></span> <span class='ocrx_word' id='word_1_757' title='bbox 1210 2565 1305 2593; x_wconf 80' lang='lat' dir='ltr'><strong>canoni</strong></span> <span class='ocrx_word' id='word_1_758' title='bbox 1323 2571 1386 2594; x_wconf 83' lang='lat' dir='ltr'><strong>sunt</strong></span> <span class='ocrx_word' id='word_1_759' title='bbox 1399 2568 1508 2596; x_wconf 81' lang='lat' dir='ltr'><strong>obnoxii</strong></span> <span class='ocrx_word' id='word_1_760' title='bbox 1523 2576 1554 2595; x_wconf 79' lang='lat' dir='ltr'><strong>ex</strong></span> <span class='ocrx_word' id='word_1_761' title='bbox 1568 2575 1700 2601; x_wconf 57' lang='lat' dir='ltr'><strong>praesum-</strong></span> 
     </span>
    </p>
   </div>
   <div class='ocr_carea' id='block_1_108' title="bbox 916 2609 1698 2648">
    <p class='ocr_par' dir='ltr' id='par_1_108' title="bbox 916 2609 1698 2648">
     <span class='ocr_line' id='line_1_108' title="bbox 916 2609 1698 2648; baseline 0.006 -13"><span class='ocrx_word' id='word_1_762' title='bbox 916 2609 1017 2643; x_wconf 86' lang='lat' dir='ltr'><strong>ptione,</strong></span> <span class='ocrx_word' id='word_1_763' title='bbox 1035 2609 1105 2644; x_wconf 83' lang='lat' dir='ltr'><strong>qttod</strong></span> <span class='ocrx_word' id='word_1_764' title='bbox 1123 2617 1183 2637; x_wconf 90' lang='lat' dir='ltr'><strong>cum</strong></span> <span class='ocrx_word' id='word_1_765' title='bbox 1207 2611 1334 2639; x_wconf 82' lang='lat' dir='ltr'><strong>uxoribus</strong></span> <span class='ocrx_word' id='word_1_766' title='bbox 1355 2612 1526 2641; x_wconf 70' lang='lat' dir='ltr'><strong>cohabitant:</strong></span> <span class='ocrx_word' id='word_1_767' title='bbox 1552 2617 1579 2640; x_wconf 82' lang='lat' dir='ltr'><strong>et</strong></span> <span class='ocrx_word' id='word_1_768' title='bbox 1606 2619 1698 2648; x_wconf 85' lang='lat' dir='ltr'><strong>aperte</strong></span> 
     </span>
    </p>
   </div>
   <div class='ocr_carea' id='block_1_109' title="bbox 916 2654 1698 2691">
    <p class='ocr_par' dir='ltr' id='par_1_109' title="bbox 916 2654 1698 2691">
     <span class='ocr_line' id='line_1_109' title="bbox 916 2654 1698 2691; baseline 0.006 -10"><span class='ocrx_word' id='word_1_769' title='bbox 916 2655 1026 2690; x_wconf 88' lang='lat' dir='ltr'><strong>populos</strong></span> <span class='ocrx_word' id='word_1_770' title='bbox 1043 2654 1190 2683; x_wconf 79' lang='lat' dir='ltr'><strong>oﬂ&#39;endunt.</strong></span> <span class='ocrx_word' id='word_1_771' title='bbox 1209 2655 1320 2691; x_wconf 85' lang='lat' dir='ltr'><strong>Propter</strong></span> <span class='ocrx_word' id='word_1_772' title='bbox 1345 2658 1396 2685; x_wconf 90' lang='lat' dir='ltr'><strong>hoc</strong></span> <span class='ocrx_word' id='word_1_773' title='bbox 1415 2659 1499 2691; x_wconf 80' lang='lat' dir='ltr'><strong>enim,</strong></span> <span class='ocrx_word' id='word_1_774' title='bbox 1516 2664 1544 2686; x_wconf 87' lang='lat' dir='ltr'><strong>ut</strong></span> <span class='ocrx_word' id='word_1_775' title='bbox 1568 2659 1633 2686; x_wconf 92' lang='lat' dir='ltr'><strong>mihi</strong></span> <span class='ocrx_word' id='word_1_776' title='bbox 1657 2660 1698 2686; x_wconf 85' lang='lat' dir='ltr'><strong>vi-</strong></span> 
     </span>
    </p>
   </div>
   <div class='ocr_carea' id='block_1_110' title="bbox 915 2701 1697 2740">
    <p class='ocr_par' dir='ltr' id='par_1_110' title="bbox 915 2701 1697 2740">
     <span class='ocr_line' id='line_1_110' title="bbox 915 2701 1697 2740; baseline 0.006 -13"><span class='ocrx_word' id='word_1_777' title='bbox 915 2701 1008 2733; x_wconf 88' lang='lat' dir='ltr'><strong>detur;</strong></span> <span class='ocrx_word' id='word_1_778' title='bbox 1028 2707 1061 2727; x_wconf 83' lang='lat' dir='ltr'><strong>ne</strong></span> <span class='ocrx_word' id='word_1_779' title='bbox 1076 2701 1136 2736; x_wconf 81' lang='lat' dir='ltr'><strong>quis</strong></span> <span class='ocrx_word' id='word_1_780' title='bbox 1153 2701 1180 2729; x_wconf 91' lang='lat' dir='ltr'><strong>in</strong></span> <span class='ocrx_word' id='word_1_781' title='bbox 1197 2702 1288 2731; x_wconf 86' lang='lat' dir='ltr'><strong>multis</strong></span> <span class='ocrx_word' id='word_1_782' title='bbox 1300 2704 1422 2732; x_wconf 86' lang='lat' dir='ltr'><strong>ecclesiis</strong></span> <span class='ocrx_word' id='word_1_783' title='bbox 1439 2705 1483 2731; x_wconf 87' lang='lat' dir='ltr'><strong>ﬂat</strong></span> <span class='ocrx_word' id='word_1_784' title='bbox 1498 2705 1613 2733; x_wconf 82' lang='lat' dir='ltr'><strong>clericus</strong></span> <span class='ocrx_word' id='word_1_785' title='bbox 1633 2713 1697 2740; x_wconf 90' lang='lat' dir='ltr'><strong>pro-</strong></span> 
     </span>
    </p>
   </div>
   <div class='ocr_carea' id='block_1_111' title="bbox 916 2747 1696 2779">
    <p class='ocr_par' dir='ltr' id='par_1_111' title="bbox 916 2747 1696 2779">
     <span class='ocr_line' id='line_1_111' title="bbox 916 2747 1696 2779; baseline 0.006 -7"><span class='ocrx_word' id='word_1_786' title='bbox 916 2747 1027 2773; x_wconf 90' lang='lat' dir='ltr'><strong>hibitum</strong></span> <span class='ocrx_word' id='word_1_787' title='bbox 1040 2751 1091 2779; x_wconf 87' lang='lat' dir='ltr'><strong>est,</strong></span> <span class='ocrx_word' id='word_1_788' title='bbox 1107 2752 1134 2775; x_wconf 89' lang='lat' dir='ltr'><strong>et</strong></span> <span class='ocrx_word' id='word_1_789' title='bbox 1146 2749 1226 2775; x_wconf 89' lang='lat' dir='ltr'><strong>etiam</strong></span> <span class='ocrx_word' id='word_1_790' title='bbox 1243 2756 1276 2776; x_wconf 91' lang='lat' dir='ltr'><strong>ne</strong></span> <span class='ocrx_word' id='word_1_791' title='bbox 1287 2756 1424 2776; x_wconf 86' lang='lat' dir='ltr'><strong>sacrorum</strong></span> <span class='ocrx_word' id='word_1_792' title='bbox 1443 2749 1589 2777; x_wconf 78' lang='lat' dir='ltr'><strong>celebratio</strong></span> <span class='ocrx_word' id='word_1_793' title='bbox 1605 2756 1631 2777; x_wconf 91' lang='lat' dir='ltr'><strong>et</strong></span> <span class='ocrx_word' id='word_1_794' title='bbox 1651 2750 1696 2777; x_wconf 86' lang='lat' dir='ltr'><strong>ba-</strong></span> 
     </span>
    </p>
   </div>
   <div class='ocr_carea' id='block_1_112' title="bbox 915 2792 1696 2828">
    <p class='ocr_par' dir='ltr' id='par_1_112' title="bbox 915 2792 1696 2828">
     <span class='ocr_line' id='line_1_112' title="bbox 915 2792 1696 2828; baseline 0.005 -10"><span class='ocrx_word' id='word_1_795' title='bbox 915 2792 1040 2825; x_wconf 72' lang='lat' dir='ltr'><strong>ptismum</strong></span> <span class='ocrx_word' id='word_1_796' title='bbox 1066 2793 1091 2819; x_wconf 88' lang='lat' dir='ltr'><strong>in</strong></span> <span class='ocrx_word' id='word_1_797' title='bbox 1115 2795 1243 2820; x_wconf 85' lang='lat' dir='ltr'><strong>oratoriis</strong></span> <span class='ocrx_word' id='word_1_798' title='bbox 1261 2794 1334 2827; x_wconf 82' lang='lat' dir='ltr'><strong>linnt,</strong></span> <span class='ocrx_word' id='word_1_799' title='bbox 1353 2801 1411 2828; x_wconf 65' lang='lat' dir='ltr'><strong>quae</strong></span> <span class='ocrx_word' id='word_1_800' title='bbox 1430 2800 1492 2822; x_wconf 90' lang='lat' dir='ltr'><strong>sunt</strong></span> <span class='ocrx_word' id='word_1_801' title='bbox 1515 2795 1541 2822; x_wconf 88' lang='lat' dir='ltr'><strong>in</strong></span> <span class='ocrx_word' id='word_1_802' title='bbox 1558 2795 1696 2823; x_wconf 77' lang='lat' dir='ltr'><strong>dentibus.</strong></span> 
     </span>
    </p>
   </div>
   <div class='ocr_carea' id='block_1_113' title="bbox 915 2836 1697 2872">
    <p class='ocr_par' dir='ltr' id='par_1_113' title="bbox 915 2836 1697 2872">
     <span class='ocr_line' id='line_1_113' title="bbox 915 2836 1697 2872; baseline 0.005 -10"><span class='ocrx_word' id='word_1_803' title='bbox 915 2836 947 2863; x_wconf 83' lang='lat' dir='ltr'><strong>Et</strong></span> <span class='ocrx_word' id='word_1_804' title='bbox 960 2837 1009 2863; x_wconf 89' lang='lat' dir='ltr'><strong>hoc</strong></span> <span class='ocrx_word' id='word_1_805' title='bbox 1022 2836 1137 2864; x_wconf 74' lang='lat' dir='ltr'><strong>exolevit</strong></span> <span class='ocrx_word' id='word_1_806' title='bbox 1160 2843 1268 2872; x_wconf 84' lang='lat' dir='ltr'><strong>propter</strong></span> <span class='ocrx_word' id='word_1_807' title='bbox 1283 2838 1363 2865; x_wconf 83' lang='lat' dir='ltr'><strong>aliam</strong></span> <span class='ocrx_word' id='word_1_808' title='bbox 1388 2839 1519 2867; x_wconf 81' lang='lat' dir='ltr'><strong>rationem</strong></span> <span class='ocrx_word' id='word_1_809' title='bbox 1537 2847 1568 2867; x_wconf 79' lang='lat' dir='ltr'><strong>ex</strong></span> <span class='ocrx_word' id='word_1_810' title='bbox 1588 2838 1697 2867; x_wconf 83' lang='lat' dir='ltr'><strong>Novella</strong></span> 
     </span>
    </p>
   </div>
   <div class='ocr_carea' id='block_1_114' title="bbox 915 2881 1697 2920">
    <p class='ocr_par' dir='ltr' id='par_1_114' title="bbox 915 2881 1697 2920">
     <span class='ocr_line' id='line_1_114' title="bbox 915 2881 1697 2920; baseline 0.008 -12"><span class='ocrx_word' id='word_1_811' title='bbox 915 2881 1017 2910; x_wconf 88' lang='lat' dir='ltr'><strong>domini</strong></span> <span class='ocrx_word' id='word_1_812' title='bbox 1042 2881 1141 2910; x_wconf 80' lang='lat' dir='ltr'><strong>Leonis</strong></span> <span class='ocrx_word' id='word_1_813' title='bbox 1158 2883 1332 2920; x_wconf 79' lang='lat' dir='ltr'><strong>Philosophi.</strong></span> <span class='ocrx_word' id='word_1_814' title='bbox 1347 2893 1426 2920; x_wconf 78' lang='lat' dir='ltr'><strong>quum</strong></span> <span class='ocrx_word' id='word_1_815' title='bbox 1441 2886 1520 2914; x_wconf 79' lang='lat' dir='ltr'><strong>etiam</strong></span> <span class='ocrx_word' id='word_1_816' title='bbox 1540 2887 1566 2914; x_wconf 92' lang='lat' dir='ltr'><strong>in</strong></span> <span class='ocrx_word' id='word_1_817' title='bbox 1579 2885 1697 2915; x_wconf 84' lang='lat' dir='ltr'><strong>diverso-</strong></span> 
     </span>
    </p>
   </div>
  </div>
