1905 3083
168 187 220 219 271

809 178 948 208 TIIEOD.
969 175 1171 206 BALSAMON

1741 167 1798 199 9'12

172 251 231 270 rum
248 247 382 270 canonum
398 235 665 275 iuterprelationilms
689 234 768 262 sitam
795 233 869 268 legas
896 232 968 262 νιιιν

1042 231 1183 265 πείσματα
1197 230 1237 262 εἰς
1253 229 1286 256 τὰ
1300 229 1361 256 κατ’
1371 227 1445 255 οἶκον
1460 227 1602 262 εὗκτὴρια.
1634 224 1690 252 Καὶ
1715 223 1800 250 τοῦτο

171 290 221 316 lem
226 309 233 316 .

207 417 331 446 ZONAR.
349 416 398 444 Hic
412 416 491 443 etiam
508 415 540 442 de
557 413 720 441 continentia
735 419 838 445 eorum,
852 410 897 445 qui
911 417 957 438 sa-

176 466 230 493 cris
254 464 349 491 initiati
378 467 453 496 sunt,
475 461 509 488 ab
532 468 646 488 uxorum
665 466 774 487 suorum
792 457 957 486 commercio

171 512 267 539 Patres
293 511 452 537 decernunt.
483 506 621 541 Episcopis
643 513 717 538 ergo.
745 503 910 538 presbyteris
927 507 956 530 et

171 557 295 585 diaconis
321 555 354 582 ab
367 555 407 582 eis
420 553 608 581 abstinendum
623 559 683 579 esse
697 550 871 585 precipiunt;
887 556 918 576 ac
933 548 956 576 si

172 603 218 636 qui
237 606 328 630 contra
339 600 419 636 607
435 599 548 627 fecerint
560 597 726 632 depositione
739 595 900 630 puniendos.
916 595 956 621 Ab

173 649 233 676 aliis
248 655 312 675 vero
329 646 436 673 clericis
451 651 618 679 nequaquam
642 643 668 670 id
694 642 823 674 exigunt;
846 640 894 668 sed
924 640 957 667 ab

174 699 334 727 unoquoque
359 690 480 718 ecclesia:
505 696 560 716 suae
585 688 808 715 consuetudinem
827 687 853 713 in
871 694 903 713 ea
930 692 959 712 re

177 740 279 768 servari
302 739 404 772 iubent.
427 727 514 771 Atque
540 735 582 762 hic
606 741 714 770 quoque
737 733 958 761 consuetudinem

175 789 228 813 vlm
250 785 316 820 legis
332 784 455 810 obtinere
479 782 703 808 animadvertere.
730 778 768 807 De
789 777 958 811 continentia

174 839 254 867 porro
269 839 283 857 a
301 828 420 864 propriis
435 828 564 854 uxoribus
577 826 720 857 servanda,
739 832 773 852 ne
786 831 846 851 cum
865 823 898 851 iis
911 829 960 858 per

176 884 281 912 tempus
294 875 401 910 aliquod
420 873 583 901 conveniens
598 879 654 899 rem
671 870 805 903 habeant,
818 870 864 904 qui
881 876 959 896 sacra

177 908 302 954 tractant,
316 908 412 948 tertius
425 919 545 945 decimus
562 921 646 944 sextae
662 915 770 951 synodi.
784 915 848 950 quin
863 919 890 941 et
907 919 960 941 ter-
975 908 997 937 Β

178 969 230 995 tius
245 966 364 1002 Di0nysii
380 961 559 993 Alexandrini
572 961 770 997 archiepiscopi
786 967 883 994 canon,
897 959 962 987 ube-

177 1015 234 1042 rius
247 1014 393 1042 disserunt.

159 1144 290 1172 -ARIST.
313 1153 322 1169 ι
344 1141 487 1178 Episcopi,
507 1139 676 1176 presbyteri.
702 1143 729 1167 et
745 1138 851 1167 diaconi
868 1146 882 1166 a
903 1145 965 1173 pro-

216 1200 228 1216 πε
249 1190 314 1224 priis
331 1187 461 1215 uxoribus
479 1186 640 1217 abstineant.
654 1185 695 1212 vel
715 1184 809 1212 ordine
834 1183 967 1210 ecclesia-

218 1245 227 1262 ι
246 1236 314 1263 stico
330 1235 528 1261 dimoveantur.
540 1231 645 1265 Reliqui
661 1238 725 1257 vero
738 1230 829 1257 clerici
847 1229 880 1255 ad
896 1229 965 1256 idem

218 1291 228 1308 ι
248 1289 281 1309 ne
294 1279 493 1315 compellantur
504 1287 516 1306 ε
533 1279 579 1306 scd
595 1277 761 1304 consuctudo
775 1276 960 1304 observetur.»

216 1372 266 1400 Hic
289 1379 376 1400 canon
393 1371 425 1398 de
440 1370 566 1397 omnibus
581 1369 640 1397 sine
655 1369 827 1396 distinctione
852 1367 944 1394 statuit
957 1386 966 1399 ,

181 1420 327 1454 epierpis,
346 1417 522 1452 presbyteris.
542 1421 569 1443 et
589 1415 711 1443 diaconis
739 1414 887 1442 secundum
901 1421 966 1449 pro—

182 1466 238 1501 pria
257 1470 379 1499 tempora
401 1471 415 1490 a
429 1463 485 1490 suis
499 1462 636 1490 abstinere
651 1461 788 1488 uxoribus.
805 1462 840 1486 At
862 1459 966 1486 duode-

181 1513 269 1540 cirmus
286 1516 371 1538 sextae
384 1510 409 1535 in
425 1508 518 1535 Trnllo
540 1508 635 1542 synodi
656 1515 742 1534 canon
757 1506 891 1541 episcopis
913 1512 967 1532 non

182 1557 324 1592 permittit,
342 1558 486 1590 postluam
505 1554 538 1580 ad
561 1554 744 1588 episcopatum
770 1552 887 1578 ordinati
906 1550 966 1577 fue-

182 1608 255 1634 runl,
282 1609 341 1628 cum
367 1601 424 1627 suis
440 1600 571 1626 uxoribus
594 1599 750 1626 cohabitare
769 1617 776 1630 ,
793 1605 826 1624 ne
838 1597 966 1624 olfensio-

184 1657 244 1676 nem
260 1652 287 1674 et
309 1646 464 1674 scandalum
480 1645 578 1671 exitude
592 1643 696 1678 populis
711 1643 817 1670 darent.
842 1642 877 1668 At
897 1643 970 1675 ejus-

185 1695 245 1721 dem
261 1693 355 1729 synodi
374 1699 460 1719 canon
480 1690 512 1717 l5
533 1691 642 1717 mandat
658 1689 822 1724 presbyteris
840 1693 867 1715 et
881 1688 972 1715 diaco-

186 1739 242 1771 nis,
260 1746 319 1764 cum
334 1736 502 1764 ordinatione
519 1735 667 1762 habeantur
682 1734 766 1768 digni,
790 1741 805 1760 a
831 1733 887 1760 suis
906 1739 972 1759 uxo-

185 1785 260 1813 ribus
287 1784 413 1811 secedere
444 1790 498 1809 non
524 1781 661 1817 proﬁteri;
689 1780 918 1816 quemadmodum
944 1779 971 1807 in

186 1832 367 1859 Romanorum
392 1830 510 1857 Ecclesia
527 1829 639 1857 canonis
654 1829 688 1856 ad
710 1829 797 1855 instar
814 1827 878 1854 illud
901 1826 973 1853 obti-

186 1883 281 1906 atterat
297 1877 361 1905 :sed
379 1884 437 1904 cum
454 1876 486 1904 iis
502 1876 637 1909 habitare,
651 1880 678 1902 et
695 1880 784 1901 mutua
798 1872 971 1901 couvenienti

187 1931 309 1958 tempore
322 1922 528 1950 conversatione
545 1929 598 1949 non
616 1921 727 1956 privari.
752 1919 902 1946 Prawalenl
924 1918 975 1945 ita-

185 1978 238 2005 que
258 1970 301 1997 isli
324 1976 453 2002 canones,
469 1974 495 1996 et
512 1968 657 1995 secundum
681 1974 728 1994 eos
751 1965 870 1992 Ecclesia
894 1963 975 1992 hodie

187 2015 365 2050 gubernatur.

450 2141 563 2170 CANON
582 2141 626 2168 LX
633 2140 699 2168 XIV.

192 2202 199 2215 ι
222 2191 257 2218 De
274 2191 317 2223 iis,
334 2190 379 2225 qui
397 2189 520 2224 proprios
543 2187 655 2222 populos
677 2185 843 2220 relinquunt.
870 2185 977 2214 Rursus

227 2247 236 2262 ι
258 2237 368 2271 placuit,
384 2240 411 2261 ut
425 2233 492 2260 nulli
504 2233 584 2259 liceat
595 2232 734 2266 episcopo,
746 2231 838 2259 relicta
850 2239 898 2258 sua
913 2233 977 2259 sede

226 2293 235 2308 ι
256 2281 409 2318 principali.
437 2280 471 2306 ad
498 2279 615 2312 aliquam
639 2278 783 2305 ecclesiam
813 2279 840 2305 in
867 2278 976 2305 dioecesi

226 2339 235 2355 ι
255 2329 429 2355 constitutam
446 2325 564 2359 seipsum
578 2324 714 2358 conferre;
730 2324 770 2352 vel
781 2325 814 2351 de
829 2332 857 2352 rc
868 2325 977 2359 propria

229 2385 238 2401 ι
258 2376 398 2410 plusquam
412 2377 517 2408 oportet
528 2372 654 2405 sollicito,
668 2372 783 2407 propriae
797 2372 870 2400 sedis
885 2379 977 2398 curam

227 2432 237 2447 ι
256 2425 283 2448 et
300 2419 506 2448 sollicitudinem
523 2418 668 2453 negligere.
686 2427 695 2443 ι

193 2569 196 2574 ’
228 2564 325 2591 BALS.
341 2564 453 2597 Quidam
464 2564 582 2600 episcopi
598 2571 660 2591 suas
673 2562 824 2597 primitivas
835 2563 979 2590 cathedras

194 2611 386 2644 relinquentes,
407 2610 433 2637 in
447 2610 550 2644 aliquas
567 2609 634 2636 alias
649 2608 779 2635 ecclesias
799 2608 980 2642 parmciarum

192 2658 225 2684 ad
238 2664 267 2684 se
282 2657 485 2691 pertinentium,
501 2663 559 2690 qua:
570 2659 644 2682 erant
659 2654 728 2681 forte
749 2654 834 2689 magis
845 2654 982 2688 populosae

193 2709 239 2730 aut
257 2703 366 2738 majoris
384 2702 518 2733 redditus,
534 2708 563 2727 se
589 2699 778 2731 conferebant,
790 2705 817 2727 et
833 2700 888 2727 illic
905 2701 982 2728 sede-

194 2751 267 2778 bant.
285 2749 446 2776 Statuerunt
458 2755 523 2782 ergo
546 2746 649 2777 Patres,
670 2746 737 2774 nulli
762 2746 844 2774 licere
861 2748 912 2774 hoc
937 2746 980 2773 l‘a-

196 2804 258 2824 cere
278 2804 284 2822 :
299 2796 345 2824 sed
364 2803 451 2830 neque
467 2793 568 2829 proprii
584 2793 682 2828 negotii
696 2794 782 2828 gratia
797 2793 937 2820 discedere
949 2793 984 2820 ab

195 2850 237 2875 ca,
255 2849 314 2876 quae
329 2841 403 2867 illum
419 2840 463 2866 diu
478 2838 575 2866 sortita
594 2843 646 2871 est,
666 2843 693 2865 et
705 2838 745 2865 sic
761 2837 894 2873 populum
911 2838 983 2865 assi-

196 2889 247 2916 due
263 2887 374 2916 docendi
398 2893 491 2914 curam
517 2893 569 2927 non
591 2892 695 2921 gerere.
714 2885 747 2913 Et
766 2885 794 2913 in
809 2884 852 2912 his
867 2885 980 2920 quidem

1007 275 1169 310 ἡπράκτησε
1185 275 1218 302 δι’
1234 275 1327 311 ἕτερον
1349 274 1427 308 λόγον
1444 274 1498 300 ἀπὸ
1513 273 1623 308 Νεαρᾶς
1644 270 1691 297 τοῦ
1721 269 1802 303 φιλοο

1009 321 1091 356 σόφου
1105 321 1188 357 κυροῦ
1199 320 1324 352 Λέοντος,
1342 320 1376 355 ἢν
1401 321 1447 346 καὶ
1469 318 1607 353 ἀνάγνωθι
1637 323 1800 351 καταστρω-

1009 367 1101 394 θεῖσαν
1115 367 1144 393 ἐν
1164 365 1322 401 ἑρμηνείαις
1337 364 1472 398 διαφόρων
1487 363 1619 390 κανόνων.

1044 413 1169 440 ΖΩΝᾹΡ.
1188 410 1334 438 Κάνταῦθα
1349 411 1372 436 οἰ
1394 409 1514 444 ιιατέρες
1526 406 1600 435 οὗτοι
1613 408 1678 442 περὶ
1693 408 1799 441 ἐγκρα-

1009 458 1084 489 τείας
1105 457 1154 492 τῆς
1183 457 1251 491 πρὸς
1271 456 1321 487 τὰς
1338 454 1443 482 ἑαυτῶν
1465 454 1590 488 γαμετὰς
1607 453 1801 479 διατάττοντοιι

1009 504 1064 533 τοῖς
1079 503 1250 538 ίερωμένοις,
1263 501 1310 528 καί
1332 509 1398 535 φασι
1414 501 1468 527 δεῖν
1482 502 1546 532 τοὺς
1568 499 1734 530 ἐπισκόπους
1752 498 1804 525 καὶ

1009 549 1212 585 πρεσὸυτέρους
1226 548 1273 574 καὶ
1287 548 1430 578 διακόνους
1443 546 1595 581 ἀπέχεσθαι
1610 546 1658 573 καὶ
1683 547 1716 572 ἐκ
1744 545 1804 571 τῶν

1010 596 1082 622 ἰδίων
1097 595 1223 629 γαμετῶν
1236 593 1311 621 κατὰ.
1321 594 1383 624 τοὺς
1404 593 1484 624 ἰδίους
1509 593 1599 628 ὅρους,
1624 592 1708 627 ἧγουν
1729 590 1804 617 κατὰ

1008 642 1057 673 τὰς
1070 641 1225 676 ὡρισμένας
1238 640 1346 676 ἡμέρας
1358 639 1406 674 τῆς
1418 639 1532 666 ἑκάστου
1552 637 1715 673 ἐφημερίας,
1736 637 1805 666 τοὺς

1009 688 1037 715 δὲ
1068 688 1105 723 μὴ
1131 687 1208 714 τοῦτο
1230 686 1372 718 ποιοῦντας
1401 685 1600 720 καθαιρεῖσθαι.
1632 685 1723 719 Ὅπερ
1737 684 1805 714 τοὺς

1009 733 1119 765 λοιποὺς
1141 733 1289 768 κληρικοίλς
1314 732 1536 767 παραφυλάττειν
1557 731 1607 757 οὐκ
1642 730 1804 761 ἀπαιτοῦσι,

1011 780 1098 807 ποιεῖν
1127 779 1149 806 δ’
1168 779 1288 810 ἐκείνους
1301 778 1419 814 ὁρίζουσι
1441 779 1511 805 κατὰ
1524 777 1571 812 τὴν
1590 776 1639 811 τῆς
1653 776 1806 810 ἐκκλησίας

1011 827 1039 852 ἐν
1093 826 1206 857 ἕκαστος
1225 824 1426 861 ἐχειροτονήθη.
1444 824 1599 859 συνήθειαν.
1616 823 1688 857 Ὀρα
1711 823 1807 849 τοίνυν

1012 872 1150 900 κάνταῦθα
1164 872 1193 898 τὸ
1211 871 1271 903 ἐθος
1293 871 1331 903 ὡς
1345 871 1425 905 νόμον
1443 870 1570 905 κρατοῦν.
1596 870 1652 897 Καὶ
1676 871 1689 896 ὸ
1717 873 1752 903 ιτ
1775 869 1806 895 δὲ

1011 918 1100 946 κανὼν
1114 918 1164 951 τῆς
1177 918 1259 953 ἕκτης
1284 916 1393 943 συνόδου
1416 915 1581 951 πλατύτερον
1601 915 1712 948 διέξεισι
1738 915 1807 950 περὶ

1011 964 1061 999 τῆς
1080 963 1241 998 ἐγκρατείας
1266 962 1319 989 τῶν
1345 962 1418 988 ἰδίων
1448 961 1586 996 γαμετῶν,
1618 960 1688 987 ὥστε
1714 961 1808 988 αὑτὼν

1012 1010 1160 1045 ἀπέχεσθαι
1184 1009 1255 1036 κατὰ
1285 1007 1331 1035 τὸν
1346 1007 1441 1042 καιρὸν
1463 1007 1508 1034 τὸν
1544 1006 1719 1041 προσήκοντα
1740 1007 1808 1037 τοὺς

1012 1048 1194 1092 ψηλαφῶντας
1208 1055 1241 1082 τὰ
1257 1054 1333 1089 ἅγια,
1349 1054 1420 1080 ἀλλὰ
1433 1053 1480 1080 καὶ
1495 1053 1509 1079 ὁ
1523 1045 1554 1087 ’γ’
1577 1052 1668 1079 κανὼν
1688 1051 1736 1078 τοῦ
1757 1052 1810 1088 ἀρ-

1013 1101 1189 1136 χιεπισκόπου
1208 1099 1408 1135 Ἀλεξανδρείας
1427 1098 1590 1125 Διονουσίου.

1014 1146 1127 1173 ΔΡΙΣΤ.
1148 1155 1157 1172 ι
1176 1146 1346 1177 Ἑπίσκοποι,
1363 1144 1546 1180 πρεσϐύτεροι
1558 1144 1605 1170 καὶ
1619 1143 1739 1171 διάκονοι
1751 1144 1809 1171 τῶν

1054 1201 1063 1217 t
1088 1191 1160 1218 ἰδίων
1176 1191 1304 1225 γαμετῶν
1322 1190 1531 1225 άπεχέσθωσαν,
1546 1190 1563 1225 ἢ
1582 1189 1633 1220 τῖες
1654 1189 1808 1224 ἐκκλησια-

1054 1246 1063 1262 Ι
1088 1237 1183 1271 στικῆς
1208 1236 1442 1263 ἀποκινείσθωσαν
1464 1236 1579 1268 τάξεως.
1607 1237 1638 1262 Ol
1663 1236 1755 1262 λοιποὶ
1779 1235 1809 1262 δὲ

1053 1292 1066 1308 ι
1088 1283 1214 1319 κληρικοὶ
1225 1283 1293 1318 πρὸς
1306 1283 1385 1309 τοῦτο
1402 1282 1439 1318 μὴ
1456 1282 1707 1317 ἀναγκαζέσθωσαν
1719 1289 1726 1297 °
1746 1281 1808 1308 ἀλλ’

1054 1336 1065 1353 ε
1087 1328 1103 1362 ἡ
1122 1327 1248 1362 συνήθεια
1265 1326 1452 1361 φυλαττέσθω.
1471 1336 1481 1352 ι

1052 1369 1136 1403 οὗτος
1149 1373 1163 1398 ὁ
1177 1370 1267 1398 κανὼν
1282 1373 1346 1407 περὶ
1363 1372 1473 1399 πάντων
1489 1372 1672 1403 ἀδιαστίκτως
1696 1372 1811 1398 διατάτ-

1017 1426 1104 1450 τεται,
1121 1417 1288 1451 ἐπισκόπων,
1307 1418 1500 1453 πρεσδυτὲρων
1514 1419 1562 1445 καὶ
1580 1420 1724 1451 διακόνων,
1738 1418 1812 1445 κατὰ

1020 1463 1083 1495 τοὺς
1098 1463 1179 1495 ἰδίους
1191 1464 1281 1498 ὄρους,
1303 1463 1356 1490 τῶν
1374 1463 1447 1490 ἰδίων
1460 1464 1612 1498 ἀπέχεσθαι
1627 1464 1758 1498 γαμετῶν
1769 1473 1776 1480 ·
1795 1465 1810 1491 ό

1018 1508 1046 1535 δέ
1059 1508 1208 1539 δωδέκατος
1227 1506 1317 1534 κανὼν
1332 1508 1380 1543 τῆς
1405 1509 1433 1535 ἐν
1454 1508 1491 1543 τῷ
1506 1509 1734 1547 Τρούλλῳβκτης
1748 1519 1814 1536 συν-

1019 1554 1078 1581 όδου
1093 1554 1123 1580 οὐ
1141 1555 1279 1589 συγχωρεῖ
1293 1554 1346 1584 τοῖς
1365 1555 1523 1586 ἐπισκόποις
1538 1556 1608 1590 μετὰ
1639 1556 1690 1592 τὴν
1707 1556 1811 1591 προελ-

1022 1599 1122 1625 θοῦσαν
1145 1598 1188 1624 ἐπ’
1205 1599 1298 1629 αὐτοῖς
1321 1600 1369 1633 τῆς
1387 1599 1541 1633 ἐπισκοπῆς
1560 1601 1732 1634 χειροτονίαν
1750 1602 1814 1632 sai;

1024 1645 1104 1676 ἰδίαις
1125 1644 1260 1671 συνοικεῖν
1277 1645 1430 1679 γαμεταῖς’
1450 1644 1494 1671 ῖνα
1516 1645 1552 1680 μὴ
1570 1646 1742 1681 πρόσκομμα
1755 1648 1813 1677 τοῖς

1021 1690 1096 1720 λαοῖς
1118 1689 1244 1716 ἐντεῦθεν
1265 1687 1316 1716 ὦσι
1338 1682 1458 1721 τίθέντες
1482 1692 1530 1718 καὶ
1554 1691 1716 1719 σκάνδαλον.
1738 1693 1768 1719 Ὀ
1785 1693 1813 1719 δέ

1021 1735 1248 1771 τρισκαιδέκατος
1262 1735 1312 1769 τῆς
1326 1736 1412 1770 αὐτῆς
1428 1736 1537 1762 συνόδου
1562 1736 1653 1763 κανὼν
1668 1738 1812 1772 προστάτ-

1022 1790 1062 1809 τει
1085 1783 1147 1814 τοὺς
1169 1782 1375 1818 πρεσϐυτέρους
1399 1782 1446 1809 καὶ
1461 1783 1604 1814 διακόνους
1628 1783 1666 1819 μὴ
1689 1783 1814 1819 καθομο-

1023 1826 1124 1861 λογεῖν,
1137 1827 1167 1854 ἐν
1177 1827 1217 1861 τῷ
1233 1826 1376 1860 ἀξιοῦσθαι
1390 1827 1441 1861 τῆς
1462 1821 1642 1862 χειροτονίας,
1659 1828 1715 1854 τῶν
1739 1829 1812 1855 ἰδίων

1024 1872 1192 1907 ἀφίστασθαι
1217 1873 1357 1908 γαμετῶν,
1370 1872 1461 1905 καθὼς
1481 1874 1509 1900 ἐν
1527 1875 1559 1910 τῇ
1583 1874 1733 1909 Ῥωμαίων
1751 1873 1813 1901 ἐκ-

1024 1917 1124 1953 κλησίᾳ
1139 1919 1169 1944 ἐν
1183 1917 1258 1949 τάξει
1278 1918 1390 1950 κανόνος
1405 1919 1485 1945 τοῦτο
1499 1919 1645 1954 ἐκράτησε·
1660 1919 1733 1946 άλλά
1747 1927 1812 1946 συν-

1025 1964 1111 1989 οικεῖν
1139 1963 1246 1995 αὐταῖς,
1277 1964 1324 1990 καὶ
1358 1964 1396 1999 μὴ
1419 1963 1630 1999 ἀποστερεῖσθαι
1663 1966 1714 2000 τῆς
1746 1966 1815 2001 πρὸς

1024 2010 1157 2045 ἀλλήλους
1184 2010 1256 2037 κατὰ.
1281 2010 1378 2046 καιρὸν
1409 2010 1456 2037 τὸν
1484 2011 1657 2046 προσήκοντα
1691 2011 1813 2046 ὁμιλίας.

1026 2055 1181 2090 Κρατοῦσιν
1194 2055 1240 2082 οὖν
1255 2056 1281 2082 οἰ
1298 2057 1415 2089 κανόνες
1434 2057 1546 2089 ἐκεῖνοι,
1564 2056 1613 2083 καὶ
1633 2057 1695 2083 κατ’
1713 2058 1814 2089 αὐτοὺς

1027 2101 1146 2136 σήμερον
1156 2101 1174 2137 ἡ
1198 2101 1345 2137 Ἐκκλησία
1360 2102 1544 2130 πολιτεύεται.

1326 2148 1443 2176 ΚΛΝΩΝ
1463 2147 1521 2177 ΟΔ’.

1031 2201 1040 2218 ι
1059 2192 1126 2228 Περὶ
1146 2192 1201 2219 τῶν
1221 2193 1283 2224 τοὺς
1305 2193 1386 2225 ἰδίους
1401 2194 1483 2225 λαοὺς
1501 2195 1816 2230 ἐγκαταλιμπανόντων.

1067 2248 1075 2264 ι
1099 2238 1183 2264 Πάλιν
1203 2239 1314 2274 ἤρεσεν,
1327 2239 1399 2266 ὥστε
1426 2241 1523 2275 μηδενὶ
1537 2242 1640 2274 ἐξεῖναι
1658 2242 1817 2278 ἐπισκόπψ,

1066 2293 1076 2310 ‹
1097 2284 1327 2321 καταλειφθείσης
1356 2286 1406 2321 τῆς
1449 2287 1610 2323 αὑθεντικῆς
1637 2289 1722 2316 αὐτοῦ
1750 2289 1819 2318 καθ-

1067 2339 1077 2355 (
1100 2330 1189 2365 έδρας,
1207 2332 1274 2366 πρός
1293 2340 1352 2358 τινα
1375 2332 1525 2367 ἐκκλησίαν
1555 2335 1584 2362 ἐν
1600 2335 1736 2371 διοικήσει
1750 2337 1818 2364 καθ.

1067 2385 1076 2401 ι
1098 2376 1222 2403 εστῶσαν
1266 2377 1362 2404 ἑαυτὸν
1399 2379 1548 2415 ἀποφέρειν
1571 2387 1579 2396 ⁸
1606 2381 1623 2416 ἢ
1657 2383 1687 2408 ἐν
1722 2384 1817 2418 οἰκείῳ

1067 2431 1077 2448 ‹
1100 2422 1254 2457 πράγματι,
1269 2422 1338 2458 ὑπὲρ
1351 2423 1364 2449 ὃ
1378 2423 1564 2458 χρὴ,ἐπιπολὺ
1579 2426 1818 2463 άπασχολουμένῳ

1069 2477 1078 2494 ι
1099 2468 1210 2504 ἀμελεῖν
1235 2469 1285 2503 τῆς
1311 2470 1451 2504 φροντίδος
1470 2470 1520 2496 καὶ
1539 2471 1590 2503 τῆς
1614 2473 1757 2507 συνεχείας
1772 2474 1820 2501 τοῦ

1070 2523 1079 2540 ι
1106 2514 1171 2540 ἰδίου
1185 2514 1292 2549 Θρόνου.
1315 2524 1325 2541 ι

1066 2560 1165 2586 ΒΑΛΣ.
1193 2560 1272 2591 Τινὲς
1297 2560 1456 2594 ἐπίσκοποι,
1483 2563 1742 2599 καταλιμπάνοντες
1771 2568 1820 2599 τὰς

1032 2605 1226 2641 πρωτοτύπους
1236 2606 1369 2641 καθέδρας
1384 2608 1484 2640 αὐτῶν,
1495 2609 1656 2644 ἀπήρχοντο
1669 2614 1716 2638 καὶ
1728 2621 1818 2650 προσ-

1033 2652 1168 2687 εκάθηντο
1199 2652 1240 2684 εἰς
1265 2661 1341 2684 τινας
1367 2654 1464 2689 ἐτέρας
1490 2655 1640 2690 ἐκκλησίας
1667 2660 1823 2694 παροιχιῶν

1033 2699 1192 2733 άνηκουσὼν
1217 2700 1328 2732 αὐτοῖς,
1344 2701 1625 2737 πολυανθρωποτέρα;
1650 2704 1717 2736 ἴσως
1739 2706 1823 2738 οὔσας

1034 2746 1050 2780 ἢ
1076 2749 1124 2774 και
1151 2747 1420 2782 πολυεισοδωτέρας·
1448 2747 1552 2783 ὥρισαν
1579 2747 1626 2776 οὖν
1652 2751 1678 2776 οἰ
1702 2752 1823 2788 Πατέρες

1037 2793 1131 2829 μηδενὶ
1148 2794 1292 2830 ἐπισκόπῳ
1316 2794 1417 2827 ἐξεῖναι
1445 2796 1525 2822 τοῦτο
1554 2797 1655 2830 ποιεῖν,
1669 2797 1740 2824 ἀλλα
1756 2800 1823 2832 μηόε

1035 2841 1115 2875 χάριν
1136 2840 1293 2872 ὑποθέσεως
1319 2842 1424 2873 οἰκείας
1450 2842 1692 2878 ἀπολιμπάνεσθαι
1721 2845 1755 2870 ἐκ
1776 2844 1825 2878 τῆς

1036 2886 1173 2922 λαχούσης
1200 2887 1280 2914 αὐτὸν
1298 2887 1341 2914 ἐπὶ
1357 2887 1438 2921 πολὺ,
1458 2890 1506 2916 καὶ
1535 2889 1623 2922 οὕτως
1649 2891 1763 2927 ἀμελεῖν
1776 2890 1827 2918 τοῦ
