1905 3083
187 148 240 179 9.75

822 154 964 185 THEOD.
987 154 1192 186 BALSAMON

1763 155 1817 187 9.76

186 209 284 244 quibus
301 209 366 237 nulli
381 209 533 244 peculiares
547 210 667 246 episcopi
684 211 781 246 prtclici
795 218 970 239 consuevere.

1068 214 1196 247 ικήσεων.
1215 213 1248 244 ἀς
1263 213 1311 239 καὶ
1330 213 1480 249 παροικίας
1492 214 1518 241 οι
1535 215 1648 247 κανόνες
1671 215 1815 244 καλοῦσιν.

185 257 269 289 Igitur
290 255 332 282 hic
356 263 442 283 canon
474 255 499 283 in
528 257 646 291 aliquam
674 258 806 293 ejusmodi
831 258 973 286 ecclesiam

184 301 338 334 episcopum
360 301 507 335 proﬁcisci,
526 310 557 329 ac
577 303 603 330 in
625 312 655 330 ea
676 304 764 338 populi
782 305 824 331 sui
845 311 908 332 cura
925 311 973 331 ne-

185 347 271 381 glecta
286 348 386 375 diutius
403 348 514 381 morari,
531 346 622 382 vetat;
638 351 683 377 sed
699 351 740 377 vel
757 351 783 377 in
798 357 829 378 ea
849 350 975 385 chorepi-

184 401 294 428 scopum
323 395 501 428 constituere,
513 396 554 422 vel
573 397 729 431 presbytero
751 397 973 431 procurationem

184 439 242 474 t-jns
263 440 313 467 loci
338 448 428 468 rerttm
445 442 582 473 mandare,
597 442 672 476 jubet
686 451 692 469 :
708 444 849 477 episcopos
864 450 928 470 vero
947 443 973 470 in

186 494 233 514 sna
253 494 388 522 quemque
402 488 516 515 ecclesia
533 489 701 516 continenter
721 489 875 522 obdurare,
891 497 922 516 ac
942 496 975 516 ne

184 532 286 567 proprii
302 533 410 568 quidem
422 534 520 568 negotii
538 535 668 562 tractandi
680 543 762 563 causa
773 535 884 567 diutius,
895 542 974 569 quam

185 587 233 613 par
250 584 291 606 est
305 580 411 612 ahcsse,
430 587 559 608 curamve
573 581 688 609 sollicite
705 582 730 608 in
749 581 898 615 episcopali
921 585 977 608 sta-

185 625 258 653 tione
280 627 476 661 permanendi,
506 628 688 663 populuntqtte
710 628 824 655 salutari
851 627 974 654 doctrina

183 673 351 700 infortnandi
364 695 371 707 ,
389 673 527 701 deserere.
546 674 634 710 Atque
649 675 714 702 illud
730 675 840 710 quidem
858 673 975 710 [diutius

184 727 263 753 quam
284 727 333 754 par
349 719 403 756 est]
422 720 472 748 hoc
486 720 545 748 loco
570 721 640 748 tntlla
654 721 907 758 circumscriptione
929 720 976 748 de-

185 765 297 792 ﬁnitur:
313 766 419 794 decimo
432 771 509 794 sexto
525 771 612 794 autem
627 774 733 794 canone
749 767 773 794 itt
792 767 890 802 templo
907 766 976 794 San-

183 817 288 839 ctorum
305 813 496 847 Apostolorum
520 813 618 841 habita:
633 814 740 849 synodi,
758 821 818 848 quae
834 813 920 848 prima
943 817 971 839 et

182 860 300 886 secunda
319 860 487 892 nominatur,
505 867 540 887 ne
553 859 623 886 nltra
639 864 771 888 Setnestrc
790 865 895 894 tempus
909 858 970 893 epi-

1027 259 1056 285 ἐν
1074 256 1119 290 αἷς
1139 259 1190 285 οὐκ
1205 258 1333 286 είώθασιν
1357 260 1500 288 ἐπίσκοποι
1515 261 1750 298 προχειρίζεσθαι.
1769 261 1818 297 Μὴ

1025 303 1071 332 οὖν
1087 306 1115 332 ὲν
1130 307 1244 344 τοιαύτῃ
1257 307 1391 342 ἐκκλησίᾳ
1409 308 1528 339 ἀπιέναι,
1545 308 1592 336 καὶ
1608 308 1752 344 χρονίζειν,
1770 308 1819 334 τὸν

1025 351 1175 378 ἐπίσκοπον
1197 354 1211 379 ό
1235 352 1326 380 κανὼν
1349 353 1535 385 διατάττεται,
1557 355 1605 381 καὶ
1631 354 1744 389 ἀμελεῖν
1769 354 1821 380 τοῦ

1025 399 1126 425 οἰκείου
1147 399 1231 426 λαοῦ·
1247 399 1306 427 ἀλλ’
1324 401 1382 427 ἐκεῖ
1407 401 1457 435 μὲν
1474 401 1490 436 ἢ
1509 401 1718 435 χωρεπίσκοπον
1746 401 1821 427 καθ-

1026 445 1147 479 ιστᾷν,ῆ
1170 445 1214 472 διὰ
1239 446 1427 481 πρεσϐυτέρου
1446 446 1581 474 ποιεῖσθαι
1607 446 1657 481 τὴν
1681 447 1822 481 διοίκησιν

1025 489 1078 516 τῶν
1100 490 1176 518 ἐκεῖ·
1199 492 1263 522 τοὺς
1285 491 1309 517 δ’
1322 491 1494 522 ἐπισκόπους
1510 492 1572 523 ταῖς
1589 491 1706 522 οίκείαις
1725 499 1818 525 προσ-

1027 537 1168 571 καρτερεῖν
1181 537 1349 572 ἐκκλησίαις.
1366 538 1414 564 καὶ
1431 537 1500 573 μηδὲ
1520 537 1554 564 δι’
1574 538 1675 564 οἰκεῖον
1696 538 1820 572 πρᾶγμα

1026 581 1201 617 ἀσχολεῖσθαι
1232 583 1303 619 ὑπὲρ
1331 583 1345 610 ὃ
1372 584 1435 619 χρὴ,
1453 585 1501 611 καὶ
1525 583 1678 619 ἀποδημεῖν
1696 584 1745 617 τῆς
1770 583 1822 610 τοῦ

1028 627 1095 654 ίδίου
1119 629 1216 664 χρόνου
1241 630 1395 664 συνεχείας,
1421 630 1480 666 ἤτοι
1505 630 1552 657 τοῦ
1579 630 1649 657 κο.τά
1674 630 1822 664 συνέχειαν

1026 673 1074 699 καὶ
1102 673 1260 705 ἀδιακόπως
1278 675 1450 710 παραμένειν
1474 676 1507 710 τῇ
1536 675 1589 710 ἰδίᾳ
1604 677 1756 710 ἐπισκοπῇ.
1773 677 1824 703 καὶ

1026 718 1164 746 διδάσκειν
1190 719 1235 746 τὸν
1264 719 1338 748 λαόν.
1358 721 1395 747 Τδ
1419 721 1459 752 δὲ,
1476 721 1547 756 ὑπὲρ
1575 721 1590 748 ὅ
1616 723 1680 756 χρὴ,
1696 721 1822 748 ἐνταῦθα

1028 764 1077 799 μὲν
1093 765 1228 800 ἀορίστως
1251 768 1340 793 κεῖται
1352 774 1359 781 '
1377 767 1405 793 ἐν
1418 767 1446 794 δὲ
1462 767 1501 801 τῷ
1517 767 1707 803 ἑκκαιδεκάτῳ
1723 768 1823 794 κανόνι

1026 811 1076 846 τῆς
1092 812 1121 837 ὲν
1144 812 1183 846 τῷ
1200 812 1256 847 ναῷ
1270 813 1324 839 τῶν
1356 813 1456 847 Ἀγίων
1478 813 1653 841 ’Λποστόλων
1679 814 1824 848 συστάσης

1028 857 1148 889 συνόδου,
1164 858 1213 892 τῆς
1232 858 1395 893 λεγομένης,
1410 858 1524 893 πρώτης
1539 858 1587 885 καὶ
1612 858 1754 893 δευτέρας,
1783 858 1825 893 μὴ

183 915 267 941 scopo
281 915 295 934 a
329 915 376 934 sua
392 907 456 935 sede
470 907 566 935 abesse
579 908 669 939 liceat,
683 907 766 934 divini
778 906 882 947 Patres,
894 913 972 940 pmna

1067 904 1107 930 ίον
1142 905 1236 940 μηνῶν
1268 904 1298 937 ἓξ
1325 905 1477 940 ἀποδημεῖν
1502 905 1549 931 τίιν
1584 905 1737 931 ἐπίσκοπον
1771 907 1824 939 τῆς

183 953 362 987 depositionis
391 953 541 988 proposita,
567 953 779 981 constituerunt.
804 952 972 980 Undecimus

184 1008 249 1028 vero
263 1000 370 1028 Sardic.
384 1001 479 1036 synodi
500 1008 598 1033 canon.
614 1001 725 1029 brevius
745 1000 834 1028 adhuc
852 1000 972 1034 spatium

183 1047 304 1082 episcopi
318 1047 460 1079 absentite,
482 1047 532 1074 nisi
557 1047 710 1074 necessaria
728 1053 809 1073 causa
827 1045 916 1080 aliqua
934 1045 974 1071 itt-

185 1093 315 1125 tercedat,
331 1097 359 1119 ut.
373 1101 405 1120 ex
422 1101 454 1120 eo
473 1093 544 1128 quod
568 1093 604 1121 ibi
632 1092 744 1120 aﬂ‘crtur
758 1092 883 1126 exemplo
899 1091 974 1118 colli-

183 1145 249 1172 gere
260 1144 313 1171 est,
327 1139 434 1166 \itletnr
448 1139 609 1174 prtelinisse.
641 1138 676 1166 De
690 1138 809 1166 discessu
827 1138 971 1171 episcopo—

184 1192 243 1211 rum
257 1192 271 1211 a
285 1184 343 1212 suis
355 1185 477 1212 ecclesiis
489 1189 612 1212 statuunt
622 1185 704 1212 etiam
717 1184 829 1212 diversa
843 1183 972 1215 Novella,

183 1238 243 1264 quae
257 1231 283 1258 in
302 1232 382 1259 tertio
397 1231 506 1258 Basilio.
523 1231 604 1263 libro,
619 1231 697 1258 titulo
713 1231 738 1263 ί,
757 1229 872 1258 diversis
886 1230 912 1257 in
929 1236 975 1257 ca-

185 1277 286 1311 pitibus
301 1278 485 1313 reperiuntur.

184 1409 295 1438 ARIST.
313 1419 321 1435 t
342 1409 436 1437 Visum
451 1414 503 1441 est,
522 1414 551 1436 ut
564 1410 655 1439 nullus
671 1410 815 1444 episcopus
830 1407 973 1443 principali

223 1466 230 1481 ι
251 1463 298 1483 sna
317 1456 410 1482 relicta
431 1456 506 1487 sede.
521 1456 548 1483 in
564 1456 644 1483 aliam
663 1463 692 1483 se
715 1455 855 1486 conferat,
876 1455 918 1481 vel
942 1455 975 1481 de

223 1512 231 1527 ι
255 1509 283 1529 re
302 1502 411 1536 propria
431 1502 574 1535 sollicitus,
592 1501 719 1529 thronum
735 1509 812 1529 suum
827 1500 972 1536 negligat.»

220 1595 278 1623 Non
295 1600 398 1622 tantum
415 1596 476 1629 hoc,
491 1603 505 1622 a
519 1595 629 1623 civitate
643 1596 675 1622 ad
691 1596 827 1624 civitatem
854 1596 973 1630 migrare
987 1581 1008 1608 θ

183 1643 350 1676 episcopum,
371 1642 487 1670 diversis
502 1643 653 1670 canonibus
672 1643 832 1677 prohibetur
850 1650 857 1669 :
880 1641 928 1670 sed
947 1646 975 1669 et

184 1688 259 1721 illud,
279 1694 349 1719 eam,
367 1696 427 1722 anc
450 1689 558 1723 proprie
576 1693 634 1716 erat
659 1696 673 1715 a
698 1688 832 1724 principio
847 1708 854 1720 ,
880 1689 976 1721 cathe-

185 1735 260 1761 dram
287 1734 409 1762 ecclesia:
432 1734 516 1770 ipsius
534 1735 698 1770 relinquere,
722 1740 750 1763 et
772 1735 806 1762 ad
828 1734 908 1762 aliam
929 1742 975 1762 ec-~

185 1781 295 1808 clesiam
311 1781 338 1808 itt
365 1781 459 1808 eadem
487 1782 605 1816 parmcia
637 1780 785 1814 transilire,
803 1786 831 1809 et
857 1782 884 1808 in
913 1788 973 1808 eam

187 1826 335 1853 transferre
355 1826 499 1859 honorem,
520 1827 563 1854 hic
584 1835 671 1854 canon
688 1834 740 1854 non
756 1827 899 1862 permittit.
923 1825 975 1854 Sed

187 1879 236 1898 nec
248 1871 273 1898 in
291 1879 320 1899 re
335 1872 444 1906 propria
458 1872 481 1899 ei
497 1872 556 1906 plus
565 1880 646 1907 quam
656 1876 765 1906 oportet
775 1872 890 1900 sollicito
902 1879 973 1905 esse,

185 1922 213 1944 cl
229 1925 321 1945 curant
338 1923 365 1945 et
382 1917 590 1946 instructionem
608 1918 698 1946 ooouli
713 1918 849 1954 negligere
867 1918 940 1946 licet.

407 2010 490 2046 609
503 2009 620 2038 CANON
641 2010 746 2038 LXXV.
760 2007 761 2010 “

189 2066 198 2082 t
221 2055 259 2084 De
272 2056 421 2084 infantibus
436 2057 482 2092 qui
500 2057 598 2084 debent
612 2056 756 2091 baptizari,
773 2056 881 2090 quoties
899 2056 931 2084 de
945 2056 977 2084 iis

223 2111 232 2128 ι
254 2103 392 2130 dubitatur
417 2110 451 2129 an
468 2103 595 2136 baptizati
610 2102 721 2130 fuerint.
737 2101 868 2130 Similiter
877 2101 977 2136 placuit

225 2159 234 2176 ι
259 2149 294 2177 de
317 2148 478 2183 intantibus,
495 2149 602 2184 quoties
627 2157 679 2176 non
706 2148 880 2176 inveniuntur
906 2148 976 2175 ﬁrmi

225 2208 233 2222 ι
256 2203 339 2226 testes
364 2198 408 2233 qtti
421 2204 467 2225 eos
481 2197 540 2225 sine
552 2195 738 2224 controversia
752 2195 904 2230 baptizatos
917 2202 977 2223 esse

1024 950 1129 981 οἰκείας
1145 951 1300 986 ἐπισκοπῆς
1312 951 1336 977 οἱ
1353 952 1382 978 ἐν
1410 951 1502 986 ἐκείνῃ
1520 951 1588 977 θεῖοι
1611 950 1735 985 Πατέρες
1749 950 1822 985 ὡρία-

1026 1006 1116 1028 σαντο,
1131 998 1161 1023 τὸ
1175 997 1197 1023 δ’
1212 997 1350 1032 ἐπιτίμιον
1377 996 1424 1024 τοῦ
1443 997 1481 1031 μὴ
1497 996 1543 1023 τὸν
1557 996 1658 1023 κανόνα
1674 996 1826 1030 φυλάττον-

1024 1051 1069 1074 τος
1085 1043 1244 1078 καθαίρεσίς
1261 1043 1343 1078 ἐστιν,
1365 1044 1394 1069 'O
1409 1046 1443 1069 ια’
1458 1042 1487 1069 δὲ
1513 1041 1602 1068 κανὼν
1619 1041 1669 1076 τῆς
1697 1042 1727 1068 ὲν
1749 1041 1824 1077 Σιρ-

1024 1089 1086 1125 δικῇ
1105 1089 1227 1122 συνόδου,
1245 1090 1277 1115 ἐκ
1289 1088 1335 1115 τοῦ
1351 1088 1574 1124 παραδείγματος
1601 1085 1632 1115 οὗ
1652 1087 1766 1122 ἐπάγει,
1781 1088 1825 1119 είς

1024 1136 1155 1163 ἐλάττονα
1167 1135 1263 1171 καιρὸν
1276 1135 1349 1162 ἔοικε
1363 1134 1520 1161 συστέλλειν
1533 1134 1582 1170 τὴν
1598 1133 1645 1160 τοῦ
1661 1133 1819 1160 ἐπισκόπου

1024 1180 1189 1215 ἀποδημίαν,
1206 1180 1231 1207 ει
1249 1181 1285 1215 μή
1310 1189 1352 1212 τις
1369 1179 1443 1213 αὐτῷ
1461 1179 1569 1213 ἀνάγκη
1586 1179 1736 1206 ἐπίκειται.
1754 1179 1825 1213 Περὶ

1028 1225 1183 1261 ἀποδημίας
1199 1225 1358 1253 ἐπισκόπων
1390 1226 1422 1251 ὲκ
1449 1224 1504 1250 τῶν
1528 1224 1638 1251 οίκείων
1663 1224 1825 1259 ἐκκλησιῶν

1025 1271 1211 1298 διατάττονται
1246 1272 1295 1299 καὶ
1329 1271 1451 1306 διάφοροι
1476 1269 1591 1305 Νεαραὶ,
1627 1270 1754 1305 κείμεναι
1782 1271 1824 1302 εἰς

1025 1316 1129 1352 βιϐλίον
1153 1317 1208 1344 τῶν
1223 1317 1376 1344 Βασιλικῶν
1397 1316 1500 1352 τρίτον,
1518 1316 1572 1343 τίς,
1588 1315 1625 1350 α’,
1638 1316 1667 1342 ὲν
1681 1317 1826 1352 διαφόροις

1025 1362 1192 1397 κεφαλαίοις.

1033 1411 1143 1438 ΑΡΙΣΤ.
1163 1420 1172 1436 ι
1200 1411 1292 1444 Ἔδοξε
1319 1411 1421 1446 μηδένα
1442 1410 1603 1442 ἐπίσκοπον,
1633 1409 1824 1437 καταλιπόντα

1065 1466 1075 1483 ι
1097 1457 1146 1493 τὴν
1164 1457 1329 1492 αὑθεντικὴν
1347 1458 1501 1492 καθέδραν,
1519 1457 1586 1492 πρὸς
1607 1457 1706 1491 ἑτέραν
1735 1465 1821 1491 μετα-

1065 1512 1073 1528 ι
1095 1505 1231 1540 χωρεῖν,ἢ
1245 1505 1274 1531 ὲν
1288 1504 1381 1538 οἰκείῳ
1394 1504 1538 1540 πράγματι
1551 1503 1765 1539 ἀσχολούμενον,
1776 1503 1824 1530 τοῦ

1070 1562 1079 1579 t
1104 1551 1169 1578 ίδίου
1188 1551 1283 1586 θρόνου
1296 1551 1417 1585 ἀμελεῖν.
1440 1559 1449 1576 ι

1065 1601 1102 1627 Οὺ
1126 1600 1207 1635 μόνον
1228 1598 1259 1624 τὸ
1288 1598 1342 1625 ἀπὸ
1368 1597 1473 1629 πόλεως
1499 1597 1538 1629 είς
1565 1597 1644 1623 πόλιν
1671 1597 1827 1624 ἐπίσκοπον

1029 1646 1226 1682 μεταϐαίνειν,
1256 1645 1288 1671 ὲκ
1318 1644 1455 1679 διαφόρων
1485 1644 1607 1670 κανόνων
1645 1643 1826 1670 κεκώλυται·

1027 1693 1095 1720 ἀλλὰ
1108 1693 1155 1718 καὶ
1171 1691 1201 1718 τὸ
1212 1690 1261 1725 τὴν
1272 1690 1375 1726 κυρίως
1390 1687 1473 1716 οὖσαν
1488 1689 1609 1725 ἀρχῆθεν
1621 1689 1763 1724 καθέδραν
1774 1689 1827 1724 τῆς

1027 1737 1176 1772 ἐκκλησίας
1208 1736 1291 1763 αὑτοῦ
1332 1735 1508 1766 καταλιπεῖν.
1535 1735 1584 1762 καὶ
1621 1736 1692 1771 πρὸς
1724 1736 1827 1771 ἑτέραν

1028 1782 1177 1817 ἐκκλησίαν
1192 1782 1222 1808 ὲν
1243 1783 1276 1817 τῇ
1301 1781 1371 1816 αὐτῇ
1388 1781 1521 1817 παροικίᾳ,
1540 1779 1624 1808 οὖσαν
1642 1783 1825 1816 μεταπεσεῖν,

1026 1829 1075 1856 καὶ
1099 1828 1149 1864 τὴν
1173 1827 1258 1863 τιμὴν
1276 1828 1305 1853 ὲν
1321 1828 1391 1862 αὐτῇ
1411 1827 1571 1861 μεταθεῖναι
1590 1827 1605 1853 ὁ
1630 1827 1724 1854 κανὼν
1747 1827 1825 1858 οὗτος

1027 1875 1057 1901 οὐ
1072 1875 1232 1910 συγχωρεῖ·
1251 1872 1308 1900 ἀλλ’
1325 1873 1384 1899 οὐδὲ
1410 1874 1438 1899 ιν
1461 1873 1555 1908 οἰκείῳ
1578 1873 1726 1908 πράγματι
1741 1874 1826 1909 ἀσχο-

1027 1919 1132 1946 λεῖσθαι
1154 1919 1237 1946 αὑτὸν
1263 1919 1334 1954 ὑπὲρ
1349 1919 1363 1945 ὃ
1376 1919 1429 1953 χρὴ
1444 1918 1583 1953 ἀνέχεται,
1597 1919 1648 1945 καὶ⁵
1669 1919 1722 1954 τῆς
1742 1927 1826 1954 φρον-

1026 1966 1098 1998 τίδος
1115 1966 1161 1992 καὶ
1180 1965 1230 2001 τῆς
1247 1964 1420 1996 διδασκαλίας
1438 1965 1551 1999 ἀμελεῖν
1563 1964 1611 1992 Ιτοῦ
1628 1964 1706 1993 λαοῦ.

1319 2010 1439 2039 ΚΑΝΩΝ
1461 2012 1522 2039 OE’.
1760 2024 1763 2026 ·

1030 2067 1040 2084 ‹
1072 2058 1142 2093 Περὶ
1166 2057 1274 2093 νηπίων
1315 2056 1480 2091 ὀφειλόντων
1510 2056 1693 2091 βαπτίζεσθαι
1725 2057 1826 2089 ὁσάκις

1065 2113 1075 2129 t
1098 2103 1299 2138 ἀμφιϐάλλεται
1324 2102 1390 2137 περὶ
1427 2102 1517 2129 αὐτῶν
1532 2103 1557 2129 εί
1574 2102 1628 2138 ἀρα
1650 2101 1823 2137 ἐϐαπτίσθη-

1068 2159 1076 2174 ι
1099 2157 1159 2176 σαν.
1181 2148 1298 2184 Ὁμοίως
1321 2149 1421 2184 ἤρεσεν
1437 2148 1502 2184 περὶ
1516 2148 1570 2175 τῶν
1590 2149 1708 2183 νηπίων,
1727 2149 1825 2180 ὁσάκις

1068 2206 1077 2222 ι
1101 2196 1138 2231 μὴ
1170 2195 1343 2230 εὑρίσκονται
1369 2194 1474 2230 βέϐαιοι
1508 2194 1649 2229 μάρτυρες
1678 2194 1704 2220 οἱ
1736 2194 1825 2221 ταῦτα

225 2253 233 2269 ι
255 2245 364 2277 dicant;
381 2248 408 2272 et
432 2251 482 2271 nec
503 2243 552 2278 ipsi
571 2249 682 2277 propter
699 2247 806 2270 aetatem
824 2241 858 2269 de
877 2241 974 2270 tradito

1068 2252 1077 2269 t
1101 2242 1296 2278 ἀναμφιϐόλως
1313 2241 1499 2276 βαπτισθέντα
1523 2238 1594 2267 εἶναι
1615 2240 1744 2274 λέγοντες
1757 2249 1764 2256 ·
1778 2241 1825 2267 καὶ

225 2300 233 2314 ι
255 2290 294 2318 eis
313 2289 443 2326 mysterio
456 2294 518 2324 apte
533 2292 644 2322 possunt
659 2288 834 2322 respondere;
850 2288 908 2315 sine
921 2286 974 2314 ulla

226 2347 234 2362 ε
254 2336 404 2364 oﬂcnsionc
431 2343 510 2371 posse
533 2342 580 2363 eos
603 2334 747 2369 baptizari.
775 2333 831 2361 Nec
857 2341 975 2368 unquam

223 2394 230 2408 ι
252 2384 309 2411 hzec
330 2382 463 2410 dubitatio
484 2380 532 2407 eos
555 2380 602 2408 tali
622 2381 848 2409 sanctiﬁcationis
872 2381 972 2408 lustra-

226 2443 233 2456 ε
256 2431 328 2458 tione
352 2428 477 2464 privahit.
496 2427 552 2454 Hoc
580 2427 651 2454 ettim
685 2426 839 2455 Maurorum
872 2426 951 2462 legati
967 2446 975 2458 ,

226 2487 233 2502 ι
258 2476 355 2505 fratres
369 2473 465 2504 nostri,
487 2472 549 2499 ideo
562 2471 766 2504 consuluerunt,
783 2472 854 2507 quod
880 2471 977 2500 multos

226 2532 235 2548 ‹
256 2521 388 2549 eiusmodi
401 2528 416 2547 a
432 2518 558 2546 Barbaris
571 2522 673 2546 etnanl.
693 2527 702 2544 ι

224 2709 321 2738 BALS.
347 2710 416 2744 Lege
440 2707 537 2741 synodi
565 2707 591 2735 itt
608 2707 701 2736 Trullo
727 2714 861 2735 canonum
887 2711 915 2733 et
942 2706 977 2733 ibi

190 2756 330 2794 praesentis
344 2754 457 2783 canonis
469 2753 722 2789 interpretationem
738 2751 796 2778 sine
812 2750 866 2778 ulla
883 2750 978 2779 immu-

190 2806 301 2839 tatione,
321 2802 549 2840 quemadmodum
566 2806 593 2829 et
613 2801 697 2829 verba
715 2798 848 2826 invenies.

223 2895 351 2924 ΖΟΝΑΒ.
384 2895 461 2923 llunc
489 2899 632 2924 cannnem,
666 2889 790 2926 pauculis
816 2889 976 2925 quibusdam

1069 2298 1078 2314 ι
1102 2288 1162 2315 οὐδὲ
1173 2288 1243 2315 αὐτὰ
1255 2288 1298 2314 διὰ
1311 2288 1361 2323 τὴν
1374 2288 1468 2322 κεῐραν
1480 2286 1546 2319 περὶ
1557 2285 1607 2320 τῆς
1618 2285 1825 2321 παραδοθείσης

1068 2344 1077 2360 ι
1102 2334 1194 2365 αὐτοῖς
1215 2333 1412 2368 μυσταγωγίας
1434 2332 1634 2367 ἀποκρίνεσθαι
1659 2331 1825 2368 ἐπιτηδείως

1068 2389 1077 2405 t
1101 2379 1206 2415 ἔχουσι,
1238 2380 1322 2415 χωρίς
1352 2387 1425 2409 τινος
1455 2378 1672 2413 προσκόμματος
1702 2378 1825 2411 ὀφείλειν

1067 2435 1077 2452 ι
1100 2426 1186 2453 ταῦτα
1203 2425 1383 2461 βαπτίζεσθαι
1396 2432 1403 2440 '
1419 2425 1526 2460 μήποτε
1542 2425 1556 2451 ό
1576 2424 1699 2455 τοιοῦτος
1726 2424 1822 2451 διστα-

1067 2483 1076 2499 ι
1101 2473 1171 2508 γμὸς
1200 2473 1378 2508 ἀποστερήσῃ
1415 2471 1487 2498 αὐτὰ
1524 2472 1575 2505 τῆς
1610 2470 1744 2505 τοιαύτης
1773 2470 1822 2497 τοῦ

1068 2530 1077 2546 t
1099 2519 1236 2554 ἀγιασμοῦ
1259 2519 1432 2554 καθάρσεως.
1449 2517 1497 2543 Ἐκ
1513 2518 1607 2543 τούτου
1624 2517 1679 2552 γὰρ
1694 2518 1719 2544 οἱ
1740 2525 1824 2544 τοπο-

1068 2576 1076 2591 t
1100 2565 1220 2601 τηρηταὶ
1238 2564 1293 2591 τῶν
1318 2565 1449 2599 Μαύρων,
1477 2564 1589 2598 ἀδελφοὶ
1611 2563 1705 2598 ἡμῶν,
1741 2562 1823 2590 τοῦτο

1068 2622 1077 2638 t
1100 2611 1307 2645 ἐϐουλεύσαντο,
1323 2612 1364 2638 ὅτι
1389 2611 1503 2642 πολλοὺς
1530 2609 1669 2641 τοιούτους
1694 2609 1753 2636 ἀπὸ
1770 2609 1823 2636 τῶν

1069 2667 1079 2683 t
1103 2658 1255 2693 Βαρϐάρων
1274 2657 1498 2693 ἑξαγοράζονται.
1520 2665 1529 2683 ι

1066 2704 1167 2732 ΒΑΛΣ.
1190 2704 1340 2738 Ἀνάγνωθι
1362 2704 1414 2739 τῆς
1438 2704 1468 2730 ὲν
1490 2703 1530 2739 τῷ
1555 2702 1682 2739 Τρούλλῳ
1709 2703 1824 2730 συνόδου

1030 2749 1143 2781 κανόνα,
1159 2750 1208 2777 καὶ
1235 2751 1364 2786 εὑρήσεις
1392 2750 1442 2786 τὴν
1470 2749 1518 2777 τοῦ
1547 2750 1686 2785 παρόντος
1707 2751 1823 2780 κανόνος

1030 2795 1179 2831 ἑρμηνείαν
1202 2797 1424 2832 ἀπαραλλάκτως
1445 2797 1514 2828 ἐκεῖ,
1534 2795 1626 2827 καθὼς
1644 2796 1692 2822 καὶ
1718 2796 1753 2822 τὰ
1777 2796 1827 2831 ρή-

1034 2851 1106 2878 ματα
1119 2842 1166 2869 τοῦ
1181 2843 1303 2874 κανόνος.

1067 2890 1190 2917 ΖΩΝΛΡ.
1209 2889 1310 2916 Τοῦτον
1333 2889 1377 2917 τὸν
1400 2890 1501 2917 κανόνα
1526 2889 1590 2917 ἄνευ
1615 2888 1716 2925 ὀλίγων
1738 2888 1822 2915 τινῶν
