1905 3083
190 125 243 156 '27?)

191 181 297 207 ralnunt.
317 179 416 206 Deinde
428 179 507 205 etiam
520 179 623 214 cyclum
634 179 698 206 solis
710 179 800 207 inveni
813 180 864 207 hoc
878 180 968 207 modo:
983 181 1006 211 Α

190 226 306 253 Numera
323 232 406 252 annos
421 232 436 252 a
452 225 589 252 creatione
607 226 710 258 mtmdi,
722 231 748 253 et
763 233 811 253 eos
821 226 908 253 divide
923 233 971 260 per

190 271 284 305 viginti
304 275 376 302 orto,
394 276 419 297 et
435 271 479 305 qui
499 275 600 298 restant
617 271 659 298 dic
672 279 718 298 eos
734 271 839 307 cyclum
854 271 969 298 solarem

189 318 336 346 declarare.
351 318 421 354 Cycli
438 319 545 353 quidem
558 319 636 352 Iun-v,
644 319 688 354 qui
702 324 765 347 sunt
776 319 969 352 novemdecim,

192 365 324 399 incipiunt
339 372 353 391 a
371 372 464 392 mense
481 364 629 392 Januario:
649 365 716 400 cyeli
732 369 820 392 autem
837 365 912 396 solis,
925 364 970 398 qui

191 415 252 438 Sunt
270 410 363 444 viginti
379 415 441 438 octo
457 418 581 441 numero.
598 409 731 445 incipiunt
756 418 770 436 a
786 417 878 437 mense
891 409 971 437 Octo-

191 457 242 483 bri.
259 456 327 483 Cum
343 464 407 490 ergo
418 455 485 491 cycli
501 456 571 482 luna:
585 460 612 483 et
635 455 698 483 solis
720 455 759 483 sic
777 456 949 483 inveniantur
961 475 969 488 ,

191 501 340 536 multiplica
361 501 488 536 undecies
505 506 567 528 tunc
582 505 735 529 cttrrentem
757 501 827 529 lunae
845 501 967 537 cyclum;

192 547 297 574 deinde
312 546 380 574 adde
397 555 480 581 usque
505 547 538 573 ad
555 548 687 574 decimum
715 552 820 574 sextum
846 546 949 582 cyclum
963 565 971 579 ,

193 600 243 628 pro
259 593 363 620 smeulis
376 593 486 628 elapsis.
504 601 549 620 sex
564 593 633 624 dies,
649 593 693 627 qui
706 597 805 627 epacla:
824 593 971 625 dicuntur;

192 643 251 673 pust
269 638 402 665 decimum
425 645 529 666 sextum
550 639 653 673 cyclum
669 646 752 672 usque
765 639 813 666 .ad
838 637 971 664 decimum

193 691 303 714 nouum.
313 684 381 711 adde
395 684 519 711 similiter
531 688 631 719 septem
645 683 716 713 dies:
731 687 756 710 et
770 687 910 718 postquam
924 683 973 710 hos

192 737 286 756 omnes
301 729 357 757 dies
372 729 397 756 in
416 737 498 756 unam
511 737 642 756 summam
657 729 807 763 collegeris,
820 728 910 756 divide
926 736 973 756 eos

193 782 241 807 per
260 775 366 809 triginta
380 795 387 807 ,
405 779 431 802 et
449 783 510 802 cum
529 775 636 802 veneris
650 774 683 802 ad
705 782 846 802 numerum
865 774 974 809 triginta

163 854 166 863 ν
192 820 289 847 diebus
306 820 437 847 minorem
453 842 460 854 ,
476 828 536 847 eum
553 828 639 851 sume.
662 825 688 848 et
705 825 743 848 tot
757 821 814 848 dies
831 828 863 848 ex
880 826 974 848 mense

193 865 287 892 Martio
306 865 345 893 vel
361 866 441 893 etiam
460 866 543 900 Aprili
559 867 595 893 illi
610 866 687 898 adde,
705 871 771 902 quot
786 866 928 900 suﬂlciant,
945 872 972 893 ut
989 859 1009 887 Β

193 912 239 937 liat
255 919 382 938 numerus
399 913 646 947 quinquagesimus,
666 917 692 940 et
705 913 748 941 dic
764 913 857 940 statim
874 913 901 940 in
921 913 973 940 ﬂue

192 957 414 992 quinquagenarii
429 958 526 986 debere
536 966 595 986 esse
609 958 711 985 Pascha
729 958 823 992 legale.
838 958 870 986 Ut
883 963 972 986 autem

193 1003 263 1035 quod
280 1002 379 1030 dictum
396 1008 448 1034 est.
466 1011 514 1037 per
529 1003 679 1038 exemplum
703 1003 748 1030 ﬁat
776 1003 946 1031 manifestius
961 1025 969 1037 ,

193 1048 307 1075 labentis
323 1048 384 1075 anni
403 1049 490 1077 sexies
505 1049 639 1076 millesimi
655 1049 843 1076 sexcentesimi
867 1054 974 1081 octoge-

192 1093 253 1120 simi
270 1094 339 1121 sexti
357 1091 502 1122 Paschales
518 1095 573 1122 dies
590 1102 691 1128 quzere,
705 1098 732 1121 et
748 1095 790 1121 dic
806 1094 862 1126 ita;
878 1093 974 1129 Cyclus

192 1139 264 1166 luna:
279 1143 366 1166 esteo
391 1147 461 1167 anno
477 1139 670 1173 septemdecim
702 1139 747 1174 qui
775 1146 822 1173 per
850 1139 974 1166 undecim

195 1185 389 1220 multiplicatus
405 1184 487 1213 edicit
513 1185 568 1211 dies
585 1189 692 1211 centum
711 1185 845 1219 octoginta
861 1189 974 1219 septem.

196 1231 328 1259 Undecies
340 1231 412 1257 enim
427 1229 616 1265 septemdecim
634 1223 696 1257 sunt
711 1235 820 1257 centum
839 1230 974 1264 octoginta

195 1281 308 1311 septem.
325 1275 371 1303 His
386 1283 433 1310 pro
447 1275 562 1309 saeculis,
580 1280 608 1303 ut
619 1276 718 1303 dictum
732 1281 783 1307 est,
796 1275 891 1303 diebus
908 1283 976 1310 quo-

195 1329 248 1357 que
279 1327 383 1357 septem
409 1321 524 1349 addictis
541 1342 548 1355 ,
575 1321 688 1349 efficitur
718 1329 845 1349 numerus
874 1322 976 1349 dierum

196 1374 306 1395 centum
341 1367 487 1402 nonaginta
517 1373 642 1402 quatuor.
661 1368 720 1402 Quo
739 1368 845 1403 quidem
864 1376 976 1396 numero

195 1420 243 1448 per
260 1412 372 1448 triginta
383 1413 482 1446 divisoi
492 1413 679 1448 relinquuntur
690 1413 748 1441 dies
761 1413 975 1448 quatuordecim:

196 1458 284 1485 sexies
299 1458 368 1484 enim
384 1458 492 1493 triginta
503 1461 567 1485 sunt
583 1463 691 1485 centum
706 1458 851 1492 octoginta.
863 1458 900 1485 Ut
912 1464 976 1493 ergo

197 1503 244 1530 ﬁat
262 1510 389 1530 nntuerus
402 1503 507 1532 dierum
531 1503 741 1539 quinquaginta,
757 1511 809 1538 quo
826 1504 977 1531 inveniatur

197 1549 255 1576 dies
272 1549 383 1576 Pascha:
397 1549 500 1583 legalis,
518 1549 586 1576 adde
607 1550 686 1577 dictis
700 1551 902 1584 qttatttordecitu
920 1549 976 1577 die-

197 1595 248 1622 bus
261 1603 344 1622 unum
358 1599 386 1623 et
396 1595 504 1631 triginta
516 1596 574 1623 dies
585 1595 672 1622 Martii
684 1600 710 1623 et
721 1596 821 1630 Aprilis
835 1596 890 1623 dies
903 1596 979 1630 quin-

199 1649 269 1676 que;
288 1646 314 1669 et
339 1642 379 1668 sic
403 1649 463 1668 cum
490 1642 685 1678 quinquaginta
706 1642 810 1669 dierum
837 1649 978 1669 numerum

200 1688 334 1721 ell'eeeris,
351 1687 394 1714 die
410 1688 507 1715 debere
521 1688 580 1715 tieri
603 1688 706 1715 Pascha
723 1689 807 1723 legale
826 1687 922 1722 quinto
936 1688 980 1714 die

202 1733 303 1760 mensis
317 1733 427 1767 Aprilis.
443 1732 510 1765 Ouia
525 1738 613 1760 autent
629 1734 730 1760 mensis
748 1733 856 1768 quidem
867 1732 925 1760 dles
941 1732 980 1759 sic

199 1778 454 1813 comprehenditur;
484 1779 641 1814 septimanae
665 1785 755 1806 autem
779 1779 836 1806 dies
861 1779 980 1806 incertus

199 1830 241 1853 est
258 1835 265 1852 :
287 1833 354 1859 opus
369 1831 409 1853 est
423 1829 450 1853 te
473 1833 578 1861 quoque
605 1833 664 1853 eam
687 1826 788 1853 doceri.
804 1825 836 1852 Et
854 1826 980 1860 quoniam

201 1871 253 1899 hoc
268 1878 338 1898 anno
353 1871 443 1905 cyclus
459 1872 523 1899 solis
539 1875 579 1898 est
601 1872 746 1899 vicesimus
769 1871 914 1904 secundus,
932 1879 981 1906 cy-

200 1917 297 1944 clicum
316 1916 386 1944 hunc
410 1924 551 1944 numerum
580 1924 666 1950 sume,
691 1922 718 1944 et
741 1925 790 1952 pro
819 1924 980 1951 unoquoque

199 1961 367 1997 quadriequ
391 1967 500 1996 propter
514 1963 661 1990 bissextqu
677 1964 747 1990 diem
764 1971 845 1990 uuutn
862 1963 886 1990 ei
902 1963 980 1994 adde.

199 2007 301 2035 scilicet
316 2014 364 2041 pro
378 2008 470 2044 viginti
486 2009 590 2036 duobus
604 2009 686 2044 (-yclis
709 2009 765 2036 dies
786 2009 915 2043 quinque,
932 2009 978 2042 qui

199 2055 281 2082 etiam
296 2060 395 2089 epactze
415 2055 550 2082 dicuntur.
581 2055 619 2082 lta
640 2056 681 2083 his
696 2056 775 2087 adde,
790 2055 811 2082 si
829 2055 938 2090 quidem
953 2056 980 2082 in

201 2108 293 2128 mense
312 2100 407 2127 Martio
423 2101 507 2135 legale
520 2100 622 2128 Pascha
637 2101 782 2133 invenitur,
795 2100 981 2134 ratione‘prae-

200 2146 339 2173 teritorum
351 2147 494 2179 mensium,
509 2147 555 2181 qui
573 2150 750 2173 numerantur
764 2153 779 2172 a
797 2153 888 2173 mense
898 2144 981 2174 Octo-

990 1522 1012 1551 ϐ

200 2191 240 2218 bri
257 2211 264 2223 ,
283 2191 341 2219 dies
357 2192 500 2223 undecim;
523 2192 626 2220 scilicet
648 2199 696 2226 pro
710 2191 820 2219 Octobri
842 2191 898 2219 dies
915 2197 979 2224 tres,
997 2186 1020 2214 ι)

199 2245 232 2265 eo
246 2238 317 2272 qttod
336 2239 432 2266 habeat
448 2239 492 2266 hic
514 2238 614 2266 mensis
637 2238 694 2264 dies
717 2237 825 2272 triginta
841 2243 868 2265 et
883 2245 981 2271 unum;

201 2292 249 2319 pro
263 2283 426 2318 Novembri,
448 2285 515 2311 duos
535 2284 602 2315 dies,
618 2283 687 2317 quod
703 2283 725 2310 is
742 2283 839 2311 habeat
853 2284 912 2312 dies
925 2284 982 2318 ,ιι-ἰ-

201 2331 283 2365 ginta,
297 2337 324 2358 et
335 2339 385 2365 pro
404 2330 544 2358 Decembri
561 2335 589 2357 et
607 2329 738 2358 Januario
755 2331 812 2358 dies
828 2339 873 2359 sex
887 2350 895 2364 ν
912 2331 982 2366 quod

203 2377 388 2412 unusquisque
405 2384 497 2403 eorum
524 2376 620 2403 habeat
634 2375 691 2404 dies
708 2377 814 2412 triginta
837 2382 865 2405 et
889 2386 981 2406 unum.

203 2423 255 2451 l‘ro
268 2431 359 2451 mense
378 2427 466 2449 autem
502 2422 631 2449 ebruario
656 2423 720 2449 nihil
745 2423 839 2455 addes.
857 2431 890 2452 eo
912 2425 982 2459 quod

202 2471 225 2497 ei
243 2469 311 2496 desit
330 2476 335 2493 :
354 2469 375 2495 si
391 2472 479 2495 autem
500 2467 635 2495 invenitur
652 2467 756 2495 Pascha
780 2469 863 2502 legale
893 2477 985 2498 mense

202 2514 298 2548 Aprili.
318 2517 346 2540 ut
363 2513 391 2539 tit
406 2514 431 2539 in
445 2513 568 2547 prmsenti
586 2517 704 2548 tempore
719 2521 727 2545 ι
742 2513 810 2541 adde
824 2515 905 2542 etiam
925 2520 979 2543 tres

203 2561 270 2588 alios
288 2561 344 2587 dies
360 2567 408 2594 pro
424 2567 514 2587 mense
529 2559 636 2593 Martio,
651 2565 679 2587 ut
702 2561 756 2588 sint
776 2569 824 2595 pro
848 2562 984 2590 mensibus

203 2607 261 2634 dies
276 2606 489 2641 quatuordecim.
511 2605 643 2640 Legitimo
664 2613 728 2641 ergo
744 2606 854 2634 Pascha:
871 2608 914 2634 die
941 2608 982 2634 in-

203 2657 294 2683 vento,
312 2656 341 2679 ut
356 2652 485 2684 diximus,
501 2651 594 2686 quinto
611 2652 710 2679 mensis
723 2653 802 2688 611
817 2653 926 2687 Aprilis,
944 2653 985 2681 his

205 2699 272 2725 adde
289 2699 324 2726 22
339 2699 394 2725 dies
407 2697 503 2726 solaris
521 2697 599 2732 cycli.
621 2703 648 2725 et
668 2706 699 2725 ex
721 2699 839 2726 bissexto
856 2700 986 2733 quinque,

204 2743 248 2776 qui
264 2743 344 2770 etiam
359 2748 460 2777 epacun
482 2743 620 2775 dicuntur,
634 2748 660 2769 et
677 2743 708 2770 H
723 2742 854 2769 mensium
868 2751 875 2776 ;
890 2748 917 2770 et
940 2751 986 2771 eos

205 2797 298 2817 omnes
312 2790 341 2817 M
359 2790 460 2816 dierum
477 2796 611 2817 summam
625 2788 720 2822 collige
736 2795 767 2814 ac
782 2795 877 2815 rursus
891 2789 917 2815 iu
939 2797 984 2817 sex

205 2834 368 2868 scptituanas
392 2835 512 2869 resolve,
537 2835 575 2861 sic
601 2832 713 2860 dicendo
728 2854 735 2865 ,
759 2833 859 2861 sexties
884 2839 985 2869 septem

754 152 757 154 _
797 124 936 155 THEOD.
952 124 1152 155 BALSAMON

1021 179 1120 207 κύκλον
1147 179 1198 215 τῆς
1219 180 1345 214 σελήνης.
1365 172 1402 211 ες
1425 179 1472 207 καὶ
1501 180 1658 216 εὑρίσκεται
1683 181 1783 207 οΰτωοί
1797 189 1805 198 ·

1027 225 1191 261 ’Δρίθμησον
1205 225 1239 251 τὰ
1262 224 1315 252 ἀπὸ
1331 225 1447 257 κτίσεως
1461 225 1565 260 κόσμου
1579 226 1637 260 ἐτη,
1654 226 1703 252 καὶ
1717 226 1802 260 ὕφελε

1021 271 1090 298 αὐτὰ
1108 271 1154 296 ἐπὶ
1170 271 1225 297 τῶν
1241 269 1284 303 ιϐ’,
1298 271 1392 297 καὶτὰ
1406 271 1624 305 ἐναπομείναντά
1640 272 1694 298 εἱσι
1717 272 1809 307 δηλω-

1020 316 1085 343 τικὰ
1111 315 1158 343 τοῦ
1187 316 1289 343 κύκλου
1304 316 1356 351 τῆς
1381 317 1506 352 σελήνης.
1521 315 1589 344 Εἶτα
1605 317 1669 352 εὐρὲ
1691 319 1739 345 καὶ
1759 319 1809 345 τὸν

1021 362 1120 390 κύκλον
1144 362 1192 390 τοῦ
1216 363 1292 398 ἡλίου
1310 362 1397 394 οὕτως
1420 371 1428 379 ’
1452 363 1605 398 ἁρίθμησον
1621 364 1655 390 τὰ
1672 365 1728 391 ἀπὸ
1748 365 1809 391 κτί-

1021 419 1090 442 σεως
1108 412 1212 445 κόσμου
1238 410 1297 446 ἐτη,
1315 411 1362 438 καὶ
1382 410 1464 445 ὕφελε
1488 411 1558 438 αὐτὰ
1572 411 1618 438 ἐπὶ
1634 412 1691 438 τῶν
1717 414 1810 439 etnon

1021 456 1068 483 καὶ
1082 455 1164 487 ὀκτὼ,
1183 455 1231 482 καὶ
1254 455 1290 482 τὰ
1307 455 1566 490 περιλιμπανόμενα
1585 456 1646 482 είπὲ
1666 456 1811 490 δηλωτικὰ

1021 499 1092 528 εἶναι
1120 500 1166 528 τοῦ
1187 500 1286 527 κύκλου
1300 499 1353 527 ’τοῦ
1370 500 1455 536 ἡλίου.
1472 501 1503 526 Ol
1523 501 1614 534 μέντοι
1637 501 1735 528 κύκλοι
1759 502 1812 536 τῆς

1023 547 1149 582 σελήνης,
1168 546 1313 573 δεκαεννέα
1337 547 1424 579 ὅντες,
1438 546 1572 580 ἄρχονται
1598 546 1653 572 ἀπὸ
1671 547 1720 573 τοῦ
1740 548 1813 573 ’ἰαν-

1022 587 1148 626 νουαρίου
1166 592 1250 626 μηνός
1261 598 1268 606 ·
1285 592 1310 618 οί
1330 591 1358 618 δὲ
1374 591 1468 618 κύκλοι
1481 591 1527 618 τοῦ
1545 591 1632 626 ἡλίου,
1651 591 1740 618 εἴκοσι
1761 592 1814 619 καὶ

1022 637 1093 663 ὀκτὼ
1106 637 1182 668 ὅντες
1198 637 1245 664 τὸν
1265 637 1393 672 ἀριθμδν,
1416 636 1545 672 ἄρχονται
1566 637 1621 663 ἀπὸ
1644 637 1691 663 τοῦ
1708 637 1814 664 Ὀκτω-

1023 681 1100 717 ϐρίου
1129 682 1222 717 μηνός.
1240 682 1300 709 Τῶν
1327 682 1392 716 γοῦν
1413 681 1522 709 κύκλων
1551 682 1600 716 τῆς
1627 682 1745 717 σελήνης
1761 683 1814 709 καὶ

1022 729 1069 756 τοῦ
1094 723 1170 764 ἡλίου
1202 729 1289 760 οὕτως
1311 728 1534 764 εὑρισκομένων,
1559 727 1815 755 ἑνδεκαπλασίασον

1023 775 1068 802 τὸν
1083 775 1215 809 τρέχοντα
1224 773 1374 809 τηνικαῦτα
1395 773 1495 800 κύκλον
1518 773 1567 808 τῆς
1592 773 1708 808 σελήνης
1720 781 1728 790 ·
1747 772 1813 800 εἶτα

1026 821 1242 857 πρόσθεςῖμέχρι
1259 821 1307 856 μὲν
1332 820 1379 846 τοῦ
1397 823 1424 852 ς’
1442 819 1543 846 κύκλου
1570 819 1650 854 χάριν
1670 819 1726 845 τῶν
1742 828 1817 854 παρ-

1024 868 1154 895 ελθόντων
1182 867 1288 894 αἰώνων
1319 865 1426 901 ἡμέρας
1453 865 1482 897 ἐξ
1506 866 1555 897 τὰς
1586 864 1738 899 λεγομένας
1762 865 1816 890 ἑπ-

1024 913 1119 945 ακτάς.
1137 912 1211 940 Μετὰ
1226 912 1255 938 δὲ
1267 912 1312 938 τὸν
1323 911 1361 943 ις’
1376 911 1475 938 κύκλον
1489 911 1569 946 μέχρι
1584 909 1677 944 τοῦἶιίγ
1693 910 1818 944 πρόσθες

1025 960 1094 994 ὑπὲρ
1108 960 1202 995 ὁμοίου
1217 959 1326 995 ἡμέρας
1338 959 1407 985 ἑπτά
1418 965 1427 974 ο
1441 959 1489 984 καὶ
1502 957 1572 992 μετὰ
1587 957 1617 984 τὺ
1629 957 1746 992 ποιῆσαι
1763 957 1818 992 τὴν

1024 1007 1078 1034 τῶν
1092 1007 1222 1034 τοιοῦτων
1250 1006 1319 1033 ὅλων
1349 1005 1462 1041 ἡμερῶν
1487 1005 1594 1037 ἕνωσιν,
1616 1003 1699 1037 backs
1724 1004 1817 1034 αὑτὰς

1024 1054 1070 1080 ἐπὶ
1093 1053 1147 1079 τῶν
1173 1052 1206 1085 λ’,
1233 1052 1281 1079 καὶ
1310 1052 1374 1078 ὅταν
1403 1051 1577 1086 καταντήσῃς
1606 1051 1645 1081 είς
1671 1050 1818 1082 ποσότητα

1025 1100 1125 1134 ἥττονα
1139 1098 1193 1124 τῶν
1205 1097 1227 1124 λ’
1241 1097 1363 1132 ἡμερῶν,
1381 1097 1427 1123 καὶ
1443 1097 1578 1130 κράτησον
1591 1096 1632 1126 είς
1647 1096 1696 1126 τὰς
1710 1095 1810 1129 χεῖράς

1026 1155 1073 1172 σου
1086 1145 1187 1179 ταύτην
1213 1144 1257 1171 καὶ
1272 1144 1371 1170 Ενωσον
1395 1143 1438 1169 ἐπ’
1451 1143 1521 1177 αὐτῇ
1544 1142 1598 1168 ἁπδ
1618 1142 1664 1168 το]
1678 1141 1811 1174 Μαρτίου

1027 1191 1109 1226 μηνὸς
1126 1190 1142 1225 ἢ
1162 1190 1271 1217 καὶτοῦ
1293 1189 1448 1224 ’Δπριλλίου
1473 1188 1579 1223 ἡμέρας
1595 1188 1657 1214 ὅσαι
1677 1186 1818 1221 ἐξαρκοῦ-

1027 1244 1069 1263 σιν
1093 1237 1133 1268 είς
1149 1235 1179 1262 τὸ
1202 1234 1417 1270 συμποσωθῆναι
1443 1241 1624 1270 πεντηκοντα.
1637 1232 1693 1259 Καὶ
1711 1231 1817 1258 αὐτίκα

1026 1283 1087 1310 είπὲ
1108 1282 1179 1309 κατὰ
1199 1282 1228 1309 τὺ
1241 1281 1316 1313 τέλος
1338 1281 1387 1315 τῆς
1400 1278 1618 1313 πεντηκοντάδος
1633 1277 1754 1311 ὀφείλειν
1769 1277 1818 1311 γί-

1027 1328 1122 1356 νεσθαι
1148 1328 1179 1354 τὸ
1206 1327 1317 1362 νομικὸν
1346 1326 1451 1360 Πάσχα.
1469 1325 1530 1352 Ἵνα
1547 1325 1639 1352 δὲκαὶ
1660 1325 1706 1351 διὰ
1728 1332 1822 1359 παρα-

1026 1374 1173 1409 δείγματος
1189 1373 1356 1407 σαφέστερον
1372 1371 1486 1406 γένηται
1505 1371 1535 1398 τδ
1550 1370 1710 1405 λεγόμενον,
1727 1370 1817 1404 ζήτη-

1028 1428 1075 1448 σον
1100 1420 1149 1451 τὰς
1181 1419 1228 1445 τοῦ
1257 1419 1397 1454 τρέχοντος
1425 1417 1514 1452 ςχπς¹
1542 1417 1619 1449 ἔτους
1656 1415 1819 1451 Πασχαλίου

1027 1465 1146 1502 ἡμέρας,
1163 1465 1209 1492 καὶ¹
1231 1464 1293 1491 εἰπὲ
1314 1463 1402 1494 οὕτως
1414 1472 1421 1480 ·
1454 1462 1486 1490 '0
1501 1463 1601 1495 κύκλος
1628 1462 1680 1498 τῆς
1698 1463 1818 1496 σελήνης

1028 1511 1098 1538 κατᾶ
1113 1510 1143 1537 τὸ
1156 1509 1276 1537 τοιοῦτον
1298 1509 1357 1541 ἔτος
1379 1509 1455 1536 ἐστὶν
1478 1508 1724 1539 ἑπτακαιδέκατος,
1739 1509 1818 1538 ὅστις

1032 1556 1346 1590 ἐνδεκαπλασιαζόμενος
1371 1556 1500 1584 ἀποτελεῖ
1527 1557 1635 1590 ἡμέρας
1659 1555 1733 1589 patr.
1756 1554 1820 1581 Ἐν-

1030 1602 1141 1634 δεκάκις
1166 1603 1221 1638 γὰρ
1247 1602 1383 1628 δεκαεπτὰ
1411 1602 1482 1637 ρπζκ
1510 1601 1739 1637 ῐΙροστιθεμένων
1767 1600 1819 1627 οὖν

1030 1649 1134 1680 τούτοις
1150 1649 1230 1684 χάριν
1247 1648 1301 1674 τῶν
1319 1647 1437 1679 αἰώνων,
1452 1648 1490 1679 ὡς
1506 1648 1626 1681 εἴρηται.
1638 1647 1685 1674 καὶ
1699 1647 1818 1682 ἡμερῶν

1031 1694 1125 1731 ἐπτὰὺ
1139 1693 1312 1720 ἀποτελεῖται
1332 1693 1449 1727 ποσότης
1467 1691 1581 1727 ἡμερῶν
1609 1690 1677 1726 ρῖ-ιό.
1701 1688 1757 1721 'H;
1785 1689 1820 1726 δὴ

1031 1740 1180 1775 ποσότητος
1195 1739 1367 1774 ὑφελομένης
1380 1739 1427 1765 ἐπὶ
1441 1738 1496 1764 τῶν
1513 1737 1545 1770 λ’,
1563 1737 1818 1772 περιλιμπάνονται

1032 1786 1133 1822 ἡμέραι
1151 1784 1192 1812 ιδ’.
1225 1784 1334 1817 Ἐξάκις
1349 1784 1402 1819 γὰρ
1419 1784 1566 1818 τριάκοντα
1586 1785 1639 1816 ρπ’.
1651 1783 1712 1809 Ἵνα
1728 1781 1821 1808 τοίνυν

1032 1828 1175 1855 ποσωθῶσι
1194 1829 1364 1862 πεντήκοντα
1379 1827 1493 1862 ἡμέραι,
1508 1828 1589 1862 χάριν
1602 1827 1648 1853 τοῦ
1668 1826 1821 1862 εὑρεθῆναι

1031 1873 1080 1908 τὴν
1102 1873 1211 1909 ἡμέραν
1226 1873 1275 1900 τοῦ
1293 1873 1409 1908 νομικοῦ
1440 1874 1546 1908 Πάσχα,
1561 1873 1663 1900 ἓνωσον
1684 1874 1745 1904 ταῖς
1771 1873 1822 1908 ρης

1033 1919 1137 1951 θείσαις
1152 1919 1219 1946 δέκα
1253 1919 1322 1954 πρὸς
1350 1921 1411 1951 ταῖς
1438 1919 1585 1954 τέσσαρσιν
1621 1919 1741 1954 ἡμέραις
1768 1919 1821 1950 τὰς

1031 1965 1178 2000 τριάκοντα
1192 1965 1261 2000 πρὸς
1276 1967 1309 2000 τῇ
1327 1967 1377 2002 μιᾷ
1399 1966 1507 2001 ἡμέρας
1523 1966 1570 1992 τοῦ
1587 1965 1713 2000 Μαρτίου
1735 1965 1822 2000 μηνὸς

1032 2011 1080 2038 καὶ
1096 2011 1150 2037 ἀπὸ
1172 2010 1219 2037 τοῦ
1243 2010 1399 2045 Ἀπριλλίου
1425 2011 1534 2046 ἡμέρας
1548 2010 1647 2037 πέντεο
1672 2012 1723 2038 καὶ⁵
1746 2011 1821 2037 οὕτω

1034 2057 1217 2093 συμποσώσας
1234 2058 1341 2094 ἡμέρας
1360 2057 1382 2085 ν’
1402 2058 1464 2092 λέγε
1492 2057 1611 2093 ὀφείλειν
1632 2057 1763 2092 γενέσθαι
1791 2057 1822 2083 τὺ

1032 2104 1144 2139 νομικὸν
1167 2103 1263 2139 Πάσχα
1288 2104 1359 2130 κατὰ
1370 2104 1421 2139 τὴν
1441 2104 1570 2139 πέμπτην
1591 2103 1638 2130 τοῦ
1658 2104 1821 2139 Ἀπριλλίου

1035 2149 1129 2185 μηνός.
1148 2149 1209 2176 Ὅτι
1224 2149 1252 2175 δὲ
1265 2149 1282 2184 ἡ
1300 2148 1349 2184 μὲν
1362 2149 1409 2176 τοῦ
1426 2150 1510 2184 ws;
1527 2149 1620 2185 ἡμέρα
1635 2149 1708 2176 οὕτω
1731 2157 1820 2176 κατα-

1033 2195 1212 2230 λαμϐάνεται,
1223 2196 1240 2230 ἡ
1255 2195 1284 2221 δὲ
1301 2196 1350 2230 τῆς
1365 2196 1511 2231 έὸδομάδος
1527 2195 1618 2231 ἡμέρα
1631 2195 1732 2230 ἄδηλός
1748 2196 1819 2227 ἐστι,

1035 2241 1123 2277 χρεών
1148 2241 1206 2267 ἐστι
1241 2241 1289 2268 καὶ
1317 2241 1419 2276 ταύτην
1451 2241 1664 2276 ἀναδιδαχθῆναι
1692 2249 1736 2268 σε.
1767 2241 1821 2268 Καὶ

1034 2287 1097 2313 ὲπεί
1125 2286 1184 2313 ἐστι
1211 2286 1281 2313 κατὰ
1308 2287 1338 2313 τὺ
1361 2286 1483 2313 τοιοῦτον
1515 2286 1575 2318 ἔτος
1598 2287 1613 2312 ὀ
1638 2285 1740 2317 κύκλος
1774 2284 1820 2311 τοῦ

1035 2331 1110 2366 ἡλίου
1135 2330 1186 2365 κβ’,
1203 2331 1339 2366 κράτησαν
1354 2331 1394 2362 είς
1410 2330 1460 2362 τὰς
1475 2330 1570 2365 χεῖράς
1593 2339 1641 2357 σου
1661 2329 1711 2364 τὴν
1728 2329 1821 2355 τοιαύ-

1034 2386 1085 2412 την
1111 2377 1243 2412 κυκλικὴν
1269 2377 1418 2411 ποσότητα,
1441 2376 1489 2403 καὶ
1516 2376 1618 2403 ἓνωσον
1640 2375 1731 2411 ταύτῃ
1753 2375 1821 2409 ὑπὲρ

1036 2423 1152 2458 ἑκάστης
1177 2423 1336 2458 τετραετίας
1359 2422 1440 2457 χάριν
1463 2422 1510 2448 τοῦ
1539 2421 1680 2457 βισέξστου
1710 2421 1821 2456 ἡμέραν

1037 2469 1112 2504 μίαν,
1127 2469 1210 2504 ἡγουν
1225 2468 1295 2503 ὑπὲρ
1309 2468 1363 2494 τῶν
1380 2466 1421 2502 κβ¹
1436 2467 1545 2494 κύκλων
1560 2466 1667 2501 ἡμέρας
1681 2469 1714 2498 ε’,
1733 2467 1762 2494 αἳ
1776 2466 1821 2493 καὶ

1035 2514 1152 2540 ὲπακταὶ
1164 2513 1298 2547 λέγονται.
1316 2513 1456 2544 Ὡσαύτως
1472 2512 1573 2539 ἕνωσον
1588 2512 1713 2544 ταύταις,
1728 2513 1754 2538 εί
1774 2511 1821 2546 μὲν

1035 2560 1066 2586 τὺ
1081 2558 1190 2593 νομικὸν
1220 2557 1314 2592 Πάσχα
1330 2558 1489 2592 εὑρίσκεται
1520 2558 1560 2588 εις
1583 2558 1709 2592 Μάρτιον
1737 2556 1820 2591 μῆνα,

1036 2605 1108 2640 λόγῳ
1123 2605 1178 2631 τῶν
1190 2604 1437 2639 προπαρελκόντων
1452 2603 1545 2638 μηνῶν
1556 2603 1611 2630 τῶν
1625 2602 1820 2637 ψηφιζομένων

1036 2650 1090 2677 ἀπὸ
1107 2650 1152 2676 τοῦ
1170 2649 1336 2684 Ὀκτωϐρίου
1353 2649 1448 2684 μηνὸς,
1465 2649 1572 2683 ἡμέρας
1591 2651 1638 2678 ια’,
1651 2649 1738 2682 ἡγουν
1752 2648 1820 2682 ὑπὲρ

1036 2696 1083 2723 τοῦ
1101 2696 1267 2730 Ὀκτωϐρίου
1290 2696 1397 2731 ἡμέρας
1413 2694 1447 2729 γ’,
1461 2695 1506 2722 διὰ
1529 2697 1560 2721 τὺ
1575 2695 1647 2729 ἔχειν
1671 2695 1717 2721 τὸν
1742 2694 1820 2721 αὑτὸν

1039 2741 1110 2776 μῆνα
1123 2741 1144 2767 λ’
1161 2742 1228 2776 πρὸς
1242 2743 1275 2777 τῇ
1298 2742 1369 2777 μιᾷ·
1386 2741 1456 2776 ὑπὲρ
1478 2741 1525 2768 τοῦ
1551 2741 1706 2776 Νοεμϐρίου
1737 2741 1821 2777 μηνὸς

1037 2787 1142 2821 ἡμέρας
1156 2787 1188 2822 β’,
1206 2788 1294 2814 διὰητὺ
1305 2788 1379 2822 ἔχειν
1408 2787 1503 2815 τοῦτον
1529 2788 1637 2823 ἡμέρας
1661 2788 1818 2824 τριάκοντα⁴

1039 2833 1086 2859 καὶ
1112 2833 1182 2868 ὑπὲρ
1207 2835 1253 2860 τοῦ
1280 2834 1450 2870 Δεκεμϐρίου
1478 2834 1526 2861 καὶ
1555 2833 1602 2860 τοῦ
1639 2834 1818 2867 Ἰαννουαρίου
