1905 3083
241 146 295 176 2S7

242 247 359 274 ecclesia
389 248 583 282 perturbetur;
621 248 672 274 boc
696 253 748 280 est,
769 248 804 275 ob
833 255 963 282 pauperes
994 247 1027 274 ad

243 294 328 326 ipsam
343 293 545 328 confugientes,
561 299 644 328 alque
669 294 704 321 ab
721 302 751 320 ea
769 294 820 320 sibi
838 298 918 328 opem‘
932 294 1028 328 impleo

241 343 347 367 rantes.
362 339 483 366 assiduis
501 339 756 373 perturbationibus
774 339 940 372 implicetur.

240 384 353 412 AltlST.
373 394 382 411 1
410 385 444 412 Ut
472 386 616 420 episcopus
645 385 768 413 molestia
801 393 856 411 non
882 384 1026 416 adiciatur,

409 440 419 458 1
439 432 597 459 defensores
615 431 827 458 constituantur.
846 441 854 457 1

276 476 446 510 Pauperibus
461 486 474 503 a
494 478 696 512 potentioribus
711 478 856 504 vexatione
870 476 984 510 atIectis,
999 484 1026 504 et

237 522 374 556 episcopis
387 523 421 549 ab
434 523 466 549 iis
485 529 598 557 propter
613 530 659 550 eas
671 523 831 550 vexationes
846 523 1024 557 perturbatis,

238 569 324 595 visum
342 574 383 596 est
408 570 510 604 synodo
528 570 562 596 ab
592 570 762 604 imperatore
790 575 893 605 petere,
911 575 940 596 ut
963 577 1023 597 cum

237 615 427 648 episcoporum
461 617 630 649 providentia
654 616 791 651 eligantur
811 617 979 647 defensores,
996 621 1024 643 ιιι

237 659 351 686 dititum
367 661 504 695 tyrannidi
529 662 669 693 resistant,
688 667 716 688 et
746 662 876 696 episcopi,
891 668 1021 696 quantum

236 707 269 730 ;1ι1
290 713 348 738 eos,
366 707 424 734 sine
437 707 559 734 molestia
577 714 766 742 permaneant.

498 797 613 825 CANON
636 798 754 826 LXXIX.

236 847 246 862 ι
268 839 303 866 De
313 840 455 874 episcopis,
473 843 519 877 qui
533 843 557 869 iu
572 846 684 878 synodis
694 853 723 872 se
737 854 789 872 non
805 847 915 875 sistunt.
935 848 1017 875 Sinti-

270 895 278 910 1
301 885 363 912 liter
379 887 490 920 placuit,
519 894 546 915 ut
565 891 781 926 quotiescunque
794 894 928 927 synodum
950 902 1016 920 cou-

273 941 282 956 1
303 933 395 959 venire
418 935 583 966 oportuerit,
600 937 732 971 episcopi,
746 939 790 971 qui
808 947 857 966 nec
877 945 1019 968 senectute

271 985 280 1001 1
300 985 349 1004 nec
365 978 549 1007 imbecillitate
561 989 610 1008 nec
622 982 673 1009 ulla
685 984 844 1017 gravissima
859 987 1019 1013 necessitate

270 1033 278 1047 1
298 1024 494 1059 impediuntur,
516 1032 544 1053 nt
576 1036 623 1061 par
640 1035 694 1059 est,
721 1037 750 1056 se
776 1031 893 1064 sistant;
911 1037 937 1059 et
963 1040 1019 1060 suae

266 1077 275 1093 1
295 1069 428 1104 cujusque
451 1072 598 1105 provinci-te
635 1075 796 1107 primatibus
831 1078 863 1103 de
892 1078 1018 1104 omnibus

267 1123 275 1139 1
296 1115 431 1151 episcopis
445 1118 628 1152 significetur,
647 1120 705 1146 sive
720 1120 779 1148 duae
808 1121 866 1149 sive
880 1127 936 1150 tres
952 1123 1017 1151 [iant

265 1169 275 1186 1
294 1163 542 1197 congregationes:
559 1170 585 1192 et
600 1168 632 1192 ex
658 1174 820 1202 unoquoque
842 1177 955 1197 numero
976 1170 1017 1197 vi-

266 1215 275 1232 1
291 1207 396 1238 cissim.
423 1210 581 1244 quicunque
597 1211 676 1238 electi
694 1211 808 1245 fuerint,
835 1214 867 1241 ad
884 1215 955 1242 diem
972 1224 1017 1251 sy-

261 1261 271 1277 1
292 1253 353 1280 nodi
380 1255 580 1283 instantissime
609 1265 638 1284 se
669 1258 777 1286 sistant.
804 1259 851 1287 Sin
880 1268 970 1290 autem
987 1271 1016 1291 se

265 1308 274 1324 1
294 1298 390 1327 sistere
405 1308 457 1328 non
474 1303 589 1336 possint,
607 1312 667 1330 cum
683 1305 774 1332 multa:
792 1307 872 1334 simul
897 1309 937 1342 (ut
953 1317 1015 1337 ere-

265 1354 275 1371 1
294 1346 375 1373 dibile
400 1348 452 1381 est)
477 1349 637 1376 exoriuntur
674 1353 875 1381 necessitates:
904 1355 954 1382 nisi
973 1357 1014 1383 sui

264 1403 274 1419 1
294 1394 478 1429 impedimenti
495 1397 625 1424 rationem
648 1406 697 1425 suo
718 1400 822 1431 primati
837 1401 1013 1434 reddiderint,

264 1448 273 1463 1
295 1440 408 1466 debeant
423 1440 440 1466 ii
458 1448 513 1468 suae
524 1447 585 1469 eSse
612 1443 732 1470 ecclesiae
746 1446 935 1473 communione
949 1455 1015 1474 con-

264 1495 272 1510 1
292 1491 367 1512 101111.
389 1496 398 1512 Ι

260 1531 358 1558 B.\LS.
376 1531 598 1569 Uninsenjnsque
624 1535 770 1568 provincia:
791 1537 944 1572 episcopos,
961 1540 1004 1574 qui
1026 1545 1050 1578 ο

225 1587 277 1605 non
292 1584 402 1612 propter
414 1584 520 1606 aetatem
537 1587 584 1606 seu
600 1588 755 1615 provectam
779 1589 949 1612 senectutem
970 1587 1010 1614 vel

224 1624 412 1650 valetudinem
430 1625 470 1651 vel
496 1625 577 1652 aliam
606 1628 796 1656 necessitatem
812 1629 1010 1663 impediuntur.

224 1670 257 1698 ad
275 1670 393 1698 indictas
422 1673 541 1706 synodos
567 1674 715 1700 convenire
739 1674 783 1701 hic
808 1683 893 1702 cotton
909 1677 1008 1711 jubet:

223 1721 250 1743 et
269 1724 332 1743 cum
349 1718 504 1752 congregati
534 1718 645 1750 fuerint,
673 1721 881 1755 metropolitano
898 1725 1010 1758 provin-

222 1763 281 1795 ciae,
312 1764 336 1789 in
365 1771 417 1798 qua
444 1769 485 1791 est.
515 1766 701 1799 unusquisque
727 1767 893 1802 signiﬁcare,
919 1776 946 1797 et
977 1779 1009 1799 ex

222 1817 387 1845 unoquoque
413 1819 539 1842 numero.
559 1812 617 1839 sive
640 1813 700 1840 dua:
724 1813 781 1840 sive
796 1818 851 1842 tres
866 1816 930 1843 ﬁant
946 1825 1010 1844 con-

221 1857 404 1892 gregationes.
419 1857 513 1892 (Forte
527 1858 611 1889 enim,
629 1865 663 1885 ne
681 1859 721 1886 vel
738 1860 771 1887 de
794 1860 1009 1891 habitationibus

220 1900 261 1928 vel
278 1901 310 1927 de
329 1902 408 1928 rebus
420 1903 582 1930 necessariis
593 1903 618 1929 in
640 1905 782 1938 angustias
795 1907 1006 1941 adducerentur.

219 1955 272 1973 non
304 1955 397 1976 omnes
412 1949 438 1976 in
455 1957 536 1976 unam
562 1949 656 1976 urbetu
684 1958 888 1987 convenerunt,
907 1956 954 1982 sed
980 1956 1006 1983 in

218 1994 286 2021 duas
302 1995 343 2022 vel
364 1999 421 2024 tres
437 2000 580 2034 metropoli
597 2002 787 2036 propinquas).
805 2001 1007 2029 lnstantissime

219 2045 309 2067 autem
326 2049 355 2068 se
367 2043 477 2076 sistere,
495 2046 545 2073 hoc
563 2052 613 2079 est.
629 2049 689 2075 sine
705 2049 758 2075 ulla
776 2048 907 2075 dilatione
921 2049 1006 2076 vicis-

218 2087 281 2119 εἶπ’.
298 2088 323 2115 id
341 2094 392 2122 est,
410 2098 457 2125 per
475 2092 558 2119 vices.
579 2093 673 2127 Neque
684 2095 756 2121 enim
782 2094 808 2120 in
825 2102 878 2121 uno
893 2094 938 2121 die
951 2095 1007 2121 sol-

219 2138 319 2160 vuntur
345 2136 460 2169 synodi;
486 2138 533 2164 sed
553 2138 579 2164 in
608 2139 742 2172 pluribus.
759 2139 787 2166 Si
813 2145 903 2166 autem
921 2148 951 2167 se
966 2140 1005 2167 si-

217 2183 290 2206 stere
318 2187 371 2207 non
400 2182 515 2215 possint,
540 2184 612 2216 quod
640 2191 654 2210 a
674 2184 814 2218 repentina
841 2186 1005 2213 necessitate

872 146 921 175 ΤΗ
928 144 1009 175 EOD.
1030 142 1232 176 BALSAMON

241 201 371 235 gravibus
399 200 515 235 injuriis.
532 208 592 235 quae
618 201 684 236 ipsis
719 202 887 232 inferuntur,
921 202 1011 229 assidu

1086 198 1213 233 ἀδικίαις,

1826 144 1882 178 Ξῠίε

1263 201 1395 235 διηνεκῶς
1434 201 1635 237 παρενοχλῆται
1671 202 1690 238 ἡ
1727 202 1880 238 ἐκκλησία,

1081 245 1164 280 ἤγουν
1180 247 1305 282 ὀχλήσεις
1323 247 1371 282 ἐχῃ
1399 247 1454 273 τῶν
1483 247 1671 284 ἀδικουμένων
1704 250 1883 284 προσιόντων

1081 292 1129 318 καὶ
1149 293 1304 327 ζητούντων
1316 293 1498 322 ἐκδικεῖσθαι.

1079 383 1188 410 ΑΡΙΣΤ.
1226 393 1233 409 1
1257 385 1315 411 Ἱνα
1344 383 1382 421 μὴ
1416 386 1429 412 ό
1458 386 1608 418 ἐπίσκοπος

1322 441 1331 457 ι
1354 432 1477 459 ἔστωσαν
1491 432 1602 460 ἔκδικοι.
1616 443 1626 458 1

1114 475 1174 502 Τῶν
1194 477 1318 510 πενήνων
1331 477 1408 512 παρὰ
1442 478 1497 504 τῶν
1513 478 1709 514 δυνατωτέρων
1731 480 1878 513 κακώσεις

1077 521 1283 556 ὑφισταμένων,
1309 525 1354 550 καὶ
1369 525 1416 551 ὑπ’
1432 525 1522 552 αὐτῶν
1537 525 1580 552 διὰ
1589 526 1690 558 ταύτας
1721 527 1778 553 τῶν
1816 529 1878 554 ἐπι-

1077 569 1188 594 σκᾶπων
1204 569 1419 604 ἐνοχλουμένων,
1446 570 1518 602 ἔδοξε
1540 573 1573 606 τῇ
1596 572 1700 607 συνόδῳ
1723 574 1757 600 ἐκ
1793 574 1876 608 βασι-

1076 613 1143 644 λέως
1159 615 1269 649 αἰτῆσαι
1281 617 1351 650 μετὰ
1379 617 1428 652 τῆς
1457 618 1513 643 τῶν
1537 619 1702 646 ἐπισκόπων
1738 622 1875 655 προνοίας

1077 661 1237 696 ἐπιλεγῆναι
1253 663 1387 695 ἐκδίκους,
1407 664 1451 691 ἵνα.
1470 665 1541 692 κατὰ
1567 666 1618 699 τῆς
1644 666 1700 692 τῶν
1729 667 1876 695 πλουσίων

1076 708 1237 740 τυραννίδος
1252 709 1443 741 ἀνθιστῶνται,
1465 713 1513 738 καὶ
1535 713 1558 738 οἱ
1581 712 1728 740 ἐπίσκοποι
1742 715 1809 740 ὅσον
1828 715 1874 741 ἐπὶ

1074 751 1180 784 τούτοις
1195 753 1369 789 ἁνενὸχλητοι
1386 756 1514 790 μένωσιν.

1347 800 1465 827 ΚΑΝΩΝ
1482 801 1544 828 ΟΘ’.

1076 851 1086 868 1
1099 843 1166 878 Περὶ
1186 844 1242 870 τῶν
1265 846 1301 880 μὴ
1323 846 1505 874 ἀπαντώντων
1517 849 1545 874 ἐν
1558 850 1616 880 ταῖς
1626 850 1745 881 συνόδοις
1755 852 1871 878 ἐπισκά-

1110 899 1120 916 ‹
1140 899 1209 917 πων.
1229 891 1345 926 Ὁμοίως
1361 893 1469 928 ἤρεσεν,
1486 894 1528 920 ἵνα
1542 895 1741 931 όσακισδήποτε
1757 897 1869 924 σύνοδον

1117 945 1126 961 1
1146 936 1186 962 δεῖ
1199 938 1376 972 συναχθῆναι,
1390 939 1582 975 οίέπίσκοποι,
1596 942 1694 974 οἵτινες
1705 943 1771 970 οὔτε
1787 945 1869 980 κεὶρᾳ

1109 991 1117 1007 1
1134 982 1196 1009 οὔτε
1209 984 1335 1020 ἀσθενείᾳ
1352 985 1413 1013 οὔτε
1433 988 1486 1014 τινὶ
1502 987 1641 1024 βαρυτέρᾳ⁸
1657 990 1770 1026 ἀνάγκῃ
1782 991 1871 1025 ἐμπο-

1109 1039 1118 1055 1
1138 1029 1257 1061 δίζονται
1267 1032 1403 1066 ἁρμοδίως
1413 1034 1579 1067 ἀπαντῶσιν,
1590 1036 1636 1062 καὶ
1646 1038 1700 1067 τοῖς
1708 1037 1871 1071 πρωτεὺω-

1107 1086 1116 1102 1
1137 1085 1179 1103 σιν
1191 1078 1309 1113 ἑκάστης
1325 1079 1393 1111 ιδίας
1411 1080 1500 1107 αὐτῶν
1522 1081 1658 1116 ἐπαρχίας
1678 1083 1864 1120 ἐμφανισθείη

1107 1132 1116 1149 ε
1140 1126 1202 1158 περὶ
1217 1124 1325 1151 πάντων
1334 1125 1387 1152 τῶν
1402 1126 1573 1160 ἐπισκόπων,
1588 1129 1642 1154 εἴτε
1656 1129 1703 1155 δύο
1717 1130 1776 1156 εἴτε
1790 1132 1867 1165 τρεῖς

1107 1177 1116 1194 ι
1137 1170 1327 1204 συναθροίσεις
1360 1172 1494 1206 γένωνται
1517 1182 1524 1188 ·
1550 1174 1598 1200 καὶ
1625 1174 1679 1201 ἀπὸ
1702 1175 1825 1203 ἑκάστου
1837 1177 1865 1204 δέ

1105 1221 1115 1238 1
1136 1214 1254 1249 ἀριθμοῦ
1269 1217 1307 1247 εἰς
1318 1215 1435 1251 ἀμοιῦὴν
1450 1217 1610 1253 ὁσοιδὴποτε
1624 1220 1778 1254 ἐπιλεγῶσι
1795 1223 1864 1257 πρὸς

1109 1269 1118 1285 1
1135 1260 1184 1293 τὴν
1191 1263 1227 1297 ὴμ
1234 1263 1297 1296 ἐραν
1306 1262 1353 1297 τῆς
1365 1263 1473 1289 συνόδου
1482 1265 1646 1296 ἐνστατικῶς
1654 1266 1763 1301 ἁπαντή
1769 1276 1863 1298 σωσιν.

1105 1319 1114 1334 1
1139 1309 1201 1335 Ἐὰν
1213 1310 1240 1335 δὲ
1254 1310 1291 1344 μὴ
1306 1310 1458 1345 δυνηθῶσιν
1478 1312 1762 1348 ἀπαντῆσαι,ἀθρόων
1773 1315 1858 1342 τινῶν

1105 1364 1113 1380 1
1133 1355 1271 1388 ἀναγκῶν,
1283 1356 1320 1387 ὡς
1329 1357 1414 1389 six",
1422 1358 1630 1393 ἀναφυομένων,
1641 1361 1713 1395 εἰμὴ
1725 1361 1862 1397 τὸνμόγον

1103 1413 1112 1429 1
1129 1403 1176 1430 τοῦ
1195 1404 1296 1430 οἰκείου
1322 1405 1495 1440 ἐμποδισμοῦ
1511 1407 1587 1442 παρὰ
1602 1407 1641 1442 τῷ
1662 1408 1760 1444 οἰκείῳ
1786 1418 1863 1446 πρω-

1103 1458 1112 1474 ι
1133 1449 1238 1477 τεύοντι
1249 1451 1439 1484 ἀποδώσωσιγ,
1451 1452 1569 1485 ὀφείλειν
1581 1453 1645 1485 τοὺς
1669 1454 1811 1487 τοιούτους
1828 1458 1859 1492 τῇ

1105 1506 1114 1522 1
1143 1497 1274 1532 κοινωνίᾳ
1287 1497 1337 1532 τῆς
1349 1498 1417 1533 ἰδίας
1437 1499 1528 1525 αὐτῶν
1542 1499 1685 1534 ἀρκεῖσθαι
1697 1502 1859 1537 ἐκκλησίας.

1101 1543 1199 1570 ΒΔΛΣ.
1241 1542 1311 1575 Τοὺς
1353 1543 1520 1574 ἐπισκόπους
1564 1545 1684 1580 ἐκᾶστης
1722 1546 1860 1582 ἐπαρχίας

1064 1590 1176 1616 ἀπαιτεί
1192 1591 1205 1616 ὸ
1219 1589 1310 1617 κανὼν
1331 1590 1513 1626 συνέρχεσθαι
1535 1592 1575 1622 είς
1604 1593 1654 1624 τὰς
1683 1594 1860 1627 τυπουμένας
1894 1622 1896 1629 η

1064 1635 1201 1666 συνόδους,
1215 1636 1280 1668 τοὺς
1290 1636 1333 1671 μὴ·
1359 1636 1402 1663 διὰ
1433 1638 1541 1672 κείραν,
1570 1639 1654 1673 ἣγουν
1683 1639 1796 1673 ἡλικίαν
1813 1640 1860 1665 καὶ

1061 1684 1150 1718 γῆρας
1165 1684 1244 1719 βαθὺ,
1258 1685 1274 1720 ἢ
1290 1684 1462 1719 ἀσθένειανῆ
1478 1685 1561 1720 ἄλλην
1589 1685 1716 1720 ἀνάγκην
1744 1687 1858 1721 ἐμποδι-

1062 1729 1214 1763 ζομένους·
1247 1729 1296 1756 καὶ
1332 1730 1527 1764 συναχθέντας,
1554 1731 1660 1762 εἴδησιν
1689 1732 1794 1758 διδόναι
1819 1732 1857 1766 τῷ

1063 1776 1248 1812 μητροπολίτῃ
1264 1776 1314 1810 τῆς
1325 1777 1461 1812 ἐπαρχίας
1485 1778 1533 1810 ἀφ’
1553 1776 1589 1813 ἦς
1614 1778 1691 1804 ἐστιν
1724 1778 1854 1810 ἕκαστος.

1061 1822 1109 1847 καὶ
1124 1822 1171 1855 ἀφ’
1187 1822 1305 1848 ἑκάστου
1343 1822 1473 1857 ἀριθμοῦ,
1513 1822 1569 1849 εἴτε
1590 1822 1636 1849 δύο
1687 1824 1742 1849 εἴτε
1782 1825 1856 1859 τρεῖς

1062 1867 1249 1902 συναθροίσεις
1260 1867 1407 1900 γένωνται.
1432 1869 1526 1903 (Ἴσως
1540 1869 1606 1903 γὰρ,
1627 1869 1673 1895 ἵνα
1695 1870 1765 1903 μήτε
1791 1869 1854 1904 περὶ

1059 1913 1110 1944 τὰς
1125 1913 1292 1946 καταγωγὰς
1314 1914 1537 1950 στενοχωρῶνται
1563 1915 1632 1950 μήτε
1654 1915 1707 1950 μὴν
1732 1917 1798 1951 περὶ
1821 1916 1854 1942 τὰ

1059 1959 1189 1994 χρειώδη,
1210 1960 1261 1985 οὐκ
1275 1961 1315 1991 εἰς
1339 1960 1404 1995 μίαν
1434 1961 1536 1992 πάντες
1567 1961 1736 1996 συνήρχοντο
1762 1961 1853 1993 πόλιν,

1059 2005 1120 2031 ἀλλ’
1137 2005 1178 2036 εἰς
1193 2005 1241 2031 δύο
1255 2005 1270 2040 ἢ
1290 2007 1366 2040 τρεῖς
1385 2005 1589 2042 πλησιαζούσας
1604 2008 1637 2042 τῇ
1658 2008 1852 2041 μητροπόλει.)

1066 2051 1251 2081 Ἔνστατικῶς
1266 2051 1295 2078 δὲ
1311 2053 1447 2087 ἀπαντᾷν,
1474 2053 1559 2088 ἤγουν
1587 2053 1794 2088 ἀνυπερθέτως,
1812 2055 1852 2085 εἰς

1057 2096 1188 2132 ἀμοιΰὴν,
1205 2097 1346 2124 τουτέστιν
1362 2098 1518 2132 ἀμοιϐαδὸν.
1537 2099 1575 2125 Οὐ
1584 2099 1638 2134 γὰρ
1653 2100 1682 2125 ἐν
1695 2100 1744 2134 μιᾷ
1755 2100 1848 2134 ἡμέρᾳ

1057 2144 1084 2169 αἱ
1100 2142 1206 2170 σύνοδοι
1220 2143 1342 2175 ἐλύοντο,
1373 2143 1430 2170 ἀλλ’
1444 2145 1473 2170 ἐν
1496 2145 1627 2171 πλείοσιν.
1658 2145 1720 2171 Ἐὰν
1751 2146 1780 2172 δὲ
1814 2145 1849 2180 μὴ

1056 2187 1207 2222 δυνηθῶσιν
1221 2190 1378 2224 ἀπαντῆσαι
1396 2191 1439 2216 διὰ
1451 2192 1481 2217 τδ
1510 2191 1709 2226 ἐμποδισθῆναι
1737 2191 1790 2218 ὑπὸ
1808 2193 1848 2218 αἱ·

1647 387 1857 423 παρενοχλῆται
1871 409 1880 420 ,

217 2224 416 2259 impediantur,
431 2228 538 2261 primati
556 2229 687 2256 rationem
711 2230 896 2264 impedimenti
917 2238 1000 2265 expo-

1086 2235 1159 2261 u8iou
1174 2236 1306 2269 ἀνάγκης,
1324 2236 1424 2262 διδόναι
1455 2236 1551 2269 λόγους
1591 2235 1638 2262 τοῦ
1670 2237 1847 2271 ἐμποδισμοῦ

216 2277 281 2298 nant
297 2279 304 2298 :
323 2272 366 2304 sin
394 2273 446 2300 hoc
478 2282 530 2301 non
562 2275 688 2308 fecerint,
713 2277 769 2304 sola
803 2284 858 2304 sua:
880 2279 1003 2306 ecelesize

216 2320 408 2346 communione
421 2321 542 2348 contenti
560 2322 632 2355 sint;
647 2323 707 2351 aliis
724 2331 775 2350 una
788 2331 849 2351 cum
862 2323 929 2359 ipsis
947 2331 1002 2352 non

213 2364 485 2393 communicantibus.
508 2367 539 2394 Et
558 2368 584 2395 in
605 2369 646 2396 bis
672 2369 780 2405 quidem
806 2371 931 2398 consistit
956 2378 1002 2398 ca-

215 2417 278 2437 non.
291 2409 330 2437 Tu
344 2416 432 2438 autem
449 2413 511 2440 binc
524 2420 585 2440 nota
598 2423 695 2442 novum
708 2417 1001 2445 excommunicationis

213 2463 308 2490 genus.
322 2456 374 2483 Alii
393 2459 463 2485 enim
486 2467 604 2487 canones
620 2461 756 2494 accipiunt
779 2463 1002 2490 excommunica-

213 2502 333 2536 tionem;
349 2504 420 2538 quod
436 2505 546 2539 quidem
568 2506 664 2534 attinet
685 2507 718 2534 ad
734 2508 895 2543 episcopos;
912 2514 940 2536 ut
959 2511 1001 2537 ni-

213 2547 250 2575 1111
275 2549 444 2582 sacerdotale
469 2550 589 2578 obeant:
610 2560 729 2586 praesens
744 2558 832 2580 autem
851 2562 937 2582 canon
953 2563 1001 2583 eos

212 2602 227 2621 a
253 2602 332 2622 sacro
363 2596 515 2625 ministerio
545 2606 598 2624 nou
632 2599 762 2634 impedit,
793 2601 839 2628 sed
858 2607 998 2636 separata

212 2641 379 2676 reliquorum
393 2643 505 2670 fratrum
523 2646 726 2673 communione.

239 2733 322 2769 614
330 2733 680 2772 ZONAR.Uniuscujusque
688 2738 834 2772 provincia:
843 2741 997 2776 episcopos,

210 2778 424 2813 quotiescunque
441 2781 561 2816 synodus
579 2782 700 2810 habenda
718 2784 763 2817 sit,
781 2785 831 2813 nisi
847 2790 929 2813 aetate
941 2793 996 2820 jam

209 2825 304 2853 auecta
323 2825 456 2862 cll'etaque
476 2835 615 2858 senectute
635 2831 676 2858 vel
696 2831 852 2858 inﬁrmitate
875 2839 997 2867 corporis

210 2871 401 2907 impediantur.
426 2876 465 2902 \‘cl
481 2876 554 2909 gravi
572 2876 622 2904 alia
644 2877 676 2905 dc
700 2885 782 2904 causa
811 2877 991 2912 detineantur,

1056 2281 1133 2315 παρὰ
1146 2281 1183 2314 τῷ
1199 2281 1388 2316 πρωτεύοντι·
1408 2282 1432 2308 εἰ
1455 2281 1537 2317 δὲμὴ
1573 2281 1653 2308 τοῦτο
1691 2283 1847 2318 ποιήσουσι,

1056 2327 1124 2362 μόνῃ
1135 2328 1167 2362 τῇ
1184 2327 1312 2362 κοινωνίᾳ
1334 2327 1383 2362 τῆς
1415 2328 1564 2362 ἐκκλησίις
1585 2327 1655 2359 ιδίας
1689 2329 1846 2363 ἀρκεῖσθαι.

1054 2373 1156 2406 ἐτέρων
1167 2373 1260 2404 αὐτοῖς
1271 2372 1308 2408 μὴ
1322 2373 1587 2407 συγκοινωνούντων.
1602 2374 1656 2400 Καὶ
1671 2375 1685 2400 ό
1695 2375 1746 2409 μὲν
1756 2375 1843 2401 κανὼν

1054 2419 1083 2444 ἐν
1096 2419 1212 2451 τούτοις.
1227 2419 1263 2445 Σὺ
1283 2419 1310 2445 δὲ
1326 2419 1479 2454 σημείωσαι
1500 2420 1658 2454 καινότερον
1691 2421 1845 2455 ἀφορισμὺν

1054 2464 1202 2491 ἐκτούτου.
1223 2465 1314 2491 ’Λλλοι
1342 2465 1390 2499 μὲν
1405 2465 1459 2500 γὰρ
1480 2465 1591 2496 κανόνες
1610 2465 1656 2491 τὸν
1689 2466 1843 2500 ἀφορισμον

1054 2509 1281 2544 ἐκλαμϐάνονται,
1291 2511 1353 2536 ὅσον
1372 2510 1441 2542 τέως
1456 2511 1495 2541 είς
1508 2511 1571 2541 τοὺς
1603 2511 1789 2542 ἐπισκόπους,
1806 2513 1843 2541 εἰς

1053 2556 1082 2582 τὸ
1099 2557 1165 2590 μηδὲ
1181 2556 1248 2587 ὅλως
1278 2556 1416 2589 ἱερατικὸν
1441 2565 1468 2582 τι
1495 2557 1637 2591 ἐνεργεῖν·
1657 2558 1671 2582 ὁ
1696 2557 1726 2583 δέ
1749 2558 1843 2592 παρὼν

1051 2603 1141 2629 κανὼι
1156 2604 1205 2629 οὐκ
1226 2602 1366 2636 ἐμποδίζει
1383 2603 1495 2634 τούτους
1513 2604 1546 2629 ἐκ
1561 2603 1610 2637 τῆς
1630 2603 1840 2638 ἱεροτε).εστίας,

1050 2649 1153 2675 mnu
1180 2649 1230 2682 τῆς
1251 2650 1394 2680 κοινωνίας
1431 2649 1544 2684 χωρίζει
1574 2649 1625 2684 τῆς
1655 2649 1711 2674 τῶν
1743 2649 1842 2676 λοιπῶν

1053 2693 1188 2726 ἀδελφῶν.

1086 2741 1209 2767 ΖΩΝΑΡ.
1232 2741 1445 2776 Ἀπαραιτὴτως
1463 2741 1577 2768 ἁπαιτεί
1602 2741 1616 2767 ὀ
1642 2741 1736 2768 κανὼν
1762 2744 1840 2770 συνά-

1049 2785 1149 2820 γεσθαι
1166 2787 1229 2817 τοὺς
1240 2787 1408 2818 ἐπισκόπους
1428 2787 1548 2822 ἑκάστης
1575 2788 1722 2822 ἐπαρχίας.
1747 2789 1839 2820 ὁσάκις

1049 2834 1129 2868 χρεία
1149 2835 1351 2867 ἐπιγενέσθαι
1385 2835 1504 2867 σύνοδον,
1539 2836 1562 2861 εί
1592 2835 1630 2870 μὴ
1657 2835 1701 2862 διὰ
1732 2838 1837 2872 κείριν.

1051 2880 1134 2915 ἡγουν
1152 2880 1261 2914 ὴλικῐαν
1292 2880 1467 2916 προήκουσαν
1503 2881 1548 2908 καὶ
1581 2881 1668 2916 γῆρας
1710 2882 1794 2916 βαθὺ,
1823 2882 1837 2917 ἢ
