1905 3083
32 171 72 203 Μ
526 166 567 198 ΙΝ
588 165 669 196 CAN.
682 165 788 195 LXXX
806 166 812 192 ί

872 163 912 194 lC.
933 161 1122 193 CARTHAG.

1588 158 1642 191 290

32 232 154 260 ἀσθένειαν
169 228 369 265 ὲμποδίζοιντο,
390 228 406 263 ἡ
425 235 478 253 τινι
504 226 571 262 ἄλλῃ
607 225 802 260 βαρεία”περι-

872 223 1001 250 onvenire
1016 222 1128 250 omnino
1140 221 1184 248 ltic
1194 228 1280 248 canon
1306 219 1402 255 jubet;
1423 222 1451 246 et
1467 218 1512 246 tibi
1525 218 1642 253 primum

34 279 110 305 στάσει
124 277 291 310 συνέχοιντο,
305 274 353 301 καὶ
368 272 552 307 συναχθέντας
574 272 678 306 εἴδησιν
701 271 802 297 διδόναι

33 325 61 358 τῷ
73 322 257 358 μητροπολίτῃ
269 321 317 356 τῆς
329 319 475 355 ἐπαρχίας,
490 318 536 352 ἀφ’
545 316 578 354 ἧς
595 318 670 344 ἔστιν
678 317 804 349 ἕκαστος,

33 373 70 397 ul.
83 371 124 403 ἀφ’
142 370 263 396 ἑκάστου
289 366 453 402 ἁθροισμοῦ,
500 366 555 391 εἴτε
579 364 626 391 δύο
652 365 707 390 εἴτε
729 365 804 398 τρεῖς

35 415 204 451 συναθροίσας
222 415 356 449 γένωνται
372 412 449 446 (ἴσως
462 412 527 446 γὰρ.
559 410 603 437 ἵνα
638 411 708 445 μήτε
741 410 805 444 περὶ

34 464 70 493 τὰς
80 461 242 495 καταγωγὰς
258 458 491 493 στενοχωρῶνται,
508 457 578 492 μήτε
592 457 646 492 μὴν
679 456 744 491 περὶ
769 455 804 482 τὰ

35 508 145 543 χρειώδη,
160 507 212 536 οὐκ
228 507 270 538 είς
306 505 372 541 μίαν
390 506 492 535 πάντες
520 503 687 538 συνήρχοντο
715 501 804 534 πόλιν,

35 553 123 585 ἁλλέίς
133 552 180 579 δύο
196 553 213 588 ἢ
228 553 304 587 τρεῖς
334 549 540 585 πλησιαζούσας
564 551 598 584 τῇ
626 547 805 583 μητροπόλει)

36 598 180 628 ἑνετατικῶς
202 597 341 631 ἀπαντᾷν,
357 595 415 622 ἀντὶ
435 594 482 621 τοῦ
506 593 709 628 ἁνυπερθέτως,
721 593 806 627 ἀπρο-

36 646 155 678 ςσσὶστως
174 643 244 678 πρὸς
258 643 307 678 τὴν
324 642 432 677 ἡμέραν
450 640 499 674 τῆς
523 639 647 671 συνόδου,
667 640 706 670 εἰς
723 639 806 674 ἀμοι-

40 691 86 724 ίὴν,
98 689 233 716 τουτέστιν
248 687 407 722 ἀμοιϐαδὸν.
428 687 467 713 Οὐ
479 686 534 720 γὰρ
548 686 577 711 ἐν
599 685 649 720 μιᾷ
669 685 761 720 ἡμέρᾳ
779 685 809 711 at!

38 736 124 762 εὑνοδοι
138 735 288 766 διελύοντο,
309 734 367 760 ἀλλ’
378 735 408 760 ὲν
424 733 542 765 πλείοσι,
565 733 613 758 καὶ
631 731 711 757 τοῦτο
723 730 806 765 δῆλον

37 783 61 808 ἐκ
74 782 165 816 ταύτης
181 782 231 815 τῆς
254 781 365 807 συνόδου
384 780 454 808 ὲστί.
486 779 638 813 Διαφόρους
664 778 718 813 γὰρ
738 777 809 811 πρά-

39 829 80 860 ξεις
90 827 296 863 δηλοῖγενέσθαι
313 828 341 853 ἐν
353 826 448 858 ἄλλαις
474 825 522 852 καὶ⁹
548 824 644 856 ἄλλαις
673 824 806 858 ἡμέραις.

42 874 181 909 ’Δμοιῢαδὸν
194 874 233 905 δὲ,
252 874 339 909 ἤγουν
351 872 447 899 ἄλλοτε
475 871 572 902 ἄλλους
599 870 733 905 ἁπαντᾷν,
750 870 808 896 ὅσοι

38 921 189 954 ἐπελεγῶσιν,
213 920 278 946 Ἐὰν
292 919 368 954 δὲμὴ
382 918 517 952 δυνηθῶσι
528 918 695 952 ἀπαντῆσαι,
710 916 808 951 ἀθρόον

40 968 229 1001 ἀλσᾳυομένων,
247 967 381 1000 αἰφνίδιον
396 964 521 999 δηλονότι
555 964 603 991 καὶ
625 963 807 994 ἀνελπίστω;,

40 1013 116 1039 αἰτιῶν
126 1013 299 1047 ἀναγκαίων,
320 1012 432 1039 ἀπαιτεῖ
447 1010 511 1042 τοὺς
537 1010 575 1045 μὴ
599 1010 808 1044 ἀπαντήσοντας

38 1059 100 1094 λόγον
112 1059 266 1086 ἀποδιδόναι
285 1058 364 1093 παρὰ
374 1057 413 1093 τῷ
427 1056 615 1093 μητροπολίτῃ
639 1055 722 1082 αὑτοῦ
740 1054 810 1082 ἑκα-

40 1113 96 1138 στον,
109 1105 122 1140 ἢ
138 1106 174 1140 μὴ
183 1104 362 1134 ἀποδιδόντα,
376 1103 445 1138 μόνῃ
461 1103 496 1138 τῇ
509 1101 641 1136 κοινωνίᾳ
668 1100 717 1134 τῆς
741 1100 809 1132 ιδίας

40 1150 164 1186 ἐκκλησίας
185 1150 344 1185 ἀρκεῖσθαι,
374 1148 474 1184 ἑτέρων
495 1148 570 1183 αὑτῷ
595 1148 633 1183 μὴ
662 1155 811 1181 συγκοινω-

41 1196 145 1223 ιούντων.

40 1242 130 1270 ΑΡΙΣῘ.
157 1251 166 1269 ‹
184 1244 215 1270 Οἱ
244 1242 283 1278 μὴ
302 1241 476 1273 ἀπαντῶντες
488 1241 517 1268 ὲν
544 1241 576 1275 τῇ
601 1239 662 1267 κατ’
686 1239 811 1266 ἐνιαυτὸν

69 1289 196 1324 ισυνὸδῳ,
222 1289 248 1315 εί
278 1288 318 1324 μὴ
334 1287 490 1323 ἀϐουλήτως
516 1286 663 1314 κωλύοιντο
677 1307 685 1319 ,
709 1286 743 1320 τῇ
761 1284 812 1319 τῆς

70 1344 77 1360 ι
98 1334 162 1366 ιδίας
180 1336 331 1370 ἐκκλησίας
345 1334 535 1368 ἀρκείσθωσαν
550 1331 688 1366 κοινωνίᾳ.
706 1341 715 1356 ι

67 1381 133 1407 ’οσοι
147 1381 201 1408 τῶν
212 1381 373 1408 ἐπισκόπων
389 1381 417 1406 ὲν
431 1381 464 1415 τῇ
473 1380 575 1414 συνόδῳ
591 1379 711 1412 ἑκάστης
721 1376 812 1404 αὐτῶν

44 1426 157 1461 ίπσρχὶας
169 1427 219 1454 οὐκ
248 1427 452 1462 ἀπαντήσουσι,
482 1426 551 1461 μήτε
587 1423 639 1451 ὑπὸ
665 1422 811 1460 γήρους,ἢ

42 1473 173 1506 ἀσθενείας,
185 1473 242 1500 εἴτε
254 1474 331 1505 τινος
346 1472 506 1508 βαρυτάτης
522 1471 646 1505 ἀνάγκης
662 1468 811 1504 ἐμποδιζό-

46 1519 234 1553 μενοι,ἁλλ’ὲκ
266 1518 406 1556 ῥᾳθυμίας
438 1518 455 1554 ἢ
501 1517 549 1544 καὶ
579 1516 812 1550 καταφρονήσεως

43 1565 105 1592 τοῦτο
118 1565 267 1598 ποιοῦντες,
283 1564 438 1599 ἀδελφικῶς
455 1564 616 1599 ὠρίσθησαν
645 1563 812 1597 ἐπιπλήττε-

45 1611 102 1638 σῦσι.
119 1612 145 1638 ’0
161 1613 188 1639 δὲ
198 1613 297 1648 παρὼν
306 1611 397 1639 κανὼν
416 1611 462 1638 καὶ
480 1611 511 1637 τὸ
532 1608 603 1640 εἶδος
617 1611 667 1645 τῆς
695 1609 811 1645 ἑπιπλή-

45 1655 199 1693 ξεωςτίθησι,
217 1659 402 1694 προστάττων
430 1658 493 1688 τοὺς
522 1657 740 1688 συνεπισκόπους
763 1656 811 1682 καὶ

47 1704 204 1739 συνσδελφοὺς
241 1704 334 1731 αὐτῶν
371 1704 408 1738 μὴ
430 1704 623 1737 συγκοινωνεῖν
650 1702 743 1733 αὐτοῖς
765 1701 812 1728 καὶ

46 1748 241 1786 συλλειτουργείν
259 1758 267 1765 ·
282 1747 333 1776 an
358 1750 388 1775 ἐν
405 1750 500 1784 μόναις
523 1749 583 1780 ταῖς
613 1748 692 1780 ἰδίαις
721 1747 812 1774 αὐτῶν

44 1794 178 1830 ἐκκλησίαις
189 1794 347 1830 ἀρκεῖσθαι,
359 1795 406 1821 καὶ
423 1794 593 1829 λειτουργεῖν
606 1794 634 1820 ὲν
648 1794 756 1825 αὐταῖς.

315 1840 434 1867 ΚΔΝΩΝ
458 1838 497 1867 11'.

48 1884 123 1920 «Περὶ
140 1885 325 1920 Κρεσκωνίου.
343 1885 410 1920 Περῖ
428 1884 603 1920 Κρεσκωνίου
626 1884 673 1911 τοῦ
694 1884 814 1920 Βη).αρ;-

77 1938 85 1955 ι
99 1931 193 1957 κεντίου
209 1932 291 1958 τοίτο
300 1932 382 1957 πᾶσιν
399 1930 499 1964 ἔδοξεν,
521 1930 563 1956 ἵνα
574 1929 698 1957 ἐντεῦθεν
714 1930 814 1965 ὁμοίιος

77 1986 84 2001 ι
96 1978 219 2012 ἑμφανείη
229 1978 268 2012 τῷ
277 1976 448 2012 πρωτεύοντι
463 1977 511 2012 τῆς
525 1977 687 2012 Νουμιδίας,
703 1977 770 2012 πρὸς
783 1977 814 2003 τὸ

77 2031 84 2046 t
99 2023 186 2050 ειδέναι
207 2024 301 2056 αὐτὸν,
315 2022 434 2057 ὀφείλειν
453 2023 614 2057 γράμμασιν
623 2023 734 2054 οἰκείοις
745 2024 814 2056 πρῦς

76 2078 85 2098 t
101 2079 148 2098 συν.
156 2071 246 2099 λευσιν
254 2071 460 2108 προτρέψασθαι
468 2072 513 2098 τὸν
521 2072 741 2107 μνημονευθέντα
749 2074 768 2098 Κ
775 2081 815 2107 ρε‹

76 2125 85 2142 ι
101 2117 205 2145 σκώνιον
225 2125 233 2133 ·
256 2118 327 2144 ὥστε
353 2117 390 2152 μὴ
407 2116 574 2152 ὑπερθέσθαι
591 2117 641 2152 τὴν
662 2119 815 2152 παρουσίαν

76 2170 84 2188 ι
98 2164 171 2191 α)τοῦ
179 2166 210 2199 τῇ
224 2162 412 2200 πλησιαζούσῃ
426 2163 558 2199 συμπάσῃ
588 2163 738 2199 Ἀφρικάνῃ
754 2173 816 2190 συν-

79 2219 86 2233 ι
102 2210 303 2245 ὁδῳπαρασλεῐν
316 2217 322 2224 ·
340 2210 387 2235 ἐὰν
400 2209 428 2235 δὲ
439 2208 485 2235 τἰὗ
503 2209 591 2236 ἐλθεῖν
605 2211 812 2246 καταφρονήσῃ,

77 2264 86 2281 t
101 2255 164 2283 Enn)
172 2256 248 2287 eiit‘u;
259 2255 322 2283 κατ’
333 2254 414 2281 αὑτοῦ
422 2255 512 2290 ψῆφον
523 2256 786 2291 νομοθετησομὲνην.
801 2265 811 2282 ›
831 2251 852 2278 ί)

75 2301 159 2329 ΒΛΔΣ.
174 2303 221 2330 Διὰ
235 2302 285 2329 τοῦ
295 2302 470 2336 Κρεσκωνίου
489 2301 647 2337 ἐπιτίθησιν
675 2303 689 2329 ὁ
720 2302 812 2329 κανὼν

50 2347 151 2383 ανάγκην
169 2350 223 2380 τοίς
241 2348 408 2379 ἐπισκόποις
422 2348 452 2374 ὲν
463 2349 524 2379 ταῖς
541 2348 664 2380 συνόδοις
692 2350 814 2385 ἀπαραιο

49 2395 120 2427 vim;
134 2395 321 2431 συνέρχεσθαι·
334 2395 380 2422 καὶ
391 2396 447 2426 τοῖς
460 2395 663 2430 καταφρονοῦσι
677 2395 726 2430 τῆς
738 2405 817 2423 συνε-

49 2439 146 2472 λεύσεως
164 2443 271 2469 ἀπειλεῖ
285 2442 462 2477 κατάκρισιν.
485 2442 522 2468 Τὸ
547 2443 576 2469 δὲ
611 2439 682 2474 εἶδος
713 2443 816 2479 ταύτης

51 2487 73 2510 οὐ
86 2485 162 2520 λέγει.
180 2489 209 2514 '0
224 2488 319 2523 μέντοι
333 2487 359 2519 ς’
380 2488 472 2514 κανὼν
492 2488 543 2522 τῆς
572 2488 693 2524 έῦδόμης
705 2490 815 2517 συνόδου

52 2533 99 2562 τῡὺς
110 2533 153 2566 μὲν
167 2534 319 2566 κωλύοντας
334 2534 468 2569 ἄρχοντας
483 2533 609 2568 τίνεσθαι
629 2535 677 2566 τὰς
691 2536 818 2571 ἐτησίους

55 2579 159 2611 συνόδους
177 2581 360 2616 ἀφορίζεσθαι
390 2579 553 2615 διορίζεται,
582 2581 646 2613 τοὺς
669 2580 698 2607 δὲ
732 2582 818 2617 χωρὶς

54 2622 145 2658 Elii/mu
161 2628 325 2662 προφάσεως
343 2626 514 2660 ἀμελοῦντας
540 2625 644 2653 τούτων
677 2635 818 2662 μητροπο-

54 2667 115 2700 λίτας
130 2674 181 2703 τοῖς
206 2673 362 2703 κανονικοῖς
389 2672 609 2699 καθυποόἀλλειν
655 2674 816 2708 ἐπιτιμίοις.

57 2713 108 2740 [luta
119 2716 143 2742 δὲ
167 2718 214 2743 καὶ
232 2718 293 2744 τίνα
307 2718 361 2744 elo!
374 2718 409 2744 τὰ
427 2720 559 2753 ἐπιτίμια
573 2718 663 2753 ῥητῶς
677 2719 706 2745 οὐ
720 2721 821 2754 γέγρα-

57 2767 117 2787 πται.
134 2762 174 2794 Ὧς
191 2763 279 2790 έοικεν
298 2762 356 2796 οὖν,
387 2764 421 2790 τὰ
436 2764 465 2790 ἐν
492 2763 532 2798 τῷ
567 2763 697 2798 ἀνωτέρω
725 2765 818 2791 κανόνι

58 2809 219 2844 περιεχόμενα
236 2811 318 2837 εἰσιν.
339 2810 490 2844 Ἀνάγνωθι
506 2810 554 2836 καὶ
581 2810 627 2836 τὸν
655 2809 774 2846 ρηθέντα
789 2809 818 2843 ς’

59 2853 137 2878 milia
160 2855 206 2888 τῆς
226 2853 248 2887 ζ’
261 2855 381 2888 συνόδου,
400 2857 446 2882 καί
479 2856 525 2883 τὸν
537 2855 617 2882 ἕκτον
638 2856 687 2891 τῆς
714 2857 744 2883 ὲν
775 2856 815 2891 τῷ

60 2896 171 2934 homo),
183 2903 230 2928 καὶ
245 2903 279 2929 τὰ
295 2903 325 2928 ἐν
356 2903 459 2936 αὐτοῖς.

857 269 1036 300 advenerim,
1066 267 1275 302 metropolitano
1291 267 1421 301 singulos,
1433 273 1465 293 ex
1483 273 1535 300 qua
1550 273 1579 292 se
1600 264 1642 292 fe-

857 321 930 347 rant,
948 315 1092 349 previncize
1119 314 1292 348 significare;
1310 318 1365 338 tum
1387 320 1450 338 vero
1470 319 1503 339 ex
1529 311 1643 346 singulis

858 361 991 388 classibus
1007 361 1063 387 sive
1086 360 1146 387 dum
1171 360 1227 386 sive
1254 363 1308 386 tres
1331 358 1460 385 instituta:
1477 358 1577 385 iuerint
1593 357 1645 392 (et-

864 407 945 438 enim,
964 414 997 434 ne
1015 406 1056 433 vel
1070 406 1160 440 inopia
1178 405 1241 432 tecti
1258 409 1456 441 prenterenlur,
1474 404 1514 431 vel
1530 406 1562 430 ad
1580 411 1645 430 usus

859 453 921 480 vita:
939 452 1094 479 necessaria
1108 452 1269 484 deficerent,
1286 459 1339 478 non
1359 452 1385 478 iu
1401 458 1452 477 una
1467 450 1538 477 forte
1551 457 1645 478 omnes

860 499 927 526 urbe
954 499 1142 531 considebant,
1161 498 1207 526 sed
1227 499 1253 525 in
1279 498 1383 525 duabus
1406 496 1530 523 tribusve
1546 500 1639 522 metro

860 547 914 581 poli
928 545 1070 580 proximis)
1084 546 1116 571 ad
1130 545 1199 572 diem
1213 544 1316 579 synodo
1330 542 1489 577 prmiinitnm
1503 541 1645 570 instanter,

860 594 911 621 hoc
927 597 979 624 est,
997 592 1058 619 sine
1077 591 1130 618 ulla
1147 590 1371 625 tergiversatione
1389 591 1434 615 aut.
1451 595 1525 614 mora
1544 593 1647 621 prope-

861 645 954 667 ranter
966 639 1097 666 accedere
1112 638 1246 669 vicissim,
1266 637 1316 663 hoc
1330 639 1382 667 est,
1400 642 1447 669 per
1460 633 1542 661 vices.
1556 631 1648 666 Neque

860 686 933 712 enim
957 692 1012 712 uno
1029 684 1082 716 die,
1097 684 1143 711 sed
1162 683 1285 718 pluribus
1304 681 1398 716 synodi
1416 680 1646 707 absolvebanlur:

861 731 933 767 quod
948 739 979 758 ex
998 731 1050 758 hac
1066 737 1174 765 quoque
1198 729 1326 760 colligere
1351 727 1430 753 facile
1452 730 1504 758 est,
1522 732 1555 752 ex
1573 723 1649 757 cujus

861 778 998 806 actionum
1015 776 1226 811 muttiplicitate,
1243 774 1365 809 pluribus
1392 780 1451 800 eam
1466 771 1563 798 diebus
1578 769 1650 797 cele-

860 825 967 853 bratam
996 823 1078 850 fuisse
1095 826 1217 857 apparet.
1237 820 1288 847 Per
1320 819 1394 846 vices
1409 822 1511 850 autem,
1530 817 1581 844 hoc
1595 821 1649 847 est,

862 877 892 900 ut
908 872 986 899 modo
1004 871 1058 903 hic,
1085 869 1164 896 modo
1180 868 1236 900 alii,
1251 867 1407 902 quicunque
1438 865 1549 892 dcntuttt
1569 863 1646 890 electi

825 907 845 935 Β
867 919 979 949 fuerint.
1010 924 1038 944 se
1058 915 1083 942 in
1102 915 1205 951 synodo
1231 914 1340 940 sistant.
1360 911 1388 938 Si
1418 917 1482 937 vero
1510 909 1536 936 id
1559 909 1650 935 minus

857 966 977 1001 possint.
996 963 1160 991 necessariis
1185 959 1389 995 impedimentis
1403 965 1436 985 cx
1460 955 1609 991 improviso
1623 959 1650 981 et

867 1014 1056 1047 inexspectato
1085 1007 1226 1037 confertim
1241 1006 1366 1038 obortis;
1385 1009 1413 1030 ttt
1429 1003 1582 1039 quicunque
1596 1008 1649 1028 non

862 1058 1008 1087 adfuerim.
1041 1055 1252 1090 metropolitano
1284 1059 1334 1079 suo
1373 1049 1486 1085 singuli,
1517 1047 1649 1074 rationem

863 1103 989 1134 reddant,
1017 1101 1099 1136 exigit
1117 1108 1125 1128 :
1142 1099 1188 1134 qui
1214 1104 1278 1125 vero
1293 1096 1321 1124 id
1344 1093 1526 1130 neglexerint.
1545 1091 1649 1119 exclusi

860 1149 895 1175 ab
912 1148 1027 1175 al.orum
1057 1145 1207 1177 consortio,
1228 1142 1351 1171 ecclesia
1378 1147 1434 1168 suae
1458 1137 1652 1167 communione

861 1194 982 1223 contenti
997 1193 1062 1221 sint.

861 1240 976 1269 ARIST.
996 1249 1005 1266 ‹
1022 1239 1074 1273 Qui
1091 1239 1116 1266 in
1132 1237 1236 1274 synodo
1253 1235 1400 1272 quotannis
1415 1235 1505 1262 habita
1519 1241 1572 1262 non
1585 1241 1653 1260 con-

900 1298 910 1315 ι
930 1289 1051 1320 venittnt,
1076 1286 1127 1313 nisi
1144 1289 1237 1312 contra
1264 1284 1431 1312 voluntatem
1456 1281 1652 1317 impediantur.

901 1346 910 1362 ι
928 1343 985 1362 suae
998 1334 1053 1362 sint
1070 1333 1193 1360 ecclesiae
1212 1331 1404 1359 comtnunione
1417 1329 1546 1356 contenti.
1568 1338 1578 1354 ι

899 1381 1059 1415 Quicunque
1074 1387 1107 1406 ex
1122 1377 1258 1413 episcopis
1280 1377 1311 1404 ad
1328 1375 1461 1411 synodum
1479 1375 1507 1402 in
1524 1381 1650 1408 unaqua-

862 1435 915 1463 que
928 1427 1048 1462 ipsorum
1067 1423 1208 1459 provincia
1222 1422 1341 1450 habitam
1359 1427 1388 1448 se
1418 1427 1471 1447 non
1498 1418 1651 1451 conferant,

862 1482 913 1502 nec
934 1481 950 1501 a
974 1475 1125 1503 senectute,
1140 1477 1191 1497 nec
1208 1470 1241 1496 ab
1267 1467 1438 1498 infirmitate,
1456 1474 1507 1494 nec
1522 1465 1574 1492 alia
1591 1473 1652 1500 gra-

862 1520 973 1548 vissima
1002 1517 1163 1545 necessitate
1191 1512 1334 1550 impediti;
1359 1515 1407 1542 sed
1434 1521 1449 1541 e
1476 1512 1578 1540 desidia
1609 1512 1652 1539 vel

863 1569 946 1595 etiam
973 1568 1130 1599 contemptu
1157 1563 1223 1590 illud
1252 1561 1405 1593 facientes;
1435 1560 1602 1592 decernitur,
1625 1562 1654 1585 ut

862 1611 992 1641 fraternis
1020 1610 1112 1638 verbis
1131 1609 1310 1644 castigentur.
1327 1606 1362 1634 At
1381 1613 1500 1642 praesens
1523 1612 1611 1632 canon
1627 1609 1654 1632 et

864 1658 982 1694 speciem
1011 1655 1234 1691 reprehensionis
1252 1652 1338 1684 addit,
1367 1652 1501 1678 mandans
1515 1651 1654 1684 coepisco-

865 1711 912 1737 pos
929 1708 957 1730 et
968 1701 1123 1729 confratres
1140 1707 1234 1726 eorum
1247 1705 1309 1724 cum
1324 1696 1356 1723 iis
1370 1704 1423 1722 tton
1436 1694 1652 1724 conuuutticare,

864 1753 911 1776 aut
928 1755 1006 1775 sacra
1034 1746 1200 1773 celebrare:
1227 1744 1274 1770 sed
1306 1743 1333 1769 in
1365 1741 1432 1768 solis
1463 1740 1580 1776 propriis
1597 1739 1654 1766 suis

863 1794 985 1822 ecclesiis
1003 1791 1187 1827 acquiescere,
1202 1793 1229 1816 et
1247 1789 1272 1815 in
1288 1789 1321 1815 iis
1342 1794 1439 1814 munus
1457 1787 1542 1814 obire.

1137 1833 1253 1862 CANON
1271 1832 1380 1860 LXXX.

867 1895 876 1911 ι
895 1884 932 1911 De
956 1881 1114 1911 Cresconio.
1143 1881 1180 1908 De
1202 1880 1352 1907 Cresconio
1381 1876 1572 1905 Balarecensio
1600 1876 1652 1903 boc

902 1941 911 1958 ‹
929 1929 1055 1958 omnibus
1078 1929 1166 1955 visum
1195 1930 1246 1960 est,
1263 1931 1292 1953 ut
1310 1926 1374 1953 hinc
1388 1931 1496 1959 quoque
1523 1923 1654 1950 Numidiae

905 1986 914 2002 ι
933 1975 1042 2011 primuti
1070 1974 1249 2008 significetur,
1262 1980 1316 2006 quo
1341 1972 1398 2004 ipse
1412 1970 1481 1998 sciat
1507 1976 1536 1996 se
1552 1969 1652 1996 debere

904 2033 913 2049 ι
933 2026 1112 2050 memoratum
1140 2019 1318 2057 Cr_eseouiutu
1335 2019 1391 2046 suis
1409 2017 1510 2044 litteris
1527 2016 1559 2042 ad
1585 2022 1651 2041 con-

905 2079 913 2095 I
936 2069 1101 2097 veniendutn
1135 2066 1298 2098 adhortari;
1315 2069 1345 2092 ut
1372 2072 1425 2091 non
1442 2062 1551 2090 differat
1576 2068 1653 2089 suam

906 2125 915 2142 ι
934 2116 1062 2143 exhibere
1075 2114 1245 2150 praesentiam
1262 2112 1391 2148 proximae
1403 2110 1535 2137 universa:
1551 2109 1655 2142 synodo

905 2171 914 2187 ι
937 2161 1073 2188 Africanae
1091 2169 1097 2186 :
1114 2160 1156 2186 sin
1184 2163 1274 2185 autem
1292 2157 1387 2183 venire
1404 2153 1567 2188 neglexerit.
1585 2153 1654 2181 sciat

911 2218 920 2234 ι
938 2215 999 2236 esse
1015 2206 1147 2233 adversus
1160 2212 1189 2232 se
1203 2202 1339 2230 ferendam
1352 2201 1528 2228 sententiam.
1551 2209 1560 2225 ι

905 2308 1003 2337 BALS.
1026 2307 1076 2335 Per
1100 2297 1274 2334 Cresconium
1292 2304 1405 2338 imponit
1430 2311 1517 2331 canon
1534 2304 1655 2330 necessi—

868 2360 950 2383 tatem
967 2352 1114 2388 episcopis,
1130 2355 1159 2378 ut
1179 2350 1204 2377 in
1223 2349 1334 2385 synodis
1348 2349 1572 2376 inexcusabiliter
1588 2355 1655 2375 con-

868 2401 1005 2429 veniant:
1031 2401 1118 2433 etiis,
1147 2399 1193 2434 qui
1213 2399 1358 2426 convenire
1383 2398 1533 2434 negligunt,
1557 2399 1658 2425 conde-

869 2449 1036 2476 mnationem
1053 2447 1246 2474 comminatur.
1263 2444 1328 2480 Ejus
1353 2450 1443 2472 autem
1471 2445 1587 2472 fortnatn
1602 2451 1655 2471 non

869 2494 1008 2529 exprimit.
1034 2493 1086 2520 Sed
1116 2491 1339 2527 cauonGsynodi
1362 2491 1376 2517 7
1406 2492 1581 2526 magistratus
1597 2490 1656 2524 qui-

869 2541 944 2572 dem,
958 2540 1004 2574 qui
1023 2538 1178 2574 impediunt
1192 2538 1339 2573 quominus
1354 2538 1421 2564 fiant
1437 2545 1534 2564 annua:
1549 2537 1654 2573 synodi,

870 2586 1052 2620 segregandos
1083 2585 1204 2612 decernit
1222 2593 1229 2611 :
1246 2584 1472 2618 metropolitanos
1489 2588 1591 2614 autem,
1610 2583 1655 2616 qui

869 2632 932 2659 sine
948 2632 1021 2666 justa
1047 2637 1130 2658 causa
1155 2630 1212 2657 haec
1237 2629 1389 2664 negligunl,
1412 2629 1553 2657 canonicis
1566 2635 1619 2662 pun
1632 2628 1656 2654 is

869 2677 1058 2711 subjiciendus.
1090 2676 1188 2709 Quales
1217 2681 1307 2703 autem
1334 2680 1362 2702 et
1389 2682 1513 2710 qum-nam
1530 2675 1584 2701 sint
1610 2681 1648 2700 ezc

869 2731 967 2759 pcenaa,
997 2729 1127 2757 expresse
1155 2721 1285 2756 scriptum
1316 2729 1367 2747 non
1392 2726 1442 2747 est.
1474 2719 1509 2747 Ut
1536 2725 1655 2754 estergo

870 2769 1031 2800 verisimile.
1047 2775 1086 2796 eae
1116 2772 1178 2794 sunt
1193 2775 1253 2801 quae
1271 2767 1297 2793 in
1315 2766 1456 2800 superiore
1470 2772 1574 2792 canone
1588 2773 1655 2793 c0n-

871 2816 1001 2843 tinentur.
1015 2814 1086 2849 Lege
1099 2819 1126 2841 et
1139 2814 1241 2840 dictum
1251 2820 1381 2840 cauouetu
1396 2811 1413 2838 6
1424 2812 1519 2846 synodi
1536 2814 1655 2845 septimm

870 2863 898 2886 et
912 2867 1044 2887 canoncm
1058 2859 1075 2887 6
1091 2859 1185 2894 synodi
1204 2860 1229 2887 in
1245 2858 1350 2893 Trullo,
1367 2863 1394 2886 et
1410 2865 1468 2893 quae
1490 2858 1517 2886 in
1531 2858 1575 2885 Itis
1584 2858 1651 2886 scri-

872 2911 916 2941 pta
932 2910 1004 2933 sunt.
