1905 3083
208 175 265 206 215

844 168 983 201 THEOD.
1005 169 1206 201 BALSAMON

1792 164 1863 197 29ft

250 245 258 259 ι
279 241 344 261 nare
363 231 452 258 liceat.
482 229 615 257 Similiter
646 227 756 263 placuit,
785 232 813 254 ut
843 228 866 254 si
891 227 951 261 quis
965 234 997 253 ex

1089 236 1097 252 ι
1122 227 1214 262 ρικοὺς
1227 225 1326 259 ἐξεῖναι
1339 226 1510 261 χειροτονεῖν.
1530 224 1647 260 Ὁμοίοις
1657 225 1768 260 ἤρεσεν,
1791 225 1857 252 ἵνα.

251 291 259 306 ι
279 280 368 307 alieno
400 277 566 304 monasterio
595 275 714 310 aliquem
734 274 894 308 sttseeperit,
911 277 936 300 et
953 273 994 298 vel

253 337 261 352 ι
284 326 314 353 ad
327 324 482 353 clericatum
496 324 639 354 adducere,
652 323 693 348 vel
707 320 861 348 monasterii
873 320 913 347 sui
924 316 996 354 prte-

250 384 258 398 ι
281 372 381 399 fectum
423 369 593 397 constituere
624 367 749 398 voluerit,
783 366 935 400 episcopus,
951 365 996 398 qui

250 429 258 444 I
278 419 328 445 hoc
347 416 422 446 facit,
439 422 454 442 a
475 414 644 448 reliquorum
673 411 865 440 communione
883 419 996 445 separa-

249 474 258 490 ‹
280 470 333 494 tus,
348 462 450 490 sitsoia
465 461 506 487 sui
519 459 608 494 populi
624 458 816 486 communione
827 462 971 485 contentus
987 465 994 484 ε

250 520 258 534 ι
277 509 321 536 ille
338 513 428 534 autern
453 513 503 533 nec
517 505 634 533 clericus
663 512 713 532 nec
730 503 997 538 prafectusperma-

249 564 258 580 ε
280 558 352 581 Ileal.
369 562 378 578 ι
599 573 603 576 .

248 598 347 626 BALS.
375 598 499 626 Praesens
536 605 622 625 canon
654 597 732 631 punit
756 596 924 630 episcopum,
951 594 996 630 qui

215 645 379 671 monachum
412 651 444 670 ex
471 643 559 670 alieno
578 642 743 670 monasterio
759 641 883 676 suscipit,
897 645 924 668 et
936 647 997 668 eum

214 691 241 718 in
263 690 354 717 clerici
380 690 494 724 gradum
514 688 650 723 provehit,
663 687 706 715 vel
733 687 759 714 in
777 687 818 714 sui
841 686 998 714 monasterii

215 735 406 770 prazi‘ecturam
427 743 434 761 :
449 738 476 761 et
493 733 626 769 ejusmodi
644 733 819 764 monachum,
838 732 882 767 qui
898 732 925 758 in
944 732 1000 759 cle-

175 773 178 781 ‘
215 783 301 810 rit-um
333 781 480 812 admissus,
496 780 537 806 vel
556 779 639 805 etiam
673 777 831 806 monasterii
853 776 999 813 praefectus

214 833 321 856 creatus
351 832 403 860 est,
420 827 492 854 clero
508 830 535 853 et
561 825 721 861 praefectura
747 823 867 859 expellit.
894 822 933 850 Ne
951 823 999 849 tibi

213 878 303 901 autem
320 873 362 900 his
388 872 542 900 contrarius
555 878 617 898 esse
633 870 757 898 videatur
772 874 886 904 quartus
911 876 998 895 canon

214 920 310 956 synodi
338 927 397 954 qua:
423 919 449 945 in
464 918 625 945 Sanctorum
644 915 837 951 Apostolorum
862 915 919 942 :ede
932 922 999 941 con-

214 966 309 994 stituta
322 969 373 996 est,
389 969 512 991 statuens
536 970 596 990 esse
612 962 638 989 in
654 962 841 995 episcoporum
857 964 999 994 potestate,

213 1019 269 1040 non
291 1011 378 1038 solum
401 1009 548 1037 monac-hos
562 1015 596 1036 ex
622 1008 673 1035 hoc
692 1006 856 1034 monasterio
871 1005 898 1032 in
928 1005 1000 1032 aliud

213 1058 380 1090 transferre;
399 1057 445 1084 sed
463 1055 543 1083 etiam
559 1061 606 1082 eos
629 1053 804 1081 saeularibus
818 1052 921 1080 aedibus
931 1057 1001 1085 prae-

214 1106 305 1133 ﬁcere.
329 1105 382 1132 Sed
399 1104 452 1135 dic,
477 1103 548 1138 quod
574 1103 619 1130 hic
643 1101 749 1136 quidem
775 1099 939 1135 prohibitum
960 1101 1002 1124 est

216 1152 355 1186 episcopo,
366 1158 399 1178 ex
415 1149 502 1176 aliena
518 1148 628 1183 regione
649 1147 811 1174 monachum
824 1145 956 1179 recipere,
974 1147 1001 1170 et

216 1205 277 1224 eum
291 1197 373 1224 etiam
405 1195 562 1230 proiectum
587 1193 629 1221 vel
658 1194 788 1221 clericum
815 1192 1000 1219 constituere:

219 1243 276 1270 illic
292 1247 381 1269 autem
418 1241 545 1275 episcopo
561 1239 722 1274 permissum
747 1241 790 1265 est
806 1245 821 1264 e
838 1237 944 1272 propria
961 1244 1004 1264 re-

218 1289 298 1323 gione
322 1287 479 1318 monachos,
509 1289 537 1312 et
561 1285 595 1312 ab
614 1285 666 1312 hoc
683 1283 849 1311 monasterio
876 1282 902 1309 in
930 1282 1002 1309 aliud

218 1333 380 1366 transferre,
399 1337 426 1360 et
455 1332 481 1359 in
510 1330 632 1359 saeculari
665 1329 747 1357 etimit
763 1328 1001 1356 administratione

216 1380 403 1410 constituere;
433 1376 505 1412 quod
529 1372 636 1411 praeter
672 1379 790 1402 mentem
830 1374 1001 1408 propriorum

217 1427 408 1461 episcoporum
441 1423 498 1450 ﬁeri
526 1421 628 1456 nequit.
654 1420 778 1448 Prmsens
802 1423 892 1446 autem
914 1425 1003 1446 canon

218 1477 282 1499 tunc
312 1470 400 1497 locum
429 1468 549 1500 habebit,
585 1466 695 1502 quando
719 1473 752 1493 ex
781 1464 870 1492 aliena
893 1463 1005 1497 regione

220 1516 372 1543 monachus
405 1514 576 1541 dimissorias
602 1513 707 1539 litteras
732 1510 852 1545 episcopi
875 1509 933 1544 ejus
950 1516 1003 1536 non

218 1563 307 1590 aﬂerl.
321 1562 397 1588 Tunc
412 1560 484 1588 enim
496 1559 563 1587 citra
578 1558 800 1592 impedimentum
816 1555 860 1582 ﬂet
876 1555 902 1582 in
916 1555 1003 1582 aliena

219 1609 330 1643 regione
359 1605 518 1634 monasterii
549 1603 693 1640 praefectus
718 1606 746 1630 et
788 1601 913 1628 clericus.
928 1599 1005 1633 Quod

220 1660 310 1682 autem
332 1653 451 1680 iithodie
464 1660 477 1678 a
502 1650 724 1678 monasteriorum
759 1647 906 1683 praiectis,
927 1646 973 1681 qui
989 1654 1004 1673 ο

219 1706 249 1726 se
266 1699 396 1726 detonsos
415 1704 476 1724 cum
505 1696 603 1723 litteris
632 1695 779 1724 dimilla'll.
806 1697 835 1720 ut
863 1693 890 1719 in
918 1692 1031 1718 alieno-

221 1745 388 1771 monasterio
404 1742 530 1770 monachi
554 1748 614 1768 esse
630 1740 743 1775 possint,
761 1746 815 1766 non
831 1743 881 1771 est,
894 1742 922 1764 ιιι
940 1737 1005 1764 mihi

221 1791 340 1822 videtur,
376 1790 482 1816 ﬁrmum
512 1792 540 1815 et
569 1791 739 1814 accuratum.
765 1784 847 1820 617
881 1783 1005 1818 Episcopi

220 1836 292 1864 enim
324 1835 494 1862 demissoriis
519 1833 606 1868 magis
623 1840 691 1866 opus
717 1836 759 1859 est
774 1831 810 1864 ei,
829 1830 873 1864 qui
888 1829 1006 1863 migrare

222 1881 354 1914 voluerit;
380 1887 432 1907 non
460 1885 549 1907 autem
577 1876 732 1905 monasterii
759 1875 905 1911 praefecti:
934 1874 1006 1908 quod

221 1927 358 1961 episcopis
375 1926 460 1960 magis
477 1924 590 1959 subjecti
618 1927 681 1951 sunt
696 1922 832 1953 monachi,
849 1928 929 1954 quam
946 1927 1006 1947 mo-

221 1973 403 1999 nasteriorum
417 1971 566 2006 praefectis.
580 1969 642 1996 llmc
657 1972 747 1995 autem
762 1967 850 1994 locum
868 1965 1007 1993 habebunt

221 2019 249 2045 in
278 2018 385 2045 caeteris
409 2015 565 2051 episcopis:
590 2022 643 2041 non
669 2018 762 2041 autem
790 2012 816 2040 in
851 2011 1006 2045 patriarcha

220 2062 538 2096 Constantinopolitano.
569 2059 599 2086 Ei
627 2059 711 2092 enim,
740 2063 770 2084 ut
797 2064 868 2091 saepe
893 2057 1006 2088 dictum,

224 2108 385 2142 permissum
411 2112 453 2134 est
469 2105 618 2133 monachos
635 2109 661 2131 et
676 2103 793 2130 clericos
806 2108 838 2128 ex
852 2101 1007 2134 regioriibus

221 2152 331 2185 alienis,
360 2159 409 2179 nec
422 2151 480 2184 ejus
495 2150 551 2177 sedi
579 2148 689 2176 omnino
715 2146 856 2181 subjectis,
870 2146 1005 2179 accipere.

222 2199 276 2226 Sed
293 2206 346 2226 non
360 2198 452 2225 itidem
470 2195 643 2223 Antiocheno
657 2193 767 2225 throno,
786 2192 828 2219 vel
851 2191 1007 2226 Hierosoly-

222 2245 336 2277 mitano,
357 2245 394 2272 vel
411 2244 467 2271 alii.

259 2291 385 2319 ZONAR.
409 2289 580 2321 Monachum,
597 2288 642 2323 qui
664 2295 678 2314 a
704 2287 870 2315 monasterio
886 2293 936 2314 suo
950 2285 1008 2312 dis-

223 2337 347 2368 cesserit,
379 2335 414 2362 ab
436 2335 489 2362 alio
517 2334 612 2369 qumis
637 2333 719 2367 recipi
750 2337 862 2360 vetitum
890 2335 944 2360 est.
979 2330 1008 2358 Si

225 2383 305 2417 igitur
330 2381 483 2415 episcopus,
502 2379 601 2414 inquit,
618 2378 750 2412 ejusmodi
776 2376 939 2404 monachum
966 2383 1009 2402 re—

226 2428 319 2462 cipiat,
329 2435 444 2462 eumque
455 2427 495 2454 vel
508 2425 667 2454 monasterii
681 2425 836 2459 praefectum
849 2423 1008 2456 constituat;

226 2474 371 2508 cpiscopus
385 2472 492 2507 qridem
517 2471 630 2498 aliorum
649 2469 787 2498 consortio
800 2469 938 2499 exclusus,
954 2469 1010 2495 sola

227 2520 318 2555 populi
335 2519 375 2546 sui
392 2519 585 2547 communione
609 2521 752 2545 contentus
768 2516 821 2543 erit
836 2523 843 2542 :
861 2515 1010 2543 monachus

228 2573 292 2593 vero
303 2570 330 2592 et
344 2572 359 2591 e
373 2564 446 2592 clero
461 2564 587 2599 ejicietur
610 2567 637 2590 et
652 2561 821 2596 praefecturae
838 2562 922 2596 gradu
935 2562 1009 2588 exci-

228 2613 284 2640 det.

227 2658 344 2686 ARIST.
367 2667 377 2684 ι
409 2658 459 2691 Qui
488 2657 641 2693 quempiam
666 2665 699 2685 ex
728 2657 816 2685 alieno
847 2653 1011 2682 monasterio

267 2714 276 2730 ε
298 2703 422 2738 suscipit,
436 2703 458 2731 si
474 2711 535 2730 eutn
553 2703 587 2730 ad
609 2703 766 2730 clericatum
785 2704 954 2738 promoveat,
967 2703 1013 2727 aut

267 2760 275 2775 ι
292 2758 341 2777 suo
353 2750 482 2784 prmiiciat
505 2749 680 2782 monasterio,
697 2749 809 2776 aliorum
822 2747 1013 2775 communione

268 2805 277 2820 ι
297 2796 425 2830 privetur.
447 2804 457 2821 ›

273 2840 398 2868 itionacbi
419 2841 537 2876 regionis
560 2841 687 2876 episcopo
701 2840 798 2875 subjici
816 2839 925 2871 debent,
940 2843 966 2866 et
981 2838 1010 2865 in

231 2888 417 2921 monasteriis,
435 2890 461 2916 iu
477 2889 574 2924 quibus
592 2888 714 2916 coliocati
731 2891 806 2920 sunt,
825 2892 1012 2922 perseverare,

1083 283 1092 298 ι
1117 273 1165 300 ὲάν
1190 281 1230 304 τις
1244 273 1299 299 ἀπὸ
1314 272 1456 307 ἀλλοτρίου
1471 272 1655 306 μοναστηρίου
1675 269 1862 305 ὑποδέξηταί

1086 329 1094 344 ι
1116 328 1177 346 τινα
1191 320 1238 346 καὶ
1251 319 1319 354 πρὸς
1333 319 1470 353 κλήρωσιν
1483 318 1669 353 προσαγαγεῖν
1683 317 1824 352 ἐθελήσῃ,
1839 317 1859 352 ἦ

1086 374 1094 389 Ι
1119 364 1165 391 τοῦ
1181 363 1245 390 ἰδίου
1258 363 1441 398 μοναστηρίον
1461 363 1613 397 ἡγούμενον
1630 362 1824 394 καταστήσω,
1844 361 1861 385 ὁ

1086 420 1094 435 ι
1115 410 1194 437 τοῦτο
1216 409 1300 436 ποιῶν
1326 409 1486 439 ἐπίσκοπος,
1510 408 1563 433 ἀπὸ
1586 407 1635 439 τῆς
1655 406 1711 432 τῶν
1739 405 1861 432 λοιπῶν

1086 465 1094 481 ι
1119 455 1260 486 κοινωνίας
1270 455 1464 490 χωριζόμενος,
1477 455 1510 489 τῇ
1527 453 1574 479 τοῦ
1587 452 1654 479 ἰδίου
1666 452 1732 478 λαοῦ
1747 460 1861 477 κοινω-

1085 513 1094 528 σ
1119 504 1162 538 νιᾳ
1178 503 1298 538 ἀρκεσθῇ
1310 502 1378 539 μόνῃ
1390 511 1396 518 ι
1408 503 1511 532 ἐκεῖνος
1520 502 1547 528 δὲ
1558 502 1624 537 μηδὲ
1633 500 1765 535 κληρικδς
1775 498 1860 536 μηδὲ

1087 559 1095 574 ι
1119 548 1268 584 ἡγούμενος
1284 549 1420 583 ὲπιμείνῃ.
1439 558 1448 574 ›

1085 595 1184 622 ΒΑΛΣ.
1214 595 1242 622 '0
1265 594 1363 630 παρὼν
1382 594 1473 621 κανὼν
1494 593 1602 623 κολάζει
1624 594 1670 621 τὸν
1690 593 1859 620 ἐπίσκοπον

1049 641 1246 675 ὑποδεχόμενον
1264 641 1318 667 ἀπὸ
1340 640 1482 676 ἀλλοτρίου
1501 640 1684 675 μοναστηρίου
1707 638 1857 674 μοναχὸν,

1049 688 1097 714 καὶ
1119 687 1272 722 προάγοντα
1291 686 1384 713 τοῦτον
1403 687 1443 718 είς
1466 686 1568 720 βαθμὸν
1590 686 1651 720 κ’μλη,
1664 686 1735 716 uox),
1763 686 1781 719 ἢ
1810 685 1860 715 εἰς

1049 734 1229 768 ήγουμενείαν
1243 733 1308 760 ἰδίου
1324 732 1504 768 μοναστηρίου
1515 741 1522 747 ·
1540 733 1587 759 καὶ
1602 732 1646 759 τὸν
1665 731 1860 766 κληρωθέντα

1048 778 1077 804 δὲ
1089 777 1210 804 τοιοῦτον
1230 778 1355 813 μοναχὸν,
1369 777 1384 812 ἢ
1403 779 1449 804 καὶ
1465 778 1596 812 γεγονότα
1610 777 1765 812 ἡγούμενον
1782 777 1861 809 ἐξω-

1050 823 1092 849 θεῖ
1108 823 1155 849 τοῦ
1173 823 1275 857 κλήρου
1295 823 1342 849 καὶ
1358 823 1477 856 ἀπὺλτῆς
1497 823 1686 857 ὴγουμενείας.
1705 823 1753 857 Μὴ
1769 823 1860 848 suav-

1050 869 1133 903 τιωθῇ
1150 868 1178 895 δέ
1196 877 1237 895 σοι
1257 869 1324 903 πρὸς
1339 868 1426 895 ταῦτα
1445 870 1458 895 ὁ
1475 868 1496 895 δ’
1513 868 1601 895 κανὼν
1621 868 1671 902 τῆς
1686 869 1715 894 ὲν
1730 868 1774 903 τῷ
1791 869 1859 903 ναῷ

1016 898 1036 924 Β
1050 914 1105 941 τῶν
1121 898 1229 947 ἰΑγῖων
1254 898 1422 940 ’Ᾰποστόλων
1440 914 1576 949 συστάσης
1594 898 1713 946 συνόόου,
1729 898 1859 947 scriptio.-

1053 968 1131 994 μενος
1145 959 1215 995 ἔχειν
1225 959 1267 986 ἔπ’
1282 959 1372 991 ἀδείας
1383 960 1446 990 τοὺς
1457 960 1632 990 ἐπισκόπους,
1648 960 1684 994 μὴ
1699 960 1784 994 μόνον
1795 960 1859 988 ἀπὸ

1051 1006 1131 1040 τῆσδε
1141 1006 1190 1040 τῆς
1205 1006 1287 1040 μονῆς
1302 1006 1430 1040 μετάγειν
1439 1007 1478 1037 είς
1490 1006 1587 1041 ἑτέραν
1604 1005 1687 1041 μονὴν
1698 1008 1857 1041 μοναχοὺς,

1051 1051 1120 1078 ἀλλὰ
1141 1052 1187 1078 καὶ
1213 1052 1253 1083 είς
1275 1052 1415 1085 κοσμικῶν
1436 1052 1529 1079 οίκιῶν
1553 1052 1723 1087 προστασίαν
1745 1054 1860 1084 αὐτοῖς

1052 1097 1196 1132 καθιστᾷν.
1218 1096 1288 1123 Ἀλλ’
1306 1098 1367 1124 εἰπὲ
1383 1097 1424 1124 ὅτι
1444 1097 1560 1124 ἐνταῦθα
1577 1098 1626 1132 μὲν
1645 1097 1806 1125 κεκώλυται
1823 1100 1859 1125 τδ

1051 1143 1106 1169 ἀπὸ
1125 1142 1269 1177 ἀλλοτρίας
1287 1143 1394 1176 ἑνορίας
1410 1143 1649 1178 ἀναλαμϐάνεσθαι
1665 1144 1712 1171 τὸν
1725 1144 1835 1172 ὲπίσκο
1845 1161 1858 1166 -

1053 1197 1105 1215 πον
1126 1189 1253 1224 μοναχὸν,
1274 1189 1321 1215 καὶ
1338 1189 1470 1224 καθιστᾷν
1483 1189 1578 1216 τοῦτον
1593 1190 1745 1224 ἡγούμενον
1764 1191 1780 1226 ἢ
1803 1193 1857 1219 καὶ

1054 1233 1184 1269 κληρικὸν
1196 1254 1204 1267 ,
1224 1235 1312 1261 ὲκεῖσε
1328 1234 1355 1261 δὲ
1369 1234 1524 1271 ὲξεχωρήθη
1540 1236 1579 1270 τῷ
1591 1237 1732 1272 ὲπισκόπῳ
1747 1237 1778 1263 τὸ
1794 1238 1858 1265 ἀπὸ

1053 1280 1102 1314 τῆς
1116 1281 1221 1312 οἰκείας
1235 1280 1342 1316 ὲνορίας
1359 1282 1492 1316 μοναχοὺς
1509 1283 1682 1316 μετατιθέναι
1697 1283 1753 1310 ἀπὸ
1766 1285 1857 1317 τῆσδε

1053 1327 1102 1361 τῆς
1120 1327 1202 1362 μονῆς
1220 1327 1260 1358 εἰς
1277 1327 1385 1362 ἑτέραν,
1402 1329 1448 1354 καὶ
1467 1328 1506 1359 είς
1521 1329 1658 1364 κοσμικὴν
1676 1331 1858 1365 προστασίαν

1055 1372 1204 1407 καθιστᾷν·
1224 1372 1293 1407 ὓπερ
1309 1373 1385 1407 παρὰ
1401 1372 1514 1408 γνώμην
1531 1373 1585 1400 τῶν
1605 1374 1749 1410 ἐγχωρίων
1786 1376 1857 1402 ἑπι-

1055 1418 1103 1444 σκό
1109 1427 1162 1444 πων
1174 1418 1338 1452 γενέσθαιοὺ
1349 1418 1470 1446 δύναται.
1483 1419 1549 1446 Τότε
1561 1420 1588 1446 δὲ
1603 1420 1637 1447 τὰ
1650 1421 1697 1446 τοῦ
1713 1421 1858 1456 παρόντος

1055 1464 1166 1494 κανόνος
1183 1464 1274 1497 ἕξουσι
1290 1467 1393 1499 χώραν,
1408 1464 1472 1492 ὅταν
1487 1466 1501 1491 ὁ
1516 1465 1570 1492 ἀπὺ
1581 1466 1726 1501 ἀλλοτρίας
1738 1468 1856 1503 ὲνορίας

1058 1510 1174 1545 μοναχδς
1200 1510 1251 1537 οὐκ
1273 1511 1438 1546 ἐπιφέρηται
1466 1511 1632 1547 ἀπολυτικὴν
1659 1513 1772 1547 γραφὴν
1804 1514 1857 1540 τοῦ

1057 1557 1207 1584 ἐπισκόπου
1216 1556 1309 1584 αὑτοῦ.
1321 1556 1477 1591 Τηνικαῦτα
1489 1558 1544 1592 γὰρ
1553 1558 1801 1593 ἀπαρεμπτιδίστως
1814 1561 1859 1592 είς

1056 1602 1201 1638 ἀλλοτρίαν
1213 1603 1320 1638 ἐνορίαν
1333 1602 1481 1638 ἡγούμενος
1492 1603 1637 1639 γενήσεται
1649 1605 1695 1631 καὶ
1707 1605 1856 1640 κληριχός.

1057 1648 1093 1674 Τὸ
1106 1648 1197 1683 μέντοι
1209 1649 1328 1683 σήμερον
1346 1650 1487 1684 γινόμενον
1501 1650 1576 1685 παρὰ
1587 1651 1640 1677 τῶν
1652 1652 1859 1686 ἠγουμενευόν-

1056 1703 1121 1726 των,
1134 1695 1180 1721 καὶ
1189 1694 1360 1721 ἀπολυόντων
1368 1695 1436 1729 μετὰ
1445 1697 1553 1731 γραφῆς
1560 1696 1622 1727 τοὺς
1631 1696 1677 1722 ὑπ’
1685 1697 1777 1723 αὐτῶν
1785 1698 1859 1724 ἀπσ-

1057 1740 1202 1774 καρέντας,
1215 1740 1285 1766 ὥστε
1303 1741 1417 1774 μονάσαι
1432 1742 1471 1772 είς
1485 1741 1582 1776 ἑτέραν
1595 1741 1749 1777 μονὴν,οὑκ
1768 1735 1859 1776 ἐστιν,

1057 1784 1094 1815 ὼς
1122 1786 1185 1820 ἐμοὶ
1201 1785 1291 1828 δοκεῖ,
1307 1786 1430 1821 ἀκριϐές.
1456 1786 1654 1821 Ἐπισκοπικῆς
1674 1788 1729 1823 γὰρ
1754 1788 1859 1823 μᾶλλον

1058 1830 1232 1864 ἀπολυτικῆς
1245 1830 1354 1866 γραφῆς
1366 1830 1443 1865 χρεία
1455 1831 1493 1866 τῷ
1505 1833 1668 1866 μεταπεσεῖν
1682 1833 1856 1868 βουλομένῳ,

1058 1877 1118 1912 οὖχὶ
1131 1877 1179 1912 τῆς
1191 1877 1237 1903 τοῦ
1250 1877 1479 1912 ήγουμενεύοντος
1488 1885 1494 1893 “
1508 1878 1548 1903 ὅτι
1560 1877 1606 1904 καὶ
1619 1879 1675 1909 τοῖς
1690 1879 1858 1910 ἐπισκόποις

1060 1923 1158 1957 μᾶλλον
1183 1923 1340 1950 ὑπόκεινται
1365 1923 1391 1950 oi
1416 1923 1564 1958 μοναχοὶῆ
1591 1924 1647 1954 τοῖς
1677 1925 1856 1959 ἡγουμένοις.

1057 1968 1150 1995 Ταῦτα
1168 1968 1196 1995 δὲ
1214 1969 1398 2004 κρατήσουσιν
1415 1970 1454 2000 είς
1474 1969 1538 1998 τοὺς
1554 1968 1652 2000 ἄλλους
1666 1970 1857 2001 ἐπισκόπουςι

1057 2014 1088 2040 οὐ
1104 2014 1156 2049 μὴν
1170 2014 1217 2041 καὶ
1231 2016 1270 2046 είς
1284 2013 1328 2040 τὸν
1340 2014 1515 2049 πατριάρχην
1526 2015 1857 2047 Κωνσταντινουπόλεως.

1058 2059 1138 2094 Αὑτῷ
1152 2060 1206 2094 γὰρ
1217 2078 1224 2091 ,
1240 2059 1277 2090 ὡς
1289 2059 1418 2090 πολλάκις
1435 2059 1560 2094 εἴρηται,
1580 2060 1688 2095 ἐνεδόθη
1707 2061 1763 2087 ἀπὸ
1779 2062 1859 2088 ἀλλο-

1057 2104 1140 2140 τρίων
1153 2104 1265 2139 ἐνοριῶν
1279 2105 1525 2139 ἀπαρεμποδίατως
1537 2104 1663 2139 δέχεσθαι
1677 2107 1814 2140 μοναχούς
1826 2115 1856 2132 τι

1058 2151 1105 2176 καὶ
1126 2150 1274 2185 κληρικοὺς
1286 2171 1293 2182 ,
1309 2151 1357 2185 οὐχ
1378 2151 1572 2185 ὑποκειμένους
1586 2152 1697 2183 πάντως
1711 2152 1751 2186 τῷ
1767 2152 1858 2187 θρόνῳ

1059 2194 1151 2221 αὑτοῦ.
1167 2196 1204 2221 Οὐ
1224 2195 1277 2230 μὴν
1294 2197 1340 2222 καὶ
1356 2197 1395 2230 τῷ
1411 2196 1498 2231 θρόνῳ
1517 2196 1564 2223 τοῦ
1586 2197 1768 2232 ’Δντιοχείας,
1780 2199 1797 2233 ἢ
1810 2199 1856 2225 τοῦ

1024 2236 1045 2264 D
1064 2239 1269 2276 Ἰεροσολύμων,
1285 2241 1301 2276 ἢ
1317 2241 1408 2268 ἄλλου.

1093 2285 1216 2313 ΖΩΝΑΡ.
1243 2286 1308 2312 Ἀπὸ
1330 2287 1511 2323 μοναστηρίου
1529 2288 1749 2323 ὑποχωρήσαντα
1773 2298 1857 2324 μονα-

1059 2331 1106 2366 xliv
1131 2331 1256 2366 δέχεσθαι
1281 2333 1346 2368 παρ’
1368 2332 1462 2368 ἐτέρου
1489 2333 1691 2369 ἀπηγόρευται.
1722 2335 1790 2361 Ἐὰν
1811 2335 1858 2361 οὖν

1059 2376 1225 2408 ἐπίσκοπος,
1247 2378 1329 2412 φησὶ,
1348 2378 1470 2404 τοιοῦτον
1488 2378 1598 2414 δέξηται
1616 2379 1737 2414 μοναχὸν
1748 2399 1756 2412 ,
1776 2382 1823 2407 καὶ
1839 2381 1856 2415 ἧ

1059 2421 1190 2456 κληρικὺν
1207 2423 1286 2449 αὑτὸν
1303 2424 1496 2460 χειροτονήσῃ,
1511 2425 1528 2459 ἦ
1549 2425 1701 2460 ἡγούμενον
1720 2435 1859 2462 μοναστη-

1062 2469 1120 2504 ρίου
1135 2469 1246 2504 ποιήσῃ,
1261 2470 1274 2496 ὁ
1290 2470 1338 2504 μὲν
1352 2470 1500 2501 ἐπίσκοπος
1513 2470 1633 2506 ἑσταιτῇ
1648 2471 1695 2497 τοῦ
1709 2472 1780 2499 ἰδίου
1795 2473 1857 2499 λαοῦ

1063 2515 1142 2550 μόνου
1156 2516 1284 2552 κο.νωνίᾳ
1296 2516 1476 2551 ἀρκούμενος,
1489 2517 1590 2551 ἐτέρων
1601 2517 1677 2552 αὑτῷ
1692 2519 1731 2553 μὴ
1748 2527 1857 2554 συγκοι-

1061 2560 1217 2587 νωνοὺντων
1231 2569 1237 2576 ·
1260 2562 1274 2587 ό
1287 2561 1315 2587 δὲ
1333 2562 1448 2597 μοναχὸς
1472 2563 1517 2589 καὶ
1542 2562 1589 2589 τοῦ
1610 2563 1713 2598 κλήρου
1738 2566 1790 2592 καὶ
1810 2565 1858 2599 τῆς

1061 2607 1242 2642 ήγουμενείας
1258 2608 1424 2635 ἐκπεσεῖται.

1063 2653 1173 2680 ΔΡΙΣΤ.
1197 2662 1205 2678 ι
1235 2653 1265 2680 '0
1294 2654 1324 2686 ἐξ
1341 2654 1485 2689 ἀλλοτρίας
1509 2654 1569 2680 τινὰ
1591 2654 1674 2689 μονῆς
1694 2655 1857 2691 δεχόμενος,

1103 2708 1113 2726 α
1136 2700 1183 2726 ἐὰν
1197 2699 1259 2733 ἄγοι
1275 2700 1368 2726 τοῦτον
1381 2701 1420 2730 εἰς
1434 2701 1582 2735 κλήρωσιν,
1597 2700 1613 2735 ἤ
1627 2701 1677 2735 τῆς
1692 2702 1799 2732 οἰκείας
1812 2710 1859 2736 μο-

1102 2755 1112 2772 ι
1134 2747 1182 2780 νῆς
1198 2746 1360 2781 ἡγούμενον,
1377 2746 1433 2779 ἕξει
1451 2746 1482 2772 τὸ
1498 2746 1693 2782 ἀκοινώνητον.

1100 2837 1133 2863 ΟΞ
1154 2836 1265 2872 μοναχοὶ
1284 2836 1324 2871 τῷ
1341 2837 1412 2863 κατὰ
1429 2837 1521 2872 χώραν
1540 2837 1683 2872 ὲπισκόπῳ
1701 2837 1858 2871 ὀφείλουσιν

1067 2884 1280 2917 ὑποτάσσεσθαι,
1301 2886 1349 2911 καὶ
1368 2886 1585 2921 προσκαρτερεῖν
1600 2886 1628 2912 ἐν
1644 2886 1701 2916 τοῖς
1719 2892 1859 2920 novam-
