1909 3075
226 183 275 214 fill

838 176 977 207 TUEOD.
995 176 1038 204 BA
1045 174 1194 205 LSAMON

1799 167 1862 200 διε

228 236 343 264 m-dinati
374 236 489 262 fuerant.
517 234 597 270 623
625 233 681 260 lloc
696 237 785 260 autem
812 232 892 259 hodie
922 231 1009 258 locum

1114 239 1125 261 ;
1140 229 1362 265 προγενεστέρως
1383 225 1636 263 χειροτονηθέντας.
1667 225 1793 260 Σήμερον
1826 224 1861 250 δὲ

228 291 280 310 nun
299 283 399 309 habet:
428 283 476 308 sed
492 281 642 308 secundum
671 279 882 307 declarationem
912 277 1010 304 factam

229 332 262 354 ab
277 328 440 362 imperatore
454 327 564 353 domino
578 325 668 352 Leone
683 326 816 359 sapiente,
835 332 893 359 quas
909 324 934 350 in
951 331 1012 350 san-

228 375 357 401 clissimzz
373 373 475 407 Magna:
488 373 534 400 Dei
549 371 678 398 Ecclesiae
692 370 916 406 chartophylaeio
933 377 1012 404 repo-

228 418 279 443 sita
297 423 349 452 est,
380 417 558 444 ecclesiarum
577 416 666 443 throni
692 415 872 442 honorantur.
898 415 948 442 Jus
965 422 1014 441 au-

231 469 285 490 tem
302 463 461 497 priorilatis.
481 463 507 489 in
526 463 652 497 praesenti
669 470 772 490 canone
789 462 969 493 declaratum,
986 461 1013 487 in

229 508 395 535 clericorum
407 508 547 534 ordinibus
561 508 650 536 locum
665 509 753 535 habet.
771 507 930 535 Honoratur
942 506 1013 533 enim

231 554 430 588 unusquisque,
449 558 527 588 prout
542 554 677 581 ordinatio
696 554 781 588 ipsius
797 557 839 580 est
856 553 931 588 prior
948 558 1016 579 tem-

230 606 306 632 pore.
337 598 365 624 In
386 599 471 631 gradu
498 603 590 625 autem
617 599 736 625 omnium
763 597 1013 625 ecclesiasticarum

229 642 380 670 niliciorum
399 643 536 677 quomodo
552 643 602 670 hoc
619 651 670 669 non
684 647 809 670 servatur
826 652 832 668 :
859 643 906 669 sed
921 650 953 669 ex
970 649 1017 669 vo-

232 688 335 716 luntate
356 689 521 720 antistitum,
541 689 585 722 qui
601 696 649 715 eos
663 688 801 720 ordinant,
819 692 906 714 status
921 695 1014 714 eorum

233 736 392 769 honoratur,
417 740 444 763 et
462 736 597 771 posterior
612 735 773 771 praeferatur
787 735 948 770 antiquiori,
965 735 1016 761 mi-

233 790 288 809 1⁷01·-

267 869 393 898 ZONAR.
412 870 535 898 Nondum
560 872 688 899 omnibus
715 870 838 899 ecclesiis
864 875 926 897 tunc
953 874 1019 896 tem-

233 917 306 950 poris
320 917 460 951 dignitatis
487 918 562 945 locus
578 921 605 944 et
628 918 695 944 ordo
712 917 860 951 prtetinitus
885 920 954 947 erat,
971 915 1018 942 sed

233 964 376 998 przecipuis
408 964 490 997 solis;
521 969 597 991 ntcx
626 963 677 991 ﬁne
695 963 774 998 hujus
805 963 917 989 canonis
941 961 1019 988 facile

232 1017 360 1044 apparet:
379 1011 404 1037 in
421 1011 535 1037 aliarum
551 1017 615 1036 vero
634 1009 812 1037 ecclesiarum
827 1007 974 1043 episcopis,
990 1010 1019 1032 ut

234 1057 351 1090 quisque
368 1057 442 1090 prius
460 1057 492 1082 ad
509 1057 683 1090 episcopatus
697 1056 828 1082 honorem
843 1054 947 1081 electus
963 1053 1021 1080 t‘uc-

234 1108 290 1135 ral,
305 1104 339 1129 ita
352 1103 484 1138 dignitate
499 1103 605 1129 caeteris
620 1102 848 1137 anteponebatur.
863 1101 935 1128 Idem
954 1107 1020 1136 ergo

234 1149 328 1184 synodi
347 1148 443 1175 Patres
459 1148 562 1175 servari
588 1147 695 1180 jnbent,
713 1152 741 1174 ul
760 1147 931 1181 antiquiores
948 1146 1022 1174 scili-

235 1199 275 1221 rcl
292 1194 411 1228 episcopi
431 1195 539 1220 honore.
551 1194 596 1226 iis,
613 1194 659 1228 qui
676 1197 738 1227 post
754 1193 838 1220 creati
867 1198 940 1223 sunt,
954 1201 1022 1227 prte-

235 1240 356 1266 l'erantur
371 1249 377 1266 :
408 1239 537 1266 Ecclesiis
550 1247 613 1265 vero
627 1239 788 1271 primatibus
802 1239 935 1266 Numidiae
947 1238 1022 1265 illau-

236 1285 393 1318 ritaniseque
412 1292 460 1312 sua
473 1284 537 1318 jura
556 1284 582 1310 in
601 1284 691 1311 indice
714 1289 742 1311 et
767 1284 909 1311 matricnla
930 1284 1024 1311 Numi-

235 1332 286 1359 (ηιξ
303 1330 434 1364 descripta
457 1331 561 1357 servari
586 1330 691 1357 volunt.
717 1330 867 1357 Exstabant
891 1331 979 1364 enim,
995 1335 1024 1358 ut

235 1383 277 1405 est
295 1377 451 1408 verisimile,
470 1376 494 1403 in
521 1375 644 1402 Numidia
660 1377 852 1403 commentarii
871 1377 927 1409 (eos
951 1377 1023 1403 enim

236 1423 385 1450 tnatricnlre
402 1422 510 1449 nomine
538 1421 730 1456 intelligimus)
757 1422 856 1456 quibus
879 1422 967 1456 aliqua
991 1422 1025 1449 de

237 1470 332 1496 ordine
345 1470 415 1496 inter
431 1476 477 1496 eas
497 1468 633 1495 Ecclesias
653 1468 793 1496 retinendo
805 1468 1023 1495 continebantur.

238 1516 347 1543 Servari
364 1523 443 1550 porro
459 1515 608 1542 matricula:
625 1515 801 1549 archetypum
829 1515 856 1541 in
876 1514 962 1548 prima
981 1521 1026 1540 ca-

239 1563 346 1593 thedra,
362 1567 389 1589 et
403 1563 428 1588 in
445 1562 613 1589 Constantini
629 1561 770 1595 metropoli
781 1562 971 1588 decreverunt.

241 1608 352 1636 ARIST.
373 1618 382 1634 ι
396 1608 523 1642 Teipsutn
549 1609 584 1640 ei,
600 1608 644 1642 qni
661 1613 687 1634 te
710 1607 859 1641 prmcessit,
880 1614 933 1633 non
951 1611 1026 1634 antc-

278 1665 286 1680 ι
302 1662 385 1689 pones
403 1663 409 1680 :
427 1654 474 1680 sed
489 1654 619 1688 sequeris.
645 1652 696 1685 Qui
724 1659 814 1679 autem
840 1653 944 1687 priores
961 1660 1027 1680 con-

279 1710 288 1726 1
304 1700 407 1732 temnit,
424 1699 482 1734 ipso.
499 1699 585 1732 magis
603 1703 644 1726 est
660 1698 885 1725 contemnendus.

279 1747 305 1774 In
321 1748 412 1774 Africa
441 1752 505 1773 tunc
531 1746 676 1780 temporis,
699 1753 751 1772 nec
772 1744 847 1776 alibi,
874 1744 1028 1772 habuerunt

241 1795 413 1828 episcopatus
434 1793 515 1819 ullam
541 1792 567 1818 in
586 1791 674 1818 throni
703 1791 808 1818 honore
836 1789 1026 1824 diﬂ'erentiam,

243 1841 290 1869 sed
307 1847 401 1867 omnes
418 1839 529 1874 :equalis
554 1843 632 1865 erant
649 1838 773 1865 honoris.
788 1837 839 1870 Qui
864 1842 953 1865 autent
972 1838 1029 1872 pri-

243 1894 304 1914 mus
319 1885 460 1913 ordinatus
475 1884 525 1911 fuit
551 1884 707 1918 episcopus,
731 1883 756 1911 ei
780 1883 826 1918 qui
853 1887 916 1918 post
940 1884 1045 1918 ipsum,

243 1932 385 1959 ordinatus
398 1936 451 1963 est,
469 1934 497 1958 et
515 1930 541 1957 in
557 1930 687 1957 cathedra
701 1934 729 1957 et
751 1929 777 1956 in
796 1929 858 1957 aliis
874 1929 1031 1964 quaestioni-

244 1981 296 2006 bus
312 1979 452 2006 canonicis
466 1977 595 2012 prmlatus
610 1977 681 2005 fuit:
697 1981 724 2003 ct
740 1977 779 2004 sic
796 1976 1030 2011 reliquideinceps

242 2027 319 2060 juxta
335 2024 538 2052 onlinalionum
558 2030 667 2050 suarum
685 2028 809 2057 tempora
824 2022 919 2049 ordine
933 2029 1031 2055 seque-

246 2078 353 2099 .»autur.
371 2070 534 2104 Episcopum
552 2069 651 2101 itaque,
676 2069 722 2102 qui
745 2075 796 2094 non
823 2067 918 2094 l‘ccerit
935 2074 1031 2094 secun-

245 2123 308 2146 dum
324 2119 394 2145 banc
406 2117 521 2143 formam
545 2115 572 2141 in
589 2115 714 2142 Afrorum
740 2115 861 2148 regione,
885 2114 931 2140 sed
955 2120 1031 2139 arro-

246 2169 339 2199 ganter
356 2171 385 2191 se
399 2162 526 2198 gesserit,
551 2165 578 2188 et
604 2161 664 2188 illos
679 2161 723 2195 qui
742 2165 805 2187 ante
831 2168 860 2188 se
885 2164 947 2187 sunt
966 2168 1031 2187 cort-

245 2211 358 2246 mmptui
377 2209 513 2240 habuerit,
530 2208 652 2235 decrevit
669 2207 788 2242 synodus
805 2207 830 2234 in
849 2207 945 2241 primis
961 2214 1030 2234 con-

248 2257 361 2292 temptui
376 2263 436 2283 esse
452 2255 535 2282 etiam
552 2254 600 2281 toti
620 2254 740 2289 syuotlo.

538 2299 652 2327 CANON
680 2298 738 2326 KC.

251 2360 259 2376 ι
281 2351 316 2376 De
331 2348 549 2381 Quod-vult-deo
563 2347 734 2378 Centuriam,
757 2345 894 2380 quoniam,
913 2352 973 2372 cum
987 2345 1035 2371 ad-

283 2405 291 2420 (
308 2395 445 2421 vcrsarius
459 2393 518 2426 ejus
534 2392 684 2427 petivisset.
702 2397 731 2418 ut
748 2391 781 2418 ad
805 2395 927 2418 nostram
951 2397 1034 2425 syno-

285 2451 293 2465 ι
310 2441 374 2466 dum
397 2439 624 2472 introduceretur,
644 2437 828 2472 interrogatus
842 2444 874 2463 an
892 2436 955 2462 velit
972 2443 1033 2462 cum

288 2497 295 2511 ε
312 2487 370 2520 ipso
383 2485 452 2519 apud
468 2485 610 2520 episcopos
634 2483 763 2517 experiri,
793 2482 908 2516 primum
926 2482 1035 2516 quidem

286 2545 293 2557 ο
311 2538 348 2560 est
364 2533 517 2567 pollicitus;
534 2531 586 2558 alio
600 2535 689 2558 autem
704 2529 747 2556 die
761 2529 812 2556 hoc
823 2529 847 2556 ei
863 2536 914 2555 non
930 2529 1036 2564 placere

291 2590 298 2603 ‹
317 2579 466 2614 respondit,
482 2582 510 2605 et
526 2577 656 2606 recessit:
673 2576 774 2611 placuit
789 2575 915 2602 erunibus
931 2576 1036 2610 episco-

286 2636 294 2650 ι
313 2626 364 2659 pis,
380 2629 408 2652 nt
434 2632 513 2651 nemo
530 2624 579 2658 ipsi
610 2622 823 2656 Quod-vult-deo
846 2622 1036 2654 communicet,

291 2682 299 2695 ι
315 2672 402 2698 donec
417 2671 476 2702 ejus
501 2668 635 2703 negotium
653 2668 732 2694 ﬁnem
757 2667 902 2701 acceperit.
921 2666 950 2694 Ei
966 2668 1037 2695 enim

291 2730 298 2742 ι
317 2716 417 2743 auferri
433 2715 631 2748 episcopatum,
661 2718 723 2739 ante
738 2713 779 2740 sui
796 2713 894 2748 negotii
924 2713 1037 2744 exitum,

291 2773 298 2788 ι
316 2763 379 2789 nulli
399 2766 486 2797 potest
502 2760 656 2788 Christiano
671 2759 732 2794 jure
748 2760 845 2787 videri.
862 2769 871 2785 ι

294 2897 389 2926 ιιιιε.
408 2901 434 2924 ct
452 2895 577 2924 ZONAR.
614 2894 758 2922 Accusavit
782 2891 916 2928 quispiam
941 2892 1039 2920 dictum

1063 277 1142 303 τοῦτο
1148 277 1199 303 οὐκ
1209 277 1323 310 ἐνεργεῖ·
1332 275 1399 301 ἀλλὰ
1408 272 1536 308 κατὰτὴν
1547 272 1698 306 γενομένην
1705 270 1862 297 ὑποτύπω-

1063 332 1107 349 σιν
1123 322 1200 357 παρὰ
1214 322 1260 348 τοῦ
1274 320 1405 356 βασιλέως
1419 319 1502 354 κυροῦ
1516 318 1629 348 Λέοντος
1639 316 1785 351 τοῦ,Σοιί>οὗ
1801 316 1863 350 τὴν

1066 369 1112 395 καὶ
1123 369 1151 394 έν
1166 367 1204 402 τῷ
1223 365 1436 402 χαρτοφυλακίῳ
1450 365 1499 399 τῆς
1526 363 1685 398 ἁγιωτάτης
1714 361 1762 387 τοῦ
1784 360 1861 387 Θεοῦ

1065 415 1195 449 Μεγάλης
1213 412 1380 448 Ἐκκλησίας
1406 409 1606 444 ἀποκειμένην,
1639 408 1664 433 οἱ
1696 406 1790 442 θρόνοι
1818 414 1866 431 τι-

1066 463 1172 498 μῶνται
1184 462 1239 488 τῶν
1266 459 1430 495 ἐκκλησιῶν.
1459 459 1496 484 Τὸ
1522 457 1550 484 δέ
1572 456 1627 483 ἀπὸ
1652 454 1699 482 τοῦ
1719 453 1866 492 παρόντος

1068 509 1180 540 κανόνος
1212 507 1429 541 ἀναφαινόμενον
1464 504 1569 530 δίκαιον
1594 503 1644 535 τῆς
1671 499 1866 536 προγενεσῖας

1066 557 1173 590 ἐνεργεῖ
1185 556 1223 586 εἰς
1238 555 1272 581 τὰ
1287 554 1341 580 τῶν
1361 551 1502 587 κληρικῶν
1515 551 1653 585 τάγματα.
1669 548 1793 582 Τιμᾶται
1803 547 1865 580 γὰρ

1066 603 1183 631 ἕκαστος
1216 599 1288 627 κατὰ
1313 599 1363 634 τὴν
1390 596 1573 631 προγενεσῐαν
1603 595 1651 621 τοῦ
1682 593 1781 630 χρόνου
1810 594 1865 625 τῇς

1069 649 1173 679 οἰκείας
1188 646 1366 683 χειροτονίας.
1389 644 1452 672 Ἐπὶ
1465 644 1493 671 δὲ
1505 643 1544 678 τῷ
1568 641 1667 678 gat)an
1688 641 1744 668 τῶν
1758 639 1868 671 ἐκκληε

1071 693 1219 721 σιαστικῶν
1234 692 1415 728 ἀρχοντικῐων
1430 690 1488 721 πῶς
1512 688 1593 716 τοῦτο
1620 688 1649 715 οὑ
1677 686 1866 721 φυλάττεται,

1068 741 1137 768 ἀλλὰ
1150 740 1222 766 κατὰ
1239 739 1289 773 τὴν
1312 737 1474 773 προαίρεσιν
1496 736 1550 762 τῶν
1584 733 1795 769 σφραγιξῆντων
1813 732 1869 766 ἁρ-

1068 786 1185 822 χιερέων
1197 787 1213 821 ἡ
1226 785 1322 816 στάσις
1334 783 1530 817 φιλοτιμεῖται,
1550 780 1598 807 καὶ
1624 782 1638 807 ὁ
1660 778 1869 814 μεταγενέστε-

1072 840 1117 866 po;
1133 832 1301 866 προτιμᾶται
1313 830 1360 856 τοῦ
1381 828 1610 864 προγενεστέρου,
1622 826 1785 863 θαυμάζω.ς’

1103 880 1223 906 ΖΩΝΑΡ.
1249 877 1331 904 Οὔπω
1346 877 1407 902 τότε
1430 875 1532 906 πάσαις
1550 875 1609 905 ταῖς
1630 872 1795 907 ἐκκλησίαις
1821 872 1870 907 βα-

1071 925 1138 960 θμὸς
1154 925 1201 950 καὶ
1221 923 1296 956 τάξις
1314 923 1453 953 ἐτέτακτο,
1476 920 1568 955 μόναις
1592 919 1620 945 δὲ
1633 919 1694 949 ταῖς
1711 917 1870 952 ὑπερεχού-

1071 979 1141 1003 σαις,
1161 971 1198 1000 ὡς
1210 970 1282 996 ἔστιν
1309 969 1398 1003 εὑρεῖν
1414 969 1445 994 εκ
1462 965 1508 993 τοῦ
1528 965 1621 996 τέλους
1648 963 1697 990 τοῦ
1724 963 1868 998 παρόντος

1071 1017 1202 1046 κανόνος·
1225 1016 1250 1042 οῑ
1274 1015 1301 1041 δὲ
1321 1015 1377 1041 τῶν
1407 1013 1496 1039 ἄλλων
1525 1010 1682 1046 ἐκκλησιῶν
1712 1010 1869 1036 ὲπῐσκοπει

1071 1065 1138 1098 πρὸς
1156 1063 1218 1093 τοὺς
1233 1061 1347 1096 χρόνους
1370 1059 1426 1086 τῶν
1445 1057 1619 1094 χειροτονιῶν
1644 1056 1736 1084 αὐτῶν
1752 1064 1871 1090 προετι-

1074 1108 1174 1142 μῶντο.
1187 1106 1273 1132 Τοῦτο
1292 1103 1338 1132 οὖν
1364 1105 1388 1131 οἱ
1403 1104 1453 1139 τῆς
1471 1102 1579 1129 συνόδου
1605 1101 1794 1136 φυλάττεσθαι
1811 1101 1873 1127 δια-

1071 1154 1227 1185 τάττονται,
1245 1152 1316 1179 ὥστε
1341 1151 1404 1182 τοὺς
1433 1148 1730 1185 προχειροτονηθέντας
1754 1147 1873 1174 ἐπισκό-

1074 1209 1140 1230 πους
1159 1199 1213 1225 τῶν
1226 1198 1463 1232 μεταγενεστέρων
1483 1194 1724 1231 προτετιμῆσθαι·
1750 1195 1814 1224 ταῖς
1842 1194 1872 1220 δὲ

1074 1246 1277 1280 πρωτευούσαις
1305 1243 1465 1277 ἐκκλησίαις
1479 1241 1528 1276 τῆς
1550 1240 1709 1277 Νουμηδὶας
1724 1239 1773 1266 καὶ
1789 1239 1872 1265 Μαυ-

1075 1291 1197 1326 ριτανίας
1209 1289 1378 1324 φυλαχθῆναι
1400 1287 1431 1314 τδ
1446 1287 1551 1314 δίκαιον
1571 1287 1604 1312 ὲκ
1626 1284 1672 1311 τοῦ
1690 1284 1874 1320 χαρτοῦεσίου

1075 1337 1122 1364 καὶ
1132 1335 1178 1362 τοῦ
1196 1335 1340 1370 ματρικίου
1356 1335 1405 1368 τῆς
1431 1332 1598 1367 Νουμηδίας.
1614 1328 1669 1357 Ἦν
1686 1331 1753 1364 γὰρ,
1766 1329 1808 1361 ὡς
1822 1330 1875 1356 ἔοι-

1075 1391 1133 1413 κεν,
1151 1382 1179 1408 ἐν
1190 1383 1221 1416 τῇ
1234 1380 1377 1415 Νουμηδὶᾳ
1395 1379 1542 1413 ἀπογραφή
1566 1386 1609 1408 τις
1627 1376 1710 1411 (αὕτη
1727 1375 1784 1411 γάρ
1814 1376 1872 1401 ἔστι

1075 1429 1105 1455 τὸ
1131 1427 1296 1462 ματρῖκιον),
1326 1425 1493 1461 περιέχουσά
1517 1434 1578 1451 τινα
1606 1424 1672 1458 περὶ
1689 1423 1798 1455 magno;
1828 1422 1876 1448 καὶ

1079 1474 1182 1510 βαθμοῦ
1210 1473 1264 1500 τῶν
1279 1473 1434 1508 εἰρημένων
1454 1471 1618 1505 ἐκκλησιῶν.
1643 1468 1828 1497 Ἀποκεῖσθαι
1847 1468 1874 1494 δὲ

1078 1520 1151 1551 ἔδοξε
1167 1520 1196 1546 τὺ
1222 1518 1364 1553 ματρίκιον
1391 1517 1421 1543 τὺ
1436 1516 1620 1551 ἀρχαιότυπον
1636 1516 1676 1546 εἰς
1691 1514 1742 1548 τὴν
1759 1512 1874 1548 πρώτην

1038 1567 1060 1599 C
1078 1566 1224 1600 καθέδραν,
1247 1564 1295 1590 καὶ
1323 1565 1363 1595 εἰς
1389 1561 1556 1597 μητρόπολιν
1573 1559 1801 1587 Κωνσταντίναν.

1080 1612 1192 1640 ΛΡΙΣΤ.
1231 1621 1239 1636 ι
1259 1610 1296 1636 Οὺ
1320 1609 1502 1644 προτιμήσεις
1531 1605 1578 1633 τοῦ
1602 1606 1657 1642 πρό
1672 1614 1720 1631 σου
1744 1604 1874 1634 σεαυτὸν.

1119 1667 1127 1683 ι
1147 1657 1204 1684 ἀλλ’
1233 1654 1471 1689 ὲπακολουθὴσεις.
1518 1653 1548 1679 '0
1572 1652 1600 1678 δὲ
1623 1649 1802 1686 περιφρονῶν
1815 1649 1876 1679 τοὺς

1120 1714 1130 1730 ι
1149 1703 1298 1739 προτέρους
1312 1700 1562 1735 εὐκαταφρόνητος.
1582 1708 1591 1725 ι

1124 1750 1167 1776 Ἐν
1182 1750 1214 1783 τῇ
1237 1748 1353 1782 ’Δφρικῇ
1364 1746 1401 1780 τῷ
1413 1746 1487 1777 τότε,
1511 1744 1572 1772 οὐδὲ
1599 1743 1733 1778 ἀλλαχοῦ,
1758 1740 1834 1778 εἶχον
1850 1741 1875 1768 αἱ

1082 1795 1229 1823 Eme-x0111!
1242 1793 1372 1827 διαφοράν
1385 1801 1443 1818 τινα
1464 1792 1505 1822 εἰς
1529 1791 1579 1826 τήν
1593 1790 1640 1817 τοῦ
1659 1790 1760 1824 θρόνου
1781 1789 1876 1823 τιμὴν,

1083 1842 1151 1869 ἀλλὰ
1168 1841 1252 1867 πᾶσαι
1269 1837 1338 1874 ἦσαν
1364 1837 1490 1871 ἰσότιμοι.
1512 1836 1542 1863 ’0
1565 1836 1593 1862 δὲ
1612 1835 1723 1871 πρῶτος
1749 1842 1874 1869 χειροτο-

1083 1887 1174 1922 νηθεὶς
1189 1885 1348 1915 ἐπίσκοπος,
1376 1882 1422 1909 τοῦ
1442 1881 1501 1916 μετ’
1529 1881 1610 1907 αὑτὸν
1624 1878 1876 1915 χειροτονηθέντος,

1083 1933 1111 1958 ἐν
1124 1941 1153 1958 τε
1168 1932 1202 1966 τῇ
1221 1929 1340 1964 καθέδρᾳ
1353 1928 1400 1954 καὶ
1412 1928 1440 1953 ὲν
1462 1927 1523 1958 ταῖς
1547 1925 1654 1955 λοιπαῖς
1666 1924 1804 1959 ζητήσεσι
1817 1924 1876 1951 ταῖς

1083 1977 1239 2006 κανονεκαῖς
1261 1975 1428 2010 προετιμᾶτο
1442 1980 1448 1987 ·
1465 1972 1512 1999 καὶ
1523 1971 1612 2002 οὕτως
1635 1970 1660 1996 οἱ
1679 1969 1784 2003 ἑφεξῆς
1809 1967 1878 1994 κατὰ

1083 2023 1146 2054 τοὺς
1162 2021 1274 2057 χρόνους
1291 2020 1345 2046 τῶν
1358 2017 1530 2054 χειροτονιῶν
1546 2015 1636 2043 αὐτῶν
1660 2014 1876 2050 ἐπηκολούθουν.

1084 2069 1137 2094 Τὸν
1153 2067 1219 2101 γοῦν
1238 2067 1273 2101 μὴ
1299 2066 1369 2092 κατὰ
1392 2065 1438 2091 τὸν
1451 2063 1536 2092 τύπον
1552 2061 1647 2089 τοῦτον
1662 2059 1799 2087 ποιοῦντα
1819 2059 1878 2085 ἐπί-

1086 2122 1186 2141 σκοπον
1203 2114 1230 2139 ὲν
1246 2115 1279 2149 τῇ
1292 2113 1347 2139 τῶν
1361 2112 1457 2146 ἄφρων
1471 2109 1559 2145 χώρᾳ,
1583 2108 1641 2136 ἀλλ’
1658 2106 1878 2138 ἀπαυθαδειαζό-

1087 2168 1176 2195 μενον,
1203 2160 1250 2187 καὶ
1266 2160 1328 2191 τοὺς
1343 2158 1494 2194 προτέρους
1521 2155 1754 2192 περιφρονοῦντα,
1781 2153 1878 2188 ὥρισεν

1086 2207 1102 2240 ή
1131 2205 1238 2238 σύνοδος
1267 2204 1506 2240 εὐκαταφρόνητον
1536 2200 1608 2229 εἶναι
1636 2201 1683 2228 καὶ
1710 2200 1767 2227 ἀπὸ
1788 2199 1877 2232 πάσης

1047 2246 1073 2277 Ι)
1087 2250 1207 2278 συνόδου.

1388 2294 1509 2321 ΚᾹΝΩΝ
1539 2292 1575 2326 ιζ.

1089 2353 1098 2369 ι
1117 2344 1184 2378 Περὶ
1200 2341 1442 2369 Κουοδῆουλτδαίου
1457 2341 1497 2367 ἔτι
1524 2340 1577 2375 μὴν
1595 2338 1643 2365 τοῦ
1668 2338 1858 2374 Κεντυ’ριάτου
1871 2358 1878 2368 .

1125 2399 1134 2412 ο
1155 2388 1247 2423 ἐπειδὴ
1263 2388 1309 2414 τοῦ
1328 2386 1450 2414 ἐναντίου
1465 2386 1547 2412 αὐτοῦ
1570 2385 1736 2420 αἰτήσαντος
1755 2386 1834 2419 παρὰ
1847 2385 1876 2417 τῇ

1125 2444 1133 2459 ι
1154 2433 1276 2469 ἡμετέρᾳ
1304 2431 1492 2467 εἰσενεχθῆναι
1530 2430 1651 2463 συνόδῳ,
1682 2430 1837 2465 ἐρωτηθεὶς
1857 2428 1878 2454 εἰ

1125 2487 1134 2503 ι
1158 2479 1210 2513 ἄρα
1225 2478 1348 2512 βούλεται
1367 2477 1427 2512 μετ’
1448 2476 1530 2503 αὑτοῦ
1550 2475 1627 2510 παρᾶ
1640 2475 1697 2505 τοῖς
1714 2474 1877 2503 ἐπισκόποις

1127 2534 1135 2549 ι
1154 2523 1385 2558 ἀποπειραθῆναι,
1411 2522 1520 2557 πρῶτον
1549 2521 1599 2556 μὲν
1627 2519 1778 2554 ὑπέσχετο,
1805 2518 1877 2554 τῇδὲ

1127 2580 1134 2594 ι
1154 2569 1220 2605 ἄλλῃ
1245 2569 1336 2604 ἡμέρα
1355 2569 1435 2595 τοῦτο
1453 2568 1491 2603 μὴ
1511 2567 1640 2602 ἀρέσκειν
1660 2565 1736 2600 αὐτῷ
1764 2564 1879 2599 ἀπεκρέ-

1127 2627 1134 2642 ι
1154 2624 1227 2647 νατο,
1255 2617 1302 2641 καὶ
1323 2614 1516 2649 ἀνεχώρησεν·
1532 2612 1632 2648 ἤρεσεν
1648 2612 1716 2637 πᾶσι
1739 2611 1800 2642 τοῖς
1822 2611 1880 2635 s12:-

1125 2671 1133 2685 ι
1154 2660 1265 2690 σκὸποις
1280 2680 1286 2690 ,
1308 2659 1353 2685 ἵνα
1380 2658 1474 2693 μηδεὶς
1491 2657 1530 2692 τῷ
1560 2655 1635 2690 αὒτῷ
1652 2654 1878 2687 Κουοδὸουλτδέφ

1129 2717 1136 2732 ι
1154 2705 1317 2740 κοινωνήσῃ,
1336 2704 1388 2735 ἕως
1411 2701 1442 2731 οὗ
1455 2703 1484 2729 τὸ
1502 2702 1562 2729 κατ’
1579 2702 1661 2728 αὑτὸν
1685 2702 1810 2736 πρᾶγμα
1834 2708 1878 2726 πει

1130 2763 1138 2778 ι
1159 2753 1278 2787 ρατωθῇ.
1305 2751 1360 2785 Τὴν
1373 2751 1426 2786 γὰρ
1451 2749 1605 2784 ἐπισκοπὴν
1633 2749 1682 2776 ἀπ’
1698 2748 1786 2774 αὑτοῦ
1802 2748 1876 2780 ἀφαι-

1131 2809 1138 2824 ι
1160 2799 1270 2834 ρεοῆναι
1284 2797 1338 2832 πρὸ
1352 2797 1401 2831 τῆς
1417 2796 1557 2826 ἐκϐάσεως
1573 2795 1620 2821 τοῦ
1637 2794 1698 2821 κατ’
1713 2794 1799 2822 αὑτὸν
1813 2792 1877 2829 ςτρά-

1132 2854 1140 2866 ι
1164 2852 1268 2878 γματος
1281 2843 1371 2869 οὐδενὶ
1387 2842 1543 2878 Χριστιανῷ
1556 2841 1666 2868 δύναται
1679 2841 1783 2869 δοκεῖν,
1799 2850 1809 2866 ι

1126 2891 1223 2920 ΒΔΛΣ.
1238 2891 1284 2918 καὶ
1306 2890 1381 2917 ΖΩΝ.
1408 2887 1589 2925 Κατηγόρησέ
1610 2895 1652 2919 τις
1679 2888 1728 2914 τοῦ
1755 2887 1877 2924 aquam;
