1909 3075
61 176 111 208 321

97 286 106 302 1
126 278 184 308 τοῖς
201 276 338 307 τοιούτοις
348 276 377 302 ὲν
390 275 493 309 ἑκάστῃ
503 274 579 300 πόλει
594 274 641 300 καὶ
657 273 732 307 τόπῳ
741 273 785 299 διὰ
800 271 854 298 τῶν

99 331 109 348 1
127 321 272 355 ἀρχόντων
287 321 303 355 ἢ
319 321 375 346 τῶν
390 319 487 354 πρῶτα
501 318 638 353 φερόντων
654 317 683 343 ἐν
694 318 749 347 τοῖς
762 316 854 346 αὐτοῖς

100 377 110 393 1
126 370 222 398 τόποις
240 366 419 392 συνέλθωσιν.
435 365 533 395 Τοῦτο,
566 363 614 390 ἐὰν
644 362 749 397 ἀρέσκῃ
775 361 854 392 πᾶσι,

102 423 110 438 ι
131 411 351 447 παραγγελθείη.
385 410 453 437 Ἀπὸ
493 409 603 436 πάντων
625 407 686 433 θεῶν
700 406 856 433 ἐπισκόπων

101 468 110 482 1
131 458 248 493 δλέχθηο
273 458 359 484 Πᾶσιν
375 456 487 490 ἀρέσκει
502 463 508 470 ·
528 454 576 480 καὶ
597 452 698 482 πάντες
724 450 804 477 τοῦτο
821 450 856 484 τῇ

105 514 113 530 1
132 505 257 538 ἡμετέρᾳ
272 504 421 538 ὑπογραφῇ
435 499 629 536 ὲκυρώσαμεν.
664 498 800 531 Δὶτοῦμεν
816 496 857 521 ἔτι

102 558 111 574 1
133 549 198 584 μὴν,
217 549 262 575 ἵνα
278 550 340 579 ταῖς
359 546 527 577 ἐπιστολαῖς,
553 546 613 576 ταῖς
636 543 807 577 ὀφειλούσαις
825 542 857 567 ὲκ

106 605 115 620 1
135 598 186 630 τῆς
207 595 321 621 συνόδου
337 594 406 630 πρὸς
418 594 480 624 τοὺς
497 592 632 627 ἄρχοντας
642 588 857 623 ἀποπεμφθῆναι

103 651 112 667 1
132 642 204 677 ὑπὲρ
215 642 328 668 πάντων
336 641 352 675 ἠ
361 641 394 675 σὴ
406 638 553 674 ὑπογράφῃ
564 636 713 670 ἁγιωσύνη.
723 634 858 668 Αὐρήλιος

106 697 115 712 1
133 687 287 717 ἐπίσκοπος
297 685 391 712 εἶπεν·
414 685 478 712 Ἐὰν
489 684 554 718 δοκῇ
570 684 602 717 τῇ
617 682 738 717 ὑμετέρᾳ
750 680 857 715 ἀγάπῃ,

106 742 116 758 1
137 732 247 763 ότύπος
260 733 310 767 τῆς
322 732 391 767 πρὸς
407 731 527 760 ἐκείνους
538 728 720 758 συνελεύσεως
734 728 858 760 ἀναγνω-

106 787 116 804 1
136 778 227 813 σθείη,
242 779 317 809 ὅπως
333 777 428 804 τοῦτον
443 777 489 802 τὸν
513 775 590 801 τόνον
606 773 657 808 τῆς
670 771 858 806 ἐπακολουθή-

105 833 116 848 1
139 832 210 855 σεως
225 823 338 855 πάντες,
355 823 402 849 ἐὰν
421 822 538 856 ἀρέσκῃ,
563 820 759 855 κρατήσωμεν.
792 816 860 843 Ἀπὸ

106 879 117 894 1
136 869 250 896 πάντων
268 869 322 895 τῶν
334 868 492 894 ἐπισκόπων
505 866 604 902 ἐλέχθη
615 875 621 881 -
645 863 857 898 ’Λναγνωσθείη.

105 925 117 940 1
137 915 239 945 Δαῖτος
251 915 376 949 νοτάριος
387 913 503 946 ἀνέγνω,
520 922 530 939 r

106 961 207 987 ΒΑΛΣ.
227 960 257 987 '0
277 960 365 991 τύπος
377 960 427 993 τῆς
443 959 515 994 πρὺς
525 958 591 989 τοὺς
613 956 779 988 Δονατιστὰς
798 965 862 983 συν-

71 1006 205 1037 ιὶεύσεως
214 1005 264 1032 καὶ
275 1006 308 1031 τὰ
319 1014 348 1031 εν
363 1006 394 1040 τῇ
403 1004 529 1039 παρούσῃ
541 1003 862 1038 συνελεύσειλαληθὲντα,

73 1052 146 1078 ιδικά
171 1052 226 1077 εἱσι
248 1051 381 1086 περὶτῶν
405 1050 583 1078 Δονατιστῶν.

109 1098 235 1124 ΖΩΝΑΡ.
251 1097 346 1128 Ἔδοξε
370 1098 401 1131 τῇ
416 1095 518 1131 συνόδῳ
531 1095 646 1122 ἕκαστον
668 1096 724 1121 τῶν
751 1094 864 1121 ἐπισκό-

75 1151 134 1169 πων
153 1143 182 1168 ὲν
195 1144 228 1177 τῇ
242 1142 297 1177 ἰδέᾳ
313 1142 390 1168 πόλει
402 1142 459 1173 τοῖς
470 1140 617 1175 προέχουσι
632 1140 684 1166 τῶν
695 1138 865 1166 Δονατιστῶν

74 1188 145 1223 ὁμοῦ
163 1188 308 1223 γενέσθαι,
323 1188 339 1223 ἢ
355 1188 400 1214 καὶ
416 1188 510 1221 ἕτερον
524 1187 674 1213 ἐπίσκοπον
695 1185 865 1220 προσλαϐέσ-

75 1234 131 1266 θαι,
155 1235 205 1260 καὶ
225 1233 356 1268 ὁμιλῆσαι
377 1232 471 1263 αὐτοῖς
491 1232 538 1259 καὶ
566 1231 750 1265 διαλεχθῆναι,
776 1231 792 1266 ἢ
822 1231 866 1257 διὰ

74 1279 130 1305 τῶν
143 1279 285 1313 ἀρχόντων
297 1280 344 1304 καὶ
358 1278 413 1304 τῶν
431 1277 627 1311 πρωτευόντων
642 1277 670 1302 ὲν
687 1278 747 1307 ταῖς
761 1278 866 1311 χώραις

76 1324 300 1360 προσκαλεῖσθαι
333 1323 448 1354 αὐτούς·
477 1322 616 1349 τουτέστιν
628 1323 652 1348 εἰ
688 1322 727 1356 μὴ
756 1322 867 1352 ἑκόντες

79 1371 267 1405 συνέρχοιντο.

78 1417 193 1444 ΔΡΙΣΤ.
232 1425 242 1442 1
262 1416 399 1446 Ἕκαστος
421 1415 475 1441 τῶν
507 1413 665 1440 ἐπισκόπων
694 1415 722 1440 ὲν
748 1415 782 1448 τῇ
813 1413 866 1448 ἰδίᾳ

118 1469 128 1485 1
148 1460 228 1486 πόλει
239 1461 297 1492 τοῖς
310 1460 444 1494 ἁρχηγοῖς
457 1459 511 1485 τῶν
525 1458 695 1485 Δονατιστῶν
706 1459 868 1492 συνελθέτω,

113 1517 123 1534 1
143 1507 160 1541 ῆ
180 1506 380 1541 προσλαϐέσθω
396 1507 441 1533 καὶ
455 1507 501 1531 τὸν
518 1505 638 1539 γείτονα,
654 1504 698 1530 ἵνα
709 1505 766 1535 τοῖς
779 1504 869 1536 αὐτοῖς

118 1564 127 1580 1
147 1554 327 1580 συνέλθωσιν.
343 1562 354 1579 ι

115 1599 286 1631 Σπεύδοντες
300 1600 325 1626 οι
348 1599 414 1625 θεῖοι
440 1598 561 1633 Πατέρες
582 1597 758 1632 προσενῶσαι
772 1599 804 1632 τῇ
819 1605 868 1623 κα-

80 1646 178 1681 cuius,
200 1644 351 1681 Ἐκκλῃσίᾳ
366 1644 429 1675 τοὺς
439 1643 613 1675 Δονατιστὰς,
629 1644 727 1673 οἵτινες
742 1643 771 1674 ἐξ
786 1643 869 1676 αὐτῆς

82 1693 177 1722 κακῶς
197 1691 313 1722 ἑαυτοὺς
330 1692 492 1725 ἀπέσχισαν,
517 1690 547 1716 οὐ
576 1689 710 1715 διέλειπον
744 1697 872 1723 παρακα-

81 1738 194 1769 λοῦντες
210 1737 310 1767 αὐτοὺς
326 1736 478 1770 ἀποστῆναι
491 1735 540 1769 τῆς
559 1735 677 1765 παλαιᾶς
695 1734 810 1768 πλάνης,
826 1734 873 1759 καὶ

82 1784 134 1818 τὴν
149 1783 280 1817 ἀλήθειαν
302 1780 516 1816 παραδέξασθαι.
548 1780 598 1807 Διὰ
610 1779 688 1806 τοῦτο
703 1780 767 1812 γοῦν
784 1779 873 1810 ἔδοξεν

84 1828 179 1858 αὐτοῖς
191 1827 239 1854 καὶ
254 1826 295 1853 ἔτι
311 1826 371 1852 δέον
391 1823 462 1852 εἶναι
492 1825 608 1851 ἕκαστον
633 1822 686 1849 τῶν
715 1821 873 1848 ἐπισκόπων

83 1873 139 1899 τῶν
156 1874 185 1900 ὲν
199 1874 233 1908 τῇ
254 1873 307 1908 ῑδὶᾳ
320 1872 396 1898 πόλει
408 1870 470 1897 καθ’
484 1870 580 1897 ἑαυτὸν
606 1870 662 1901 τοῖς
676 1868 730 1894 τῶν
748 1870 874 1893 Δονατισ-

84 1922 140 1947 τῶν
158 1920 292 1956 ἀρχηγοτς
309 1918 481 1954 προσελθεῖν,
502 1917 518 1952 ἢ
549 1917 596 1943 καὶ
612 1916 708 1950 ἕτερον
725 1913 875 1949 προσλαϐέ-

86 1968 151 1994 σθαι
164 1967 286 2001 γείτονα,
297 1966 344 1992 καὶ
359 1965 417 2000 μετ’
429 1963 513 1990 αὑτοῦ
539 1962 677 1989 συνελθεῖν
705 1961 806 1993 αὐτοῖς,
828 1960 876 1986 καὶ

87 2013 157 2047 πρὸς
175 2011 277 2042 αὐτοὺς
296 2011 387 2036 εἰπεῖν
402 2009 436 2035 τὰ
452 2009 480 2034 ὲν
495 2007 534 2043 τῷ
561 2005 661 2040 ἑφεξῆς
678 2007 770 2031 κανόνι
786 2003 875 2039 ῥητῶς

86 2057 292 2093 γεγραμμένα·
307 2056 356 2083 καὶ
370 2055 393 2082 εί
413 2055 451 2090 μὴ
468 2053 619 2080 πεισθῶσιν
652 2051 724 2078 οὕτω
749 2058 878 2085 παρακα-

86 2106 229 2139 λούμενοι,
247 2103 292 2130 διὰ
306 2103 358 2137 τῆς
384 2101 528 2136 βασιλικῆς
555 2098 683 2133 ἐξουσίας
707 2096 877 2131 ἀπελαθῆναι

88 2153 144 2178 σῶν
156 2150 323 2186 ἐκκλησιῶν,
335 2147 373 2176 ὦν
389 2147 538 2182 ἐπέϐησαν.

395 2193 512 2221 ΚΑΝΩΝ
527 2193 584 2226 HE"

92 2259 99 2271 ι
122 2243 259 2278 Αὐρήλιος
279 2240 427 2270 ἐπίσκοπος
454 2236 534 2265 εἷπε·
550 2237 587 2263 Τὸ
610 2235 686 2271 παρὰ
708 2234 759 2269 τῆς
784 2233 880 2260 αὺοενο

128 2300 137 2315 1
160 2291 222 2320 τίας
240 2287 351 2322 ἐκείνης
369 2287 418 2321 τῆς
440 2285 573 2320 μεγίστης
591 2282 726 2317 καθέδρας
742 2282 808 2316 ἡμῖν
821 2281 881 2306 ἑπι-

129 2346 139 2362 1
161 2334 266 2370 τραπὲν
276 2333 405 2367 αἰτοῦμεν
422 2332 470 2366 τὴν
479 2330 615 2365 ὑμετέραν
629 2327 801 2362 ὲντιμιότητα
815 2327 882 2352 ἀνα-

130 2393 139 2408 ι
160 2380 331 2415 γνωσθῆναι,
353 2378 400 2404 καὶ
423 2378 462 2408 είς
484 2376 571 2411 πέρας
599 2375 714 2410 ἀχθῆναι
738 2372 878 2400 κελεῦσαι.

131 2437 140 2453 1
169 2423 407 2459 Ἀναγνωοθεῑσης
439 2423 468 2449 δὲ
496 2421 546 2456 τῆς
570 2420 720 2450 κελεύσεως
754 2419 801 2445 καὶ
824 2419 880 2447 τοῖς

133 2482 142 2498 1
162 2470 371 2506 πεπραγμένοις
399 2466 631 2501 συντεθειμένης,
660 2463 809 2494 ἐπίσκοπος
832 2461 881 2496 τῆς

133 2528 142 2543 1
163 2516 314 2549 καθολικῆς
335 2513 500 2547 Ἐκκλησίας
513 2509 590 2538 εἶπεν
603 2519 609 2525 ³
631 2509 667 2536 To
684 2508 729 2535 διὰ
750 2510 798 2543 τῆς
814 2508 881 2540 ὑμε-

134 2574 143 2590 1
165 2564 249 2598 τέρας
263 2561 422 2594 τιμιότητος
439 2559 506 2594 πρὸς
521 2558 584 2588 τοὺς
597 2555 759 2586 Δονατιστὰς
773 2553 878 2588 ὀφεῖλον

134 2618 142 2634 1
162 2606 348 2642 ἀπενεχθῆναι
363 2604 498 2631 ὲντολικὺν
509 2603 636 2633 ἀκοῦσαι,
651 2601 761 2631 καὶτοῖς
771 2607 880 2634 πεπρα-

136 2665 145 2681 1
166 2656 280 2689 γμένοις
297 2651 438 2687 ἐμϐαλεῖν,
457 2650 505 2676 καὶ
520 2650 588 2683 πρὸς
603 2649 702 2678 αὐτοὺς
716 2645 885 2680 ἀποκομίσαι

138 2712 146 2727 1
167 2699 370 2732 καταξιώσατε,
384 2697 430 2724 καὶ
446 2697 494 2732 τὴν
517 2697 620 2722 τούτων
639 2694 786 2729 ἀπόκρισιν
802 2691 883 2719 πάλιν

138 2756 147 2772 1
167 2747 210 2772 διὰ
224 2745 280 2771 τῶν
301 2743 442 2778 ὑμετέρων
474 2740 677 2775 πεπραγμένων
702 2740 767 2775 ἡμῖν
794 2740 884 2772 ἐμφα-

137 2804 146 2820 1
166 2793 250 2820 visat.
268 2789 462 2825 Συνερχῆμεθα
482 2789 546 2823 ὑμῖν
562 2787 733 2816 αὑθεντικῶς
765 2786 885 2812 ἀποστα-

139 2849 147 2865 ι
168 2839 261 2869 λέντες
275 2838 308 2863 ἐκ
333 2837 381 2871 τῆς
408 2835 544 2870 ἡμετέρας
570 2833 732 2866 αὖθεντικῆς
765 2831 885 2861 συνόδου,

139 2894 148 2910 ι
167 2882 371 2919 ἐπιθυμοῦντες
392 2881 508 2916 χαρῇναι
526 2880 589 2915 περὶ
605 2880 651 2914 τῆς
668 2879 800 2913 ὑμετέρας
815 2877 828 2903 δ
840 2885 885 2912 ορ-

631 169 673 200 lN
688 169 772 201 CAN.
790 170 861 200 XCV
876 168 982 199 CONC.
1000 167 1188 200 CARTHAG.

98 241 108 258 1
127 232 142 268 η
159 230 333 267 προσζεῦξαι
350 229 440 264 ἐαυτῷ
459 228 569 263 γείτονα
583 228 687 262 ἕτερον,
702 227 746 253 ἵνα
755 225 854 258 ἧμοῖως
871 230 891 257 Α

1638 165 1692 195 392

947 235 957 252 1
971 226 1095 261 jnngere,
1114 231 1142 252 ut
1169 225 1270 259 pariter
1285 232 1333 252 eos
1349 225 1375 251 in
1402 230 1562 258 unaquaque
1585 223 1693 250 civitate

943 281 952 297 1
970 277 997 298 et
1012 272 1072 298 loco
1089 278 1137 306 per
1162 271 1349 305 magistratus,
1376 270 1420 297 vel
1445 277 1493 297 eos
1518 269 1563 304 qui
1592 269 1693 303 primas

945 325 953 341 1
972 321 1061 349 partes
1076 315 1175 347 ferunt,
1191 315 1217 341 in
1232 315 1327 342 iisletn
1354 314 1420 341 locis
1436 314 1605 341 conveniant.
1624 312 1691 344 Hor,

941 371 951 387 1
968 362 990 388 si
1007 361 1130 388 omnibus
1155 361 1253 394 placet,
1282 360 1413 386 editatnr.
1446 360 1486 386 Ab
1499 359 1624 386 omnibus
1637 358 1693 393 epi-

944 417 953 432 1
970 408 1060 441 scopis
1075 407 1176 433 dictum
1197 411 1238 433 cst
1250 405 1400 440 :{Omnibus
1414 405 1516 438 placet:
1533 409 1559 431 et
1572 404 1622 430 hoc
1636 411 1694 430 ont-

946 463 955 478 1
973 460 1021 480 nes
1040 457 1132 478 nostra
1157 451 1355 485 subscriptione
1372 450 1606 477 conﬁrmavimus.
1622 448 1694 475 Peti-

948 508 956 524 1
973 505 1032 525 mus
1049 502 1189 532 przetcrea,
1208 503 1235 523 ut
1264 496 1396 530 epistolis,
1415 503 1476 530 quas
1501 495 1598 521 debent
1613 502 1626 519 a
1651 502 1694 528 sy-

946 553 955 569 1
971 543 1041 571 nodo
1065 544 1135 570 mitti
1159 543 1192 569 ad
1218 543 1401 577 magistratus,
1429 547 1473 568 tua
1500 549 1549 576 pro
1571 541 1695 568 onmibus

949 598 959 614 1
977 591 1106 616 sanctitas
1121 589 1286 616 subscribat.
1305 588 1430 614 Aurelius
1443 587 1586 621 episcopus
1602 587 1689 614 dixit:

946 644 956 661 1
971 635 999 662 Si
1018 636 1141 662 videatur
1156 639 1254 661 vestra:
1282 633 1429 663 dilectioni,
1457 632 1544 667 forma
1568 639 1696 666 congres-

948 690 958 707 1
973 681 1057 708 sionis
1071 688 1132 707 cum
1148 680 1203 707 illis
1217 680 1331 714 legatur,
1348 684 1376 705 ut
1401 679 1472 705 hunc
1497 677 1694 711 prosecutionis

944 736 956 754 1
973 732 1092 754 tenorem
1108 734 1213 759 omnes,
1228 727 1249 752 si
1266 725 1362 759 placet,
1379 729 1529 751 teneamus.
1544 724 1585 751 Ab
1601 723 1692 750 omni-

948 783 956 799 1
973 774 1022 800 bus
1035 773 1169 807 episcopis
1195 772 1353 800 dictum‘est
1367 769 1517 805 :tLegatur.
1542 769 1632 797 Lastus
1647 775 1696 795 no-

950 828 959 844 1
977 818 1143 853 tariuslegit.
1161 827 1170 843 ι

949 949 1048 978 BALS.
1071 948 1168 976 Forma
1183 948 1383 983 congressionis
1408 955 1468 974 cum
1494 946 1654 977 Donatistis,
1670 950 1699 972 et

914 1003 973 1031 quin
988 996 1015 1022 in
1032 994 1157 1029 prmscnti
1186 994 1288 1029 synodo
1303 993 1373 1021 dicta
1391 997 1464 1024 sunt,
1481 992 1626 1019 Donatistis
1640 998 1701 1025 spc-

914 1042 1020 1069 cialiter
1037 1040 1209 1067 conveniunt.
1368 1050 1370 1052 ν

952 1084 1077 1113 ZUNAR.
1097 1086 1207 1120 Synodo
1222 1085 1284 1112 item
1302 1084 1411 1119 placuit,
1429 1087 1459 1110 ιιι
1473 1082 1592 1116 episcopi
1608 1089 1703 1108 omnes

916 1132 942 1159 iu
957 1140 1006 1159 sua
1024 1132 1138 1165 quisque
1153 1130 1230 1162 urbe,
1249 1130 1370 1156 adhibito
1386 1130 1466 1156 etiam
1482 1128 1576 1159 altero,
1591 1128 1614 1155 si
1630 1127 1703 1153 \‘ide-

918 1183 1004 1210 retur,
1020 1177 1158 1212 episcopo.
1175 1183 1221 1203 eos
1245 1176 1290 1209 qui
1317 1182 1347 1202 se
1374 1174 1574 1201 Donatistarum
1601 1172 1702 1206 ptimos

917 1223 1041 1250 ferebant
1067 1221 1265 1251 cunvenircnt;
1289 1220 1333 1246 vel
1362 1219 1568 1252 magistratuum
1585 1222 1633 1244 aut
1657 1225 1703 1243 1-0—

918 1277 990 1301 rum,
1022 1268 1114 1303 quiin
1143 1267 1298 1301 regionibus
1324 1264 1518 1299 prtesidcbant,
1543 1264 1706 1290 auctoritate

919 1316 1087 1343 advocandos
1102 1317 1240 1345 curarent,
1258 1313 1309 1339 hoc
1325 1317 1378 1344 est,
1400 1311 1452 1338 nisi
1481 1310 1532 1344 ipsi
1545 1314 1640 1344 sponte
1654 1316 1703 1337 sua

919 1361 1091 1389 conveniam.

919 1405 1033 1433 ARIST.
1055 1415 1064 1431 1
1081 1405 1272 1438 Unusquisque
1287 1403 1475 1436 episcoporum
1493 1401 1518 1427 in
1533 1408 1581 1428 sua
1597 1400 1706 1426 civitate

956 1461 965 1478 1
983 1451 1182 1478 Donatistarum
1198 1451 1322 1476 ductores
1340 1448 1502 1475 conveniat:
1529 1446 1569 1473 vel
1585 1451 1706 1473 assumat

954 1506 963 1524 1
981 1498 1061 1525 etiam
1075 1497 1203 1528 vicinum,
1219 1500 1248 1522 ut
1263 1501 1308 1521 cos
1323 1494 1496 1521 conveniant.
1514 1501 1524 1518 ›

882 1587 903 1616 C
955 1589 1068 1616 Omnem
1085 1592 1214 1614 navanles
1229 1593 1340 1620 operam
1353 1584 1433 1612 divini
1451 1584 1543 1612 Patres
1561 1583 1708 1610 Jonatislas

922 1635 1051 1662 Ecclesia:
1065 1633 1204 1660 catholicae
1221 1633 1352 1663 adunare,
1369 1631 1414 1665 qui
1439 1637 1469 1657 se
1492 1630 1525 1656 ab
1541 1637 1571 1656 ea
1590 1628 1709 1664 pessime

923 1681 1106 1712 absciderunt,
1136 1686 1187 1705 non
1215 1677 1359 1705 cessabant
1386 1683 1432 1704 eos
1459 1676 1598 1703 adhortari
1619 1680 1648 1701 ut
1675 1675 1709 1701 ab

923 1728 1034 1762 antiquo
1048 1733 1140 1754 errore
1152 1725 1321 1756 desisterent,
1347 1729 1374 1750 et
1402 1723 1542 1750 veritatem
1562 1721 1709 1756 amplecte-

925 1780 1027 1802 rentur.
1044 1773 1148 1800 Idcirco
1164 1772 1250 1798 visum
1267 1775 1308 1797 est
1331 1770 1364 1796 iis
1380 1775 1407 1801 et
1421 1769 1508 1796 adhuc
1523 1769 1707 1795 necessarium

924 1828 996 1851 esse,
1013 1825 1041 1846 ιιι
1058 1818 1171 1853 quisque
1185 1817 1371 1851 episcoporum
1396 1821 1443 1849 per
1470 1813 1588 1848 seipsum
1606 1813 1632 1839 in
1648 1820 1710 1847 pro-

926 1866 983 1901 pria
1007 1865 1116 1892 civitate
1153 1861 1355 1890 Donatistarum
1392 1862 1519 1886 ductores
1546 1858 1642 1890 adiret.
1667 1858 1709 1885 vel

926 1912 1009 1940 etiam
1027 1910 1108 1937 alium
1135 1907 1292 1942 adjungerct
1308 1905 1436 1937 vicinum,
1462 1909 1490 1931 et
1512 1911 1572 1931 cum
1593 1910 1626 1930 eo
1644 1904 1711 1930 istos

926 1957 1091 1986 conveniret,
1108 1954 1196 1988 iisque
1223 1952 1428 1984 indicaretqute
1456 1950 1482 1976 in
1508 1954 1638 1983 sequente
1663 1956 1712 1976 ca-

927 2009 997 2030 none
1015 2001 1114 2027 diserte
1130 1998 1310 2026 scribuntur:
1335 2001 1361 2023 et
1387 1996 1409 2023 si
1438 1995 1477 2022 sic
1502 1994 1631 2022 admoniti
1658 2002 1710 2021 non

927 2047 1149 2084 persuadeantur,
1166 2051 1214 2078 per
1229 2044 1328 2078 regiam
1354 2044 1515 2076 potestatem
1542 2040 1576 2067 ab
1591 2039 1713 2068 ecclesiis

928 2090 994 2126 illis,
1009 2100 1076 2127 quas
1088 2091 1249 2119 invaserunt
1259 2089 1414 2124 abigantnr.

1207 2188 1320 2216 CA'NON
1327 2214 1335 2220 ,
1359 2187 1439 2216 XCV.

935 2247 944 2264 1
960 2237 1085 2264 Aurelius
1109 2235 1253 2270 cpiscopus
1285 2235 1374 2261 dixit:
1401 2234 1478 2267 Quod
1501 2233 1535 2260 ab
1558 2233 1718 2261 auctoritate

970 2281 1169 2315 1amplissima¢
1194 2280 1265 2307 illius
1290 2280 1364 2306 sedis
1388 2280 1465 2306 nobis
1492 2279 1653 2313 permissum
1671 2279 1717 2311 sit,

971 2338 979 2353 1
996 2327 1110 2362 petimus
1123 2333 1139 2352 a
1159 2331 1246 2352 vestra
1265 2326 1439 2352 veneratione
1454 2330 1482 2351 nt
1504 2326 1617 2359 legatur,
1634 2333 1719 2360 eaque

973 2383 981 2398 1
997 2374 1022 2399 id
1037 2373 1070 2399 ad
1084 2371 1210 2399 ell‘ectum
1227 2371 1322 2398 deduci
1335 2371 1440 2405 iubent.
1458 2370 1539 2398 Lecta
1561 2376 1651 2398 autem
1666 2372 1721 2406 jus‘

971 2428 979 2444 1
998 2418 1084 2450 sione,
1101 2423 1127 2445 et
1141 2418 1208 2445 actis
1225 2417 1382 2452 conjuncta,
1408 2417 1476 2443 dixit
1501 2417 1643 2451 episcopus
1660 2418 1722 2443 uni—

973 2472 982 2488 1
997 2463 1110 2490 verSulis
1121 2462 1269 2490 Ecclesizc:
1294 2462 1371 2494 Quod
1397 2469 1445 2496 per
1470 2467 1586 2489 vestram
1611 2470 1724 2490 venera-

975 2518 983 2534 1
1001 2509 1099 2535 tionem
1117 2508 1196 2536 debet
1209 2508 1240 2534 ad
1258 2507 1413 2535 Donatistas
1426 2507 1526 2535 deferri
1554 2508 1722 2539 mandatum,

977 2564 986 2581 1
1003 2555 1096 2582 audire
1114 2560 1141 2581 et
1152 2554 1220 2581 aclis
1244 2554 1363 2582 inserere
1377 2558 1405 2580 et
1429 2554 1462 2580 ad
1488 2554 1560 2588 ipsos
1586 2553 1722 2587 deportari

974 2607 1094 2627 1enrare
1119 2599 1206 2627 velitis
1228 2604 1255 2627 et
1281 2607 1375 2626 eorum
1400 2606 1493 2626 rursus
1520 2599 1722 2631 responsionem

976 2655 984 2671 1
1004 2653 1051 2680 per
1068 2651 1157 2673 vestra
1183 2649 1242 2672 acta
1266 2646 1343 2672 nobis
1366 2644 1518 2672 ostendere.
1542 2643 1726 2671 Convenimus

976 2703 985 2719 1
1002 2701 1049 2720 eos
1077 2693 1242 2725 authentico,
1271 2694 1345 2719 missi
1369 2700 1383 2718 a
1400 2698 1492 2719 nostra
1509 2691 1663 2718 authentica
1682 2699 1726 2726 sy-

981 2750 989 2764 1
1005 2739 1085 2770 nodo,
1102 2739 1238 2773 cupientes
1262 2738 1294 2764 de
1321 2744 1409 2765 vestra
1435 2737 1604 2764 correctione
1625 2737 1725 2763 laetari.

979 2795 987 2811 1
1005 2785 1110 2812 Scimus
1123 2785 1194 2811 enim
1221 2784 1390 2811 dilectionem
1418 2782 1535 2814 Domini,
1564 2781 1609 2815 qui
1635 2782 1726 2810 dixit:

977 2839 985 2855 1
1005 2830 1076 2856 Beati
1092 2829 1207 2864 paciﬁci,
1226 2829 1352 2863 quoniam
1366 2828 1450 2863 628
1465 2827 1513 2862 ipsi
1543 2821 1592 2852 lilii
1616 2825 1662 2852 Dei
1680 2833 1728 2851 vo-

978 2886 987 2901 1
1003 2876 1146 2903 cabantur.
1167 2884 1176 2901 ›
1201 2874 1253 2901 Nos
1271 2882 1378 2910 quoque
1395 2883 1442 2909 pt‘l'
1457 2873 1615 2906 prophe'mn
1635 2872 1731 2899 admoo
