1909 3075
200 170 254 201 327
280 170 283 171 ⁷

833 170 973 211 THEQD.
996 170 1196 201 BALSAMUN

237 237 246 253 1
266 227 358 258 clesia,
377 234 436 261 quae
451 234 498 255 eos
515 228 560 262 pio
575 228 600 255 in
617 226 726 255 Christo
750 233 827 254 utcro
844 229 946 262 genuit,
961 232 988 254 et
1001 228 1028 258 Α

236 283 246 299 1
266 274 318 300 lide
331 273 540 302 continuatione
557 274 634 308 aluit,
653 281 747 301 eorum
770 281 877 308 quoque
892 273 984 308 provi~

239 327 248 344 1
267 318 358 345 dentia
372 318 526 350 muniatur;
547 325 580 345 ue
593 318 662 346 forte
677 319 791 346 audaces
806 323 832 346 et
848 319 983 345 temerarii

237 373 246 389 1
269 363 403 395 licinines,
417 364 444 389 in
470 364 601 398 religiosis
615 372 708 392 eorum
729 364 907 399 temporibus,
926 369 983 391 ter-

237 418 246 434 1
273 416 334 436 rore
346 408 438 443 aliquo
454 411 480 435 In
496 409 581 436 bonos
596 410 710 444 populos
726 410 893 437 dominatum
908 410 982 436 obti-

235 463 245 479 1
268 459 365 487 neant;
387 454 515 489 quoniam
532 462 580 482 eos
599 456 792 489 persuadentes
808 463 984 490 corrumpere

236 509 245 525 1
266 507 320 526 non
346 505 469 534 possunt.
494 500 637 535 Cognitum
660 502 731 528 enim
747 506 799 534 est,
823 507 850 529 et
880 501 984 536 legibus

234 555 243 571 1
265 553 336 581 saepe
352 546 550 581 proclamatur,
571 555 693 582 quaenam
713 555 820 579 eorum,
839 548 884 582 qui
905 556 984 582 sepa-

236 600 246 616 1
269 596 355 618 ratam
378 591 480 618 habent
498 592 746 626 congregationem,
762 594 930 619 exsecranda
947 592 986 618 fa-

235 645 246 662 1
266 637 320 664 ciat
344 637 502 670 multitudo,
522 645 582 672 quae
596 637 677 664 etiam
705 645 775 672 stepe
796 638 983 671 praedictorum

237 691 247 707 1
267 682 533 717 religiosissimorum
561 684 752 718 imperatorum
773 683 891 711 decretis
919 691 985 711 con-

238 738 247 754 1
270 729 397 756 deuinata
411 734 483 756 sunt.
501 729 638 757 Adversus
659 737 724 764 ergo
740 730 847 757 illorum
864 730 985 758 insanias

237 783 246 798 1
268 782 412 808 possumus
423 775 513 801 divina
526 775 626 802 auxilia
640 776 782 809 consequi,
799 783 850 803 non
869 777 984 809 insueta,

238 829 247 844 1
268 828 316 847 nec
334 820 420 848 aliena
434 841 442 853 ,
459 821 504 847 sed
529 828 544 848 tt
559 821 661 848 sanctis
682 821 830 856 Scripturis
846 831 853 849 :
877 823 984 856 quando

237 875 246 891 1
265 865 366 894 Paulus
380 867 532 901 apostolus,
550 872 579 894 ut
591 867 662 894 veris
674 868 859 901 apostolorum
873 867 984 894 Actibus

239 921 247 937 1
267 912 435 939 declaratum
449 917 500 945 est,
514 913 688 940 insolentium
705 919 731 940 et
747 913 920 940 factiosorum
938 913 986 940 lio-

237 968 245 983 1
267 957 368 985 minnm
393 959 621 994 conspirationem
646 959 755 986 militari
779 959 880 985 auxilio
903 960 986 993 depu-

236 1014 244 1028 1
268 1004 308 1031 lit.
345 1003 400 1031 Nos
422 1012 487 1039 ergo
509 1006 560 1032 ltoc
579 1005 708 1040 petimus,
736 1010 766 1032 ut
787 1006 986 1033 uuivcrsalibus

235 1060 244 1074 1
267 1050 448 1077 Ecclesiarum
473 1051 626 1083 ordinibus,
642 1051 668 1077 in
692 1059 853 1085 unaquaque
875 1052 986 1078 civitate

235 1105 244 1120 1
265 1101 292 1123 et
305 1097 331 1122 in
343 1095 460 1123 diversis
480 1095 558 1127 locis,
571 1096 721 1122 vicinarum
734 1104 902 1130 quarumque
923 1103 985 1131 pos-

238 1149 248 1166 1
270 1141 436 1174 sessionum,
460 1141 520 1168 sine
541 1148 616 1167 tnora
642 1142 765 1168 custodia
783 1146 810 1168 et
831 1142 984 1176 praesidium

236 1193 246 1210 1
271 1185 433 1220 prtcbeatur.
457 1185 544 1212 Simul
569 1185 622 1212 hoc
644 1193 751 1220 quoque
764 1186 907 1220 petendum
923 1192 984 1218 est,

235 1240 245 1256 1
266 1236 295 1257 ut
316 1231 399 1265 legem
419 1231 499 1257 latam
522 1238 537 1258 a
558 1231 608 1266 pia:
630 1232 767 1258 memoriae
785 1238 879 1259 eorum
905 1231 986 1258 Patro

239 1285 248 1301 1
270 1276 435 1308 Theodosio,
448 1276 482 1303 dc
499 1277 591 1304 decem
615 1277 691 1304 libris
707 1277 763 1304 auri
781 1277 913 1304 adversus
928 1278 984 1304 lia:-

236 1331 245 1347 1
265 1322 365 1349 reticos
387 1322 433 1356 qui
454 1322 581 1349 ordinant
610 1328 638 1350 et
671 1323 832 1350 ordinantur
857 1328 984 1355 servent;

235 1378 244 1393 1
267 1371 399 1402 pra-terea
422 1374 512 1396 autent
530 1374 557 1396 et
569 1370 699 1396 adversus
715 1377 896 1404 possessores,
914 1371 982 1404 apud

233 1423 242 1440 1
267 1422 335 1450 quos
370 1415 478 1442 illorum
514 1415 621 1442 inventa
663 1414 746 1442 fuerit
786 1416 981 1450 congregatio:

232 1468 242 1485 1
266 1459 365 1487 deinde
386 1460 426 1487 sic
441 1467 501 1487 eam
519 1460 605 1496 legem
634 1462 791 1488 continuari
804 1462 930 1496 jubeant.
955 1467 984 1488 ιιι

232 1514 242 1531 1
265 1505 396 1533 adversus
416 1514 464 1533 eos
483 1508 590 1538 valeat,
614 1513 723 1542 propter
737 1515 852 1542 quorum
870 1507 983 1534 insidias

232 1560 243 1578 1
264 1551 294 1584 ii,
318 1553 364 1586 qui
377 1553 517 1580 catholicae
532 1553 660 1580 Ecclesia:
670 1554 912 1587 curatngerebant,
937 1561 983 1587 per

232 1606 240 1622 1
262 1597 448 1625 testimonium
466 1598 580 1632 depositi
603 1603 665 1625 sunt
679 1607 686 1630 ;
709 1605 737 1625 ut
752 1599 803 1626 hoc
814 1600 910 1626 saltent
927 1604 982 1626 ter-

232 1650 242 1667 1
263 1649 327 1670 rore
345 1651 359 1669 a
377 1642 511 1670 faciendis
525 1639 730 1676 scltismatibus,
753 1650 780 1671 et
795 1645 829 1671 ab
845 1645 983 1672 haeretico-

232 1697 240 1714 1
261 1696 319 1715 runt
339 1689 512 1724 improbitate
532 1695 652 1722 ceSsent,
678 1691 723 1724 qui
746 1691 841 1718 asterni
858 1691 981 1726 supplicii

234 1743 243 1759 1
265 1735 494 1768 contemplatione
508 1736 629 1771 purgari,
641 1742 668 1763 et
680 1738 779 1772 corrigi
794 1737 933 1765 differunt.
952 1737 983 1764 ll-

234 1790 243 1806 1
265 1781 310 1808 lutl
338 1786 466 1816 praeterea
489 1784 633 1816 petendum
660 1787 703 1810 est
727 1788 755 1809 ut
771 1791 864 1810 eorunt
883 1784 983 1818 pietate

239 1837 248 1853 1
270 1827 312 1855 lex
329 1834 389 1861 qua:
417 1827 499 1854 etiam
522 1827 661 1862 hucusque
680 1829 799 1861 duravit,
827 1836 981 1861 renovetur,

233 1884 242 1900 1
263 1881 378 1908 quaeque
401 1875 458 1902 sive
487 1882 519 1902 ex
543 1875 746 1908 donationibus,
768 1877 826 1903 sive
841 1884 873 1903 ex
900 1882 983 1904 testa-

232 1928 240 1945 1
263 1921 362 1947 mentis
380 1920 526 1955 quidquam
542 1921 667 1955 capiendi
682 1922 722 1948 vel
745 1923 925 1957 relinquendi,
942 1928 981 1955 et,

232 1975 240 1991 1
261 1973 289 1993 ut
301 1966 498 1999 setneldicaut,
521 1967 630 2000 propria
649 1967 690 1994 vel
707 1967 864 2002 relinquere
881 1969 922 1995 vel
937 1976 982 1995 ca-

231 2019 239 2035 1
262 2018 325 2044 pere
338 2010 405 2036 tollit
421 2015 581 2044 potestatem
604 2010 756 2044 Har-reticis,
768 2012 812 2046 qui
828 2012 853 2038 in
866 2012 982 2047 propriae

227 2062 236 2077 1
259 2051 341 2088 63o
357 2053 540 2086 persuasionis
555 2054 658 2080 insania
671 2054 800 2081 excaecati
816 2059 889 2085 sum,
906 2059 933 2082 et
955 2055 981 2082 in

233 2108 240 2123 1
264 2098 465 2126 Donatistarum
479 2107 574 2128 errore
586 2100 679 2126 volunt
691 2107 861 2134 permanere.
876 2100 921 2127 Eis
935 2109 983 2127 au-

236 2154 245 2170 1
271 2145 397 2179 tem,qui
412 2145 520 2172 unionis
548 2151 577 2173 et
597 2146 671 2179 pacis
692 2146 922 2180 contemplatione
940 2154 981 2173 se-

232 2199 240 2214 1
261 2189 335 2224 ipsos
358 2190 451 2217 volunt
465 2190 612 2226 corrigere,
624 2198 703 2224 supra
714 2190 806 2225 positae
821 2190 886 2226 legis
903 2199 982 2225 aper-

234 2243 243 2260 ι
268 2239 311 2261 tus
325 2235 361 2262 sit
375 2243 484 2268 sensus,
503 2241 532 2262 ut
554 2235 689 2270 accipiant
713 2235 920 2269 ltmreditatem;

234 2287 243 2304 1
268 2278 300 2306 iis
312 2278 401 2306 adhuc
415 2279 480 2313 ipsis
492 2280 518 2306 in
533 2281 720 2307 haereticorum
737 2287 832 2308 errore
843 2281 979 2307 constitu-

233 2333 242 2349 1
263 2324 297 2351 tis
313 2324 414 2358 aliquid
426 2332 459 2352 ex
473 2327 618 2353 donatione
629 2326 670 2353 vel
684 2326 840 2353 luereditate
848 2326 977 2353 obvenit:

233 2380 241 2395 ι
264 2372 386 2405 exceptis
402 2371 504 2400 scilicet
518 2373 582 2404 illis,
597 2373 642 2408 qui
656 2378 800 2407 postquam
825 2372 852 2399 in
871 2372 916 2406 jus
932 2380 979 2399 vo-

233 2424 242 2440 1
266 2415 319 2442 cati
337 2415 448 2449 fuerint,
472 2417 665 2444 existimarunt
680 2424 710 2444 se
727 2416 825 2444 debere
836 2417 869 2443 ad
885 2417 979 2443 callio-

229 2471 237 2485 1
261 2461 340 2489 licam
370 2461 518 2490 Ecclesium
535 2462 662 2490 transire.
679 2462 715 2490 De
730 2463 762 2490 iis
778 2463 848 2489 enim
863 2463 977 2490 creden-

229 2516 238 2533 1
263 2508 325 2534 ilum
349 2513 401 2542 est,
419 2516 466 2536 eos
486 2517 538 2536 non
557 2515 629 2535 metu
656 2509 776 2536 (mlestis
791 2509 888 2544 judicii
901 2529 909 2540 .
932 2510 979 2537 sed

226 2566 234 2581 1
259 2562 376 2583 terrente
392 2555 580 2590 amplitudinis
591 2554 741 2581 insatiabili
754 2553 915 2588 cupiditate,
931 2562 978 2581 ca-

1003 897 1024 924 Β

957 2236 1020 2266 siD

230 2611 238 2627 1
262 2601 388 2629 tliolicam
403 2602 530 2628 unionem
546 2600 725 2628 desiderasse.
749 2600 789 2626 Ad
813 2601 869 2627 hac
887 2605 977 2627 autem
994 2607 999 2612 ’

227 2658 235 2673 ι
256 2647 359 2680 omnia,
377 2647 479 2674 auxilio
494 2654 562 2681 opus
576 2651 617 2673 est
632 2646 826 2680 dynastiarinm
850 2647 978 2673 uniuscu-

228 2704 236 2719 1
256 2694 356 2729 jusque
371 2692 526 2728 provinciu'.
549 2692 634 2719 Porro
647 2697 674 2719 et
691 2691 712 2718 si
726 2691 790 2726 quid
801 2690 872 2718 aliud
889 2691 977 2719 anim-

228 2749 236 2765 1
259 2740 426 2766 adverterit"
471 2737 667 2766 ecclesiastica:
706 2737 816 2764 utilitati
842 2737 977 2770 conferre,

230 2794 238 2809 1
261 2785 310 2812 ltoc
327 2784 472 2819 peragendi
496 2789 524 2810 et
548 2783 706 2818 perﬁciendi
722 2783 834 2810 libetam
858 2782 979 2810 decerni-

229 2839 238 2856 1
262 2839 322 2858 mus
337 2831 509 2865 legationem.
532 2830 598 2857 lllud
616 2837 724 2864 quoque
746 2830 839 2857 adth
865 2830 976 2864 placuit,

229 2885 238 2903 1
259 2883 287 2905 ιιι
312 2878 409 2906 littct-ze
424 2885 456 2906 cx
472 2882 566 2905 uestro
591 2882 724 2904 conventu
751 2879 784 2904 ad
810 2876 976 2904 clarissimos

1780 167 1829 198 323

1079 236 1089 252 1
1112 226 1477 263 σιωπήσωμιν,ἱπι6ουλαϊς
1499 227 1620 261 συσιεῖν,
1648 225 1695 252 καί
1725 233 1781 251 τισι
1808 224 1833 250 δὲ

1082 282 1090 298 ι
1114 273 1153 299 ἔτι
1170 273 1222 308 μὴν
1233 273 1394 308 ἐκκλησίαις
1412 272 1563 308 ἐπέϐησαν,
1578 272 1626 298 καὶ
1642 271 1738 303 ἄλλαις
1757 270 1834 296 ὲπελ-

1081 329 1091 344 1
1115 319 1172 345 θετν
1184 320 1283 354 ὁμοίως
1299 320 1498 354 ἐπειράθησαν,
1511 319 1560 353 τῆς
1573 318 1663 344 αὐτῶν
1680 317 1833 351 φιλανθρω-

1080 374 1089 390 ι
1114 365 1178 396 πίας
1190 365 1283 392 λοιπόν
1299 367 1357 392 ἐστι
1368 367 1577 400 προνοήσασθαι,
1592 365 1636 390 ἵνα
1656 366 1672 398 ἡ
1701 363 1833 398 καθολικὴ

1081 420 1089 435 ‹
1114 411 1275 444 Ἐκκλησία,
1291 412 1307 446 ἡ
1326 411 1424 442 αὐτοὺς
1443 410 1629 445 θρησκευτιχῇ
1642 409 1756 445 Χριστῷ
1772 417 1833 442 γεν-

1080 465 1090 482 1
1113 457 1218 490 νήσασι
1231 457 1342 492 γαστρὶ,
1356 457 1403 482 καὶ
1418 457 1450 492 τῇ
1464 454 1608 491 βεϐαιώσει
1637 455 1688 489 τῆς
1715 455 1833 484 πίστεως

1112 501 1279 536 ὲκθρέψασα,
1293 503 1325 536 τῇ
1338 500 1427 527 αὐτῶν
1438 501 1478 527 ἔτι
1495 500 1547 535 μὴν
1560 501 1673 534 προνοίᾳ
1684 498 1812 533 «tquan
1825 506 1832 512 '

1081 557 1090 572 1
1115 548 1220 582 μήποτε
1237 549 1385 582 προπετεῖς
1407 546 1544 581 ἄνθρωποι
1568 546 1614 571 ἐπὶ
1631 545 1684 571 τῶν
1710 543 1833 571 εὐσεϐῶν

1081 602 1089 618 1
1114 593 1204 620 αὐτῶν
1222 594 1325 628 χρόνων
1340 593 1415 627 φόὸῳ
1425 593 1478 618 τινὶ
1493 592 1547 618 τῶν
1561 591 1682 618 ἀσθενῶν
1694 590 1769 616 λαῶν
1785 597 1836 615 κα-

1112 637 1373 664 ταδ-λναοτεύσωσιν.
1396 637 1503 670 Ἐπειδὴ
1512 636 1702 666 ὑποπείθοντες
1711 634 1833 665 τούτους,

1080 692 1090 708 1
1110 683 1475 716 ἀποφαυλίσαιοὺδύνανται.
1490 682 1706 716 Ἐγνωσταιγὰρ
1717 681 1764 707 καὶ
1771 681 1835 707 πολ-

1114 729 1192 760 λάκις
1204 730 1260 760 τοῖς
1275 729 1368 764 νόμοις
1390 729 1519 755 ἐκσοᾶται
1545 728 1598 754 τῶν
1621 726 1834 762 παρασυναγόν-

1083 784 1091 800 1
1116 784 1170 802 των
1188 777 1204 810 ἡ
1232 775 1363 810 βδελυκτὴ
1393 775 1508 809 πληθὺς,
1533 775 1598 801 ποῖα
1624 773 1832 808 διαπράττεται,

1081 830 1089 845 1
1115 820 1194 847 ἆτινα
1205 821 1252 847 καὶ
1268 820 1396 852 πολλάκις
1411 821 1467 852 τοῖς
1479 819 1660 851 θεσπίσμασιν
1673 818 1764 845 αὐτῶν
1778 817 1834 844 τῶν

1115 866 1315 902 προλεχθέντων
1331 865 1533 892 εὐσεϐεστάτων
1548 864 1757 900 αὖτοκρατόρων
1785 872 1835 890 κα-

1112 912 1321 946 τεδικάσθησαν.
1339 912 1417 938 Κατά
1443 910 1489 938 οὖν
1515 911 1565 945 τῆς
1587 910 1698 937 ἐκείνων
1733 909 1834 944 μανίας

1110 957 1249 992 δυνάμεθα
1263 957 1421 992 συμμαχίας
1441 956 1516 988 Θείας
1529 957 1632 990 τυχεῖν,
1646 955 1697 982 οὐκ
1728 954 1831 989 ἀήθους

1108 1004 1146 1035 δὲ,
1178 998 1238 1031 οὐδὲ
1261 1003 1416 1038 ἀλλοτρίας,
1443 1002 1501 1029 ἀλλ’
1516 1002 1569 1030 ἀπὸ
1583 1002 1637 1029 τῶν
1652 1001 1740 1036 ἁγίων
1755 1001 1830 1035 Γρα-

1107 1050 1164 1085 φῶν
1181 1057 1188 1065 ·
1200 1050 1301 1076 ὁπόταν
1315 1049 1420 1080 Παῦλος
1434 1049 1447 1074 ὁ
1459 1048 1618 1079 ἀπόστολος,
1632 1047 1670 1078 ὡς
1686 1048 1748 1078 ταῖς
1765 1047 1833 1080 ἀλη-

1056 1105 1084 1125 ,-1
1109 1095 1197 1126 οιναῖς
1212 1094 1333 1129 Πράξεσι
1347 1094 1401 1120 τῶν
1417 1093 1573 1120 ἀποστόλων
1594 1092 1756 1127 δεδήλωται,
1784 1091 1835 1125 τὴν

1077 967 1086 983 Ι

1077 1015 1085 1030 ε

1079 1151 1086 1166 1
1111 1141 1262 1175 σύμπνοιαν
1291 1140 1345 1166 τῶν
1364 1139 1490 1167 ἀτάκτων
1513 1139 1678 1172 ἀπεκίνησεν
1708 1137 1833 1172 βοηθείᾳ,

1077 1196 1085 1212 1
1114 1186 1210 1221 Ἡμεῖς
1228 1187 1319 1213 τοίνυν
1331 1185 1410 1212 τοῦτο
1426 1185 1567 1219 αἰτοῦμεν,
1582 1184 1625 1210 ῖνα
1647 1186 1707 1214 ταῖς
1721 1183 1834 1210 καθολι-

1076 1241 1084 1257 ‹
1108 1233 1168 1264 καῐς
1179 1232 1272 1265 τάξεσι
1286 1232 1341 1258 τῶν
1357 1231 1510 1266 ἐκκλησιῶν
1540 1231 1591 1257 ἀνὰ
1611 1230 1732 1264 ἑκάστην
1756 1229 1834 1255 πόλιν

1074 1288 1082 1302 1
1106 1278 1157 1304 ἀνὰ
1184 1277 1328 1313 διαφόρους
1355 1277 1453 1307 τόπους
1477 1277 1532 1302 τῶν
1560 1275 1741 1310 γειτονουσῶν
1766 1276 1832 1302 ἐκά-

1076 1333 1084 1348 1
1107 1332 1177 1350 στων
1192 1325 1326 1358 κτήσεων,
1340 1323 1532 1358 ἀνυπερθέτως
1541 1322 1728 1356 παραφυλακὴ
1741 1329 1833 1355 παρα-

1076 1378 1084 1394 1
1109 1370 1202 1405 σχεθῇ.
1219 1371 1294 1404 ’Λμει
1307 1369 1354 1396 καὶ
1369 1369 1448 1396 τοῦτο
1464 1369 1518 1395 δεῖν
1536 1367 1658 1402 αἰτῆσαι.
1689 1367 1762 1394 ὥστε
1786 1367 1833 1393 τὸν

1076 1424 1084 1440 1
1105 1415 1187 1450 νόμον
1211 1416 1257 1442 τὸν
1290 1415 1434 1442 ἐκτεθέντα
1464 1414 1539 1449 παρά
1564 1414 1610 1440 τοῦ
1634 1415 1684 1448 τῆς
1701 1412 1833 1444 εὖσεῆοῦς

1075 1470 1083 1485 1
1110 1461 1222 1496 μνήμης
1238 1462 1357 1496 Πατέρος
1371 1461 1461 1488 αὐτῶν
1471 1460 1623 1491 Θεοδοσίου,
1637 1460 1683 1485 τὸν
1697 1459 1762 1493 περὶ
1777 1460 1831 1485 τῶν

1075 1518 1084 1532 1
1108 1507 1174 1534 δέκα
1190 1507 1235 1534 τοῦ
1250 1507 1364 1544 χρυσίου
1375 1507 1485 1543 λιτρῶν,
1500 1507 1544 1534 τὶν
1559 1506 1630 1533 κατὰ
1641 1506 1697 1532 τῶν
1708 1514 1832 1541 χειροτο-

1075 1562 1083 1578 1
1107 1552 1224 1580 νούντων
1236 1554 1284 1580 καὶ
1299 1553 1548 1588 χειροτονουμένων
1569 1552 1716 1587 αίρετικῶν
1746 1551 1832 1585 φυλά-

1074 1608 1082 1624 1
1106 1599 1197 1631 ξωσιν,
1215 1599 1254 1625 ἔτι
1274 1599 1388 1634 μήνκαὶ
1412 1599 1486 1625 κατὰ
1513 1598 1567 1624 τῶν
1597 1597 1739 1633 κτητόρων
1763 1596 1831 1632 παρ’

1075 1655 1083 1670 ι
1106 1642 1146 1676 οἷς
1161 1646 1177 1680 ἡ
1194 1645 1306 1671 ἐκείνων
1335 1644 1433 1679 εὑρεθῇ
1465 1643 1634 1678 συναγωγή·
1660 1641 1711 1669 εἶθ’
1741 1642 1831 1674 οὕτως

1074 1700 1082 1715 1
1108 1690 1289 1726 βεὸαιωθῆναι
1304 1691 1348 1717 τὴν
1365 1689 1495 1721 τοιοῦτον,
1512 1686 1549 1715 ὧν
1569 1689 1613 1716 διὰ
1636 1688 1687 1719 τὰς
1716 1688 1830 1714 ἐπιϐου-

1075 1746 1084 1763 1
1109 1737 1157 1768 λὰς
1175 1738 1199 1763 οἱ
1214 1739 1264 1771 τῆς
1279 1737 1425 1771 καθολικῆς
1445 1736 1646 1771 προτραπέντες
1661 1735 1706 1761 διὰ
1721 1743 1830 1770 μαρτυ-

1076 1793 1085 1808 ‹
1108 1784 1170 1819 ρίαν
1186 1784 1319 1810 ἀπέθεντο
1337 1792 1344 1799 ·
1361 1784 1404 1810 ἵνα
1421 1783 1472 1810 κᾶν
1487 1783 1575 1817 τούτῳ
1590 1782 1628 1817 τῷ
1643 1782 1719 1816 φόϐῳ
1734 1782 1767 1808 ἐκ
1781 1782 1828 1808 τοῦ

1079 1839 1087 1855 ι
1112 1830 1198 1856 ποιεῖν
1226 1829 1361 1864 σχίσματα
1389 1829 1438 1856 καὶ
1463 1828 1516 1856 ἀπὸ
1540 1829 1589 1863 τῆς
1611 1827 1666 1854 τῶν
1679 1828 1830 1862 αίρετικῶν

1072 1885 1080 1900 1
1106 1875 1271 1909 φαυλότητος
1291 1876 1451 1901 παύσωνται
1476 1875 1500 1900 οί
1526 1875 1559 1909 τῇ
1588 1875 1752 1907 κατανοήσει
1778 1873 1829 1908 τῆς

1072 1929 1080 1945 1
1105 1919 1217 1951 αίωνίας
1236 1919 1374 1951 κολάσεως
1398 1919 1568 1954 καθαρθῆναι
1585 1919 1631 1945 καὶ
1647 1919 1828 1952 διορθωθῆναι

1073 1973 1081 1990 1
1105 1964 1325 2000 ὑπερτιθέμενοι.
1347 1965 1464 1991 Κάκεῖνο
1483 1963 1523 1990 ἔτι
1554 1963 1607 1998 μὴν
1638 1964 1751 1999 αἰτῆσαι
1778 1964 1827 1995 δεῖ.

1077 2019 1086 2035 1
1110 2010 1155 2036 ἴνα
1168 2011 1201 2044 τῇ
1217 2009 1307 2036 αὐτῶν
1320 2010 1472 2045 εὐσεϐείᾳὸ
1486 2011 1534 2036 καὶ
1553 2009 1634 2045 μέχρι
1650 2009 1698 2036 τοῦ
1727 2010 1828 2044 παρόν-

1072 2065 1080 2080 1
1102 2064 1147 2086 τος
1167 2056 1248 2090 νόμος
1259 2055 1474 2090 ἑπαναληφθεῐη,
1497 2056 1510 2082 ό
1526 2055 1575 2090 τὴν
1603 2056 1747 2090 εὐχέρειαν
1772 2055 1826 2083 τῶν

1106 2101 1251 2136 αἰρετικῶν
1263 2101 1475 2136 ἀφαιρούμενος,
1483 2101 1529 2128 τοῦ
1544 2102 1600 2127 εἴτε
1616 2101 1671 2128 ἀπὺ
1686 2101 1824 2136 διαθηκῶν

1073 2157 1082 2172 1
1106 2148 1219 2178 τούτους
1238 2147 1368 2174 δύνασθαι
1381 2147 1531 2182 λαμὸάνειν
1549 2147 1575 2174 τί
1598 2156 1675 2179 ποτε,
1699 2147 1716 2182 ἢ
1741 2156 1826 2174 κατα-

1106 2193 1263 2228 λιμπάνειν,
1278 2193 1325 2220 καὶ
1342 2193 1434 2224 ἁπλῶς
1446 2193 1546 2226 εἰπεῖν,
1561 2193 1607 2220 τοῦ
1621 2194 1676 2220 εἴτε
1689 2194 1825 2228 καταλιμ-

1071 2249 1080 2265 1
1105 2239 1199 2266 πάνειν
1213 2248 1249 2272 τι,
1266 2239 1320 2265 εἴτε
1334 2239 1483 2274 λαμϐάνειν
1496 2240 1529 2266 τὰ
1540 2239 1596 2267 ῐδια
1611 2240 1760 2274 ἀφέληται,
1772 2240 1826 2266 τῶν

1071 2295 1079 2310 1
1103 2287 1135 2321 τῇ
1151 2285 1236 2320 μανίᾳ
1252 2285 1300 2311 τοῦ
1334 2285 1404 2311 ίδῐου
1435 2286 1587 2319 πείσματος
1620 2285 1826 2319 τυφλωθέντων.

1069 2341 1077 2355 1
1101 2331 1148 2357 καὶ
1179 2332 1208 2357 ὶν
1235 2332 1267 2366 τῇ
1287 2330 1342 2357 τῶν
1368 2331 1537 2357 Δονατιστῶν
1568 2331 1656 2366 πλάνῃ
1683 2330 1825 2365 ἐπιμένειν

1073 2386 1081 2402 1
1106 2376 1288 2411 βουλομένων.
1303 2375 1364 2407 Τοῖς
1382 2376 1410 2402 δὲ
1426 2377 1459 2411 τῇ
1471 2377 1635 2412 κατανοήσει
1654 2375 1706 2410 τῆς
1731 2376 1826 2410 ἑνότη-

1070 2431 1078 2447 1
1102 2430 1148 2453 τος
1165 2423 1212 2448 καὶ
1227 2421 1339 2457 εἰρήνης
1366 2421 1480 2453 ἑαυτοὺς
1505 2421 1704 2455 διορθώσασθαι
1731 2421 1826 2455 βουλο-

1070 2477 1078 2492 1
1105 2467 1196 2502 μένοις
1212 2467 1411 2503 ὑπερκειμένου
1425 2467 1472 2493 τοῦ
1492 2466 1614 2493 τοιούτου
1637 2467 1720 2501 νόμου
1753 2467 1826 2493 ἀνοι-

1102 2512 1179 2547 χθείη
1193 2514 1210 2547 ή
1227 2512 1357 2547 ἀκρόασις
1379 2511 1426 2538 τοῦ
1442 2511 1590 2547 λαμϐάνειν
1616 2512 1802 2547 κληρονομίαν
1816 2521 1822 2528 ·

1067 2568 1076 2583 ι
1099 2559 1123 2585 εί
1138 2559 1184 2584 καὶ
1198 2558 1238 2585 ἔτι
1250 2558 1355 2590 τούτοις
1371 2559 1462 2590 αὐτοῖς
1487 2559 1518 2585 ὲν
1538 2559 1571 2593 τῇ
1594 2558 1648 2585 τῶν
1675 2558 1823 2593 αἱρετικῶν

1107 2604 1197 2640 πλάνῃ
1212 2604 1363 2631 καθεστῶσι
1377 2603 1566 2640 προσαρμόζει
1585 2604 1611 2630 τί
1623 2612 1688 2630 ποτε
1704 2605 1760 2630 tit-:5
1773 2605 1824 2630 61o-

1069 2658 1078 2675 1
1103 2650 1197 2685 ρεᾶςῆ
1216 2649 1409 2685 κληρονομίας,
1427 2649 1603 2685 ἐξῃρημένων
1629 2650 1743 2676 ἐκείνων
1776 2651 1822 2686 δη-

1068 2704 1077 2720 1
1099 2694 1165 2729 λαδὴ
1181 2695 1277 2726 οἵτινες
1296 2696 1366 2729 μετά
1378 2695 1408 2722 τὸ
1420 2696 1461 2726 εἰς
1473 2695 1552 2730 δίκην
1565 2695 1711 2730 ἑναχθῆναι
1729 2696 1820 2730 ἐλογί-

1068 2751 1077 2766 ‹
1103 2749 1183 2767 σαειτο
1197 2741 1325 2775 ὀφείλειν,
1341 2741 1409 2776 πρὸς
1429 2741 1477 2776 τὴν
1492 2741 1640 2776 καθολικὴν
1668 2741 1819 2775 μετελθεῖν.

1068 2796 1076 2812 1
1101 2787 1168 2821 Περὶ
1179 2786 1232 2821 γὰρ
1247 2786 1300 2812 τῶν
1314 2787 1442 2813 τοιούτων
1459 2788 1615 2813 πιστευτέον
1632 2787 1706 2812 ἐστιν
1733 2788 1770 2820 μη
1785 2786 1820 2819 τῷ

1067 2843 1076 2858 ι
1101 2833 1175 2867 φόὸῳ
1191 2832 1241 2867 τῆς
1250 2832 1375 2866 οὐρανίου
1392 2832 1518 2868 κρίσεως,
1534 2832 1602 2858 ἀλλὰ
1624 2833 1656 2867 τῇ
1684 2831 1821 2866 deleat;

1070 2887 1078 2903 ε
1104 2877 1153 2912 τῆς
1170 2878 1268 2913 γηῖνης
1278 2877 1469 2910 λυισιτελείας,
1487 2877 1536 2913 τὴν
1551 2876 1699 2911 καθολικὴν
1707 2876 1820 2911 ἑνότητα
