1909 3075
182 137 233 168 3-l'7
793 136 930 169 THEOD.
946 135 1145 167 BALSAMON
1761 136 1824 168 343

184 201 242 226 gem
256 193 469 227 imperatoriam,
479 200 537 227 quae
547 191 695 226 mandavit,
708 197 735 219 ιιι
745 201 812 228 quas
824 200 934 221 tenuern

1074 202 1081 219 ι
1101 192 1180 220 τοῦτο
1201 193 1288 220 ποιεῖν
1301 193 1404 224 αὐτοῖς.
1437 193 1517 220 ama
1537 194 1619 220 καὶοι
1632 193 1688 219 τῶν
1704 195 1824 221 Δανίτι-

186 237 331 263 Donatistae
353 237 484 264 ecclesias
499 242 525 264 et
552 238 684 265 diuae-eses
700 237 890 272 episcoporum
916 238 940 265 Ct

1069 239 1096 265 ὒν
1111 239 1265 272 ἐπίσκοποι,
1285 239 1310 266 οἱ
1326 239 1378 274 πρὸ
1404 240 1450 266 τοῦ
1470 239 1612 274 βασιλικοῦ
1647 240 1730 272 νόμου
1749 240 1823 265 ὐπο-

187 283 347 310 tholicormn
362 284 486 311 ecclesiis
502 292 561 317 quae
577 285 602 311 in
625 284 685 311 istis
700 289 764 311 sunt
782 284 847 312 locis
863 284 939 311 ordin

1069 283 1200 318 ;ἑψαντες,
1216 284 1263 311 τοῦ
1281 284 1459 316 κελεύσαντος
1472 284 1506 315 ἃς
1516 285 1648 318 κατέσχον
1663 284 1688 310 οἱ
1702 286 1823 310 Δονατι-

185 334 290 361 rentur,
307 330 433 357 co'nversi
459 329 584 361 luerunt,
603 330 716 364 populos
731 337 801 364 quos
817 330 939 357 habncrn

1065 331 1087 356 ιὶ
1107 330 1256 365 ἐκκλησίας
1272 331 1319 356 καὶ
1331 331 1478 364 διοικήσεις
1492 331 1553 361 ταῖς
1579 330 1743 362 ἐκκλησίαις
1759 330 1819 355 τῶν

186 376 282 402 iterum
305 376 433 408 habeant,
447 381 473 402 et
487 376 520 402 iis
539 380 619 402 erunt
630 375 750 410 episropi
766 385 773 402 :
788 380 847 410 post
869 376 940 409 regia

1068 375 1177 402 ὶολικῶν
1201 376 1358 402 ἐπισκόπων
1379 376 1598 411 προσενωθῆναι,
1628 378 1683 403 τῶν
1699 378 1728 403 ἐν
1743 377 1822 403 ὲκεί-

184 427 275 448 antem
291 421 354 448 illutl
372 422 539 453 mandatum,
561 422 683 455 quamvis
698 421 730 449 ad
746 421 907 448 catholicam
931 429 938 448 ι

1070 421 1182 452 ςῦντων
1208 423 1264 452 τοϊς
1292 421 1400 452 τόποις,
1424 423 1486 453 τοὺς
1507 422 1587 453 λαοὺς
1611 422 1658 452 οὓς
1686 424 1824 457 κατεῖχον

186 467 267 492 deant
296 466 456 498 Ecclesium,
474 467 515 494 vel
536 467 618 494 etiam
644 474 707 500 non,
726 474 838 501 qumque
853 465 940 494 Ecclet

1071 468 1107 493 λιν
1124 467 1279 500 καθέξουσι,
1299 467 1346 494 καὶ
1377 467 1483 494 ἔσονται
1504 467 1528 493 οἱ
1550 468 1696 494 ἐπίσκοποι
1713 469 1742 494 ἐν
1766 469 1825 494 σῦ-

185 519 233 537 sna
247 511 306 544 jura
323 512 460 538 defendet.

1070 521 1093 544 ς·
1127 513 1195 548 μετὰ
1224 513 1252 539 δὲ
1282 513 1330 548 τὴν
1362 513 1489 547 τοιαύτην
1505 513 1653 548 βασιλικὴν
1678 513 1823 543 κέλευσιν,

186 557 238 583 κᾶν
250 565 279 582 τε
296 556 478 592 ὲπιστρέψωσι
491 558 558 593 πρὸς
569 557 617 594 τὴν
634 557 781 593 καθολικὴν
798 556 970 592 Ἐκκλησίαν,
991 557 1043 585 κᾶν
1071 567 1102 585 τε
1128 559 1175 586 καὶ
1206 559 1254 594 μὴ,
1272 559 1372 593 ἑκάστη
1412 558 1561 592 Ἐκκλησία
1593 559 1759 594 διεκόικήσει
1785 559 1826 586 τὰ

186 603 274 629 οἰκεῖα
289 602 390 630 δικαια.

474 651 589 679 CANON
609 651 674 680 ΟΝ.
1131 671 1136 674 -

1131 671 1136 674 .
1320 647 1439 675 ΚᾹΝΩΝ
1464 648 1521 674 PA’.

191 703 200 720 1
225 695 263 722 De
279 695 411 722 relatione
423 696 562 724 Manrentii
576 697 706 731 episcopi.
718 697 758 724 Ad
774 695 930 724 relationem

1070 695 1133 730 Περὶ
1147 695 1197 730 τῆς
1214 695 1356 729 ἀναφορᾶς
1382 693 1558 729 Μαυρεντίου
1581 693 1628 720 τοῦ
1652 694 1824 722 ἐπισκόπου.

228 749 238 766 1
263 742 421 774 petitionem
438 743 557 777 episcopi
578 743 733 775 Maurentii,
748 744 817 771 lecta
834 743 973 776 schednla,

1071 750 1077 767 ι
1102 741 1180 767 Κατὰ
1192 740 1242 775 τὴν
1255 740 1396 775 ἀναφορὰν
1413 741 1461 766 καὶ
1476 740 1585 774 αἴτησιν
1600 739 1646 766 τοῦ
1664 740 1825 766 ἐπισκόπου

227 796 236 812 1
259 795 339 822 quam
359 787 447 814 attulit
463 788 641 816 Placentinus
652 789 806 823 episcopus,
818 789 862 822 qui
880 787 972 814 Numi-

1071 796 1078 813 ι
1101 786 1295 822 Μαυρεντίον,
1330 785 1555 819 ἀναγνωσθέντος
1583 786 1630 811 τοῦ
1661 786 1825 821 σχεδαρίου.

228 844 237 857 ‹
262 833 366 859 diarum
392 833 472 867 legati
500 841 644 868 personam
665 835 833 866 sustinebat,
860 841 919 868 quae
940 841 973 860 ex

1072 841 1077 857 ι
1097 832 1166 866 ὅπερ
1183 831 1354 866 προσήνεγκε
1388 830 1566 862 Πλακεντῖνος
1591 831 1604 857 ὁ
1628 831 1790 863 ἐπίσκοπος,
1811 833 1826 857 ὁ

228 887 237 903 1
262 878 346 911 ipsius
378 878 529 906 Placentini
559 880 694 907 sententia
727 887 818 907 coram
840 879 975 913 episcopis

1073 888 1076 905 ι
1099 878 1130 904 τὸ
1141 877 1286 912 πρόσωπον
1303 876 1350 903 τοῦ
1368 876 1556 912 τοποτηρητοῦ
1579 877 1633 903 τῶν
1655 878 1827 912 Νουμηδιῶν

230 931 239 947 ι
263 923 330 949 lecta
345 928 394 955 est,
414 928 440 951 et
454 924 576 959 quaesitis
591 931 639 958 pro
657 923 761 951 foribus
777 924 822 956 iis,
837 924 882 957 qni
901 923 976 950 dice-

1070 933 1076 950 1
1099 922 1277 958 ἀναπληρῶν,
1291 923 1359 957 ὅπερ
1370 922 1442 949 κατὰ
1457 922 1505 958 τὴν
1520 923 1634 957 γνώμην
1660 923 1707 950 τοῦ
1733 924 1824 950 αὑτοῦ

231 977 240 993 1
264 969 361 995 bantur
375 969 507 1003 diar-onis,
524 971 634 997 senibus
649 970 752 997 scilicet
771 977 804 996 ex
821 977 889 996 nova
908 969 978 997 Ger-

1072 979 1080 996 ι
1105 969 1288 996 Πλακεντίνου
1316 968 1473 1004 ἀνεγνώσθη
1499 967 1615 995 ἐνώπιον
1625 969 1679 995 τῶν
1708 970 1826 996 ἐπισκό-

230 1023 239 1039 1
264 1014 371 1045 mania,
404 1019 431 1042 et
458 1023 630 1050 nequaquam
660 1016 777 1043 inventis
799 1025 806 1042 :
835 1020 978 1050 propterea

1073 1024 1078 1042 l
1103 1024 1170 1042 πων·
1196 1016 1243 1042 καὶ
1272 1015 1442 1050 ζητηθέντων
1475 1017 1528 1050 ἰτρό
1561 1016 1615 1042 τῶν
1642 1016 1734 1051 θυρῶν
1769 1016 1827 1043 τῶν

229 1069 239 1085 1
260 1060 393 1094 judicavit
410 1066 504 1089 sancta
530 1062 660 1097 synodus,
675 1067 704 1089 ut
723 1062 820 1089 litterae
842 1062 874 1089 ad
890 1062 976 1097 ipsum

1073 1071 1080 1088 1
1104 1062 1259 1097 λεγομένων
1285 1061 1457 1096 παρεστάναι
1489 1061 1631 1093 διακόνων,
1664 1061 1739 1088 τοῦτ’
1765 1062 1827 1088 ἔστι

233 1114 242 1129 1
267 1104 447 1139 Xanthippum
459 1107 610 1139 mittantur,
620 1107 717 1141 quibus
727 1107 803 1139 sciat,
817 1114 864 1141 pro
873 1113 976 1134 memo-

1073 1117 1077 1134 ι
1100 1107 1154 1134 τῶν
1172 1106 1308 1142 γερόντων
1324 1106 1378 1133 τῶν
1395 1107 1448 1133 ἀπὸ
1464 1107 1514 1141 τῆς
1530 1107 1594 1139 νέας
1617 1106 1763 1141 Γερμανοῦ
1777 1108 1827 1134 καὶ

232 1159 240 1176 1
264 1151 316 1177 rati
343 1151 432 1185 populi
460 1152 600 1179 voluntate
623 1153 779 1186 episcopum
809 1160 861 1179 non
895 1151 980 1178 fuisce

1071 1162 1081 1179 κ
1107 1153 1241 1188 μηδαμιῖς
1256 1152 1434 1188 εὑρεθέντων,
1455 1152 1547 1188 ἔκρινε
1566 1153 1610 1179 διὰ
1624 1153 1703 1179 τοῦτο
1720 1153 1737 1187 ἡ
1753 1153 1821 1187 ἅγίει

233 1205 242 1222 1
268 1197 431 1224 contumelia
466 1198 604 1225 allectum.
639 1198 806 1226 Manrentius
838 1199 981 1232 episcopus

1074 1209 1080 1226 I
1102 1200 1222 1232 σύνοδος,
1244 1198 1315 1225 ὥστε
1342 1198 1495 1234 γράμματα
1525 1199 1594 1233 πρὸς
1612 1198 1658 1225 τὸν
1676 1198 1761 1224 αὑτὸν
1777 1198 1828 1232 τέο

232 1251 242 1267 1
269 1242 335 1268 dixit
352 1242 506 1275 :Quoniam
530 1243 635 1276 qtaesiti
664 1248 727 1270 sunt
752 1251 832 1271 senes
858 1251 890 1271 ex
913 1248 981 1271 neva

1072 1254 1082 1271 1
1108 1253 1189 1280 ροντα
1209 1243 1367 1270 Ξάνθιππον
1389 1243 1594 1279 ἐκπεμφθῆναι,
1612 1243 1656 1270 διὰ
1674 1243 1704 1270 τὸ
1721 1244 1826 1277 γνῶναι

233 1295 243 1312 1
265 1286 408 1314 Germania
431 1289 513 1315 semel
537 1294 618 1323 atque
647 1289 757 1320 iterum,
786 1293 814 1316 et
840 1297 892 1316 non
919 1295 982 1317 sunt

1074 1300 1084 1316 1
1107 1291 1148 1318 ὅτι
1169 1290 1200 1317 οὺ
1226 1290 1387 1326 προαιρέσει
1410 1289 1458 1316 τοῦ
1490 1289 1727 1324 μνημονευθέντος
1759 1290 1827 1316 λαοῦ

236 1342 246 1358 1
269 1333 382 1366 inventi,
409 1335 508 1368 quibus
531 1339 590 1362 erat
615 1342 629 1361 a
645 1335 759 1370 primate
784 1335 980 1369 denuntiatum,

1074 1345 1083 1362 1
1107 1334 1187 1371 ὕόρει
1224 1335 1426 1362 ὑποπέπτωκεν
1457 1333 1620 1365 ἐπίσκοπος.
1652 1333 1827 1368 Μανρέντιος

233 1387 243 1404 1
268 1379 340 1405 ntad
358 1378 539 1415 venerandam
561 1380 705 1414 synodum,
721 1387 782 1414 quae
800 1381 890 1407 Idibus
911 1387 984 1407 nunc

1073 1391 1082 1407 1
1105 1381 1254 1412 ἐπίσκοπος
1279 1379 1355 1407 εἶπεν
1372 1387 1380 1395 ⁸
1406 1379 1572 1414 Ἐπειδήπερ
1600 1379 1778 1414 ὲζητήθησαν
1802 1378 1826 1405 ol

233 1433 242 1449 1
266 1424 352 1456 ﬁeret.
386 1431 416 1451 se
440 1425 585 1457 sisterent,
611 1431 706 1452 omnes
731 1432 807 1452 suam
832 1425 982 1452 absentiam

1074 1437 1083 1453 1
1107 1427 1233 1462 γέροντες
1251 1427 1275 1453 οἱ
1291 1426 1345 1453 ἀπὸ
1361 1426 1424 1457 νέας
1456 1425 1598 1460 Γερμανοῧ
1624 1425 1753 1458 δεύτερον
1780 1425 1828 1451 καὶ

233 1479 242 1495 1
268 1476 448 1504 procurarunt
469 1477 476 1496 :
501 1473 528 1497 et.
553 1474 693 1504 propterea
727 1475 818 1497 vestra
853 1470 983 1498 sanctitas

1076 1483 1085 1500 1
1109 1474 1210 1509 τρίτον,
1226 1473 1273 1500 καὶ
1286 1473 1334 1507 οὐχ
1348 1471 1510 1508 εὑρέθησαν,
1526 1470 1567 1503 οἷς
1578 1468 1615 1506 ἦν
1632 1471 1828 1506 παραγγελθὲν

237 1525 247 1542 1
272 1517 304 1543 de
325 1516 376 1543 hac
389 1524 417 1543 re
430 1516 571 1551 jndicabit,
587 1523 629 1543 me
643 1523 695 1542 non
711 1523 770 1543 esse
786 1516 981 1543 conterendnm

1075 1529 1082 1546 1
1104 1520 1158 1546 ἀπὸ
1174 1519 1220 1546 τοῦ
1238 1518 1423 1554 πρωτεύοντος
1441 1518 1508 1554 πρὸς
1520 1517 1568 1553 τὴν
1584 1517 1632 1544 νῦν
1656 1518 1686 1544 ὲν
1709 1518 1772 1548 ταῖς
1788 1518 1829 1543 εί-

237 1571 247 1587 1
271 1561 423 1596 pervicacia
447 1562 553 1588 illortnn
577 1561 729 1589 calumniae.
743 1563 844 1589 Sancta
866 1563 983 1597 synodus

1076 1575 1084 1592 1
1106 1565 1161 1596 δοίς
1179 1564 1331 1599 γενομένην
1360 1563 1555 1599 προσκυνητὴν
1578 1563 1688 1589 σύνοδον
1704 1563 1830 1598 ἀπαντῆ-

236 1617 246 1632 1
268 1608 407 1640 decrevit,
439 1607 539 1637 debere
568 1607 676 1641 quidem
705 1607 853 1634 secundum
888 1615 982 1635 sacer-

1073 1618 1082 1636 1
1106 1617 1162 1641 σαι,
1173 1609 1225 1643 τῆς
1241 1609 1369 1644 νηστείας
1384 1608 1491 1635 ἑαυτῶν
1507 1607 1626 1639 ἅπαντες
1647 1607 1826 1643 ἐφρόντισαν·

236 1661 245 1676 1
271 1651 361 1678 dotale
376 1651 506 1686 judicium
528 1652 561 1678 ab
579 1653 629 1678 hac
644 1653 748 1686 synodo
773 1653 903 1679 adversus
920 1660 985 1679 con-

1075 1664 1085 1680 1
1107 1655 1153 1682 καὶ
1165 1654 1209 1681 διὰ
1224 1654 1305 1681 τοῦτο
1320 1654 1409 1689 κρινεί
1421 1655 1437 1688 ἡ
1453 1653 1574 1688 ὑμετέρα
1599 1652 1743 1687 ἁγιωσύνη
1759 1655 1829 1688 περὶ

238 1707 247 1722 1
272 1702 391 1724 tumaces
419 1697 482 1724 ferri
502 1697 664 1724 sententiam
684 1698 751 1725 :sed
776 1698 837 1732 quia
857 1705 984 1726 tnansue~

1075 1710 1085 1726 1
1108 1700 1204 1727 τούτου
1228 1700 1275 1727 τοῦ
1288 1700 1453 1735 πράγματος
1472 1700 1600 1730 ἀναιτίως
1619 1699 1656 1734 μὴ
1675 1700 1828 1734 συντριὸἧ-

236 1753 246 1769 1
274 1744 338 1770 tudo
373 1743 556 1770 et-clesiastica
583 1744 708 1770 omnibus
737 1744 763 1770 in
794 1744 873 1771 rebus
903 1744 986 1780 638

1075 1756 1084 1772 1
1108 1747 1152 1784 ναί
1170 1755 1202 1780 με
1218 1748 1250 1782 τῇ
1269 1747 1386 1781 ἐπιμονῇ
1409 1747 1457 1781 τῆς
1486 1746 1600 1772 ἐκείνων
1625 1746 1825 1779 συκοφαντίας.

240 1799 249 1815 1
273 1791 404 1816 servanda
422 1795 474 1822 est,
493 1789 634 1823 promissu:
653 1793 718 1816 sunt,
733 1789 829 1816 litteris
843 1790 875 1816 ad
893 1797 985 1817 senem

1075 1803 1084 1820 1
1113 1794 1145 1820 Ἦ
1159 1793 1225 1826 ἁγία
1241 1792 1349 1824 σύνοδος
1363 1792 1462 1827 ὥρισεν
1476 1792 1595 1826 ὀφείλειν
1623 1792 1673 1826 μὲν
1687 1792 1759 1818 κατὰ
1775 1793 1825 1827 τὴν

238 1844 247 1860 1
272 1835 469 1869 Xanthippum,
497 1839 526 1862 ut
538 1839 690 1869 cognoscat
715 1835 820 1870 iudices
844 1835 945 1863 electos
971 1844 985 1863 a

1076 1848 1085 1865 ι
1107 1840 1251 1874 ἳερατικὴν
1267 1839 1358 1873 κρίσιν
1383 1840 1415 1865 ὲκ
1427 1838 1477 1872 τῆς
1493 1838 1603 1864 συνόδου
1623 1837 1727 1873 ταύτης
1752 1839 1826 1865 κατὰ

240 1889 249 1905 1
276 1879 389 1915 synodo,
415 1880 460 1913 qui
481 1879 612 1907 deberent
635 1881 695 1907 sine
712 1887 788 1907 mora
812 1888 868 1908 rem
882 1881 985 1908 exarui-

1074 1893 1084 1910 1
1107 1885 1160 1911 τῶν
1188 1883 1404 1918 μονα-πονούντων
1433 1883 1524 1918 ψῆφον
1558 1883 1736 1918 ἐκφέρεσθαι·
1765 1884 1827 1910 ἀλλ’

244 1936 253 1952 1
280 1935 344 1954 nare
361 1927 387 1953 in
404 1927 514 1954 civitate
530 1926 758 1959 Thubersicense,
771 1931 800 1954 ut
814 1927 848 1954 ab
865 1927 904 1954 eis
919 1934 986 1954 con-

1077 1941 1086 1957 ι
1109 1930 1204 1966 ἐπειδὴ
1221 1930 1377 1966 ἡμερότητα
1400 1930 1630 1964 ἑκκλησιαστικὴν
1656 1930 1698 1956 δεῖ
1718 1930 1826 1964 φυλάτ-

242 1982 252 1998 ‹
279 1973 390 2000 veniens
422 1972 463 1999 rei
497 1972 617 1999 ferretur
643 1974 788 2000 sententia.
822 1973 986 2000 Maurentins

1075 1986 1083 2002 I
1106 1985 1162 2003 τειν
1191 1978 1220 2003 ἐν
1242 1976 1316 2007 ὅλοις
1339 1976 1398 2007 τοῖς
1438 1976 1601 2010 πράγμασι,
1636 1976 1829 2011 ὑπεσχέθησαν

243 2027 252 2043 1
278 2019 419 2052 cpiscopus
442 2018 511 2045 dixit
531 2026 538 2044 :
561 2017 671 2045 Iudices
695 2023 755 2053 peto
782 2018 984 2046 sanctissimum

1077 2033 1085 2049 1
1110 2022 1350 2057 γράμματαιπρδς
1364 2021 1409 2047 τὸν
1427 2021 1543 2056 γέροντα
1571 2021 1742 2054 Ξάνθιππον,
1753 2023 1828 2052 ὅπως

245 2073 254 2089 1
282 2072 372 2090 senem
387 2063 765 2098 Xanthippum,Augustinum
775 2064 984 2095 sanctissimum,

1075 2075 1085 2093 α
1108 2067 1164 2101 γνῷ
1178 2066 1276 2102 κριτὰς
1289 2065 1465 2100 ὲπιλεγέντοις
1482 2066 1537 2092 ἀπὸ
1556 2066 1605 2099 τῆς
1624 2066 1748 2098 συνόδου,
1764 2067 1828 2098 τοὺς

243 2120 255 2135 -1
281 2110 458 2144 Florentium,
474 2110 634 2143 Theasintn,
651 2110 870 2144 Sampsyrhium.
884 2109 987 2136 Secun—

1075 2123 1084 2140 1
1106 2113 1262 2148 ὀφείλοντας
1283 2111 1475 2147 ἀνυπερθέτως
1497 2113 1632 2146 σκοπῆσαι
1645 2113 1673 2138 ὲν
1689 2111 1829 2146 Θουὼυρ-

240 2165 253 2181 λ(
284 2157 345 2183 dntn
366 2162 390 2182 et
407 2156 544 2183 Posidinm
563 2164 570 2182 :
588 2156 639 2183 hoc
664 2155 730 2182 mihi
750 2156 858 2182 decerni
879 2156 983 2190 jubete.

1076 2169 1087 2186 1
1110 2158 1223 2194 σικένσῃ
1237 2159 1270 2193 τῇ
1298 2157 1386 2190 πόλει,
1404 2157 1473 2192 πρὸς
1495 2157 1525 2183 τὸ
1540 2157 1674 2192 ἁρμοδίαν
1701 2157 1742 2192 τῷ
1755 2158 1828 2192 πρά-

244 2211 259 2227 ηι
282 2203 380 2229 Sancta
395 2202 512 2236 synodus
524 2202 629 2237 jndices
652 2201 749 2236 petitos
764 2202 898 2228 concessit
913 2209 920 2227 :
940 2209 983 2228 re-

1077 2215 1086 2232 1
1110 2211 1195 2239 γματι
1226 2203 1433 2238 παρασχεθῆναι
1463 2203 1620 2237 διάγνωσιν.
1658 2202 1830 2237 Μαυρέντιος

246 2257 255 2274 1
283 2248 370 2282 liquos
392 2253 483 2275 autem
509 2248 676 2275 necessarios
700 2247 804 2282 indices
824 2247 857 2274 ad
880 2248 984 2274 numeri

1077 2257 1087 2274 ι
1110 2249 1260 2279 ἐπίσκοπος
1286 2245 1359 2274 εἷπε·
1386 2247 1490 2282 Κριτὰς
1517 2247 1587 2274 αἰτῶ
1607 2247 1652 2274 τὸν
1674 2247 1830 2281 ἁγιώτατον

241 2304 255 2320 ι(
280 2295 504 2329 complementum
533 2295 566 2321 ab
593 2294 660 2328 ipsis
689 2302 720 2321 ex
751 2301 817 2320 nova
841 2294 984 2320 Germania

1079 2304 1088 2321 1
1113 2295 1230 2329 γέροντα
1249 2293 1417 2326 Ξάνθιππον,
1436 2294 1620 2328 Αὖγουστῖνον
1634 2294 1680 2320 τὸν
1708 2295 1830 2328 ἁγιώτα-

236 2331 251 2367 ξ
275 2341 385 2368 senibus
402 2341 462 2375 eligi
477 2340 599 2367 decernit
611 2347 691 2367 senex
704 2339 884 2373 Xanthippus.
906 2349 915 2365 ι

1079 2350 1089 2367 1
1111 2349 1167 2372 τον,
1180 2340 1349 2375 Φλορέντιον,
1373 2340 1498 2372 Θεάσιον,
1516 2340 1686 2374 Σαμψύχιον,
1711 2340 1830 2367 Σεκοῦν-

240 2397 250 2414 1
273 2388 317 2414 δον
354 2390 401 2414 καὶ
445 2388 595 2413 Ποσείδιον·
637 2386 716 2414 τοῦτο
758 2386 928 2421 ψηφισθῆναι
969 2395 1014 2421 μοι
1055 2387 1215 2414 κελεύσατε.
1249 2387 1281 2414 Ἡ
1323 2387 1391 2420 ἁγία.
1440 2386 1548 2418 σύνοδος
1594 2387 1724 2418 ἐπένευσε
1768 2387 1831 2417 τοὺς

242 2444 251 2460 1
274 2435 435 2469 αἰτηθέντας
469 2434 575 2468 κριτάς.
601 2433 670 2464 Τοὺς
698 2432 809 2462 λοιποὺς
834 2432 861 2458 δὲ
891 2432 1057 2466 ἀναγκαίους
1105 2433 1236 2464 δικαστὰς
1276 2432 1346 2467 πρὸς
1380 2431 1576 2467 ἀναπλήρωσιν
1618 2431 1665 2458 τοῦ
1710 2432 1830 2466 ἀριθμοῦ

239 2491 250 2506 1
271 2482 363 2512 αὐτοῖς
407 2481 463 2511 τοῖς
503 2480 556 2506 ἀπὸ
587 2479 637 2514 τῆς
680 2479 743 2510 νέας
788 2478 927 2512 Γερμανοῦ
971 2479 1098 2514 γέρουσιν
1131 2478 1308 2511 ἐπιλέξασθαι
1339 2478 1490 2513 ψηφίσεται
1525 2477 1540 2504 ὁ
1580 2478 1671 2512 γέρων
1705 2477 1829 2505 Ξάνθιπα

237 2536 249 2554 1
275 2535 333 2558 πος.
360 2536 369 2552 ι

239 2573 338 2601 BALS.
355 2573 418 2605 Quae
431 2575 493 2598 sunt
507 2571 587 2598 etiam
605 2571 630 2598 in
654 2569 779 2605 praesenti
800 2576 914 2602 canone,
927 2574 992 2596 sunt

1079 2567 1178 2594 ΒΔΛΣ.
1191 2566 1244 2593 Καὶ
1255 2566 1288 2591 τὰ
1306 2566 1334 2591 ὲν
1349 2565 1387 2599 τῷ
1401 2564 1516 2599 παρόντι
1532 2565 1624 2591 κανόνι
1648 2565 1830 2599 διειλημμένα

205 2618 348 2654 specialia,
362 2623 388 2645 et
406 2618 467 2645 ideo
482 2625 533 2644 non
548 2622 610 2643 sunt
627 2618 813 2650 interpretata.

1043 2614 1113 2641 ίδικά
1130 2615 1193 2644 εἱσι,
1212 2613 1258 2639 καὶ
1273 2612 1318 2638 διὰ
1335 2611 1415 2637 τοῦτο
1438 2612 1496 2637 οὐδὲ
1514 2610 1738 2646 ήρμηνεὺθησαν.

245 2663 372 2691 ZONAR.
387 2662 566 2690 Hattrentinm
582 2661 738 2696 episcopum
753 2659 862 2694 qttidatn
878 2666 991 2686 accusa-

1077 2658 1198 2685 ZQNAP.
1232 2657 1372 2684 Κατείπόν
1396 2665 1471 2688 τινες
1494 2656 1541 2683 τοῦ
1569 2656 1756 2690 Μαυρεντίου,
1785 2655 1830 2682 καὶ

206 2714 303 2737 verant
317 2714 396 2744 atque
411 2709 444 2736 ad
461 2708 604 2744 synodum,
619 2715 679 2734 cum
695 2707 838 2741 episcopus
854 2705 924 2738 ipse,
934 2709 960 2731 tn

1077 2704 1234 2738 ;εστάλησ.ιν
1251 2704 1319 2738 πρὸς
1335 2705 1383 2739 τὴν
1399 2703 1508 2730 σύνοδον
1531 2704 1652 2730 κάκεῖνοι
1674 2705 1722 2730 καὶ
1734 2705 1748 2730 ὁ
1770 2704 1831 2729 ἐπει

203 2761 379 2784 accusatores
393 2762 499 2790 quoque
516 2753 605 2787 rejecti
620 2753 738 2780 fuerant.
758 2752 826 2780 Cum
840 2759 904 2779 vero
915 2752 957 2777 rit:

1075 2757 1155 2780 ιοπος.
1167 2749 1336 2784 Ζητηθέντες
1356 2747 1402 2776 οὖν
1427 2751 1451 2776 οἱ
1467 2749 1626 2783 κατήγοροι,
1649 2749 1697 2783 οὐχ
1714 2748 1829 2783 simiam

205 2806 381 2829 accusatores
396 2808 449 2828 non
463 2805 633 2835 apparerent,
646 2800 671 2826 in
692 2806 739 2826 θος
754 2797 883 2833 judicium
896 2797 958 2824 datu

1074 2803 1105 2820 tv.
1117 2794 1248 2828 Ἐμελλεν
1268 2791 1314 2820 οὖν
1329 2795 1345 2828 ἡ
1362 2793 1469 2824 σύνοδος
1486 2794 1634 2827 διαγνῶναι
1649 2794 1714 2827 περὶ
1727 2793 1828 2819 αὐτῶν·

208 2854 269 2873 esse
285 2847 405 2882 synodus
422 2846 566 2872 videbatur
583 2854 590 2875 :
608 2853 668 2879 qua:
685 2849 786 2874 tamen,
803 2842 947 2869 clemrntia

1076 2841 1102 2866 ,λ’
1129 2840 1168 2866 ἔτι
1189 2839 1490 2874 φιλανθρωπευσαμένη
1515 2840 1668 2874 γράμματα
1690 2839 1760 2874 πρὶς
1787 2839 1830 2864 τὸν

208 2891 321 2919 lenitate
345 2899 402 2924 usa,
429 2891 530 2919 litteras
548 2893 579 2918 ad
605 2888 786 2923 Xanthippum
803 2887 906 2915 dandas
931 2895 962 2914 es.

1076 2886 1202 2913 ινθιππον
1219 2884 1302 2919 ὥρισε
1330 2885 1441 2912 στεῖλαι.
1457 2885 1571 2919 Ἐκῑῑνῳ
1591 2885 1643 2919 γὰρ
1661 2885 1750 2910 ἔοικεν
1765 2884 1830 2910 ima—
