1909 3075
83 153 135 185 395

651 148 691 179 IN
706 149 788 181 CAN.
806 150 881 180 CXX
896 149 1000 180 CONL‘.
1018 149 1111 180 CAR;
1120 148 1205 179 HAG.

1654 150 1705 181 πνς

118 208 217 234 ΒΑΛΣ.
242 206 284 237 Ὠς
313 206 397 237 ἔοικε,
420 205 499 240 νόμοι
528 205 785 241 προεθεσπίσθησαν
808 206 871 240 περὶ

958 204 1057 232 BALS.
1076 205 1109 232 Ut
1122 211 1164 232 est
1181 206 1339 239 verisimile,
1357 205 1428 240 leges
1444 206 1478 233 de
1493 207 1630 241 regionum
1645 208 1707 234 lini-

84 252 138 278 τῶν
160 251 285 286 ὲνοριῶν.
309 250 384 276 Ἐπεὶ
396 249 423 276 δὲ
439 250 486 275 καὶ
502 249 571 284 μετᾶ
595 251 625 276 τι
653 251 765 282 τούτους
779 252 870 284 ἐκφω-

84 296 198 331 νηϐἧναι
215 295 375 330 ἀμφιϐολίαι
389 294 552 326 ἀνέκοπτον,
574 294 677 328 ὥρισαν
692 295 717 321 οί
735 295 870 329 Πατὲρες,

85 342 139 374 ἵνα,
164 343 213 369 ἐὰν
230 341 381 372 ἐπίσκοπος
396 350 438 372 τις
453 341 627 376 μεταστρέψῃ
643 342 712 375 πρὸς
728 341 776 376 τὴν
792 341 872 376 ὀρθό-

84 387 157 420 δοξον
174 389 278 419 πίστιν,
295 389 377 413 τόπον
393 387 465 419 τινα,
479 387 564 422 ἤγουν
583 387 731 422 παροικίαν
755 387 871 421 ἔχουσαν

86 434 252 468 αἱρετικοῦς,
269 434 317 460 καὶ
334 433 437 468 κατέχῃ
454 433 539 467 αὐτὴν
559 432 606 458 ἐπὶ
625 432 872 471 τριετίανκζῶντος

86 480 133 506 καὶ
157 480 244 505 ταῦτα
270 479 316 505 τοῦ
343 479 536 512 δικαιουμένου
557 477 600 503 ἐπ’
624 478 691 512 αὐτῇ
719 478 871 504 ἐπισκόπου

85 526 131 552 καὶ
150 525 345 560 ἡσυχάζοντος,
364 525 461 559 μηκέτι
480 523 546 558 περὶ
562 523 664 557 ταύτῆς
677 523 787 558 ὀχληθῇ.
811 523 872 549 Ἐἑιν

83 572 112 598 δὲ
139 573 168 598 ἐν
191 573 225 607 τῇ
245 571 393 605 ἐπισκοπῇ,
461 569 571 603 λέγεται
599 568 764 604 διαφέρεινὸ
779 569 873 600 τόπος,

85 618 136 644 οὐκ
157 615 192 651 ἦν
216 617 377 648 ἐπίσκοπος,
396 616 412 650 ἡ
436 615 602 650 παραδρομὴ
624 615 673 649 τῆς
686 614 810 648 τριετίας
825 614 874 640 οὐκ

88 663 231 698 ἐμποδίσει
247 662 293 688 τὸν
310 662 378 695 μετὰ
389 661 475 687 ταῦτα
491 660 663 695 ψηφισθέντα
679 659 874 686 ἀνακαλεῖσθαι

85 709 134 744 τὴν
151 708 272 742 ἐνορίαν.
289 708 325 733 Τὸ
348 707 413 733 αὐτὸ
437 707 464 732 δὲ
483 707 596 741 κρατεῖν
620 706 667 732 καὶ
689 707 735 732 ἐπὶ
755 706 809 732 τῶν
828 708 875 731 Δο-

87 753 221 781 νατιστῶν
254 752 482 787 ἐπιστρεφόντων.
518 751 571 777 Καὶ
599 752 613 777 ὁ
645 750 694 785 μὲν
722 750 813 777 κανὼν
846 752 875 777 ἐν

87 800 204 830 τούτοις.
220 799 257 825 Σὺ
284 799 312 824 δὲ
333 798 451 832 γίνωσκε
470 799 510 824 ὅτι
528 798 561 824 τὰ
593 796 809 832 ὲκκλησιαστικᾶι
835 797 875 822 δί-

88 853 166 876 καια,
183 844 218 870 τὰ
234 844 298 878 περὶ
312 843 367 869 τῶν
387 842 499 878 ἐνορῶν
521 842 624 876 δηλαδὴ
649 843 694 868 καὶ
708 841 762 867 τῶν
778 841 873 874 ἄλλων,

84 891 111 916 εἰ
130 890 180 924 μὲν
208 889 282 916 κατὰ
305 888 471 923 Ἐκκλησία(
494 887 658 922 ἀρμόζουσι,
680 887 723 914 διὰ
750 895 876 921 τριακον-
893 884 914 912 Β

86 936 200 967 ταετίας
225 934 434 961 ἀποκλείονται·
461 934 485 959 εί
509 933 537 959 δὲ
563 933 634 959 κατὰ
654 931 808 968 προσώπων
832 932 876 958 διὰ

87 981 384 1016 τεσσαρακονταετίας.
400 981 456 1007 Καὶ
472 979 610 1014 ἀνάγνωθι
626 980 655 1006 τδ
673 981 764 1014 τρίτον
775 980 875 1013 κεφάλ.

87 1028 135 1055 τοῦ
146 1029 241 1063 τρίτου
257 1027 346 1053 τίτλον
362 1026 408 1052 τοῦ
427 1029 447 1051 ε’
464 1026 569 1059 βιϐλίου
594 1024 648 1051 τῶν
662 1024 814 1050 Βασιλικῶν
830 1023 877 1050 καὶ

88 1076 120 1102 τδ
143 1075 301 1101 τελευταῖον
331 1072 478 1107 κεφάλαιον
503 1071 548 1098 τοῦ
576 1071 701 1106 δευτέρου
722 1071 812 1097 τίτλου
829 1071 876 1098 τοῦ

88 1122 174 1148 αξιτοῦ
205 1121 322 1155 βιϐλίου,
351 1121 442 1153 λέγον,
469 1119 547 1144 Πᾶσα
572 1119 668 1154 ἀγωγὴ
700 1119 877 1154 προσήκουσα

91 1168 184 1203 σειτῷ
223 1168 302 1202 οἴκῳ,
330 1167 386 1193 εἴτε
418 1165 584 1201 προσωπικὴ
619 1165 673 1190 εἴτε
701 1163 876 1199 ὑποθηκαρία

90 1215 179 1246 ἐστὶν,
197 1215 248 1248 οὐχ
273 1212 432 1247 ὑπερϐαίνει
458 1211 492 1238 τὰ
517 1211 723 1245 τεσσαράκοντα
750 1210 808 1245 ἐτη,
824 1209 878 1236 τῶν

91 1260 272 1296 ἁρμοζονσὼν
289 1259 396 1294 ἑκάστῳ
419 1258 485 1292 οἴκῳ
500 1258 612 1292 τοιούτῳ
629 1257 724 1290 εὐαγεί
745 1256 880 1292 προσκαί-

92 1315 149 1340 ρων
177 1304 371 1341 παραγραιρῶν
403 1303 599 1338 φυλαττουσῶν
629 1303 721 1337 μέντοι
752 1310 783 1336 γε
816 1302 880 1333 τοὺς

90 1353 214 1383 οἰκείους
238 1352 361 1387 χρόνους.
377 1350 459 1376 Ὥστε
488 1350 522 1376 τὰ
546 1350 591 1376 τοῦ
620 1351 751 1383 παρόντος
768 1348 880 1379 κανόνος

96 1399 252 1434 ἐσχόλασαν
279 1398 332 1423 ὑπὸ
352 1397 407 1423 τῶν
424 1396 552 1422 τοιούτων
573 1395 729 1430 κεφαλαίων
746 1394 800 1420 ἀπὸ
817 1403 882 1421 νεα-

93 1445 148 1478 ρῶν
168 1443 390 1471 Ἰουστινιανείων
402 1442 498 1469 ὄντων.

129 1511 255 1538 ΖΩΝΑΡ.
275 1510 322 1542 Ἐξ
335 1509 477 1544 ἁναφορῶν
497 1508 550 1534 τῶν
574 1509 624 1542 τῆς
653 1509 761 1535 συνόδου
779 1508 881 1544 ταύτης

925 251 976 279 bus
991 252 1065 285 prius
1083 252 1142 278 latae
1162 244 1288 279 fuerant:
1311 252 1358 278 sed
1376 252 1438 286 quia
1466 257 1606 288 postquam
1631 254 1710 282 edita:

925 303 987 325 sunt
1001 318 1008 330 ,
1029 298 1222 324 controversiae
1243 305 1390 330 emersere,
1417 304 1571 326 statuerunt
1595 299 1708 330 Patres.

925 348 955 370 ut
968 343 990 370 si
1004 343 1064 378 quis
1077 343 1219 377 episcopus
1231 344 1264 370 ad
1276 343 1354 370 [idem
1373 344 1551 371 orthodoxam
1568 350 1710 372 converte-

926 389 962 415 rit
975 389 1063 415 locum
1077 388 1193 423 aliquem
1211 396 1257 415 seu
1277 389 1432 422 parmciatn,
1446 396 1506 423 qua;
1523 390 1602 416 habet
1625 390 1710 416 luere-

927 434 1004 466 ticos,
1019 439 1046 461 et
1063 441 1122 461 eam
1135 434 1250 460 triennio
1266 434 1422 467 detinuerit,
1442 435 1521 469 idque
1539 437 1612 468 vivo,
1625 437 1670 470 qui
1685 436 1709 462 in

926 486 958 506 ea
972 479 1016 512 jus
1037 479 1127 511 habet,
1143 479 1269 514 episcopo
1281 484 1307 506 et
1321 485 1424 507 tacente
1434 502 1441 512 ,
1457 481 1537 507 de-ea
1553 489 1584 507 tte
1596 482 1710 516 amplius

928 523 1061 550 turbetur.
1079 523 1126 550 Sin
1141 529 1230 550 autent
1246 524 1272 550 in
1289 525 1458 558 episcopatu,
1476 525 1508 551 ad
1520 532 1598 559 quem
1611 526 1708 554 dicitur

928 569 1003 596 locus
1025 569 1171 603 pertinere,
1185 576 1237 596 non
1255 574 1313 595 erat
1330 570 1489 603 episcopus;
1504 570 1593 605 lapsus
1606 572 1710 599 triennii

929 623 980 641 ttott
994 615 1122 649 impediet
1141 623 1212 648 eum,
1223 615 1268 649 qui
1286 620 1376 649 postea
1390 615 1490 642 electus
1504 620 1554 648 est,
1569 617 1712 651 quominus

929 661 1074 695 partecium
1092 668 1167 687 suam
1187 665 1305 688 revocet.
1320 660 1348 687 ld
1375 661 1461 695 ipsum
1479 667 1567 688 autent
1590 668 1712 690 servatur

928 711 954 733 et
971 706 997 732 itt
1011 706 1166 735 Donatistis,
1181 706 1226 739 qui
1243 711 1446 735 convartuntur.
1460 707 1498 734 Ac
1514 708 1540 734 in
1560 707 1592 735 iis
1605 709 1712 743 quidem

929 752 1053 779 consistit
1067 760 1166 779 canon.
1185 752 1224 778 Tu
1247 758 1335 780 autem
1352 754 1442 786 scias,
1463 755 1533 787 quod
1551 754 1612 787 jura
1628 756 1713 782 eccle-

929 799 1051 829 siastica,
1070 807 1129 832 qua:
1145 804 1207 825 sunt
1223 799 1325 826 scilicet
1346 800 1378 827 de
1394 801 1532 835 regionum
1550 801 1644 828 linibus
1660 823 1667 834 ,
1686 806 1714 828 et

930 845 1001 877 aliis,
1018 845 1039 872 si
1051 845 1181 871 adversus
1196 844 1303 879 quidem
1319 845 1468 876 Ecclesium
1486 852 1649 880 competunt,
1663 847 1714 874 tri—

929 892 1001 926 ginta
1018 891 1096 918 annis
1109 892 1291 918 excluduntur
1311 893 1373 918 :sin
1390 898 1478 919 autem
1505 894 1634 921 adversus
1651 902 1714 928 per-

930 944 1023 970 SOttaS,
1042 937 1221 972 quadraginta
1237 938 1325 964 annis.
1341 938 1374 964 Et
1392 938 1447 973 lege
1461 946 1540 973 caput
1552 941 1585 972 5,
1600 940 1668 967 titul.
1684 941 1712 973 5,

930 983 975 1009 lib.
993 991 1008 1009 ν
1027 982 1134 1009 Basilic.
1147 983 1309 1010 etttltimum
1322 989 1403 1018 caput
1420 985 1461 1011 tit.
1477 984 1494 1010 Ξ
1506 985 1624 1019 ejusdem
1640 985 1711 1018 libri,

929 1028 1000 1062 quod
1015 1028 1090 1059 dicit,
1105 1028 1199 1055 Omnis
1212 1029 1295 1060 aelio,
1312 1036 1371 1063 quze
1389 1029 1421 1056 ad
1440 1030 1605 1058 venerabiles
1620 1032 1714 1058 domos

929 1073 1048 1107 pertinet
1061 1093 1068 1105 ,
1085 1074 1141 1100 sive
1158 1074 1193 1101 sit
1221 1074 1371 1107 personalis
1388 1093 1395 1106 ,
1423 1075 1479 1102 sive
1498 1075 1690 1110 ltypotltecatia
1704 1096 1712 1108 ,

931 1119 1110 1153 quadraginta
1139 1126 1224 1146 annos
1257 1127 1310 1146 non
1339 1121 1456 1154 excedit,
1489 1122 1713 1149 convenientibus

933 1165 1077 1199 unicuique
1102 1165 1232 1199 ejusuiodi
1265 1171 1366 1192 sattctte
1399 1166 1490 1193 domui
1524 1167 1715 1201 temporalibus

930 1211 1176 1246 praescriptionibus
1191 1219 1238 1239 sua
1255 1217 1373 1246 tempora
1406 1213 1588 1241 servantibus.
1613 1213 1715 1246 Quant-

932 1258 1023 1285 obrem
1040 1266 1097 1292 qua:
1115 1258 1140 1285 in
1159 1258 1281 1292 praesenti
1293 1266 1396 1286 canone
1408 1260 1584 1286 continentur
1606 1265 1716 1294 propter

932 1305 988 1332 lnec
1000 1306 1097 1339 capita.
1110 1312 1169 1334 qua:
1182 1313 1214 1332 ex
1229 1304 1372 1332 Iustiniani
1390 1306 1501 1333 novellis
1524 1311 1597 1339 sunt,
1622 1306 1714 1333 exole-

932 1355 1040 1378 verunt.

969 1506 1094 1535 ZONAB.
1111 1507 1148 1534 Ex
1167 1507 1214 1539 iis,
1237 1514 1296 1542 qute
1314 1506 1408 1542 synodi
1428 1505 1521 1533 Patres
1549 1506 1693 1533 retulerant
1707 1525 1716 1538 ,

95 1558 227 1591 Πατέρων
258 1556 336 1590 νόμοι
366 1555 509 1589 ἐτέθησαν,
533 1553 622 1587 οἶμαι,
648 1555 724 1590 παρὰ
750 1555 878 1589 Ὀνωρίου

936 1554 1005 1588 leges
1021 1554 1053 1580 ab
1069 1553 1233 1587 imperatore
1251 1552 1394 1589 (llonorio,
1409 1552 1435 1579 ni
1454 1551 1548 1585 fallor;
1563 1560 1623 1579 nam
1648 1553 1670 1579 is
1685 1560 1716 1578 ea

94 1604 140 1630 τῇ
156 1602 313 1638 βασιλέως·
335 1601 437 1631 ἐκεῖνος
461 1599 516 1634 γὰρ
535 1597 603 1634 ἦρχε
629 1599 689 1625 τότε
715 1599 769 1625 τῶν
797 1600 880 1625 ἐσπε-

96 1649 172 1683 ρίων.
188 1648 276 1682 Φησὶν
300 1644 345 1673 οὖν
362 1647 376 1672 ὁ
400 1645 489 1672 κανὼν
506 1645 555 1677 ὡς,
570 1645 594 1671 εί
610 1645 678 1679 μετὰ
703 1645 765 1676 τοὺς
782 1646 882 1679 νόμους

100 1694 264 1728 ἐπιστρέψει
281 1693 363 1720 τόπον
375 1692 447 1724 τινα,
462 1692 546 1726 ἤγουν
558 1691 674 1726 ἐνορίαν,
691 1691 706 1726 ἦ
723 1691 882 1726 παροικίαν,

95 1742 155 1776 ἤτοι
167 1740 214 1766 τὸν
229 1740 258 1764 ἐν
276 1739 343 1773 αὐτῇ
360 1738 436 1769 λαὸν,
453 1738 601 1768 ἐπίσκοπος
618 1737 685 1770 πρὸς
700 1737 750 1771 τὴν
771 1737 884 1772 ἑνότητα

95 1787 146 1820 τῆς
173 1785 326 1819 καθολικῆς
361 1784 534 1818 Ἐκκλησίας,
556 1784 602 1809 καὶ
632 1784 680 1818 τὴν
706 1783 813 1818 ἐνορίαν
834 1793 882 1810 κα-

95 1833 186 1869 τάσχῃ
213 1833 243 1858 ἐν
265 1831 372 1866 τριετίᾳ
395 1830 509 1865 μηδενὸς
534 1830 760 1865 ἀντιποιουμένου
787 1831 883 1865 αὐτῆς,

97 1880 191 1906 ἔκτοτε
208 1876 293 1904 αὐτοῦ
311 1876 397 1909 ἔσται,
412 1876 552 1902 τουτέστιν
566 1875 653 1902 οὐδενὶ
670 1876 781 1908 ἐξέσται
799 1877 884 1912 αὐτὴν

97 1925 223 1959 ἔκνικᾷν.
252 1923 316 1949 Ἐὰν
339 1922 367 1948 δὲ
387 1923 416 1947 ἐν
430 1923 463 1954 τῇ
481 1922 630 1959 ἐπισκοπῇ,
692 1921 799 1955 λέγεται
824 1921 884 1947 δια-

97 1972 192 2006 φέρειν
207 1971 221 1996 ὁ
238 1970 330 2002 τόπος,
345 1968 394 1994 οὒκ
407 1965 441 2003 ἦν
454 1967 603 1998 ἐπίσκοπος
616 1967 686 1994 κατὰ
700 1968 749 2002 τὴν
764 1968 885 2003 τριετίαν

96 2017 217 2051 ἐκείνην,
233 2015 306 2046 ὅστις
333 2014 445 2046 ἔμελλεν
471 2013 613 2047 ἐκνικῆσαι
639 2013 731 2045 αὑτὸν,
747 2013 804 2040 ἀλλ’
821 2014 885 2048 ἐχή-

99 2069 179 2095 ρευεν
204 2060 223 2094 ἡ
248 2058 386 2093 ἐπισκοπῇ
402 2057 582 2092 προεστῶτος,
598 2057 629 2084 οὐ
646 2059 885 2093 προκριματισθή-

96 2115 175 2132 σεται
193 2107 224 2132 ὲν
237 2106 270 2140 τῇ
289 2104 411 2139 μάτρικι,
427 2104 486 2130 ἀντῖ¹
498 2103 544 2129 τοῦ
563 2104 592 2129 οὐ
610 2103 775 2139 βλαϐήσεται
791 2105 824 2130 ὲκ
836 2103 882 2130 τοῦ

99 2152 314 2186 καταγραφῆναι
338 2151 366 2175 ἐν
392 2150 425 2184 τῇ
454 2149 601 2184 ἀπογραφῇ
620 2149 674 2175 τῶν
699 2149 885 2184 διαφερόντων

100 2199 132 2232 τῇ
147 2196 297 2230 ἐκκλησία,
312 2195 330 2230 ἡ
353 2195 398 2220 ἐπὶ
423 2194 544 2229 τριετίαν
569 2194 689 2229 ἐνεμήθη
716 2195 809 2228 αὑτὸν,
826 2195 885 2221 ἀλλ’

102 2242 209 2274 ἐξέσται
236 2241 275 2275 τῷ
304 2238 588 2274 χειροτονηθησομένῳ
609 2239 752 2274 ἐπισκόπῳ
770 2240 886 2275 ζητῆσαι

101 2285 149 2311 καὶ
170 2284 318 2318 ἐκνικῆσαι
333 2282 425 2314 αὑτὸν,
450 2282 527 2314 ἐντὸς
549 2285 673 2318 τριετίας
694 2283 886 2320 ψηφιζομένης

101 2330 149 2357 ἀπ’
163 2330 250 2364 αὐτῆς
280 2331 329 2362 τῆς
355 2329 473 2363 ἡμέρας,
489 2328 551 2355 καθ’
573 2329 606 2364 ἣν
625 2330 744 2364 ἐγένετο.
759 2330 845 2357 Τοῦτο
858 2331 886 2358 δὲ

101 2376 213 2410 κρατεῖν
226 2374 274 2400 καὶ
286 2374 331 2400 ἐπὶ
346 2374 397 2400 τῶν
413 2374 592 2406 Δονατιστῶν,
611 2374 693 2407 ὥστε,
706 2375 754 2401 ἐὰν
777 2376 890 2403 ἐπίσκο-

102 2430 152 2452 πος
168 2421 260 2448 αὐτῶν
276 2419 427 2455 ἐπιστρέψῃ
443 2420 489 2446 καὶ
503 2419 590 2455 ἐνωθῇ
618 2423 651 2456 τῇ
675 2421 807 2457 καθολικῇ
827 2422 889 2449 Ἐκ-

102 2469 213 2503 κλησίᾳ,
231 2465 262 2494 οὗ
273 2468 355 2493 τόπον
372 2467 432 2493 τινὰ
457 2467 551 2502 ἕτερος
575 2475 702 2503 κατεῖχεν
724 2468 887 2502 ἐπίσκοπος,

104 2513 178 2548 ἔχειν
204 2512 288 2539 αὐτὸν
318 2512 410 2539 ἄδειαν
436 2512 511 2543 ἐντὸς
533 2513 674 2547 τριετίας,
698 2513 889 2549 ψηφιζομένης

105 2560 195 2591 ἐξότου
225 2557 413 2592 ἐπέστρεψεν,
437 2557 583 2592 ἀναζητεῖν
610 2559 674 2590 τοὺς
702 2559 802 2592 τόπους
825 2561 889 2593 τοὺς

106 2604 257 2639 ἀνήκοντας
270 2604 304 2638 τῇ
321 2602 454 2637 ἐκκλησίᾳ
469 2602 564 2629 αὑτοῦ.

111 2765 217 2792 ΔΡΙΣΤ.
256 2773 265 2790 ι
290 2764 318 2790 '0
347 2764 543 2800 μεταστρέφων
579 2766 624 2804 εις.
650 2766 815 2801 ὀρθοδοξιαν,
843 2777 891 2795 και

147 2819 157 2836 ‹
177 2810 302 2844 κατέχων
309 2809 357 2835 ἐπὶ
371 2810 493 2844 τριετίαν
503 2810 552 2846 τὴν
563 2811 779 2846 ἐπιστραφεῖσαν
788 2814 891 2848 χώραν,

148 2865 158 2881 ι
174 2855 247 2882 ἔστω
260 2855 438 2890 ἀνέγκλητος.
455 2856 508 2882 Καὶ
529 2856 543 2882 ὀ
560 2858 759 2892 μεταστρέφων
779 2858 890 2885 ἐπίσκο-

936 1603 1092 1633 tempcstate
1108 1598 1244 1626 Occidenti
1272 1599 1404 1633 praterat)
1432 1599 1547 1625 conditae
1571 1597 1656 1625 fuere.
1685 1597 1716 1625 Si

935 1645 995 1679 quis
1005 1645 1084 1680 igitur
1101 1646 1253 1679 cpiscopus,
1264 1645 1349 1679 inquit
1363 1653 1460 1677 canon,
1475 1649 1533 1679 post
1552 1645 1623 1679 leges
1638 1645 1716 1675 latas.

936 1690 1023 1717 locum
1046 1691 1176 1724 aliquem,
1193 1690 1331 1724 regionem
1350 1690 1474 1717 videlicet
1496 1695 1538 1716 aut
1553 1691 1697 1725 patmciam
1711 1712 1718 1723 ,

936 1735 1047 1770 ejusque
1062 1736 1111 1763 loci
1127 1736 1266 1769 populum,
1286 1736 1410 1763 Ecclesiae
1427 1736 1568 1763 catholicae
1587 1737 1720 1771 adiunxe-

938 1784 983 1817 rit,
1000 1791 1113 1817 eantque
1124 1783 1258 1816 regionem
1275 1782 1382 1809 triennii
1401 1783 1488 1816 spatio
1513 1783 1618 1808 nemine
1639 1790 1721 1816 repu-

938 1834 1036 1863 gnante
1052 1830 1211 1860 obtinuerit,
1228 1836 1260 1855 ex
1275 1836 1306 1855 eo
1328 1833 1446 1862 tempore
1476 1828 1558 1862 ipsius
1575 1829 1644 1859 erit,
1671 1829 1722 1855 hoc

937 1878 996 1905 est,
1013 1873 1111 1900 nemini
1123 1892 1131 1904 ,
1147 1879 1175 1899 ut
1190 1881 1249 1900 eum
1265 1873 1352 1900 locum
1370 1874 1420 1900 sibi
1443 1874 1570 1900 vendicet
1582 1893 1589 1904 ,
1620 1873 1722 1907 jttdicio

938 1919 1053 1951 experiri
1066 1919 1166 1946 licebit.
1184 1919 1212 1945 Si
1230 1924 1319 1945 tamen
1335 1919 1393 1951 ejus
1405 1919 1588 1953 episcopatus,
1600 1919 1632 1946 ad
1642 1926 1721 1953 quem

938 1965 1012 1992 locus
1024 1965 1067 1992 ille
1092 1966 1227 1999 pertinere
1241 1965 1350 1996 dicitur.
1370 1965 1459 1992 ttullus
1474 1972 1506 1992 eo
1528 1970 1648 1999 tempore
1666 1966 1723 2000 epi-

938 2016 1036 2043 scopus
1059 2009 1182 2037 exstabat
1208 2009 1282 2036 illum
1312 2010 1515 2042 vendieaturns,
1549 2011 1594 2036 sed
1613 2011 1721 2037 viduata

939 2055 1065 2091 praelecto
1080 2055 1199 2083 Ecclesia
1221 2056 1346 2088 vacabat.
1376 2064 1428 2083 non
1451 2056 1667 2091 prasjudicabitur
1694 2057 1721 2082 in

940 2100 1095 2134 malricula;
1113 2101 1164 2128 hoc
1178 2105 1229 2133 est,
1248 2102 1373 2136 quamvis
1390 2101 1416 2127 in
1434 2102 1492 2135 ejus
1507 2102 1633 2128 Ecclesia:
1648 2102 1724 2128 tabu-

940 2146 990 2178 las,
1003 2153 1063 2180 qure
1077 2153 1139 2172 eum
1153 2145 1268 2173 triennio
1282 2145 1410 2179 possedit,
1427 2146 1450 2173 is
1461 2145 1537 2172 lorus
1557 2145 1657 2172 relatus
1676 2145 1722 2177 sit,

943 2199 996 2219 non
1018 2196 1106 2218 tamen
1134 2199 1165 2218 ea
1195 2199 1238 2218 res
1271 2192 1446 2226 episcopum,
1469 2190 1550 2226 653
1572 2190 1615 2226 qui
1630 2195 1724 2224 postea

940 2241 1047 2264 creatus
1061 2236 1152 2268 fuerit,
1182 2237 1260 2264 laedet
1272 2244 1280 2269 ;
1294 2237 1341 2263 sed
1359 2244 1419 2264 cum
1441 2237 1549 2264 triennii
1565 2236 1652 2271 spatio
1667 2257 1674 2269 ,
1689 2235 1723 2263 ab

940 2290 971 2309 eo
986 2283 1039 2314 die,
1056 2289 1108 2316 quo
1120 2281 1262 2316 episcopus
1274 2281 1361 2308 factus
1379 2286 1431 2313 est,
1448 2282 1627 2313 recensendo,
1646 2287 1724 2315 repe-

942 2333 998 2356 tere
1009 2336 1041 2355 ac
1052 2329 1113 2363 jure
1139 2336 1189 2356 suo
1219 2328 1320 2363 poterit
1342 2329 1495 2356 rendicare.
1518 2329 1592 2361 Quod
1618 2328 1724 2363 quidem

940 2376 1021 2403 etiam
1037 2375 1063 2401 in
1076 2374 1118 2407 iis,
1132 2381 1191 2408 quae
1203 2373 1235 2400 ad
1248 2374 1400 2401 Donatistas
1414 2379 1550 2408 spectant,
1563 2375 1725 2402 servandum

940 2428 999 2449 esse
1014 2419 1229 2453 decernitur;ot
1243 2420 1266 2446 si
1294 2421 1356 2454 quis
1380 2420 1511 2447 nimirum
1533 2420 1673 2454 episcopus
1692 2427 1726 2447 ex

941 2475 973 2495 eo
987 2475 1099 2495 numero
1113 2474 1142 2495 se
1155 2475 1261 2494 rursum
1281 2468 1314 2494 ad
1332 2467 1458 2503 Ecclesiae
1485 2468 1625 2495 catholica:
1639 2468 1727 2495 unita-

943 2519 995 2540 tem
1011 2513 1172 2549 aggregarit,
1187 2512 1262 2548 cujus
1278 2513 1396 2547 aliquanti
1416 2513 1554 2548 regionem
1576 2514 1646 2540 alius
1666 2513 1727 2548 epi-

942 2567 1039 2593 scopus
1054 2559 1202 2592 detinebat,
1212 2559 1268 2586 loca
1288 2561 1320 2586 ad
1335 2558 1481 2586 Ecclesium
1500 2567 1575 2586 suam
1591 2561 1728 2594 pertinen-

942 2605 988 2637 tia,
1003 2605 1083 2631 lrium
1104 2612 1236 2631 annorum
1262 2604 1416 2637 intervallo,
1431 2613 1462 2632 ex
1488 2612 1541 2639 quo
1557 2612 1618 2631 cum
1633 2604 1727 2632 Eccle-

942 2651 984 2678 sia
1013 2651 1040 2677 in
1068 2650 1181 2684 gratiam
1207 2650 1306 2684 rediit,
1339 2650 1477 2685 repetendi
1516 2650 1614 2678 habeat
1641 2650 1727 2678 local-

944 2701 1038 2724 tatem.

943 2765 1055 2793 ARIST.
1074 2774 1083 2791 ι
1105 2764 1154 2798 Qui
1167 2764 1302 2799 regionem
1319 2763 1352 2790 ad
1366 2763 1546 2790 orthodoxam
1565 2763 1643 2791 ﬁdem
1658 2771 1725 2791 cons

973 2803 992 2837 “‹
1013 2812 1105 2843 vertit.
1122 2815 1149 2839 et
1164 2817 1321 2838 conversam
1338 2816 1386 2843 per
1402 2809 1548 2836 triennium
1567 2811 1679 2843 detinet,
1693 2811 1729 2838 sit

981 2867 991 2884 ι
1014 2863 1089 2886 extra
1104 2857 1210 2892 culpam
1230 2864 1237 2882 :
1253 2860 1280 2885 et
1296 2856 1436 2890 episcopus
1450 2862 1465 2882 a
1483 2854 1587 2885 Donato
1610 2864 1727 2884 conver-
