1909 3075
197 173 249 204 391

233 225 358 256 ZONAR.
376 229 403 255 bl
418 227 479 262 quis
494 227 638 263 episcopus
653 224 767 260 alicujus
781 223 872 259 populi
890 230 980 250 curam
997 225 1020 252 Α

201 276 235 302 ad
247 282 275 302 se
291 275 425 309 pertinere
438 273 595 305 contendat,
613 280 666 300 non
685 272 760 298 illunt
778 270 828 298 sibi
844 277 893 304 pro
909 273 982 303 pote-

202 326 273 348 state
286 328 424 355 arrogare,
441 323 486 346 sed
500 319 532 346 ad
547 318 734 353 episcoporum
753 316 895 343 concilium
915 323 980 341 cau-

198 374 257 393 sam
273 367 388 399 deferre,
405 374 436 393 ac
451 374 497 400 per
514 373 570 398 eos,
587 373 646 399 quae
671 363 703 389 ad
730 361 876 389 Ecclesiam
906 367 981 387 suam

201 413 337 447 pertinere
353 412 512 443 arbitretur,
531 417 704 444 recuperare,
734 415 822 435 canon
846 406 981 433 decernit.

201 459 278 492 Quod
290 459 311 486 si
327 459 389 493 quis
402 460 429 484 in
444 457 559 491 alicujus
577 457 626 484 loci
645 456 678 482 ab
692 456 778 482 altero
794 453 920 488 episcopo
934 452 983 479 de-

202 506 269 532 tenti
293 504 504 539 possessionem.
518 503 609 530 sive'a
626 501 724 536 populo
740 500 899 532 accensitus,
928 499 984 525 sive

200 559 234 578 co
246 556 423 585 repugnante,
438 554 538 576 temere
553 548 659 579 irruat,
675 547 719 581 jus
732 553 810 573 suuttt
825 545 939 575 amittet,
954 550 986 570 ac

201 597 262 632 ejus
276 597 326 628 rei,
341 604 420 630 quattt
436 603 484 629 pro
502 594 614 628 imperio
631 599 766 627 occupare
792 597 906 618 conatus
932 595 984 621 est,

205 643 310 669 t-tiautsi
326 642 370 676 jus
383 641 410 667 itt
425 648 483 667 eam
500 639 605 670 habuit,
623 637 796 672 possessione
815 636 984 663 multabitur.

203 687 280 721 Quod
298 688 319 714 si
333 686 466 717 nonnulli,
489 685 586 719 inquit,
613 684 665 710 hoc
679 684 817 713 l'eceruut;
831 682 890 712 hoc,
904 680 987 715 quid?

207 740 235 760 ut
249 733 319 768 apud
334 733 476 767 episcopos
494 731 619 758 nimirum
636 728 847 756 controversiam
863 735 938 755 suam
954 727 987 753 de

204 781 266 814 jure
292 779 382 814 populi
404 778 529 812 ambiguo
556 777 751 810 disceptarent,
780 781 867 808 neque
897 777 986 799 tamen

205 825 396 852 controversim
409 829 455 850 aut
476 822 570 858 judicii
603 822 682 848 linem
699 825 911 854 exspectavere;
940 817 988 845 scd

207 879 235 899 re
247 872 335 898 adltttc
348 870 515 905 inexplorata
525 874 554 896 et
568 869 670 895 incerta
691 866 855 900 litigantium
872 864 943 891 alter
959 871 988 890 se

206 918 240 944 ab
257 901 550 948 ecclesiasticojudicio
565 913 710 944 subtraxit,
723 911 885 944 dubiamque
901 910 988 936 adhuc
1004 901 1025 930 Β

207 963 406 996 possessionem
423 961 540 991 invasit;
556 959 599 994 jus
610 966 688 985 suunt
704 958 726 984 is
746 964 853 991 quoque
872 955 987 982 amittet.

206 1007 297 1042 Neque
307 1006 388 1042 655
404 1013 468 1033 vero
481 1006 532 1033 sibi
545 1006 699 1040 quisquam,
718 1003 815 1037 inquit,
836 1001 990 1029 blandiatur

207 1060 254 1080 seu
267 1057 429 1084 assentetur,
448 1051 472 1077 id
492 1055 545 1082 est,
559 1050 677 1083 seipsunt
699 1047 816 1082 decipiat
840 1047 892 1081 (cst
914 1054 991 1072 Itam-

207 1105 259 1132 que
273 1096 408 1131 quoddam
423 1103 507 1130 genus
522 1095 624 1121 fraudis
636 1093 794 1124 assentatio,
809 1100 868 1119 cuttt
884 1099 931 1124 pro
947 1097 990 1117 ve-

208 1144 287 1170 ritate
301 1142 367 1169 nihil
382 1145 533 1168 assentator
551 1141 685 1174 loquatur,
704 1140 751 1165 sed
773 1138 934 1173 ad‘gratiaut
952 1142 993 1162 at-

207 1195 261 1222 que
277 1186 388 1213 auribus
404 1186 525 1212 serviens
537 1185 625 1211 omnia
641 1183 783 1218 proferat),
797 1190 829 1209 ne
841 1182 902 1217 quis
915 1188 991 1215 ergo,

209 1233 309 1266 inquit,
325 1231 444 1266 seipsum
463 1230 590 1264 decipiat,
608 1229 679 1263 qttod
697 1236 711 1255 a
728 1229 853 1262 pritnate,
867 1235 913 1254 aut
933 1234 991 1254 nte-

211 1279 373 1312 tropolitauo
387 1276 547 1312 provincite,
565 1276 681 1306 litteras,
697 1274 797 1309 quibus
815 1273 839 1300 ei
852 1273 902 1299 loci
923 1280 993 1306 pos-

211 1324 298 1351 sessio
313 1323 495 1357 permittatur,
512 1321 656 1355 aecepcrit.
676 1320 739 1347 Sive
755 1319 827 1346 enitn
838 1326 884 1346 eas
902 1325 993 1345 revera

214 1371 322 1403 habeat,
341 1369 398 1396 sive
410 1376 464 1395 tton
477 1368 574 1395 habeat
586 1367 637 1394 nisi
648 1368 681 1394 ab
693 1374 725 1394 eo
738 1373 844 1401 quoque
859 1365 994 1399 episcopo,

211 1416 256 1449 qui
269 1415 295 1442 itt
309 1405 480 1450 possessioite
496 1413 618 1448 quamvis
630 1413 731 1440 incerta
748 1416 880 1444 versatur,
891 1410 996 1437 litteras

212 1462 356 1495 acceperit,
366 1461 464 1496 quibus
475 1460 617 1487 ecclesiant
631 1459 663 1486 ad
673 1458 745 1485 illuttt
762 1457 951 1492 pertinentem,
967 1463 997 1482 se

213 1514 266 1534 tton
279 1506 411 1533 sinetllius
423 1505 614 1540 approbatione
624 1509 716 1539 pacate
724 1504 871 1542 obtinuisse
887 1502 996 1529 demort-

213 1557 291 1585 stret;
301 1552 409 1578 omnino
417 1559 496 1578 causa
510 1551 606 1578 cadet:
620 1551 641 1576 si
651 1557 713 1577 vero
728 1550 759 1582 is,
768 1548 814 1584 qui
828 1549 932 1575 delatus
945 1551 995 1578 est,

213 1599 297 1626 actori
315 1599 431 1626 vicissim
449 1600 522 1626 litem
544 1599 685 1632 intendat;
699 1605 731 1625 ea
759 1605 865 1632 quoque
887 1601 996 1623 contro-

214 1648 303 1674 versia
337 1649 525 1682 episcoporum
557 1647 662 1682 judicio
700 1647 854 1674 deﬁniatur.
889 1645 998 1672 Judices

215 1701 305 1727 porro,
322 1694 362 1720 vel
377 1701 391 1719 ιι
410 1693 614 1728 metropolitano
633 1693 780 1723 dabuntur,
805 1692 844 1719 vel
860 1690 997 1719 communi

217 1738 301 1765 uartis
314 1738 454 1772 uttiusque
472 1745 606 1765 consensu
625 1737 785 1771 deligentur.

1010 1570 1033 1601 C

216 1825 330 1852 ARIST.
353 1834 361 1850 ι
375 1825 458 1852 Nemo
474 1826 524 1852 Stbi
544 1825 678 1856 vendicet,
693 1825 763 1858 quod
782 1823 813 1850 ad
827 1831 854 1851 se
863 1823 999 1858 pertinere

256 1880 264 1896 t
281 1871 476 1899 existimatur:
495 1873 541 1898 sed
556 1871 675 1906 episcopi
700 1871 834 1906 judicent,
863 1870 905 1897 vel
931 1878 999 1905 quos

252 1927 261 1943 ι
277 1918 378 1952 pritttas
395 1917 480 1949 dabit,
496 1919 536 1944 vel
557 1917 679 1945 vieittiex
692 1925 835 1944 consensu.
846 1916 895 1949 Qui
911 1921 998 1943 autent

256 1970 265 1985 ι
286 1968 300 1987 a
318 1960 432 1995 primate
456 1961 561 1987 litteras
585 1961 616 1987 de
642 1960 787 1987 detinettdo
809 1959 925 1993 accepit,
942 1958 993 1985 sibi

253 2014 263 2031 ι
283 2005 430 2032 blanditur.
448 2014 456 2029 )

253 2051 281 2078 Si
296 2053 356 2085 quis
375 2051 518 2085 episcopus
544 2050 594 2078 sibi
612 2050 718 2077 videtur
731 2050 776 2084 jus
791 2050 889 2076 habere
911 2050 936 2076 in
952 2057 1000 2083 pa-

218 2098 330 2126 rteciam
359 2097 477 2131 aliquant
503 2096 538 2123 ab
565 2097 617 2123 alio
642 2097 768 2130 episcopo
796 2095 942 2132 detentatu,
968 2094 1000 2121 ad

217 2143 372 2178 episcopos,
399 2143 444 2176 qui
465 2143 500 2175 {in
530 2142 616 2177 ipsum
649 2142 868 2175 jurisdictionent
889 2142 999 2174 ltabettt,

219 2189 350 2216 accedere
367 2190 458 2221 debet,
474 2193 502 2216 et
517 2189 590 2215 litem
611 2189 635 2216 ei
664 2189 803 2216 intendere
818 2198 824 2215 :
842 2197 894 2216 nott
908 2193 998 2215 autem
1016 2194 1038 2221 ι)

219 2241 299 2261 suum
316 2241 376 2261 esse
394 2234 518 2265 ultorem,
537 2237 564 2260 et
580 2241 641 2260 cum
657 2234 816 2260 auctoritate
831 2234 924 2260 conari
938 2241 999 2267 pOS<

220 2279 320 2311 sidere,
339 2279 411 2313 quod
435 2280 572 2306 existimat
598 2279 629 2305 ad
653 2287 682 2306 se
702 2280 846 2313 pertinere.
874 2279 951 2312 Quod
977 2279 1000 2306 si

218 2330 245 2351 ct
260 2325 364 2352 litteras
374 2324 407 2352 de
422 2324 529 2359 populo,
541 2325 585 2359 qui
601 2325 635 2351 ab
650 2325 703 2351 alio
713 2325 838 2358 episeopo
851 2325 999 2357 detinetur,

220 2369 383 2404 possidendo
411 2371 557 2404 acceperit,
585 2370 759 2403 semetipsum
785 2369 897 2404 decipit.
928 2369 1001 2397 Nihil

219 2416 291 2443 enim
308 2424 340 2443 ex
356 2423 388 2443 eo
400 2416 573 2443 emolumenti
593 2416 717 2450 accipiet,
733 2415 784 2442 nisi
811 2416 854 2449 qui
877 2423 937 2442 cum
954 2416 1001 2443 de-

220 2464 287 2490 tinet
314 2462 424 2497 pacilice
447 2461 539 2489 mallet
571 2461 712 2494 desistere,
740 2468 820 2495 quam
836 2461 1001 2496 judicialiter

219 2509 350 2537 amoveri.

486 2553 598 2582 CANON
620 2553 724 2582 CXXII.

221 2610 230 2626 ι
254 2601 290 2628 De
305 2602 337 2629 iis
351 2602 396 2636 qui
421 2601 532 2635 populos
551 2601 583 2626 ad
613 2609 642 2628 se
669 2599 836 2634 pertinentes
853 2599 1000 2634 negliguttt.

257 2658 266 2675 ι
288 2650 417 2677 Similiter
432 2648 540 2683 placuit,
555 2652 584 2675 ut
599 2647 753 2682 quicunque
768 2647 907 2682 negligunt
930 2647 1000 2678 loca,

254 2705 262 2720 ‹
280 2703 338 2730 qua:
353 2695 384 2721 ad
401 2701 477 2720 suam
494 2693 652 2720 cathedram
667 2693 817 2727 pertinent,
833 2693 903 2726 quod
921 2693 954 2718 ad
970 2699 1001 2720 ea.

257 2750 265 2767 t
285 2741 319 2768 ad
336 2739 498 2766 catholicam
514 2739 641 2766 unionem
664 2738 860 2765 lucrifacienda
888 2738 998 2770 attinet,

256 2796 264 2812 ι
281 2794 296 2813 a
311 2785 407 2812 vicinis
421 2792 513 2812 eorum
542 2784 713 2819 diligentibus
732 2784 868 2819 episcopis
898 2791 999 2812 convc-

253 2843 262 2858 ι
280 2833 400 2864 uiantur,
418 2839 452 2858 ne
468 2832 520 2859 hoc
533 2831 623 2858 facere
638 2824 773 2858 ditl‘erant.
790 2831 878 2863 Quare
893 2831 914 2858 si
930 2831 1000 2858 intra

251 2888 262 2905 ι
282 2879 428 2907 terminunt
447 2886 494 2906 sex
524 2879 657 2906 mensium
674 2885 688 2904 a
706 2877 751 2905 die
777 2877 856 2912 hujus
883 2884 1001 2905 conven-

833 167 972 198 TllEtJD.
997 164 1196 196 BALSASION

1071 221 1193 247 ZQNAP.
1221 217 1529 254 ’Λπαγορεὺειὰκανὼν
1546 213 1622 248 οὗτος
1649 215 1679 242 τὸ
1703 215 1752 242 τὸν
1780 215 1832 240 7.32~

1034 276 1117 301 γοντα
1136 267 1242 293 δίκαιον
1260 266 1333 301 ἒχειν
1354 265 1504 292 ἐπίσκοπον
1522 263 1570 290 ἐπὶ
1580 263 1637 297 λαῷ
1652 271 1718 294 τινι,
1744 261 1834 288 δυνα-

1033 313 1093 346 τείᾳ
1106 311 1236 346 χρῆσθαι,
1255 311 1301 337 καὶ
1322 310 1487 345 ἐπέρχεσθαι
1515 310 1619 340 αὐτοῖς,
1644 308 1774 343 βούλεται
1795 306 1832 333 δὲ

1034 359 1074 390 είς
1087 358 1178 394 κρίσιν
1193 358 1352 384 ἐπισκόπων
1374 357 1505 389 κατάγειν
1534 355 1583 390 τὴν
1606 355 1749 387 ὑπόθεσιν,
1777 355 1834 380 καὶ

1034 404 1120 434 οὕτως
1145 403 1268 438 ἐκνικᾷν,
1298 401 1312 428 ὃ
1337 401 1422 427 οἴεται
1460 400 1600 435 διαφέρειν
1629 401 1662 434 τῇ
1687 399 1835 434 ἐκκὶτησῖᾳ

1036 448 1131 476 αὑτοῦ.
1148 449 1178 474 El
1192 449 1221 475 δὲ
1240 448 1341 483 ἐπέλθῃ
1355 456 1396 479 τις
1413 449 1468 478 τοῖς
1487 447 1561 477 λαοῖς
1575 447 1630 476 τοῖς
1647 445 1699 472 ύπδ
1729 445 1834 480 ὲτέριυ

1035 497 1187 522 ἐπισκόπου
1213 495 1419 529 κατεχομένοις,
1447 494 1502 519 εἴτε
1534 493 1674 527 βούλονται
1700 492 1784 518 αὑτὸν
1806 493 1834 517 οξ

1036 541 1097 567 λαοὶ
1108 541 1208 567 ἐκεῖνοι
1230 540 1301 574 ἔχειν
1319 539 1479 569 ἐπίσκοπον,
1517 539 1575 564 εἴτε
1603 538 1640 573 μὴ
1670 537 1832 572 βούλονται,

1040 587 1201 619 ἐκπεσεῖται,
1216 586 1263 612 τοῦ
1280 586 1382 612 οίκείου
1395 585 1511 617 δικαίου,
1526 584 1710 618 ζημιούμειος
1739 583 1771 609 τὸ
1782 584 1836 609 δ)-

1038 634 1151 667 ναστεέᾳ
1167 632 1327 667 ἀφαιρεθὲν,
1345 632 1415 658 ὥστε
1427 632 1480 657 xlv
1490 631 1593 657 δίκαιον
1609 631 1652 656 ἐπ’
1671 630 1771 663 ἐκε’νῳ
1786 628 1832 655 εἷ-

1037 688 1094 713 χεν,
1109 679 1243 705 ἀπολέσαι
1257 678 1334 705 αὑτό.
1351 678 1381 704 Εἰ
1397 677 1425 704 δὲ
1445 677 1492 704 καί
1514 685 1570 703 τινε
1581 687 1597 709 ·,
1634 676 1713 711 φηςι,
1747 675 1837 702 τοῦτο

1041 725 1191 759 ἐποίησαν·
1215 724 1305 756 τοῦτο,
1322 722 1415 756 ποῖον;
1439 723 1468 749 τὸ
1491 723 1566 758 παρὰ
1581 722 1739 749 ἐπισκόπων
1768 731 1837 756 κρι-

1039 771 1118 804 θῆναι
1134 770 1260 805 περὶτοῦ
1276 769 1499 804 ἅιαζητουμένου
1522 768 1600 800 λαοῦ,
1629 769 1652 794 εί
1685 768 1723 803 μὴ
1746 769 1837 802 μέχρι

1040 816 1160 851 πέρατος
1174 817 1221 849 τῆς
1236 816 1390 846 ὑποθέσεως
1414 816 1557 849 ἐνέμειναν
1579 814 1618 849 τῷ
1644 815 1835 849 δικαστηρίῳ,

1039 862 1095 888 ἀλλ’
1112 862 1151 888 ἔτι
1168 862 1406 897 φιλονεικουμένςυ
1424 864 1471 887 καὶ
1488 862 1667 895 δικαζομένου
1687 860 1735 886 τοῦ
1760 861 1838 895 πρᾶ-

1039 916 1147 942 γματος
1160 908 1187 934 ἓν
1199 908 1253 934 τῶν
1267 907 1314 934 δύο
1329 908 1419 942 μερῶν
1433 908 1538 942 ἀποστῇ
1559 907 1606 933 τοῦ
1621 907 1838 941 ἐκκκλησιιστι-

1039 953 1088 980 κοῦ
1102 953 1292 988 δικαστηρίου,
1313 953 1359 979 καὶ
1373 953 1466 987 ἔφοδον
1488 954 1589 988 ποιήσῃ
1605 953 1674 980 κατὰ
1687 952 1735 978 τοῦ
1754 954 1838 980 ἐκνι-

1039 999 1164 1034 κωμένου
1176 998 1256 1031 λαοῦ,
1273 999 1384 1026 κάκεῖνο
1397 1000 1554 1025 ἐκπεσεῖται
1567 999 1614 1025 τοῦ
1631 999 1695 1025 ίόίου
1709 999 1837 1026 δικαίου.

1039 1046 1095 1072 Καὶ
1115 1046 1151 1081 μή
1165 1053 1217 1077 τις,
1242 1046 1335 1078 φησὶν,
1369 1045 1467 1071 ἑαυτὸν
1496 1045 1661 1080 κολακεύσῃ,
1690 1045 1752 1071 ἀντὶ
1769 1046 1836 1078 τοῦ,

1041 1091 1181 1126 ἀπατήσῃ.
1203 1090 1236 1116 Ἦ
1253 1090 1307 1124 γὰρ
1319 1090 1448 1116 κολακεία
1462 1091 1555 1125 ἀπάτη
1569 1091 1655 1121 ἐστὶν,
1668 1090 1744 1117 οὐδὲν
1756 1090 1839 1123 ὑγιὲς

1041 1135 1088 1162 τοῦ
1106 1134 1300 1166 κολακεύοντος
1331 1134 1468 1168 λέγοντος,
1485 1135 1553 1161 ἀλλὰ
1567 1135 1654 1161 πάντα
1670 1135 1738 1170 πρῖς
1751 1135 1839 1170 χάριν

1043 1181 1089 1208 καὶ
1108 1180 1258 1215 θεραπείαν
1274 1180 1321 1206 τοῦ
1335 1180 1564 1215 κολακευομένου.
1580 1181 1625 1216 Μή
1640 1189 1681 1212 τις
1706 1179 1765 1214 οὖν,
1781 1191 1840 1216 φη-

1045 1227 1109 1259 σὶνη
1127 1226 1222 1252 ἑαυτὸν
1238 1226 1377 1260 ἀπατήσῃ,
1392 1225 1433 1251 ὅτι
1454 1226 1486 1251 ὲκ
1500 1225 1546 1252 τοῦ
1561 1225 1760 1260 πρωτεύοντος,
1773 1227 1840 1261 ἢτοι

1043 1268 1091 1295 τοῦ
1111 1269 1313 1305 μητροπολίτου
1329 1270 1379 1303 τῆς
1396 1269 1541 1303 ἐπαρχίας,
1560 1270 1711 1305 γράμματα
1725 1270 1839 1303 ἑὶαόεν,

1045 1315 1230 1349 ἐπιτρέποντα
1246 1315 1319 1349 αὐτῷ
1335 1315 1385 1350 τὴν
1398 1315 1445 1342 τοῦ
1462 1315 1545 1342 τόπου
1562 1316 1751 1351 κατάσχεσιν.·
1771 1317 1840 1343 Εἴτε

1045 1360 1099 1395 γὰρ
1114 1361 1345 1396 ἐχειγράμματα,
1367 1363 1422 1388 εἴτε
1434 1363 1484 1388 οὐκ
1509 1363 1577 1397 ἔχει,
1593 1363 1618 1388 εἰ
1637 1363 1674 1398 μὴ
1697 1363 1744 1389 τοῦ
1766 1372 1841 1389 κατ-

1046 1407 1153 1441 έχοντος
1167 1407 1212 1432 τὸν
1231 1407 1295 1433 λαὸν
1312 1407 1357 1434 τὸν
1375 1408 1558 1444 ὲκπιικώμενον
1576 1408 1652 1434 λάϐοι
1668 1409 1842 1444 γράμματα,

1046 1453 1080 1479 δι’
1092 1449 1128 1478 ὦν
1142 1454 1294 1488 φανήσεται
1318 1455 1389 1480 κατὰ
1410 1454 1523 1490 γνώμην
1551 1455 1655 1481 ἐκείνου
1687 1457 1842 1490 εἰρηνικῶς

1047 1497 1193 1533 κατασχὼν
1210 1499 1259 1533 τὴν
1285 1499 1464 1534 διαφέρουσαν
1483 1500 1557 1534 αὐτῷ
1573 1501 1733 1536 ἐκκλησίαν,
1752 1502 1843 1529 διιπε-

1050 1545 1135 1570 σεῖται
1147 1544 1193 1570 τοῦ
1205 1544 1310 1571 δικαίου
1332 1545 1415 1571 αὑτοῦ
1430 1555 1436 1560 ·
1458 1546 1506 1572 ἐὰν
1521 1547 1547 1573 δὲ
1577 1548 1623 1573 καὶ
1638 1550 1651 1574 ὁ
1670 1548 1842 1583 ὲναγόμενος

1048 1591 1232 1626 ἀντεναγὰγῃ,
1247 1592 1619 1629 τουτέστινθάνταιτιάσηται
1634 1595 1681 1620 τὸν
1691 1595 1840 1629 ἐνάγοντα,

1048 1634 1091 1661 ἵνα
1107 1635 1154 1661 καὶ
1169 1634 1239 1670 αὕτη
1256 1637 1272 1671 ἡ
1292 1636 1418 1668 ὑπόθεσις
1433 1638 1578 1672 περατωοῇ
1605 1639 1757 1674 κρινόντων
1776 1641 1842 1667 επι-

1049 1681 1166 1708 σκόπων.
1187 1683 1219 1708 Οἱ
1233 1683 1261 1708 δὲ
1280 1683 1449 1718 κρίνοντεςῆ
1469 1685 1544 1719 παρὰ
1572 1685 1620 1712 τοῦ
1649 1688 1841 1721 πρωτεύοντος

1048 1725 1215 1760 δοθήσονται,
1231 1727 1246 1762 ἢ
1267 1729 1337 1754 κατὰ
1357 1729 1509 1756 συναίνεσιν
1522 1730 1576 1756 τῶν
1589 1731 1735 1758 ἀντιδίκων
1747 1733 1843 1760 ἐπιλε-

1048 1774 1083 1807 γή
1089 1782 1190 1800 σονται.

1048 1818 1158 1846 ΑΡίΣΤ.
1181 1829 1189 1845 ι
1206 1820 1309 1855 Μηδεὶς
1330 1821 1418 1857 ἑαυτῷ
1443 1822 1584 1850 ὲκδικείτω
1607 1824 1637 1850 τὸ
1652 1825 1840 1861 νομιζόμενον

1087 1874 1096 1890 ι
1115 1865 1265 1900 διαφέρειν,
1293 1867 1351 1893 ἀλλ’
1367 1867 1512 1895 ἐπίσκοποι
1535 1871 1713 1904 κρινέτωσαν,
1731 1871 1748 1907 ῆ
1765 1872 1812 1904 οὓς
1825 1875 1841 1900 ὁ

1088 1921 1096 1937 ι
1116 1913 1264 1947 πρωτεύων
1280 1913 1373 1947 δώσει,
1390 1915 1405 1950 ἢ
1426 1916 1450 1941 οἱ
1466 1916 1650 1949 γειτονοῠντες
1662 1918 1695 1944 ὲκ
1709 1919 1842 1945 συναινέ-

1087 1967 1096 1984 ι
1117 1967 1182 1990 eam;
1194 1968 1200 1975 -
1214 1961 1228 1986 ό
1238 1960 1265 1985 δὲ
1280 1961 1356 1994 παρὰ
1369 1960 1416 1986 τοῦ
1439 1962 1625 1996 πρωτεύοντος
1639 1964 1759 1998 γράμμα
1774 1965 1842 2000 περὶ

1089 2015 1097 2030 ι
1119 2005 1167 2030 τοῦ
1184 2006 1332 2040 κατασχεῖν
1348 2005 1438 2032 λαϐὼν
1450 2007 1546 2033 ἑαυτὸν
1561 2007 1713 2036 κολακεύει.
1735 2018 1745 2034 ι

1089 2049 1125 2076 Et’
1142 2059 1184 2082 τις
1204 2051 1350 2083 ἐπίσκοπος
1375 2052 1459 2079 οἴεται
1485 2053 1558 2088 ἔχειν
1585 2053 1690 2081 δίκαιον
1713 2055 1761 2082 ἐπί
1785 2065 1841 2084 τινι

1052 2096 1186 2131 παροικίᾳ.
1212 2097 1277 2131 παρ’
1292 2097 1386 2132 ἑτέρου
1403 2098 1562 2125 ἐπισκόπου-
1574 2100 1746 2136 κατεχομένη
1757 2120 1766 2134 ,
1782 2102 1841 2133 τοῖς

1052 2143 1220 2177 προσφόροις
1241 2142 1316 2178 αὐτῷ
1336 2144 1495 2175 ἐπισκόποις
1509 2145 1610 2178 ὀφείλει
1626 2146 1839 2181 προσέρχεσθαι,

1053 2188 1100 2214 καὶ
1113 2189 1177 2223 περὶ
1193 2188 1288 2215 τούτου
1313 2189 1482 2222 διεγκα).εῖν·
1512 2190 1542 2216 οὺ
1566 2191 1620 2226 μὴν
1641 2191 1840 2227 αὑτεκδίκητον

1052 2234 1186 2267 γίνεσθαι,
1218 2235 1265 2261 καὶ
1295 2234 1464 2266 αὐθεντικῶς
1495 2237 1645 2270 κατασχεῖν
1678 2237 1839 2272 πειρᾶσθαι,

1053 2282 1120 2316 ὅπερ
1136 2280 1222 2307 οἴεται
1240 2280 1314 2315 αὐτῷ
1337 2281 1487 2315 διαφέρειν.
1519 2282 1551 2308 Εἰ
1577 2281 1605 2307 δὲ
1622 2282 1670 2308 καὶ
1684 2283 1841 2318 γράμματα

1052 2327 1120 2362 λάϐῃ
1148 2327 1211 2361 περὶ
1224 2327 1270 2353 τοῦ
1287 2328 1434 2362 κατασχεῖι
1456 2327 1502 2353 τὸν
1529 2327 1601 2361 λαὸν,
1624 2329 1670 2355 τὸν
1684 2329 1731 2363 ὑφ’
1746 2330 1841 2364 ἑτέρου

1053 2372 1238 2406 κατεχόμενον
1260 2372 1422 2404 ἐπισκόπου,
1449 2372 1544 2399 ἑαυτὸν
1573 2373 1677 2409 ἀπατᾷ.
1701 2374 1771 2401 Οὐδὲ
1788 2375 1841 2409 γὰρ

1053 2416 1213 2451 ὠφεληθήσε
1224 2416 1270 2442 ταί
1289 2425 1315 2442 τι
1330 2415 1359 2448 ἐξ
1378 2417 1471 2450 αὐτοῦ,
1497 2419 1521 2443 εἰ
1540 2419 1576 2452 μὴ
1591 2419 1605 2444 ὸ
1620 2419 1745 2454 κατέχων
1760 2420 1842 2447 αὐτὸν

1053 2464 1197 2499 ειρηνικῶς
1213 2463 1322 2499 θελήσει
1346 2464 1510 2500 ἀποστῆναι,
1536 2466 1552 2500 ἣ
1571 2466 1738 2498 δικαστικῶς
1757 2476 1842 2502 μετα-

1053 2510 1209 2545 κινηθῆναι.

1341 2557 1458 2584 ΚΑΝΩΝ
1472 2556 1557 2586 ΡΚΒ¹.

1055 2613 1064 2628 ι
1080 2603 1147 2638 Περὶ
1155 2603 1209 2629 τῶν
1222 2603 1398 2637 ἀμελούντων
1410 2603 1463 2630 τῶν
1480 2605 1572 2636 αὐτοῖς
1586 2606 1746 2641 ἀνηκόντων
1756 2607 1839 2637 λαῶν.

1090 2657 1099 2674 ι
1127 2647 1244 2683 Ὁμοίως
1257 2649 1365 2684 ἤρεσεν,
1393 2650 1437 2676 ἵνα
1466 2650 1564 2681 οἵτινες
1590 2651 1691 2686 δήποτε
1709 2653 1839 2688 ἀμελοῦσι

1091 2703 1100 2720 ι
1120 2695 1174 2721 τῶν
1187 2695 1277 2721 τόπων
1290 2695 1344 2721 τῶν
1368 2695 1524 2730 ἀνηκόντων
1537 2698 1570 2732 τῇ
1590 2697 1680 2724 αὐτῶν
1707 2699 1835 2736 καθέδρᾳ,

1092 2750 1101 2767 ι
1122 2741 1189 2773 πρὸς
1214 2741 1329 2773 τούτους
1347 2742 1475 2777 κερδᾶναι
1491 2744 1531 2774 είς
1548 2743 1596 2778 τὴν
1613 2744 1766 2780 καθολικὴν
1781 2746 1838 2772 ἑνό-

1093 2797 1101 2813 t
1122 2795 1202 2822 τητα,
1221 2788 1394 2823 ἐγκληθῶσιν
1409 2789 1464 2815 ἀπὸ
1484 2789 1538 2816 τῶν
1554 2790 1735 2824 γειτνιώντων
1748 2793 1837 2823 αὐτοῖς

1091 2844 1100 2861 ι
1119 2835 1257 2870 ὲπιμελῶν
1271 2836 1429 2863 ἐπισκόπων
1443 2838 1510 2872 περὶ
1522 2837 1570 2864 τοῦ
1585 2838 1621 2872 μὴ
1635 2838 1838 2865 ἀνασάλλεσθαι

1092 2890 1101 2906 ι
1121 2881 1201 2907 τοῦτο
1215 2880 1329 2916 πρᾶξαι.
1344 2882 1389 2909 Διὸ
1402 2881 1450 2910 ἐὰν
1464 2883 1539 2915 me;
1560 2885 1729 2919 προθεσμίας
1745 2885 1837 2919 μηνῶν

1775 160 1843 192 302
