1909 3075
83 141 138 172 397

587 137 628 168 IN
646 138 729 171 CAN.
749 138 871 169 CXXIII
893 137 998 168 CONC.
1018 138 1207 169 CARTIIAG.

1653 140 1706 175 398

86 203 96 220 ι
116 194 191 221 ὦττε
214 193 250 227 μὴ
290 190 485 227 προσερεθίσαι
500 191 564 223 τοὺς
589 192 787 227 αῑρετίζοντας,
824 193 871 218 καὶ

934 201 936 217 ι
957 192 1107 224 irritarent,
1133 195 1228 221 ethoc
1253 200 1392 230 appareat,
1411 197 1545 232 episcopis
1571 199 1628 226 sive
1656 200 1705 227 dae

85 251 95 266 ι
116 239 200 266 τοῦτο
215 237 319 272 δειχθῇ,
342 237 492 272 κρινόντων
519 237 686 270 ἐπισκόπων,
700 237 755 264 τῶν
783 237 798 273 ῆ
829 238 871 264 60-

84 293 95 311 ¢
120 284 225 310 θέντων
240 281 261 317 ἢ
286 281 483 315 ὲπιλεγέντων,
498 282 531 316 τῇ
545 281 666 317 καθέδρᾳ
681 282 786 311 τούτων
802 283 871 309 ἀπο-

86 339 97 355 ι
121 327 364 357 καθιστάσθωσαν.
388 336 397 352 ι
791 322 795 325 ”

124 374 266 408 Ἐἀνιτςνες
274 373 329 400 τῶν
343 373 499 400 ἐπισκόπων
512 373 565 400 τῶν
574 372 727 408 ἀνηκόντων
737 373 828 399 τόπων
839 373 871 408 τῇ

81 422 174 447 αὐτῶν
186 419 307 454 καθέδρᾳ
322 419 491 454 ἀμελήσωσι,
507 419 553 446 κα)⁸
564 418 783 453 ὑπομνησθέντες
797 419 873 454 παρὰ

79 466 136 492 τῶν
152 465 332 499 γειτνιώντων
345 465 436 496 αὐτοῖς
453 464 612 491 ἐπισκόπων
628 464 778 499 ὲπιμελῶν,
802 466 873 492 ὥστε

80 511 258 545 διεγερ¹»ἦναι
272 510 313 541 εἰς
330 508 360 535 τὺ
386 509 520 540 παντοίως
549 509 668 536 σπεῦσαι
689 510 752 540 τοὺς
782 510 872 536 ἐκεῖσε

81 557 165 587 ὂντας
180 555 337 590 αἱρετικοὺς
356 554 545 589 μεταστρέψαι
561 555 630 589 πρὸς
640 555 690 590 τὴν
705 555 872 589 ὀρθοδοξίαν,

82 603 131 629 καὶ
148 602 225 632 Evcl;
242 600 336 635 μηνῶν
362 600 392 632 ἒξ
410 601 482 635 μετὰ
503 601 551 636 τὴν
574 601 694 629 αίτίασιν
736 601 812 636 odos-Iv
846 609 871 626 τι

81 648 234 677 ἀνύσωσιν.
251 646 313 673 ἀλλ’
327 648 358 673 ὲν
372 647 406 681 τῇ
432 647 501 681 αὐτῇ
532 646 646 681 μείνωσι
672 645 873 680 καταφρονήσει

80 694 131 720 καὶ
142 693 267 729 ῥᾳθυμίᾳ
283 700 290 708 ⁵
305 692 392 728 ἑτέρῳ
401 693 560 727 ὲπισκόπῳ,
589 691 628 726 τῷ
646 691 787 726 δυναμένῳ
812 690 874 718 τού-

81 747 148 769 τους
162 739 303 773 κερδᾶναι,
328 738 620 776 προσκυρῳθήσονται.
650 738 681 764 El
706 736 798 772 μέντοι
813 736 873 763 κατ’

82 785 244 819 οίκονομίας
259 785 338 818 λόγον
352 784 381 810 οὐ
397 784 580 819 διανέστησαν
607 782 676 819 πρὸς
699 783 871 818 ἐπιμέλειαν,

83 832 129 858 ἵνα
149 832 187 867 μὴ
198 831 264 862 τοὺς
291 831 446 866 αἱρετικοὺς
477 830 542 861 ἴσως
585 830 654 865 πρὸς
680 830 873 865 ἀναισχυντίαν

927 246 936 262 ι
951 239 983 264 tis
1003 239 1060 265 sive
1071 238 1165 267 electis
1184 240 1340 275 judicibus,
1373 249 1466 270 eorum
1499 244 1634 273 cathedra:
1662 252 1705 273 re.-

926 291 934 308 ι
952 283 1106 310 stituantttr.
1127 292 1136 309 ι

960 372 988 398 Si
1003 373 1048 406 qui
1061 373 1178 409 episcopi
1195 374 1252 402 loca
1268 375 1301 416 ad
1315 382 1380 404 suas
1390 376 1534 406 cathedras
1547 379 1708 413 pertinentia

927 417 1060 452 neglectui
1077 418 1232 452 habuerim,
1254 425 1281 448 ct
1307 428 1324 449 a
1343 421 1440 450 vicinis
1456 423 1512 451 suis
1539 425 1709 460 diligentibus

926 463 1056 491 admoniti
1074 464 1218 499 episcopis,
1237 470 1265 492 ut
1277 473 1382 494 summa
1394 474 1445 502 ope
1457 468 1608 498 niterentur
1622 471 1707 499 haere-

926 510 1003 542 ticos,
1019 510 1064 545 qui
1086 510 1122 537 ibi
1143 516 1217 542 sunt,
1235 511 1267 538 ad
1290 509 1369 539 ﬁdem
1391 514 1567 542 orthodoxam
1597 523 1710 546 conver-

925 559 993 587 tcrc,
1006 561 1033 583 et
1053 556 1122 592 intra
1144 564 1191 586 sex
1212 565 1320 586 menses
1335 565 1396 593 post
1413 560 1626 589 admonitionem
1643 563 1709 590 nihil

924 602 1035 629 omnino
1050 603 1197 637 eli'ecerint,
1212 605 1259 631 sed
1272 605 1297 631 in
1313 605 1406 633 eodem
1424 606 1546 642 neglectu
1563 609 1711 637 manserint

925 651 952 675 et
968 648 1072 676 desidia
1088 658 1094 676 :
1114 650 1160 677 alii
1177 651 1315 685 episcopo,
1328 652 1374 686 qui
1389 660 1419 680 ea
1438 653 1599 683 lucrifacere
1611 659 1710 690 potest,

926 693 1126 729 adjudiccntur.
1142 695 1170 723 Si
1190 703 1280 725 autem
1303 698 1381 733 juxta
1405 700 1650 730 administrationis
1667 710 1712 730 ra-

924 739 1036 773 tionem,
1053 749 1084 769 se
1098 742 1131 769 ad
1154 743 1320 779 diligentiam
1337 753 1390 772 non
1415 746 1570 775 excitarunt
1591 756 1625 776 ne
1642 749 1712 777 forte

926 786 1070 816 haereticos
1086 788 1119 816 ad
1145 789 1277 825 majorem
1308 791 1474 826 proritarent
1502 794 1710 830 impudentiam,

926 831 972 859 sed
990 837 1019 860 ut
1033 832 1090 867 ipse
1102 833 1174 861 ducti
1189 842 1236 862 eos
1249 835 1378 869 patientia
1399 838 1490 872 potius
1504 844 1531 866 et
1552 840 1710 874 longanimi-

85 878 199 914 μείζονα
222 876 397 912 διεγείρωσιν
412 884 420 892 ο
447 875 555 907 ἀλλ’ὡς
577 875 734 908 ἐλπίζοντες
774 876 873 908 αὐτοὺς

934 881 980 904 ate
990 877 1162 913 lucrifacere,
1179 881 1353 915 quieverunt,
1372 869 1523 911 tit-interim
1538 885 1583 912 alii
1598 869 1708 920 quidam

83 923 148 958 μεθ’
162 923 304 959 ὑπομονῆς
321 921 423 956 μᾶλλον
438 921 485 948 καὶ
518 921 712 957 μακροθυμίας
734 922 873 956 κερδᾶναι,

934 923 1042 958 episcopi
1059 924 1228 959 diligentiam
1245 934 1337 954 eorum
1358 928 1551 964 anticiparunt,
1581 935 1609 958 et
1623 932 1709 958 haerea-

81 970 230 1003 ἡσύχασαν
246 975 254 983 ·
271 968 319 993 καὶ
335 967 364 992 ὲν
379 965 418 1000 τῷ
438 965 541 1000 μεταξὺ
556 965 646 1001 ἕτεροί
659 974 732 997 τινες
748 965 802 998 τῶν
816 967 873 993 ὲπι-

938 968 1041 996 icorum
1060 969 1117 997 loca
1133 970 1167 997 iis
1190 971 1343 1005 adiudicata
1361 979 1434 1006 sunt,
1451 979 1477 1002 et
1490 975 1541 1004 hoc
1555 976 1705 1008 evincatur.

82 1015 196 1041 σκόπων
222 1013 273 1048 τὴν
311 1012 474 1047 ἐπιμέλειαν
515 1011 606 1038 αὐτῶν
643 1012 794 1047 προέλαϐον
828 1013 873 1039 καὶ

935 1015 1106 1043 udicantibus
1126 1016 1270 1052 episcopis,
1287 1018 1329 1046 vel
1350 1026 1364 1046 a
1380 1019 1498 1054 primate
1525 1021 1606 1053 datis,
1619 1022 1661 1049 vel
1676 1023 1711 1050 ab

86 1058 346 1094 προσεκυρώθησαν
367 1058 490 1090 ἐκείνοις
508 1057 562 1085 τῶν
576 1058 721 1094 αῑρετικῶν
733 1059 757 1086 οἱ
784 1059 871 1092 τόποι,

81 1105 221 1133 καὶτοῦτο
246 1105 353 1140 δειχθῇ,
375 1104 527 1139 κρινόντων
558 1104 727 1139 ἐπισκόπων,
763 1105 818 1133 τῶν
855 1105 871 1142 ἢ

82 1153 161 1188 παρὰ
171 1151 218 1178 τοῦ
237 1151 427 1186 πρωτεύοντος
442 1150 610 1185 δοθέντων,ἥ
623 1150 689 1186 παρ’
707 1151 873 1187 ἀμφοτέρων

79 1198 137 1224 τῶν
153 1197 314 1223 ἐπισκόπων
335 1196 530 1230 ὲπιλεγέντων,
544 1195 581 1230 ᾡς
606 1196 652 1222 διὰ
672 1197 802 1231 τοιαύτην
832 1198 872 1225 ol-

926 1059 1058 1088 ambobus
1072 1061 1206 1097 episcopis
1230 1062 1335 1097 electis,
1357 1065 1428 1099 quod
1445 1071 1557 1101 propter
1571 1067 1651 1094 talem
1672 1069 1711 1095 ni-

927 1106 1025 1134 mirum
1040 1109 1222 1137 mcouomiam
1247 1110 1455 1139 instructionem
1471 1120 1566 1141 eorum
1591 1113 1710 1150 neglige-

924 1151 1010 1180 bant:
1028 1152 1182 1183 istiusmodi
1199 1154 1258 1183 loca
1277 1156 1414 1185 cathedrae
1446 1165 1540 1189 eorum
1556 1159 1655 1190 iterum
1669 1168 1712 1187 re.-

927 1199 1088 1228 stituantur.

80 1245 215 1280 γςνομίαν
232 1244 282 1278 τῆς
301 1243 476 1276 διδασκαλίας
486 1243 567 1280 δῆθεν
581 1243 672 1271 αὐτῶν
706 1244 850 1280 ἠμέλησαν
866 1253 873 1262 ο
890 1247 1123 1275 ὰποκαταστῶσιν
1135 1248 1214 1281 αὖθις
1224 1251 1257 1286 τῇ
1270 1250 1390 1286 καθέδρᾳ
1425 1251 1515 1280 αὐτῶν
1537 1253 1562 1279 οι
1595 1252 1711 1280 τοιοῦτοι

78 1292 172 1320 τόποι.

357 1336 474 1364 ΚΔΝΩΝ
492 1337 579 1363 PKl'".

124 1395 133 1411 ι
155 1385 218 1412 Ὅτι
238 1385 289 1415 οὐκ
304 1383 410 1418 ὀφείλει
428 1383 483 1418 (59)
512 1383 566 1409 τῶν
595 1382 801 1417 ἐπιλεγομένων
832 1383 871 1409 δι-

83 1442 95 1458 a
114 1431 227 1460 καστῶν
241 1431 259 1465 ὴ
271 1429 369 1464 γνώμη
378 1428 590 1461 ἐξουθενεῖσθαι.
611 1428 677 1455 Ἀπὸ
684 1428 712 1454 δὲ
729 1428 783 1454 τῶν
796 1427 874 1456 δικα-

84 1489 96 1505 ι
122 1477 206 1509 στῶν,
219 1476 274 1504 τῶν
287 1475 359 1503 κατὰ
378 1475 472 1509 κοινὴν
496 1474 651 1506 σνναίνεσιν
680 1474 872 1508 ὲπιλεγέντων,

86 1535 96 1551 ι
122 1524 162 1559 μὴ
178 1523 280 1556 ἑξιίναι
298 1521 483 1549 ἐκκαλεῖσθαι.
514 1521 610 1554 ’Ὅστις
633 1520 662 1547 δὲ
685 1520 785 1557 δήποτε
807 1521 875 1547 ἀπο-

85 1581 96 1597 ι
118 1570 242 1605 δειχθείη
259 1569 305 1595 διὰ
321 1567 480 1604 μονοτονίαν
500 1567 536 1602 μὴ
557 1566 645 1594 θέλειν
655 1567 712 1597 τοῖς
733 1565 873 1597 δικασταῖς

83 1627 94 1643 ε
116 1615 315 1650 πιθαρχῆσαι,
339 1614 418 1640 τοῦτο
453 1612 598 1647 γινώσκων
637 1612 652 1637 δ
682 1613 732 1647 τῆς
761 1610 873 1646 πρώτης

86 1672 96 1688 ι
117 1661 259 1695 καθέδρας
272 1660 423 1690 ἐπίσκοπος
437 1659 517 1685 δώσει
539 1658 702 1694 γράμματα,
735 1656 805 1683 ὥστε
819 1664 874 1692 μη-

83 1717 94 1733 ι
120 1707 184 1734 δένα
199 1705 254 1734 τῶν
272 1705 433 1732 ἐπισκόπων
455 1704 528 1739 αὐτῷ
556 1702 732 1738 κοινωνῆσαι,
757 1701 818 1733 ’ἓως
842 1696 872 1732 οὗ

84 1761 95 1778 ι
116 1751 197 1778 πειθα
203 1752 303 1786 ρχήσῃ.
322 1759 332 1776 ›

120 1797 220 1823 ΒΛΛΣ.
235 1795 328 1831 Σειφὴς
343 1796 356 1822 ὁ
378 1795 478 1821 κανών.
491 1795 645 1829 Διορίζεται
665 1795 718 1829 γὰρ
738 1795 775 1830 μὴ
789 1795 874 1821 ἐκκα-

80 1843 192 1871 λεῖσθαι
212 1852 275 1870 τινα
287 1842 359 1868 κατὰ
375 1841 424 1876 τῆς
441 1841 533 1876 ψήφου
546 1841 598 1867 τῶν
626 1840 654 1870 ἐξ
670 1839 801 1875 ὲπιλογῆς
818 1839 874 1866 τῶν

83 1889 181 1924 μερῶν
205 1889 374 1919 δικαζόντων
391 1888 547 1913 ἐπισκόπων
564 1895 570 1900 ·
588 1885 634 1912 τὸν
649 1886 677 1912 δὲ
692 1885 771 1912 τοῦτο
788 1885 869 1921 ποιή-

83 1944 184 1965 σαντα,
201 1933 389 1968 ἀκοινωνησίᾳ
410 1931 626 1967 κατακρίνεσθαι
647 1931 722 1966 παρὰ
735 1932 781 1958 τοῦ
800 1939 874 1966 πρω-

81 1981 226 2012 τεύοντος,
241 1980 326 2014 ἤγουν
340 1979 387 2005 τοῦ
399 1978 609 2014 μητροπολέτου.
622 1976 715 2004 Ταῦτα
731 1976 777 2003 τοῦ
793 1976 876 2003 κανό-

82 2035 130 2058 νες
149 2025 352 2060 διοριζομένου,
365 2024 439 2055 τινὲς
461 2024 510 2058 μὲν
524 2021 602 2049 εἷπον
636 2022 715 2049 τοῦτο
752 2021 875 2055 γίνεσθαι

82 2070 246 2101 ἀκολούθως
261 2070 298 2104 τῷ
311 2070 342 2095 ιθ’
360 2077 423 2102 κεφ.
437 2067 484 2094 τοῦ
498 2067 521 2103 β’
534 2067 625 2094 τίτλον
643 2066 690 2093 τοῦ
719 2065 740 2097 ζ’
758 2066 874 2100 βιϐλίου.

89 2117 125 2151 ,ᾧ
138 2116 250 2150 λέγοντι
266 2123 273 2130 ·
294 2115 323 2142 ’0
335 2114 445 2150 αἱρετὸς
456 2112 640 2148 δικαστῇςὲτὺ
669 2112 766 2139 δοκοῦν
801 2112 876 2147 αὑτῷ

82 2162 252 2198 ψηφίζεται,
278 2160 325 2187 καὶ
354 2160 384 2186 οὐ
419 2159 649 2194 πολυπραγμονεῖ
675 2157 725 2193 τὴν
755 2157 876 2193 ψῆφονὸ

84 2208 218 2243 πραίτωρ
232 2216 238 2223 ·
261 2207 324 2242 ἐμοὶ
338 2206 366 2233 δὲ
386 2206 462 2233 δοκεῖ
477 2206 516 2241 μὴ
524 2205 589 2240 περὶ
610 2204 740 2231 τοιούτων
759 2204 875 2239 αἱρετῶν

80 2256 227 2283 διδάσκειν
240 2254 289 2280 τὸν
302 2253 404 2282 κανόνα
416 2261 422 2268 ·
438 2251 551 2284 τούτους
566 2252 620 2286 γὰρ
632 2251 704 2283 δόσις
721 2250 875 2286 προστίμον

82 2302 236 2335 καθίστησι
265 2299 409 2331 δικαστὰς,
446 2298 556 2326 ἰδιώτας
584 2298 683 2329 ὄντας·
711 2296 779 2323 ἀλλὰ
810 2295 875 2331 περὶ

81 2347 249 2374 ἐπισκόπων
265 2345 382 2380 ἑχόντων
412 2343 607 2371 δικαιοδοσίαν.
635 2342 713 2370 Εἶναι
733 2342 762 2369 δὲ
789 2342 874 2370 ίδικὺν

79 2392 167 2419 τοῦτο
183 2392 225 2423 είς
237 2391 287 2422 τὰς
303 2390 534 2425 ὲκκλησιαστικὰς
547 2389 691 2420 ὑποθέσεις
715 2388 763 2415 καὶ
777 2389 873 2423 μόνας,

80 2439 182 2473 ὥσπερ
204 2437 253 2464 καὶ
263 2436 333 2469 ᾇλλα
361 2435 457 2463 πολλὰ.
489 2436 521 2461 Οἱ
548 2435 603 2470 γὰρ
635 2435 772 2461 πολιτικοὶ
796 2433 875 2468 νόμοι

68 2484 159 2511 -κατὰ
174 2482 279 2513 παντὸς
294 2481 427 2508 δικαστοῦ
452 2481 629 2508 ἐκκαλεῖσθαι
651 2479 816 2516 ὲκχωροῦσι,
827 2480 878 2507 κᾶν

82 2530 114 2562 ἐξ
131 2529 266 2563 ἑπιλογῆς
279 2527 334 2555 τῶν
347 2528 438 2564 μερῶν
450 2527 570 2562 κατέστη
586 2535 627 2558 τις
641 2527 783 2561 δικαστής.

120 2574 248 2602 ΖΩΝΔΡ.
282 2574 346 2600 Ἐὰν
385 2574 457 2600 κατὰ
481 2573 576 2608 κοινὴν
604 2573 717 2608 γνώμην
748 2577 773 2602 οί
799 2576 879 2612 δίκην

86 2622 201 2657 ἔχοντες
216 2619 287 2654 πρὸς
304 2619 437 2654 ἀλλήλους
455 2619 647 2656 αἱρετίσωνται
668 2620 812 2653 δικαστὰς,
827 2623 878 2649 οὐκ

1195 1337 1308 1366 CANON
1328 1338 1445 1370 CXXIII.

928 1391 937 1408 ι
961 1382 1037 1415 Quod
1056 1390 1109 1410 non
1136 1383 1215 1411 debet
1245 1383 1392 1411 electorum
1420 1384 1544 1418 iudicum
1572 1387 1709 1414 sententia

967 1437 975 1453 ι
995 1427 1070 1454 nihili
1089 1428 1181 1462 pendi.
1196 1428 1216 1455 A
1231 1427 1371 1462 judicibus
1389 1434 1492 1462 autem,
1507 1431 1552 1464 qui
1573 1431 1709 1459 communi

963 1482 973 1499 ι
992 1480 1126 1501 consensu
1146 1473 1224 1500 electi
1239 1477 1301 1501 sunt
1318 1481 1371 1505 non
1397 1473 1459 1503 licet
1485 1475 1629 1509 appellare.
1645 1476 1711 1514 Qui-

965 1528 975 1544 ι
994 1526 1100 1554 cunqtte
1130 1527 1193 1547 vero
1216 1525 1343 1548 ostensus
1368 1519 1451 1550 fuerit
1482 1525 1591 1556 propter
1621 1522 1711 1557 pervi-

964 1565 1089 1592 tcaciam
1121 1565 1191 1592 nolle
1224 1565 1366 1599 iudicibus
1399 1573 1512 1600 parere,
1540 1568 1591 1594 hoc
1620 1568 1712 1595 sciens

963 1618 973 1635 ι
994 1610 1088 1645 primae
1103 1611 1175 1638 sedis
1200 1611 1354 1645 cpiscopus,
1384 1611 1457 1638 dabit
1477 1612 1594 1644 litteras,
1610 1618 1639 1639 ut
1652 1612 1712 1639 nul-

965 1664 975 1681 ι
992 1656 1032 1683 lus
1052 1657 1076 1683 ei
1097 1656 1237 1692 episcopus
1254 1657 1436 1684 communicet
1449 1658 1535 1687 donec
1551 1658 1682 1692 parueril.
1697 1667 1706 1683 ι
1748 1651 1752 1660 “’

961 1789 1059 1817 BALS.
1077 1790 1174 1817 Clarus
1190 1794 1234 1816 est
1247 1796 1345 1818 canon.
1363 1790 1464 1817 Statuit
1476 1791 1559 1824 enim,
1576 1792 1711 1818 netninem

926 1835 1063 1869 appellare
1078 1835 1175 1862 debere
1187 1835 1317 1866 adversus
1347 1836 1507 1863 sentenliam
1523 1837 1710 1871 episcoporum

930 1881 976 1916 qui
999 1888 1031 1908 ex
1054 1881 1172 1916 partium
1201 1880 1332 1908 electione
1354 1881 1475 1914 iudicant
1499 1901 1506 1909 .
1532 1889 1594 1909 eum
1620 1887 1710 1909 autent

927 1927 972 1961 qui
994 1927 1044 1953 hoc
1065 1925 1172 1959 fecerit.
1204 1927 1491 1958 excommnnicatione
1509 1928 1710 1955 condemnaria

927 1975 1042 2007 priniate
1063 1980 1110 2001 seu
1139 1972 1359 2006 metropolitano.
1391 1972 1535 2008 llaec‘cnm
1563 1981 1577 1999 a
1607 1981 1711 2001 canone

927 2019 1129 2051 tleccrnantur,
1155 2018 1282 2045 dixerunt
1309 2019 1416 2053 quidem
1439 2020 1558 2048 nonnulli
1582 2020 1633 2048 hoc
1653 2020 1712 2048 ﬁeri

927 2069 1125 2100 consequenter
1143 2065 1225 2100 capiti
1245 2065 1274 2092 l9
1300 2065 1342 2092 tit.
1366 2065 1383 2092 2
1396 2066 1455 2092 libri
1471 2074 1516 2098 vn,
1540 2067 1611 2100 quod
1623 2067 1688 2094 dicit
1703 2075 1711 2082 ο

927 2111 1069 2139 Electitius
1089 2111 1182 2146 jutlex,
1200 2113 1270 2146 quod
1296 2112 1347 2139 sibi
1370 2113 1486 2144 videtur,
1506 2113 1638 2146 decernit,
1661 2122 1712 2142 nec

927 2161 1027 2192 praetor
1042 2157 1122 2184 ullam
1149 2157 1181 2184 de
1200 2157 1258 2188 ejus
1279 2158 1412 2185 sententia
1436 2165 1528 2187 curam
1551 2159 1631 2194 gerit.
1647 2159 1712 2188 Mihi

929 2208 1019 2231 autem
1039 2203 1155 2235 videtur,
1183 2210 1233 2230 non
1256 2204 1288 2230 de
1320 2203 1456 2238 ejusmodi
1487 2204 1614 2232 electitiis
1640 2206 1712 2241 loqui

928 2257 1076 2285 canouetu;
1091 2257 1177 2284 pasam
1187 2250 1260 2278 enim
1279 2250 1352 2278 datio
1373 2258 1420 2278 eos
1440 2251 1547 2286 judices
1560 2253 1711 2284 constituit,

929 2305 989 2324 cum
1004 2297 1058 2324 sint
1072 2297 1186 2328 privati,
1205 2297 1251 2324 sed
1272 2297 1305 2324 dc
1327 2298 1472 2332 episcopis,
1494 2298 1538 2333 qui
1558 2299 1656 2326 habent
1670 2301 1713 2334 ju-

930 2343 1139 2371 risdictiouem:
1171 2350 1231 2370 esse
1258 2348 1348 2370 autem
1380 2343 1430 2371 hoc
1463 2345 1710 2372 ecelesiasticarum

928 2397 1082 2421 causarum,
1100 2396 1248 2424 earumque
1271 2389 1390 2425 solarum
1422 2389 1571 2425 proprium,
1601 2391 1671 2418 sicut
1686 2397 1713 2419 et

930 2435 1013 2462 multa
1045 2435 1108 2461 alia.
1139 2434 1224 2469 Leges
1248 2435 1321 2462 enim
1338 2435 1433 2463 civiles
1459 2436 1492 2463 ab
1516 2437 1590 2464 omni
1621 2438 1713 2472 judice

930 2481 1066 2515 appellare
1080 2481 1247 2515 permittunt,
1262 2481 1367 2508 etiamsi
1400 2482 1460 2515 quis
1474 2490 1505 2508 ex
1522 2482 1638 2516 partium
1654 2484 1711 2510 ele-

928 2528 1018 2556 ctione
1032 2528 1196 2555 constitutus
1215 2527 1306 2554 fuerit.

964 2572 1091 2600 ΖοΝΑιι.
1105 2572 1132 2599 Si
1153 2572 1257 2607 judices
1270 2572 1405 2600 communi
1420 2580 1551 2600 consensu
1568 2573 1709 2607 elegerint,

929 2620 973 2655 qui
991 2620 1111 2655 litigant;
1129 2620 1167 2646 eis
1183 2619 1217 2646 ab
1238 2619 1344 2647 illorum
1369 2619 1504 2646 sententia
1522 2619 1555 2646 ad
1582 2619 1650 2646 alios
1666 2620 1712 2654 ju-

707 2669 790 2700 Guil.
808 2670 974 2710 Beveregii
991 2672 1084 2700 notas.

124 2719 182 2755 (59)
197 2719 259 2745 Ὅτι
272 2717 463 2755 οὐκΔόεσεζλει.
479 2716 521 2755 Ad
543 2717 614 2755 hunc
637 2718 719 2746 etiam
745 2727 876 2747 canonem

89 2752 230 2782 in‘cotlice
243 2752 463 2780 Amerbachiano
476 2753 529 2780 sub
556 2753 654 2781 scholii
681 2755 792 2782 nomine
818 2756 875 2782 hac

87 2790 228 2824 icguntur,
242 2787 378 2824 Περὶ-τῶν
397 2788 434 2823 μὴ
448 2789 676 2824 πειθαρχούντων·
695 2791 750 2820 τοῖς
765 2791 875 2822 οἰκείοις

88 2822 263 2855 ίτξισκόποις,
279 2822 326 2859 καλ.
337 2822 402 2858 περὶ
411 2822 568 2848 ἐπισκόπων
589 2825 626 2859 μὴ
643 2824 795 2858 δεχομένων
811 2826 873 2856 τοὺς

88 2857 326 2893 ἁποὸὶ.ηθένταςῆ
347 2858 557 2891 ἀκοινωνήτονς.
577 2857 727 2890 υυγιιφλι
746 2861 871 2891 episcopis

932 2721 987 2748 suis
1002 2728 1052 2747 non
1066 2720 1255 2752 obtemperant,
1277 2721 1300 2744 et
1315 2717 1346 2743 de
1359 2714 1486 2750 episcopis
1499 2724 1555 2752 non
1584 2718 1715 2750 recipi“,

931 2756 1000 2782 libus
1026 2756 1122 2790 ejectos
1145 2751 1183 2781 uel
1213 2753 1464 2781 excommunicatos.
1498 2751 1597 2791 verum
1626 2761 1715 2791 neque

928 2791 980 2818 hoc
997 2787 1091 2818 scliolii
1115 2797 1213 2817 nomen
1240 2792 1370 2820 meretur,
1399 2794 1489 2821 neque
1527 2787 1590 2813 huic
1617 2787 1718 2824 canon;

927 2827 1054 2862 quadrat.
