1909 3075
63 106 124 138 425

576 103 616 134 ΙΝ
632 101 714 132 CAN.
736 101 878 133 CXXXIV
895 100 999 133 CONC.
1026 102 1217 133 CARTHAG.

1636 104 1690 133 426

60 164 252 198 ἀναγκάζεται
285 163 478 198 συγκοινωνεῖν
509 162 622 197 ἐκείνῳ,
654 161 708 188 κᾶν
738 161 805 196 λέγῃ
839 162 853 187 ό

917 160 975 193 [ιιοά
989 160 1041 188 soli
1061 160 1111 189 sibi
1128 168 1180 188 non
1196 159 1323 188 credatur
1334 180 1341 191 .
1354 159 1482 196 quodque
1502 159 1529 187 in
1549 164 1689 195 posterum

60 210 215 240 δπίσκθπος
228 210 270 235 ὅτι
288 209 325 235 Οὐ
341 209 410 235 θέλω
428 207 627 244 προσδέξασθαι
643 206 725 234 αὐτὸν
741 206 780 237 είς
795 214 852 232 κοι-

58 254 179 285 νωνίαν,
200 254 447 288 σκανδαλιζομένης
462 253 505 279 ἐπ’
522 252 596 287 αὑτῷ
609 252 658 286 τῆς
676 250 854 285 συνειδήσεώς

62 308 132 334 μου.
156 299 324 334 Σκινδαλμὺν
338 300 392 334 γὰρ
409 299 424 334 ἢ
447 299 477 325 τὸ
498 297 644 325 σκάνδαλον
655 297 764 331 νοητέον
777 297 793 331 ἢ
808 296 854 322 τὸν

60 343 180 378 θόρυϐον
194 344 246 378 τῆς
259 343 438 378 συνειδήσεως
451 342 652 378 θορυϐουμένης
666 341 713 368 καὶ
725 349 854 376 ταραττο-

62 389 152 423 μένης
164 389 208 416 διὰ
220 390 270 423 τὴν
282 389 476 424 ἐξομολόγησιν
490 388 538 415 τοῦ
557 388 766 424 ἁμαρτήματος.

61 474 176 501 ΑΡΙΣΤ.
202 484 212 501 ι
232 476 328 510 Δὲγων
346 475 495 507 ἐπίσκοπος
512 475 554 502 ὅτι
577 474 614 502 Τὸ
635 474 761 510 ἔγκλημα
782 474 853 501 κατὰ

111 530 120 546 ί
142 524 226 558 μόνας
242 523 257 548 ό
270 522 355 553 πέλας
372 531 417 557 μοι
430 521 616 559 ὡμολόγησεν,
633 522 659 548 εί
674 521 688 547 ό
704 521 787 551 πέλας
802 521 854 555 ἁρ-

106 579 115 595 ι
132 570 227 600 νεῖται,
244 567 294 595 οὐκ
309 567 450 599 εῦπιστος.

104 626 139 652 Οὐ
153 625 206 661 χρὴ
221 624 397 651 πιστεύεσθαι
408 623 449 658 τῷ
457 624 602 658 ἑπισκόπῳ
613 622 718 657 λέγοντι
729 623 766 653 ὡς
777 623 855 650 Κατὰ

64 672 150 706 μόνας
163 673 176 698 ό
190 671 265 698 δεῖνα
279 670 410 705 κληρικδς
424 669 551 705 ἔγκλημά
567 678 611 705 μοι
622 669 789 704 ὡμολόγησε,
807 668 855 695 καὶ

61 718 110 745 διὰ
131 718 209 744 τοῦτο
233 717 251 752 ἢ
276 716 323 743 τοῦ
352 715 457 750 βαθμοῦ
482 716 499 751 ἢ
527 715 578 750 τῆς
602 714 855 746 κοινωνίαςναῦτδν

60 763 202 798 ἀπείργω.
224 763 256 789 Et
278 762 332 798 γὰρ
355 762 480 797 ἀρνεῖται
503 761 617 794 ὲκεῖνος,
636 760 666 786 ὃν
686 760 854 795 ὁμολογῆσαι

61 808 152 842 λέγει,
168 809 218 835 οὐκ
234 807 337 842 ὀφείλει
353 806 545 838 καταδικάζειν
562 806 643 833 αὑτὸν
657 805 674 841 ἦ
694 805 762 833 [δίαν
775 806 854 841 ὓϐριν

60 856 144 882 τοῦτο
155 853 324 888 λογίζεσθαι,
336 854 377 880 ὅτι
392 852 472 884 αὐτὸς
487 852 517 879 οὺ
535 851 697 879 πιστεύεται
712 852 802 887 μόνος.

355 930 473 958 ΚΔΝΩΝ
485 929 571 958 ΡΛΔ’.

63 1011 75 1028 ι
99 1002 159 1028 Ἵνα
181 1000 230 1036 μὴ,
252 1000 290 1032 ὡς
307 999 398 1035 ἔτυχε,
419 998 481 1025 τινὰ
504 998 624 1034 στερήσῃ
643 997 692 1033 τῆς
714 996 857 1028 κοινωνίας

101 1055 112 1072 ι
131 1047 292 1076 ἐπίσκοπος.
314 1045 372 1078 Ἐφ’
388 1045 450 1070 ὅσον
464 1043 502 1077 τῷ
513 1043 697 1078 ἀφωρισμινῳ
711 1041 749 1077 μὴ
762 1050 858 1068 κοινω-

102 1102 112 1119 ι
130 1093 171 1119 νεῖ
187 1093 201 1118 ό
222 1092 288 1122 ῐδιος
303 1091 451 1120 ἐπίσκοπος
461 1109 468 1121 ,
486 1088 524 1124 τῷ
541 1088 614 1124 αὺτῷ
627 1087 769 1121 ὲπισκόπῳ
783 1086 857 1113 ἄλλοι

101 1148 111 1165 ι
132 1139 170 1173 μὴ
195 1136 457 1171 συγκοινωνήσουσιν
481 1134 642 1160 ἐπίσκοποι·
663 1132 733 1160 ὥστε
757 1133 858 1167 μᾶλλον

102 1193 112 1209 ‹
133 1181 395 1218 παραφυλάττεσθαι
405 1180 451 1207 τὸν
465 1179 615 1205 ἐπίσκοπον
630 1178 668 1213 μὴ
681 1177 772 1211 λέγειν
787 1177 859 1204 κατά

103 1240 112 1256 ι
130 1237 215 1262 τινος,
232 1229 302 1263 ὅπερ
314 1226 482 1259 ἀποδείξεσιν
497 1224 605 1260 ὲλέγεαι
621 1224 688 1259 παρ’
706 1224 812 1259 ἑτέροις
826 1223 857 1250 οὗ

102 1285 111 1302 ι
130 1275 255 1302 δύναται.
270 1283 280 1300 ι

99 1331 240 1358 ΒΑΛΣ.“0
254 1328 465 1366 παρεσιὼπησεν
478 1329 492 1355 ό
508 1327 643 1363 ἀνώτερος
661 1326 764 1358 κανὼν,
781 1321 858 1357 οὗτος

62 1377 239 1412 προήνεγκεν
249 1377 288 1406 είς
300 1374 426 1409 φανερόν.
440 1374 476 1399 Τὸ
488 1372 515 1398 δὲ
532 1371 565 1408 ἦν
581 1373 624 1406 τὸ,
642 1372 706 1398 Ἐὰν
724 1372 761 1406 μὴ
778 1370 859 1405 θελή-

64 1422 124 1457 ego
154 1422 306 1449 ἐπίσκοπος
335 1418 498 1453 κοινωνῆσαι
533 1416 573 1450 τῷ
609 1416 676 1451 παρ’
698 1415 782 1442 αὑτοῦ
805 1415 859 1450 ἀφ-

63 1467 214 1502 ορισθέντι,
229 1466 268 1497 ὡς
280 1464 406 1499 ἔγκλημά
415 1473 440 1491 τι
452 1463 525 1499 αὺτῷ
538 1462 758 1499 ὲξαγορεύσαντι,
773 1462 799 1488 τί
812 1461 859 1489 ἐπὶ

63 1498 104 1548 ετξ)
122 1512 239 1545 τοιούτῳ
261 1498 404 1545 ἐπισκόπῳ
427 1498 571 1544 γενήσεται
591 1498 745 1542 ἀνευλόγως
763 1507 859 1543 ἀφορί-
872 1498 896 1531 (Ξ

66 1566 144 1584 σαντι
161 1557 210 1584 καὶ
231 1555 284 1590 πρὸ
304 1555 452 1590 καταδίκης
468 1555 514 1581 τὸν
529 1554 687 1589 ἄνθρωπονς
708 1553 778 1588 Φησὶ
791 1552 857 1587 γοῦν

65 1605 107 1632 ὅτι
130 1605 179 1631 ἐὰν
199 1602 319 1638 ἁφορίσῃ
340 1602 402 1628 τινὰ
423 1600 586 1635 ἁνευλόγως,
607 1600 651 1635 ἐφ’
676 1600 739 1626 ὅσον
762 1599 857 1635 καιρὸν

65 1652 170 1682 ἐκεῖνος
186 1650 217 1676 οὐ
230 1650 354 1676 κοινωνεῖ
367 1648 406 1683 τῷ
422 1646 607 1682 ἀφορισθέντι,
625 1645 693 1681 μηδὲ
705 1645 802 1680 ἐκείνῳ
819 1644 857 1680 τῷ

66 1697 230 1732 ἀφορίσαντι
248 1695 360 1730 δηλαδὴ,
381 1693 547 1721 κοινωνῶσιν
566 1693 590 1718 οί
609 1692 683 1719 ἄλλοι
701 1691 856 1718 ἐπίσκοποι.

72 1742 187 1776 Ἕπάγει
205 1740 234 1767 δὲ
257 1740 303 1766 καὶ
318 1739 366 1774 τὴν
382 1738 483 1771 αἰτίαν,
500 1738 544 1765 ἵνα
566 1737 605 1773 μὴ
619 1737 712 1771 ταχεῖς
726 1736 773 1762 καὶ
792 1737 860 1762 ἀπε-

69 1783 272 1822 ρίσκεπτοιῖικτι
288 1785 356 1821 πρὸς
369 1784 535 1820 κατηγορίας
549 1785 595 1810 καὶ
609 1783 678 1818 πρὸς
694 1781 857 1817 ἀφορισμὺν,

68 1835 115 1860 καὶ
137 1833 178 1868 μὴ
193 1833 266 1860 κατά
285 1840 365 1858 τινων
381 1832 496 1865 λέγωσιν
519 1830 537 1857 ἃ.
556 1830 661 1864 ἐλέγξαι
675 1830 706 1856 οὺ
721 1828 857 1855 δύνανται.

69 1880 123 1907 Καὶ
139 1879 196 1906 ἀπὸ
217 1879 266 1914 μὲν
282 1877 329 1905 τοῦ
350 1878 483 1913 παρόντος
499 1876 609 1907 κανόνος
627 1875 698 1902 οὕτω
715 1874 859 1906 κολάζεται

68 1927 82 1952 ό
95 1925 251 1959 ἀνευλόγως
262 1924 394 1960 ἀφορίσας
405 1923 565 1954 ἐπίσκοπος.
581 1923 652 1956 Ἐγὼ
662 1921 690 1948 δὲ
703 1920 804 1955 νομίζω
817 1920 858 1946 ὅτι

69 1971 98 1997 οὐ
133 1971 216 2004 μόνον
246 1969 332 1996 ταῦτα
362 1968 433 1996 οὕτω
463 1967 662 2003 κολασθήσεται
695 1968 709 1993 ό
738 1965 860 1996 τοιοῦτος

69 2016 231 2047 ἐπίσκοπος,
242 2014 310 2041 ἀλλὰ
321 2015 368 2041 καὶ
382 2013 427 2040 τοῦ
440 2013 584 2047 ἀνευλόγου
594 2013 690 2039 τούτου
705 2010 859 2047 ἀφορισμοῦ

70 2061 234 2096 λαληθέντος
251 2060 327 2096 παρὰ
341 2059 446 2095 μείζονι
461 2060 593 2094 ἀρχιερεῖ,
608 2059 622 2085 ὁ
634 2059 685 2094 μὲν
702 2057 860 2093 ἀφορισθεὶς

70 2107 222 2143 λυθήσεται
236 2106 283 2133 τοῦ
298 2105 464 2141 ἁφορισμοῦ,
479 2105 493 2131 ό
508 2105 537 2132 δὲ
552 2104 686 2140 ἀφορίσας
700 2103 861 2139 τιμωρηθή-

71 2161 148 2179 σεται
160 2152 234 2178 κατὰ
244 2151 292 2187 τὴν
311 2151 522 2178 Ἰουστινιάνειον
546 2150 663 2185 Νεαρὰν,
676 2149 736 2184 ἤτοι
749 2149 819 2175 κατὰ
830 2148 860 2175 τὺ

71 2200 110 2226 κδ’
124 2199 225 2234 κεφάλ.
241 2198 288 2224 τοῦ
300 2201 324 2225 α’
339 2198 429 2224 τίτλον
442 2197 489 2223 τοῦ
507 2196 532 2231 γ’
545 2196 660 2231 βιϐλίου,
677 2195 691 2222 ὅ
705 2196 750 2222 καὶ⁵
763 2196 792 2221 ὲν
803 2195 862 2222 δια-

71 2246 166 2280 φόροις
191 2245 286 2271 κανόσι
303 2243 490 2279 κατεστρώθη,
512 2243 559 2269 καὶ
578 2242 648 2269 κατὰ
663 2242 709 2268 τὸν
723 2241 744 2268 δ’
761 2242 863 2268 κανόνα

71 2291 121 2327 τῆς
130 2291 152 2323 ζ’
169 2290 291 2317 συνόδου.
306 2290 361 2317 Καὶ
371 2288 506 2323 ἀνάγνωθι
519 2288 565 2315 τὸν
574 2287 693 2314 τοιοῦτον
707 2288 806 2314 κανόνα
816 2288 863 2315 καὶ

71 2338 121 2373 τὴν
137 2337 248 2371 Νεαρὰν
258 2335 496 2371 καταστρωθεῖσαν
506 2335 546 2366 είς
555 2334 603 2369 τὴν
611 2334 757 2369 ἑρμηνείαν
769 2334 862 2368 αὐτοῦ,

71 2384 118 2410 καὶ
131 2382 180 2409 τὸν
197 2380 227 2409 ιδ’
246 2382 346 2408 κανόνα
360 2381 409 2415 τῆς
422 2380 451 2407 ὲν
465 2380 583 2415 Σαρδικῇ
600 2380 722 2407 συνόδου.

56 2439 57 2442 “
105 2437 233 2467 ΖΩΝΔΡ.
253 2439 286 2465 '0
317 2438 531 2474 παρεσιώπησεν
551 2439 565 2465 ὁ
592 2437 720 2472 ἀνωτέρω
759 2445 862 2470 κανων,

70 2485 150 2519 οὗτος
162 2487 333 2523 προήνεγκεν
349 2486 388 2518 εις
404 2485 532 2520 φανερόν.
548 2485 584 2511 Τὸ
597 2484 626 2511 δὲ
638 2482 672 2520 ἧν
683 2484 724 2517 τὸ,
748 2484 810 2512 Ἐὰν
823 2484 862 2520 μὴ

72 2534 330 2569 θέλῃόὲπίσκοπος
355 2531 524 2565 κοινωνῆσαι
541 2530 579 2564 τῷ
604 2531 668 2565 παρ’
699 2530 782 2557 αὑτοῦ
811 2531 864 2564 ἀφ-

73 2579 224 2615 ορισθέντι,
246 2578 283 2609 ὠς
305 2577 432 2612 ἔγκλημά
456 2585 480 2604 τι
503 2576 578 2612 αὑτῷ
597 2576 818 2611 ἐξαγορεύσαντι,
835 2577 862 2603 τι

72 2626 136 2660 περὶ
155 2624 203 2651 τοῦ
213 2623 335 2650 τοιούτου
348 2623 593 2658 οἰκονομηϐήσεται
609 2632 617 2656 ;
640 2623 709 2657 Φησὶ
732 2621 797 2656 γοῦν
809 2622 861 2656 ὅτι,

72 2673 121 2698 liv
135 2671 260 2706 ἀφορισῃ
288 2669 350 2697 τινὰ
361 2670 392 2696 οὺ
406 2669 532 2701 δικαίως,
546 2669 589 2703 ἔφ’
604 2669 667 2696 ὅσον
681 2669 778 2703 καιρὸν
791 2669 862 2695 ἐκεῖ·

73 2726 117 2749 νος
126 2718 157 2744 οὐ
164 2717 290 2744 κοινωνει
299 2715 337 2752 τῷ
350 2715 536 2751 ἀφορισθέντι,
547 2715 613 2750 μηδὲ
622 2715 727 2750 ἐκείνῳ,
744 2714 783 2750 τῷ
795 2714 863 2749 ἀφο-

76 2761 299 2799 ρίσαντιδηλαδὴ.
309 2762 473 2789 κοινωνῶσιν
480 2762 503 2788 οἱ
513 2761 587 2788 ἄλλοι
598 2762 753 2789 ἐπίσκοποι·
763 2761 861 2795 ἐπάγει

75 2810 102 2837 δι
121 2811 169 2837 καὶ
184 2809 237 2844 τὴν
260 2808 361 2842 αἰτίαν,
376 2808 421 2837 ῐνα
437 2809 474 2844 μὴ
487 2810 579 2844 ταχεῖς
599 2809 647 2835 καὶ
660 2809 860 2844 ἀπερίσκεπτοι

216 2856 353 2887 mnos.
369 2857 426 2886 Gn.
451 2856 646 2886 CXXXVIII.

908 206 979 234 illius
1002 207 1219 234 communionem
1260 206 1403 234 admittere
1432 213 1543 233 necesse
1570 205 1690 238 habeat;

907 252 1031 286 quamvis
1047 252 1080 280 ab
1093 259 1123 279 ea
1141 251 1386 280 communicatione
1406 258 1435 278 se
1461 252 1598 279 abstinere
1622 251 1692 278 velle

907 297 1084 331 proﬁteatur,
1105 305 1139 326 ex
1163 305 1250 332 eaque
1280 297 1475 324 conscientiam
1490 304 1565 325 suam
1590 297 1691 325 offendi

907 348 1045 371 causetur.
1062 343 1112 370 llic
1123 343 1194 371 enim
1208 351 1254 378 per
1269 343 1442 378 σκινδαλμὺν,
1459 348 1505 370 aut
1521 344 1691 376 scandalum,

907 392 954 414 aut
967 389 1142 416 conscientia:
1158 389 1328 416 confessione
1347 388 1430 415 auditi
1445 387 1575 416 facinoris
1597 389 1692 417 conci—

910 437 970 461 tatae
984 441 1016 462 ac
1029 435 1194 470 perturbata!
1212 435 1356 462 tumultum
1373 433 1505 469 intellige.

908 478 1020 506 ARIST.
1041 488 1051 505 ι
1069 479 1200 514 Episcopo
1214 479 1324 511 dicenti,
1341 479 1411 513 quod
1434 479 1537 505 crimen
1553 479 1618 506 mihi
1641 479 1692 506 soli

945 535 955 552 ι
971 525 1076 553 vicinus
1087 525 1227 553 confessus
1239 528 1291 557 est,
1307 524 1331 552 si
1344 524 1450 552 vicinus
1466 524 1614 560 negaverit,
1628 524 1693 553 ﬁdes

946 580 956 598 ι
976 580 1030 600 non
1043 577 1086 602 est
1101 573 1180 600 facile
1197 573 1330 601 habenda.
1353 583 1362 600 1

943 626 1023 656 Fides
1037 629 1164 664 episcopo
1177 636 1230 657 non
1251 634 1294 657 est
1319 628 1444 657 habenda
1476 629 1591 660 dicenti,
1622 631 1692 664 quod

909 675 1027 704 clericus
1041 677 1177 712 quispiam
1196 677 1262 704 mihi
1277 677 1328 705 soli
1342 677 1443 704 crimen
1456 675 1595 704 confessus
1602 680 1654 709 est,
1667 680 1694 702 et

909 722 944 750 ob
956 721 984 749 id
998 723 1083 757 gradu
1099 727 1146 750 aut
1162 723 1352 750 communione
1367 729 1428 749 eum
1454 728 1544 750 arceo.
1569 721 1597 748 Si
1620 722 1692 749 enim

909 773 989 803 negat
1003 769 1059 802 ille,
1075 776 1155 804 quem
1177 768 1330 797 confessum
1345 775 1406 796 esse
1426 768 1510 800 dicit,
1536 775 1589 795 non
1614 768 1694 795 debet

909 824 969 844 eum
983 817 1194 850 condemnare;.
1208 821 1255 843 aut
1284 823 1315 843 se
1335 814 1435 850 injuria
1460 815 1586 842 aﬁectum
1598 814 1693 842 existi-

908 870 993 896 mare,
1008 862 1079 898 quod
1095 862 1146 897 ipsi
1158 861 1208 890 soli
1221 868 1277 889 non
1294 861 1437 889 adhibetur
1457 860 1533 888 ﬁdes.

1151 941 1266 970 CANON
1281 940 1426 969 CXXXIV.

911 1020 920 1036 ι
939 1010 979 1038 Ne
993 1011 1135 1045 episcopus
1151 1014 1254 1037 temere
1269 1008 1422 1043 quempiam
1453 1007 1540 1042 privet
1565 1013 1693 1034 commu-

947 1065 957 1082 ι
977 1055 1067 1082 nione.
1088 1054 1223 1087 Quamdiu
1252 1058 1393 1088 segregati)
1426 1059 1479 1080 non
1514 1051 1695 1079 communicat

947 1109 956 1126 ι
975 1099 1099 1134 proprius
1123 1099 1275 1133 episcopus,
1300 1097 1388 1126 c‘idem
1417 1097 1543 1132 episcopo
1570 1095 1615 1123 alii
1640 1103 1693 1123 non

948 1155 957 1171 ‹
973 1143 1211 1173 communicahunt
1241 1142 1360 1178 episcopi
1387 1150 1396 1170 :
1422 1146 1452 1169 ut
1485 1141 1572 1176 magis
1599 1145 1695 1168 caveat

949 1200 959 1217 ι
977 1191 1128 1226 episcopus,
1149 1197 1182 1217 ne
1196 1189 1325 1216 adversus
1344 1187 1461 1222 aliquem
1475 1187 1548 1214 dicat
1560 1186 1586 1214 id
1598 1206 1607 1220 ,
1622 1186 1693 1221 quod

947 1246 955 1263 ι
973 1236 1144 1264 documentis
1156 1234 1270 1270 probare
1284 1233 1352 1269 apud
1367 1233 1436 1260 alios
1449 1240 1502 1260 non
1518 1235 1616 1266 potest.
1630 1241 1639 1258 ι

945 1337 1042 1366 BALS.
1057 1336 1133 1370 Quod
1149 1335 1273 1370 Superior
1291 1341 1377 1362 canon
1403 1332 1616 1367 praetermiserat
1627 1351 1635 1362 ,
1652 1331 1696 1358 hic

910 1383 935 1411 in
950 1387 1071 1418 apertum
1090 1381 1209 1417 protulit.
1234 1381 1263 1407 Id
1279 1383 1370 1407 autem
1386 1382 1444 1406 erat
1459 1386 1467 1405 :
1489 1378 1517 1405 Si
1529 1377 1614 1404 noluit
1636 1376 1695 1411 epi-

909 1437 1007 1464 scopus
1019 1429 1043 1455 ei
1061 1427 1265 1456 communicare
1284 1425 1330 1460 qui
1348 1432 1363 1451 a
1379 1431 1408 1452 se
1423 1427 1579 1458 segregatus
1593 1425 1650 1454 est,
1666 1427 1696 1449 ut

910 1475 955 1510 qui
973 1475 1022 1510 ipsi
1039 1473 1148 1508 aliquod
1165 1472 1269 1499 crimen
1294 1471 1393 1498 dixerit
1408 1478 1415 1496 :
1432 1469 1496 1504 quid
1521 1469 1544 1495 ei
1573 1468 1618 1495 lict
1638 1467 1696 1500 epi-

911 1528 1002 1555 scopo,
1018 1521 1062 1555 qui
1080 1519 1180 1553 injuria
1196 1522 1260 1545 ante
1275 1514 1527 1544 condemnationem
1553 1512 1690 1541 hominem

911 1565 1082 1601 segregavit?
1098 1564 1167 1592 Dicit
1179 1570 1254 1598 ergo,
1269 1561 1341 1597 quod
1355 1561 1378 1588 si
1395 1560 1512 1595 aliquem
1532 1559 1631 1593 injuria
1647 1566 1691 1586 se-

911 1612 1054 1648 gregavit,
1079 1610 1206 1644 quamdiu
1235 1609 1279 1641 ei,
1307 1607 1353 1643 qui
1379 1610 1535 1642 segregatus
1556 1609 1617 1637 est,
1641 1612 1695 1632 non

911 1658 1102 1690 communicat,
1122 1663 1171 1684 nec
1192 1655 1242 1688 illi,
1258 1654 1303 1689 qui
1325 1652 1478 1698 segregavit
1501 1652 1624 1683 scilicet,
1650 1650 1696 1678 alii

911 1703 1151 1733 communicahunt
1165 1700 1296 1737 episcopi.
1311 1698 1455 1734 Subjungit
1471 1697 1551 1725 etiam
1563 1703 1674 1724 causam
1687 1716 1695 1728 ,

911 1757 945 1777 ne
960 1749 1113 1784 praecipites
1140 1748 1195 1775 sint
1216 1751 1243 1774 et
1257 1743 1452 1773 inconsiderati
1473 1743 1500 1770 in
1523 1742 1697 1769 accusatione

911 1799 939 1823 et
961 1793 1105 1829 inﬂigenda
1115 1791 1301 1828 segregatione
1316 1794 1362 1818 :et
1388 1796 1422 1817 ne
1445 1789 1538 1816 dicant
1567 1787 1696 1815 adversus

913 1839 1028 1875 aliquos,
1040 1846 1100 1874 qua:
1117 1838 1233 1873 probare
1250 1844 1302 1863 nou
1318 1839 1443 1870 possunt.
1463 1834 1496 1861 Et
1523 1840 1537 1860 a
1566 1832 1696 1868 praesenti

912 1886 1019 1922 quidem
1035 1891 1138 1912 canone
1157 1884 1198 1911 sic
1211 1883 1322 1918 punitur
1338 1881 1481 1916 episcopus
1495 1900 1502 1912 ,
1530 1879 1575 1914 qui
1596 1878 1696 1912 injuste

913 1931 1074 1967 segregavit.
1094 1931 1149 1965 Ego
1163 1934 1252 1956 autem
1269 1928 1405 1960 existimo,
1418 1926 1488 1961 quod
1501 1926 1524 1953 is
1541 1925 1697 1960 episcopus,

913 1986 966 2006 non
982 1978 1068 2005 solum
1082 1976 1122 2003 sic
1136 1975 1265 2010 punietur
1276 1994 1285 2008 ,
1307 1973 1354 2001 sed
1373 1977 1401 2000 et
1424 1971 1493 1999 dicta
1510 1970 1698 2006 segregatione

913 2024 1008 2059 majori
1022 2023 1139 2050 antistiti
1155 2021 1287 2055 exposita,
1302 2020 1326 2047 is
1345 2018 1465 2054 quidem,
1478 2017 1524 2051 qui
1541 2020 1583 2044 est
1603 2022 1696 2050 segre-

913 2075 1001 2104 gatus,
1020 2076 1033 2096 a
1048 2068 1234 2103 segregatione
1249 2066 1369 2093 solvetur
1388 2073 1396 2091 :
1418 2063 1464 2098 qui
1490 2067 1579 2090 autem
1606 2068 1697 2096 segre-

913 2115 1000 2150 gavit,
1021 2114 1147 2149 punietur
1161 2112 1305 2140 secundum
1320 2109 1463 2138 Justiniani
1482 2107 1613 2135 novellam
1625 2127 1633 2140 ,
1649 2113 1695 2133 seu

876 2173 899 2201 υ
913 2160 1061 2189 secundum
1086 2159 1246 2186 vicesimum
1260 2161 1388 2192 quartum
1411 2159 1491 2189 caput
1513 2153 1596 2189 669
1616 2151 1697 2187 primi

915 2206 985 2233 tituli
1002 2205 1072 2232 tertii
1085 2204 1158 2236 libri,
1173 2203 1244 2237 quod
1255 2203 1339 2230 etiam
1365 2201 1393 2227 in
1411 2199 1525 2227 diversis
1547 2197 1697 2226 cauouibus

913 2252 995 2278 situm
1013 2255 1074 2283 est;
1087 2254 1114 2276 et
1127 2248 1274 2276 secundum
1291 2251 1418 2281 quartum
1434 2250 1564 2272 canonem
1576 2242 1696 2277 septimae

913 2295 1020 2332 synodi.
1037 2294 1069 2321 Et
1084 2294 1141 2327 lege
1156 2293 1228 2320 hunc
1242 2298 1372 2319 canonem
1402 2293 1429 2316 et
1452 2287 1590 2316 Novellam
1616 2286 1696 2314 sitam

913 2331 940 2369 in
954 2341 1014 2376 ejus
1030 2338 1269 2375 interpretatione;
1287 2341 1314 2364 et
1330 2343 1391 2364 can.
1411 2334 1443 2362 ιι
1467 2333 1567 2362 sardic.
1589 2331 1695 2367 synodi.

949 2441 1074 2470 ZONAB.
1089 2440 1167 2474 Quod
1184 2439 1294 2467 silentio
1316 2444 1442 2473 superior
1464 2442 1550 2463 canon
1576 2437 1693 2464 texerat,

912 2489 958 2516 hic
973 2488 999 2515 in
1019 2491 1143 2522 apertum
1164 2485 1286 2521 protulit.
1299 2483 1329 2511 Id
1344 2488 1436 2510 autem
1461 2485 1521 2509 erat
1544 2477 1696 2514 ejusmodi;

914 2532 942 2560 Si
963 2521 1197 2566 nolitgepiscopus
1209 2530 1234 2557 ei
1262 2528 1483 2559 communicare',
1510 2532 1589 2559 quem
1619 2521 1696 2557 quasi

913 2578 1028 2606 crimina
1058 2577 1109 2612 ipsi
1132 2577 1286 2604 confessum
1302 2573 1464 2613 segregavit,
1480 2571 1546 2607 quid
1565 2569 1627 2597 huic
1645 2567 1696 2600 ipsi

913 2625 1042 2659 episcopo
1057 2622 1125 2650 lict?
1143 2621 1298 2656 Respondet
1324 2620 1417 2655 igitur,
1436 2617 1509 2653 quod
1533 2615 1556 2643 si
1579 2614 1696 2648 aliquem

913 2671 1010 2705 injuria
1027 2669 1191 2705 segregavit,
1208 2668 1330 2703 quandiu
1354 2666 1390 2699 ei,
1406 2665 1452 2700 qui
1469 2666 1627 2698 segregatus
1642 2663 1695 2690 est.

913 2717 971 2751 ipse
987 2722 1040 2743 non
1058 2716 1261 2748 communicat;
1278 2721 1328 2741 nec
1343 2712 1380 2739 illi
1397 2709 1522 2738 videlicet
1537 2707 1582 2742 qui
1600 2712 1697 2740 segre-

913 2763 987 2799 gavit
1009 2763 1055 2790 alii
1081 2761 1203 2797 episcopi
1239 2757 1502 2788 commuuicabunt;
1530 2759 1697 2787 causamque

913 2814 1043 2846 praeterea
1071 2809 1224 2840 subnectit;
1239 2814 1273 2834 ne
1286 2806 1312 2833 in
1327 2804 1502 2832 accusatione
1529 2799 1696 2836 segregatioo

1506 2848 1540 2880 14
