1909 3075
223 93 271 122 127
281 106 283 108 ·
850 92 986 123 THEOD.

1065 92 1212 124 LSAMON

1793 96 1843 128 428

223 157 309 185 neque
340 149 484 185 infligenda
500 139 651 185 piacipites
667 155 693 178 et
713 150 907 178 inconsiderati
930 151 988 178 sint

1065 148 1103 178 Im
1119 152 1187 187 πρδς
1216 152 1384 188 κατηγορίαν
1399 153 1446 180 καὶ
1462 154 1530 190 πρὸς
1554 154 1718 190 ἀφορισμὸν,
1743 156 1792 183 καὶ
1804 158 1843 192 μὴ

222 204 288 224 neve
315 196 439 231 cuiquam
468 196 598 232 objiciant
621 203 669 229 ea,
687 203 747 231 qua:
768 202 862 233 postea
889 198 1004 232 probare

223 251 277 269 non
295 245 408 277 possint.

220 286 333 315 ARIST.
355 296 364 313 1
385 288 535 324 Episcopus
552 295 624 321 eum.
637 290 683 324 qui
703 297 757 317 non
787 290 927 317 convictus
949 293 999 322 est,

255 344 264 360 1
283 335 476 362 communione
494 335 616 370 privans,
629 340 654 362 et
668 335 727 370 ipse
744 335 858 362 aliorum
874 335 1001 363 similiter

257 389 266 405 1
286 381 476 408 communione
492 381 654 416 privabitur.
670 391 679 407 1

257 428 286 455 Si
310 428 372 464 quis
389 429 532 463 episcopus
545 429 673 456 clericum
691 436 769 457 suum
804 429 1000 465 segregaret-it,

218 474 364 502 criminum
379 482 432 502 non
449 475 613 509 convictum.
629 476 676 503 sed
702 483 750 503 sua
768 475 824 504 sola
836 476 1001 503 condemna-

218 526 273 547 tum
300 521 476 554 conscientia,
504 521 690 556 segregabitur
704 527 732 550 et
756 522 823 556 ipse,
843 526 870 549 et
885 521 998 549 aliorum

217 567 404 601 episcoporum
444 567 636 594 communione
674 567 846 602 privabitur;
875 572 905 595 ut
935 566 997 593 illud

216 613 384 645 observetur,
401 620 435 639 ne
451 612 528 640 facile
539 617 635 640 centra
649 613 806 649 quempiam
821 613 905 645 dicat,
921 612 996 648 quod

217 660 333 693 probare
345 666 398 687 non
416 663 516 693 potest.

468 758 587 786 CANON
606 759 736 787 CXXXV.

216 813 225 830 1
245 803 370 831 Aurelius
391 804 534 839 episcopus
561 804 632 831 dixit
662 812 669 832 :
694 803 847 832 Secundum
875 811 919 838 ea,
934 811 995 839 quae

1055 199 1126 226 κατά
1147 207 1231 226 τινων
1249 198 1376 234 λέγωσιν,
1390 199 1409 227 ἃ
1423 199 1532 235 ἐλέγξαι
1546 201 1578 227 οὺ
1589 201 1729 230 δύνανται.

1052 287 1165 314 ΔΡΙΣΤ.
1189 297 1199 314 ι
1223 288 1275 315 Τὸν
1306 288 1344 324 μὴ
1370 288 1532 324 ἐλεγχθέντα
1547 291 1692 322 κοινωνίας
1705 292 1841 327 στερήσεις

1091 343 1101 361 1
1122 335 1282 369 ἐπίσκοπος,
1314 337 1450 372 στερεῖσαι
1482 337 1530 364 καὶ
1561 338 1640 370 αὐτὸς
1657 339 1709 374 τῆς
1738 340 1842 375 ἑτέρων

1090 389 1100 407 1
1123 381 1236 415 ὁμοίως.
1259 390 1269 407 ι

1087 427 1122 454 Εί
1136 436 1178 459 τις
1206 428 1358 461 ἐπίσκοπος
1385 430 1516 465 κληρικον
1535 431 1618 458 αὑτοῦ
1640 431 1780 468 ἀφορίσει,
1802 431 1840 467 μὴ

1051 472 1214 508 ἐλεγχθέντα
1230 475 1276 500 ἐπὶ
1293 475 1456 510 πταίσματι,
1467 476 1525 502 ἀλλ’
1538 477 1570 502 ἐκ
1586 477 1671 513 μόνης
1686 478 1735 513 τῆς
1754 478 1840 505 αὑτοῦ

1051 520 1252 554 κατακριθέντα
1282 521 1471 556 συνειδήσεως,
1495 523 1710 558 ἀφορισθήσεται
1725 524 1774 550 καὶ
1788 525 1840 551 αὺ-

1049 566 1105 597 τὸς,
1121 566 1167 591 καὶ¹
1182 566 1231 600 τῆς
1242 565 1296 592 τῶν
1311 567 1399 594 ἄλλων
1422 568 1581 595 ἐπισκόπων
1613 570 1756 601 κοινωνίας
1770 571 1840 597 ἀπο-

1050 611 1264 647 στερηθήσεται·
1294 612 1332 644 ὡς
1357 613 1391 639 ἂν
1417 614 1710 650 παραφυλάττηταιτδ
1738 616 1778 652 μὴ
1791 617 1839 643 εὑ-

1048 655 1137 690 χιρῶς
1163 658 1235 683 κατά
1260 665 1335 688 τινος
1362 657 1454 692 λέγειν
1480 659 1550 695 ὅπερ
1573 661 1768 695 ἁπελέγξαιοὺ
1792 662 1839 688 δύ-

1047 709 1136 728 ναται.

1326 750 1447 778 ΚΛΝΩΝ
1466 751 1551 780 PAE'.

1049 802 1059 820 1
1082 794 1218 830 Αὐρήλιος
1237 795 1386 829 ἐπίσκοπος
1402 796 1480 825 εἶπεν
1497 806 1505 815 ο
1539 799 1620 826 Κατὰ
1637 799 1671 826 τὰ
1688 799 1837 835 ὁρισθέντα

252 859 261 876 1
280 851 362 877 totius
375 850 469 886 synodi
495 855 662 885 congregata;
679 858 799 885 measque
821 850 989 878 mediocrita-

1083 850 1093 867 1
1114 843 1147 877 τῇ
1164 841 1261 878 γνώμῃ
1279 843 1368 878 πάσης
1386 844 1435 877 τῆς
1449 845 1694 880 συναθροισθείσης
1709 846 1835 879 συνόδου,

251 905 259 921 1
280 896 315 923 tis
331 896 465 923 sententia
482 896 591 923 definita
617 901 691 928 sunt,
706 897 795 931 placet
810 896 931 923 omnium
948 903 993 923 re-

247 953 256 968 1
277 950 336 970 rum
362 943 438 977 prius
454 942 583 970 declarati
599 942 711 976 perfecti
729 941 800 969 tituli
822 941 913 969 facere
929 949 993 968 con-

248 998 259 1014 1
280 988 441 1021 clusionem,
478 993 506 1016 et
531 989 674 1023 praesentis
706 988 760 1015 dici
788 987 992 1015 constitutionis

248 1043 257 1060 1
276 1039 421 1061 tractatum
448 1038 508 1061 acta
525 1033 710 1061 ecclesiastica
726 1034 881 1068 suscipiant
904 1042 910 1060 :
930 1039 991 1066 qua).

244 1090 254 1107 1
275 1086 366 1108 autem
383 1081 501 1108 nondum
523 1085 778 1116 suntpertractata,
800 1080 843 1107 die
867 1079 990 1113 sequenti

248 1136 257 1153 1
279 1135 328 1161 per
355 1127 454 1154 fratres
477 1131 598 1159 nostros,
623 1126 784 1153 Faustinum
813 1126 989 1160 episcopum,

248 1183 257 1199 1
282 1173 435 1208 Philippum
448 1177 478 1200 et
504 1172 624 1200 Asellum
640 1173 822 1206 presbyteros,
837 1170 990 1198 venerando

246 1227 257 1244 1
276 1218 353 1245 fratri
369 1222 395 1244 ct
410 1217 570 1251 coepiscopo
586 1221 678 1244 nostro
703 1216 841 1243 Bonifacio
855 1215 988 1242 rescribe-

247 1272 257 1288 1
278 1271 348 1289 mus.
376 1263 410 1289 Et
435 1262 676 1296 subscripserunt:
693 1261 818 1289 Aurelius
846 1261 989 1295 episcopus

244 1318 254 1334 1
276 1308 318 1335 his
345 1309 516 1336 decretorum
545 1309 613 1335 actis
630 1315 646 1334 a
670 1308 748 1336 nobis
778 1308 911 1341 susceptis
924 1306 989 1333 sub-

243 1364 254 1380 1
270 1355 378 1389 scripsi.

248 1499 257 1514 1
276 1488 433 1515 Valentinus
465 1488 608 1522 episcopus
624 1487 719 1522 primae
744 1486 878 1514 cathedrae
893 1485 986 1512 Numi-

206 1543 216 1559 1
239 1535 305 1561 dicae
322 1534 440 1568 regionis
457 1534 499 1561 his
512 1534 580 1561 actis
596 1533 756 1568 subscripsi.

241 1631 250 1647 1
271 1620 416 1648 Faustinus
447 1621 589 1655 episcopus
603 1619 752 1646 Potentinai
778 1619 912 1649 Ecclesiae,
927 1626 987 1652 pro-

206 1676 214 1692 1
235 1667 330 1694 vincite
360 1666 463 1700 Piceni,
490 1666 594 1702 legatus
625 1665 754 1693 Romam:
779 1658 918 1695 Ecclesiae,
944 1664 985 1690 his

206 1722 215 1738 1
237 1712 303 1740 auis
318 1711 476 1747 subscripsi.

248 1811 257 1828 1
277 1802 390 1837 Alypius
415 1801 562 1836 episcopus
588 1799 780 1835 Thagatensis,
801 1799 904 1834 legatus
919 1805 984 1833 pro-

204 1859 214 1875 1
233 1849 327 1877 vincite
342 1848 483 1881 Numidia),
500 1848 542 1875 his
556 1847 624 1874 actis
637 1847 803 1882 subscripsi.

241 1946 431 1980 1Augustinus
460 1945 601 1981 episcopus
642 1943 848 1980 Hipponensis,
876 1944 981 1979 legatus

203 2003 211 2019 1
235 1992 380 2028 provincia:
393 1991 536 2024 Numidiae,
549 1991 590 2018 his
604 1991 671 2018 actis
683 1991 841 2018 subscripsi.

239 2091 248 2107 1
268 2080 404 2109 Possidius
427 2081 569 2116 episcopus
597 2080 778 2112 Calamensis,
798 2079 903 2115 legatus
917 2085 982 2114 pro-

205 2137 216 2153 1
235 2128 329 2155 vincia:
342 2127 485 2161 Numidiae,
500 2127 545 2154 hic
557 2127 627 2153 actis
639 2126 799 2154 subscripsi.

238 2225 248 2242 1
268 2216 481 2244 Fortunatianus
497 2214 705 2250 Neapolitanus,
719 2216 761 2245 his
779 2217 848 2245 actis
863 2218 982 2247 subscri-

199 2273 209 2289 1
227 2263 279 2298 psi.

239 2319 247 2335 1
264 2308 394 2336 Ruﬁanus
428 2308 639 2337 Musuensianus
655 2328 664 2342 ,
693 2309 737 2338 his
768 2310 836 2339 actis
862 2311 982 2341 subscri-

199 2365 208 2381 1
229 2355 280 2390 psi.

237 2409 245 2424 1
265 2399 443 2426 Praetextatus
465 2398 651 2434 Sicilibensis,
682 2401 727 2429 his
758 2402 826 2431 actis
854 2403 977 2431 subscri-

198 2455 207 2472 1
228 2447 283 2481 psi.

234 2491 462 2524 1Quodvnlt1leus
499 2491 648 2527 Verensis,
679 2494 722 2522 his
752 2496 822 2523 actis
858 2495 978 2524 subscri-

196 2547 206 2564 1
224 2538 274 2572 psi.
499 2568 501 2570 η

239 2593 249 2609 1
269 2582 406 2612 Candidus
417 2583 581 2618 Germaniae,
600 2585 643 2613 his
662 2586 730 2613 actis
745 2586 905 2621 subscripsi.

238 2683 247 2699 1
266 2673 393 2701 (Solonius
411 2674 557 2708 L‘ticensis,
575 2675 618 2702 his
628 2675 697 2703 actis
712 2675 873 2711 subscripsi.

227 2774 236 2790 1
257 2764 434 2794 Maximianus
461 2764 654 2800 Acvrogensis,
685 2766 726 2795 his
755 2766 825 2796 actis
848 2768 970 2797 subscri-

195 2820 203 2836 1
224 2819 275 2842 pst.

1081 895 1091 913 1
1115 888 1220 922 καὶτῆς
1233 887 1303 922 ἐμῆς
1320 889 1511 924 μετριότητος,
1525 890 1639 923 ἀρέσκει
1655 891 1767 917 πάντων
1780 891 1835 917 τῶν

1080 941 1090 959 1
1112 934 1283 968 πραγμάτων
1301 934 1349 960 τοῦ
1380 935 1601 969 προδηλωθέντος
1626 936 1768 968 ὁλοτελοῦς
1793 937 1834 963 τί·

1081 986 1091 1003 1
1111 978 1174 1005 τλου
1187 979 1297 1013 ποιῆσαι
1309 979 1338 1005 τὸ
1365 979 1563 1015 συμπέρασμα,
1582 981 1629 1007 καὶ
1642 982 1692 1015 τὴν
1711 982 1832 1016 συζήτη-

1081 1031 1090 1049 1
1115 1031 1157 1050 σιν
1187 1024 1236 1059 τῆς
1252 1024 1446 1056 διατυπώσεως
1460 1026 1509 1059 τῆς
1524 1026 1665 1060 παρούσης
1678 1027 1789 1061 ἡμέρας
1800 1028 1833 1054 τὰ

1080 1077 1089 1094 ι
1112 1067 1326 1103 έκχλησιαστικὰ
1343 1070 1526 1104 πεπραγμένα
1537 1071 1732 1103 ἀναδέξωνται·
1750 1072 1833 1100 ἅτινα

1079 1122 1089 1139 1
1113 1113 1141 1140 δὲ
1151 1115 1244 1148 ἀκμὴν
1263 1115 1313 1140 οὐκ
1326 1115 1571 1150 ἑπεξεργάσθησαν
1594 1118 1627 1152 τῇ
1656 1117 1720 1151 ἑξῆς
1738 1119 1833 1154 ἡμέρᾳ

1078 1167 1088 1185 ι
1111 1159 1155 1185 διὰ
1170 1160 1224 1186 τῶν
1246 1159 1368 1193 ἀδελφῶν
1382 1161 1472 1195 ἡμῶν,
1490 1162 1640 1188 Φαυστίνου
1652 1163 1699 1188 τοῦ
1716 1164 1833 1191 ἐπισκό-

1078 1214 1088 1231 ι
1110 1214 1173 1237 που,
1189 1205 1322 1232 Φιλίππου
1339 1206 1386 1232 καὶ
1407 1207 1532 1233 ’Δσέλλου
1548 1209 1601 1234 τῶν
1615 1209 1829 1244 πρεσϐυτέρων,

1077 1260 1088 1276 1
1109 1251 1148 1286 τῷ
1164 1251 1347 1286 προσκυνητῷ
1362 1252 1472 1288 ἁδελφῷ
1483 1253 1530 1279 καὶ
1543 1255 1737 1289 συνεπισκόπῳ
1751 1256 1833 1290 ήμῶν

1077 1297 1261 1331 ιΒονιφατίῳ
1298 1297 1513 1332 ἀντιγράψομεν.
1555 1300 1611 1326 Καὶ
1650 1300 1831 1336 ὑπέγραψαν

1080 1352 1090 1369 1
1113 1343 1248 1378 Αὐρήλιος
1265 1342 1411 1374 ἐπίσκοπος
1423 1345 1477 1375 τοῖς
1495 1344 1612 1379 παροῦσι
1626 1345 1681 1371 τῶν
1689 1347 1762 1381 ὅρων
1782 1355 1832 1373 πε-

1077 1397 1086 1414 1
1109 1388 1278 1424 πραγμένοις
1305 1389 1362 1420 τοῖς
1386 1389 1452 1424 παρ’
1481 1390 1547 1425 ἡμῖν
1575 1391 1732 1426 δεχομένοις
1779 1393 1832 1419 ὺπ-

1077 1443 1086 1459 1
1110 1433 1231 1469 έγραψα.

1076 1479 1259 1511 «Βαλεντῖνος
1297 1478 1348 1514 τῆς
1377 1479 1489 1516 πρώτης
1518 1481 1652 1515 καθέδρας
1676 1483 1832 1517 ἐπίσκοπος

998 1515 1020 1546 C
1041 1534 1049 1551 1
1071 1525 1121 1560 τῆς
1132 1525 1309 1560 Νουμηδικῆς
1323 1526 1415 1561 χώρας
1432 1515 1489 1558 τοῖς
1517 1528 1635 1563 παροῦσι
1653 1515 1827 1576 πεπραγμέζ

1069 1581 1123 1602 νοις
1141 1571 1298 1606 ὑπέγραψα.

1075 1626 1084 1642 1
1106 1617 1255 1648 Φαυσῑῖνος
1284 1617 1435 1649 ἐπίσκοπος
1461 1618 1510 1654 τῆς
1527 1620 1689 1657 Ποτεντινῆς
1708 1622 1830 1660 Ἐκκλη-

1038 1671 1047 1688 1
1073 1663 1142 1695 σίας,
1169 1663 1305 1698 ἐπαρχίας
1329 1664 1453 1697 Πικένου,
1473 1669 1666 1703 τοποτηρητὴς
1685 1669 1738 1704 τῆς
1759 1670 1829 1698 Ῥω.

1039 1717 1047 1733 ι
1073 1709 1174 1743 μαϊκῆς
1196 1709 1368 1743 Ἑκκλησίας,
1399 1712 1456 1742 τοῖς
1482 1712 1602 1749 παροῦσι
1617 1722 1829 1751 πεπραγμένοις

1038 1764 1047 1780 1
1073 1755 1086 1781 ὑ
1093 1755 1230 1790 πέγραψα.
1257 1757 1259 1761 ’

1072 1810 1081 1826 1
1112 1801 1236 1833 ’Λλύπιος
1259 1802 1407 1836 ἐπίσκοπος
1429 1804 1614 1843 Θυγατένσης,
1631 1809 1827 1845 τοποτηρητὴς

1038 1855 1046 1872 ι
1070 1847 1302 1883 τῆ.;Νουμηδικῆς
1323 1849 1425 1885 χώρας,
1453 1853 1509 1883 τοῖς
1524 1851 1643 1886 παροῦσι
1659 1856 1826 1889 πεπραγμέ-

1038 1902 1047 1919 ι
1071 1902 1126 1925 νοις
1144 1894 1301 1929 ὑπέγραψα.

1074 1949 1083 1965 1
1106 1941 1288 1974 Αὑγουσπῖνος
1313 1943 1463 1977 ἐπίσκοπος
1473 1945 1618 1982 Ἰππώνης,
1633 1948 1825 1984 τοποτηρητὴς

1037 1994 1046 2011 ι
1070 1985 1119 2020 τῆς
1149 1987 1324 2023 Νουμηδικῆς
1351 1990 1507 2024 ἐπαρχίας,
1536 1993 1592 2022 τοῖς
1623 1993 1746 2028 παροῦσι
1773 2003 1824 2021 πε-

1037 2041 1045 2057 1
1070 2033 1240 2067 πραγμένοις
1254 2034 1411 2069 ὑπέγραψα.

1069 2086 1080 2103 1
1105 2078 1226 2110 Ποσίδιος
1240 2080 1391 2112 ἐπίσκοπος
1414 2082 1608 2118 Καλαμὲνσης,
1629 2086 1822 2122 τοποτηρητὴς

1035 2132 1045 2149 1
1067 2124 1116 2158 τῆς
1135 2124 1310 2160 Νουμηδικῆς
1325 2127 1458 2162 ἐπαρχίας
1475 2131 1533 2161 τοῖς
1553 2130 1673 2165 παροῦσι
1690 2140 1822 2168 πεπραγ-

996 2187 1018 2215 D
1036 2178 1045 2195 1
1070 2171 1160 2204 μένοις
1170 2171 1328 2205 ὑπέγραψα.

1071 2224 1080 2241 ι
1101 2216 1347 2249 Φουρτουνατιανδς
1372 2217 1544 2255 Νεαπολίτης
1566 2220 1622 2253 τοῖς
1639 2221 1758 2256 παροῦσι
1776 2231 1821 2249 πε-

1035 2271 1044 2287 1
1068 2263 1236 2297 πραγμένοις
1269 2264 1426 2299 ὑπέγραψα.

1069 2316 1079 2334 1
1108 2309 1268 2343 Ῥουφιανὺς
1296 2309 1543 2346 Μουζουενσιανὸς,
1566 2314 1624 2344 τοῖς
1637 2315 1757 2349 παροῦσι
1772 2323 1819 2341 πε-

1035 2363 1044 2380 1
1069 2356 1238 2389 πραγμὲνοις
1250 2357 1407 2392 ὑπέγραψα.

1069 2409 1078 2426 1
1105 2401 1305 2435 Πραιτεξτάτος
1332 2402 1528 2440 Σικηλιῦενσης
1553 2406 1608 2437 τοῖς
1622 2405 1741 2441 παροῦσι
1768 2415 1818 2434 πε-

1033 2453 1043 2473 ι
1066 2447 1236 2482 πραγμένοις
1251 2449 1406 2485 ὑπέγραψα.

1065 2502 1077 2518 1
1100 2493 1331 2527 Κοοοδὸουλτδὲος
1345 2496 1464 2532 Βερίσης
1476 2498 1533 2530 τοῖς
1547 2500 1666 2535 παροῦσι
1688 2509 1818 2538 πεπραγ-

1030 2547 1039 2564 ι
1067 2539 1157 2573 μένοις
1173 2540 1330 2576 ὑπέγραψα.

1067 2593 1077 2610 1
1102 2585 1231 2618 Κάνδιδος
1262 2587 1417 2622 Γερμανίας
1432 2590 1489 2622 τοῖς
1507 2591 1627 2628 παροῦσι
1647 2594 1814 2629 πεπραγμέ-

1032 2641 1041 2657 1
1064 2640 1120 2664 νοις
1137 2633 1297 2669 ὑπέγραψα.

1065 2686 1074 2702 ι
1099 2678 1236 2711 Κολώνιος
1260 2680 1431 2718 Οὺτικένσης
1443 2683 1500 2714 τοῖς
1522 2683 1640 2720 παροῦσι
1654 2686 1814 2720 πεπραγμέ-

1028 2732 1038 2749 1
1060 2731 1114 2755 νοις
1129 2724 1284 2760 ὑπέγραψα.

1064 2778 1074 2794 1
1098 2769 1271 2804 Μαξιμιανὺς
1291 2773 1545 2812 ’Λκυρεγενςίωτης
1565 2777 1621 2810 τοῖς
1634 2777 1754 2813 παροῦσι
1767 2785 1815 2805 πε-

1061 2824 1073 2841 1
1097 2817 1264 2849 πραγμὲνοις
1281 2819 1435 2852 ὑπέγραψα.
