1909 3075
97 148 164 179 429

100 260 111 276 1
138 251 293 286 Βυξακινῆς
304 253 451 289 ἐπαρχίας,
477 257 534 288 τοῖς
550 257 669 292 παροῦσι
685 258 892 293 πεπραγμένοις

100 305 112 321 1
139 296 301 332 ὑπέγραψα.

142 351 153 367 1
175 343 352 378 Μαξιμιανδς
374 347 567 381 τοποτηρητὴς
588 347 638 382 τῆς
661 348 830 384 Βυζακηνῶν
844 349 892 376 ὲπ-

100 396 110 412 1
138 389 237 423 αρχίας
253 391 311 421 τοῖς
335 391 453 425 παροῦσι
474 393 682 428 πεπραγμένοις
697 394 854 429 ὑπέγραψα.

141 443 151 459 1
180 434 334 470 Ἱλαριανὸς
372 437 584 471 Ὠραιοκέλλος,
624 440 815 475 τοποτηρητὴς
843 439 894 474 τῆς

99 489 108 506 1
135 481 292 516 Βυζακινῆς
319 481 431 518 χώρας,
463 485 521 515 τοῖς
542 484 662 520 παροῦσι
685 486 893 521 πεπραγμένοις

97 536 107 552 1
133 527 291 561 ὑπέγραψα.

135 583 147 600 1
169 575 301 606 Νινέλ).ος
322 575 602 612 Ῥουσουρρηανίτης,
625 577 675 612 τῆς
699 577 892 613 Καισαριανῆς

94 628 106 645 1
132 619 230 655 χώρας
246 623 453 658 τοποτηρητὴς,
470 624 529 655 τοῖς
547 623 665 658 παροῦσι
683 624 892 659 πεπραγμένοις

94 674 105 691 1
132 666 293 701 ὑπέγραψα.

131 720 144 736 1
167 712 337 747 Λαὸρέντιος
355 713 530 748 Ἰκοσιτανὺς,
548 714 601 749 τῆς
627 715 819 751 Καισαριανῆς
839 715 892 749 χὼ-

93 766 104 782 1
131 765 182 792 ρας
210 760 413 796 τοποτηρητὴς,
441 761 500 792 τοῖς
536 760 657 797 παροῦσι
682 761 890 797 πεπραγμένοις

94 811 104 828 1
132 803 294 838 ὑπέγραψα.

131 857 144 873 1
165 848 358 884 Νουμεριανδς
381 851 664 886 Ῥουσουγουριιὶντης,
676 852 725 886 τῆς
735 852 890 887 Καισαρια-

608 156 650 188 IN
673 157 758 190 CAN.
776 157 904 189 CXXXV
922 157 1025 189 CONC.
1043 158 1228 189 CARTHAG.
1681 158 1732 189 430

142 216 154 232 1
182 206 353 238 ’Ῑουκοῦνδσς
380 207 627 245 meammeam,
646 213 836 247 τοποτηρητὴς
847 213 896 246 τῆς
910 213 934 244 Α

994 221 1004 238 1
1019 212 1160 241 Jucundus
1174 212 1374 246 Suﬂ‘etulcusis,
1398 213 1500 248 legatus
1519 213 1663 249 provinciae
1677 213 1730 250 By-

948 266 958 283 1
976 265 1092 292 zacenm,
1106 258 1149 286 his
1162 259 1228 286 actis
1247 258 1404 293 subseripsi.

984 357 993 374 1
1007 348 1090 383 67o
1114 348 1295 376 Maximianus
1312 349 1414 384 legatus
1443 350 1589 385 provinciae
1612 350 1729 386 Byzacc-

947 403 958 421 1
979 402 1031 426 nte,
1049 395 1091 422 his
1107 395 1176 423 actis
1193 395 1355 429 subscripsi.

993 449 1002 466 1
1026 439 1181 467 Hilarianus
1197 439 1439 474 Horaiocellensis,
1460 441 1568 476 legatus
1581 443 1728 477 provincia:

947 496 957 513 1
977 486 1133 522 Byzacenae,
1148 486 1189 514 his
1208 487 1275 514 actis
1287 488 1445 523 subscripsi.

985 584 995 602 1
1013 575 1135 605 Ninellus
1164 578 1369 612 Rusurrianita,
1385 578 1489 613 legatus
1504 578 1652 613 provinciae
1669 579 1729 606 Cic-

946 630 956 648 1
976 622 1120 655 sariensis,
1134 623 1178 651 his
1190 624 1259 652 actis
1275 625 1436 660 subscripsi.

985 720 995 737 1
1014 710 1180 739 Laurentius
1209 711 1373 746 lcositanus,
1387 712 1492 749 legatus
1505 713 1652 749 provinciae
1671 714 1728 741 Cae-

946 765 955 782 1
971 757 1113 790 sariensis,
1127 758 1169 786 his
1184 759 1253 786 actis
1270 759 1429 794 subscripsi.

985 858 994 875 1
1011 848 1192 877 Numerianus
1206 849 1430 885 Rusuguriensis,
1446 851 1553 886 legatus
1580 850 1726 886 provincia:

91 902 102 918 1
127 894 178 928 νῆς
196 894 292 930 χώρας
320 897 523 933 τοποτηρητὴς,
543 898 599 929 τοις
628 897 748 933 παροῦσι
763 906 875 933 πεπραγ

971 895 1160 929 Caesariensis,
1175 898 1216 926 his
1231 899 1301 926 actis
1314 900 1475 934 subscripsi.

92 947 102 965 1
129 940 224 973 μένοις
236 941 397 976 ὑπέγραψα.

133 995 143 1010 1
164 987 243 1013 Λέων
270 988 326 1014 ἀπὸ
350 988 473 1024 Μόκτης,
500 989 549 1023 τῆς
579 989 770 1024 Καισαριανῆς
795 988 886 1024 χώρας

93 1039 104 1056 1
126 1033 330 1068 τοποτηρητὴς,
361 1035 417 1065 τοῖς
430 1034 549 1070 παροῦσι
565 1034 790 1070 πρεπραγμένοις
820 1033 885 1060 ὑπέ-

91 1086 102 1104 1
127 1077 236 1112 γραψα.

131 1132 142 1148 1
161 1123 261 1154 Ἀλλος
277 1123 365 1156 Λέων,
396 1125 446 1159 τῆς
461 1124 634 1161 Σιτηφένσης
650 1126 787 1160 ἐπαρχίας
801 1134 880 1152 Iono-

93 1167 245 1202 «τηρητὴς,
263 1169 320 1199 τοῖς
331 1169 449 1203 παροῦσι
469 1170 676 1205 πεπραγμένοις
691 1170 848 1205 ὑπέγραψα.

129 1222 139 1238 1
164 1214 220 1240 Καὶ
252 1214 276 1240 οἱ
305 1214 393 1241 λοιποὶ
413 1215 557 1242 ἐπίσκοποι
585 1216 718 1243 διακόσιοι
747 1216 884 1242 δεκαεπτὰ

92 1267 104 1284 1
129 1259 230 1293 ὁμοίως
248 1260 422 1295 ὑπέγραψαν.

130 1314 141 1330 1
164 1305 299 1337 Φίλιππος
316 1306 513 1341 πρεσϐύτερος,
527 1306 717 1342 τοποτηρητὴς
743 1307 792 1342 τῆς
816 1306 882 1334 Ῥω-

91 1359 100 1376 1
127 1352 230 1385 μαῖκῆς
251 1350 426 1387 Ἐκκληςίας,
457 1353 514 1384 τοῖς
542 1352 658 1387 παροῦσι
677 1352 883 1388 πεπραγμένοις

91 1405 100 1421 1
124 1396 179 1430 ἀφ’
196 1396 272 1430 ἡμῶν
288 1398 504 1431 ἁναγνωσθεῖτιν
519 1398 679 1434 ὑπέγραψα.

127 1449 138 1467 1
167 1441 293 1474 Ἀσέλλος
311 1443 507 1479 πρεσϐύτερος,
535 1446 725 1480 τοποτηρητὴς
751 1446 882 1479 τῆςῬω-

90 1494 100 1511 1
125 1488 229 1522 μαῖκῆς
251 1488 426 1523 Ἐκκλησίας,
446 1491 503 1521 τοίς
530 1489 648 1525 παροῦσι
664 1491 879 1526 πεπραγμένοις,

89 1541 100 1558 1
124 1535 180 1564 τοῖς
197 1534 232 1560 δι’
247 1535 322 1569 ἡμᾶς
342 1535 550 1568 ἀποσταλεῖσιν,
567 1536 726 1572 ὑπέγραψα.

90 1588 98 1604 1
127 1580 258 1614 Ἀρχεται
279 1582 295 1614 ὴ
320 1581 375 1607 ἀπὸ
405 1583 498 1617 πάσης
512 1581 563 1617 τῆς
582 1583 612 1608 ἐν
633 1583 749 1618 Ἀφρικῇ
768 1583 879 1610 συνόδου

124 1635 135 1651 1
159 1627 228 1661 πρὸς
252 1627 410 1661 Βονιςρᾶιτιον
427 1628 472 1654 τὸν
496 1627 546 1662 τῆς
568 1628 880 1664 ῬωμαίωνἘκκλησίας

124 1680 135 1697 1
159 1673 320 1705 ἐπίσκοπον,
336 1673 381 1699 διὰ
398 1673 548 1701 Φαυστίνοὺ
560 1675 727 1707 ἐπισκόπου,
744 1675 878 1702 Φιλίππου

123 1728 133 1744 1
156 1719 204 1745 καὶ
232 1719 357 1746 ’Δσέλλου
385 1720 588 1755 πρεσϐυτέρων,
603 1721 657 1747 τῶν
684 1722 879 1756 τοπυτηρητῶν

124 1774 134 1790 1
153 1766 202 1800 τῆς
211 1764 537 1801 ῬωμαῖκῆςἘκκλησίας
546 1767 729 1794 ἀποσταλεῖσα
737 1768 876 1803 ἐπιστολή.

122 1819 132 1836 1
155 1812 280 1846 Δεσπότῃ
304 1812 505 1847 μακαριωτάτῳ
519 1813 566 1838 καὶ
582 1813 742 1848 τιμιωτάτῳ
770 1814 878 1850 ἀδελφῷ

122 1865 132 1882 1
157 1856 321 1892 Βονιφατίῳ,
351 1857 496 1892 Αὐρήλιος,
522 1858 683 1889 Βαλεντίνος
700 1861 749 1894 τῆς
765 1859 877 1896 πρώτης

122 1911 133 1927 1
157 1903 294 1937 καθέδρας
320 1903 371 1937 τῆς
400 1903 570 1938 Νουμιόικῆς
614 1904 760 1939 ἐπαρχίας,
777 1905 824 1931 καὶ
851 1907 875 1932 ot

120 1957 132 1974 1
155 1949 377 1983 παραγενόμενοι
410 1949 455 1975 τὸν
492 1949 609 1984 ἀριθμὸν
636 1950 766 1976 διακόσιοι
795 1950 876 1977 δεκα-

121 2005 131 2021 1
153 1996 236 2028 επτὰ,
248 1997 281 2022 ὲκ
297 1995 388 2030 πάσης
399 1995 448 2030 τῆς
462 1996 491 2022 ἐν
509 1995 625 2031 ’Λφρικῇ
635 1996 755 2023 συνόδου.
766 1997 874 2033 Ἐπειδὴ

121 2051 131 2067 1
155 2041 194 2076 τῷ
224 2041 319 2077 Κυρίῳ
337 2041 445 2077 ἤρεσεν,
475 2041 520 2068 ἴνα
533 2042 597 2076 περὶ
611 2038 648 2068 ὦν
664 2043 722 2076 ἅμα
737 2043 804 2077 ἡμῖν
830 2043 872 2069 δι-

120 2097 129 2112 1
151 2087 307 2122 επράξαντο
323 2088 347 2112 οἱ
360 2086 504 2120 ἁγιώτατοι
518 2087 628 2121 ἀδελφοὶ
646 2087 734 2122 ἡμῶν,
755 2088 873 2115 Φαυστῖ-

79 2153 81 2155 .
120 2143 129 2159 1
152 2142 196 2164 νος
211 2134 226 2159 ό
242 2132 449 2165 συνεπίσκοπος,
473 2132 521 2158 καὶ
535 2132 560 2158 οἱ
576 2133 872 2168 συμπρεσὸύτεροιΦί-

118 2188 127 2204 1
151 2179 251 2209 λιππος
268 2178 315 2205 καὶ
337 2177 472 2209 Ἀσέλλος,
504 2177 552 2212 μὴ,
582 2177 620 2212 τῷ
650 2178 698 2212 τῆς
731 2178 871 2213 μακαρίας

118 2234 126 2250 1
152 2225 264 2260 μνήμης
289 2223 407 2258 Ζωσίμῳ
440 2223 478 2258 τῷ
507 2224 658 2258 ὲπισκόπῳ,
677 2223 724 2258 ἀφ’
746 2221 777 2250 οὗ
805 2225 912 2259 πρὸςῖ)

116 2281 125 2296 1
149 2271 222 2306 ἡμᾶς
241 2271 394 2306 γράμματα
405 2270 452 2296 καὶ
477 2269 586 2300 ἐντολὰς
617 2270 731 2304 ἤγαγον,
756 2270 824 2296 ἀλλὰ
834 2271 867 2305 τῇ

114 2326 124 2341 1
149 2316 272 2351 ὑμετέρᾳ
286 2315 424 2349 τιμιότητι
443 2315 482 2346 εἰς
499 2314 544 2340 τὸν
560 2314 664 2342 ἐκείνου
678 2315 760 2342 τόπον
776 2315 867 2342 θεόθεν

115 2371 124 2387 1
148 2360 354 2396 κατασταθείσῃ
381 2361 503 2396 ἡμετέρα
529 2361 667 2396 βραχύτης
700 2363 867 2398 ἀντιγράψῃ.

113 2416 122 2432 1
147 2407 183 2433 τὰ.
208 2408 243 2442 τῇ
255 2406 396 2441 ἑκατέρων
423 2407 501 2441 ἡμῶν
529 2407 642 2442 ὁμονοίᾳ.
671 2408 867 2443 περατωθέντα

113 2463 122 2479 1
144 2452 292 2487 ὀφείλομεν
304 2452 349 2478 διὰ
365 2452 490 2488 βραχέων
511 2454 623 2488 ἐμφανῆ
638 2454 819 2489 καταστῆσαι,
836 2455 866 2482 οὐ

112 2509 122 2525 1
146 2501 203 2534 μὴν
216 2496 251 2525 τὰ
267 2500 322 2530 τοῖς
351 2500 543 2534 ὲκ.εταμένοις
573 2500 628 2526 τῶν
660 2501 867 2536 πεπραγμένων

112 2556 121 2572 1
144 2546 297 2581 χυλίσμασι
321 2546 489 2581 κατεχόμενα
505 2547 533 2573 ὲν
563 2544 604 2578 οἷς
628 2548 786 2583 σωζομένης
815 2549 866 2583 μὲν

111 2603 120 2619 1
142 2594 194 2627 τῆς
207 2591 332 2626 ἀγάπης,
345 2592 375 2618 οὐ
391 2593 476 2627 χωρὶς
492 2593 521 2619 δὲ
537 2593 638 2628 μικροῦ
657 2595 707 2630 τῆς
721 2595 864 2630 ἀμφισϐή-

110 2649 119 2666 1
141 2639 249 2675 τήσεως
261 2639 386 2673 καμάτου
397 2638 864 2675 παρειλκύσαμεν,Ισκεπτόμενοιτὰ

109 2694 118 2711 1
139 2687 181 2717 είς
195 2685 228 2711 τὸ
243 2685 361 2719 πρᾶγμα
384 2684 557 2712 συντείνοντα
581 2687 638 2718 τοῖς
654 2688 863 2722 πεπραγμένοις

109 2741 118 2757 1
138 2731 268 2758 δνΘείναι.
281 2731 416 2762 Κάκεῖνος
433 2732 499 2766 γὰρ.
514 2731 539 2758 ει
553 2732 592 2758 ἔτι
603 2730 637 2767 ἦν
653 2734 682 2759 ἐν
696 2732 735 2768 τῷ
751 2733 860 2768 σώματι

109 2786 118 2803 1
140 2777 241 2812 τούτῳ,
263 2778 448 2812 χαριεστέρως
465 2777 571 2812 ἐδέχετο
584 2777 652 2812 ὅπερ
664 2778 862 2814 έδλεπενείρη-

109 2832 118 2849 1
138 2823 299 2857 νικωτέρως
329 2822 497 2855 περατωθὲν,
528 2823 606 2858 κύριε
636 2824 746 2858 ἀδελφέ.
768 2825 861 2850 Ἀπιά-

107 2877 116 2894 1
139 2877 197 2904 ριος
215 2869 231 2895 ὁ
246 2867 445 2903 πρεσϐύτερος,
463 2866 568 2901 οὗτινος
583 2870 628 2896 καὶ
641 2871 762 2906 περὶτῆς
773 2879 861 2905 χειρο-

985 993 994 1010 1
1015 983 1070 1012 Leo
1085 984 1239 1018 Moctensis,
1253 985 1358 1020 legatus
1371 986 1518 1020 provincia:
1535 986 1723 1020 Caesariensis,

940 1038 949 1055 1
970 1030 1011 1058 his
1024 1030 1094 1058 actis
1109 1031 1270 1066 subscripsi.

982 1131 991 1147 1
1011 1122 1087 1150 Alius
1112 1122 1175 1155 Leo,
1200 1123 1303 1159 legatus
1329 1124 1474 1159 provinciae
1505 1123 1659 1156 Sitifensis,
1681 1124 1722 1152 his

938 1177 947 1194 1
963 1169 1031 1196 actis
1046 1170 1207 1204 subscripsi.

978 1223 987 1240 1
1006 1213 1037 1241 Et
1047 1216 1137 1243 caeteri
1152 1217 1269 1251 episcopi
1286 1217 1393 1245 ducenti
1412 1222 1438 1245 et
1465 1219 1666 1253 septemdecem
1683 1219 1721 1246 si-

938 1269 947 1285 1
967 1261 1067 1289 militer
1079 1263 1311 1297 subscripserunt.

984 1320 998 1342 ε
1013 1313 1156 1350 Philippus
1177 1319 1331 1353 presbyter,
1350 1317 1455 1353 legatus
1467 1318 1597 1347 Ecclesiae
1622 1320 1722 1348 Itoma-

937 1369 946 1385 1
967 1368 1017 1394 me,
1034 1361 1076 1389 his
1087 1363 1156 1389 actis
1171 1369 1187 1389 a
1202 1363 1279 1390 nobis
1295 1364 1395 1391 relictis
1413 1364 1574 1400 subscripsi.

980 1459 989 1475 1
1010 1450 1119 1478 Asellus
1137 1452 1289 1487 presbyter,
1305 1453 1409 1489 legatus
1422 1455 1552 1484 Ecclesiae
1568 1456 1710 1493 Romanas,

936 1504 945 1521 1
963 1495 1005 1523 his
1023 1497 1093 1525 actis
1105 1504 1154 1533 per
1168 1505 1217 1526 nos
1233 1499 1324 1527 missis
1338 1500 1499 1536 subscripsi.

934 1595 944 1612 1
967 1586 1064 1622 Incipit
1079 1588 1113 1616 ab
1134 1589 1260 1617 universa
1278 1590 1408 1619 Africana
1433 1593 1536 1628 synodo
1560 1594 1593 1622 ad
1610 1594 1718 1623 Bonifa-

976 1642 985 1658 1
1000 1634 1072 1661 cium
1103 1634 1230 1663 Ecclesia:
1246 1635 1377 1664 Romam!
1399 1638 1569 1674 episcopum,
1583 1647 1630 1674 per
1646 1641 1717 1668 Fau-

974 1689 984 1704 1
1002 1680 1103 1707 stinum
1121 1682 1288 1717 episcopum,
1305 1683 1459 1718 Philippum
1475 1690 1501 1713 et
1516 1686 1636 1714 Asellum
1653 1695 1717 1722 pre-

971 1735 980 1752 1
1001 1726 1136 1762 sbytcros,
1165 1727 1295 1756 Romanae
1323 1729 1453 1759 Ecclesiae
1486 1732 1604 1767 legatos.
1632 1736 1716 1762 missa

973 1780 982 1796 1
1002 1772 1125 1806 epistola.
1144 1773 1257 1801 Dontiuo
1271 1775 1429 1803 beatissimo
1444 1781 1471 1804 et
1483 1778 1716 1807 venerabilissimo

975 1827 983 1842 1
1004 1818 1083 1846 fratri
1109 1819 1260 1852 Bonifacio,
1276 1821 1416 1857 Aurelius,
1435 1823 1607 1857 Valentinus,
1621 1828 1715 1859 primae

967 1871 976 1887 1
999 1863 1071 1891 sedis
1087 1863 1242 1893 Numidicae
1260 1868 1415 1900 provinciae,
1439 1873 1466 1896 1t
1483 1870 1577 1905 reliqui
1603 1873 1648 1905 qui
1665 1874 1715 1899 atl-

971 1909 1106 1938 1fucrunt
1137 1919 1251 1938 numero
1277 1913 1329 1939 217
1358 1921 1392 1940 ex
1429 1915 1555 1943 universa
1582 1916 1712 1945 Africana

969 1965 977 1980 1
1002 1957 1116 1990 synodo.
1142 1957 1275 1989 Quoniam
1298 1959 1412 1986 Domino
1436 1960 1547 1995 placuit,
1570 1967 1599 1989 ut
1619 1963 1652 1990 de
1668 1964 1711 1996 iis.

971 2009 978 2025 1
1004 2008 1063 2035 qua:
1077 2001 1219 2029 uobiscum
1239 2009 1403 2039 peregerunt
1419 2006 1584 2034 sanctissimi
1611 2008 1711 2037 fratres

975 2055 983 2071 1
1001 2047 1097 2079 nostri,
1114 2047 1264 2077 Faustinus
1276 2051 1428 2085 episcopus,
1444 2056 1472 2080 ct
1494 2055 1710 2090 compresbyleri

968 2092 1134 2129 1Phi|ippus
1174 2100 1200 2123 et
1232 2097 1351 2129 Asellus,
1376 2106 1428 2126 non
1443 2099 1538 2130 ~beatae
1571 2103 1710 2131 memoria:

969 2139 1105 2168 1Zosimo
1137 2143 1274 2176 episcopo,
1296 2151 1310 2170 a
1335 2151 1389 2178 quo
1410 2145 1443 2172 ad
1471 2153 1520 2172 nos
1549 2146 1655 2175 litteras
1683 2155 1710 2176 et

971 2195 980 2209 1
997 2187 1124 2214 mandata
1158 2189 1317 2223 attulerunt,
1340 2190 1387 2217 sed
1412 2196 1509 2219 vestra:
1528 2195 1707 2228 venerationi,

972 2239 980 2256 1
999 2239 1058 2265 qua:
1086 2233 1113 2259 in
1140 2233 1213 2261 illius
1242 2234 1330 2262 locum
1349 2236 1478 2265 divinitus
1496 2241 1644 2267 coristiluta
1656 2247 1706 2274 est,

969 2285 978 2301 1
997 2277 1137 2305 humilitas
1150 2284 1241 2306 nostra
1255 2281 1418 2309 rescriberet
1432 2291 1438 2309 :
1452 2291 1512 2318 qua:
1529 2289 1708 2322 utroruqu

964 2330 973 2347 1
994 2326 1115 2350 nostrum
1146 2326 1291 2353 concordia
1324 2326 1400 2354 ﬁnita
1428 2334 1504 2362 sunt,
1528 2330 1659 2360 debemus
1675 2341 1705 2360 ca

968 2376 977 2392 1
997 2369 1091 2401 paucis
1117 2369 1276 2400 declarare:
1309 2373 1356 2400 sed
1383 2382 1436 2401 non
1451 2382 1493 2408 ea,
1517 2384 1578 2411 qua:
1594 2378 1706 2412 prolixis

963 2421 972 2437 1
994 2419 1117 2441 actorum
1142 2415 1292 2444 involucris
1325 2419 1491 2454 detinentur,
1511 2429 1571 2457 quae
1594 2429 1704 2451 servata

966 2468 975 2484 1
995 2460 1104 2494 quidem
1119 2462 1263 2497 cltaritate,
1281 2465 1329 2492 sed
1347 2474 1400 2494 non
1425 2467 1486 2494 sine
1498 2475 1581 2502 parvo
1596 2470 1706 2497 dubita-

958 2513 968 2529 1
990 2505 1055 2532 tioni
1067 2506 1159 2534 labore
1172 2509 1348 2544 deduximus;
1362 2512 1413 2540 hoc
1422 2519 1544 2548 agentes,
1559 2520 1588 2542 ut
1599 2523 1658 2550 qua:
1670 2518 1703 2543 ad

959 2560 968 2576 1
983 2558 1038 2578 rem
1056 2553 1209 2588 conferunt,
1231 2557 1299 2584 actis
1312 2557 1476 2586 inserantur.
1487 2559 1534 2586 llle
1549 2561 1619 2586 enim
1638 2561 1703 2587 Siﬂtl

961 2606 969 2622 1
990 2597 1042 2624 huc
1053 2604 1126 2626 esset
1135 2599 1160 2627 in
1173 2600 1224 2628 hoc
1233 2609 1354 2636 corpore,
1367 2603 1471 2639 gratius
1484 2605 1617 2638 acciperet
1629 2608 1700 2639 quoii

962 2652 971 2668 1
989 2645 1073 2679 magis
1086 2650 1178 2679 parate
1205 2647 1310 2675 [initum
1333 2650 1455 2684 videret,
1472 2650 1581 2677 domine
1606 2650 1699 2678 frater.

959 2697 968 2714 1
987 2690 1114 2724 Apiarius
1127 2692 1277 2728 presbyter,
1290 2694 1321 2722 de
1335 2694 1411 2730 cujus
1425 2695 1598 2723 ordinatione
1613 2700 1640 2724 et
1651 2704 1702 2723 exs

963 2744 971 2760 1
992 2737 1237 2766 communicatione
1255 2745 1281 2767 et
1295 2741 1474 2775 appellatione
1499 2747 1624 2769 exortum
1646 2748 1699 2775 est.

958 2790 967 2806 1
989 2789 1041 2808 non
1057 2783 1144 2810 solum
1159 2784 1290 2818 Siccensi.
1315 2787 1363 2814 sed
1378 2792 1404 2814 et
1419 2786 1555 2815 universae
1567 2789 1700 2816 Alricanaa

963 2836 972 2851 1
994 2826 1133 2863 Ecclesim,
1163 2838 1215 2858 non
1241 2839 1354 2867 parvum
1377 2832 1546 2866 scandalum,
1567 2835 1600 2863 de
1613 2836 1701 2863 Omni-

962 2881 970 2897 1
991 2873 1051 2906 bus,
1069 2874 1095 2901 in
1112 2876 1212 2909 quibus
1236 2879 1348 2911 erravit,
1367 2879 1448 2914 petita
1463 2879 1553 2914 venia,
1578 2887 1699 2908 commu-
