1909 3075
184 164 232 195 ἰῇῙ

806 152 942 184 ΤΗΕΟΒ.
960 152 986 182 Βη

1079 150 1158 182 ΜΟΝ
1514 119 1515 122 Ἰ
1749 145 1804 178 832

229 233 238 248 ι
265 221 337 250 ιιίοηί
360 221 500 248 restitutus
507 221 566 245 est.
579 216 688 244 Primus
702 213 776 242 enim
788 211 966 247 cuepiscopus
981 229 986 244 Α

1090 209 1181 241 τονίας
1203 209 1251 236 καὶ
1267 208 1317 244 τῆς
1330 205 1529 242 ἀκοινωνησίας
1549 206 1596 234 καὶ
1618 205 1805 241 προκλήσεως

234 279 241 293 ι
265 271 357 295 noster
371 264 497 293 Urbanus
512 263 607 295 δίδοτε,
620 260 749 296 quidquid
760 261 820 286 erat
833 265 848 284 a
862 265 891 284 se
905 264 968 284 cor-

232 322 240 338 ι
260 312 411 345 rigendum,
435 310 494 337 sine
521 306 692 334 dubitatione
707 303 838 332 correxit.
854 302 888 329 Et
906 302 969 336 quia

227 369 235 383 I
254 356 448 385 ecclesiasticae
463 354 522 388 paci
536 358 562 380 et
570 351 653 386 quieti
664 370 672 384 ,
686 357 740 377 non
756 349 843 377 solum
859 349 886 375 in
900 355 970 382 pra:-

229 414 239 429 ι
255 411 328 435 sens,
350 403 396 429 sed
412 402 438 428 in
451 400 573 427 futurum
591 398 673 425 etiam
694 401 810 430 tempus,
826 395 971 429 providen-

229 461 236 476 ι
256 451 318 478 dum
334 453 395 481 est;
408 447 538 482 quoniam
563 444 648 471 multa
669 441 804 477 ejusmodi
820 446 971 476 praecesse-

232 510 239 523 ι
260 502 332 530 runt,
348 501 404 524 uta
417 494 564 526 similibus,
586 492 628 519 vel
647 490 730 518 etiam
742 479 927 524 graviOrib'us,
944 487 970 513 in

232 554 240 570 ι
261 548 398 578 posterum
414 546 576 568 caveamus:
592 536 704 572 placuit,
729 539 758 562 ut
785 534 907 561 Siccensi
923 533 972 560 Ec-

233 599 241 615 ι
262 589 344 617 elesia
368 591 510 615 moveatur
532 585 674 619 presbyter
689 581 828 616 Apiarius,
844 580 869 607 ei
898 579 972 606 scili-

237 647 247 662 ι
269 641 311 665 cet
334 639 442 663 servato
464 634 562 668 gradus
587 631 630 658 sui
645 632 761 663 honore;
782 632 810 655 et
834 627 972 661 accipiens

240 693 248 708 ‹
271 682 419 711 secundum
435 687 554 708 canones
569 676 722 711 epistolam,
739 675 897 707 ubicunque
908 671 972 698 alibi

238 739 246 754 ι
262 728 377 756 voluerit
395 732 421 754 et
440 725 568 760 potuerit,
586 721 737 757 presbyteri
761 720 878 747 oliiciuut
894 718 975 745 obeat

241 785 248 800 I
266 779 293 802 et
314 780 390 801 sacra
420 771 548 799 celebret.
570 768 646 802 Quod
659 767 767 801 quidem
788 765 838 799 ipsi
853 763 972 798 Apiario,

241 830 250 847 I
271 828 333 847 cum
349 819 375 845 id
390 817 507 852 propriis
521 815 621 842 litteris
641 813 792 848 petivisset.
805 810 908 843 absque
920 807 974 834 ulla

244 876 253 893 ι
272 865 426 894 difﬁcultate
446 861 641 890 concessimus.
658 859 808 892 Antequam
826 860 915 882 autent
932 853 973 881 vel

244 921 252 937 ι
271 912 329 947 ipsa
356 916 438 936 causa
459 908 495 935 ita
511 907 646 937 ﬁniretur,
662 903 733 930 inter
749 902 812 935 alia,
836 907 896 934 quae
908 898 976 926 assi-
992 907 1014 936 Β

240 967 250 984 ι
270 945 330 984 duis
356 953 597 988 disceptationibus
617 950 804 978 versabatttus.
817 945 897 982 671
916 951 978 972 cum

241 1013 249 1029 ι
270 1003 328 1038 ipsa
357 1002 425 1029 ratio
454 998 613 1034 postularet,
629 1000 658 1023 ut
680 993 839 1022 al'ratribus
862 990 976 1023 nostris,

238 1058 248 1076 ι
266 1037 395 1076 Faustino
418 1045 578 1079 cnepiscopo
597 1047 701 1073 nostro,
728 1044 755 1067 et
766 1039 855 1066 Asello
871 1043 898 1065 et
913 1037 979 1064 ΡΙιὶ-

235 1104 244 1121 ι
262 1095 335 1129 lippo
352 1090 528 1127 presbyteris,
545 1094 709 1123 peteremus,
732 1089 762 1111 ttt
782 1081 976 1112 ecclesiasticis

233 1150 244 1165 ι
259 1127 328 1166 actis
341 1137 479 1168 all‘errenl,
507 1135 530 1161 si
554 1132 616 1168 quid
629 1132 668 1158 eis
695 1133 766 1157 esset
794 1127 980 1158 eotumissum,

237 1195 247 1211 ι
264 1185 334 1220 quod
353 1190 404 1209 una
416 1181 557 1208 nobiscum
586 1181 658 1205 esset
672 1175 823 1210 agendum;
853 1171 981 1199 nonnulla

232 1242 241 1256 ι
257 1218 367 1264 quidem
403 1227 461 1254 sine
489 1224 600 1258 scriptis
628 1221 724 1249 verbis
749 1218 886 1254 persecuti
907 1221 980 1244 sunt.

240 1283 249 1300 ι
266 1274 332 1302 Cuut
352 1277 440 1300 autem
454 1278 503 1298 nos
511 1268 725 1304 postulassemus
734 1262 981 1293 commonitorium,

237 1330 247 1347 ι
268 1319 340 1354 quod
353 1319 386 1345 ab
401 1318 441 1345 eis
457 1317 484 1343 in
508 1314 618 1349 scriptis
648 1311 845 1346 proferebatur,
868 1308 894 1335 id
919 1314 982 1342 pro-

239 1374 249 1393 ι
268 1365 419 1395 duxerunt;
434 1361 507 1396 quod
525 1367 540 1386 a
556 1359 634 1386 nobis
652 1357 761 1389 lectum,
778 1355 845 1382 actis
853 1358 983 1388 praeterea

242 1420 252 1436 ι
271 1410 404 1438 insertum
432 1411 484 1439 est,
500 1412 560 1440 qua:
589 1404 674 1431 etiam
699 1402 732 1428 ad
748 1409 796 1428 vos
825 1407 871 1434 per
893 1406 940 1426 eos
957 1398 983 1424 in

242 1467 252 1484 ι
270 1455 412 1491 praesentia
429 1453 563 1479 feruntur.
583 1449 612 1476 In
625 1456 679 1483 quo
691 1451 808 1482 quatuor
823 1446 857 1472 ab
871 1444 910 1472 eis
933 1450 981 1470 no-

240 1511 248 1527 ι
268 1488 372 1528 biswm
390 1498 492 1532 agenda
509 1496 610 1522 inserta
626 1497 720 1524 erant;
735 1498 819 1518 unum
838 1490 872 1517 de
892 1488 985 1524 appel-

242 1557 252 1574 ι
270 1547 418 1574 lationibus
432 1543 623 1577 episcoporum
639 1541 672 1567 ad
703 1539 830 1566 Romana:
856 1535 986 1563 Ecclesiae

243 1603 252 1620 ι
274 1588 633 1623 sacerdotem;secundum,
649 1595 682 1614 ne
700 1584 820 1620 episcopi
835 1583 869 1610 ad
898 1581 987 1610 comi-

240 1648 254 1665 ‹
268 1643 353 1665 tatttttt
367 1642 469 1664 temere
485 1635 659 1668 navigarent;
689 1631 798 1658 tertium
825 1634 925 1659 autent,
960 1631 988 1653 ttt

243 1694 253 1710 ι
269 1684 488 1719 presbyterorum
502 1686 528 1708 et
543 1680 717 1707 diaconorum
731 1684 819 1704 causa:
834 1683 849 1702 a
868 1674 990 1701 ﬁnitimis

243 1741 253 1757 ι
269 1730 402 1765 episcopis
416 1727 645 1756 examinaretttur,
672 1724 694 1752 si
715 1731 730 1750 a
758 1721 875 1757 propriis
890 1726 991 1747 temere

247 1786 256 1802 ι
276 1775 469 1803 communione
485 1772 551 1800 moti
586 1770 706 1798 fuerint:
722 1773 849 1803 quartum
880 1766 913 1793 de
940 1762 993 1790 Ur-

245 1833 254 1848 ι
272 1822 340 1848 batto
350 1822 476 1855 episcopo
508 1815 780 1847 excouttttttuicantlo,
805 1812 849 1839 vel
877 1811 991 1838 Romam

250 1875 258 1891 ι
277 1866 395 1896 citando,
419 1863 471 1890 nisi
502 1869 562 1897 qua:
587 1860 685 1893 corrigi
714 1861 830 1892 oportet,
861 1855 989 1889 corrigat.

247 1922 256 1938 ι
275 1911 313 1938 Ex
326 1911 424 1946 quibus
443 1908 569 1936 ontuibus
586 1907 619 1934 de
636 1906 722 1939 primo
733 1909 759 1931 et
780 1902 873 1932 tertio,
896 1900 921 1926 id
939 1903 991 1930 est,

249 1968 259 1984 ι
275 1962 303 1985 ιιι
328 1957 408 1984 liceat
428 1954 565 1990 episcopis
591 1952 702 1979 Romam
728 1949 876 1984 appellare,
906 1951 934 1973 et
963 1950 992 1971 ut

249 2011 365 2031 sonusa:
390 2002 550 2029 clericorum
579 2000 613 2027 ab
640 1999 760 2033 ips-urunt
785 1993 990 2030 provinciarum

252 2059 262 2076 ι
278 2048 412 2084 episcopis
441 2046 580 2077 liniantur,
610 2049 683 2070 anno
705 2040 873 2076 pracedettte
895 2036 993 2064 nostris

255 2106 264 2122 ι
286 2083 393 2130 quoque
424 2093 521 2120 litteris
550 2090 639 2117 eidem
668 2085 829 2114 venerandae
855 2083 994 2110 memorias

250 2153 259 2169 ι
275 2142 383 2170 Zositno
392 2140 518 2174 episcopo
528 2137 598 2164 datis
607 2135 751 2163 ostendere
757 2131 952 2163 studuimus,ut
963 2136 993 2156 ea

252 2199 261 2215 ι
277 2189 334 2216 sine
347 2186 399 2213 ulla
412 2185 483 2212 illius
496 2183 593 2217 injuria
608 2179 802 2215 aliquantisper
812 2182 993 2207 servaremus,

253 2244 262 2261 ι
281 2235 367 2261 donec
381 2232 497 2259 Merena:
509 2228 604 2264 synodi
632 2227 801 2254 decretorum
829 2223 899 2249 facta
922 2226 996 2250 esset
1014 2240 1036 2267 D

250 2291 262 2307 ι
277 2278 425 2314 inquisitio.
440 2277 473 2303 Et
489 2282 561 2302 nuttc
573 2282 586 2300 a
599 2277 645 2301 tua
664 2271 809 2299 sanctitate
821 2269 949 2303 petimus,
966 2273 997 2295 ut

253 2336 262 2354 ι
276 2324 412 2361 quomodo
429 2329 461 2350 ea
475 2329 489 2348 a
504 2320 628 2347 Patribus
647 2317 744 2344 Nicaeae
767 2317 838 2343 facta
852 2319 927 2347 sunt,
955 2321 995 2340 Sic

248 2381 264 2398 οι
283 2378 344 2398 eaa
358 2368 435 2396 nobis
449 2366 601 2397 servari,et
617 2363 673 2391 illic
694 2363 764 2396 apud
782 2369 831 2389 vos
855 2368 916 2396 quae
934 2363 997 2387 sunt

257 2427 266 2443 ι
284 2417 310 2443 ln
326 2416 384 2450 ipso
400 2410 607 2440 commonitorio
633 2409 719 2443 posita
739 2407 860 2435 exerceri
888 2405 973 2432 facias
989 2413 997 2432 :

259 2463 332 2490 tltoc
352 2464 404 2491 est,
433 2463 464 2485 ut
489 2457 512 2484 si
537 2456 679 2491 episcopus
692 2458 835 2480 accusatus
861 2451 954 2483 fuerit,
971 2454 999 2477 et

254 2518 262 2534 ι
281 2504 436 2540 congregati
454 2503 572 2538 ejusdem
584 2501 730 2537 provinciae
743 2499 862 2534 episcopi
881 2506 940 2525 ettttt
955 2497 1000 2530 ju-

258 2563 266 2579 ι
283 2552 443 2582 tlicuvertttt,
460 2554 487 2576 et
500 2556 515 2576 ο
531 2556 580 2575 suo
591 2547 675 2581 gradu
691 2545 876 2578 deposuerint,
892 2544 999 2577 quando

244 2608 263 2624 -ι
280 2596 415 2632 appellare
435 2595 518 2622 visum
535 2593 627 2625 fuerit,
643 2598 670 2619 et
684 2592 717 2618 ad
738 2590 924 2617 beatissimum
943 2588 999 2615 Ro-

251 2653 264 2670 ι
280 2650 366 2671 tttatta:
381 2641 508 2668 Ecclesue
519 2640 671 2674 episcottum
696 2636 870 2668 confugerit;
897 2634 918 2661 si
936 2641 998 2660 eum

258 2701 267 2717 ι
288 2697 348 2718 esse
362 2689 524 2716 audiendum
538 2685 686 2716 censuerit,
699 2683 855 2718 justuntque
873 2687 933 2708 esse
952 2681 1001 2708 du-

258 2746 267 2762 ι
287 2736 366 2769 xcrit,
379 2738 562 2762 utreuovelur
582 2731 725 2766 judicium,
748 2728 871 2756 tiu'ttiutis
889 2727 1001 2760 episco-

262 2794 270 2809 I
290 2783 340 2817 pis,
353 2787 379 2809 et
393 2782 419 2808 in
436 2780 586 2815 propinqua
605 2775 742 2811 provincia
760 2773 915 2802 constitutis
932 2771 1001 2799 scri-

259 2839 268 2856 ι
287 2828 350 2855 bere
362 2828 498 2861 dignetur,
509 2829 537 2851 ut
554 2824 601 2858 ipsi
612 2823 699 2849 omnia
713 2818 1001 2855 diligentcrinquirant

258 2885 268 2901 ι
289 2879 316 2903 ει
330 2882 363 2903 ex
378 2871 502 2901 veritatis
519 2870 571 2899 ﬁde
588 2869 694 2898 ﬁniant.
714 2866 761 2896 Sin
776 2870 866 2894 autem
897 2864 931 2900 is,
953 2862 1001 2899 qui

287 2957 300 2973 \

1056 268 1066 284 ι
1090 259 1194 292 ἀνεφύη
1206 258 1236 284 οὺ
1250 257 1329 292 μόνον
1338 258 1372 292 τῇ
1381 257 1409 282 ἐν
1423 255 1502 291 Σίκῃ,
1514 255 1582 281 ἀλλὰ
1594 254 1642 281 καὶ
1649 255 1682 288 τῇ
1692 253 1722 280 ἐν
1730 253 1806 288 πάσῃ

1059 313 1068 329 ι
1091 305 1124 338 τῇ
1141 303 1257 338 Ἀφρικῇ
1275 302 1408 337 ἐκκλησίᾳ
1421 301 1450 327 οὓ
1467 301 1565 335 μικρὸν
1578 299 1726 326 σκάνδαλον
1740 299 1806 332 περὶ

1058 359 1067 376 ι
1092 351 1202 376 πάντων
1224 345 1262 375 ὧν
1278 347 1418 382 ἐπλανήθη
1448 345 1614 380 συγγνώμην
1628 345 1757 378 αἰτήσας,
1771 345 1806 378 τῇ

1059 405 1068 421 ι
1092 395 1221 430 κοινωνίᾳ
1253 394 1438 426 ἀποκατέστη.
1461 392 1574 427 Πρῶτος
1597 391 1651 425 γὰρ
1667 391 1681 416 ὸ
1695 389 1809 416 συνεπί-

1060 452 1069 468 ι
1094 450 1193 472 σκοπος
1210 441 1288 476 ἡμῶν
1304 439 1441 475 Οὐρϐανὺς
1455 439 1469 465 ό
1485 439 1534 473 τῆς
1550 438 1644 473 Σίκης,
1659 434 1764 471 ὃσονῆν
1779 436 1809 463 ἐν

1060 498 1069 514 ι
1092 487 1166 523 αὑτῷ
1194 487 1371 521 διορθωτέον,
1404 485 1597 521 ἀναμφιδόλως
1620 482 1809 518 διωρθώσατο.

1056 544 1065 559 ι
1089 533 1198 568 Ἐπειδὴ
1213 533 1241 560 δὲ
1251 534 1298 568 τῆς
1311 533 1540 567 ἐκκλησιαστικῆς
1549 531 1661 566 εἰρήνης
1679 529 1728 557 καὶ
1743 530 1810 564 ἠσυ-

1060 590 1069 606 ι
1091 581 1153 616 χίας
1180 580 1210 607 οὐ
1235 580 1315 614 μόνον
1340 578 1409 613 πρὸς
1420 579 1450 605 τὺ
1462 577 1559 613 παρὸν,
1571 576 1639 604 ἀλλὰ
1654 576 1701 603 καὶ
1718 576 1761 606 είς
1780 574 1811 600 τὸ

1059 636 1068 653 ι
1091 627 1155 661 ἑξῆς
1172 626 1226 652 ἔδει
1253 626 1383 660 πρόνοιαν
1397 624 1573 659 ποιήσασθαι,
1598 623 1640 649 ὃτι
1654 620 1741 648 πολλὰ
1755 629 1812 647 τοι.

1065 682 1074 699 ι
1098 673 1167 699 αὕτα
1178 672 1380 707 προηγήσαντο,
1396 671 1468 700 ὅπως
1481 670 1535 696 duro
1547 669 1600 695 τῶν
1611 669 1711 701 ὁμοίων
1730 666 1746 702 ἢ
1765 666 1813 692 καὶ

1062 728 1070 744 ι
1091 718 1247 753 βαρυτέρων
1255 718 1308 744 τῶν
1319 717 1386 752 μετὰ
1394 716 1478 743 ταῦτα
1486 711 1813 749 προσφυλαξῴμεθαήρε-

1062 773 1072 791 ι
1096 765 1225 799 σενὴμῖν,
1235 764 1276 790 ἵνα
1283 764 1314 790 ἐκ
1328 763 1375 797 τῆς
1382 764 1409 789 ἐν
1425 763 1492 797 Σὶκῃ
1504 761 1664 795 Ἐκκλησὶας
1677 759 1814 791 ἀποκινηο

1065 820 1074 836 ι
1098 810 1131 846 θῇ
1152 812 1165 837 ό
1176 810 1359 846 πρεσΰύτερος
1368 809 1518 842 ’Δπιάριος,
1526 806 1729 841 φυλαττομένης
1740 802 1814 839 αὐτῷ

1063 866 1072 882 ι
1093 856 1214 890 δηλονότι
1228 856 1277 889 τῆς
1291 856 1374 891 τιμῆς
1388 855 1435 882 τοῦ
1448 854 1554 890 βαθμοῦ
1571 852 1654 880 αὐτοῦ
1663 860 1670 868 ·
1681 852 1729 878 καὶ
1742 851 1814 884 λαμ.-

1066 910 1075 927 ι
1099 901 1189 928 ϐάνων
1204 901 1275 927 κατὰ
1303 900 1365 932 τοὺς
1388 901 1504 930 κανόνας
1524 896 1680 931 ἐπιστολὴν,
1696 895 1815 929 ὁπουδή-

1069 957 1078 974 ι
1100 956 1164 974 ποτε
1176 947 1293 981 ἀλλαχοῦ
1307 946 1449 981 βουληθείη
1467 946 1514 972 καὶ
1527 944 1665 978 δυνηθείη,
1676 942 1716 977 τῷ
1727 941 1816 975 καθή-

1067 1003 1077 1020 ι
1099 1002 1173 1020 κοντι
1190 993 1237 1019 τοῦ
1251 992 1449 1029 πρεσϐυτερίου
1463 990 1657 1024 λειτουργήσῃ.
1672 989 1763 1022 Ὅπερ
1776 986 1816 1020 τῷ

1068 1048 1078 1065 ι
1099 1039 1178 1073 αὐτῷ’
1203 1038 1338 1073 ’Δπιαρίῳ
1373 1037 1406 1064 δι’
1433 1038 1543 1063 οἰκείων
1572 1034 1748 1070 γραμμάτων
1778 1032 1817 1057 αι-

1068 1093 1077 1110 r
1099 1086 1213 1120 τήσαντι
1236 1085 1319 1119 χωρίς
1337 1092 1410 1114 τινος
1433 1082 1595 1116 δυσχερείας
1628 1079 1818 1114 συνεχωρήσα-

1068 1140 1078 1156 ι
1103 1139 1163 1166 μεν.
1198 1131 1253 1165 Πρὸ
1283 1129 1330 1156 τοῦ
1358 1129 1386 1156 δὲ
1406 1129 1422 1164 ἢ
1444 1129 1519 1155 αἰτία
1546 1128 1614 1159 αὕτη
1631 1127 1678 1161 ’τῷ
1703 1126 1818 1160 τοιούτῳ

1070 1187 1079 1204 ι
1104 1177 1218 1212 πέρατιέ
1232 1175 1382 1211 παραδοθῇ,
1415 1174 1517 1209 μεταξὺ
1532 1174 1585 1201 τῶν
1618 1173 1717 1204 ἄλλων,
1737 1172 1819 1198 ἅτινα

1069 1231 1080 1248 r
1102 1221 1237 1256 διηνεκέσι
1258 1220 1434 1254 διαγνώσεσιν
1466 1219 1670 1254 ἀνεστρέφομεν
1686 1237 1693 1250 ,
1733 1216 1818 1243 αὑτοῦ

1070 1276 1079 1292 ι
1102 1267 1147 1293 τοῦ
1178 1266 1258 1299 λόγου
1284 1266 1496 1300 ἀπαιτήσαντας,
1519 1264 1590 1291 ὥστε
1620 1265 1677 1294 τοῖς
1717 1263 1820 1297 ἐκκλη-

1072 1323 1081 1339 ι
1102 1313 1249 1342 σιαστικοῐς
1263 1312 1464 1345 πεπραγμένοι,
1493 1310 1610 1345 ζητῆσαι
1640 1310 1712 1344 ἡμᾶς
1744 1309 1821 1342 παρὰ

1072 1367 1080 1384 ι
1103 1358 1158 1384 τῶν
1187 1357 1310 1391 ἀδελφῶν
1341 1357 1419 1391 ἡμῶν
1454 1356 1604 1383 Φαυστίνου
1633 1356 1680 1382 τοῦ
1710 1364 1821 1382 συνεπι-

1072 1413 1081 1429 ι
1102 1404 1214 1435 σκόπου,
1242 1403 1289 1429 καὶ
1315 1402 1447 1428 Φιλίππου
1471 1401 1517 1428 καὶ
1546 1401 1669 1428 ’Δσέλλου
1685 1402 1740 1427 τῶν
1752 1408 1821 1435 συμ-

1073 1459 1082 1475 ι
1105 1449 1299 1484 πρεσῦυτέρων
1317 1469 1325 1481 ,
1354 1449 1399 1476 ἵνα
1432 1449 1634 1483 προενέγκωσιν
1665 1447 1693 1473 εἴ
1721 1456 1747 1473 τι
1777 1447 1822 1482 δή-

1075 1503 1085 1521 (
1105 1503 1168 1521 ποτε
1184 1494 1218 1531 ἦν
1238 1497 1330 1526 αὐτοῖς
1346 1496 1403 1530 ἅμα
1420 1495 1484 1530 ἡμῖν
1507 1495 1644 1529 πρακτέον
1659 1495 1823 1530 ὲττιτραπέν,

1076 1550 1085 1566 ι
1109 1540 1170 1567 τινὰ
1188 1541 1237 1576 μὲν
1251 1541 1383 1574 ἀγράφως
1407 1541 1450 1567 διὰ
1471 1541 1558 1573 λόγων
1577 1540 1823 1575 ἐπεξειργάσαντο·

1077 1595 1089 1612 ι
1110 1587 1189 1622 ἡμῶν
1211 1587 1240 1613 δέ
1272 1587 1483 1621 ἀπαιτησάντων
1504 1586 1574 1620 ὅπερ
1599 1586 1767 1620 ἐπεφέροντο
1781 1585 1824 1618 ἐγ-

1080 1642 1089 1658 ι
1107 1641 1213 1668 γραφον
1228 1634 1447 1668 κομμονιτόριον,
1463 1632 1541 1658 τοῦτο
1559 1633 1727 1667 προήγαγον·
1744 1632 1825 1666 ὅπερ,

1080 1688 1088 1704 ι
1111 1678 1287 1712 ἀναγνωσθέν
1312 1678 1376 1713 παρ’
1411 1678 1508 1713 ήμῶν,
1535 1679 1589 1708 τοῖς
1618 1677 1826 1711 πεπραγμένοις

1079 1733 1089 1749 ι
1107 1724 1148 1750 ἔτι
1163 1724 1216 1759 μὴν
1232 1724 1360 1758 ἐνετάγη,
1371 1724 1427 1753 τοῖς
1443 1723 1489 1749 καὶ
1507 1723 1575 1756 πρὸς
1596 1723 1669 1756 ὑμᾶς
1684 1721 1718 1748 δι’
1734 1722 1826 1748 αὐτῶν

1081 1779 1090 1795 ι
1111 1769 1157 1796 ἐπὶ
1174 1769 1221 1796 τοῦ
1246 1769 1381 1802 παρόντος
1411 1767 1582 1804 φερομένοις.
1611 1767 1654 1793 Ἐν
1668 1764 1690 1800 ᾧ
1703 1766 1827 1801 τέσσαρα

1081 1826 1090 1843 ι
1111 1817 1202 1846 αὐτοις
1214 1824 1275 1841 τινα
1288 1814 1347 1849 ἅμα
1362 1815 1427 1848 ἡμῖν
1450 1813 1574 1848 πρακτέα
1600 1813 1782 1848 ἐνετάγησανο
1798 1812 1827 1839 ἓν

1082 1871 1092 1888 ι
1113 1862 1177 1896 περὶ
1206 1860 1345 1894 ἐγκλήτων
1363 1860 1521 1885 ἐπισκόπων
1535 1860 1602 1893 πρὸς
1625 1859 1671 1884 τὸν
1687 1859 1738 1892 τῆς
1764 1859 1827 1885 Ῥω-

1083 1916 1092 1933 ι
1114 1907 1199 1942 μαίων
1222 1905 1383 1939 Ἐκκλησίας
1409 1905 1484 1939 ἱερέα
1496 1913 1504 1920 ·
1529 1904 1657 1938 δεύτερον
1672 1905 1716 1930 ἵνα
1734 1905 1782 1931 ἐπὶ
1797 1905 1828 1930 τὸ

1083 1963 1092 1980 ι
1114 1953 1260 1987 κομιτᾶτον
1275 1952 1432 1981 ἐπίσκοποι,
1447 1951 1484 1982 ὠς
1501 1950 1591 1984 ἔτυχε,
1606 1949 1643 1984 μὴ
1658 1950 1825 1976 πλεύσωσιν·

1084 2008 1093 2025 ι
1112 1999 1203 2034 τρίτον
1227 1996 1352 2032 περὶτοῦ
1373 1998 1421 2027 τὰς
1437 1996 1527 2027 αἰτίας
1554 1995 1609 2022 τῶν
1634 1996 1828 2030 πρεσϐυτέρων

1084 2054 1093 2071 ι
1113 2045 1160 2072 καὶ
1192 2044 1323 2070 διακόνων
1347 2041 1487 2077 ζητεῖσθαι
1520 2041 1597 2076 παρὰ
1627 2043 1684 2072 τοῖς
1717 2043 1828 2076 ὁμόροις

1084 2099 1094 2116 ι
1116 2090 1287 2121 ἐπισκόποις,
1314 2087 1361 2114 ἐὰν
1387 2089 1420 2114 ἐκ
1437 2087 1491 2113 τῶν
1509 2087 1582 2114 ἰδίων
1611 2087 1665 2114 ἀπὸ
1684 2088 1827 2119 κοινωνίας

1081 2145 1093 2162 ι
1118 2135 1260 2170 προπετῶς
1282 2133 1423 2168 γένωνται*
1439 2133 1578 2167 τέταρτον,
1594 2132 1659 2167 περὶ
1685 2132 1828 2166 υὺρδανοῦ

1085 2191 1094 2208 ι
1113 2181 1161 2208 τοῦ
1180 2180 1332 2207 ἐπισκόπου
1362 2177 1607 2213 ἁποκοινωνητέου,
1629 2177 1645 2213 ἦ
1661 2177 1701 2204 ἔτι
1729 2178 1783 2213 μὴν
1801 2179 1829 2204 ἐν

1085 2237 1094 2254 ι
1123 2226 1215 2262 Ῥώμῃ
1231 2225 1355 2261 κλητέου,
1379 2225 1403 2250 εἰ
1417 2223 1454 2258 μὴ
1474 2224 1508 2250 τὰ
1525 2223 1667 2257 ὀφείλοντα
1681 2223 1831 2258 διορδωοῆ-

1087 2282 1096 2299 ι
1115 2281 1159 2300 ναι
1173 2271 1363 2306 διορθώσηται,
1379 2269 1424 2301 Ἐξ
1438 2266 1475 2296 ὧν
1493 2268 1601 2295 πάντων
1615 2268 1680 2302 περὶ
1694 2268 1741 2294 τοῦ
1754 2268 1831 2304 πρώ-

1087 2327 1097 2344 ι
1115 2325 1162 2344 του
1187 2316 1232 2343 καὶ
1260 2314 1364 2350 τρίτου,
1388 2313 1461 2340 τοῦτ’
1484 2312 1570 2345 ἔστιν,
1598 2313 1641 2339 ἵνα
1655 2313 1761 2344 ἔξεστιν
1791 2314 1831 2345 εἰς

1088 2373 1098 2390 ι
1126 2361 1236 2396 Ῥώμην
1251 2361 1309 2391 τοῖς
1336 2359 1496 2390 ἐπισκόποις
1520 2357 1706 2390 ἐκκαλεῖσθαι,
1727 2359 1774 2384 καὶ
1790 2359 1832 2385 ὅτι

1088 2416 1098 2432 ι
1117 2407 1145 2433 αι
1157 2406 1210 2432 τῶν
1228 2403 1365 2439 κληρικῶν
1379 2403 1464 2429 αἰτίαι
1490 2403 1565 2436 παρὰ
1593 2403 1649 2433 τοῖς
1665 2402 1717 2428 τῶν
1746 2403 1831 2437 ἐπαρο

1088 2461 1097 2479 ι
1116 2452 1184 2487 χιῶν
1204 2451 1294 2477 αὐτῶν
1327 2449 1490 2479 ἐπισκόποις
1519 2447 1703 2483 περατῶνται,
1732 2448 1784 2483 ἠδη
1805 2450 1832 2474 ἐν

1088 2507 1097 2524 ι
1116 2498 1155 2532 τῷ
1181 2496 1344 2531 προλαὸόντι
1375 2494 1490 2528 ἐνιαυτῷ
1514 2494 1675 2528 γράμμασιν
1706 2493 1747 2519 ἔτι
1779 2494 1832 2528 μὴν

1089 2553 1098 2569 ι
1120 2542 1266 2578 ἡμετέροις
1294 2539 1443 2574 πεμφθεῖσι
1459 2538 1498 2573 τῷ
1524 2538 1597 2573 αὺτῷ
1612 2538 1662 2572 τῆς
1676 2545 1832 2573 προσκυνη-

1088 2597 1097 2614 ε
1120 2588 1170 2622 τῆς
1182 2587 1291 2622 μνήμης
1304 2585 1420 2619 Ζωσίμῳ
1441 2583 1480 2618 τῷ
1499 2584 1641 2617 ἐπισκόπῳ
1659 2582 1832 2610 ἐσπουδάσα-

1089 2643 1098 2660 ι
1121 2641 1170 2668 μεν
1194 2631 1352 2667 ἐμφανίσαι,
1381 2630 1423 2656 ἵνα
1437 2629 1522 2655 ταῦτα
1539 2629 1622 2664 χωρίς
1641 2636 1711 2659 τινος
1727 2628 1832 2663 ὑδρεως

1089 2689 1098 2706 ι
1117 2679 1199 2706 αἰατοῦ
1214 2678 1280 2713 πρὶς
1294 2674 1383 2710 ὀλίγον
1405 2675 1577 2710 φυλάξωμεν,
1600 2675 1652 2706 ἓως
1666 2674 1696 2700 οὖ
1719 2675 1832 2709 ζήτησις

1090 2735 1099 2752 ι
1121 2725 1232 2759 γένηται
1247 2724 1300 2749 τῶν
1316 2723 1387 2757 ὀρων
1400 2723 1449 2756 τῆς
1475 2722 1504 2747 ἐν
1519 2721 1622 2755 Νικαίᾳ
1639 2720 1761 2747 συνόδου.
1780 2721 1831 2747 Καὶ

1090 2780 1099 2798 ι
1118 2771 1166 2798 νῦν
1180 2770 1208 2796 δέ
1222 2769 1276 2795 ἀπὸ
1294 2768 1343 2803 τῆς
1358 2768 1406 2802 σῆς
1429 2766 1577 2801 αἰτούμεθα
1595 2766 1761 2801 ἁγιωσύνης.
1780 2767 1833 2799 ῐνα1

1093 2826 1102 2843 ι
1126 2816 1156 2842 ὃν
1171 2816 1271 2851 τρόπον
1287 2814 1374 2840 ταῦτα
1395 2814 1428 2840 τὰ
1440 2814 1468 2839 ἐν
1483 2812 1585 2847 Νικαίᾳ.
1600 2812 1654 2838 ἀπὸ
1677 2813 1731 2839 τῶν
1750 2813 1834 2838 Πατέ-

1089 2872 1101 2890 ι
1121 2871 1176 2898 ρων
1192 2860 1380 2897 ἐπράχθησαν,
1404 2859 1489 2891 οὕτως
1511 2859 1582 2887 αὐτὰ
1596 2858 1664 2892 παρ’
1684 2859 1766 2891 ἡμῶν
1787 2867 1835 2890 φυ-
