  <div class='ocr_page' id='page_1' title='image "/cluster/home/n/w/nwhite01/storage/ocr_20150623/138/njp.32101077773123/276.png"; bbox 0 0 1909 3075; ppageno 0'>
   <div class='ocr_carea' id='block_1_1' title="bbox 124 133 177 163">
    <p class='ocr_par' dir='ltr' id='par_1_1' title="bbox 124 133 177 163">
     <span class='ocr_line' id='line_1_1' title="bbox 124 133 177 163; baseline 0.038 -3"><span class='ocrx_word' id='word_1_1' title='bbox 124 133 177 163; x_wconf 63' lang='grc'><strong>423</strong></span> 
     </span>
    </p>
   </div>
   <div class='ocr_carea' id='block_1_2' title="bbox 610 135 1743 172">
    <p class='ocr_par' dir='ltr' id='par_1_2' title="bbox 610 135 1743 172">
     <span class='ocr_line' id='line_1_2' title="bbox 610 135 1743 172; baseline 0.006 -8"><span class='ocrx_word' id='word_1_2' title='bbox 610 135 651 165; x_wconf 90' lang='grc' dir='ltr'><strong>ΙΝ</strong></span> <span class='ocrx_word' id='word_1_3' title='bbox 672 135 754 166; x_wconf 81' lang='lat' dir='ltr'><strong>CAN.</strong></span> <span class='ocrx_word' id='word_1_4' title='bbox 776 135 903 167; x_wconf 84' lang='lat' dir='ltr'><strong>CXXXV</strong></span> <span class='ocrx_word' id='word_1_5' title='bbox 917 135 1022 168; x_wconf 70' lang='lat' dir='ltr'><strong>CONC.</strong></span> <span class='ocrx_word' id='word_1_6' title='bbox 1034 137 1131 169; x_wconf 81' lang='lat' dir='ltr'><strong>CART</strong></span> <span class='ocrx_word' id='word_1_7' title='bbox 1133 138 1221 169; x_wconf 84' lang='lat' dir='ltr'><strong>HAG.</strong></span> <span class='ocrx_word' id='word_1_8' title='bbox 1692 141 1743 172; x_wconf 66' lang='lat'><strong>434</strong></span> 
     </span>
    </p>
   </div>
   <div class='ocr_carea' id='block_1_3' title="bbox 163 187 919 231">
    <p class='ocr_par' dir='ltr' id='par_1_3' title="bbox 163 187 914 227">
     <span class='ocr_line' id='line_1_3' title="bbox 163 187 914 227; baseline 0.009 -14"><span class='ocrx_word' id='word_1_9' title='bbox 163 198 173 213; x_wconf 89' lang='lat'><strong>1</strong></span> <span class='ocrx_word' id='word_1_10' title='bbox 193 187 330 223; x_wconf 81' lang='grc' dir='ltr'>λαχθῆναι</span> <span class='ocrx_word' id='word_1_11' title='bbox 343 189 473 224; x_wconf 79' lang='grc' dir='ltr'>ποιήσῃς·</span> <span class='ocrx_word' id='word_1_12' title='bbox 503 190 548 216; x_wconf 72' lang='grc' dir='ltr'><strong>καὶ</strong></span> <span class='ocrx_word' id='word_1_13' title='bbox 562 191 655 218; x_wconf 82' lang='grc' dir='ltr'>αὐτόθι</span> <span class='ocrx_word' id='word_1_14' title='bbox 679 192 746 227; x_wconf 79' lang='grc' dir='ltr'>παρ’</span> <span class='ocrx_word' id='word_1_15' title='bbox 761 193 825 227; x_wconf 75' lang='grc' dir='ltr'>ὑμῖν</span> <span class='ocrx_word' id='word_1_16' title='bbox 837 193 870 220; x_wconf 79' lang='grc' dir='ltr'><strong>τὰ</strong></span> <span class='ocrx_word' id='word_1_17' title='bbox 885 194 914 220; x_wconf 73' lang='grc' dir='ltr'>ὲν</span> 
     </span>
    </p>
   </div>
   <div class='ocr_carea' id='block_1_4' title="bbox 1008 187 1779 231">
    <p class='ocr_par' dir='ltr' id='par_1_4' title="bbox 1008 195 1779 231">
     <span class='ocr_line' id='line_1_4' title="bbox 1008 195 1779 231; baseline 0.003 -10"><span class='ocrx_word' id='word_1_18' title='bbox 1008 201 1144 222; x_wconf 82' lang='lat' dir='ltr'><strong>Icausam</strong></span> <span class='ocrx_word' id='word_1_19' title='bbox 1174 202 1279 222; x_wconf 89' lang='lat' dir='ltr'><strong>suama</strong></span> <span class='ocrx_word' id='word_1_20' title='bbox 1306 195 1438 230; x_wconf 84' lang='lat' dir='ltr'><strong>principio</strong></span> <span class='ocrx_word' id='word_1_21' title='bbox 1465 196 1551 223; x_wconf 87' lang='lat' dir='ltr'><strong>audiri</strong></span> <span class='ocrx_word' id='word_1_22' title='bbox 1579 199 1664 231; x_wconf 84' lang='lat' dir='ltr'><strong>rogat,</strong></span> <span class='ocrx_word' id='word_1_23' title='bbox 1695 205 1743 223; x_wconf 86' lang='lat' dir='ltr'><strong>sua</strong></span> <span class='ocrx_word' id='word_1_24' title='bbox 1764 208 1779 218; x_wconf 71' lang='grc' dir='ltr'>α</span> 
     </span>
    </p>
   </div>
   <div class='ocr_carea' id='block_1_5' title="bbox 162 234 911 274">
    <p class='ocr_par' dir='ltr' id='par_1_5' title="bbox 162 234 911 274">
     <span class='ocr_line' id='line_1_5' title="bbox 162 234 911 274; baseline 0.008 -14"><span class='ocrx_word' id='word_1_25' title='bbox 162 244 171 260; x_wconf 95' lang='lat'><strong>1</strong></span> <span class='ocrx_word' id='word_1_26' title='bbox 190 234 228 269; x_wconf 81' lang='grc' dir='ltr'>τῷ</span> <span class='ocrx_word' id='word_1_27' title='bbox 250 235 327 269; x_wconf 83' lang='grc' dir='ltr'><strong>αὑτῷ</strong></span> <span class='ocrx_word' id='word_1_28' title='bbox 346 236 463 270; x_wconf 83' lang='grc' dir='ltr'>κείμενα</span> <span class='ocrx_word' id='word_1_29' title='bbox 491 238 697 273; x_wconf 88' lang='grc' dir='ltr'>κομμονιτορίῳ</span> <span class='ocrx_word' id='word_1_30' title='bbox 720 240 911 274; x_wconf 85' lang='grc' dir='ltr'>γυμνασθῆναι</span> 
     </span>
    </p>
   </div>
   <div class='ocr_carea' id='block_1_6' title="bbox 162 282 912 320">
    <p class='ocr_par' dir='ltr' id='par_1_6' title="bbox 162 282 912 320">
     <span class='ocr_line' id='line_1_6' title="bbox 162 282 912 320; baseline 0.009 -14"><span class='ocrx_word' id='word_1_31' title='bbox 162 290 171 306; x_wconf 91' lang='lat'><strong>1</strong></span> <span class='ocrx_word' id='word_1_32' title='bbox 193 282 321 316; x_wconf 75' lang='grc' dir='ltr'><strong>ποιήσῃς·</strong></span> <span class='ocrx_word' id='word_1_33' title='bbox 338 282 411 308; x_wconf 82' lang='grc' dir='ltr'>τοῦτ’</span> <span class='ocrx_word' id='word_1_34' title='bbox 430 282 514 315; x_wconf 73' lang='grc' dir='ltr'>ἔστιν,</span> <span class='ocrx_word' id='word_1_35' title='bbox 541 283 589 310; x_wconf 77' lang='grc' dir='ltr'><strong>ἐὰν</strong></span> <span class='ocrx_word' id='word_1_36' title='bbox 614 284 767 316; x_wconf 76' lang='grc' dir='ltr'>ἐπίσκοπος</span> <span class='ocrx_word' id='word_1_37' title='bbox 795 295 912 320; x_wconf 87' lang='grc' dir='ltr'>κατηγο-</span> 
     </span>
    </p>
   </div>
   <div class='ocr_carea' id='block_1_7' title="bbox 163 328 911 367">
    <p class='ocr_par' dir='ltr' id='par_1_7' title="bbox 163 328 911 367">
     <span class='ocr_line' id='line_1_7' title="bbox 163 328 911 367; baseline 0.009 -14"><span class='ocrx_word' id='word_1_38' title='bbox 163 332 172 354; x_wconf 82' lang='lat' dir='ltr'><strong>t</strong></span> <span class='ocrx_word' id='word_1_39' title='bbox 194 328 275 363; x_wconf 82' lang='grc' dir='ltr'>ρηθῇ.</span> <span class='ocrx_word' id='word_1_40' title='bbox 289 329 336 355; x_wconf 71' lang='grc' dir='ltr'><strong>καὶ</strong></span> <span class='ocrx_word' id='word_1_41' title='bbox 348 329 372 355; x_wconf 73' lang='lat' dir='ltr'><strong>ot</strong></span> <span class='ocrx_word' id='word_1_42' title='bbox 396 329 569 361; x_wconf 77' lang='grc' dir='ltr'><strong>συνελθόντες</strong></span> <span class='ocrx_word' id='word_1_43' title='bbox 586 331 735 358; x_wconf 73' lang='grc' dir='ltr'>ἐπίσκοποι</span> <span class='ocrx_word' id='word_1_44' title='bbox 753 334 803 367; x_wconf 86' lang='grc' dir='ltr'>τῆς</span> <span class='ocrx_word' id='word_1_45' title='bbox 825 333 911 367; x_wconf 79' lang='grc' dir='ltr'>αὐτῆς</span> 
     </span>
    </p>
   </div>
   <div class='ocr_carea' id='block_1_8' title="bbox 163 373 911 412">
    <p class='ocr_par' dir='ltr' id='par_1_8' title="bbox 163 373 911 412">
     <span class='ocr_line' id='line_1_8' title="bbox 163 373 911 412; baseline 0.011 -14"><span class='ocrx_word' id='word_1_46' title='bbox 163 383 172 398; x_wconf 87' lang='lat'><strong>1</strong></span> <span class='ocrx_word' id='word_1_47' title='bbox 192 373 329 408; x_wconf 71' lang='grc' dir='ltr'>ἐπαρχίας</span> <span class='ocrx_word' id='word_1_48' title='bbox 359 374 486 408; x_wconf 71' lang='grc' dir='ltr'>κρίνωσι,</span> <span class='ocrx_word' id='word_1_49' title='bbox 511 375 560 402; x_wconf 74' lang='grc' dir='ltr'>καὶ</span> <span class='ocrx_word' id='word_1_50' title='bbox 585 377 616 402; x_wconf 77' lang='grc' dir='ltr'>ἐκ</span> <span class='ocrx_word' id='word_1_51' title='bbox 642 378 690 403; x_wconf 82' lang='grc' dir='ltr'>τοῦ</span> <span class='ocrx_word' id='word_1_52' title='bbox 707 378 813 412; x_wconf 77' lang='grc' dir='ltr'><strong>βαθμοῦ</strong></span> <span class='ocrx_word' id='word_1_53' title='bbox 827 379 911 406; x_wconf 81' lang='grc' dir='ltr'>αὐτοῦ</span> 
     </span>
    </p>
   </div>
   <div class='ocr_carea' id='block_1_9' title="bbox 161 419 912 457">
    <p class='ocr_par' dir='ltr' id='par_1_9' title="bbox 161 419 912 457">
     <span class='ocr_line' id='line_1_9' title="bbox 161 419 912 457; baseline 0.009 -12"><span class='ocrx_word' id='word_1_54' title='bbox 161 429 171 445; x_wconf 95' lang='lat'><strong>1</strong></span> <span class='ocrx_word' id='word_1_55' title='bbox 196 419 350 446; x_wconf 79' lang='grc' dir='ltr'><strong>καθέλωσιν</strong></span> <span class='ocrx_word' id='word_1_56' title='bbox 371 420 464 451; x_wconf 79' lang='grc' dir='ltr'>αὐτὸν.</span> <span class='ocrx_word' id='word_1_57' title='bbox 495 421 559 448; x_wconf 80' lang='grc' dir='ltr'>ὅταν</span> <span class='ocrx_word' id='word_1_58' title='bbox 581 423 642 457; x_wconf 80' lang='grc' dir='ltr'>δόξῃ</span> <span class='ocrx_word' id='word_1_59' title='bbox 666 424 852 457; x_wconf 73' lang='grc' dir='ltr'>ἐκκαλεῖσθαι,</span> <span class='ocrx_word' id='word_1_60' title='bbox 865 425 912 452; x_wconf 84' lang='grc' dir='ltr'>καὶ</span> 
     </span>
    </p>
   </div>
   <div class='ocr_carea' id='block_1_10' title="bbox 161 465 912 505">
    <p class='ocr_par' dir='ltr' id='par_1_10' title="bbox 161 465 912 505">
     <span class='ocr_line' id='line_1_10' title="bbox 161 465 912 505; baseline 0.011 -15"><span class='ocrx_word' id='word_1_61' title='bbox 161 473 172 490; x_wconf 92' lang='lat'><strong>1</strong></span> <span class='ocrx_word' id='word_1_62' title='bbox 191 465 260 499; x_wconf 73' lang='grc' dir='ltr'>πρὸς</span> <span class='ocrx_word' id='word_1_63' title='bbox 270 465 316 491; x_wconf 77' lang='grc' dir='ltr'><strong>τὸν</strong></span> <span class='ocrx_word' id='word_1_64' title='bbox 332 466 544 500; x_wconf 79' lang='grc' dir='ltr'><strong>μακαριώτατον</strong></span> <span class='ocrx_word' id='word_1_65' title='bbox 557 468 607 502; x_wconf 84' lang='grc' dir='ltr'>τῆς</span> <span class='ocrx_word' id='word_1_66' title='bbox 629 468 775 503; x_wconf 84' lang='grc' dir='ltr'>Ῥωμαίων</span> <span class='ocrx_word' id='word_1_67' title='bbox 798 471 912 505; x_wconf 85' lang='grc' dir='ltr'>Ἐκκλη-</span> 
     </span>
    </p>
   </div>
   <div class='ocr_carea' id='block_1_11' title="bbox 162 511 912 552">
    <p class='ocr_par' dir='ltr' id='par_1_11' title="bbox 162 511 912 552">
     <span class='ocr_line' id='line_1_11' title="bbox 162 511 912 552; baseline 0.011 -16"><span class='ocrx_word' id='word_1_68' title='bbox 162 519 172 536; x_wconf 90' lang='lat'><strong>1</strong></span> <span class='ocrx_word' id='word_1_69' title='bbox 193 511 254 542; x_wconf 85' lang='grc' dir='ltr'>σίας</span> <span class='ocrx_word' id='word_1_70' title='bbox 273 511 426 538; x_wconf 72' lang='grc' dir='ltr'>ἐπίσκοπον</span> <span class='ocrx_word' id='word_1_71' title='bbox 453 514 611 548; x_wconf 76' lang='grc' dir='ltr'><strong>καταφύγῃ·</strong></span> <span class='ocrx_word' id='word_1_72' title='bbox 636 515 683 541; x_wconf 62' lang='lat' dir='ltr'><strong>MV</strong></span> <span class='ocrx_word' id='word_1_73' title='bbox 708 515 801 552; x_wconf 83' lang='grc' dir='ltr'>συνίδῃ</span> <span class='ocrx_word' id='word_1_74' title='bbox 830 517 912 544; x_wconf 83' lang='grc' dir='ltr'>αὑτὸν</span> 
     </span>
    </p>
   </div>
   <div class='ocr_carea' id='block_1_12' title="bbox 164 555 912 594">
    <p class='ocr_par' dir='ltr' id='par_1_12' title="bbox 164 555 912 594">
     <span class='ocr_line' id='line_1_12' title="bbox 164 555 912 594; baseline 0.011 -13"><span class='ocrx_word' id='word_1_75' title='bbox 164 564 173 581; x_wconf 91' lang='lat'><strong>1</strong></span> <span class='ocrx_word' id='word_1_76' title='bbox 194 555 375 590; x_wconf 79' lang='grc' dir='ltr'><strong>ἀκουσθῆναι,</strong></span> <span class='ocrx_word' id='word_1_77' title='bbox 389 557 436 583; x_wconf 75' lang='grc' dir='ltr'>καὶ</span> <span class='ocrx_word' id='word_1_78' title='bbox 449 556 555 584; x_wconf 63' lang='grc' dir='ltr'>δίκαιον</span> <span class='ocrx_word' id='word_1_79' title='bbox 581 558 734 594; x_wconf 70' lang='grc' dir='ltr'><strong>λογίσηται,</strong></span> <span class='ocrx_word' id='word_1_80' title='bbox 752 561 822 588; x_wconf 81' lang='grc' dir='ltr'>ὥστε</span> <span class='ocrx_word' id='word_1_81' title='bbox 848 563 912 589; x_wconf 87' lang='grc' dir='ltr'>ἀνα-</span> 
     </span>
    </p>
   </div>
   <div class='ocr_carea' id='block_1_13' title="bbox 162 601 912 642">
    <p class='ocr_par' dir='ltr' id='par_1_13' title="bbox 162 601 912 642">
     <span class='ocr_line' id='line_1_13' title="bbox 162 601 912 642; baseline 0.012 -16"><span class='ocrx_word' id='word_1_82' title='bbox 162 610 173 626; x_wconf 97' lang='lat'><strong>1</strong></span> <span class='ocrx_word' id='word_1_83' title='bbox 191 601 327 635; x_wconf 82' lang='grc' dir='ltr'>νεωθῆναι</span> <span class='ocrx_word' id='word_1_84' title='bbox 355 601 407 637; x_wconf 82' lang='grc' dir='ltr'>τὴν</span> <span class='ocrx_word' id='word_1_85' title='bbox 428 602 529 636; x_wconf 84' lang='grc' dir='ltr'>κρίσιν,</span> <span class='ocrx_word' id='word_1_86' title='bbox 553 604 657 639; x_wconf 80' lang='grc' dir='ltr'>γράψαι</span> <span class='ocrx_word' id='word_1_87' title='bbox 683 606 842 642; x_wconf 78' lang='grc' dir='ltr'>καταξιώσῃ</span> <span class='ocrx_word' id='word_1_88' title='bbox 856 609 912 640; x_wconf 85' lang='grc' dir='ltr'>τοῖς</span> 
     </span>
    </p>
   </div>
   <div class='ocr_carea' id='block_1_14' title="bbox 162 648 913 687">
    <p class='ocr_par' dir='ltr' id='par_1_14' title="bbox 162 648 913 687">
     <span class='ocr_line' id='line_1_14' title="bbox 162 648 913 687; baseline 0.011 -14"><span class='ocrx_word' id='word_1_89' title='bbox 162 657 172 673; x_wconf 93' lang='lat'><strong>1</strong></span> <span class='ocrx_word' id='word_1_90' title='bbox 193 649 223 674; x_wconf 77' lang='grc' dir='ltr'>ἐν</span> <span class='ocrx_word' id='word_1_91' title='bbox 234 649 267 683; x_wconf 86' lang='grc' dir='ltr'><strong>τῇ</strong></span> <span class='ocrx_word' id='word_1_92' title='bbox 282 648 376 683; x_wconf 82' lang='grc' dir='ltr'><strong>ὁμόρῳ</strong></span> <span class='ocrx_word' id='word_1_93' title='bbox 398 649 445 676; x_wconf 66' lang='grc' dir='ltr'><strong>καί¹</strong></span> <span class='ocrx_word' id='word_1_94' title='bbox 469 649 622 686; x_wconf 79' lang='grc' dir='ltr'>ὲγγιξούσῃ</span> <span class='ocrx_word' id='word_1_95' title='bbox 637 652 757 687; x_wconf 72' lang='grc' dir='ltr'>ἐπαρχία</span> <span class='ocrx_word' id='word_1_96' title='bbox 772 653 913 681; x_wconf 82' lang='grc' dir='ltr'>καθεστῶ-</span> 
     </span>
    </p>
   </div>
   <div class='ocr_carea' id='block_1_15' title="bbox 161 694 912 733">
    <p class='ocr_par' dir='ltr' id='par_1_15' title="bbox 161 694 912 733">
     <span class='ocr_line' id='line_1_15' title="bbox 161 694 912 733; baseline 0.008 -13"><span class='ocrx_word' id='word_1_97' title='bbox 161 703 172 719; x_wconf 89' lang='lat'><strong>1</strong></span> <span class='ocrx_word' id='word_1_98' title='bbox 194 702 236 720; x_wconf 89' lang='grc' dir='ltr'><strong>σιν</strong></span> <span class='ocrx_word' id='word_1_99' title='bbox 263 694 437 726; x_wconf 72' lang='grc' dir='ltr'>ἐπισκόποις,</span> <span class='ocrx_word' id='word_1_100' title='bbox 466 694 511 722; x_wconf 85' lang='grc' dir='ltr'>ῐνα</span> <span class='ocrx_word' id='word_1_101' title='bbox 531 695 610 723; x_wconf 64' lang='grc' dir='ltr'><strong>αὐτοὶΙ</strong></span> <span class='ocrx_word' id='word_1_102' title='bbox 643 698 734 724; x_wconf 82' lang='grc' dir='ltr'>πάντα</span> <span class='ocrx_word' id='word_1_103' title='bbox 771 699 912 733; x_wconf 75' lang='grc' dir='ltr'><strong>ἐπιμελῶς</strong></span> 
     </span>
    </p>
   </div>
   <div class='ocr_carea' id='block_1_16' title="bbox 162 739 913 778">
    <p class='ocr_par' dir='ltr' id='par_1_16' title="bbox 162 739 913 778">
     <span class='ocr_line' id='line_1_16' title="bbox 162 739 913 778; baseline 0.007 -13"><span class='ocrx_word' id='word_1_104' title='bbox 162 749 172 765; x_wconf 87' lang='lat'><strong>1</strong></span> <span class='ocrx_word' id='word_1_105' title='bbox 193 739 400 774; x_wconf 78' lang='grc' dir='ltr'>ἀναζητήσωσι,</span> <span class='ocrx_word' id='word_1_106' title='bbox 410 740 457 767; x_wconf 77' lang='grc' dir='ltr'><strong>καὶ</strong></span> <span class='ocrx_word' id='word_1_107' title='bbox 470 741 540 768; x_wconf 87' lang='grc' dir='ltr'>κατὰ</span> <span class='ocrx_word' id='word_1_108' title='bbox 551 742 602 777; x_wconf 78' lang='grc' dir='ltr'>τὴν</span> <span class='ocrx_word' id='word_1_109' title='bbox 617 742 709 769; x_wconf 80' lang='grc' dir='ltr'>πίστιν</span> <span class='ocrx_word' id='word_1_110' title='bbox 722 743 771 778; x_wconf 82' lang='grc' dir='ltr'>τῆς</span> <span class='ocrx_word' id='word_1_111' title='bbox 784 743 913 778; x_wconf 76' lang='grc' dir='ltr'><strong>ἀληθείας</strong></span> 
     </span>
    </p>
   </div>
   <div class='ocr_carea' id='block_1_17' title="bbox 163 786 913 826">
    <p class='ocr_par' dir='ltr' id='par_1_17' title="bbox 163 786 913 826">
     <span class='ocr_line' id='line_1_17' title="bbox 163 786 913 826; baseline 0.008 -15"><span class='ocrx_word' id='word_1_112' title='bbox 163 795 174 811; x_wconf 88' lang='lat'><strong>1</strong></span> <span class='ocrx_word' id='word_1_113' title='bbox 195 786 402 821; x_wconf 61' lang='lat' dir='ltr'><strong>impudicorum.</strong></span> <span class='ocrx_word' id='word_1_114' title='bbox 441 787 505 814; x_wconf 80' lang='grc' dir='ltr'>Ἐἀν</span> <span class='ocrx_word' id='word_1_115' title='bbox 524 787 552 814; x_wconf 78' lang='grc' dir='ltr'>δὲ</span> <span class='ocrx_word' id='word_1_116' title='bbox 576 788 624 814; x_wconf 73' lang='grc' dir='ltr'>καὶ</span> <span class='ocrx_word' id='word_1_117' title='bbox 644 790 658 815; x_wconf 88' lang='grc' dir='ltr'><strong>ὀ</strong></span> <span class='ocrx_word' id='word_1_118' title='bbox 679 790 848 824; x_wconf 77' lang='grc' dir='ltr'>παρακαλῶν</span> <span class='ocrx_word' id='word_1_119' title='bbox 863 792 913 826; x_wconf 83' lang='grc' dir='ltr'>τὴν</span> 
     </span>
    </p>
   </div>
   <div class='ocr_carea' id='block_1_18' title="bbox 162 832 914 872">
    <p class='ocr_par' dir='ltr' id='par_1_18' title="bbox 162 832 914 872">
     <span class='ocr_line' id='line_1_18' title="bbox 162 832 914 872; baseline 0.008 -14"><span class='ocrx_word' id='word_1_120' title='bbox 162 841 175 858; x_wconf 85' lang='lat'><strong>1</strong></span> <span class='ocrx_word' id='word_1_121' title='bbox 193 832 282 859; x_wconf 76' lang='grc' dir='ltr'>αἰτίαν</span> <span class='ocrx_word' id='word_1_122' title='bbox 294 832 376 859; x_wconf 78' lang='grc' dir='ltr'>αὐτοῦ</span> <span class='ocrx_word' id='word_1_123' title='bbox 387 833 489 859; x_wconf 78' lang='grc' dir='ltr'>ἄνωθεν</span> <span class='ocrx_word' id='word_1_124' title='bbox 497 834 665 868; x_wconf 79' lang='grc' dir='ltr'>ἀκουσθῆναι</span> <span class='ocrx_word' id='word_1_125' title='bbox 678 835 732 870; x_wconf 82' lang='grc' dir='ltr'>ἰδίᾳ</span> <span class='ocrx_word' id='word_1_126' title='bbox 741 835 827 870; x_wconf 74' lang='grc' dir='ltr'>ἱκεσίᾳ</span> <span class='ocrx_word' id='word_1_127' title='bbox 837 838 914 872; x_wconf 85' lang='grc' dir='ltr'>κινή-</span> 
     </span>
    </p>
   </div>
   <div class='ocr_carea' id='block_1_19' title="bbox 170 878 912 914">
    <p class='ocr_par' dir='ltr' id='par_1_19' title="bbox 170 878 912 914">
     <span class='ocr_line' id='line_1_19' title="bbox 170 878 912 914; baseline 0.009 -10"><span class='ocrx_word' id='word_1_128' title='bbox 170 889 180 904; x_wconf 90' lang='lat'><strong>1</strong></span> <span class='ocrx_word' id='word_1_129' title='bbox 199 888 232 914; x_wconf 85' lang='grc' dir='ltr'><strong>σῃ</strong></span> <span class='ocrx_word' id='word_1_130' title='bbox 248 878 295 905; x_wconf 83' lang='grc' dir='ltr'><strong>τδν</strong></span> <span class='ocrx_word' id='word_1_131' title='bbox 313 879 473 913; x_wconf 79' lang='grc' dir='ltr'>Ῥωμαϊκὸν</span> <span class='ocrx_word' id='word_1_132' title='bbox 488 881 648 914; x_wconf 77' lang='grc' dir='ltr'>ἐπίσκοπον,</span> <span class='ocrx_word' id='word_1_133' title='bbox 663 882 706 909; x_wconf 78' lang='grc' dir='ltr'>ἵνα</span> <span class='ocrx_word' id='word_1_134' title='bbox 721 884 753 910; x_wconf 81' lang='grc' dir='ltr'>ὲκ</span> <span class='ocrx_word' id='word_1_135' title='bbox 766 883 813 910; x_wconf 82' lang='grc' dir='ltr'><strong>τοῦ</strong></span> <span class='ocrx_word' id='word_1_136' title='bbox 830 885 912 911; x_wconf 79' lang='grc' dir='ltr'>αὐτοῦ</span> 
     </span>
    </p>
   </div>
   <div class='ocr_carea' id='block_1_20' title="bbox 167 923 910 965">
    <p class='ocr_par' dir='ltr' id='par_1_20' title="bbox 167 923 910 965">
     <span class='ocr_line' id='line_1_20' title="bbox 167 923 910 965; baseline 0.009 -16"><span class='ocrx_word' id='word_1_137' title='bbox 167 934 176 949; x_wconf 91' lang='lat'><strong>1</strong></span> <span class='ocrx_word' id='word_1_138' title='bbox 195 923 315 958; x_wconf 85' lang='grc' dir='ltr'>πλευροῦ</span> <span class='ocrx_word' id='word_1_139' title='bbox 327 925 513 960; x_wconf 74' lang='grc' dir='ltr'>πρεσϐύτερον</span> <span class='ocrx_word' id='word_1_140' title='bbox 530 927 722 963; x_wconf 78' lang='grc' dir='ltr'>ἀποστεί).ῃ,ὲν</span> <span class='ocrx_word' id='word_1_141' title='bbox 740 929 773 963; x_wconf 81' lang='grc' dir='ltr'>τῇ</span> <span class='ocrx_word' id='word_1_142' title='bbox 799 929 910 965; x_wconf 78' lang='grc' dir='ltr'>ἐξουσίᾳ</span> 
     </span>
    </p>
   </div>
   <div class='ocr_carea' id='block_1_21' title="bbox 165 969 915 1010">
    <p class='ocr_par' dir='ltr' id='par_1_21' title="bbox 165 969 915 1010">
     <span class='ocr_line' id='line_1_21' title="bbox 165 969 915 1010; baseline 0.009 -15"><span class='ocrx_word' id='word_1_143' title='bbox 165 979 175 994; x_wconf 88' lang='lat'><strong>1</strong></span> <span class='ocrx_word' id='word_1_144' title='bbox 196 969 269 996; x_wconf 83' lang='grc' dir='ltr'>τοῦτ’</span> <span class='ocrx_word' id='word_1_145' title='bbox 300 970 360 996; x_wconf 75' lang='grc' dir='ltr'>ἐστι</span> <span class='ocrx_word' id='word_1_146' title='bbox 385 970 432 997; x_wconf 81' lang='grc' dir='ltr'><strong>τοῦ</strong></span> <span class='ocrx_word' id='word_1_147' title='bbox 456 971 617 1003; x_wconf 72' lang='grc' dir='ltr'>ἐπισκόπου,</span> <span class='ocrx_word' id='word_1_148' title='bbox 645 973 671 1000; x_wconf 87' lang='grc' dir='ltr'><strong>τί</strong></span> <span class='ocrx_word' id='word_1_149' title='bbox 697 974 816 1010; x_wconf 83' lang='grc' dir='ltr'>βουληθῇ</span> <span class='ocrx_word' id='word_1_150' title='bbox 829 975 877 1002; x_wconf 81' lang='grc' dir='ltr'>καὶ</span> <span class='ocrx_word' id='word_1_151' title='bbox 888 975 915 1002; x_wconf 88' lang='grc' dir='ltr'><strong>τί</strong></span> 
     </span>
    </p>
   </div>
   <div class='ocr_carea' id='block_1_22' title="bbox 165 1016 915 1055">
    <p class='ocr_par' dir='ltr' id='par_1_22' title="bbox 165 1016 915 1055">
     <span class='ocr_line' id='line_1_22' title="bbox 165 1016 915 1055; baseline 0.009 -14"><span class='ocrx_word' id='word_1_152' title='bbox 165 1025 179 1041; x_wconf 63' lang='grc' dir='ltr'><strong>«ν</strong></span> <span class='ocrx_word' id='word_1_153' title='bbox 196 1016 288 1051; x_wconf 84' lang='grc' dir='ltr'>κρίνῃ.</span> <span class='ocrx_word' id='word_1_154' title='bbox 300 1017 353 1042; x_wconf 78' lang='grc' dir='ltr'><strong>Καὶ</strong></span> <span class='ocrx_word' id='word_1_155' title='bbox 365 1017 413 1043; x_wconf 70' lang='grc' dir='ltr'>ἑὰν</span> <span class='ocrx_word' id='word_1_156' title='bbox 424 1017 576 1054; x_wconf 80' lang='grc' dir='ltr'>ψηφίσηται</span> <span class='ocrx_word' id='word_1_157' title='bbox 589 1021 652 1050; x_wconf 79' lang='grc' dir='ltr'>τοὺς</span> <span class='ocrx_word' id='word_1_158' title='bbox 668 1020 829 1054; x_wconf 83' lang='grc' dir='ltr'>ὀφείλοντας</span> <span class='ocrx_word' id='word_1_159' title='bbox 843 1022 915 1055; x_wconf 82' lang='grc' dir='ltr'>μετὰ</span> 
     </span>
    </p>
   </div>
   <div class='ocr_carea' id='block_1_23' title="bbox 167 1061 915 1102">
    <p class='ocr_par' dir='ltr' id='par_1_23' title="bbox 167 1061 915 1102">
     <span class='ocr_line' id='line_1_23' title="bbox 167 1061 915 1102; baseline 0.011 -17"><span class='ocrx_word' id='word_1_160' title='bbox 167 1069 176 1084; x_wconf 86' lang='grc' dir='ltr'><strong>ι</strong></span> <span class='ocrx_word' id='word_1_161' title='bbox 199 1061 252 1086; x_wconf 86' lang='grc' dir='ltr'><strong>τῶν</strong></span> <span class='ocrx_word' id='word_1_162' title='bbox 270 1061 430 1088; x_wconf 73' lang='grc' dir='ltr'>ιπισκόπων</span> <span class='ocrx_word' id='word_1_163' title='bbox 450 1063 589 1096; x_wconf 86' lang='grc' dir='ltr'>παρόντας</span> <span class='ocrx_word' id='word_1_164' title='bbox 608 1065 711 1099; x_wconf 77' lang='grc' dir='ltr'>κρῖναι,</span> <span class='ocrx_word' id='word_1_165' title='bbox 733 1065 844 1100; x_wconf 76' lang='grc' dir='ltr'>ἔχοντας</span> <span class='ocrx_word' id='word_1_166' title='bbox 864 1066 915 1102; x_wconf 81' lang='grc' dir='ltr'>τὴν</span> 
     </span>
    </p>
   </div>
   <div class='ocr_carea' id='block_1_24' title="bbox 168 1106 915 1146">
    <p class='ocr_par' dir='ltr' id='par_1_24' title="bbox 168 1106 915 1146">
     <span class='ocr_line' id='line_1_24' title="bbox 168 1106 915 1146; baseline 0.009 -13"><span class='ocrx_word' id='word_1_167' title='bbox 168 1117 177 1132; x_wconf 93' lang='lat'><strong>1</strong></span> <span class='ocrx_word' id='word_1_168' title='bbox 200 1107 343 1134; x_wconf 80' lang='grc' dir='ltr'>αὐθεντίαν</span> <span class='ocrx_word' id='word_1_169' title='bbox 361 1108 444 1134; x_wconf 82' lang='grc' dir='ltr'>αὐτοῦ</span> <span class='ocrx_word' id='word_1_170' title='bbox 472 1109 501 1142; x_wconf 77' lang='grc' dir='ltr'><strong>ἐξ</strong></span> <span class='ocrx_word' id='word_1_171' title='bbox 517 1106 548 1136; x_wconf 77' lang='grc' dir='ltr'><strong>οὗ</strong></span> <span class='ocrx_word' id='word_1_172' title='bbox 565 1110 772 1146; x_wconf 69' lang='grc' dir='ltr'>ἀπεστάλησαν,</span> <span class='ocrx_word' id='word_1_173' title='bbox 795 1112 873 1140; x_wconf 83' lang='grc' dir='ltr'>ἔσται</span> <span class='ocrx_word' id='word_1_174' title='bbox 886 1114 915 1140; x_wconf 75' lang='grc' dir='ltr'>ὲν</span> 
     </span>
    </p>
   </div>
   <div class='ocr_carea' id='block_1_25' title="bbox 167 1153 915 1193">
    <p class='ocr_par' dir='ltr' id='par_1_25' title="bbox 167 1153 915 1193">
     <span class='ocr_line' id='line_1_25' title="bbox 167 1153 915 1193; baseline 0.011 -15"><span class='ocrx_word' id='word_1_175' title='bbox 167 1162 178 1178; x_wconf 89' lang='lat'><strong>1</strong></span> <span class='ocrx_word' id='word_1_176' title='bbox 200 1154 233 1187; x_wconf 82' lang='grc' dir='ltr'><strong>τῇ</strong></span> <span class='ocrx_word' id='word_1_177' title='bbox 255 1153 346 1188; x_wconf 87' lang='grc' dir='ltr'>κρίσει</span> <span class='ocrx_word' id='word_1_178' title='bbox 372 1153 466 1181; x_wconf 82' lang='grc' dir='ltr'>αὐτοῦ·</span> <span class='ocrx_word' id='word_1_179' title='bbox 483 1155 532 1180; x_wconf 83' lang='grc' dir='ltr'>ἐὰν</span> <span class='ocrx_word' id='word_1_180' title='bbox 556 1155 585 1182; x_wconf 80' lang='grc' dir='ltr'>δὲ</span> <span class='ocrx_word' id='word_1_181' title='bbox 604 1157 649 1182; x_wconf 72' lang='grc' dir='ltr'>καὶ</span> <span class='ocrx_word' id='word_1_182' title='bbox 665 1157 799 1193; x_wconf 81' lang='grc' dir='ltr'>πιστεύσῃ</span> <span class='ocrx_word' id='word_1_183' title='bbox 820 1159 915 1193; x_wconf 77' lang='grc' dir='ltr'>ἀρκεῖν</span> 
     </span>
    </p>
   </div>
   <div class='ocr_carea' id='block_1_26' title="bbox 168 1197 915 1236">
    <p class='ocr_par' dir='ltr' id='par_1_26' title="bbox 168 1197 915 1236">
     <span class='ocr_line' id='line_1_26' title="bbox 168 1197 915 1236; baseline 0.012 -14"><span class='ocrx_word' id='word_1_184' title='bbox 168 1207 178 1221; x_wconf 87' lang='lat'><strong>1</strong></span> <span class='ocrx_word' id='word_1_185' title='bbox 198 1197 261 1229; x_wconf 77' lang='grc' dir='ltr'>τοὺς</span> <span class='ocrx_word' id='word_1_186' title='bbox 294 1198 463 1229; x_wconf 78' lang='grc' dir='ltr'>ἐπισκόπους</span> <span class='ocrx_word' id='word_1_187' title='bbox 488 1200 558 1233; x_wconf 83' lang='grc' dir='ltr'>πρὸς</span> <span class='ocrx_word' id='word_1_188' title='bbox 581 1201 612 1227; x_wconf 82' lang='grc' dir='ltr'><strong>τὸ</strong></span> <span class='ocrx_word' id='word_1_189' title='bbox 645 1203 806 1236; x_wconf 84' lang='grc' dir='ltr'>περατῶσαι</span> <span class='ocrx_word' id='word_1_190' title='bbox 820 1203 853 1230; x_wconf 85' lang='grc' dir='ltr'>τὰ</span> <span class='ocrx_word' id='word_1_191' title='bbox 867 1204 915 1230; x_wconf 74' lang='grc' dir='ltr'>τοῦ</span> 
     </span>
    </p>
   </div>
   <div class='ocr_carea' id='block_1_27' title="bbox 169 1243 916 1284">
    <p class='ocr_par' dir='ltr' id='par_1_27' title="bbox 169 1243 916 1284">
     <span class='ocr_line' id='line_1_27' title="bbox 169 1243 916 1284; baseline 0.012 -16"><span class='ocrx_word' id='word_1_192' title='bbox 169 1252 179 1268; x_wconf 92' lang='lat'><strong>1</strong></span> <span class='ocrx_word' id='word_1_193' title='bbox 207 1243 382 1277; x_wconf 82' lang='grc' dir='ltr'>πράγματος,</span> <span class='ocrx_word' id='word_1_194' title='bbox 400 1245 503 1280; x_wconf 84' lang='grc' dir='ltr'>ποιήσῃ</span> <span class='ocrx_word' id='word_1_195' title='bbox 518 1246 587 1280; x_wconf 76' lang='grc' dir='ltr'>ὅπερ</span> <span class='ocrx_word' id='word_1_196' title='bbox 604 1246 643 1281; x_wconf 85' lang='grc' dir='ltr'>τῷ</span> <span class='ocrx_word' id='word_1_197' title='bbox 666 1249 814 1284; x_wconf 84' lang='grc' dir='ltr'>σοφωτάτῳ</span> <span class='ocrx_word' id='word_1_198' title='bbox 841 1249 916 1284; x_wconf 81' lang='grc' dir='ltr'>αὐτῷ</span> 
     </span>
    </p>
   </div>
   <div class='ocr_carea' id='block_1_28' title="bbox 170 1287 917 1329">
    <p class='ocr_par' dir='ltr' id='par_1_28' title="bbox 170 1287 917 1329">
     <span class='ocr_line' id='line_1_28' title="bbox 170 1287 917 1329; baseline 0.011 -16"><span class='ocrx_word' id='word_1_199' title='bbox 170 1296 180 1313; x_wconf 92' lang='lat'><strong>1</strong></span> <span class='ocrx_word' id='word_1_200' title='bbox 200 1287 292 1324; x_wconf 87' lang='grc' dir='ltr'>συνίδῃ</span> <span class='ocrx_word' id='word_1_201' title='bbox 310 1288 485 1323; x_wconf 85' lang='grc' dir='ltr'>βουλεύματι.</span> <span class='ocrx_word' id='word_1_202' title='bbox 505 1290 623 1325; x_wconf 83' lang='grc' dir='ltr'>Ὁμοίως</span> <span class='ocrx_word' id='word_1_203' title='bbox 646 1293 710 1327; x_wconf 80' lang='grc' dir='ltr'>περὶ</span> <span class='ocrx_word' id='word_1_204' title='bbox 723 1294 917 1329; x_wconf 77' lang='grc' dir='ltr'>πρεσϐυτέρων</span> 
     </span>
    </p>
   </div>
   <div class='ocr_carea' id='block_1_29' title="bbox 171 1335 917 1374">
    <p class='ocr_par' dir='ltr' id='par_1_29' title="bbox 171 1335 917 1374">
     <span class='ocr_line' id='line_1_29' title="bbox 171 1335 917 1374; baseline 0.008 -14"><span class='ocrx_word' id='word_1_205' title='bbox 171 1344 180 1359; x_wconf 92' lang='lat'><strong>1</strong></span> <span class='ocrx_word' id='word_1_206' title='bbox 205 1335 251 1360; x_wconf 80' lang='grc' dir='ltr'>καὶ</span> <span class='ocrx_word' id='word_1_207' title='bbox 266 1335 407 1366; x_wconf 88' lang='grc' dir='ltr'>διακόνων,</span> <span class='ocrx_word' id='word_1_208' title='bbox 424 1335 471 1362; x_wconf 61' lang='grc' dir='ltr'><strong>ἐμάν</strong></span> <span class='ocrx_word' id='word_1_209' title='bbox 482 1345 524 1367; x_wconf 89' lang='grc' dir='ltr'><strong>τις</strong></span> <span class='ocrx_word' id='word_1_210' title='bbox 545 1337 693 1369; x_wconf 78' lang='grc' dir='ltr'>ἐπίσκοπος</span> <span class='ocrx_word' id='word_1_211' title='bbox 718 1338 837 1373; x_wconf 78' lang='grc' dir='ltr'>ὀργίλος,</span> <span class='ocrx_word' id='word_1_212' title='bbox 849 1340 917 1374; x_wconf 82' lang='grc' dir='ltr'>ὅπερ</span> 
     </span>
    </p>
   </div>
   <div class='ocr_carea' id='block_1_30' title="bbox 170 1377 916 1418">
    <p class='ocr_par' dir='ltr' id='par_1_30' title="bbox 170 1377 916 1418">
     <span class='ocr_line' id='line_1_30' title="bbox 170 1377 916 1418; baseline 0.005 -13"><span class='ocrx_word' id='word_1_213' title='bbox 170 1390 180 1405; x_wconf 93' lang='lat'><strong>1</strong></span> <span class='ocrx_word' id='word_1_214' title='bbox 203 1377 273 1406; x_wconf 71' lang='grc' dir='ltr'>εἶναι</span> <span class='ocrx_word' id='word_1_215' title='bbox 300 1380 351 1406; x_wconf 84' lang='grc' dir='ltr'>οὐκ</span> <span class='ocrx_word' id='word_1_216' title='bbox 370 1380 482 1413; x_wconf 84' lang='grc' dir='ltr'>ὀφείλει,</span> <span class='ocrx_word' id='word_1_217' title='bbox 499 1381 604 1416; x_wconf 83' lang='grc' dir='ltr'>ταχέως</span> <span class='ocrx_word' id='word_1_218' title='bbox 631 1381 647 1416; x_wconf 82' lang='grc' dir='ltr'><strong>ἢ</strong></span> <span class='ocrx_word' id='word_1_219' title='bbox 675 1383 799 1416; x_wconf 80' lang='grc' dir='ltr'>τραχέως</span> <span class='ocrx_word' id='word_1_220' title='bbox 819 1383 916 1418; x_wconf 80' lang='grc' dir='ltr'>κινηθῇ</span> 
     </span>
    </p>
   </div>
   <div class='ocr_carea' id='block_1_31' title="bbox 171 1425 917 1462">
    <p class='ocr_par' dir='ltr' id='par_1_31' title="bbox 171 1425 917 1462">
     <span class='ocr_line' id='line_1_31' title="bbox 171 1425 917 1462; baseline 0.005 -11"><span class='ocrx_word' id='word_1_221' title='bbox 171 1434 182 1451; x_wconf 89' lang='lat'><strong>1</strong></span> <span class='ocrx_word' id='word_1_222' title='bbox 201 1425 273 1452; x_wconf 84' lang='grc' dir='ltr'><strong>κατά</strong></span> <span class='ocrx_word' id='word_1_223' title='bbox 304 1426 491 1461; x_wconf 77' lang='grc' dir='ltr'>πρεσϐυτέρου</span> <span class='ocrx_word' id='word_1_224' title='bbox 518 1428 534 1462; x_wconf 73' lang='grc' dir='ltr'>ἢ</span> <span class='ocrx_word' id='word_1_225' title='bbox 564 1426 689 1453; x_wconf 76' lang='grc' dir='ltr'>διακόνου</span> <span class='ocrx_word' id='word_1_226' title='bbox 712 1427 790 1459; x_wconf 77' lang='grc' dir='ltr'>ἰδίου,</span> <span class='ocrx_word' id='word_1_227' title='bbox 811 1429 858 1454; x_wconf 79' lang='grc' dir='ltr'>καὶ</span> <span class='ocrx_word' id='word_1_228' title='bbox 871 1429 917 1455; x_wconf 87' lang='grc' dir='ltr'>θε-</span> 
     </span>
    </p>
   </div>
   <div class='ocr_carea' id='block_1_32' title="bbox 172 1471 913 1509">
    <p class='ocr_par' dir='ltr' id='par_1_32' title="bbox 172 1471 913 1509">
     <span class='ocr_line' id='line_1_32' title="bbox 172 1471 913 1509; baseline 0.005 -12"><span class='ocrx_word' id='word_1_229' title='bbox 172 1481 182 1497; x_wconf 83' lang='grc'><em>‹</em></span> <span class='ocrx_word' id='word_1_230' title='bbox 204 1471 281 1506; x_wconf 80' lang='grc' dir='ltr'>λήσοι</span> <span class='ocrx_word' id='word_1_231' title='bbox 298 1471 394 1497; x_wconf 81' lang='grc' dir='ltr'>τοῦτον</span> <span class='ocrx_word' id='word_1_232' title='bbox 409 1472 441 1497; x_wconf 78' lang='grc' dir='ltr'>ὲκ</span> <span class='ocrx_word' id='word_1_233' title='bbox 462 1471 513 1506; x_wconf 80' lang='grc' dir='ltr'>τῆς</span> <span class='ocrx_word' id='word_1_234' title='bbox 528 1471 596 1503; x_wconf 80' lang='grc' dir='ltr'>ἰδίας</span> <span class='ocrx_word' id='word_1_235' title='bbox 613 1473 731 1507; x_wconf 80' lang='grc' dir='ltr'>ἐξορίσαι</span> <span class='ocrx_word' id='word_1_236' title='bbox 753 1473 913 1509; x_wconf 73' lang='grc' dir='ltr'>ὲκκλησίσςο</span> 
     </span>
    </p>
   </div>
   <div class='ocr_carea' id='block_1_33' title="bbox 172 1517 916 1553">
    <p class='ocr_par' dir='ltr' id='par_1_33' title="bbox 172 1517 916 1553">
     <span class='ocr_line' id='line_1_33' title="bbox 172 1517 916 1553; baseline 0.007 -10"><span class='ocrx_word' id='word_1_237' title='bbox 172 1528 181 1544; x_wconf 92' lang='lat'><strong>1</strong></span> <span class='ocrx_word' id='word_1_238' title='bbox 205 1518 370 1552; x_wconf 80' lang='grc' dir='ltr'>προνοητέον</span> <span class='ocrx_word' id='word_1_239' title='bbox 395 1517 481 1550; x_wconf 62' lang='grc' dir='ltr'>ἔστὶν,</span> <span class='ocrx_word' id='word_1_240' title='bbox 500 1518 543 1544; x_wconf 86' lang='grc' dir='ltr'>ῐνα</span> <span class='ocrx_word' id='word_1_241' title='bbox 572 1517 609 1553; x_wconf 86' lang='grc' dir='ltr'>μὴ</span> <span class='ocrx_word' id='word_1_242' title='bbox 623 1519 752 1551; x_wconf 84' lang='grc' dir='ltr'>ἀναιτίως</span> <span class='ocrx_word' id='word_1_243' title='bbox 768 1520 916 1548; x_wconf 85' lang='grc' dir='ltr'>καταδικα-</span> 
     </span>
    </p>
   </div>
   <div class='ocr_carea' id='block_1_34' title="bbox 172 1562 920 1600">
    <p class='ocr_par' dir='ltr' id='par_1_34' title="bbox 172 1562 920 1600">
     <span class='ocr_line' id='line_1_34' title="bbox 172 1562 920 1600; baseline 0.007 -12"><span class='ocrx_word' id='word_1_244' title='bbox 172 1573 182 1588; x_wconf 87' lang='grc'><strong>‹</strong></span> <span class='ocrx_word' id='word_1_245' title='bbox 203 1562 251 1596; x_wconf 84' lang='grc' dir='ltr'><strong>σθῇ</strong></span> <span class='ocrx_word' id='word_1_246' title='bbox 270 1563 288 1598; x_wconf 80' lang='grc' dir='ltr'><strong>ἢ</strong></span> <span class='ocrx_word' id='word_1_247' title='bbox 312 1562 436 1598; x_wconf 79' lang='grc' dir='ltr'>ἀπολέσῃ</span> <span class='ocrx_word' id='word_1_248' title='bbox 462 1562 511 1598; x_wconf 79' lang='grc' dir='ltr'><strong>τὴν</strong></span> <span class='ocrx_word' id='word_1_249' title='bbox 537 1563 690 1591; x_wconf 85' lang='grc' dir='ltr'>κοινωνίαν.</span> <span class='ocrx_word' id='word_1_250' title='bbox 717 1564 773 1591; x_wconf 76' lang='grc' dir='ltr'><strong>Καὶ</strong></span> <span class='ocrx_word' id='word_1_251' title='bbox 801 1565 885 1600; x_wconf 76' lang='grc' dir='ltr'>ἐχέτω</span> <span class='ocrx_word' id='word_1_252' title='bbox 905 1567 920 1594; x_wconf 86' lang='grc' dir='ltr'><strong>ὀ</strong></span> 
     </span>
    </p>
   </div>
   <div class='ocr_carea' id='block_1_35' title="bbox 172 1608 919 1646">
    <p class='ocr_par' dir='ltr' id='par_1_35' title="bbox 172 1608 919 1646">
     <span class='ocr_line' id='line_1_35' title="bbox 172 1608 919 1646; baseline 0.005 -12"><span class='ocrx_word' id='word_1_253' title='bbox 172 1618 184 1635; x_wconf 90' lang='lat'><strong>1</strong></span> <span class='ocrx_word' id='word_1_254' title='bbox 207 1608 349 1643; x_wconf 73' lang='grc' dir='ltr'>ἐκϐληθεὶς</span> <span class='ocrx_word' id='word_1_255' title='bbox 362 1608 487 1640; x_wconf 77' lang='grc' dir='ltr'>ἐξουσίαν</span> <span class='ocrx_word' id='word_1_256' title='bbox 501 1609 658 1643; x_wconf 79' lang='grc' dir='ltr'>προσελθεῖν</span> <span class='ocrx_word' id='word_1_257' title='bbox 687 1611 743 1641; x_wconf 84' lang='grc' dir='ltr'>τοῖς</span> <span class='ocrx_word' id='word_1_258' title='bbox 776 1611 919 1646; x_wconf 80' lang='grc' dir='ltr'>ὀμοροῦσι,</span> 
     </span>
    </p>
   </div>
   <div class='ocr_carea' id='block_1_36' title="bbox 173 1654 921 1692">
    <p class='ocr_par' dir='ltr' id='par_1_36' title="bbox 173 1654 921 1692">
     <span class='ocr_line' id='line_1_36' title="bbox 173 1654 921 1692; baseline 0.004 -11"><span class='ocrx_word' id='word_1_259' title='bbox 173 1665 184 1681; x_wconf 85' lang='lat'><strong>1</strong></span> <span class='ocrx_word' id='word_1_260' title='bbox 203 1654 248 1681; x_wconf 79' lang='grc' dir='ltr'>καὶ</span> <span class='ocrx_word' id='word_1_261' title='bbox 263 1655 278 1689; x_wconf 83' lang='grc' dir='ltr'><strong>ὴ</strong></span> <span class='ocrx_word' id='word_1_262' title='bbox 293 1654 369 1681; x_wconf 85' lang='grc' dir='ltr'>αίτία</span> <span class='ocrx_word' id='word_1_263' title='bbox 383 1655 465 1682; x_wconf 80' lang='grc' dir='ltr'>αὐτοῦ</span> <span class='ocrx_word' id='word_1_264' title='bbox 482 1655 613 1690; x_wconf 75' lang='grc' dir='ltr'>ἀκουσθῇ,</span> <span class='ocrx_word' id='word_1_265' title='bbox 637 1654 684 1681; x_wconf 83' lang='grc' dir='ltr'>καὶ</span> <span class='ocrx_word' id='word_1_266' title='bbox 709 1655 921 1692; x_wconf 75' lang='grc' dir='ltr'>ἐπιμελέστερον</span> 
     </span>
    </p>
   </div>
   <div class='ocr_carea' id='block_1_37' title="bbox 174 1698 920 1738">
    <p class='ocr_par' dir='ltr' id='par_1_37' title="bbox 174 1698 920 1738">
     <span class='ocr_line' id='line_1_37' title="bbox 174 1698 920 1738; baseline 0.004 -13"><span class='ocrx_word' id='word_1_267' title='bbox 174 1709 184 1724; x_wconf 96' lang='lat'><strong>1</strong></span> <span class='ocrx_word' id='word_1_268' title='bbox 207 1698 322 1734; x_wconf 79' lang='grc' dir='ltr'>ζητηθῇ·</span> <span class='ocrx_word' id='word_1_269' title='bbox 338 1699 378 1726; x_wconf 81' lang='grc' dir='ltr'><strong>ὅτι</strong></span> <span class='ocrx_word' id='word_1_270' title='bbox 399 1699 450 1726; x_wconf 82' lang='grc' dir='ltr'>οὐκ</span> <span class='ocrx_word' id='word_1_271' title='bbox 468 1699 572 1733; x_wconf 81' lang='grc' dir='ltr'>ὀφείλει</span> <span class='ocrx_word' id='word_1_272' title='bbox 586 1700 788 1734; x_wconf 85' lang='grc' dir='ltr'>παρακαλοῦντι</span> <span class='ocrx_word' id='word_1_273' title='bbox 813 1702 888 1736; x_wconf 83' lang='grc' dir='ltr'><strong>αὑτῷ</strong></span> <span class='ocrx_word' id='word_1_274' title='bbox 904 1703 920 1738; x_wconf 79' lang='grc' dir='ltr'>ἡ</span> 
     </span>
    </p>
   </div>
   <div class='ocr_carea' id='block_1_38' title="bbox 173 1743 921 1779">
    <p class='ocr_par' dir='ltr' id='par_1_38' title="bbox 173 1743 921 1779">
     <span class='ocr_line' id='line_1_38' title="bbox 173 1743 921 1779; baseline 0.003 -10"><span class='ocrx_word' id='word_1_275' title='bbox 173 1753 182 1768; x_wconf 92' lang='lat'><strong>1</strong></span> <span class='ocrx_word' id='word_1_276' title='bbox 205 1743 337 1778; x_wconf 76' lang='grc' dir='ltr'>ἀκρόασις</span> <span class='ocrx_word' id='word_1_277' title='bbox 351 1744 513 1779; x_wconf 80' lang='grc' dir='ltr'>ἀρνηθῆναι·</span> <span class='ocrx_word' id='word_1_278' title='bbox 543 1743 670 1775; x_wconf 81' lang='grc' dir='ltr'>κάκεῖνος</span> <span class='ocrx_word' id='word_1_279' title='bbox 685 1744 714 1770; x_wconf 79' lang='grc' dir='ltr'>δὲ</span> <span class='ocrx_word' id='word_1_280' title='bbox 731 1744 746 1771; x_wconf 85' lang='grc' dir='ltr'><strong>ό</strong></span> <span class='ocrx_word' id='word_1_281' title='bbox 759 1745 921 1778; x_wconf 72' lang='grc' dir='ltr'>ἐπίσκοπος,</span> 
     </span>
    </p>
   </div>
   <div class='ocr_carea' id='block_1_39' title="bbox 173 1789 922 1825">
    <p class='ocr_par' dir='ltr' id='par_1_39' title="bbox 173 1789 922 1825">
     <span class='ocr_line' id='line_1_39' title="bbox 173 1789 922 1825; baseline 0.001 -8"><span class='ocrx_word' id='word_1_282' title='bbox 173 1800 183 1816; x_wconf 95' lang='lat'><strong>1</strong></span> <span class='ocrx_word' id='word_1_283' title='bbox 205 1790 249 1825; x_wconf 82' lang='grc' dir='ltr'><strong>ὀῆ</strong></span> <span class='ocrx_word' id='word_1_284' title='bbox 272 1790 386 1822; x_wconf 82' lang='grc' dir='ltr'>δικαίως</span> <span class='ocrx_word' id='word_1_285' title='bbox 416 1789 434 1825; x_wconf 75' lang='grc' dir='ltr'>ἢ</span> <span class='ocrx_word' id='word_1_286' title='bbox 462 1789 563 1821; x_wconf 83' lang='grc' dir='ltr'>ἀδίκως</span> <span class='ocrx_word' id='word_1_287' title='bbox 588 1789 722 1823; x_wconf 75' lang='grc' dir='ltr'>ἐκϐαλὼν,</span> <span class='ocrx_word' id='word_1_288' title='bbox 752 1790 922 1824; x_wconf 71' lang='grc' dir='ltr'>ἀνεξικάκως</span> 
     </span>
    </p>
   </div>
   <div class='ocr_carea' id='block_1_40' title="bbox 175 1835 921 1872">
    <p class='ocr_par' dir='ltr' id='par_1_40' title="bbox 175 1835 921 1872">
     <span class='ocr_line' id='line_1_40' title="bbox 175 1835 921 1872; baseline 0.004 -10"><span class='ocrx_word' id='word_1_289' title='bbox 175 1845 189 1861; x_wconf 78' lang='grc' dir='ltr'><strong><em>ι</em></strong></span> <span class='ocrx_word' id='word_1_290' title='bbox 206 1835 387 1870; x_wconf 79' lang='grc' dir='ltr'>καταδέξηται</span> <span class='ocrx_word' id='word_1_291' title='bbox 415 1836 450 1863; x_wconf 84' lang='grc' dir='ltr'><strong>τὰ</strong></span> <span class='ocrx_word' id='word_1_292' title='bbox 473 1836 521 1863; x_wconf 83' lang='grc' dir='ltr'>τοῦ</span> <span class='ocrx_word' id='word_1_293' title='bbox 551 1836 714 1871; x_wconf 80' lang='grc' dir='ltr'>πράγματος</span> <span class='ocrx_word' id='word_1_294' title='bbox 732 1836 921 1872; x_wconf 70' lang='grc' dir='ltr'>ἐξετασθῆναι,</span> 
     </span>
    </p>
   </div>
   <div class='ocr_carea' id='block_1_41' title="bbox 174 1881 922 1917">
    <p class='ocr_par' dir='ltr' id='par_1_41' title="bbox 174 1881 922 1917">
     <span class='ocr_line' id='line_1_41' title="bbox 174 1881 922 1917; baseline 0.004 -9"><span class='ocrx_word' id='word_1_295' title='bbox 174 1891 184 1907; x_wconf 94' lang='lat'><strong>1</strong></span> <span class='ocrx_word' id='word_1_296' title='bbox 209 1881 251 1908; x_wconf 79' lang='grc' dir='ltr'>ἵνα</span> <span class='ocrx_word' id='word_1_297' title='bbox 261 1881 278 1916; x_wconf 78' lang='grc' dir='ltr'><strong>ἢ</strong></span> <span class='ocrx_word' id='word_1_298' title='bbox 292 1882 401 1917; x_wconf 76' lang='grc' dir='ltr'>κυρωθῇ</span> <span class='ocrx_word' id='word_1_299' title='bbox 417 1882 434 1917; x_wconf 83' lang='grc' dir='ltr'><strong>ἢ</strong></span> <span class='ocrx_word' id='word_1_300' title='bbox 445 1881 577 1916; x_wconf 82' lang='grc' dir='ltr'>διορθωθῇ</span> <span class='ocrx_word' id='word_1_301' title='bbox 593 1882 610 1916; x_wconf 83' lang='grc' dir='ltr'>ἡ</span> <span class='ocrx_word' id='word_1_302' title='bbox 622 1882 718 1917; x_wconf 89' lang='grc' dir='ltr'>γνώμη</span> <span class='ocrx_word' id='word_1_303' title='bbox 733 1882 922 1911; x_wconf 80' lang='grc' dir='ltr'>αὑτοῦ.Ταῦτα</span> 
     </span>
    </p>
   </div>
   <div class='ocr_carea' id='block_1_42' title="bbox 175 1927 922 1962">
    <p class='ocr_par' dir='ltr' id='par_1_42' title="bbox 175 1927 922 1962">
     <span class='ocr_line' id='line_1_42' title="bbox 175 1927 922 1962; baseline 0.003 -8"><span class='ocrx_word' id='word_1_304' title='bbox 175 1938 187 1954; x_wconf 82' lang='lat'><strong>1</strong></span> <span class='ocrx_word' id='word_1_305' title='bbox 207 1928 328 1962; x_wconf 85' lang='grc' dir='ltr'>δηλονότι</span> <span class='ocrx_word' id='word_1_306' title='bbox 344 1928 396 1959; x_wconf 78' lang='grc' dir='ltr'>ἕως</span> <span class='ocrx_word' id='word_1_307' title='bbox 412 1928 460 1961; x_wconf 84' lang='grc' dir='ltr'>τῆς</span> <span class='ocrx_word' id='word_1_308' title='bbox 472 1927 625 1962; x_wconf 85' lang='grc' dir='ltr'>παρουσίας</span> <span class='ocrx_word' id='word_1_309' title='bbox 650 1927 704 1954; x_wconf 86' lang='grc' dir='ltr'><strong>τῶν</strong></span> <span class='ocrx_word' id='word_1_310' title='bbox 731 1928 922 1962; x_wconf 79' lang='grc' dir='ltr'>ἀληθεστάτων</span> 
     </span>
    </p>
   </div>
   <div class='ocr_carea' id='block_1_43' title="bbox 174 1973 924 2010">
    <p class='ocr_par' dir='ltr' id='par_1_43' title="bbox 174 1973 924 2010">
     <span class='ocr_line' id='line_1_43' title="bbox 174 1973 924 2010; baseline 0.003 -10"><span class='ocrx_word' id='word_1_311' title='bbox 174 1982 184 1999; x_wconf 92' lang='lat'><strong>1</strong></span> <span class='ocrx_word' id='word_1_312' title='bbox 205 1973 346 2008; x_wconf 81' lang='grc' dir='ltr'>ὲξέμπλων</span> <span class='ocrx_word' id='word_1_313' title='bbox 358 1974 408 2007; x_wconf 85' lang='grc' dir='ltr'>τῆς</span> <span class='ocrx_word' id='word_1_314' title='bbox 434 1974 463 2000; x_wconf 79' lang='grc' dir='ltr'>ὲν</span> <span class='ocrx_word' id='word_1_315' title='bbox 480 1973 582 2008; x_wconf 78' lang='grc' dir='ltr'>Νικαίᾳ.</span> <span class='ocrx_word' id='word_1_316' title='bbox 599 1974 708 2001; x_wconf 78' lang='grc' dir='ltr'>συνόδου</span> <span class='ocrx_word' id='word_1_317' title='bbox 724 1975 781 2006; x_wconf 86' lang='grc' dir='ltr'>τοϊς</span> <span class='ocrx_word' id='word_1_318' title='bbox 798 1983 924 2010; x_wconf 81' lang='grc' dir='ltr'>πεπραγ-</span> 
     </span>
    </p>
   </div>
   <div class='ocr_carea' id='block_1_44' title="bbox 175 2019 919 2056">
    <p class='ocr_par' dir='ltr' id='par_1_44' title="bbox 175 2019 919 2056">
     <span class='ocr_line' id='line_1_44' title="bbox 175 2019 919 2056; baseline 0.003 -11"><span class='ocrx_word' id='word_1_319' title='bbox 175 2028 186 2045; x_wconf 84' lang='lat'><strong>1</strong></span> <span class='ocrx_word' id='word_1_320' title='bbox 210 2019 301 2053; x_wconf 76' lang='grc' dir='ltr'>μένοις</span> <span class='ocrx_word' id='word_1_321' title='bbox 335 2019 530 2054; x_wconf 76' lang='grc' dir='ltr'>ἑνεὸλήθησαν·</span> <span class='ocrx_word' id='word_1_322' title='bbox 560 2019 639 2046; x_wconf 72' lang='grc' dir='ltr'>ἅτινα</span> <span class='ocrx_word' id='word_1_323' title='bbox 667 2019 715 2047; x_wconf 75' lang='grc' dir='ltr'>ἐὰν</span> <span class='ocrx_word' id='word_1_324' title='bbox 730 2020 798 2052; x_wconf 75' lang='grc' dir='ltr'>ἐκεῖ,</span> <span class='ocrx_word' id='word_1_325' title='bbox 818 2020 847 2046; x_wconf 84' lang='grc' dir='ltr'><strong>δν</strong></span> <span class='ocrx_word' id='word_1_326' title='bbox 859 2020 919 2056; x_wconf 84' lang='grc' dir='ltr'>τρό-</span> 
     </span>
    </p>
   </div>
   <div class='ocr_carea' id='block_1_45' title="bbox 176 2064 923 2101">
    <p class='ocr_par' dir='ltr' id='par_1_45' title="bbox 176 2064 923 2101">
     <span class='ocr_line' id='line_1_45' title="bbox 176 2064 923 2101; baseline 0.001 -10"><span class='ocrx_word' id='word_1_327' title='bbox 176 2074 185 2090; x_wconf 94' lang='lat'><strong>1</strong></span> <span class='ocrx_word' id='word_1_328' title='bbox 208 2072 259 2091; x_wconf 83' lang='grc' dir='ltr'><strong>πον</strong></span> <span class='ocrx_word' id='word_1_329' title='bbox 275 2067 304 2091; x_wconf 76' lang='grc' dir='ltr'>ἐν</span> <span class='ocrx_word' id='word_1_330' title='bbox 318 2064 392 2099; x_wconf 84' lang='grc' dir='ltr'>αὐτῷ</span> <span class='ocrx_word' id='word_1_331' title='bbox 408 2065 447 2098; x_wconf 82' lang='grc' dir='ltr'>τῷ</span> <span class='ocrx_word' id='word_1_332' title='bbox 460 2064 663 2099; x_wconf 86' lang='grc' dir='ltr'>κομμονιτορίῳ</span> <span class='ocrx_word' id='word_1_333' title='bbox 686 2065 856 2100; x_wconf 81' lang='grc' dir='ltr'>περιέχεται,</span> <span class='ocrx_word' id='word_1_334' title='bbox 884 2066 923 2101; x_wconf 86' lang='grc' dir='ltr'>τῷ</span> 
     </span>
    </p>
   </div>
   <div class='ocr_carea' id='block_1_46' title="bbox 173 2110 924 2146">
    <p class='ocr_par' dir='ltr' id='par_1_46' title="bbox 173 2110 924 2146">
     <span class='ocr_line' id='line_1_46' title="bbox 173 2110 924 2146; baseline 0.001 -9"><span class='ocrx_word' id='word_1_335' title='bbox 173 2121 184 2137; x_wconf 93' lang='lat'><strong>1</strong></span> <span class='ocrx_word' id='word_1_336' title='bbox 205 2111 271 2145; x_wconf 81' lang='grc' dir='ltr'>ἡμῖν</span> <span class='ocrx_word' id='word_1_337' title='bbox 291 2111 335 2138; x_wconf 80' lang='grc' dir='ltr'>διὰ</span> <span class='ocrx_word' id='word_1_338' title='bbox 359 2111 414 2137; x_wconf 84' lang='grc' dir='ltr'>τῶν</span> <span class='ocrx_word' id='word_1_339' title='bbox 441 2110 651 2137; x_wconf 79' lang='grc' dir='ltr'>ἀποσταλέντων</span> <span class='ocrx_word' id='word_1_340' title='bbox 678 2111 800 2145; x_wconf 79' lang='grc' dir='ltr'>ἀδελφῶν</span> <span class='ocrx_word' id='word_1_341' title='bbox 828 2112 860 2138; x_wconf 79' lang='grc' dir='ltr'>ἐκ</span> <span class='ocrx_word' id='word_1_342' title='bbox 874 2111 924 2146; x_wconf 80' lang='grc' dir='ltr'>τῆς</span> 
     </span>
    </p>
   </div>
   <div class='ocr_carea' id='block_1_47' title="bbox 176 2156 923 2192">
    <p class='ocr_par' dir='ltr' id='par_1_47' title="bbox 176 2156 923 2192">
     <span class='ocr_line' id='line_1_47' title="bbox 176 2156 923 2192; baseline 0 -9"><span class='ocrx_word' id='word_1_343' title='bbox 176 2167 187 2183; x_wconf 89' lang='lat'><strong>1</strong></span> <span class='ocrx_word' id='word_1_344' title='bbox 207 2156 391 2190; x_wconf 71' lang='grc' dir='ltr'>ἀποπολικῆς</span> <span class='ocrx_word' id='word_1_345' title='bbox 405 2156 540 2192; x_wconf 78' lang='grc' dir='ltr'>καθέδρας</span> <span class='ocrx_word' id='word_1_346' title='bbox 564 2156 771 2191; x_wconf 73' lang='grc' dir='ltr'>ὲμφανισθέντι,</span> <span class='ocrx_word' id='word_1_347' title='bbox 796 2157 844 2183; x_wconf 77' lang='grc' dir='ltr'>καὶ</span> <span class='ocrx_word' id='word_1_348' title='bbox 857 2157 923 2192; x_wconf 79' lang='grc' dir='ltr'>παρ’</span> 
     </span>
    </p>
   </div>
   <div class='ocr_carea' id='block_1_48' title="bbox 176 2201 965 2245">
    <p class='ocr_par' dir='ltr' id='par_1_48' title="bbox 176 2201 965 2245">
     <span class='ocr_line' id='line_1_48' title="bbox 176 2201 965 2245; baseline 0.001 -17"><span class='ocrx_word' id='word_1_349' title='bbox 176 2211 186 2228; x_wconf 84' lang='lat'><strong>1</strong></span> <span class='ocrx_word' id='word_1_350' title='bbox 205 2202 270 2235; x_wconf 77' lang='grc' dir='ltr'>ὑμῖν</span> <span class='ocrx_word' id='word_1_351' title='bbox 296 2203 330 2238; x_wconf 81' lang='grc' dir='ltr'>τῇ</span> <span class='ocrx_word' id='word_1_352' title='bbox 356 2202 425 2237; x_wconf 81' lang='grc' dir='ltr'>αὐτῇ</span> <span class='ocrx_word' id='word_1_353' title='bbox 445 2201 521 2233; x_wconf 80' lang='grc' dir='ltr'>τάξει</span> <span class='ocrx_word' id='word_1_354' title='bbox 547 2202 576 2228; x_wconf 72' lang='grc' dir='ltr'>ἐν</span> <span class='ocrx_word' id='word_1_355' title='bbox 603 2201 703 2237; x_wconf 74' lang='grc' dir='ltr'>Ἰταλίᾳ</span> <span class='ocrx_word' id='word_1_356' title='bbox 734 2203 923 2236; x_wconf 80' lang='grc' dir='ltr'>φυλάττονται,</span> <span class='ocrx_word' id='word_1_357' title='bbox 937 2215 965 2245; x_wconf 69' lang='lat' dir='ltr'><strong>D</strong></span> 
     </span>
    </p>
   </div>
   <div class='ocr_carea' id='block_1_49' title="bbox 179 2248 923 2284">
    <p class='ocr_par' dir='ltr' id='par_1_49' title="bbox 179 2248 923 2284">
     <span class='ocr_line' id='line_1_49' title="bbox 179 2248 923 2284; baseline 0.003 -10"><span class='ocrx_word' id='word_1_358' title='bbox 179 2258 190 2274; x_wconf 78' lang='grc' dir='ltr'><strong>ι</strong></span> <span class='ocrx_word' id='word_1_359' title='bbox 210 2248 336 2283; x_wconf 81' lang='grc' dir='ltr'>οὐδαμῶς</span> <span class='ocrx_word' id='word_1_360' title='bbox 364 2249 411 2275; x_wconf 79' lang='grc' dir='ltr'>καὶ</span> <span class='ocrx_word' id='word_1_361' title='bbox 439 2248 520 2282; x_wconf 78' lang='grc' dir='ltr'>ἡμείς</span> <span class='ocrx_word' id='word_1_362' title='bbox 545 2248 600 2275; x_wconf 81' lang='grc' dir='ltr'><strong>τῶν</strong></span> <span class='ocrx_word' id='word_1_363' title='bbox 623 2248 750 2275; x_wconf 86' lang='grc' dir='ltr'>τοιούτων</span> <span class='ocrx_word' id='word_1_364' title='bbox 769 2249 923 2284; x_wconf 84' lang='grc' dir='ltr'>μεμνῆσθαι</span> 
     </span>
    </p>
   </div>
   <div class='ocr_carea' id='block_1_50' title="bbox 176 2293 925 2329">
    <p class='ocr_par' dir='ltr' id='par_1_50' title="bbox 176 2293 925 2329">
     <span class='ocr_line' id='line_1_50' title="bbox 176 2293 925 2329; baseline 0.003 -9"><span class='ocrx_word' id='word_1_365' title='bbox 176 2304 186 2320; x_wconf 95' lang='lat'><strong>1</strong></span> <span class='ocrx_word' id='word_1_366' title='bbox 211 2294 372 2329; x_wconf 73' lang='grc' dir='ltr'>βουλόμεθα,</span> <span class='ocrx_word' id='word_1_367' title='bbox 395 2293 475 2329; x_wconf 80' lang='grc' dir='ltr'>ἢούχ</span> <span class='ocrx_word' id='word_1_368' title='bbox 496 2294 643 2328; x_wconf 82' lang='grc' dir='ltr'>ὑποφέρειν</span> <span class='ocrx_word' id='word_1_369' title='bbox 664 2294 840 2329; x_wconf 64' lang='grc' dir='ltr'>ἐπειγόμεθα,</span> <span class='ocrx_word' id='word_1_370' title='bbox 856 2295 925 2322; x_wconf 86' lang='grc' dir='ltr'><strong>ἀλλά</strong></span> 
     </span>
    </p>
   </div>
   <div class='ocr_carea' id='block_1_51' title="bbox 177 2339 924 2376">
    <p class='ocr_par' dir='ltr' id='par_1_51' title="bbox 177 2339 924 2376">
     <span class='ocr_line' id='line_1_51' title="bbox 177 2339 924 2376; baseline 0.004 -11"><span class='ocrx_word' id='word_1_371' title='bbox 177 2350 189 2366; x_wconf 85' lang='lat'><strong>1</strong></span> <span class='ocrx_word' id='word_1_372' title='bbox 209 2339 373 2373; x_wconf 71' lang='grc' dir='ltr'>πιστεύομεν</span> <span class='ocrx_word' id='word_1_373' title='bbox 401 2339 442 2366; x_wconf 81' lang='grc' dir='ltr'>ὅτι</span> <span class='ocrx_word' id='word_1_374' title='bbox 471 2339 632 2374; x_wconf 65' lang='grc' dir='ltr'>βοηθοῦντος</span> <span class='ocrx_word' id='word_1_375' title='bbox 647 2339 694 2366; x_wconf 83' lang='grc' dir='ltr'>τοῦ</span> <span class='ocrx_word' id='word_1_376' title='bbox 709 2340 801 2372; x_wconf 74' lang='grc' dir='ltr'>ἐλέους</span> <span class='ocrx_word' id='word_1_377' title='bbox 822 2341 924 2376; x_wconf 86' lang='grc' dir='ltr'>Κυρίου</span> 
     </span>
    </p>
   </div>
   <div class='ocr_carea' id='block_1_52' title="bbox 179 2383 926 2420">
    <p class='ocr_par' dir='ltr' id='par_1_52' title="bbox 179 2383 926 2420">
     <span class='ocr_line' id='line_1_52' title="bbox 179 2383 926 2420; baseline 0.003 -10"><span class='ocrx_word' id='word_1_378' title='bbox 179 2395 190 2410; x_wconf 92' lang='lat'><strong>1</strong></span> <span class='ocrx_word' id='word_1_379' title='bbox 210 2384 257 2410; x_wconf 81' lang='grc' dir='ltr'>τοῦ</span> <span class='ocrx_word' id='word_1_380' title='bbox 274 2384 342 2411; x_wconf 86' lang='grc' dir='ltr'>Θεοῦ</span> <span class='ocrx_word' id='word_1_381' title='bbox 359 2383 450 2419; x_wconf 85' lang='grc' dir='ltr'>ἡμῶν,</span> <span class='ocrx_word' id='word_1_382' title='bbox 465 2385 514 2418; x_wconf 86' lang='grc' dir='ltr'>τῆς</span> <span class='ocrx_word' id='word_1_383' title='bbox 531 2384 581 2418; x_wconf 86' lang='grc' dir='ltr'>σῆς</span> <span class='ocrx_word' id='word_1_384' title='bbox 601 2384 757 2419; x_wconf 85' lang='grc' dir='ltr'>ἁγιωσύνης</span> <span class='ocrx_word' id='word_1_385' title='bbox 785 2386 926 2420; x_wconf 80' lang='grc' dir='ltr'>προεστώ-</span> 
     </span>
    </p>
   </div>
   <div class='ocr_carea' id='block_1_53' title="bbox 180 2429 926 2465">
    <p class='ocr_par' dir='ltr' id='par_1_53' title="bbox 180 2429 926 2465">
     <span class='ocr_line' id='line_1_53' title="bbox 180 2429 926 2465; baseline 0.003 -9"><span class='ocrx_word' id='word_1_386' title='bbox 180 2439 189 2456; x_wconf 88' lang='lat'><strong>1</strong></span> <span class='ocrx_word' id='word_1_387' title='bbox 213 2438 261 2465; x_wconf 83' lang='grc' dir='ltr'><strong>σης</strong></span> <span class='ocrx_word' id='word_1_388' title='bbox 284 2430 334 2464; x_wconf 83' lang='grc' dir='ltr'><strong>τῆς</strong></span> <span class='ocrx_word' id='word_1_389' title='bbox 353 2429 512 2464; x_wconf 82' lang='grc' dir='ltr'>Ῥωμαῖκῆς</span> <span class='ocrx_word' id='word_1_390' title='bbox 528 2429 702 2464; x_wconf 84' lang='grc' dir='ltr'>Ἐκκλησίας,</span> <span class='ocrx_word' id='word_1_391' title='bbox 718 2431 809 2457; x_wconf 80' lang='grc' dir='ltr'>οὐκέτι</span> <span class='ocrx_word' id='word_1_392' title='bbox 833 2431 926 2458; x_wconf 76' lang='grc' dir='ltr'>λοιπὸν</span> 
     </span>
    </p>
   </div>
   <div class='ocr_carea' id='block_1_54' title="bbox 181 2475 925 2512">
    <p class='ocr_par' dir='ltr' id='par_1_54' title="bbox 181 2475 925 2512">
     <span class='ocr_line' id='line_1_54' title="bbox 181 2475 925 2512; baseline 0.004 -11"><span class='ocrx_word' id='word_1_393' title='bbox 181 2485 191 2501; x_wconf 94' lang='lat'><strong>1</strong></span> <span class='ocrx_word' id='word_1_394' title='bbox 211 2475 403 2510; x_wconf 76' lang='grc' dir='ltr'>ὑπομείνωμεν</span> <span class='ocrx_word' id='word_1_395' title='bbox 417 2475 461 2502; x_wconf 77' lang='grc' dir='ltr'><strong>τὸν</strong></span> <span class='ocrx_word' id='word_1_396' title='bbox 475 2475 556 2508; x_wconf 75' lang='grc' dir='ltr'>φόϐον</span> <span class='ocrx_word' id='word_1_397' title='bbox 577 2475 682 2502; x_wconf 80' lang='grc' dir='ltr'>τοῦτον.</span> <span class='ocrx_word' id='word_1_398' title='bbox 702 2477 860 2512; x_wconf 77' lang='grc' dir='ltr'>Φυλαχθῶσι</span> <span class='ocrx_word' id='word_1_399' title='bbox 895 2478 925 2504; x_wconf 73' lang='grc' dir='ltr'>δὲ</span> 
     </span>
    </p>
   </div>
   <div class='ocr_carea' id='block_1_55' title="bbox 181 2522 927 2558">
    <p class='ocr_par' dir='ltr' id='par_1_55' title="bbox 181 2522 927 2558">
     <span class='ocr_line' id='line_1_55' title="bbox 181 2522 927 2558; baseline 0.003 -10"><span class='ocrx_word' id='word_1_400' title='bbox 181 2532 192 2548; x_wconf 84' lang='lat'><strong>1</strong></span> <span class='ocrx_word' id='word_1_401' title='bbox 216 2522 279 2557; x_wconf 74' lang='grc' dir='ltr'>περὶ</span> <span class='ocrx_word' id='word_1_402' title='bbox 299 2523 371 2558; x_wconf 71' lang='grc' dir='ltr'>ἡμᾶς</span> <span class='ocrx_word' id='word_1_403' title='bbox 385 2522 463 2548; x_wconf 80' lang='grc' dir='ltr'>ἆτινα</span> <span class='ocrx_word' id='word_1_404' title='bbox 478 2523 527 2548; x_wconf 75' lang='grc' dir='ltr'>καὶ</span> <span class='ocrx_word' id='word_1_405' title='bbox 543 2522 579 2557; x_wconf 80' lang='grc' dir='ltr'><strong>μὴ</strong></span> <span class='ocrx_word' id='word_1_406' title='bbox 590 2522 742 2550; x_wconf 83' lang='grc' dir='ltr'>λαλούντων</span> <span class='ocrx_word' id='word_1_407' title='bbox 759 2524 838 2558; x_wconf 87' lang='grc' dir='ltr'>ἡμῶν</span> <span class='ocrx_word' id='word_1_408' title='bbox 851 2523 927 2557; x_wconf 74' lang='grc' dir='ltr'>ὀφει-</span> 
     </span>
    </p>
   </div>
   <div class='ocr_carea' id='block_1_56' title="bbox 182 2567 928 2606">
    <p class='ocr_par' dir='ltr' id='par_1_56' title="bbox 182 2567 928 2606">
     <span class='ocr_line' id='line_1_56' title="bbox 182 2567 928 2606; baseline 0.001 -12"><span class='ocrx_word' id='word_1_409' title='bbox 182 2578 193 2594; x_wconf 92' lang='lat'><strong>1</strong></span> <span class='ocrx_word' id='word_1_410' title='bbox 211 2568 286 2594; x_wconf 87' lang='grc' dir='ltr'>λονσι</span> <span class='ocrx_word' id='word_1_411' title='bbox 302 2567 474 2602; x_wconf 80' lang='grc' dir='ltr'>φυλαχθῆναι</span> <span class='ocrx_word' id='word_1_412' title='bbox 501 2568 632 2603; x_wconf 83' lang='grc' dir='ltr'>ἀδελφικῇ</span> <span class='ocrx_word' id='word_1_413' title='bbox 646 2568 753 2606; x_wconf 55' lang='grc' dir='ltr'>ἀγάπῃ,</span> <span class='ocrx_word' id='word_1_414' title='bbox 768 2569 840 2604; x_wconf 74' lang='grc' dir='ltr'>ἅπερ</span> <span class='ocrx_word' id='word_1_415' title='bbox 856 2569 928 2595; x_wconf 87' lang='grc' dir='ltr'><strong>κατά</strong></span> 
     </span>
    </p>
   </div>
   <div class='ocr_carea' id='block_1_57' title="bbox 183 2612 928 2648">
    <p class='ocr_par' dir='ltr' id='par_1_57' title="bbox 183 2612 928 2648">
     <span class='ocr_line' id='line_1_57' title="bbox 183 2612 928 2648; baseline 0.003 -10"><span class='ocrx_word' id='word_1_416' title='bbox 183 2622 193 2638; x_wconf 95' lang='lat'><strong>1</strong></span> <span class='ocrx_word' id='word_1_417' title='bbox 214 2612 264 2646; x_wconf 82' lang='grc' dir='ltr'><strong>τὴν</strong></span> <span class='ocrx_word' id='word_1_418' title='bbox 284 2613 379 2647; x_wconf 78' lang='grc' dir='ltr'>σοφίαν</span> <span class='ocrx_word' id='word_1_419' title='bbox 393 2613 441 2638; x_wconf 81' lang='grc' dir='ltr'>καὶ</span> <span class='ocrx_word' id='word_1_420' title='bbox 455 2612 642 2646; x_wconf 80' lang='grc' dir='ltr'>δικαιοσύνην,</span> <span class='ocrx_word' id='word_1_421' title='bbox 657 2613 692 2648; x_wconf 83' lang='grc' dir='ltr'>ἥν</span> <span class='ocrx_word' id='word_1_422' title='bbox 718 2622 760 2640; x_wconf 90' lang='grc' dir='ltr'><strong>σοι</strong></span> <span class='ocrx_word' id='word_1_423' title='bbox 771 2615 786 2639; x_wconf 84' lang='grc' dir='ltr'><strong>ό</strong></span> <span class='ocrx_word' id='word_1_424' title='bbox 797 2614 928 2648; x_wconf 59' lang='lat' dir='ltr'><strong>&quot;mm;</strong></span> 
     </span>
    </p>
   </div>
   <div class='ocr_carea' id='block_1_58' title="bbox 184 2658 928 2694">
    <p class='ocr_par' dir='ltr' id='par_1_58' title="bbox 184 2658 928 2694">
     <span class='ocr_line' id='line_1_58' title="bbox 184 2658 928 2694; baseline 0.003 -11"><span class='ocrx_word' id='word_1_425' title='bbox 184 2668 193 2683; x_wconf 90' lang='lat'><strong>1</strong></span> <span class='ocrx_word' id='word_1_426' title='bbox 216 2658 380 2693; x_wconf 70' lang='grc' dir='ltr'>ιδωρὴσατο,</span> <span class='ocrx_word' id='word_1_427' title='bbox 397 2658 444 2684; x_wconf 82' lang='grc' dir='ltr'><strong>καὶ</strong></span> <span class='ocrx_word' id='word_1_428' title='bbox 460 2658 540 2689; x_wconf 68' lang='grc' dir='ltr'>αὐτὸς</span> <span class='ocrx_word' id='word_1_429' title='bbox 551 2658 592 2684; x_wconf 80' lang='grc' dir='ltr'>ἔτι</span> <span class='ocrx_word' id='word_1_430' title='bbox 609 2659 663 2694; x_wconf 79' lang='grc' dir='ltr'><strong>μὴν</strong></span> <span class='ocrx_word' id='word_1_431' title='bbox 679 2660 794 2694; x_wconf 79' lang='grc' dir='ltr'>συνορᾷς</span> <span class='ocrx_word' id='word_1_432' title='bbox 809 2659 928 2693; x_wconf 72' lang='grc' dir='ltr'>ὀφείλειν</span> 
     </span>
    </p>
   </div>
   <div class='ocr_carea' id='block_1_59' title="bbox 184 2703 928 2740">
    <p class='ocr_par' dir='ltr' id='par_1_59' title="bbox 184 2703 928 2740">
     <span class='ocr_line' id='line_1_59' title="bbox 184 2703 928 2740; baseline 0.001 -11"><span class='ocrx_word' id='word_1_433' title='bbox 184 2713 193 2729; x_wconf 93' lang='lat'><strong>1</strong></span> <span class='ocrx_word' id='word_1_434' title='bbox 215 2704 395 2739; x_wconf 82' lang='grc' dir='ltr'>φυλαχθῆναι,</span> <span class='ocrx_word' id='word_1_435' title='bbox 407 2705 455 2730; x_wconf 84' lang='grc' dir='ltr'><strong>ὲὰν</strong></span> <span class='ocrx_word' id='word_1_436' title='bbox 467 2703 548 2738; x_wconf 80' lang='grc' dir='ltr'>τυχὸν</span> <span class='ocrx_word' id='word_1_437' title='bbox 564 2704 679 2736; x_wconf 79' lang='grc' dir='ltr'>ἀλλοίως</span> <span class='ocrx_word' id='word_1_438' title='bbox 696 2705 793 2740; x_wconf 75' lang='grc' dir='ltr'>ἔχωσιν</span> <span class='ocrx_word' id='word_1_439' title='bbox 810 2706 834 2731; x_wconf 76' lang='grc' dir='ltr'>οι</span> <span class='ocrx_word' id='word_1_440' title='bbox 848 2705 928 2732; x_wconf 87' lang='grc' dir='ltr'>κανό-</span> 
     </span>
    </p>
   </div>
   <div class='ocr_carea' id='block_1_60' title="bbox 183 2749 928 2785">
    <p class='ocr_par' dir='ltr' id='par_1_60' title="bbox 183 2749 928 2785">
     <span class='ocr_line' id='line_1_60' title="bbox 183 2749 928 2785; baseline 0 -10"><span class='ocrx_word' id='word_1_441' title='bbox 183 2760 193 2774; x_wconf 84' lang='grc'><strong>‹</strong></span> <span class='ocrx_word' id='word_1_442' title='bbox 219 2757 262 2781; x_wconf 72' lang='grc' dir='ltr'><strong>τες</strong></span> <span class='ocrx_word' id='word_1_443' title='bbox 276 2749 326 2785; x_wconf 74' lang='grc' dir='ltr'>τῆς</span> <span class='ocrx_word' id='word_1_444' title='bbox 338 2750 367 2776; x_wconf 68' lang='grc' dir='ltr'>ὲν</span> <span class='ocrx_word' id='word_1_445' title='bbox 380 2749 483 2784; x_wconf 81' lang='grc' dir='ltr'>Νικαίᾳ</span> <span class='ocrx_word' id='word_1_446' title='bbox 501 2749 622 2777; x_wconf 84' lang='grc' dir='ltr'>συνόδου.</span> <span class='ocrx_word' id='word_1_447' title='bbox 655 2749 750 2784; x_wconf 80' lang='grc' dir='ltr'>Ἡμεῖς</span> <span class='ocrx_word' id='word_1_448' title='bbox 771 2751 825 2785; x_wconf 84' lang='grc' dir='ltr'><strong>γὰρ</strong></span> <span class='ocrx_word' id='word_1_449' title='bbox 853 2750 928 2776; x_wconf 87' lang='grc' dir='ltr'>πλει-</span> 
     </span>
    </p>
   </div>
   <div class='ocr_carea' id='block_1_61' title="bbox 183 2794 928 2830">
    <p class='ocr_par' dir='ltr' id='par_1_61' title="bbox 183 2794 928 2830">
     <span class='ocr_line' id='line_1_61' title="bbox 183 2794 928 2830; baseline 0.004 -11"><span class='ocrx_word' id='word_1_450' title='bbox 183 2805 193 2819; x_wconf 91' lang='lat'><strong>1</strong></span> <span class='ocrx_word' id='word_1_451' title='bbox 216 2803 287 2826; x_wconf 77' lang='grc' dir='ltr'>στοις</span> <span class='ocrx_word' id='word_1_452' title='bbox 306 2795 464 2830; x_wconf 69' lang='grc' dir='ltr'>ἐντυχόντες</span> <span class='ocrx_word' id='word_1_453' title='bbox 481 2794 603 2828; x_wconf 72' lang='grc' dir='ltr'>βιϐλίοις,</span> <span class='ocrx_word' id='word_1_454' title='bbox 620 2795 739 2829; x_wconf 77' lang='grc' dir='ltr'>οὐδαμοῦ</span> <span class='ocrx_word' id='word_1_455' title='bbox 769 2796 928 2830; x_wconf 79' lang='grc' dir='ltr'>ἀνέγνωμεν</span> 
     </span>
    </p>
   </div>
   <div class='ocr_carea' id='block_1_62' title="bbox 185 2840 927 2876">
    <p class='ocr_par' dir='ltr' id='par_1_62' title="bbox 185 2840 927 2876">
     <span class='ocr_line' id='line_1_62' title="bbox 185 2840 927 2876; baseline 0.003 -10"><span class='ocrx_word' id='word_1_456' title='bbox 185 2850 194 2866; x_wconf 98' lang='lat'><strong>1</strong></span> <span class='ocrx_word' id='word_1_457' title='bbox 215 2842 252 2872; x_wconf 73' lang='grc' dir='ltr'>εἰς</span> <span class='ocrx_word' id='word_1_458' title='bbox 267 2842 314 2876; x_wconf 78' lang='grc' dir='ltr'>τὴν</span> <span class='ocrx_word' id='word_1_459' title='bbox 338 2842 368 2869; x_wconf 77' lang='grc' dir='ltr'>ιν</span> <span class='ocrx_word' id='word_1_460' title='bbox 384 2840 486 2875; x_wconf 76' lang='grc' dir='ltr'>Νικαίᾳ</span> <span class='ocrx_word' id='word_1_461' title='bbox 515 2840 621 2868; x_wconf 79' lang='grc' dir='ltr'>σύνοδον</span> <span class='ocrx_word' id='word_1_462' title='bbox 649 2841 678 2869; x_wconf 75' lang='grc' dir='ltr'>ἐν</span> <span class='ocrx_word' id='word_1_463' title='bbox 698 2842 862 2876; x_wconf 81' lang='grc' dir='ltr'>Ῥωμαϊκοϊς</span> <span class='ocrx_word' id='word_1_464' title='bbox 889 2841 927 2876; x_wconf 75' lang='grc' dir='ltr'><strong>βι-</strong></span> 
     </span>
    </p>
   </div>
   <div class='ocr_carea' id='block_1_63' title="bbox 1001 240 1745 274">
    <p class='ocr_par' dir='ltr' id='par_1_63' title="bbox 1001 240 1745 274">
     <span class='ocr_line' id='line_1_63' title="bbox 1001 240 1745 274; baseline 0.004 -8"><span class='ocrx_word' id='word_1_465' title='bbox 1001 240 1222 274; x_wconf 80' lang='lat' dir='ltr'><strong>1‘snpplicatione</strong></span> <span class='ocrx_word' id='word_1_466' title='bbox 1235 241 1385 268; x_wconf 76' lang='lat' dir='ltr'><strong>Romanum</strong></span> <span class='ocrx_word' id='word_1_467' title='bbox 1396 242 1551 274; x_wconf 83' lang='lat' dir='ltr'><strong>episcopum</strong></span> <span class='ocrx_word' id='word_1_468' title='bbox 1579 242 1703 274; x_wconf 84' lang='lat' dir='ltr'><strong>moverit,</strong></span> <span class='ocrx_word' id='word_1_469' title='bbox 1715 247 1745 270; x_wconf 88' lang='lat' dir='ltr'><strong>ut</strong></span> 
     </span>
    </p>
   </div>
   <div class='ocr_carea' id='block_1_64' title="bbox 998 287 1742 322">
    <p class='ocr_par' dir='ltr' id='par_1_64' title="bbox 998 287 1742 322">
     <span class='ocr_line' id='line_1_64' title="bbox 998 287 1742 322; baseline 0.001 -9"><span class='ocrx_word' id='word_1_470' title='bbox 998 295 1008 312; x_wconf 93' lang='lat'><strong>1</strong></span> <span class='ocrx_word' id='word_1_471' title='bbox 1026 293 1058 313; x_wconf 83' lang='lat' dir='ltr'><strong>ex</strong></span> <span class='ocrx_word' id='word_1_472' title='bbox 1086 287 1196 320; x_wconf 87' lang='lat' dir='ltr'><strong>proprio</strong></span> <span class='ocrx_word' id='word_1_473' title='bbox 1222 293 1271 313; x_wconf 88' lang='lat' dir='ltr'><strong>suo</strong></span> <span class='ocrx_word' id='word_1_474' title='bbox 1297 287 1380 314; x_wconf 88' lang='lat' dir='ltr'><strong>latere</strong></span> <span class='ocrx_word' id='word_1_475' title='bbox 1405 287 1600 322; x_wconf 77' lang='lat' dir='ltr'><strong>presbyterium</strong></span> <span class='ocrx_word' id='word_1_476' title='bbox 1634 288 1742 320; x_wconf 72' lang='lat' dir='ltr'><strong>mittat;</strong></span> 
     </span>
    </p>
   </div>
   <div class='ocr_carea' id='block_1_65' title="bbox 1001 331 1744 368">
    <p class='ocr_par' dir='ltr' id='par_1_65' title="bbox 1001 331 1744 368">
     <span class='ocr_line' id='line_1_65' title="bbox 1001 331 1744 368; baseline 0.004 -11"><span class='ocrx_word' id='word_1_477' title='bbox 1001 341 1010 356; x_wconf 94' lang='lat'><strong>1</strong></span> <span class='ocrx_word' id='word_1_478' title='bbox 1029 332 1081 358; x_wconf 88' lang='lat' dir='ltr'><strong>erit</strong></span> <span class='ocrx_word' id='word_1_479' title='bbox 1097 331 1122 358; x_wconf 91' lang='lat' dir='ltr'><strong>in</strong></span> <span class='ocrx_word' id='word_1_480' title='bbox 1151 336 1288 366; x_wconf 80' lang='lat' dir='ltr'><strong>potestate</strong></span> <span class='ocrx_word' id='word_1_481' title='bbox 1312 332 1432 367; x_wconf 80' lang='lat' dir='ltr'><strong>episcopi</strong></span> <span class='ocrx_word' id='word_1_482' title='bbox 1463 332 1527 366; x_wconf 89' lang='lat' dir='ltr'><strong>quid</strong></span> <span class='ocrx_word' id='word_1_483' title='bbox 1544 334 1608 359; x_wconf 82' lang='lat' dir='ltr'><strong>velit</strong></span> <span class='ocrx_word' id='word_1_484' title='bbox 1633 337 1659 360; x_wconf 90' lang='lat' dir='ltr'><strong>et</strong></span> <span class='ocrx_word' id='word_1_485' title='bbox 1679 334 1744 368; x_wconf 85' lang='lat' dir='ltr'><strong>quid</strong></span> 
     </span>
    </p>
   </div>
   <div class='ocr_carea' id='block_1_66' title="bbox 997 377 1744 412">
    <p class='ocr_par' dir='ltr' id='par_1_66' title="bbox 997 377 1744 412">
     <span class='ocr_line' id='line_1_66' title="bbox 997 377 1744 412; baseline 0.004 -10"><span class='ocrx_word' id='word_1_486' title='bbox 997 386 1006 402; x_wconf 96' lang='lat'><strong>1</strong></span> <span class='ocrx_word' id='word_1_487' title='bbox 1024 377 1139 412; x_wconf 76' lang='lat' dir='ltr'><strong>iudicet.</strong></span> <span class='ocrx_word' id='word_1_488' title='bbox 1159 377 1190 404; x_wconf 87' lang='lat' dir='ltr'><strong>Et</strong></span> <span class='ocrx_word' id='word_1_489' title='bbox 1205 377 1228 404; x_wconf 85' lang='lat' dir='ltr'><strong>si</strong></span> <span class='ocrx_word' id='word_1_490' title='bbox 1253 378 1391 409; x_wconf 87' lang='lat' dir='ltr'><strong>statueril,</strong></span> <span class='ocrx_word' id='word_1_491' title='bbox 1414 378 1523 411; x_wconf 78' lang='lat' dir='ltr'><strong>quinam</strong></span> <span class='ocrx_word' id='word_1_492' title='bbox 1552 378 1667 405; x_wconf 80' lang='lat' dir='ltr'><strong>debeant</strong></span> <span class='ocrx_word' id='word_1_493' title='bbox 1684 386 1744 405; x_wconf 88' lang='lat' dir='ltr'><strong>cum</strong></span> 
     </span>
    </p>
   </div>
   <div class='ocr_carea' id='block_1_67' title="bbox 999 422 1745 457">
    <p class='ocr_par' dir='ltr' id='par_1_67' title="bbox 999 422 1745 457">
     <span class='ocr_line' id='line_1_67' title="bbox 999 422 1745 457; baseline 0.004 -10"><span class='ocrx_word' id='word_1_494' title='bbox 999 431 1008 447; x_wconf 96' lang='lat'><strong>1</strong></span> <span class='ocrx_word' id='word_1_495' title='bbox 1028 422 1163 456; x_wconf 83' lang='lat' dir='ltr'><strong>episcopis</strong></span> <span class='ocrx_word' id='word_1_496' title='bbox 1196 426 1345 456; x_wconf 63' lang='lat' dir='ltr'><strong>pra’senles</strong></span> <span class='ocrx_word' id='word_1_497' title='bbox 1369 422 1506 457; x_wconf 82' lang='lat' dir='ltr'><strong>judicare,</strong></span> <span class='ocrx_word' id='word_1_498' title='bbox 1531 423 1661 450; x_wconf 81' lang='lat' dir='ltr'><strong>habentes</strong></span> <span class='ocrx_word' id='word_1_499' title='bbox 1686 423 1745 457; x_wconf 85' lang='lat' dir='ltr'><strong>ejus</strong></span> 
     </span>
    </p>
   </div>
   <div class='ocr_carea' id='block_1_68' title="bbox 999 468 1745 503">
    <p class='ocr_par' dir='ltr' id='par_1_68' title="bbox 999 468 1745 503">
     <span class='ocr_line' id='line_1_68' title="bbox 999 468 1745 503; baseline 0.005 -11"><span class='ocrx_word' id='word_1_500' title='bbox 999 475 1008 492; x_wconf 92' lang='lat'><strong>1</strong></span> <span class='ocrx_word' id='word_1_501' title='bbox 1027 468 1215 494; x_wconf 82' lang='lat' dir='ltr'><strong>auctoritatem</strong></span> <span class='ocrx_word' id='word_1_502' title='bbox 1232 475 1246 494; x_wconf 91' lang='lat' dir='ltr'><strong>a</strong></span> <span class='ocrx_word' id='word_1_503' title='bbox 1260 476 1313 502; x_wconf 89' lang='lat' dir='ltr'><strong>quo</strong></span> <span class='ocrx_word' id='word_1_504' title='bbox 1331 468 1405 495; x_wconf 81' lang='lat' dir='ltr'><strong>missi</strong></span> <span class='ocrx_word' id='word_1_505' title='bbox 1435 473 1510 499; x_wconf 83' lang='lat' dir='ltr'><strong>sunt,</strong></span> <span class='ocrx_word' id='word_1_506' title='bbox 1556 468 1613 502; x_wconf 76' lang='lat' dir='ltr'><strong>eius</strong></span> <span class='ocrx_word' id='word_1_507' title='bbox 1645 469 1745 503; x_wconf 84' lang='lat' dir='ltr'><strong>judicio</strong></span> 
     </span>
    </p>
   </div>
   <div class='ocr_carea' id='block_1_69' title="bbox 1001 511 1745 546">
    <p class='ocr_par' dir='ltr' id='par_1_69' title="bbox 1001 511 1745 546">
     <span class='ocr_line' id='line_1_69' title="bbox 1001 511 1745 546; baseline 0 -8"><span class='ocrx_word' id='word_1_508' title='bbox 1001 521 1011 538; x_wconf 94' lang='lat'><strong>1</strong></span> <span class='ocrx_word' id='word_1_509' title='bbox 1030 511 1215 546; x_wconf 88' lang='lat' dir='ltr'><strong>relinquetur:</strong></span> <span class='ocrx_word' id='word_1_510' title='bbox 1247 512 1288 539; x_wconf 88' lang='lat' dir='ltr'><strong>sin</strong></span> <span class='ocrx_word' id='word_1_511' title='bbox 1320 517 1409 538; x_wconf 86' lang='lat' dir='ltr'><strong>autem</strong></span> <span class='ocrx_word' id='word_1_512' title='bbox 1443 511 1591 539; x_wconf 74' lang='lat' dir='ltr'><strong>crediderit</strong></span> <span class='ocrx_word' id='word_1_513' title='bbox 1623 511 1745 538; x_wconf 75' lang='lat' dir='ltr'><strong>sufficere</strong></span> 
     </span>
    </p>
   </div>
   <div class='ocr_carea' id='block_1_70' title="bbox 1001 558 1746 593">
    <p class='ocr_par' dir='ltr' id='par_1_70' title="bbox 1001 558 1746 593">
     <span class='ocr_line' id='line_1_70' title="bbox 1001 558 1746 593; baseline 0.003 -9"><span class='ocrx_word' id='word_1_514' title='bbox 1001 567 1010 584; x_wconf 90' lang='lat'><strong>1</strong></span> <span class='ocrx_word' id='word_1_515' title='bbox 1030 558 1170 593; x_wconf 88' lang='lat' dir='ltr'><strong>episcopos</strong></span> <span class='ocrx_word' id='word_1_516' title='bbox 1180 559 1212 585; x_wconf 88' lang='lat' dir='ltr'><strong>ad</strong></span> <span class='ocrx_word' id='word_1_517' title='bbox 1232 558 1378 586; x_wconf 88' lang='lat' dir='ltr'><strong>ﬁniendum</strong></span> <span class='ocrx_word' id='word_1_518' title='bbox 1396 559 1543 592; x_wconf 77' lang='lat' dir='ltr'><strong>negotium,</strong></span> <span class='ocrx_word' id='word_1_519' title='bbox 1575 558 1656 586; x_wconf 81' lang='lat' dir='ltr'><strong>faciat</strong></span> <span class='ocrx_word' id='word_1_520' title='bbox 1673 559 1746 592; x_wconf 87' lang='lat' dir='ltr'><strong>quod</strong></span> 
     </span>
    </p>
   </div>
   <div class='ocr_carea' id='block_1_71' title="bbox 1002 603 1747 643">
    <p class='ocr_par' dir='ltr' id='par_1_71' title="bbox 1002 603 1747 643">
     <span class='ocr_line' id='line_1_71' title="bbox 1002 603 1747 643; baseline 0.001 -15"><span class='ocrx_word' id='word_1_521' title='bbox 1002 611 1011 628; x_wconf 90' lang='lat'><strong>1</strong></span> <span class='ocrx_word' id='word_1_522' title='bbox 1027 603 1230 637; x_wconf 83' lang='lat' dir='ltr'><strong>sapientissimo</strong></span> <span class='ocrx_word' id='word_1_523' title='bbox 1249 610 1298 630; x_wconf 88' lang='lat' dir='ltr'><strong>suo</strong></span> <span class='ocrx_word' id='word_1_524' title='bbox 1315 603 1434 630; x_wconf 89' lang='lat' dir='ltr'><strong>concilio</strong></span> <span class='ocrx_word' id='word_1_525' title='bbox 1446 604 1530 630; x_wconf 88' lang='lat' dir='ltr'><strong>visum</strong></span> <span class='ocrx_word' id='word_1_526' title='bbox 1547 603 1647 643; x_wconf 55' lang='lat' dir='ltr'><strong>~tuerit.</strong></span> <span class='ocrx_word' id='word_1_527' title='bbox 1665 603 1747 630; x_wconf 85' lang='lat' dir='ltr'><strong>Simi-</strong></span> 
     </span>
    </p>
   </div>
   <div class='ocr_carea' id='block_1_72' title="bbox 1000 647 1746 683">
    <p class='ocr_par' dir='ltr' id='par_1_72' title="bbox 1000 647 1746 683">
     <span class='ocr_line' id='line_1_72' title="bbox 1000 647 1746 683; baseline 0 -9"><span class='ocrx_word' id='word_1_528' title='bbox 1000 657 1009 673; x_wconf 95' lang='lat'><strong>1</strong></span> <span class='ocrx_word' id='word_1_529' title='bbox 1027 647 1088 674; x_wconf 86' lang='lat' dir='ltr'><strong>liter</strong></span> <span class='ocrx_word' id='word_1_530' title='bbox 1101 648 1132 674; x_wconf 89' lang='lat' dir='ltr'><strong>de</strong></span> <span class='ocrx_word' id='word_1_531' title='bbox 1152 648 1319 683; x_wconf 78' lang='lat' dir='ltr'><strong>presbyteris</strong></span> <span class='ocrx_word' id='word_1_532' title='bbox 1334 653 1361 675; x_wconf 88' lang='lat' dir='ltr'><strong>et</strong></span> <span class='ocrx_word' id='word_1_533' title='bbox 1374 648 1498 676; x_wconf 90' lang='lat' dir='ltr'><strong>diaconis</strong></span> <span class='ocrx_word' id='word_1_534' title='bbox 1513 657 1520 680; x_wconf 86' lang='lat'>;</span> <span class='ocrx_word' id='word_1_535' title='bbox 1548 648 1575 676; x_wconf 91' lang='lat' dir='ltr'><strong>Si</strong></span> <span class='ocrx_word' id='word_1_536' title='bbox 1593 649 1657 683; x_wconf 86' lang='lat' dir='ltr'><strong>quis</strong></span> <span class='ocrx_word' id='word_1_537' title='bbox 1686 649 1746 682; x_wconf 76' lang='lat' dir='ltr'><strong>epi-</strong></span> 
     </span>
    </p>
   </div>
   <div class='ocr_carea' id='block_1_73' title="bbox 1004 693 1748 728">
    <p class='ocr_par' dir='ltr' id='par_1_73' title="bbox 1004 693 1748 728">
     <span class='ocr_line' id='line_1_73' title="bbox 1004 693 1748 728; baseline 0.001 -9"><span class='ocrx_word' id='word_1_538' title='bbox 1004 701 1013 718; x_wconf 91' lang='lat'><strong>1</strong></span> <span class='ocrx_word' id='word_1_539' title='bbox 1030 700 1125 727; x_wconf 82' lang='lat' dir='ltr'><strong>scopus</strong></span> <span class='ocrx_word' id='word_1_540' title='bbox 1141 693 1378 728; x_wconf 85' lang='lat' dir='ltr'><strong>iracundus,’quod</strong></span> <span class='ocrx_word' id='word_1_541' title='bbox 1390 701 1450 721; x_wconf 81' lang='lat' dir='ltr'><strong>esse</strong></span> <span class='ocrx_word' id='word_1_542' title='bbox 1461 702 1512 721; x_wconf 90' lang='lat' dir='ltr'><strong>non</strong></span> <span class='ocrx_word' id='word_1_543' title='bbox 1525 694 1748 725; x_wconf 84' lang='lat' dir='ltr'><strong>debet,celeriter</strong></span> 
     </span>
    </p>
   </div>
   <div class='ocr_carea' id='block_1_74' title="bbox 1003 739 1747 774">
    <p class='ocr_par' dir='ltr' id='par_1_74' title="bbox 1003 739 1747 774">
     <span class='ocr_line' id='line_1_74' title="bbox 1003 739 1747 774; baseline 0.001 -10"><span class='ocrx_word' id='word_1_544' title='bbox 1003 747 1012 764; x_wconf 91' lang='lat'><strong>1</strong></span> <span class='ocrx_word' id='word_1_545' title='bbox 1032 743 1077 765; x_wconf 88' lang='lat' dir='ltr'><strong>aut</strong></span> <span class='ocrx_word' id='word_1_546' title='bbox 1095 746 1190 774; x_wconf 85' lang='lat' dir='ltr'><strong>aspere</strong></span> <span class='ocrx_word' id='word_1_547' title='bbox 1201 741 1330 766; x_wconf 87' lang='lat' dir='ltr'><strong>adversus</strong></span> <span class='ocrx_word' id='word_1_548' title='bbox 1347 741 1533 774; x_wconf 81' lang='lat' dir='ltr'><strong>presbyterum</strong></span> <span class='ocrx_word' id='word_1_549' title='bbox 1548 740 1590 766; x_wconf 87' lang='lat' dir='ltr'><strong>vel</strong></span> <span class='ocrx_word' id='word_1_550' title='bbox 1604 739 1747 767; x_wconf 83' lang='lat' dir='ltr'><strong>diaconum</strong></span> 
     </span>
    </p>
   </div>
   <div class='ocr_carea' id='block_1_75' title="bbox 1003 785 1745 819">
    <p class='ocr_par' dir='ltr' id='par_1_75' title="bbox 1003 785 1745 819">
     <span class='ocr_line' id='line_1_75' title="bbox 1003 785 1745 819; baseline 0.001 -9"><span class='ocrx_word' id='word_1_551' title='bbox 1003 793 1012 809; x_wconf 91' lang='lat'><strong>1</strong></span> <span class='ocrx_word' id='word_1_552' title='bbox 1029 791 1107 811; x_wconf 82' lang='lat' dir='ltr'><strong>suum</strong></span> <span class='ocrx_word' id='word_1_553' title='bbox 1124 789 1213 812; x_wconf 88' lang='lat' dir='ltr'><strong>motus</strong></span> <span class='ocrx_word' id='word_1_554' title='bbox 1228 785 1320 816; x_wconf 80' lang='lat' dir='ltr'><strong>fuerit,</strong></span> <span class='ocrx_word' id='word_1_555' title='bbox 1349 790 1375 812; x_wconf 90' lang='lat' dir='ltr'><strong>et</strong></span> <span class='ocrx_word' id='word_1_556' title='bbox 1402 785 1467 811; x_wconf 81' lang='lat' dir='ltr'><strong>velit</strong></span> <span class='ocrx_word' id='word_1_557' title='bbox 1489 793 1550 811; x_wconf 88' lang='lat' dir='ltr'><strong>eum</strong></span> <span class='ocrx_word' id='word_1_558' title='bbox 1579 792 1610 812; x_wconf 82' lang='lat' dir='ltr'><strong>ex</strong></span> <span class='ocrx_word' id='word_1_559' title='bbox 1636 785 1745 819; x_wconf 76' lang='lat' dir='ltr'><strong>propria</strong></span> 
     </span>
    </p>
   </div>
   <div class='ocr_carea' id='block_1_76' title="bbox 1002 829 1747 865">
    <p class='ocr_par' dir='ltr' id='par_1_76' title="bbox 1002 829 1747 865">
     <span class='ocr_line' id='line_1_76' title="bbox 1002 829 1747 865; baseline 0.001 -10"><span class='ocrx_word' id='word_1_560' title='bbox 1002 838 1011 855; x_wconf 94' lang='lat'><strong>1</strong></span> <span class='ocrx_word' id='word_1_561' title='bbox 1033 829 1153 857; x_wconf 84' lang='lat' dir='ltr'><strong>Ecclesia</strong></span> <span class='ocrx_word' id='word_1_562' title='bbox 1169 838 1328 865; x_wconf 79' lang='lat' dir='ltr'><strong>segregare;</strong></span> <span class='ocrx_word' id='word_1_563' title='bbox 1343 830 1538 864; x_wconf 87' lang='lat' dir='ltr'><strong>providendum</strong></span> <span class='ocrx_word' id='word_1_564' title='bbox 1560 835 1613 861; x_wconf 88' lang='lat' dir='ltr'><strong>est,</strong></span> <span class='ocrx_word' id='word_1_565' title='bbox 1626 838 1658 857; x_wconf 88' lang='lat' dir='ltr'><strong>ne</strong></span> <span class='ocrx_word' id='word_1_566' title='bbox 1686 830 1747 856; x_wconf 83' lang='lat' dir='ltr'><strong>sine</strong></span> 
     </span>
    </p>
   </div>
   <div class='ocr_carea' id='block_1_77' title="bbox 1004 875 1745 909">
    <p class='ocr_par' dir='ltr' id='par_1_77' title="bbox 1004 875 1745 909">
     <span class='ocr_line' id='line_1_77' title="bbox 1004 875 1745 909; baseline 0.003 -9"><span class='ocrx_word' id='word_1_567' title='bbox 1004 886 1018 900; x_wconf 70' lang='grc' dir='ltr'><strong>α</strong></span> <span class='ocrx_word' id='word_1_568' title='bbox 1033 882 1113 902; x_wconf 86' lang='lat' dir='ltr'><strong>causa</strong></span> <span class='ocrx_word' id='word_1_569' title='bbox 1130 875 1336 908; x_wconf 79' lang='lat' dir='ltr'><strong>condemnetur,</strong></span> <span class='ocrx_word' id='word_1_570' title='bbox 1350 875 1392 902; x_wconf 90' lang='lat' dir='ltr'><strong>vel</strong></span> <span class='ocrx_word' id='word_1_571' title='bbox 1407 875 1501 909; x_wconf 86' lang='lat' dir='ltr'><strong>perdat</strong></span> <span class='ocrx_word' id='word_1_572' title='bbox 1512 875 1745 902; x_wconf 85' lang='lat' dir='ltr'><strong>communionem.</strong></span> 
     </span>
    </p>
   </div>
   <div class='ocr_carea' id='block_1_78' title="bbox 1009 921 1749 955">
    <p class='ocr_par' dir='ltr' id='par_1_78' title="bbox 1009 921 1749 955">
     <span class='ocr_line' id='line_1_78' title="bbox 1009 921 1749 955; baseline 0 -7"><span class='ocrx_word' id='word_1_573' title='bbox 1009 930 1017 947; x_wconf 89' lang='lat'><strong>1</strong></span> <span class='ocrx_word' id='word_1_574' title='bbox 1033 921 1066 948; x_wconf 88' lang='lat' dir='ltr'><strong>Et</strong></span> <span class='ocrx_word' id='word_1_575' title='bbox 1078 921 1101 948; x_wconf 90' lang='lat' dir='ltr'><strong>is</strong></span> <span class='ocrx_word' id='word_1_576' title='bbox 1112 922 1158 955; x_wconf 88' lang='lat' dir='ltr'><strong>qui</strong></span> <span class='ocrx_word' id='word_1_577' title='bbox 1172 921 1275 955; x_wconf 75' lang='lat' dir='ltr'><strong>eiectus</strong></span> <span class='ocrx_word' id='word_1_578' title='bbox 1287 925 1340 953; x_wconf 84' lang='lat' dir='ltr'><strong>est.</strong></span> <span class='ocrx_word' id='word_1_579' title='bbox 1359 926 1520 954; x_wconf 83' lang='lat' dir='ltr'><strong>potestatem</strong></span> <span class='ocrx_word' id='word_1_580' title='bbox 1546 921 1644 949; x_wconf 86' lang='lat' dir='ltr'><strong>habeat</strong></span> <span class='ocrx_word' id='word_1_581' title='bbox 1671 928 1749 948; x_wconf 78' lang='lat' dir='ltr'><strong>acce-</strong></span> 
     </span>
    </p>
   </div>
   <div class='ocr_carea' id='block_1_79' title="bbox 1005 967 1748 1000">
    <p class='ocr_par' dir='ltr' id='par_1_79' title="bbox 1005 967 1748 1000">
     <span class='ocr_line' id='line_1_79' title="bbox 1005 967 1748 1000; baseline 0.001 -8"><span class='ocrx_word' id='word_1_582' title='bbox 1005 976 1014 992; x_wconf 94' lang='lat'><strong>1</strong></span> <span class='ocrx_word' id='word_1_583' title='bbox 1033 967 1112 994; x_wconf 85' lang='lat' dir='ltr'><strong>dendi</strong></span> <span class='ocrx_word' id='word_1_584' title='bbox 1130 968 1162 994; x_wconf 90' lang='lat' dir='ltr'><strong>ad</strong></span> <span class='ocrx_word' id='word_1_585' title='bbox 1180 967 1320 998; x_wconf 70' lang='lat' dir='ltr'><strong>ﬁnitimos,</strong></span> <span class='ocrx_word' id='word_1_586' title='bbox 1335 972 1362 994; x_wconf 88' lang='lat' dir='ltr'><strong>et</strong></span> <span class='ocrx_word' id='word_1_587' title='bbox 1376 974 1456 994; x_wconf 89' lang='lat' dir='ltr'><strong>causa</strong></span> <span class='ocrx_word' id='word_1_588' title='bbox 1487 968 1545 1000; x_wconf 85' lang='lat' dir='ltr'><strong>ejus</strong></span> <span class='ocrx_word' id='word_1_589' title='bbox 1570 967 1706 998; x_wconf 83' lang='lat' dir='ltr'><strong>audiatur,</strong></span> <span class='ocrx_word' id='word_1_590' title='bbox 1721 971 1748 994; x_wconf 84' lang='lat' dir='ltr'><strong>et</strong></span> 
     </span>
    </p>
   </div>
   <div class='ocr_carea' id='block_1_80' title="bbox 1007 1013 1750 1048">
    <p class='ocr_par' dir='ltr' id='par_1_80' title="bbox 1007 1013 1750 1048">
     <span class='ocr_line' id='line_1_80' title="bbox 1007 1013 1750 1048; baseline 0.003 -9"><span class='ocrx_word' id='word_1_591' title='bbox 1007 1023 1016 1039; x_wconf 94' lang='lat'><strong>1</strong></span> <span class='ocrx_word' id='word_1_592' title='bbox 1038 1013 1194 1048; x_wconf 86' lang='lat' dir='ltr'><strong>diligentius</strong></span> <span class='ocrx_word' id='word_1_593' title='bbox 1222 1014 1404 1045; x_wconf 79' lang='lat' dir='ltr'><strong>examinetur,</strong></span> <span class='ocrx_word' id='word_1_594' title='bbox 1432 1013 1493 1048; x_wconf 84' lang='lat' dir='ltr'><strong>quia</strong></span> <span class='ocrx_word' id='word_1_595' title='bbox 1526 1021 1578 1040; x_wconf 89' lang='lat' dir='ltr'><strong>non</strong></span> <span class='ocrx_word' id='word_1_596' title='bbox 1615 1014 1696 1040; x_wconf 86' lang='lat' dir='ltr'><strong>debet</strong></span> <span class='ocrx_word' id='word_1_597' title='bbox 1725 1015 1750 1042; x_wconf 82' lang='lat' dir='ltr'><strong>ei</strong></span> 
     </span>
    </p>
   </div>
   <div class='ocr_carea' id='block_1_81' title="bbox 1009 1058 1751 1093">
    <p class='ocr_par' dir='ltr' id='par_1_81' title="bbox 1009 1058 1751 1093">
     <span class='ocr_line' id='line_1_81' title="bbox 1009 1058 1751 1093; baseline 0.003 -9"><span class='ocrx_word' id='word_1_598' title='bbox 1009 1067 1018 1084; x_wconf 96' lang='lat'><strong>1</strong></span> <span class='ocrx_word' id='word_1_599' title='bbox 1035 1059 1141 1093; x_wconf 88' lang='lat' dir='ltr'><strong>roganti</strong></span> <span class='ocrx_word' id='word_1_600' title='bbox 1158 1059 1287 1085; x_wconf 76' lang='lat' dir='ltr'><strong>auxilium</strong></span> <span class='ocrx_word' id='word_1_601' title='bbox 1299 1059 1445 1093; x_wconf 83' lang='lat' dir='ltr'><strong>denegari:</strong></span> <span class='ocrx_word' id='word_1_602' title='bbox 1466 1058 1510 1086; x_wconf 85' lang='lat' dir='ltr'><strong>ille</strong></span> <span class='ocrx_word' id='word_1_603' title='bbox 1533 1064 1622 1086; x_wconf 84' lang='lat' dir='ltr'><strong>autem</strong></span> <span class='ocrx_word' id='word_1_604' title='bbox 1645 1059 1751 1093; x_wconf 87' lang='lat' dir='ltr'><strong>episco-</strong></span> 
     </span>
    </p>
   </div>
   <div class='ocr_carea' id='block_1_82' title="bbox 1006 1103 1752 1140">
    <p class='ocr_par' dir='ltr' id='par_1_82' title="bbox 1006 1103 1752 1140">
     <span class='ocr_line' id='line_1_82' title="bbox 1006 1103 1752 1140; baseline 0.001 -9"><span class='ocrx_word' id='word_1_605' title='bbox 1006 1113 1016 1130; x_wconf 92' lang='lat'><strong>1</strong></span> <span class='ocrx_word' id='word_1_606' title='bbox 1031 1111 1093 1138; x_wconf 83' lang='lat' dir='ltr'><strong>pus,</strong></span> <span class='ocrx_word' id='word_1_607' title='bbox 1105 1103 1150 1138; x_wconf 89' lang='lat' dir='ltr'><strong>qui</strong></span> <span class='ocrx_word' id='word_1_608' title='bbox 1170 1104 1306 1138; x_wconf 87' lang='lat' dir='ltr'><strong>sivejuste</strong></span> <span class='ocrx_word' id='word_1_609' title='bbox 1323 1104 1487 1138; x_wconf 82' lang='lat' dir='ltr'><strong>siveinjuste</strong></span> <span class='ocrx_word' id='word_1_610' title='bbox 1497 1104 1586 1140; x_wconf 68' lang='lat' dir='ltr'><strong>eiecit.</strong></span> <span class='ocrx_word' id='word_1_611' title='bbox 1603 1105 1752 1132; x_wconf 83' lang='lat' dir='ltr'><strong>toleranter</strong></span> 
     </span>
    </p>
   </div>
   <div class='ocr_carea' id='block_1_83' title="bbox 1007 1149 1751 1182">
    <p class='ocr_par' dir='ltr' id='par_1_83' title="bbox 1007 1149 1751 1182">
     <span class='ocr_line' id='line_1_83' title="bbox 1007 1149 1751 1182; baseline 0 -5"><span class='ocrx_word' id='word_1_612' title='bbox 1007 1160 1016 1176; x_wconf 90' lang='lat'><strong>1</strong></span> <span class='ocrx_word' id='word_1_613' title='bbox 1032 1149 1101 1177; x_wconf 81' lang='lat' dir='ltr'><strong>feret</strong></span> <span class='ocrx_word' id='word_1_614' title='bbox 1116 1158 1172 1177; x_wconf 89' lang='lat' dir='ltr'><strong>rem</strong></span> <span class='ocrx_word' id='word_1_615' title='bbox 1199 1149 1363 1182; x_wconf 88' lang='lat' dir='ltr'><strong>examinari,</strong></span> <span class='ocrx_word' id='word_1_616' title='bbox 1384 1155 1412 1176; x_wconf 89' lang='lat' dir='ltr'><strong>ut</strong></span> <span class='ocrx_word' id='word_1_617' title='bbox 1441 1150 1482 1177; x_wconf 84' lang='lat' dir='ltr'><strong>vel</strong></span> <span class='ocrx_word' id='word_1_618' title='bbox 1508 1151 1687 1178; x_wconf 88' lang='lat' dir='ltr'><strong>conlirmetur</strong></span> <span class='ocrx_word' id='word_1_619' title='bbox 1710 1151 1751 1177; x_wconf 94' lang='lat' dir='ltr'><strong>vel</strong></span> 
     </span>
    </p>
   </div>
   <div class='ocr_carea' id='block_1_84' title="bbox 1009 1196 1750 1232">
    <p class='ocr_par' dir='ltr' id='par_1_84' title="bbox 1009 1196 1750 1232">
     <span class='ocr_line' id='line_1_84' title="bbox 1009 1196 1750 1232; baseline 0.003 -9"><span class='ocrx_word' id='word_1_620' title='bbox 1009 1205 1019 1223; x_wconf 89' lang='lat'><strong>1</strong></span> <span class='ocrx_word' id='word_1_621' title='bbox 1034 1197 1188 1231; x_wconf 80' lang='lat' dir='ltr'><strong>corrigatur</strong></span> <span class='ocrx_word' id='word_1_622' title='bbox 1198 1197 1256 1231; x_wconf 76' lang='lat' dir='ltr'><strong>eius</strong></span> <span class='ocrx_word' id='word_1_623' title='bbox 1269 1197 1415 1225; x_wconf 82' lang='lat' dir='ltr'><strong>sententia.</strong></span> <span class='ocrx_word' id='word_1_624' title='bbox 1433 1196 1495 1224; x_wconf 63' lang='lat' dir='ltr'><strong>llaec</strong></span> <span class='ocrx_word' id='word_1_625' title='bbox 1521 1197 1638 1230; x_wconf 78' lang='lat' dir='ltr'><strong>scilicet,</strong></span> <span class='ocrx_word' id='word_1_626' title='bbox 1663 1205 1750 1232; x_wconf 74' lang='lat' dir='ltr'><strong>usqae</strong></span> 
     </span>
    </p>
   </div>
   <div class='ocr_carea' id='block_1_85' title="bbox 1008 1243 1749 1278">
    <p class='ocr_par' dir='ltr' id='par_1_85' title="bbox 1008 1243 1749 1278">
     <span class='ocr_line' id='line_1_85' title="bbox 1008 1243 1749 1278; baseline 0 -9"><span class='ocrx_word' id='word_1_627' title='bbox 1008 1245 1066 1269; x_wconf 90' lang='lat' dir='ltr'><strong>1ad</strong></span> <span class='ocrx_word' id='word_1_628' title='bbox 1105 1243 1277 1277; x_wconf 70' lang='lat' dir='ltr'><strong>praesentiam</strong></span> <span class='ocrx_word' id='word_1_629' title='bbox 1312 1243 1517 1270; x_wconf 87' lang='lat' dir='ltr'><strong>verissimorum</strong></span> <span class='ocrx_word' id='word_1_630' title='bbox 1555 1243 1749 1278; x_wconf 78' lang='lat' dir='ltr'><strong>exemplarium</strong></span> 
     </span>
    </p>
   </div>
   <div class='ocr_carea' id='block_1_86' title="bbox 1007 1289 1750 1325">
    <p class='ocr_par' dir='ltr' id='par_1_86' title="bbox 1007 1289 1750 1325">
     <span class='ocr_line' id='line_1_86' title="bbox 1007 1289 1750 1325; baseline 0 -9"><span class='ocrx_word' id='word_1_631' title='bbox 1007 1299 1016 1315; x_wconf 91' lang='lat'><strong>1</strong></span> <span class='ocrx_word' id='word_1_632' title='bbox 1036 1289 1151 1316; x_wconf 65' lang='lat' dir='ltr'><strong>Nicmna:</strong></span> <span class='ocrx_word' id='word_1_633' title='bbox 1159 1289 1265 1325; x_wconf 82' lang='lat' dir='ltr'><strong>synodi,</strong></span> <span class='ocrx_word' id='word_1_634' title='bbox 1280 1289 1348 1316; x_wconf 86' lang='lat' dir='ltr'><strong>actis</strong></span> <span class='ocrx_word' id='word_1_635' title='bbox 1363 1289 1467 1316; x_wconf 86' lang='lat' dir='ltr'><strong>inserta</strong></span> <span class='ocrx_word' id='word_1_636' title='bbox 1483 1295 1560 1317; x_wconf 82' lang='lat' dir='ltr'><strong>sunt:</strong></span> <span class='ocrx_word' id='word_1_637' title='bbox 1571 1298 1629 1323; x_wconf 82' lang='lat' dir='ltr'><strong>quae</strong></span> <span class='ocrx_word' id='word_1_638' title='bbox 1642 1290 1750 1324; x_wconf 82' lang='lat' dir='ltr'><strong>quidem</strong></span> 
     </span>
    </p>
   </div>
   <div class='ocr_carea' id='block_1_87' title="bbox 1005 1335 1753 1370">
    <p class='ocr_par' dir='ltr' id='par_1_87' title="bbox 1005 1335 1753 1370">
     <span class='ocr_line' id='line_1_87' title="bbox 1005 1335 1753 1370; baseline 0 -9"><span class='ocrx_word' id='word_1_639' title='bbox 1005 1345 1014 1361; x_wconf 94' lang='lat'><strong>1</strong></span> <span class='ocrx_word' id='word_1_640' title='bbox 1031 1335 1052 1362; x_wconf 78' lang='lat' dir='ltr'><strong>si</strong></span> <span class='ocrx_word' id='word_1_641' title='bbox 1067 1335 1133 1366; x_wconf 80' lang='lat' dir='ltr'><strong>illic.</strong></span> <span class='ocrx_word' id='word_1_642' title='bbox 1149 1337 1284 1370; x_wconf 85' lang='lat' dir='ltr'><strong>quomodo</strong></span> <span class='ocrx_word' id='word_1_643' title='bbox 1298 1336 1323 1362; x_wconf 93' lang='lat' dir='ltr'><strong>in</strong></span> <span class='ocrx_word' id='word_1_644' title='bbox 1343 1335 1400 1368; x_wconf 87' lang='lat' dir='ltr'><strong>ipso</strong></span> <span class='ocrx_word' id='word_1_645' title='bbox 1428 1336 1636 1363; x_wconf 82' lang='lat' dir='ltr'><strong>cotnmonitorio</strong></span> <span class='ocrx_word' id='word_1_646' title='bbox 1664 1336 1753 1362; x_wconf 85' lang='lat' dir='ltr'><strong>conti-</strong></span> 
     </span>
    </p>
   </div>
   <div class='ocr_carea' id='block_1_88' title="bbox 1009 1380 1752 1416">
    <p class='ocr_par' dir='ltr' id='par_1_88' title="bbox 1009 1380 1752 1416">
     <span class='ocr_line' id='line_1_88' title="bbox 1009 1380 1752 1416; baseline 0.001 -9"><span class='ocrx_word' id='word_1_647' title='bbox 1009 1389 1019 1406; x_wconf 91' lang='lat'><strong>1</strong></span> <span class='ocrx_word' id='word_1_648' title='bbox 1037 1386 1125 1413; x_wconf 90' lang='lat' dir='ltr'><strong>netur,</strong></span> <span class='ocrx_word' id='word_1_649' title='bbox 1140 1380 1213 1415; x_wconf 89' lang='lat' dir='ltr'><strong>quod</strong></span> <span class='ocrx_word' id='word_1_650' title='bbox 1229 1381 1307 1408; x_wconf 91' lang='lat' dir='ltr'><strong>nobis</strong></span> <span class='ocrx_word' id='word_1_651' title='bbox 1322 1388 1370 1416; x_wconf 91' lang='lat' dir='ltr'><strong>per</strong></span> <span class='ocrx_word' id='word_1_652' title='bbox 1383 1380 1481 1408; x_wconf 83' lang='lat' dir='ltr'><strong>fratres</strong></span> <span class='ocrx_word' id='word_1_653' title='bbox 1497 1388 1511 1407; x_wconf 87' lang='lat' dir='ltr'><strong>a</strong></span> <span class='ocrx_word' id='word_1_654' title='bbox 1530 1382 1593 1408; x_wconf 87' lang='lat' dir='ltr'><strong>sede</strong></span> <span class='ocrx_word' id='word_1_655' title='bbox 1603 1381 1752 1415; x_wconf 83' lang='lat' dir='ltr'><strong>apostolica</strong></span> 
     </span>
    </p>
   </div>
   <div class='ocr_carea' id='block_1_89' title="bbox 1011 1426 1753 1461">
    <p class='ocr_par' dir='ltr' id='par_1_89' title="bbox 1011 1426 1753 1461">
     <span class='ocr_line' id='line_1_89' title="bbox 1011 1426 1753 1461; baseline 0.004 -9"><span class='ocrx_word' id='word_1_656' title='bbox 1011 1435 1020 1452; x_wconf 94' lang='lat'><strong>1</strong></span> <span class='ocrx_word' id='word_1_657' title='bbox 1041 1426 1139 1453; x_wconf 86' lang='lat' dir='ltr'><strong>missos</strong></span> <span class='ocrx_word' id='word_1_658' title='bbox 1162 1428 1303 1453; x_wconf 88' lang='lat' dir='ltr'><strong>ostensum</strong></span> <span class='ocrx_word' id='word_1_659' title='bbox 1335 1430 1389 1458; x_wconf 88' lang='lat' dir='ltr'><strong>est,</strong></span> <span class='ocrx_word' id='word_1_660' title='bbox 1417 1427 1488 1461; x_wconf 89' lang='lat' dir='ltr'><strong>apud</strong></span> <span class='ocrx_word' id='word_1_661' title='bbox 1521 1434 1569 1453; x_wconf 83' lang='lat' dir='ltr'><strong>vos</strong></span> <span class='ocrx_word' id='word_1_662' title='bbox 1592 1434 1698 1461; x_wconf 84' lang='lat' dir='ltr'><strong>quoque</strong></span> <span class='ocrx_word' id='word_1_663' title='bbox 1727 1427 1753 1455; x_wconf 85' lang='lat' dir='ltr'><strong>in</strong></span> 
     </span>
    </p>
   </div>
   <div class='ocr_carea' id='block_1_90' title="bbox 1009 1472 1753 1507">
    <p class='ocr_par' dir='ltr' id='par_1_90' title="bbox 1009 1472 1753 1507">
     <span class='ocr_line' id='line_1_90' title="bbox 1009 1472 1753 1507; baseline 0.004 -9"><span class='ocrx_word' id='word_1_664' title='bbox 1009 1481 1017 1497; x_wconf 88' lang='lat'><strong>1</strong></span> <span class='ocrx_word' id='word_1_665' title='bbox 1038 1472 1133 1499; x_wconf 86' lang='lat' dir='ltr'><strong>eodem</strong></span> <span class='ocrx_word' id='word_1_666' title='bbox 1148 1472 1244 1500; x_wconf 87' lang='lat' dir='ltr'><strong>ordine</strong></span> <span class='ocrx_word' id='word_1_667' title='bbox 1259 1472 1285 1499; x_wconf 89' lang='lat' dir='ltr'><strong>in</strong></span> <span class='ocrx_word' id='word_1_668' title='bbox 1306 1472 1380 1500; x_wconf 79' lang='lat' dir='ltr'><strong>Italia</strong></span> <span class='ocrx_word' id='word_1_669' title='bbox 1409 1477 1565 1507; x_wconf 78' lang='lat' dir='ltr'><strong>servantur,</strong></span> <span class='ocrx_word' id='word_1_670' title='bbox 1592 1480 1642 1500; x_wconf 85' lang='lat' dir='ltr'><strong>nos</strong></span> <span class='ocrx_word' id='word_1_671' title='bbox 1659 1481 1753 1501; x_wconf 82' lang='lat' dir='ltr'><strong>eorum</strong></span> 
     </span>
    </p>
   </div>
   <div class='ocr_carea' id='block_1_91' title="bbox 1012 1518 1755 1553">
    <p class='ocr_par' dir='ltr' id='par_1_91' title="bbox 1012 1518 1755 1553">
     <span class='ocr_line' id='line_1_91' title="bbox 1012 1518 1755 1553; baseline 0.004 -10"><span class='ocrx_word' id='word_1_672' title='bbox 1012 1527 1020 1543; x_wconf 90' lang='lat'><strong>1</strong></span> <span class='ocrx_word' id='word_1_673' title='bbox 1044 1525 1213 1553; x_wconf 86' lang='lat' dir='ltr'><strong>nequaquam</strong></span> <span class='ocrx_word' id='word_1_674' title='bbox 1231 1518 1390 1545; x_wconf 80' lang='lat' dir='ltr'><strong>meminisse</strong></span> <span class='ocrx_word' id='word_1_675' title='bbox 1401 1518 1536 1551; x_wconf 84' lang='lat' dir='ltr'><strong>volumus,</strong></span> <span class='ocrx_word' id='word_1_676' title='bbox 1562 1519 1603 1546; x_wconf 90' lang='lat' dir='ltr'><strong>vel</strong></span> <span class='ocrx_word' id='word_1_677' title='bbox 1629 1527 1681 1546; x_wconf 88' lang='lat' dir='ltr'><strong>non</strong></span> <span class='ocrx_word' id='word_1_678' title='bbox 1699 1520 1755 1546; x_wconf 82' lang='lat' dir='ltr'><strong>suf-</strong></span> 
     </span>
    </p>
   </div>
   <div class='ocr_carea' id='block_1_92' title="bbox 1012 1563 1757 1599">
    <p class='ocr_par' dir='ltr' id='par_1_92' title="bbox 1012 1563 1757 1599">
     <span class='ocr_line' id='line_1_92' title="bbox 1012 1563 1757 1599; baseline 0.003 -9"><span class='ocrx_word' id='word_1_679' title='bbox 1012 1573 1021 1590; x_wconf 90' lang='lat'><strong>1</strong></span> <span class='ocrx_word' id='word_1_680' title='bbox 1037 1563 1108 1591; x_wconf 79' lang='lat' dir='ltr'><strong>ferre</strong></span> <span class='ocrx_word' id='word_1_681' title='bbox 1122 1564 1328 1596; x_wconf 79' lang='lat' dir='ltr'><strong>contendimus;</strong></span> <span class='ocrx_word' id='word_1_682' title='bbox 1342 1564 1424 1599; x_wconf 77' lang='grc'><strong>672</strong></span> <span class='ocrx_word' id='word_1_683' title='bbox 1437 1565 1483 1591; x_wconf 92' lang='lat' dir='ltr'><strong>sed</strong></span> <span class='ocrx_word' id='word_1_684' title='bbox 1509 1565 1658 1597; x_wconf 77' lang='lat' dir='ltr'><strong>credimus,</strong></span> <span class='ocrx_word' id='word_1_685' title='bbox 1681 1566 1757 1599; x_wconf 78' lang='lat' dir='ltr'><strong>quod</strong></span> 
     </span>
    </p>
   </div>
   <div class='ocr_carea' id='block_1_93' title="bbox 1009 1609 1769 1645">
    <p class='ocr_par' dir='ltr' id='par_1_93' title="bbox 1009 1609 1769 1645">
     <span class='ocr_line' id='line_1_93' title="bbox 1009 1609 1769 1645; baseline 0.001 -9"><span class='ocrx_word' id='word_1_686' title='bbox 1009 1619 1019 1636; x_wconf 93' lang='lat'><strong>1</strong></span> <span class='ocrx_word' id='word_1_687' title='bbox 1036 1610 1180 1645; x_wconf 85' lang='lat' dir='ltr'><strong>adjuvante</strong></span> <span class='ocrx_word' id='word_1_688' title='bbox 1191 1609 1297 1637; x_wconf 90' lang='lat' dir='ltr'><strong>Domini</strong></span> <span class='ocrx_word' id='word_1_689' title='bbox 1314 1611 1359 1637; x_wconf 85' lang='lat' dir='ltr'><strong>Dei</strong></span> <span class='ocrx_word' id='word_1_690' title='bbox 1375 1611 1461 1637; x_wconf 85' lang='lat' dir='ltr'><strong>nostri</strong></span> <span class='ocrx_word' id='word_1_691' title='bbox 1487 1611 1686 1644; x_wconf 84' lang='lat' dir='ltr'><strong>misericordia,</strong></span> <span class='ocrx_word' id='word_1_692' title='bbox 1709 1615 1769 1637; x_wconf 85' lang='lat' dir='ltr'><strong>lua-</strong></span> 
     </span>
    </p>
   </div>
   <div class='ocr_carea' id='block_1_94' title="bbox 1009 1651 1754 1690">
    <p class='ocr_par' dir='ltr' id='par_1_94' title="bbox 1009 1651 1754 1690">
     <span class='ocr_line' id='line_1_94' title="bbox 1009 1651 1754 1690; baseline 0 -8"><span class='ocrx_word' id='word_1_693' title='bbox 1009 1665 1018 1682; x_wconf 92' lang='lat'><strong>1</strong></span> <span class='ocrx_word' id='word_1_694' title='bbox 1037 1655 1182 1684; x_wconf 83' lang='lat' dir='ltr'><strong>sanctitate</strong></span> <span class='ocrx_word' id='word_1_695' title='bbox 1195 1651 1324 1682; x_wconf 77' lang='lat' dir='ltr'><strong>Romanae</strong></span> <span class='ocrx_word' id='word_1_696' title='bbox 1337 1655 1466 1683; x_wconf 72' lang='lat' dir='ltr'><strong>Ecclesia:</strong></span> <span class='ocrx_word' id='word_1_697' title='bbox 1482 1657 1654 1690; x_wconf 67' lang='lat' dir='ltr'><strong>praesidente,</strong></span> <span class='ocrx_word' id='word_1_698' title='bbox 1681 1657 1754 1683; x_wconf 86' lang='lat' dir='ltr'><strong>hunc</strong></span> 
     </span>
    </p>
   </div>
   <div class='ocr_carea' id='block_1_95' title="bbox 1010 1702 1757 1736">
    <p class='ocr_par' dir='ltr' id='par_1_95' title="bbox 1010 1702 1757 1736">
     <span class='ocr_line' id='line_1_95' title="bbox 1010 1702 1757 1736; baseline 0 -8"><span class='ocrx_word' id='word_1_699' title='bbox 1010 1711 1020 1728; x_wconf 95' lang='lat'><strong>1</strong></span> <span class='ocrx_word' id='word_1_700' title='bbox 1035 1702 1164 1736; x_wconf 84' lang='lat' dir='ltr'><strong>deinceps</strong></span> <span class='ocrx_word' id='word_1_701' title='bbox 1178 1706 1277 1729; x_wconf 85' lang='lat' dir='ltr'><strong>metum</strong></span> <span class='ocrx_word' id='word_1_702' title='bbox 1294 1708 1348 1728; x_wconf 93' lang='lat' dir='ltr'><strong>non</strong></span> <span class='ocrx_word' id='word_1_703' title='bbox 1359 1703 1550 1736; x_wconf 81' lang='lat' dir='ltr'><strong>suscipiemus.</strong></span> <span class='ocrx_word' id='word_1_704' title='bbox 1567 1702 1757 1730; x_wconf 80' lang='lat' dir='ltr'><strong>Servabuntur</strong></span> 
     </span>
    </p>
   </div>
   <div class='ocr_carea' id='block_1_96' title="bbox 1009 1748 1756 1783">
    <p class='ocr_par' dir='ltr' id='par_1_96' title="bbox 1009 1748 1756 1783">
     <span class='ocr_line' id='line_1_96' title="bbox 1009 1748 1756 1783; baseline 0.004 -9"><span class='ocrx_word' id='word_1_705' title='bbox 1009 1757 1018 1774; x_wconf 94' lang='lat'><strong>1</strong></span> <span class='ocrx_word' id='word_1_706' title='bbox 1038 1753 1128 1775; x_wconf 85' lang='lat' dir='ltr'><strong>autem</strong></span> <span class='ocrx_word' id='word_1_707' title='bbox 1150 1748 1231 1774; x_wconf 86' lang='lat' dir='ltr'><strong>etiam</strong></span> <span class='ocrx_word' id='word_1_708' title='bbox 1254 1755 1317 1782; x_wconf 84' lang='lat' dir='ltr'><strong>erga</strong></span> <span class='ocrx_word' id='word_1_709' title='bbox 1336 1756 1395 1780; x_wconf 82' lang='lat' dir='ltr'><strong>nos,</strong></span> <span class='ocrx_word' id='word_1_710' title='bbox 1412 1756 1473 1782; x_wconf 75' lang='lat' dir='ltr'><strong>quae</strong></span> <span class='ocrx_word' id='word_1_711' title='bbox 1485 1748 1565 1776; x_wconf 88' lang='lat' dir='ltr'><strong>nobis</strong></span> <span class='ocrx_word' id='word_1_712' title='bbox 1590 1757 1697 1783; x_wconf 86' lang='lat' dir='ltr'><strong>quoque</strong></span> <span class='ocrx_word' id='word_1_713' title='bbox 1715 1755 1756 1777; x_wconf 82' lang='lat' dir='ltr'><strong>ta-</strong></span> 
     </span>
    </p>
   </div>
   <div class='ocr_carea' id='block_1_97' title="bbox 1009 1794 1754 1822">
    <p class='ocr_par' dir='ltr' id='par_1_97' title="bbox 1009 1794 1754 1822">
     <span class='ocr_line' id='line_1_97' title="bbox 1009 1794 1754 1822; baseline 0.004 -3"><span class='ocrx_word' id='word_1_714' title='bbox 1009 1803 1019 1819; x_wconf 90' lang='lat'><strong>1</strong></span> <span class='ocrx_word' id='word_1_715' title='bbox 1035 1794 1159 1821; x_wconf 89' lang='lat' dir='ltr'><strong>centibns</strong></span> <span class='ocrx_word' id='word_1_716' title='bbox 1190 1795 1292 1821; x_wconf 80' lang='lat' dir='ltr'><strong>servari</strong></span> <span class='ocrx_word' id='word_1_717' title='bbox 1319 1794 1418 1821; x_wconf 87' lang='lat' dir='ltr'><strong>debent</strong></span> <span class='ocrx_word' id='word_1_718' title='bbox 1447 1794 1592 1822; x_wconf 87' lang='lat' dir='ltr'><strong>dilectione</strong></span> <span class='ocrx_word' id='word_1_719' title='bbox 1612 1794 1754 1822; x_wconf 77' lang='lat' dir='ltr'><strong>fraterna:</strong></span> 
     </span>
    </p>
   </div>
   <div class='ocr_carea' id='block_1_98' title="bbox 1009 1839 1756 1874">
    <p class='ocr_par' dir='ltr' id='par_1_98' title="bbox 1009 1839 1756 1874">
     <span class='ocr_line' id='line_1_98' title="bbox 1009 1839 1756 1874; baseline 0 -8"><span class='ocrx_word' id='word_1_720' title='bbox 1009 1847 1092 1872; x_wconf 73' lang='lat' dir='ltr'><strong>1qua:</strong></span> <span class='ocrx_word' id='word_1_721' title='bbox 1103 1846 1152 1873; x_wconf 93' lang='lat' dir='ltr'><strong>pro</strong></span> <span class='ocrx_word' id='word_1_722' title='bbox 1168 1839 1300 1873; x_wconf 83' lang='lat' dir='ltr'><strong>sapientia</strong></span> <span class='ocrx_word' id='word_1_723' title='bbox 1322 1843 1349 1866; x_wconf 89' lang='lat' dir='ltr'><strong>et</strong></span> <span class='ocrx_word' id='word_1_724' title='bbox 1371 1839 1486 1873; x_wconf 79' lang='lat' dir='ltr'><strong>iustitia,</strong></span> <span class='ocrx_word' id='word_1_725' title='bbox 1504 1846 1585 1874; x_wconf 88' lang='lat' dir='ltr'><strong>quam</strong></span> <span class='ocrx_word' id='word_1_726' title='bbox 1610 1839 1657 1866; x_wconf 87' lang='lat' dir='ltr'><strong>tibi</strong></span> <span class='ocrx_word' id='word_1_727' title='bbox 1682 1841 1756 1867; x_wconf 86' lang='lat' dir='ltr'><strong>dedit</strong></span> 
     </span>
    </p>
   </div>
   <div class='ocr_carea' id='block_1_99' title="bbox 1012 1883 1755 1918">
    <p class='ocr_par' dir='ltr' id='par_1_99' title="bbox 1012 1883 1755 1918">
     <span class='ocr_line' id='line_1_99' title="bbox 1012 1883 1755 1918; baseline -0.003 -8"><span class='ocrx_word' id='word_1_728' title='bbox 1012 1893 1021 1910; x_wconf 92' lang='lat'><strong>1</strong></span> <span class='ocrx_word' id='word_1_729' title='bbox 1036 1883 1203 1915; x_wconf 83' lang='lat' dir='ltr'><strong>Altissimus,</strong></span> <span class='ocrx_word' id='word_1_730' title='bbox 1221 1883 1278 1918; x_wconf 87' lang='lat' dir='ltr'><strong>ipse</strong></span> <span class='ocrx_word' id='word_1_731' title='bbox 1292 1890 1401 1918; x_wconf 81' lang='lat' dir='ltr'><strong>quoque</strong></span> <span class='ocrx_word' id='word_1_732' title='bbox 1415 1883 1500 1910; x_wconf 89' lang='lat' dir='ltr'><strong>sentis</strong></span> <span class='ocrx_word' id='word_1_733' title='bbox 1511 1883 1613 1910; x_wconf 86' lang='lat' dir='ltr'><strong>servari</strong></span> <span class='ocrx_word' id='word_1_734' title='bbox 1634 1883 1732 1909; x_wconf 81' lang='lat' dir='ltr'><strong>debere</strong></span> <span class='ocrx_word' id='word_1_735' title='bbox 1746 1903 1755 1914; x_wconf 87' lang='lat'><strong>,</strong></span> 
     </span>
    </p>
   </div>
   <div class='ocr_carea' id='block_1_100' title="bbox 1010 1926 1757 1957">
    <p class='ocr_par' dir='ltr' id='par_1_100' title="bbox 1010 1926 1757 1957">
     <span class='ocr_line' id='line_1_100' title="bbox 1010 1926 1757 1957; baseline -0.001 -1"><span class='ocrx_word' id='word_1_736' title='bbox 1010 1939 1020 1956; x_wconf 94' lang='lat'><strong>1</strong></span> <span class='ocrx_word' id='word_1_737' title='bbox 1036 1930 1056 1957; x_wconf 84' lang='lat' dir='ltr'><strong>si</strong></span> <span class='ocrx_word' id='word_1_738' title='bbox 1077 1930 1147 1957; x_wconf 81' lang='lat' dir='ltr'><strong>forte</strong></span> <span class='ocrx_word' id='word_1_739' title='bbox 1175 1929 1256 1956; x_wconf 83' lang='lat' dir='ltr'><strong>aliter</strong></span> <span class='ocrx_word' id='word_1_740' title='bbox 1280 1936 1309 1956; x_wconf 88' lang='lat' dir='ltr'><strong>se</strong></span> <span class='ocrx_word' id='word_1_741' title='bbox 1339 1928 1459 1955; x_wconf 84' lang='lat' dir='ltr'><strong>habeant</strong></span> <span class='ocrx_word' id='word_1_742' title='bbox 1489 1935 1608 1955; x_wconf 83' lang='lat' dir='ltr'><strong>canones</strong></span> <span class='ocrx_word' id='word_1_743' title='bbox 1640 1926 1757 1955; x_wconf 58' lang='lat' dir='ltr'><strong>Niciam:</strong></span> 
     </span>
    </p>
   </div>
   <div class='ocr_carea' id='block_1_101' title="bbox 1014 1972 1757 2009">
    <p class='ocr_par' dir='ltr' id='par_1_101' title="bbox 1014 1972 1757 2009">
     <span class='ocr_line' id='line_1_101' title="bbox 1014 1972 1757 2009; baseline -0.003 -8"><span class='ocrx_word' id='word_1_744' title='bbox 1014 1983 1023 2001; x_wconf 70' lang='grc' dir='ltr'><strong>ι</strong></span> <span class='ocrx_word' id='word_1_745' title='bbox 1044 1974 1152 2009; x_wconf 85' lang='lat' dir='ltr'><strong>synodi.</strong></span> <span class='ocrx_word' id='word_1_746' title='bbox 1171 1973 1226 2001; x_wconf 82' lang='lat' dir='ltr'><strong>Nos</strong></span> <span class='ocrx_word' id='word_1_747' title='bbox 1239 1975 1323 2007; x_wconf 84' lang='lat' dir='ltr'><strong>enim,</strong></span> <span class='ocrx_word' id='word_1_748' title='bbox 1344 1973 1430 2008; x_wconf 90' lang='lat' dir='ltr'><strong>quiin</strong></span> <span class='ocrx_word' id='word_1_749' title='bbox 1452 1973 1543 2008; x_wconf 80' lang='lat' dir='ltr'><strong>plures</strong></span> <span class='ocrx_word' id='word_1_750' title='bbox 1570 1973 1653 2000; x_wconf 90' lang='lat' dir='ltr'><strong>libros</strong></span> <span class='ocrx_word' id='word_1_751' title='bbox 1685 1972 1757 2000; x_wconf 91' lang='lat' dir='ltr'><strong>lnci-</strong></span> 
     </span>
    </p>
   </div>
   <div class='ocr_carea' id='block_1_102' title="bbox 1012 2019 1756 2055">
    <p class='ocr_par' dir='ltr' id='par_1_102' title="bbox 1012 2019 1756 2055">
     <span class='ocr_line' id='line_1_102' title="bbox 1012 2019 1756 2055; baseline -0.003 -8"><span class='ocrx_word' id='word_1_752' title='bbox 1012 2030 1024 2047; x_wconf 89' lang='lat'><strong>1</strong></span> <span class='ocrx_word' id='word_1_753' title='bbox 1042 2021 1151 2053; x_wconf 67' lang='lat' dir='ltr'><strong>dimus,</strong></span> <span class='ocrx_word' id='word_1_754' title='bbox 1172 2028 1311 2054; x_wconf 85' lang='lat' dir='ltr'><strong>nunquam</strong></span> <span class='ocrx_word' id='word_1_755' title='bbox 1337 2020 1450 2055; x_wconf 85' lang='lat' dir='ltr'><strong>legimus</strong></span> <span class='ocrx_word' id='word_1_756' title='bbox 1463 2021 1492 2047; x_wconf 90' lang='lat' dir='ltr'><strong>in</strong></span> <span class='ocrx_word' id='word_1_757' title='bbox 1520 2020 1596 2047; x_wconf 87' lang='lat' dir='ltr'><strong>libris</strong></span> <span class='ocrx_word' id='word_1_758' title='bbox 1615 2019 1756 2051; x_wconf 79' lang='lat' dir='ltr'><strong>Romanis,</strong></span> 
     </span>
    </p>
   </div>
   <div class='ocr_carea' id='block_1_103' title="bbox 1012 2064 1758 2101">
    <p class='ocr_par' dir='ltr' id='par_1_103' title="bbox 1012 2064 1758 2101">
     <span class='ocr_line' id='line_1_103' title="bbox 1012 2064 1758 2101; baseline -0.004 -8"><span class='ocrx_word' id='word_1_759' title='bbox 1012 2075 1022 2093; x_wconf 83' lang='lat'><strong>1</strong></span> <span class='ocrx_word' id='word_1_760' title='bbox 1041 2066 1212 2101; x_wconf 33' lang='lat' dir='ltr'><strong>inisynodum</strong></span> <span class='ocrx_word' id='word_1_761' title='bbox 1227 2065 1612 2100; x_wconf 70' lang='lat' dir='ltr'><strong>Nicaanam,quemadmodum</strong></span> <span class='ocrx_word' id='word_1_762' title='bbox 1639 2064 1665 2090; x_wconf 91' lang='lat' dir='ltr'><strong>in</strong></span> <span class='ocrx_word' id='word_1_763' title='bbox 1689 2071 1758 2097; x_wconf 59' lang='lat' dir='ltr'><strong>prse-</strong></span> 
     </span>
    </p>
   </div>
   <div class='ocr_carea' id='block_1_104' title="bbox 1009 2110 1755 2140">
    <p class='ocr_par' dir='ltr' id='par_1_104' title="bbox 1009 2110 1755 2140">
     <span class='ocr_line' id='line_1_104' title="bbox 1009 2110 1755 2140; baseline -0.003 -1"><span class='ocrx_word' id='word_1_764' title='bbox 1009 2121 1018 2139; x_wconf 88' lang='lat'><strong>1</strong></span> <span class='ocrx_word' id='word_1_765' title='bbox 1038 2113 1111 2140; x_wconf 83' lang='lat' dir='ltr'><strong>dicto</strong></span> <span class='ocrx_word' id='word_1_766' title='bbox 1141 2111 1348 2139; x_wconf 85' lang='lat' dir='ltr'><strong>commonitorio</strong></span> <span class='ocrx_word' id='word_1_767' title='bbox 1380 2110 1481 2138; x_wconf 90' lang='lat' dir='ltr'><strong>isthinc</strong></span> <span class='ocrx_word' id='word_1_768' title='bbox 1511 2110 1755 2137; x_wconf 50' lang='lat' dir='ltr'><strong>transmissisunt:</strong></span> 
     </span>
    </p>
   </div>
   <div class='ocr_carea' id='block_1_105' title="bbox 1010 2155 1757 2192">
    <p class='ocr_par' dir='ltr' id='par_1_105' title="bbox 1010 2155 1757 2192">
     <span class='ocr_line' id='line_1_105' title="bbox 1010 2155 1757 2192; baseline -0.005 -7"><span class='ocrx_word' id='word_1_769' title='bbox 1010 2167 1020 2183; x_wconf 92' lang='lat'><strong>1</strong></span> <span class='ocrx_word' id='word_1_770' title='bbox 1036 2163 1124 2185; x_wconf 89' lang='lat' dir='ltr'><strong>tamen</strong></span> <span class='ocrx_word' id='word_1_771' title='bbox 1149 2158 1211 2192; x_wconf 85' lang='lat' dir='ltr'><strong>quia</strong></span> <span class='ocrx_word' id='word_1_772' title='bbox 1226 2157 1307 2184; x_wconf 81' lang='lat' dir='ltr'><strong>liicin</strong></span> <span class='ocrx_word' id='word_1_773' title='bbox 1330 2157 1485 2184; x_wconf 85' lang='lat' dir='ltr'><strong>nullolibro</strong></span> <span class='ocrx_word' id='word_1_774' title='bbox 1512 2155 1607 2183; x_wconf 67' lang='lat' dir='ltr'><strong>Grmco</strong></span> <span class='ocrx_word' id='word_1_775' title='bbox 1636 2156 1693 2182; x_wconf 66' lang='lat' dir='ltr'><strong>haec</strong></span> <span class='ocrx_word' id='word_1_776' title='bbox 1714 2155 1757 2181; x_wconf 88' lang='lat' dir='ltr'><strong>in-</strong></span> 
     </span>
    </p>
   </div>
   <div class='ocr_carea' id='block_1_106' title="bbox 1013 2199 1763 2236">
    <p class='ocr_par' dir='ltr' id='par_1_106' title="bbox 1013 2199 1763 2236">
     <span class='ocr_line' id='line_1_106' title="bbox 1013 2199 1763 2236; baseline -0.001 -9"><span class='ocrx_word' id='word_1_777' title='bbox 1013 2211 1023 2227; x_wconf 93' lang='lat'><strong>1</strong></span> <span class='ocrx_word' id='word_1_778' title='bbox 1041 2202 1134 2229; x_wconf 85' lang='lat' dir='ltr'><strong>venire</strong></span> <span class='ocrx_word' id='word_1_779' title='bbox 1158 2201 1316 2236; x_wconf 89' lang='lat' dir='ltr'><strong>potuimus,</strong></span> <span class='ocrx_word' id='word_1_780' title='bbox 1345 2209 1376 2227; x_wconf 80' lang='lat' dir='ltr'><strong>cx</strong></span> <span class='ocrx_word' id='word_1_781' title='bbox 1406 2201 1536 2228; x_wconf 87' lang='lat' dir='ltr'><strong>Ecclesiis</strong></span> <span class='ocrx_word' id='word_1_782' title='bbox 1562 2199 1763 2231; x_wconf 67' lang='lat' dir='ltr'><strong>Orientalibus,</strong></span> 
     </span>
    </p>
   </div>
   <div class='ocr_carea' id='block_1_107' title="bbox 1009 2246 1757 2283">
    <p class='ocr_par' dir='ltr' id='par_1_107' title="bbox 1009 2246 1757 2283">
     <span class='ocr_line' id='line_1_107' title="bbox 1009 2246 1757 2283; baseline -0.001 -9"><span class='ocrx_word' id='word_1_783' title='bbox 1009 2259 1019 2274; x_wconf 89' lang='lat'><strong>1</strong></span> <span class='ocrx_word' id='word_1_784' title='bbox 1038 2249 1082 2276; x_wconf 90' lang='lat' dir='ltr'><strong>ubi</strong></span> <span class='ocrx_word' id='word_1_785' title='bbox 1105 2249 1162 2283; x_wconf 89' lang='lat' dir='ltr'><strong>ipsa</strong></span> <span class='ocrx_word' id='word_1_786' title='bbox 1193 2248 1304 2275; x_wconf 75' lang='lat' dir='ltr'><strong>decreta</strong></span> <span class='ocrx_word' id='word_1_787' title='bbox 1335 2247 1491 2275; x_wconf 88' lang='lat' dir='ltr'><strong>authentica</strong></span> <span class='ocrx_word' id='word_1_788' title='bbox 1515 2247 1644 2274; x_wconf 89' lang='lat' dir='ltr'><strong>dicuntur</strong></span> <span class='ocrx_word' id='word_1_789' title='bbox 1668 2246 1757 2273; x_wconf 88' lang='lat' dir='ltr'><strong>adhuc</strong></span> 
     </span>
    </p>
   </div>
   <div class='ocr_carea' id='block_1_108' title="bbox 1013 2292 1759 2328">
    <p class='ocr_par' dir='ltr' id='par_1_108' title="bbox 1013 2292 1759 2328">
     <span class='ocr_line' id='line_1_108' title="bbox 1013 2292 1759 2328; baseline -0.003 -7"><span class='ocrx_word' id='word_1_790' title='bbox 1013 2303 1022 2320; x_wconf 90' lang='lat'><strong>1</strong></span> <span class='ocrx_word' id='word_1_791' title='bbox 1038 2301 1117 2328; x_wconf 85' lang='lat' dir='ltr'><strong>posse</strong></span> <span class='ocrx_word' id='word_1_792' title='bbox 1134 2294 1261 2326; x_wconf 83' lang='lat' dir='ltr'><strong>inveniri,</strong></span> <span class='ocrx_word' id='word_1_793' title='bbox 1280 2293 1312 2320; x_wconf 86' lang='lat' dir='ltr'><strong>ad</strong></span> <span class='ocrx_word' id='word_1_794' title='bbox 1327 2301 1375 2320; x_wconf 89' lang='lat' dir='ltr'><strong>nos</strong></span> <span class='ocrx_word' id='word_1_795' title='bbox 1391 2293 1437 2320; x_wconf 87' lang='lat' dir='ltr'><strong>illa</strong></span> <span class='ocrx_word' id='word_1_796' title='bbox 1452 2292 1553 2320; x_wconf 79' lang='lat' dir='ltr'><strong>delerri</strong></span> <span class='ocrx_word' id='word_1_797' title='bbox 1583 2293 1660 2320; x_wconf 80' lang='lat' dir='ltr'><strong>valde</strong></span> <span class='ocrx_word' id='word_1_798' title='bbox 1686 2293 1759 2319; x_wconf 82' lang='lat' dir='ltr'><strong>desi-</strong></span> 
     </span>
    </p>
   </div>
   <div class='ocr_carea' id='block_1_109' title="bbox 1014 2339 1758 2373">
    <p class='ocr_par' dir='ltr' id='par_1_109' title="bbox 1014 2339 1758 2373">
     <span class='ocr_line' id='line_1_109' title="bbox 1014 2339 1758 2373; baseline 0 -7"><span class='ocrx_word' id='word_1_799' title='bbox 1014 2341 1175 2368; x_wconf 88' lang='lat' dir='ltr'><strong>1deramus.</strong></span> <span class='ocrx_word' id='word_1_800' title='bbox 1208 2340 1299 2373; x_wconf 83' lang='lat' dir='ltr'><strong>Quare</strong></span> <span class='ocrx_word' id='word_1_801' title='bbox 1334 2345 1408 2366; x_wconf 88' lang='lat' dir='ltr'><strong>luam</strong></span> <span class='ocrx_word' id='word_1_802' title='bbox 1439 2339 1520 2367; x_wconf 90' lang='lat' dir='ltr'><strong>etiam</strong></span> <span class='ocrx_word' id='word_1_803' title='bbox 1554 2339 1758 2367; x_wconf 85' lang='lat' dir='ltr'><strong>venerationem</strong></span> 
     </span>
    </p>
   </div>
   <div class='ocr_carea' id='block_1_110' title="bbox 1013 2383 1756 2420">
    <p class='ocr_par' dir='ltr' id='par_1_110' title="bbox 1013 2383 1756 2420">
     <span class='ocr_line' id='line_1_110' title="bbox 1013 2383 1756 2420; baseline 0.001 -9"><span class='ocrx_word' id='word_1_804' title='bbox 1013 2395 1022 2412; x_wconf 89' lang='lat'><strong>1</strong></span> <span class='ocrx_word' id='word_1_805' title='bbox 1043 2392 1178 2420; x_wconf 78' lang='lat' dir='ltr'><strong>rogamus,</strong></span> <span class='ocrx_word' id='word_1_806' title='bbox 1200 2390 1230 2412; x_wconf 90' lang='lat' dir='ltr'><strong>ut</strong></span> <span class='ocrx_word' id='word_1_807' title='bbox 1250 2385 1306 2419; x_wconf 88' lang='lat' dir='ltr'><strong>ipse</strong></span> <span class='ocrx_word' id='word_1_808' title='bbox 1332 2390 1464 2420; x_wconf 70' lang='lat' dir='ltr'><strong>praeterea</strong></span> <span class='ocrx_word' id='word_1_809' title='bbox 1490 2385 1610 2412; x_wconf 87' lang='lat' dir='ltr'><strong>scribere</strong></span> <span class='ocrx_word' id='word_1_810' title='bbox 1636 2383 1756 2419; x_wconf 75' lang='lat' dir='ltr'><strong>digneris</strong></span> 
     </span>
    </p>
   </div>
   <div class='ocr_carea' id='block_1_111' title="bbox 1015 2431 1759 2464">
    <p class='ocr_par' dir='ltr' id='par_1_111' title="bbox 1015 2431 1759 2464">
     <span class='ocr_line' id='line_1_111' title="bbox 1015 2431 1759 2464; baseline -0.001 -7"><span class='ocrx_word' id='word_1_811' title='bbox 1015 2441 1023 2457; x_wconf 91' lang='lat'><strong>1</strong></span> <span class='ocrx_word' id='word_1_812' title='bbox 1042 2431 1073 2458; x_wconf 84' lang='lat' dir='ltr'><strong>ad</strong></span> <span class='ocrx_word' id='word_1_813' title='bbox 1089 2431 1194 2457; x_wconf 89' lang='lat' dir='ltr'><strong>illarum</strong></span> <span class='ocrx_word' id='word_1_814' title='bbox 1212 2431 1328 2464; x_wconf 81' lang='lat' dir='ltr'><strong>partium</strong></span> <span class='ocrx_word' id='word_1_815' title='bbox 1352 2431 1498 2463; x_wconf 81' lang='lat' dir='ltr'><strong>antistites,</strong></span> <span class='ocrx_word' id='word_1_816' title='bbox 1524 2431 1551 2458; x_wconf 90' lang='lat' dir='ltr'><strong>id</strong></span> <span class='ocrx_word' id='word_1_817' title='bbox 1583 2436 1637 2462; x_wconf 85' lang='lat' dir='ltr'><strong>est,</strong></span> <span class='ocrx_word' id='word_1_818' title='bbox 1664 2431 1759 2457; x_wconf 81' lang='lat' dir='ltr'><strong>Antio-</strong></span> 
     </span>
    </p>
   </div>
   <div class='ocr_carea' id='block_1_112' title="bbox 1015 2475 1758 2510">
    <p class='ocr_par' dir='ltr' id='par_1_112' title="bbox 1015 2475 1758 2510">
     <span class='ocr_line' id='line_1_112' title="bbox 1015 2475 1758 2510; baseline -0.003 -6"><span class='ocrx_word' id='word_1_819' title='bbox 1015 2487 1024 2503; x_wconf 95' lang='lat'><strong>1</strong></span> <span class='ocrx_word' id='word_1_820' title='bbox 1041 2478 1150 2510; x_wconf 64' lang='lat' dir='ltr'><strong>cliente,</strong></span> <span class='ocrx_word' id='word_1_821' title='bbox 1178 2475 1368 2503; x_wconf 69' lang='lat' dir='ltr'><strong>Alexandrinas</strong></span> <span class='ocrx_word' id='word_1_822' title='bbox 1395 2481 1423 2504; x_wconf 90' lang='lat' dir='ltr'><strong>et</strong></span> <span class='ocrx_word' id='word_1_823' title='bbox 1444 2475 1758 2509; x_wconf 69' lang='lat' dir='ltr'><strong>Constantinopolitanm</strong></span> 
     </span>
    </p>
   </div>
   <div class='ocr_carea' id='block_1_113' title="bbox 1010 2520 1758 2554">
    <p class='ocr_par' dir='ltr' id='par_1_113' title="bbox 1010 2520 1758 2554">
     <span class='ocr_line' id='line_1_113' title="bbox 1010 2520 1758 2554; baseline -0.003 -5"><span class='ocrx_word' id='word_1_824' title='bbox 1010 2533 1020 2549; x_wconf 83' lang='lat'><strong>1</strong></span> <span class='ocrx_word' id='word_1_825' title='bbox 1035 2523 1175 2554; x_wconf 64' lang='lat' dir='ltr'><strong>Ecclesiae,</strong></span> <span class='ocrx_word' id='word_1_826' title='bbox 1190 2526 1217 2549; x_wconf 91' lang='lat' dir='ltr'><strong>et</strong></span> <span class='ocrx_word' id='word_1_827' title='bbox 1232 2521 1263 2548; x_wconf 90' lang='lat' dir='ltr'><strong>ad</strong></span> <span class='ocrx_word' id='word_1_828' title='bbox 1277 2521 1355 2553; x_wconf 83' lang='lat' dir='ltr'><strong>alios,</strong></span> <span class='ocrx_word' id='word_1_829' title='bbox 1369 2521 1391 2549; x_wconf 90' lang='lat' dir='ltr'><strong>si</strong></span> <span class='ocrx_word' id='word_1_830' title='bbox 1406 2526 1457 2548; x_wconf 72' lang='lat' dir='ltr'><strong>tuae</strong></span> <span class='ocrx_word' id='word_1_831' title='bbox 1465 2521 1605 2547; x_wconf 79' lang='lat' dir='ltr'><strong>sanctitati</strong></span> <span class='ocrx_word' id='word_1_832' title='bbox 1624 2520 1758 2554; x_wconf 87' lang='lat' dir='ltr'><strong>videatur,</strong></span> 
     </span>
    </p>
   </div>
   <div class='ocr_carea' id='block_1_114' title="bbox 1015 2566 1765 2601">
    <p class='ocr_par' dir='ltr' id='par_1_114' title="bbox 1015 2566 1765 2601">
     <span class='ocr_line' id='line_1_114' title="bbox 1015 2566 1765 2601; baseline -0.001 -6"><span class='ocrx_word' id='word_1_833' title='bbox 1015 2579 1026 2595; x_wconf 89' lang='lat'><strong>1</strong></span> <span class='ocrx_word' id='word_1_834' title='bbox 1043 2569 1151 2596; x_wconf 89' lang='lat' dir='ltr'><strong>utillinc</strong></span> <span class='ocrx_word' id='word_1_835' title='bbox 1159 2569 1191 2595; x_wconf 85' lang='lat' dir='ltr'><strong>ad</strong></span> <span class='ocrx_word' id='word_1_836' title='bbox 1200 2575 1249 2595; x_wconf 89' lang='lat' dir='ltr'><strong>nos</strong></span> <span class='ocrx_word' id='word_1_837' title='bbox 1259 2567 1354 2595; x_wconf 64' lang='lat' dir='ltr'><strong>Nicaea:</strong></span> <span class='ocrx_word' id='word_1_838' title='bbox 1361 2575 1376 2595; x_wconf 91' lang='lat' dir='ltr'><strong>a</strong></span> <span class='ocrx_word' id='word_1_839' title='bbox 1385 2566 1615 2601; x_wconf 62' lang='lat' dir='ltr'><strong>sanctisﬂ’nribus</strong></span> <span class='ocrx_word' id='word_1_840' title='bbox 1621 2567 1765 2594; x_wconf 69' lang='lat' dir='ltr'><strong>constituti</strong></span> 
     </span>
    </p>
   </div>
   <div class='ocr_carea' id='block_1_115' title="bbox 1016 2612 1761 2647">
    <p class='ocr_par' dir='ltr' id='par_1_115' title="bbox 1016 2612 1761 2647">
     <span class='ocr_line' id='line_1_115' title="bbox 1016 2612 1761 2647; baseline -0.003 -7"><span class='ocrx_word' id='word_1_841' title='bbox 1016 2624 1025 2640; x_wconf 91' lang='lat'><strong>1</strong></span> <span class='ocrx_word' id='word_1_842' title='bbox 1048 2622 1166 2642; x_wconf 83' lang='lat' dir='ltr'><strong>canones</strong></span> <span class='ocrx_word' id='word_1_843' title='bbox 1188 2614 1350 2646; x_wconf 88' lang='lat' dir='ltr'><strong>mittantur;</strong></span> <span class='ocrx_word' id='word_1_844' title='bbox 1367 2618 1394 2640; x_wconf 87' lang='lat' dir='ltr'><strong>te</strong></span> <span class='ocrx_word' id='word_1_845' title='bbox 1419 2612 1556 2647; x_wconf 70' lang='lat' dir='ltr'><strong>praecipue</strong></span> <span class='ocrx_word' id='word_1_846' title='bbox 1581 2612 1632 2638; x_wconf 85' lang='lat' dir='ltr'><strong>hoc</strong></span> <span class='ocrx_word' id='word_1_847' title='bbox 1660 2612 1761 2638; x_wconf 84' lang='lat' dir='ltr'><strong>beneﬁ-</strong></span> 
     </span>
    </p>
   </div>
   <div class='ocr_carea' id='block_1_116' title="bbox 1019 2656 1759 2686">
    <p class='ocr_par' dir='ltr' id='par_1_116' title="bbox 1019 2656 1759 2686">
     <span class='ocr_line' id='line_1_116' title="bbox 1019 2656 1759 2686; baseline -0.005 0"><span class='ocrx_word' id='word_1_848' title='bbox 1019 2669 1028 2686; x_wconf 93' lang='lat'><strong>1</strong></span> <span class='ocrx_word' id='word_1_849' title='bbox 1047 2660 1119 2686; x_wconf 82' lang='lat' dir='ltr'><strong>cium</strong></span> <span class='ocrx_word' id='word_1_850' title='bbox 1157 2658 1372 2686; x_wconf 81' lang='lat' dir='ltr'><strong>Occidentalibus</strong></span> <span class='ocrx_word' id='word_1_851' title='bbox 1399 2657 1525 2684; x_wconf 88' lang='lat' dir='ltr'><strong>omnibus</strong></span> <span class='ocrx_word' id='word_1_852' title='bbox 1546 2656 1675 2683; x_wconf 83' lang='lat' dir='ltr'><strong>Eccleaiis</strong></span> <span class='ocrx_word' id='word_1_853' title='bbox 1713 2656 1759 2686; x_wconf 86' lang='lat' dir='ltr'><strong>Dei</strong></span> 
     </span>
    </p>
   </div>
   <div class='ocr_carea' id='block_1_117' title="bbox 1018 2702 1762 2735">
    <p class='ocr_par' dir='ltr' id='par_1_117' title="bbox 1018 2702 1762 2735">
     <span class='ocr_line' id='line_1_117' title="bbox 1018 2702 1762 2735; baseline -0.004 -4"><span class='ocrx_word' id='word_1_854' title='bbox 1018 2713 1027 2730; x_wconf 92' lang='lat'><strong>1</strong></span> <span class='ocrx_word' id='word_1_855' title='bbox 1049 2704 1149 2731; x_wconf 78' lang='lat' dir='ltr'><strong>auxilio</strong></span> <span class='ocrx_word' id='word_1_856' title='bbox 1165 2703 1331 2731; x_wconf 75' lang='lat' dir='ltr'><strong>conterente.</strong></span> <span class='ocrx_word' id='word_1_857' title='bbox 1347 2703 1415 2735; x_wconf 84' lang='lat' dir='ltr'><strong>Quis</strong></span> <span class='ocrx_word' id='word_1_858' title='bbox 1440 2702 1511 2729; x_wconf 90' lang='lat' dir='ltr'><strong>enim</strong></span> <span class='ocrx_word' id='word_1_859' title='bbox 1543 2702 1644 2729; x_wconf 87' lang='lat' dir='ltr'><strong>dubitat</strong></span> <span class='ocrx_word' id='word_1_860' title='bbox 1669 2709 1762 2731; x_wconf 72' lang='lat' dir='ltr'><strong>enim.</strong></span> 
     </span>
    </p>
   </div>
   <div class='ocr_carea' id='block_1_118' title="bbox 1020 2748 1761 2785">
    <p class='ocr_par' dir='ltr' id='par_1_118' title="bbox 1020 2748 1761 2785">
     <span class='ocr_line' id='line_1_118' title="bbox 1020 2748 1761 2785; baseline -0.001 -10"><span class='ocrx_word' id='word_1_861' title='bbox 1020 2759 1028 2775; x_wconf 92' lang='lat'><strong>1</strong></span> <span class='ocrx_word' id='word_1_862' title='bbox 1048 2750 1132 2784; x_wconf 86' lang='lat' dir='ltr'><strong>plaria</strong></span> <span class='ocrx_word' id='word_1_863' title='bbox 1146 2749 1241 2785; x_wconf 81' lang='lat' dir='ltr'><strong>synodi</strong></span> <span class='ocrx_word' id='word_1_864' title='bbox 1260 2748 1354 2776; x_wconf 70' lang='lat' dir='ltr'><strong>Nicasaa</strong></span> <span class='ocrx_word' id='word_1_865' title='bbox 1366 2753 1535 2782; x_wconf 63' lang='lat' dir='ltr'><strong>congregatae</strong></span> <span class='ocrx_word' id='word_1_866' title='bbox 1550 2748 1689 2775; x_wconf 85' lang='lat' dir='ltr'><strong>verissima</strong></span> <span class='ocrx_word' id='word_1_867' title='bbox 1698 2755 1761 2774; x_wconf 75' lang='lat' dir='ltr'><strong>esse</strong></span> 
     </span>
    </p>
   </div>
   <div class='ocr_carea' id='block_1_119' title="bbox 1019 2793 1761 2828">
    <p class='ocr_par' dir='ltr' id='par_1_119' title="bbox 1019 2793 1761 2828">
     <span class='ocr_line' id='line_1_119' title="bbox 1019 2793 1761 2828; baseline -0.004 -6"><span class='ocrx_word' id='word_1_868' title='bbox 1019 2804 1027 2821; x_wconf 90' lang='lat'><strong>1</strong></span> <span class='ocrx_word' id='word_1_869' title='bbox 1049 2796 1073 2822; x_wconf 93' lang='lat' dir='ltr'><strong>in</strong></span> <span class='ocrx_word' id='word_1_870' title='bbox 1089 2795 1201 2827; x_wconf 71' lang='lat' dir='ltr'><strong>Ora-cis,</strong></span> <span class='ocrx_word' id='word_1_871' title='bbox 1218 2802 1279 2828; x_wconf 66' lang='lat' dir='ltr'><strong>qua:</strong></span> <span class='ocrx_word' id='word_1_872' title='bbox 1295 2802 1310 2821; x_wconf 90' lang='lat' dir='ltr'><strong>a</strong></span> <span class='ocrx_word' id='word_1_873' title='bbox 1324 2799 1378 2821; x_wconf 87' lang='lat' dir='ltr'><strong>tam</strong></span> <span class='ocrx_word' id='word_1_874' title='bbox 1405 2793 1521 2821; x_wconf 76' lang='lat' dir='ltr'><strong>diversis</strong></span> <span class='ocrx_word' id='word_1_875' title='bbox 1550 2793 1616 2820; x_wconf 82' lang='lat' dir='ltr'><strong>locis</strong></span> <span class='ocrx_word' id='word_1_876' title='bbox 1642 2798 1669 2820; x_wconf 86' lang='lat' dir='ltr'><strong>et</strong></span> <span class='ocrx_word' id='word_1_877' title='bbox 1692 2793 1761 2819; x_wconf 82' lang='lat' dir='ltr'><strong>insi-</strong></span> 
     </span>
    </p>
   </div>
   <div class='ocr_carea' id='block_1_120' title="bbox 1019 2839 1764 2876">
    <p class='ocr_par' dir='ltr' id='par_1_120' title="bbox 1019 2839 1764 2876">
     <span class='ocr_line' id='line_1_120' title="bbox 1019 2839 1764 2876; baseline 0.001 -11"><span class='ocrx_word' id='word_1_878' title='bbox 1019 2849 1028 2865; x_wconf 85' lang='lat'><strong>1</strong></span> <span class='ocrx_word' id='word_1_879' title='bbox 1047 2841 1143 2876; x_wconf 79' lang='lat' dir='ltr'><strong>gnibus</strong></span> <span class='ocrx_word' id='word_1_880' title='bbox 1159 2840 1260 2869; x_wconf 69' lang='lat' dir='ltr'><strong>Gra‘cis</strong></span> <span class='ocrx_word' id='word_1_881' title='bbox 1287 2839 1414 2868; x_wconf 82' lang='lat' dir='ltr'><strong>Ecclesiis</strong></span> <span class='ocrx_word' id='word_1_882' title='bbox 1445 2840 1586 2874; x_wconf 73' lang='lat' dir='ltr'><strong>deportata</strong></span> <span class='ocrx_word' id='word_1_883' title='bbox 1614 2844 1639 2868; x_wconf 84' lang='lat' dir='ltr'><strong>et</strong></span> <span class='ocrx_word' id='word_1_884' title='bbox 1663 2839 1764 2867; x_wconf 60' lang='lat' dir='ltr'><strong>collata</strong></span> 
     </span>
    </p>
   </div>
  </div>
