1909 3075
212 129 264 160 439

841 134 977 166 THEOD.
996 134 1198 169 BALSAMON

1773 137 1826 170 ιιο

214 198 223 214 ι
240 187 387 223 Bithynice
400 188 552 223 metropoli,
569 195 600 216 ea
611 195 670 223 quae
693 196 708 215 a
736 189 838 217 sanctis
869 189 983 218 Patribui

1051 203 1057 220 ι
1081 195 1245 230 μητροπόλει
1257 196 1306 231 τῆς
1321 195 1449 227 Βιθυνίας
1476 193 1640 230 αὐθεντικῆς
1656 193 1777 226 συνόδου,
1792 195 1825 221 τὰ

212 242 222 257 ε
241 233 352 260 deflnita
368 237 394 260 et
405 233 565 261 confirmata
586 237 659 267 sunt,
677 233 727 261 sub
739 238 838 262 nostrae
852 234 913 262 ﬁdei
927 242 990 269 pro-

211 288 220 304 ι
239 278 364 310 fossione,
381 283 478 306 vestra:
493 279 629 306 charitate
641 280 791 312 missuros;
809 280 990 307 necessarium

210 334 220 349 ι
239 324 317 356 duxi,
333 325 436 352 domini
456 325 556 353 fratres
571 326 598 353 in
610 325 705 360 primis
733 327 916 360 venerabiles,
947 335 991 354 sa-

210 380 220 397 ι
237 371 367 399 lutatione
381 372 558 406 praecedente,
572 379 621 407 per
636 373 759 400 eumdem
773 372 855 400 filium
870 376 990 400 nostrum

211 426 220 442 ι
235 417 425 444 Innocentium
442 417 630 453 presbyterum
646 418 804 446 ﬁdelissima
824 418 990 453 exemplaria

209 471 218 486 ι
237 461 400 489 ιιυιῐιεηιὶοιε
413 462 509 497 synodi
536 461 642 496 Nicaeae,
675 470 734 497 qua:
764 463 897 498 Bithyniae
925 463 991 490 urbs

210 517 220 533 ε
237 512 288 540 est,
304 508 412 541 habitae,
426 513 522 536 vestrae
537 508 664 536 charitati
677 509 805 542 mittere;:
822 509 893 543 quod
906 509 988 535 etiam

211 563 220 578 ι
238 554 264 580 in
292 553 475 581 ecclesiastica
508 553 625 582 Historia
658 560 809 588 quaerentes
835 554 987 582 invenietis.

209 605 219 620 ι
237 597 273 622 De
290 595 393 624 Pascha
422 602 523 630 autem,
555 602 586 625 ut
615 598 773 632 scripsistis,
800 599 989 626 renuntiamus

210 649 219 665 ι
239 641 323 673 vobis,
340 641 372 669 Α.
390 641 421 669 D.
432 642 548 676 septimo
564 643 669 670 decimo
686 643 737 670 cal.
751 642 834 671 Maias
859 648 988 678 sequente

211 696 219 712 ι
237 686 383 714 indictione
398 694 447 715 nos
463 688 659 717 celebraturos.
678 688 847 723 Subscriptio
863 689 951 717 :Deus
961 695 989 717 et

213 741 222 757 ι
243 731 373 760 Dominus
390 737 482 761 noster
493 738 614 761 sanctam
640 739 759 762 vestram
788 735 921 770 synodum
942 743 989 763 cu-

209 787 218 803 ι
233 778 342 806 stodiat.
355 779 432 813 Quod
447 787 567 813 oramus,
579 779 807 809 venerabilissimi
829 781 938 809 fratres.
955 790 966 807 ι

205 919 289 956 674
307 929 317 946 ι
335 919 432 956 Incipit
448 922 558 955 epislola
579 923 660 950 Attici
671 923 781 957 episcopi
799 922 987 952 Constantino-

424 965 433 982 ι
452 958 563 991 politani
577 958 611 984 ad
626 958 738 986 easdem.
751 968 760 984 ι

241 999 363 1029 Dominis
389 1003 629 1031 venerabilissimis
655 1006 682 1031 et
702 1003 867 1032 beatissimis
896 1003 986 1031 fratri-

203 1047 254 1075 bus
269 1052 296 1075 et
311 1048 488 1084 coepiscopis,
506 1049 628 1082 Aurelio,
656 1049 809 1081 Valentino,
830 1054 857 1077 et
876 1050 986 1084 reliquis

203 1093 248 1127 qui
267 1093 293 1120 in
307 1093 435 1122 Africana
449 1095 552 1130 synodo
583 1100 780 1128 convenerunt,
794 1095 899 1123 Atticus
927 1096 986 1130 epi-

203 1146 311 1173 scopus.

205 1194 214 1210 ‹
230 1185 282 1212 Ρει·
303 1185 387 1213 filium
401 1191 521 1215 nostrum
537 1188 693 1216 Marcellum
723 1189 919 1218 subdiaconum
935 1199 984 1220 ve-

247 1232 489 1264 ¢strum.litteras
517 1239 612 1262 vestrae
640 1235 794 1264 dilectionis
822 1244 884 1264 cum
910 1239 984 1266 omni

250 1288 259 1304 ‹
275 1278 367 1306 laetitia
383 1281 486 1315 accepi,
500 1280 553 1309 Deo
563 1282 664 1316 gratias
676 1288 768 1317 agens,
780 1283 850 1317 quod
861 1283 985 1318 dignatus

248 1334 259 1350 ι
273 1333 333 1353 sum
349 1326 402 1353 frui
423 1331 558 1354 tantorum
589 1327 702 1355 fratrum
720 1328 918 1358 benedictione.
933 1330 985 1357 Do-

250 1372 338 1405 «;mini
355 1372 506 1400 beatissimi
534 1373 642 1406 fratres,
661 1369 826 1408 scripsistis,
843 1378 873 1401 ut
900 1374 985 1401 veris-

243 1427 253 1442 ι
269 1418 352 1459 simos
362 1425 491 1451 canones,
511 1419 557 1452 qui
571 1418 677 1452 Nicaeae,
704 1427 764 1454 quae
783 1424 825 1447 est
850 1420 983 1456 Bithyniae

243 1472 253 1488 ι
271 1464 439 1498 metropolis,
470 1472 485 1492 a
510 1465 637 1493 Patribus
663 1466 802 1493 constituti
823 1471 896 1501 sunt,
922 1473 983 1502 post

246 1519 254 1534 ‹
272 1509 332 1537 ﬁdei
350 1511 547 1545 expositionem
575 1511 692 1539 mittam.
714 1512 748 1539 Et
767 1512 829 1546 quis
858 1517 910 1544 est,
936 1513 981 1548 qui
996 1524 1019 1556 ρ

244 1565 253 1581 ι
268 1563 437 1584 communem
451 1556 529 1585 ﬁdem
545 1561 572 1584 et
585 1557 692 1585 decreta
705 1565 719 1585 a
738 1557 865 1586 Patrihus
881 1559 982 1587 consti-

240 1607 334 1635 ctuta,
365 1604 481 1639 propriis
503 1603 631 1632 fratribus
665 1605 799 1638 deneget?
827 1605 903 1633 Unde
934 1613 982 1640 per

242 1658 252 1674 ε
268 1649 393 1677 eumdem
407 1649 492 1676 filium
511 1654 632 1676 nostrum
650 1649 809 1678 Marcellum
838 1649 982 1679 subdiaco-

245 1705 253 1720 ι
270 1702 333 1726 num
350 1701 470 1723 vestrum
485 1695 564 1722 valde
591 1695 775 1727 festinantem,
802 1696 981 1730 quemadmo-

243 1750 252 1766 ι
268 1741 329 1768 dum
347 1748 465 1769 canones
479 1740 574 1769 Nicm
588 1749 602 1768 a
627 1741 753 1769 Pali-ibus
781 1741 884 1769 dcfiniti
907 1745 981 1775 sunt,

244 1795 255 1811 ο
271 1786 386 1820 integre,
413 1790 443 1813 ut
457 1786 590 1821 iussistis.
624 1785 704 1819 misi;
737 1793 836 1821 rogans
862 1791 980 1814 vestram

241 1836 389 1860 isauctam
421 1832 574 1867 synodum,
610 1836 646 1864 ut.
673 1840 721 1867 pro
753 1840 796 1860 me
833 1832 980 1867 plurimum

242 1887 251 1904 σ
269 1885 350 1906 orare
364 1877 500 1913 dignetur.
517 1877 687 1913 Subscriptlo
704 1887 711 1906 :
730 1877 858 1907 Dominus
888 1882 981 1906 noster

239 1933 248 1950 ι
269 1924 402 1952 custodiat
420 1929 536 1952 vestram
553 1924 734 1957 sanctitatem,
754 1923 826 1959 quod
851 1930 973 1958 oramus,

242 1977 252 1996 ο
267 1969 432 1998 sanctissimi
447 1969 555 1998 fratres.
577 1979 586 1996 I

236 2114 397 2150 «Incipiunt
423 2114 588 2150 exemplaria
621 2113 737 2141 Nicaeum
765 2111 861 2146 synodi
890 2112 924 2140 Α.
942 2110 972 2139 ο.

200 2173 210 2189 ι
228 2166 305 2190 sexto
320 2161 448 2189 calendas
461 2159 628 2192 Decembris,
645 2161 706 2192 post
721 2158 892 2185 consulatum
917 2157 974 2185 cla-

199 2219 208 2235 ι
226 2209 393 2236 rissimorum
405 2208 611 2242 imperatorum,
630 2203 740 2232 Honorii
756 2203 804 2232 ΧΠ
833 2209 861 2232 et
883 2204 976 2231 Theo-

201 2264 210 2280 ι
228 2254 296 2282 dosii
313 2252 360 2286 IX,
376 2253 571 2287 Augustorum,
602 2249 740 2277 Bonifacio
767 2248 890 2276 Romano
917 2249 976 2284 epi-

202 2309 210 2326 l
235 2307 319 2335 scopo
332 2299 426 2327 missa.
439 2297 582 2325 Credimus
593 2296 619 2323 in
649 2303 731 2323 unum
749 2295 833 2324 Deum
843 2295 949 2323 Patrem
967 2304 975 2328 ;

199 2357 208 2372 ‹
231 2352 258 2374 et
271 2345 401 2379 deinceps
415 2348 538 2372 sanetum
557 2342 709 2378 symbolum
731 2345 762 2370 ut
778 2342 806 2369 in
823 2343 910 2378 prima
935 2349 978 2377 sy-

199 2404 207 2419 ι
229 2394 297 2421 110όο
313 2392 444 2426 scriptum
467 2393 538 2418 est.»

231 2480 439 2510 ZONAR.Huic
454 2479 576 2515 symbolo
605 2479 677 2512 ﬁdei,
701 2479 783 2507 etiam
808 2477 975 2513 exemplaria

198 2528 387 2556 deﬁnitionum
409 2515 509 2554 N'icaani
526 2525 633 2553 concilii
647 2533 681 2552 ex
705 2524 861 2552 memoratis
887 2530 977 2550 sacer-

199 2574 307 2602 dotibus
321 2573 449 2608 adjuncta
479 2577 552 2605 sunt,
585 2577 616 2600 ut
642 2571 767 2606 superius
796 2571 822 2597 in
849 2570 975 2597 omnibus

178 2612 387 2649 lcontinentur:
408 2627 467 2654 quae
483 2626 532 2647 nos
547 2626 618 2646 nunc
644 2624 754 2645 rursum
785 2616 880 2644 eadem
905 2618 976 2644 scrl-

197 2664 285 2692 henda
304 2671 364 2692 esse
376 2670 487 2691 necesse
500 2671 554 2691 non
568 2662 733 2698 putavimus.

354 2753 489 2787 Rescripta
511 2751 606 2787 Cyrilli
637 2750 816 2778 Alexandria.

198 2799 308 2827 AlilST.
329 2810 338 2826 ι
353 2799 583 2833 Quemadmodum
606 2797 639 2825 ad
659 2804 710 2824 nos
736 2797 900 2832 scripsistis;
927 2805 976 2826 nos

233 2855 242 2871 ι
262 2846 390 2873 ﬁdissima
410 2843 575 2874 exeinolaria
590 2843 751 2871 authenticat-
761 2843 856 2879 synodi
866 2843 972 2878 Nicaeae,

1045 249 1055 266 ι
1076 240 1151 275 παρὰ
1163 240 1218 268 τῶν
1230 241 1316 275 άγίων
1330 241 1459 276 Πατέρων
1470 239 1613 276 ὁρισθέντα
1638 240 1686 266 καὶ
1709 239 1824 273 βεϐαιω·

1044 293 1054 311 σ
1074 285 1154 312 θέντα
1182 286 1310 314 ὑποκάτω
1327 286 1378 320 τῆς
1397 285 1542 321 ὁμολογίας
1556 285 1605 320 τῆς
1619 284 1757 320 ἡμετέρας
1778 285 1823 310 πί-

1044 340 1054 357 r
1078 340 1180 364 στεως,
1211 334 1244 367 τῇ
1273 332 1395 368 ὑμετέρᾳ
1422 332 1518 368 ἀγάπῃ
1543 331 1617 366 ἡμᾶς
1652 331 1825 359 ἀποστεῖλαι-

1045 387 1054 403 (
1076 378 1222 412 ἀναγκαῖον
1238 378 1399 414 ἡγησάμην,
1421 377 1512 413 κύριοι
1524 377 1683 412 τιμιώτατοι
1703 378 1824 411 ἀδελφοὶ,

1044 432 1053 449 ι
1074 423 1222 457 ἀσπασμοῦ
1246 423 1466 458 προηγουμένου,
1493 423 1538 457 διὰ
1563 422 1610 449 τοῦ
1626 422 1710 450 αὑτοῦ
1727 422 1824 449 τέκνου

1043 478 1052 495 ι
1071 469 1150 504 ἡμῶν
1169 468 1344 496 Ἰννοκεντίου
1357 469 1404 496 τοῦ
1425 468 1613 504 πρεσϐυτέρου
1628 468 1664 494 τὰ
1675 467 1825 494 πιστότατα

1043 525 1051 541 ι
1072 516 1117 542 ίσα
1129 515 1165 543 τὰ
1177 515 1227 550 τῆς
1241 515 1405 550 αὐθεντικῆς
1421 511 1530 542 συνόδου
1545 514 1595 548 τῆς
1607 515 1635 541 ἐν
1650 516 1683 549 τῇ
1699 514 1825 542 Νικαέων

1043 570 1052 586 ι
1074 561 1150 588 πόλει
1164 562 1214 597 τῆς
1240 561 1366 592 Βιθυνίας
1394 561 1524 597 ἐχόμενα,
1550 562 1584 596 τῇ
1609 560 1737 594 ὑμετέρᾳ
1754 560 1825 586 ἁπο-

1043 617 1052 633 ι
1076 608 1178 634 στεῖλαι
1205 608 1310 644 ἀγάπῃ·
1330 608 1399 643 ὅπερ
1425 607 1472 635 καὶ
1500 607 1529 634 ιν
1558 609 1590 642 τῇ
1608 606 1824 641 ὲκκλησιαστικῇ

1042 662 1051 679 ι
1075 653 1180 689 ἱστορίᾳ
1194 653 1337 689 ζητοῦντες
1355 654 1496 689 εὑρήσετε.
1517 653 1584 688 Περὶ
1600 652 1629 678 δὲ
1643 652 1690 679 τοῦ
1715 653 1825 687 Πάσχα,

1041 708 1051 724 ι
1071 699 1109 730 ὡς
1124 699 1275 735 ἐγράψατε,
1305 699 1509 734 ἀναγγέλλομεν
1527 699 1602 734 ὑμῖν,
1629 701 1662 734 τῇ
1675 699 1729 734 πρὸ
1745 699 1825 725 δεκα-

1041 753 1051 770 ‹
1069 745 1139 772 επτὰ
1167 745 1305 772 καλανδῶν
1331 745 1429 772 Μαῐων
1457 746 1532 780 ἡμᾶς
1563 744 1771 776 ἑπιτελέαοντας
1791 745 1824 779 τῇ

1043 800 1053 817 ‹
1075 791 1297 827 ὑπεισερχομένῃ
1312 791 1467 819 ινδικτιῶνι.
1488 791 1520 818 Ἦ
1534 791 1694 826 ὑπογραφὴ·
1716 790 1747 816 '0
1758 789 1824 821 Θεὸς

1041 846 1050 862 ι
1071 837 1243 872 καὶόΚύριος
1252 838 1330 872 ἡμῶν
1337 838 1387 873 τὴν
1395 837 1475 872 άγίαν
1484 837 1561 872 ὑμῶν
1573 837 1682 864 σύνοδον
1693 835 1822 871 φυλάξαι,

1042 892 1052 909 ι
1074 882 1142 918 ὅπερ
1159 883 1306 918 εὐχόμεθα,
1330 884 1489 919 τιμιώτατοι
1501 883 1620 917 ἀδελφοί.
1639 892 1647 908 ι

1039 941 1177 974 Ἀρκεται
1204 941 1223 974 ἡ
1243 941 1391 974 ἐπιστολὴ
1426 940 1559 967 Ἀττικοῦ
1572 939 1625 966 τοῦ
1648 939 1821 966 ἐπισκόπου

1091 977 1440 1008 Κωνσταντινουπόλεως
1458 976 1534 1009 πρὸς
1560 974 1632 1007 τοὺς
1645 974 1769 1006 αὐτούς.

1070 1020 1133 1051 Τοῖς
1162 1020 1268 1056 κυρίοις
1300 1021 1483 1054 τιμιωτάτοις
1521 1020 1566 1046 καὶ
1598 1017 1823 1053 μακαριωτάτοις

1035 1065 1162 1100 ἀδελφοῖς
1187 1066 1235 1093 καὶ
1259 1067 1479 1097 συνεπισκόποις,
1506 1065 1647 1100 Δὺρηλίῳ,
1669 1064 1825 1099 Βαλεντίνῳ

1036 1111 1083 1138 καὶ
1104 1112 1162 1142 τοῖς
1192 1111 1295 1143 λοιποῖς
1321 1113 1378 1144 τοῖς
1408 1112 1437 1138 ἑν
1457 1112 1491 1147 τῇ
1512 1111 1629 1146 ’Δφρικῇ
1647 1110 1823 1137 συνελθοῦσιν

1037 1157 1148 1192 συνόδῳ,
1176 1157 1299 1189 Ἀττικὸς
1312 1157 1472 1189 ἐπίσκοπος.

1039 1211 1049 1228 ι
1070 1202 1119 1228 Διὰ
1144 1202 1190 1229 τοῦ
1218 1202 1313 1229 τέκνου
1327 1202 1407 1236 ἡμῶν
1418 1200 1591 1237 Μαρκέλλου,
1608 1201 1656 1227 τοῦ
1676 1200 1822 1227 ὑποδιακό-

1073 1257 1082 1274 ‹
1103 1257 1150 1276 νου
1179 1248 1267 1283 ὑμῶν,
1297 1248 1450 1284 γράμματα
1477 1247 1525 1283 τῆς
1545 1247 1681 1283 ὑμετέρας
1709 1247 1822 1281 ἀγάπης

1073 1303 1082 1320 ε
1107 1294 1176 1329 μετὰ
1195 1294 1286 1330 πάσης
1311 1293 1486 1329 εὐχαριστίας
1502 1294 1649 1328 ἐδεξάμην,
1668 1293 1708 1328 τῷ
1724 1293 1822 1328 Κυρίῳ

1073 1349 1083 1366 ο
1103 1340 1285 1374 εὐχαριστῶν,
1308 1340 1348 1366 ὅτι
1374 1338 1495 1374 ἠξιώθην
1530 1336 1665 1365 τοσούτων
1695 1337 1822 1372 ἀδελφῶν

1073 1394 1082 1410 ι
1103 1384 1229 1418 εὐλογίας
1263 1383 1426 1417 ἀπολαῦσαι,
1472 1382 1570 1418 Κύριοι
1614 1382 1821 1418 μακαριώτατοι

1071 1439 1081 1456 ι
1102 1429 1223 1464 ἀδελφοὶ,
1254 1428 1411 1465 ἐγράψατε,
1445 1428 1489 1455 ἵνα
1522 1429 1586 1460 τοὺς
1617 1427 1820 1462 ἀληθεστάτους

1072 1483 1081 1500 ι
1101 1474 1228 1506 κανόνας,
1254 1475 1318 1506 τοὺς
1333 1475 1361 1500 ὲν
1378 1475 1410 1509 τῇ
1435 1473 1561 1501 Νικαέων
1580 1473 1747 1509 μητροπόλει
1770 1474 1820 1507 τῆς

1073 1529 1082 1546 ι
1104 1519 1231 1551 Βιθυνίας
1245 1519 1320 1555 παρὰ
1348 1519 1402 1545 τῶν
1418 1519 1550 1553 Πατέρων
1565 1519 1736 1553 ὁρισθέντας,
1751 1519 1820 1553 μετὰ

1072 1575 1081 1592 ι
1100 1565 1150 1601 τὴν
1174 1565 1292 1596 πίστεως
1308 1564 1417 1591 ἔκθεσιν
1439 1565 1603 1591 ἀποστείλω.
1623 1564 1677 1590 Καὶ
1687 1564 1730 1595 τίς
1744 1565 1819 1591 ἐστιν

1071 1620 1081 1637 ί
1101 1611 1116 1638 ό
1135 1610 1184 1647 τὴν
1200 1610 1293 1645 κοινὴν
1307 1611 1410 1642 πίστιν,
1438 1610 1486 1636 καὶ
1510 1610 1574 1641 τοὺς
1589 1610 1669 1644 ὄρους
1687 1611 1752 1641 τοὺς
1766 1610 1820 1636 ἀπὸ

1071 1666 1080 1683 ι
1100 1656 1154 1683 τῶν
1177 1657 1307 1690 Πατὲρων
1335 1655 1543 1691 βεδαιωθέντας,
1572 1656 1629 1687 τοῖς
1656 1655 1731 1686 ιδίοις
1744 1655 1819 1682 ἀδελ-

1070 1711 1081 1728 (
1103 1703 1164 1737 φοῖς
1182 1701 1368 1737 ἀρνούμενος;
1388 1701 1470 1728 Ὅθεν
1483 1701 1526 1728 διὰ
1553 1700 1600 1728 τοῦ
1614 1701 1696 1728 αὑτοῦ
1721 1701 1820 1727 τέκνου

1071 1757 1081 1773 ι
1103 1747 1182 1782 ἡμῶν
1197 1746 1358 1783 Μαρκέλλου
1383 1746 1431 1774 τοῦ
1449 1747 1630 1774 ύποδιακόνου
1652 1747 1731 1782 ὑμῶν
1745 1748 1818 1774 πάνυ

1071 1802 1080 1819 ι
1104 1793 1276 1826 σπεύδοντος,
1291 1792 1383 1824 καθὼς
1402 1793 1426 1819 οἱ
1445 1793 1473 1820 ὲν
1492 1793 1596 1828 Νικαίᾳ
1622 1792 1676 1820 ἀπὸ
1691 1792 1748 1819 τῶν
1760 1793 1818 1819 Πα-

1069 1850 1079 1868 ι
1100 1841 1187 1875 τέρων
1199 1840 1375 1876 ίὼρίσθησαν
1400 1840 1523 1872 κανόνες,
1556 1840 1585 1867 ὲν
1611 1839 1761 1874 ὁλοκλήρῳ,
1780 1839 1817 1871 ὡς

1069 1895 1079 1912 σ
1101 1887 1273 1919 ἐκελεύσατε,
1304 1885 1465 1918 ἀπέστειλα,
1494 1885 1580 1913 αῐτῶν
1608 1885 1659 1921 τὴν
1679 1885 1817 1920 ὑμετέραν

1069 1941 1078 1958 ι
1100 1931 1181 1966 ἁγίαν
1206 1932 1315 1959 σύνοδον
1343 1932 1413 1967 ὑπὲρ
1439 1931 1507 1967 ἐμοῦ
1537 1931 1667 1961 πλείστας
1686 1930 1817 1963 εὔξασθαι

1069 1987 1078 2004 ι
1099 1977 1280 2011 καταξιῶσαι.
1303 1977 1335 2004 Ἦ
1362 1977 1509 2013 ὑπογραφὴ
1522 1985 1531 1994 ·
1552 1977 1581 2003 '0
1614 1976 1717 2011 Κύριος
1736 1976 1817 2011 ἡμῶν

1068 2033 1078 2050 ‹
1100 2023 1214 2058 φυλάξοι
1236 2023 1286 2059 τὴν
1301 2022 1438 2059 ὑμετέραν
1454 2021 1623 2059 ἁγιωσύνην,
1647 2022 1717 2057 ὅπερ
1739 2022 1815 2058 εὐχό-

1067 2078 1077 2096 ι
1099 2069 1178 2104 μεθα,
1195 2069 1343 2103 ἁγιώτατοι
1357 2069 1477 2104 ἀδελφοί.
1497 2078 1507 2095 ι

1066 2125 1076 2142 ι
1100 2115 1230 2151 Ἀρχεται
1244 2115 1280 2142 τὰ
1298 2115 1343 2142 ῐσα
1355 2115 1405 2149 τῆς
1417 2115 1446 2141 ἐν
1460 2114 1563 2149 Νικαιᾳ
1579 2113 1689 2141 συνόδου
1705 2113 1738 2140 τὰ
1749 2114 1815 2140 ἀπο-

1034 2170 1043 2187 (
1067 2160 1198 2187 σταλέντα
1220 2162 1253 2196 τῇ
1276 2160 1330 2196 πρὸ
1345 2160 1374 2194 ἐξ
1386 2159 1526 2187 καλανδῶν
1545 2159 1730 2194 Δεκεμὸρίων,
1746 2159 1815 2194 μετὰ

1033 2215 1043 2231 ι
1064 2205 1113 2241 τὴν
1120 2205 1251 2232 ὑπατείαν
1263 2205 1318 2232 τῶν
1328 2205 1506 2239 ἐνδοξοτάτων
1518 2204 1663 2240 βασιλέων,
1681 2205 1812 2239 Ὀνωρίου

1032 2261 1042 2278 ‹
1064 2252 1095 2279 τδ
1118 2252 1288 2284 δωδέκατον,
1314 2252 1362 2278 καὶ
1387 2251 1527 2278 Θεοδοσίου
1550 2251 1581 2277 τὸ
1609 2251 1729 2282 ἔννατον,
1759 2250 1814 2277 τῶν

1032 2307 1041 2323 ι
1064 2297 1238 2332 Αὐγούστων,
1262 2297 1414 2332 Βονιφατίῳ
1444 2297 1483 2332 τῷ
1517 2296 1661 2332 ἐπισκόπῳ
1692 2296 1814 2332 Ῥώμης.

1031 2354 1040 2370 ι
1063 2344 1233 2379 Πιστεύομεν
1258 2344 1298 2375 εἰς
1322 2343 1371 2370 ἕνα
1392 2343 1458 2370 Θεὸν
1486 2343 1607 2378 Πατέραο
1634 2343 1682 2369 καὶ
1713 2342 1813 2376 ἐφεξῆς

1032 2400 1041 2416 ι
1064 2390 1094 2417 τὺ
1121 2390 1198 2424 ἅγιον
1229 2389 1375 2425 σύμὸολον,
1408 2390 1446 2421 ὡς
1473 2389 1505 2416 ὲν
1532 2390 1565 2424 τῇ
1595 2388 1692 2425 πρώτῃ
1713 2389 1813 2424 συνόδῳ

1031 2445 1041 2461 ‹
1064 2436 1183 2471 ἐγράφη.
1202 2445 1212 2462 ›

1064 2479 1188 2506 ΖΩΝΔΡ.
1202 2479 1248 2514 Τῷ
1261 2479 1375 2514 παρόντι
1394 2478 1521 2514 συμϐόλῳ
1540 2478 1590 2512 τῆς
1617 2477 1748 2510 πίστεως,
1765 2477 1812 2504 καὶ

1027 2525 1062 2552 τά
1074 2525 1118 2552 ῐσα
1133 2525 1188 2552 τῶν
1201 2526 1273 2560 ὅρων
1297 2526 1346 2560 τῆς
1375 2525 1462 2559 αὐτῆς
1473 2525 1503 2551 ὲν
1531 2524 1634 2559 Νικαίᾳ
1650 2523 1761 2550 συνόδου
1781 2524 1812 2550 ἐγ

1026 2571 1081 2597 τῶν
1095 2570 1339 2605 μνημονευθέντων
1372 2571 1468 2605 ἱερέων
1497 2569 1746 2604 προσεξεύχθησαν.
1775 2569 1811 2600 ὡς

1027 2616 1156 2650 ἀνωτέρω
1168 2617 1197 2642 ὲν
1211 2617 1277 2643 πᾶσι
1311 2617 1494 2651 περιέχονται·
1512 2617 1584 2651 άπερ
1600 2616 1680 2650 ἡμεῖς
1691 2615 1810 2641 ἐνταῦθα

1028 2660 1110 2688 πάλιν
1131 2660 1166 2687 τὰ
1197 2661 1266 2688 αὐτὰ
1293 2661 1432 2697 γραφῆναι
1459 2661 1608 2694 ἀναγκαῖον
1632 2659 1681 2694 οὐχ
1706 2659 1810 2694 ἡγησά-

1028 2707 1107 2742 μεθα.

1122 2753 1299 2788 Ἀντίγραφα
1309 2751 1705 2787 ΚυρίλλουἋλεξανδρείας.

1025 2799 1135 2827 ΑΡΙΣΤ.
1168 2809 1178 2826 ‹
1208 2801 1305 2831 Καθὼς
1340 2800 1405 2835 ἡμῖν
1432 2798 1581 2834 ἐγράψατε,
1597 2797 1631 2824 τὰ
1661 2796 1809 2823 πιστότατα

1063 2855 1077 2886 Δι
1099 2846 1144 2873 ἴσα
1174 2846 1224 2878 ’τες
1254 2845 1416 2881 αὐθεντικῆς
1442 2845 1551 2872 συνόδου
1565 2844 1614 2877 τῆς
1628 2844 1657 2870 ἐν
1684 2843 1810 2871 Νικαέων
