1909 3075
54 160 99 194 Ml

533 164 575 195 IN
586 165 670 195 CAN.
688 165 816 196 CXXXV
833 164 939 198 CONC.
955 166 1143 199 CARTHAG.

1616 171 1670 200 ΜΞ

88 230 97 246 ι
119 218 195 246 πόλει
221 219 273 254 τῆς
295 218 431 253 Βιθυνίας,
452 221 485 257 τῇ
514 220 637 258 ὑμετέρᾳ
659 222 755 258 ἀγάπῃ
770 222 837 249 ἅπε-

928 232 937 248 t
956 231 1014 258 qua
1031 224 1165 260 Bithyniae
1180 225 1245 253 urbs
1259 229 1313 258 est,
1328 225 1437 258 habitae,
1455 228 1553 254 vestras
1582 225 1670 253 eharl-

86 274 96 290 ι
121 265 277 299 στείλαμεν.
295 274 305 291 ι

182 311 319 339 Ἀττικοῦ
342 313 703 348 Κωνσταντινουπόλεως.

928 277 938 294 ι
953 269 1000 297 tati
1015 270 1148 297 misimus.
1161 280 1171 297 ι

1101 316 1184 343 Attici
1211 316 1460 350 Constantinopolis.

58 366 64 381 ι
86 357 118 383 Οί
140 357 189 390 τῆς
220 357 250 384 ἐν
276 357 378 393 Nunt;
405 358 528 392 κανόνες,
558 359 649 392 καθὼς
675 361 750 395 παρὰ
782 359 837 388 τῶν

927 361 1026 396 Synodi
1043 362 1160 390 Nicaeum
1182 369 1309 395 canones,
1336 362 1562 396 quemadmodum
1590 369 1605 389 a
1621 361 1667 389 Pa-

89 413 98 429 ι
124 404 255 439 Πατέρων
283 404 452 440 ὡρίσθησαν,
480 406 684 442 ἀπεστάλησαν,
701 407 739 440 ὼς
753 408 836 443 ἐγρά-

89 458 98 474 ι
117 449 198 484 ψατε.

58 505 65 521 ι
89 495 259 530 Πιστεύομεν
277 497 318 527 εἰς
333 496 381 523 ενα
395 497 472 528 Θεὸν,
491 497 602 533 Πατέρα
617 499 835 534 παντοκράτορα,

90 550 99 568 ι
117 541 224 576 ὁρατῶν
234 550 263 568 τε
275 543 322 569 καὶ
333 543 457 578 ἀοράτων
468 544 594 579 ποιητήν·
607 543 652 571 καὶ
659 545 699 576 είς
714 545 761 572 ἕνα
778 545 836 572 Κύ-

90 596 99 614 ‹
117 596 174 622 ριον
182 588 285 622 Ἰησοῦν
291 588 466 624 Χριστὸν,τὺν
475 589 539 616 Υίὺν
546 590 592 616 τοῦ
597 589 665 617 Θεοῦ
671 591 836 625 γεννηθέντα

91 642 99 659 ι
118 635 150 660 ἐκ
164 634 211 660 τοῦ
224 635 327 670 Πατρὺς
338 636 480 671 μονογενῆ,
492 638 632 664 τουτέστιν
640 638 672 664 ἐκ
680 638 730 671 τῆς
742 638 836 670 οὐσίας

90 689 99 705 ι
119 679 166 706 τοῦ
187 681 310 716 Πατρὺς,
328 682 394 708 Θεδν
417 683 449 709 ὲκ
463 682 541 715 θεοῦ,
557 683 616 718 φῶς
627 684 659 711 ἐκ
670 684 836 718 φωτδς.Θεὸν

88 734 97 749 ι
119 725 250 760 ἀληθινὸν
262 726 295 753 ὲκ
307 726 375 753 Θεοῦ
384 727 522 762 ἀληθινοῦ·
532 729 707 764 γεννηθέντα,
719 729 750 755 οὐ
760 737 838 764 ποιη-

89 780 97 796 ι
118 769 211 796 θέντιν
240 771 383 807 ὀμοούσιον
406 773 444 808 ’ιῷ
470 775 569 809 Πατρί·
593 774 628 801 δι’
650 772 680 802 οῦ
701 775 735 802 τὰ
749 775 838 803 πάντα

90 825 99 842 ι
119 817 242 850 ἐγίγνεθ’
255 817 303 843 τὸν
324 817 358 844 δι’
373 818 448 854 ἡμᾶς
469 819 515 846 καὶ
529 819 579 855 τὴν
595 820 733 856 ἡμετέραν
748 830 837 856 σωτη-

929 416 939 434 ι
957 407 1043 436 tribus
1055 408 1155 436 decreti
1167 412 1240 441 sunt,
1253 409 1406 442 mittuntur,
1423 412 1453 436 ut
1467 409 1625 443 scripsistis.

891 507 901 525 ι
919 497 1060 526 Credimus
1076 497 1103 524 in
1119 504 1201 524 unum
1215 497 1310 529 Deum.
1324 497 1432 525 Patrem
1449 498 1670 531 omnipotentem,

935 553 944 570 ι
964 544 1108 571 visibilium
1125 543 1227 577 pariter
1243 547 1270 570 et
1298 543 1474 570 invisibilium
1491 543 1648 570 Creatorem
1663 552 1670 570 :

934 601 943 617 ι
961 596 988 617 et
1006 591 1032 617 in
1048 598 1129 618 unum
1144 590 1286 617 Dominum
1298 588 1391 617 Jesum
1409 589 1559 622 Christum,
1570 589 1670 616 Filium

929 646 938 663 ι
957 637 1014 668 Dei,
1036 641 1128 664 natum
1143 643 1176 663 ex
1190 636 1270 663 Patre
1293 636 1476 670 unigenitum,
1502 636 1554 663 hoc
1583 641 1625 663 est
1656 642 1671 662 e

934 691 944 707 ι
963 682 1116 710 substantia
1139 681 1237 714 Patris.
1265 681 1350 709 Deum
1375 689 1407 708 ex
1439 681 1504 714 Deo,
1520 681 1611 708 lumen
1638 688 1671 708 ex

933 727 1072 759 «lumine,
1089 727 1172 754 Deum
1195 734 1290 754 verum
1313 735 1345 754 ex
1369 726 1424 754 Deo
1448 734 1524 759 vero,
1550 725 1671 760 genitum

931 783 940 800 ι
955 781 1006 801 non
1036 772 1147 805 factum,
1164 772 1419 799 consubstantialem
1434 772 1520 803 Patri,
1531 779 1579 805 per
1591 778 1671 805 quem

926 829 935 845 I
953 819 1043 847 omnia
1059 818 1129 846 facta
1147 822 1230 848 sunt:
1250 818 1418 853 quipropter
1431 825 1491 851 nos,
1509 821 1536 845 et
1549 821 1669 844 nostram

931 875 940 891 ι
956 865 1082 897 salutem,
1111 864 1263 896 descendit,
1290 863 1447 891 incarnatus
1469 867 1522 896 est,
1537 867 1564 890 et
1591 862 1671 889 homo

931 922 940 938 ι
961 912 1060 945 factus,
1078 918 1175 946 passus
1191 915 1243 942 est,
1261 910 1424 941 resurrexit,
1441 913 1468 937 et
1496 909 1620 936 ascendit
1642 908 1670 935 in

934 968 944 985 ι
961 958 1057 990 caelos,
1073 962 1101 984 et
1117 957 1213 984 iterum
1229 956 1319 984 veniet
1329 955 1452 988 judicare
1464 955 1539 982 vivos
1555 959 1582 981 et
1596 961 1668 980 mor-

931 1014 940 1030 ι
962 1009 1040 1036 tuos;
1059 1007 1087 1031 et
1108 1003 1135 1029 in
1150 1002 1279 1035 Spiritum
1292 1006 1427 1029 sanctum.
1443 1000 1494 1034 Qui
1516 1005 1605 1027 autem
1626 999 1670 1026 di-

925 1059 934 1075 ι
950 1054 1027 1080 cunt.
1049 1048 1119 1076 Erat
1133 1052 1238 1081 tempus
1253 1047 1359 1080 quando
1374 1053 1425 1072 non
1442 1049 1512 1077 erat,
1542 1048 1570 1072 et
1599 1043 1670 1076 quod

933 1104 943 1120 ι
962 1102 995 1122 ex
1014 1101 1066 1120 non
1081 1092 1275 1120 exsistentibus
1305 1091 1392 1119 factus
1412 1096 1465 1124 est,
1493 1090 1536 1118 vel
1555 1096 1588 1118 ex
1617 1089 1670 1116 alia

927 1150 937 1167 ι
956 1140 1107 1168 substantia
1123 1144 1170 1166 aut
1188 1138 1318 1170 essentia,
1332 1138 1374 1165 vel
1398 1137 1538 1165 mutabilis
1562 1142 1604 1166 est
1623 1142 1671 1164 aut

930 1197 940 1215 ι
955 1186 1143 1216 convertibilis
1156 1185 1204 1213 Dei
1216 1185 1316 1212 Filius:
1333 1184 1400 1212 tales
1420 1185 1550 1212 catholica
1565 1189 1593 1212 et
1604 1192 1670 1220 apo-

91 872 100 888 ι
119 863 182 914 ρίμν
202 863 381 914 κατελθόντα.
408 865 595 900 σαρκωθέντα,
621 867 668 894 καὶ
701 867 837 903 ἑνανθρω-
852 886 874 914 Β

90 916 99 932 ι
118 907 258 942 πήσαντα,
284 908 416 942 παθόντα,
441 910 606 942 ἀναστάντα,
624 912 671 938 καὶ
689 912 837 939 ἀνελθόντα

88 961 97 978 ι
116 953 156 982 είς
171 952 236 984 τοὺς
249 953 390 988 οὐρανοὺς,
401 954 451 981 καὶ
467 956 552 982 πάλιν
567 956 717 992 ἐρχόμενον
744 958 837 992 κρῖναι

89 1006 98 1023 ι
121 997 230 1029 ζῶντας
259 1005 307 1025 και
339 999 465 1034 νεκρούς·
485 1000 532 1026 καὶ
552 1002 593 1032 είς
619 1001 650 1027 τὺ
679 1002 790 1035 Πνεῦμα
807 1003 838 1028 τὸ

89 1051 98 1068 ι
120 1043 208 1077 ἅγιον.
239 1043 308 1075 Τοὺς
325 1044 354 1071 δέ
380 1045 521 1079 λέγοντας,
537 1044 592 1073 Ἦν
616 1047 711 1082 καιρὸς
730 1047 775 1073 ὅτε
788 1047 837 1073 οὐκ

87 1099 96 1115 ι
119 1087 165 1124 ἦν.
179 1091 228 1116 καὶ
239 1090 280 1117 δτι
297 1091 343 1123 Ἐξ
357 1091 407 1118 οὐκ
417 1091 501 1118 ὅντων
525 1093 673 1128 ὲγένετο,ἢ
695 1093 724 1126 ἐξ
739 1094 835 1126 ἑτέρας

89 1144 98 1161 ι
119 1135 308 1168 ὑποστάσεως,
334 1136 350 1171 ἥ
377 1137 483 1171 οὐσίας,
503 1138 519 1173 ἢ
542 1139 670 1173 τρεπτὺν,
686 1138 702 1173 ἢ
721 1138 834 1166 ἀλλοιω-

89 1191 98 1206 ι
119 1182 165 1208 τὸν
175 1182 222 1209 τδν
237 1183 302 1210 Υίὸν
317 1182 362 1210 τοῦ
377 1183 456 1210 Θεοῦ·
468 1185 530 1216 τοὺς
552 1185 687 1216 τοιούτους
695 1184 820 1220 ἀναθεμα

88 1237 97 1253 ι
120 1228 191 1260 τίζει
205 1228 222 1263 ὴ
234 1229 366 1265 καθολικὴ
384 1230 432 1257 καὶ
445 1231 610 1267 ἀποστολικὴ
635 1232 794 1267 Ἐκκλησία.
816 1240 826 1257 ι

92 1274 156 1301 Ἰδοὺ
173 1274 222 1300 καὶ
236 1275 270 1301 τὰ
286 1275 332 1302 ῐσα
349 1275 397 1310 τῆς
411 1276 440 1302 ἐν
454 1275 556 1313 Νικαίᾳ
571 1277 693 1309 συνόδου,
709 1278 838 1312 ἀντιὸλη-

56 1318 131 1345 θέντα
162 1319 233 1353 μετὰ
259 1319 313 1346 τῶν
336 1321 558 1357 ὲναποκειμένων
584 1322 774 1358 πρωτοτύτοων
801 1324 835 1358 τῇ

58 1364 207 1400 Ἐκκλησία
226 1366 424 1403 Ἀλεξανδρέων
450 1369 497 1394 καὶ
517 1370 550 1404 τῇ
576 1370 837 1397 Κωνσταντινουπό-

56 1411 187 1442 laurui
198 1411 384 1446 βεϐαιωθέντα
398 1414 474 1450 παρὰ
490 1414 544 1442 τῶν
558 1415 717 1442 ἐπισκόπων
734 1417 835 1449 αὐτῶν,

58 1455 97 1482 τοῦ
110 1465 140 1483 τε
159 1457 295 1492 Κυρίλλου
310 1459 356 1486 καὶ
369 1459 417 1487 τοῦ
440 1460 576 1494 Ἀττικοῦ,
587 1462 619 1497 τῇ
635 1461 737 1497 συνόδῳ
749 1461 835 1498 ταύτῃ

56 1502 219 1538 ἐστάλησαν.

56 1559 188 1599 ’Δρχετᾳι
261 1560 408 1599 επιστολὴ
438 1562 492 1599 τῆς
507 1564 542 1590 ἐν
562 1564 688 1599 Ἀφρικῆ
700 1565 835 1593 συνόδου

927 1563 969 1599 15
986 1562 1082 1597 Incipit
1094 1562 1201 1596 epistola
1217 1562 1311 1599 ευποάρ
1322 1563 1339 1589 Α
1345 1562 1456 1597 Ῑι-ἰεαηιε
1463 1561 1496 1588 ad
1511 1560 1671 1589 Celestinum

118 1596 194 1628 πρὸς
214 1597 399 1624 Κελεστῖνον
413 1598 466 1632 τὸν
488 1596 622 1627 πάππαν-⁷
637 1596 762 1634 Ῥῶμης.

927 1596 931 1598 ’
948 1596 962 1599 '
1045 1596 1049 1597 ⁷
1167 1596 1264 1632 papam
1289 1597 1388 1624 Roma.

89 1650 98 1667 ι
119 1642 244 1677 Δεσπότῃ
253 1643 386 1678 ἀγαπητῷ
397 1645 444 1671 καὶ
456 1645 614 1680 τιμιωτάτῳ
632 1646 739 1680 ἀδελφῷ
753 1647 837 1674 Κελε-

927 1653 936 1670 t
956 1643 1070 1671 Domino
1094 1644 1191 1671 dilecto
1223 1649 1250 1671 et
1274 1644 1301 1671 in
1325 1644 1418 1678 primis
1449 1641 1595 1670 venerabili
1610 1641 1670 1668 fra—

56 1696 63 1712 t
85 1688 167 1722 στίνῳ
183 1689 331 1723 Αὐρήλιος,
354 1691 513 1722 Παλατῖνος,
539 1692 705 1723 Ἀντωνῖνος,
722 1692 835 1726 Τοῦτος,

927 1690 954 1717 Lrl
984 1689 1121 1717 Celestino
1153 1689 1298 1720 Aurelius.
1331 1689 1480 1721 Palatinus.
1503 1689 1667 1720 Antoninus,

56 1743 63 1757 ι
85 1733 276 1769 Σερδοίη-Δέῖ,
305 1736 448 1770 Τερέντιος
465 1737 513 1764 καὶ
531 1737 555 1764 οι
568 1737 657 1765 λοιποὶ
666 1739 690 1765 oi
706 1739 736 1765 ὲν
761 1739 836 1774 πάσῃ

927 1736 1012 1769 l'utus,
1037 1735 1212 1768 Servus-Dei,
1232 1736 1376 1763 Terentius
1402 1740 1430 1762 et
1457 1735 1560 1767 caeleri,
1584 1734 1669 1768 quiin

56 1787 64 1803 ι
85 1781 117 1813 τῇ
132 1780 238 1815 συνόδῳ
252 1781 301 1815 τῆς
317 1782 490 1817 Καρχηδόνος
512 1783 682 1819 εὐρεθέντες.

927 1781 1065 1809 tniversali
1094 1781 1302 1816 Carthagiueusi
1327 1782 1432 1817 synodo
1448 1780 1640 1813 interfuerunt.
1657 1789 1668 1807 ι

56 1834 64 1848 ς
85 1825 232 1860 Ηὺχόμεθα
249 1826 293 1853 ἶνα
304 1826 334 1853 ὃν
346 1827 446 1861 τρόπον
458 1828 474 1859 ή
499 1828 532 1863 σὴ
545 1829 685 1862 ἁγιωσύνῃ
701 1829 763 1864 περὶ
786 1829 837 1864 τῆς

927 1828 1094 1863 Dptaremus,
1117 1831 1146 1855 ut
1162 1828 1388 1861 quemadmodum
1411 1833 1456 1854 tua
1483 1827 1614 1854 sanctitas
1638 1827 1672 1853 de

89 1880 98 1897 ι
119 1872 272 1907 παρουσίας
286 1873 333 1900 τοῦ
341 1873 483 1910 Ἀπιαρίου
494 1875 629 1910 χαρέντας
643 1875 716 1910 ὑμᾶς
731 1875 837 1910 ἐδήλω-

930 1884 940 1901 ι
957 1874 1062 1909 Apiarii
1089 1874 1230 1908 praesentia
1256 1874 1361 1901 laetatos
1384 1881 1433 1901 vos
1462 1873 1558 1905 fuisse,
1576 1873 1668 1900 missis

933 1242 943 1259 ι
959 1233 1054 1260 stolica
1069 1231 1190 1260 Ecclesia
1207 1230 1425 1258 aualltematizat.
1437 1238 1447 1255 ι

923 1280 992 1307 Ecce
1005 1283 1033 1306 et
1052 1277 1217 1312 exemplaria
1235 1277 1330 1312 synodi
1345 1276 1460 1305 Nicaeum
1487 1284 1548 1304 cum
1573 1277 1670 1305 arche-

887 1326 958 1362 lypis
992 1325 1050 1353 sive
1069 1323 1271 1358 exemplaribus
1309 1323 1479 1358 primigeniis
1498 1323 1524 1350 in
1550 1323 1669 1350 Ecclesia

886 1369 1070 1398 Alexandrina
1089 1369 1426 1405 etConstantinupolitana
1454 1370 1581 1404 repositis
1613 1370 1669 1396 col-

887 1416 951 1449 lata,
968 1421 997 1444 et
1008 1417 1042 1444 ab
1069 1424 1163 1444 earum
1192 1417 1344 1450 episcopis.
1374 1416 1473 1452 Cyrillo
1502 1421 1530 1445 et
1567 1416 1670 1448 Attico.

887 1463 1049 1490 conﬁrmata
1073 1462 1136 1490 ltuic
1152 1462 1253 1490 svuodo
1269 1461 1457 1490 mittebantur.

89 1927 98 1943 ι
120 1926 161 1951 σε,
177 1919 350 1954 γραμμάτων
362 1920 540 1954 πεμφθέντων
553 1921 597 1947 διὰ
604 1921 651 1947 τοῦ
660 1921 832 1956 συμπρεσσυ-

89 1973 98 1989 ι
119 1965 202 1999 τέρου
211 1966 291 2000 ἡμῶν
301 1966 425 1998 Λέοντος”
436 1966 507 1993 οὕτω
515 1967 562 1994 καὶ
569 1967 651 2002 ἡμεῖς
659 1967 762 2002 ὁμοίως
773 1969 839 2003 περὶ

88 2021 97 2037 ι
120 2011 167 2039 τοῦ
195 2011 366 2047 καθαρισμοῦ
390 2012 436 2039 τοῦ
448 2013 530 2040 αὐτοῦ
557 2014 592 2040 τὰ
609 2015 732 2050 παρόντα
742 2014 838 2050 γράμ-

88 2067 97 2084 ι
122 2066 197 2093 ματα
212 2058 285 2092 μετὰ.
295 2059 383 2094 χαρᾶς
405 2057 672 2094 ἀπεστείλαμεν.Ἦν
685 2060 740 2094 γὰρ
757 2059 839 2095 δηλα-

88 2113 98 2129 ι
119 2104 153 2138 δὴ
172 2103 250 2139 καὶή
268 2104 392 2139 ἡμετέρα
411 2105 485 2140 καὶὴ
496 2105 618 2140 ὑμετέρα
629 2105 771 2140 προθυμία
787 2105 838 2132 ὰσ-

90 2159 98 2175 ι
121 2149 290 2184 φαλεστὲρα,
317 2150 366 2177 καὶ
393 2150 454 2177 οὐδὲ
486 2151 621 2187 πευστικὴ
637 2151 753 2187 ὲδόιιειή
771 2151 837 2187 περὶ

90 2204 99 2221 ι
120 2195 169 2222 τοῦ
196 2195 289 2231 ἀκμὴν
317 2196 462 2222 ἀκουστέου
488 2196 560 2231 ἤπερ
597 2197 635 2228 ὡς
660 2198 725 2232 περὶ
752 2198 836 2225 ἀκου-

90 2251 99 2267 ι
122 2241 233 2272 σθέντος
251 2241 477 2276 προηγησαμένη.
509 2241 737 2277 Παρσγενομένου
748 2244 838 2270 τοίνυν

92 2296 100 2313 ι
123 2287 189 2322 πρὸς
200 2287 274 2321 ἡμᾶς
290 2286 336 2313 τοῦ
359 2287 513 2321 ἁγιωτάτου
533 2287 649 2322 ἀδελφοῦ
664 2289 713 2316 καὶ
729 2297 840 2316 συνεπι-

92 2342 100 2358 ι
124 2333 229 2360 σκόπου
251 2333 331 2367 ἡμῶν
357 2333 520 2365 Φαυστίνου,
549 2333 706 2369 συνήεαμεν
731 2335 840 2362 σύνοδον

91 2387 101 2403 α
124 2378 172 2405 καὶ
183 2378 384 2413 ἐπιστεύσαμεν
397 2378 443 2405 διὰ
458 2378 536 2406 τοῦτο
551 2380 633 2406 αὑτὸν
651 2381 712 2414 μετ’
733 2381 838 2408 ἐκείνου

95 2433 104 2449 ι
127 2424 350 2459 πιμφθέντα,ϊνα
361 2424 455 2460 ὥσπερ
463 2422 539 2457 οὗτος
548 2427 580 2461 τῇ
596 2426 677 2453 αὐτοῦ
691 2427 792 2463 σπουδῇ
800 2427 839 2463 τῷ

93 2479 102 2495 ι
123 2469 316 2506 πρεσϐυτιρίῳ
333 2470 462 2505 ἀπεδόθη,
475 2470 603 2497 οὕτωκαὶ
621 2471 668 2498 νῦν
682 2472 782 2508 δυνηθῇ
799 2472 839 2508 τῷ

93 2524 102 2540 ι
129 2514 214 2541 αὑτοῦ
225 2514 302 2549 κόπῳ
310 2515 341 2540 ὲκ
347 2515 402 2541 τῶν
410 2515 464 2542 ἀπὸ
472 2515 527 2542 τῶν
535 2516 564 2542 ιν
575 2515 764 2551 Θαὸραχηνατς
775 2517 840 2544 tim—

93 2571 101 2587 ι
123 2560 279 2596 ϐληθέντων
290 2560 426 2587 τοσούτων
451 2560 633 2596 ἐγκλημάτων
650 2561 837 2597 καταρθῆναι·

95 2617 103 2632 ι
127 2603 233 2637 οὗτινος
247 2606 281 2632 τὰ
296 2605 416 2633 τοσαῦτα
441 2607 489 2634 καὶ
503 2606 574 2633 οὕτω
596 2608 760 2642 παμμεγέθη
776 2609 839 2635 ἀτο-

93 2663 101 2678 ‹
123 2654 239 2687 πήματα
253 2652 270 2686 ἠ
285 2652 389 2686 πληθὺς
409 2653 622 2687 καταδραμοῦσα
637 2656 687 2690 τῆς
703 2655 840 2690 ἡμετέρας

94 2708 103 2724 ι
127 2698 238 2725 συνόδου
264 2693 346 2733 εὗρεν
359 2699 399 2725 ὅτι
412 2700 467 2726 ’καὶ
483 2699 530 2726 τοῦ
547 2700 777 2734 μνημονευθέντος
790 2702 840 2736 τὴν

96 2753 104 2770 ι
128 2744 287 2779 πατρωνίαν
316 2744 416 2779 μᾶλλον
441 2745 513 2780 ἥπερ
540 2747 641 2781 κρίσιν,
671 2746 717 2772 καὶ
738 2746 787 2781 τὴν
802 2746 840 2778 ὡς

95 2798 104 2814 ι
126 2789 235 2815 ἑκδίχου
266 2789 386 2824 σπουδὴν
413 2789 514 2825 μᾶλλον
530 2790 602 2825 ἤπερ
618 2791 785 2825 διαγνώστου
801 2791 841 2818 δι-

95 2844 104 2860 (
124 2833 275 2870 χαιοσύνην
291 2835 500 2870 ὑπερενίκησεν.
513 2835 624 2871 Πρῶτον
635 2836 684 2871 μὲν
699 2837 752 2873 γὰρ
759 2838 838 2864 ἀντέ-

93 2890 103 2906 ι
125 2889 174 2917 στη
190 2880 315 2918 μεγάλως
331 2881 405 2917 πάσῃ
420 2882 453 2916 τῇ
468 2881 731 2918 συνόδῳ,διαφόρους
748 2883 840 2920 ὖὸρεις

925 1931 935 1948 ι
951 1929 1000 1956 per
1011 1919 1261 1956 compresbyterum
1285 1924 1406 1946 nostrum
1430 1919 1548 1946 Leonem
1571 1918 1671 1946 litteris

936 1977 946 1994 ι
966 1966 1137 1994 declaravit:
1167 1966 1205 1993 ita
1229 1969 1257 1993 et
1278 1973 1329 1993 nos
1351 1965 1477 1992 similiter
1492 1965 1525 1991 de
1545 1964 1671 1998 ejusdem

931 2022 941 2038 ι
959 2012 1121 2047 purgatione
1136 2016 1285 2045 praesentes
1302 2011 1407 2038 litteras
1418 2017 1477 2038 eum
1495 2011 1593 2045 gaudio
1606 2010 1671 2037 mit-

933 2067 944 2085 ι
961 2064 1090 2086 teremus.
1117 2058 1193 2085 Esset
1215 2057 1338 2093 profecto
1362 2062 1389 2085 et
1418 2061 1510 2084 nostra
1528 2060 1555 2083 et
1581 2060 1670 2086 vestra

936 2114 945 2132 ι
967 2105 1096 2132 alacritas
1119 2104 1214 2136 tutior,
1238 2108 1263 2131 et
1279 2110 1329 2130 nec
1347 2102 1548 2137 percontatoria
1566 2102 1670 2129 videre-

936 2161 946 2178 ι
968 2155 1023 2184 tur,
1038 2158 1098 2185 qua:
1115 2150 1149 2177 de
1176 2157 1247 2177 nunc
1269 2148 1414 2181 audiendo,
1434 2154 1515 2181 quam
1531 2154 1592 2182 quas
1618 2152 1670 2173 tate

934 2207 944 2223 ι
962 2204 1042 2231 quam
1056 2197 1089 2223 de
1100 2195 1193 2223 audito
1212 2199 1398 2229 praecesserat.
1411 2194 1478 2221 Cum
1495 2201 1560 2227 ergo
1571 2194 1604 2220 ad
1623 2200 1670 2221 nos

937 2253 946 2270 ι
964 2243 1128 2271 accessisset
1149 2242 1339 2270 sanctissimus
1355 2241 1439 2268 frater
1451 2244 1479 2268 et
1493 2240 1670 2273 coepiscopus

937 2299 947 2316 ‹
965 2293 1059 2316 noster
1071 2287 1231 2320 Faustinus,
1245 2286 1379 2322 synodum
1396 2286 1554 2321 coegimus;
1568 2289 1596 2313 et
1612 2292 1670 2313 cre-

940 2345 948 2362 I
966 2336 1085 2364 didimus
1101 2336 1188 2370 ipsum
1203 2339 1348 2369 propterea
1370 2341 1431 2361 cum
1460 2333 1506 2360 illo
1521 2340 1584 2360 esse
1608 2332 1672 2360 mis-

933 2392 942 2408 t
962 2389 1032 2414 sum,
1047 2386 1075 2408 ut.
1085 2381 1312 2416 quemadmodum
1327 2380 1412 2414 ipsius
1425 2380 1516 2407 studio
1532 2379 1665 2414 presbyte-

937 2437 946 2453 ι
967 2427 1007 2454 rio
1029 2431 1109 2454 antea
1132 2430 1192 2453 erat
1209 2426 1341 2458 redditus.
1357 2425 1398 2453 sic
1419 2430 1446 2452 et
1462 2432 1533 2452 nunc
1550 2424 1671 2458 ejusdem

929 2483 938 2499 ι
955 2480 1035 2507 opera
1048 2476 1139 2507 posset
1152 2480 1166 2499 a
1183 2475 1223 2499 tot
1234 2471 1394 2499 criminibus
1418 2471 1455 2499 illi
1478 2472 1504 2498 in
1516 2470 1672 2498 Thabraca-

936 2529 945 2545 ι
963 2519 1008 2546 nis
1022 2518 1137 2552 objectis
1155 2518 1265 2552 purgari
1282 2527 1289 2545 :
1307 2519 1387 2553 cujus
1402 2522 1441 2545 tot
1465 2522 1493 2545 et
1510 2522 1563 2544 tam
1577 2524 1670 2552 magna

938 2574 947 2591 ι
964 2565 1068 2592 scelera
1092 2568 1193 2591 nostra;
1214 2563 1307 2598 synodi
1336 2563 1481 2590 multitudo
1497 2569 1671 2597 percurrens,

929 2610 1080 2642 «invenit,
1109 2613 1138 2636 ut
1170 2613 1198 2636 et
1227 2609 1370 2636 memorati
1398 2609 1599 2644 patrocinium,
1625 2615 1672 2641 po-

930 2664 939 2680 ι
958 2655 1011 2681 tius
1033 2661 1115 2689 quam
1129 2653 1260 2687 judicium
1277 2673 1285 2685 ,
1313 2658 1341 2681 et
1371 2659 1496 2687 tanquam
1522 2652 1672 2683 defensoris

927 2710 936 2726 ι
956 2699 1086 2731 studium,
1106 2699 1196 2733 potius
1221 2707 1301 2733 quam
1320 2699 1468 2733 cognituris
1483 2698 1615 2729 justitiam
1632 2698 1671 2725 vi-

931 2755 940 2771 (
959 2745 1037 2773 cerit.
1062 2744 1184 2772 Primum
1198 2745 1271 2771 enim
1287 2746 1334 2772 loli
1346 2744 1439 2778 synodi
1466 2743 1542 2770 valde
1562 2744 1671 2775 restitit,

930 2802 938 2817 ι
957 2791 1054 2818 varias-
1074 2791 1253 2818 contumelias
1284 2790 1412 2824 ingerens
1429 2808 1438 2821 .
1469 2794 1594 2822 tanquam
1625 2789 1671 2824 qui

929 2847 938 2864 ι
961 2837 1090 2864 Romanis
1132 2836 1260 2864 Ecclesiae
1291 2836 1432 2871 privilegia
1461 2835 1630 2869 defenderet,
1644 2840 1672 2864 et

933 2894 941 2911 ι
960 2884 1039 2913 vellet
1050 2884 1136 2920 ipsum
1147 2890 1163 2911 a
1176 2883 1291 2912 nobisin
1306 2883 1524 2911 communionem
1538 2883 1644 2912 admitti
1659 2891 1667 2916 ;
