1909 3075
209 139 261 170 Ml
856 137 994 168 THEOD.
1013 135 1213 166 BALSAMON
1782 136 1835 168 4H

249 207 257 222 1
274 203 355 231 quem
375 199 418 222 tua
448 195 590 227 sanctitas,
603 201 666 222 cutn
681 193 844 222 credidisset
858 194 987 229 appellnrt

1087 203 1096 218 1
1119 192 1267 228 ἐπιφέρων,
1283 192 1384 220 ὡσανεὶ
1396 193 1429 219 τὰ
1443 191 1600 228 πριϐιλέγια
1613 193 1662 228 τῆς
1677 193 1834 230 Ῥωμαῖκῆς

248 253 255 267 1
273 242 343 276 quod
357 242 467 277 quidem
485 241 603 275 probare
627 247 682 267 non
695 240 793 275 potuit,
809 240 992 268 communioni

244 298 253 314 1
279 288 420 316 restituit:
447 287 498 315 hoc
525 292 614 314 tamen
636 287 660 314 ei
684 293 737 313 non
763 287 904 321 processit,
921 287 991 320 quod

245 345 253 360 1
270 335 360 362 adhuc
374 342 406 362 ex
419 339 541 361 actorum
566 333 680 361 lectione
698 333 797 360 melius
823 332 992 368 cognoveris.

244 390 252 405 1
273 380 410 408 Triduano
423 380 495 406 enini
512 384 585 406 moto
610 379 747 406 laborioso
759 379 872 413 judicio,
895 378 921 404 in
939 385 992 413 quo

246 436 254 451 1
277 426 397 457 diversa,
427 433 488 460 qua:
514 425 538 451 ei
574 424 793 458 objicieltantur,
823 423 991 451 amictissimi

244 481 252 496 1
272 471 473 504 quaerebamus,
491 470 561 496 Dens
575 470 666 504 justus
686 469 778 502 iudex,
794 469 870 496 fortis
884 474 910 496 et
928 470 991 496 lon-

246 507 254 541 ἀ
274 516 402 550 ganimis,
426 521 453 542 et
470 514 622 549 coepiscopi
641 515 727 542 nostri
745 515 867 542 Faustini
884 515 991 542 dilatio-

248 570 256 586 ι
279 568 337 592 nes,
352 565 379 587 et
396 560 482 594 ipsius
511 560 614 593 Apiarii
642 559 817 587 frustatorias
830 560 858 586 in
874 560 990 586 dicendo

247 616 256 632 1
275 607 527 640 tergiversationcs,
553 606 652 640 quibus
670 606 790 633 nefarias
818 613 881 633 suas
910 605 991 640 turpi-

245 661 254 676 1
275 652 381 680 tudines
404 653 494 680 velare
521 653 683 684 conabatur;
703 659 801 686 magno
829 651 990 688 compcpdio

246 708 253 721 ι
273 699 438 731 amputavit;
460 699 573 726 molesta
595 698 697 725 scilicet
723 703 749 725 et
766 697 844 732 longe
872 697 991 724 faetidis-

244 752 253 768 1
274 743 340 769 sima
361 742 547 770 obstinatione
574 750 729 777 compressa
743 763 750 774 ,
782 743 990 778 ncgationixque

244 797 254 814 1
272 789 449 822 impudentia,
471 795 519 823 per
531 796 610 822 quam
630 793 733 815 tantum
749 789 916 823 voluptatum
931 796 989 816 cot-

244 842 254 858 1
275 841 336 859 ntnn
353 833 468 861 obruere
493 833 611 860 volebat.
629 833 696 860 Cum
713 834 786 861 enirn
813 834 883 861 Deus
898 839 989 861 noster

243 887 253 904 1
270 880 328 914 ejus
345 879 538 907 conscientiam
564 879 591 906 in
610 880 750 913 angustias
770 879 938 909 deduxisset.
962 883 989 906 et

243 935 252 951 1
270 934 330 960 quae
346 927 453 953 occulta
479 931 557 953 erant
576 927 602 953 itt
619 927 701 953 corde
722 931 843 960 peccata,
861 931 988 960 tanquam

241 979 251 996 1
270 973 296 998 in
311 972 456 999 criminum
475 979 554 999 coeno
580 972 635 1006 jam
651 973 844 1004 condemnata,
863 972 990 1001 omnibus

238 1026 248 1043 1
267 1017 348 1045 etiam
367 1018 525 1044 hominibus
540 1018 718 1052 publicasset,
744 1023 858 1052 repente
875 1018 908 1044 ad
926 1026 990 1045 con-

242 1071 253 1089 1
273 1064 419 1091 fessionem
446 1064 567 1090 omnium
591 1063 642 1090 sibi
660 1063 826 1096 obiectorum
844 1063 988 1090 criminuut

241 1117 250 1134 1
271 1109 455 1136 fraudulentus
482 1108 617 1135 lnficiator
646 1109 756 1142 erupit,
772 1112 799 1135 et
818 1107 861 1134 vix
881 1109 988 1135 tandem

243 1163 251 1179 1
271 1154 391 1180 omnium
408 1152 606 1180 incredibilium
623 1154 783 1187 probrorum
798 1153 858 1187 ipse
868 1154 988 1187 seipsum

242 1208 251 1224 1
269 1206 316 1225 sua
334 1203 430 1233 sponte
445 1198 535 1232 arguit
549 1206 556 1230 ;
573 1204 600 1225 et
618 1197 703 1232 ipsam
714 1194 838 1224 similiter
853 1206 926 1231 spent
940 1205 989 1224 no-

240 1253 249 1270 1
268 1251 364 1276 stram,
376 1245 418 1271 cui
427 1245 514 1279 ipsum
528 1245 750 1270 comntiseramns
759 1244 949 1275 etorubamus,
959 1249 988 1271 ut

242 1299 251 1316 1
272 1298 286 1317 a
300 1295 353 1316 tam
368 1290 499 1324 pudendis
511 1289 624 1316 maculis
636 1293 726 1323 posset
737 1289 856 1323 purgari,
874 1296 988 1316 conver-

240 1347 250 1362 1
273 1337 303 1363 tit
317 1336 344 1363 in
358 1336 447 1363 luctus
464 1345 469 1362 :
487 1336 537 1362 nisi
551 1337 621 1370 quod
637 1336 705 1363 hanc
720 1341 837 1363 nostram
850 1336 987 1362 tristitiam

241 1392 250 1408 1
272 1390 326 1409 uno
341 1389 427 1416 eoque
456 1381 515 1408 solo
537 1382 635 1408 solatio
658 1382 799 1416 mitigavit,
819 1381 889 1416 quod
903 1381 987 1408 etiam

244 1439 252 1455 1
274 1437 323 1456 nos
356 1437 369 1455 a
411 1429 537 1455 maeroris
567 1433 696 1463 perpetuo
721 1429 816 1456 labore
844 1429 984 1460 liberaviti,

240 1485 249 1500 1
269 1480 296 1500 et
325 1475 383 1502 suis
408 1475 577 1506 vulneribus,
596 1475 702 1500 etiamsi
720 1474 819 1501 invitus
835 1479 862 1502 et
879 1475 987 1508 propria

243 1528 252 1544 1
270 1523 439 1553 repugnante
469 1519 638 1545 conscientia
667 1520 822 1551 confessus,
852 1520 983 1547 medelam

242 1574 251 1590 1
270 1565 488 1598 qualemcunque
506 1565 633 1598 providit,
654 1565 761 1591 domine
777 1565 871 1592 frater.
887 1564 914 1592 In
930 1566 985 1600 pri-

240 1619 249 1636 1
269 1611 319 1638 mis
335 1617 398 1644 ergo
426 1610 514 1637 ol'ticio
542 1609 638 1637 debilm
664 1610 848 1637 venerationis
863 1611 984 1645 impleto,

237 1665 246 1682 1
267 1655 403 1689 supplices
420 1655 548 1689 petimus,
562 1663 595 1682 ne
610 1655 737 1688 deinceps
749 1656 781 1682 ad
792 1661 896 1683 vestras
906 1664 985 1684 aures

241 1711 250 1726 1
269 1708 326 1733 eos,
340 1701 385 1735 qui
414 1701 478 1727 hinc
491 1700 621 1733 veniunt,
642 1700 721 1726 facile
736 1701 887 1728 atlmitt-atis
909 1711 915 1728 :
935 1708 985 1729 nec

241 1755 249 1769 ι
271 1746 315 1780 qui
343 1753 357 1772 a
387 1745 467 1772 nobis
497 1745 722 1772 excommunicati
741 1745 851 1777 fuerint,
871 1746 896 1772 in
911 1753 985 1773 com-

242 1790 428 1817 1tnunionem
459 1790 549 1817 velitis
579 1790 649 1817 ultra
680 1790 811 1825 recipere.
842 1790 907 1817 Nam
933 1791 984 1818 hoc

240 1846 250 1863 1
269 1844 376 1871 quoque
401 1837 426 1863 in
455 1835 562 1863 Nictena
598 1837 701 1871 synodo
727 1836 864 1863 definitum
892 1841 983 1864 vostra

240 1891 249 1905 1
269 1882 347 1909 facile
373 1881 492 1909 inveniet
522 1882 673 1909 beatitudo.
702 1881 729 1909 Si
758 1882 831 1909 enint
856 1882 936 1909 etiam
951 1883 984 1910 de

241 1937 251 1953 1
273 1927 448 1954 inferioribus
463 1927 571 1954 clericis
588 1932 615 1955 et
628 1927 703 1954 laicis
716 1927 769 1954 illic
785 1928 890 1954 servari
907 1928 983 1955 vide-

241 1983 250 1997 1
268 1978 329 2005 tur;
355 1972 405 1999 hoc
420 1972 476 1998 vult
492 1972 577 1999 multo
602 1971 690 2006 magis
703 1972 784 1998 etiam
798 1972 831 1998 dc
849 1972 984 2006 episcopis

240 2027 249 2042 1
271 2017 383 2045 servari.
401 2017 483 2052 676
496 2016 534 2044 Ne
549 2024 623 2052 ergo,
642 2017 687 2051 qui
704 2017 731 2043 in
748 2016 857 2050 propria
872 2018 982 2051 provin-

223 2073 226 2076 ~
241 2073 249 2089 1
268 2064 308 2090 cia
325 2071 338 2090 a
355 2064 545 2091 communione
567 2063 690 2097 suspensi
709 2066 781 2094 sunt,
797 2067 870 2089 aula
882 2063 984 2089 sancti-

241 2120 249 2134 1
269 2115 332 2142 tate,
350 2110 438 2137 dedita
452 2117 546 2144 opera,
571 2113 598 2135 et
615 2114 643 2135 ut
660 2115 712 2134 non
729 2112 846 2141 oportet,
861 2115 983 2136 commu-

241 2166 249 2182 1
269 2156 342 2183 uloni
359 2156 477 2183 restituti
507 2154 661 2181 videantur.
691 2152 916 2188 Presbyterorum
932 2160 982 2179 att-

242 2213 250 2227 ι
267 2209 319 2229 tem
345 2201 469 2229 similiter
499 2205 528 2226 et
554 2198 778 2233 consequentium
819 2198 980 2225 clericorum
1000 2212 1023 2240 ι)

238 2259 247 2274 1
267 2249 439 2283 impudentes
467 2247 554 2279 fugas,
585 2250 614 2271 ut
644 2251 670 2271 te
684 2244 794 2280 dignum
822 2249 877 2277 est,
893 2251 983 2278 perse-

239 2303 248 2319 1
271 2300 369 2328 quetur
401 2297 445 2320 tua
473 2292 614 2319 sanctitas.
639 2289 707 2316 Nam
732 2297 819 2324 neque
834 2297 882 2324 per
899 2290 981 2316 ullum

241 2349 250 2364 1
273 2340 382 2366 Patrum
410 2338 547 2364 decretum
574 2337 625 2363 hoc
653 2335 785 2362 Africanae
800 2335 926 2364 Ecclesiae
942 2339 983 2363 est

241 2394 250 2410 1
272 2384 433 2417 prohibitum
451 2392 458 2410 :
483 2388 510 2410 et
537 2382 653 2409 Nictrme
680 2382 775 2417 synodi
792 2386 905 2414 statuta,
922 2381 981 2409 sive

241 2439 251 2455 1
269 2430 382 2456 clericos
396 2428 533 2455 inferioris
547 2428 657 2463 gradus,
673 2427 729 2454 sive
744 2427 820 2462 ipsos
831 2428 981 2462 episcopos,

241 2485 250 2500 1
273 2476 390 2510 propriis
405 2474 619 2509 Metropolitauis
648 2474 820 2508 apertissime
835 2474 981 2501 commise-

240 2531 250 2546 1
271 2526 341 2549 runt.
367 2521 510 2556 Sapienter
526 2521 597 2548 enim
615 2526 641 2548 et
669 2521 742 2554 iuste
765 2525 981 2554 perspexerunt,

241 2578 250 2593 1
271 2575 437 2603 quaecunque
450 2567 551 2594 fuerint
575 2571 668 2594 exorta
690 2566 810 2599 negotia,
829 2572 859 2591 ea
875 2565 901 2592 in
919 2573 983 2599 pro-

239 2624 248 2639 1
269 2613 334 2648 priis
350 2613 414 2640 locis
430 2612 569 2640 terminari
599 2611 709 2639 debere.
725 2610 817 2644 Neque
830 2610 902 2637 enim
919 2610 981 2637 uni-

240 2669 249 2686 1
269 2659 367 2693 cuique
385 2658 560 2694 providentia:
588 2656 682 2684 Sancti
718 2656 839 2689 Spiritus
869 2656 982 2690 gratiam

241 2715 253 2731 1
271 2707 366 2733 deesse
394 2709 533 2740 putarunt,
552 2711 599 2738 per
627 2709 708 2738 quam
722 2701 828 2736 iustitia
850 2709 865 2728 ιι
880 2702 981 2729 Christi

242 2762 252 2779 1
268 2752 455 2780 sacerdotibus
482 2756 509 2777 (ιι
539 2750 645 2776 videtur
661 2749 816 2783 prudenter,
829 2752 855 2774 et
870 2747 983 2774 ﬁrmiter
995 2771 1008 2781 _

244 2807 254 2824 1
278 2803 396 2829 tenetur,
413 2797 529 2824 maxime
557 2796 628 2829 quod
661 2795 742 2821 etiam
759 2794 905 2828 unicuique
918 2801 984 2821 con-

243 2853 253 2870 1
274 2851 379 2871 cessum
391 2848 441 2875 est,
455 2843 477 2870 si
492 2842 516 2870 ci
527 2842 659 2874 videatur,
672 2842 704 2868 de
717 2840 837 2876 iudicum
850 2839 983 2867 sententia

1005 865 1026 892 Β

1083 248 1092 264 1
1123 238 1286 273 Ἐκκλησίας
1310 238 1462 270 ὁιεκδικῶν,
1493 239 1539 264 καὶ
1556 239 1641 265 θέλω-ι
1665 240 1748 266 αὑτὸν
1765 241 1832 276 παρ’

1084 293 1091 309 l
1113 285 1192 318 ήμῶν
1202 284 1241 310 ei:
1254 284 1395 310 κοινωνίαν
1410 283 1548 318 δεχθῆναι,
1564 283 1621 319 ὃνή
1636 285 1670 320 σὴ
1688 286 1831 321 ἀγιωσύνη

1083 338 1091 354 1
1116 329 1283 355 πιστεύσασα
1315 329 1502 361 ἐκκαλεῖσθαι,
1532 329 1602 365 ὅπερ
1627 330 1768 363 ἀποδεῖξαι
1782 332 1832 359 οὐκ

1082 384 1093 400 1
1117 376 1246 410 ἠδυνήθη.
1258 376 1290 410 τῇ
1308 375 1436 411 κοινωνίᾳ
1458 376 1629 403 ἀποδέδωκεν
1640 383 1648 390 “
1661 377 1735 411 ὅμως
1752 375 1834 413 ἦττον

1081 430 1090 446 1
1121 422 1194 456 αὑτῷ
1209 421 1287 448 τοῦτο
1303 420 1449 454 ἐξεγένετο,
1461 422 1530 456 ὅπερ
1546 422 1586 448 ἔτι
1601 423 1654 458 μὴν
1666 425 1699 458 τῇ
1709 423 1833 457 ἀναγνώ-

1081 476 1089 491 ι
1115 475 1156 493 σει
1172 475 1227 493 των
1243 467 1446 502 πεπραγμένων
1457 468 1619 502 κρειττόνως
1633 469 1735 503 γνοίης.
1747 470 1834 506 Τριηο

1080 521 1088 538 ι
1114 513 1197 549 μέρου
1231 514 1323 547 μέντοι
1341 514 1418 548 δίκης
1441 514 1487 540 ἐπὶ
1516 514 1617 548 μόχθου
1660 514 1832 550 κινηθείσης,

1079 568 1088 584 1
1111 559 1139 585 ὲν
1155 560 1209 594 ὅσῳ
1222 561 1256 586 τὰ
1269 559 1386 594 διάφορα
1412 559 1451 594 τῷ
1463 560 1536 593 αὐτῷ
1549 560 1741 594 ὑποϐληθέντα
1767 569 1833 587 συν-

1080 613 1089 630 1
1113 605 1269 639 τριϐόμενοι
1286 605 1447 639 ἐζητοῦμεν,
1466 606 1478 631 6
1496 604 1563 636 Θεδ“ς
1576 605 1590 630 6
1606 605 1709 636 δίκαιος
1724 606 1832 640 κριτὴς,

1079 659 1089 676 1
1110 651 1123 676 ὁ
1141 651 1249 685 ἰσχυρὸς
1266 652 1312 678 καὶ
1340 651 1527 686 μακρόθυμος,
1555 651 1606 682 τάς
1633 659 1663 677 τε
1689 652 1833 686 παρολκὰς

1079 704 1089 721 1
1109 696 1157 722 τοῦ
1179 697 1378 724 συνεπισκόπου
1408 697 1487 732 ήμῶν
1519 697 1680 728 Φαυστίνου,
1713 698 1762 724 καὶ
1783 698 1834 729 τὰς

1078 750 1088 767 1
1110 741 1274 777 τριψεργίας
1286 742 1336 768 τοῦ
1349 742 1430 769 αὐτοῦ
1454 743 1607 776 ’Λπιαρίου,
1632 741 1678 774 αἷς
1700 743 1754 771 τὰς
1767 744 1832 770 ἀθε-

1078 795 1088 811 1
1112 787 1206 820 μίτους
1216 786 1300 813 αὐτοῦ
1313 788 1499 822 αἰσχρότητας
1518 788 1694 822 συγκαλύψαι
1713 788 1832 824 ἐπηρεί-

1077 841 1086 858 1
1110 832 1181 864 δετο,
1211 834 1318 869 μεγάλῃ
1341 834 1473 868 συντομία
1494 833 1585 868 ἔτεμε,
1614 834 1663 867 τῆς
1681 835 1832 870 σικχαντῆς

1078 887 1087 902 1
1112 878 1212 913 δηλαδὴ
1228 880 1276 905 καὶ
1302 879 1508 913 δυσωδεστέρας
1529 879 1663 914 ἐπιμονῆς
1690 888 1833 914 καταργηο

1080 933 1089 949 ε
1113 924 1215 957 θείσης,
1242 925 1290 951 καὶ
1317 925 1366 959 τῆς
1400 925 1594 959 ἀναισχυντίας
1608 925 1657 959 τῆς
1674 927 1831 960 ἀρνήσεως,

1082 978 1091 994 1
1114 970 1149 996 δι’
1174 968 1208 1005 ἦς
1236 971 1291 996 τῶν
1330 971 1466 996 τοσούτων
1501 971 1603 1005 ἡδονῶν
1629 971 1675 997 τὸν
1698 971 1833 1007 βόρϐορον

1078 1023 1088 1040 1
1112 1015 1236 1042 ἐϐούλετο
1251 1015 1447 1044 καταϐυθίσαι.
1464 1015 1517 1042 Τοῢ
1535 1016 1587 1051 γὰρ
1605 1016 1672 1043 Θεοῦ
1687 1017 1768 1051 ἡμῶν
1781 1017 1832 1052 τὴν

1078 1070 1086 1085 ι
1111 1062 1263 1096 συνείδησιν
1291 1061 1374 1088 αὑτοῦ
1398 1062 1664 1096 στενοχωρήσαντος,
1689 1064 1737 1088 κα¹ι
1754 1063 1788 1090 τὰ
1800 1065 1831 1090 ὲν

1077 1116 1086 1131 1
1109 1108 1141 1142 τῇ
1157 1108 1255 1142 καρδίᾳ
1270 1107 1389 1142 κρυπτὰ,
1412 1107 1450 1138 ὡς
1465 1108 1493 1134 ὲν
1514 1107 1567 1134 ί).ύῖ
1579 1107 1633 1134 ¹πῶν
1645 1108 1830 1144 ἐγκλημάτων

1078 1161 1086 1177 1
1109 1152 1159 1187 ἥδη
1177 1153 1440 1188 καταδεδικασμένα,
1470 1154 1553 1179 πᾶσιν
1572 1153 1612 1180 ἔτι
1645 1154 1699 1188 μὲν
1715 1155 1772 1185 τοῖς
1784 1155 1832 1182 ἀν⁴

1078 1208 1086 1223 ι
1112 1198 1230 1232 θρώποις
1241 1199 1481 1233 δημοσιεύων-τος,
1497 1199 1639 1233 αἰφνιδίως
1664 1200 1705 1231 είς
1729 1201 1829 1234 ὁμολο-

1078 1253 1087 1269 1
1110 1243 1172 1277 γίαν
1189 1244 1298 1271 πάντων
1318 1244 1526 1279 ὑποϐληθέντων
1549 1244 1622 1279 αὐτῷ
1643 1245 1832 1280 ἐγκλημάτων

1077 1297 1085 1314 1
1113 1290 1126 1315 ὁ
1136 1289 1221 1320 δόλιος
1236 1289 1353 1324 ἀρνητδς
1369 1289 1510 1325 ἐξέρρηξε,
1521 1291 1568 1316 καὶ
1586 1291 1662 1325 μόλις
1674 1292 1740 1318 ποτὲ
1763 1293 1830 1327 περὶ

1077 1343 1086 1360 1
1111 1335 1220 1362 πάντων
1244 1336 1299 1362 τῶν
1322 1336 1462 1362 ἀπιθάνων
1486 1336 1596 1363 ὀνειδῶν
1632 1338 1727 1365 ἑκοντὶ
1745 1339 1830 1371 αὐτὸς

1077 1390 1085 1405 1
1107 1380 1203 1407 ἑαυτὸν
1218 1381 1342 1416 ἤλεγξεν,
1356 1384 1401 1408 καὶ
1410 1382 1495 1417 αὐτὴν
1510 1383 1612 1417 ὁμοίως
1623 1383 1671 1419 τὴν
1687 1385 1830 1421 ἡμετέραν

1076 1433 1085 1450 ι
1109 1425 1215 1458 ἐλπίδα,
1241 1423 1312 1463 ᾗτινι
1339 1427 1386 1453 καὶ
1426 1428 1630 1462 ἐπιστεύσαμεν
1653 1429 1747 1462 αὐτὸν,
1779 1431 1830 1458 καὶ

1077 1480 1086 1496 1
1110 1471 1251 1506 ηὐχόμεθα
1263 1473 1295 1498 ὲκ
1308 1473 1361 1499 τῶν
1393 1472 1480 1504 οὕτως
1497 1474 1702 1508 ἐπαισχυντέων
1723 1476 1830 1504 σπίλων

1077 1524 1087 1542 1
1111 1515 1241 1544 δύνασθαι
1257 1517 1440 1552 καθαρθῆναι,
1460 1519 1642 1553 μετέστρεψεν
1659 1521 1700 1552 είς
1715 1530 1832 1557 στεναγ-

1076 1571 1085 1587 1
1111 1561 1177 1596 μούς
1189 1569 1196 1577 ·
1209 1563 1234 1588 εί
1250 1563 1287 1596 μὴ
1296 1563 1336 1589 ὃτι
1345 1563 1447 1597 ταύτην
1465 1564 1543 1598 ἡμῶν
1557 1565 1606 1600 τὴν
1619 1564 1708 1601 λύπην
1721 1569 1772 1603 μιᾷ
1781 1570 1826 1596 καὶ

1077 1616 1085 1632 1
1108 1607 1173 1642 μόνῃ
1183 1608 1347 1643 παραμυθίᾳ
1359 1610 1559 1643 κατεπράϋνεν,
1570 1611 1611 1636 ὅτι
1629 1614 1675 1638 καὶ
1688 1613 1763 1646 ἡμᾶς
1780 1615 1829 1642 τοῦ

1077 1661 1085 1676 1
1110 1652 1284 1688 ὸδυρμοῦτοῦ
1299 1653 1440 1688 διηνεκοῦς
1454 1655 1578 1688 καμάτου
1611 1656 1760 1691 εύλύτωσε,
1780 1661 1830 1687 καὶ

1076 1707 1086 1724 1
1109 1700 1164 1730 τοῖς
1193 1699 1268 1729 ἰδίοις
1287 1699 1444 1733 τραύμασιν
1466 1700 1615 1734 ὁτεδήποτε
1633 1702 1721 1736 ταῦ-εν,
1739 1705 1764 1730 εἰ
1779 1706 1828 1732 καὶ

1077 1754 1086 1769 1
1109 1744 1243 1775 ἀκουσίως
1252 1745 1354 1776 καὶτῆς
1367 1745 1435 1776 ιδίας
1448 1746 1627 1781 συνειδήσεως
1638 1749 1829 1784 ὰντιμαχομέ-

1076 1799 1085 1815 1
1109 1799 1157 1825 νης
1171 1789 1340 1824 ὁμολογήσας
1358 1791 1553 1827 προενοήσατο,
1570 1793 1647 1828 κύριε
1663 1794 1773 1829 ἀδελφέ.
1784 1797 1828 1824 Ἐν

1076 1845 1084 1860 1
1114 1836 1245 1870 προφάτῳ
1253 1836 1343 1862 τοίνυν
1354 1836 1400 1862 τοῦ
1412 1837 1578 1872 καθήκοντος
1587 1839 1636 1872 τῆς
1649 1839 1829 1877 ὀφειλομένης

1077 1890 1085 1906 ι
1107 1881 1316 1915 προσκυνήσεως
1339 1881 1574 1917 ἑκπληρουμένου,
1594 1885 1764 1920 ἱκετεύομεν,
1784 1888 1829 1915 ἵνα

1076 1937 1085 1951 1
1108 1926 1154 1953 τοῦ
1165 1927 1258 1953 λοιποῦ
1272 1927 1339 1962 πρὸς
1347 1927 1395 1959 τὰς
1412 1928 1547 1964 ὑμετέρας
1556 1931 1640 1962 ἀκοὰς
1655 1932 1717 1964 τοὺς
1733 1934 1830 1961 ἐντεῦ-

1077 1983 1086 1998 1
1109 1973 1154 2000 θεν
1171 1974 1406 2008 παραγινομένους
1432 1975 1552 2010 εὐχερῶς
1577 1977 1614 2011 μὴ
1628 1979 1827 2014 προσδέχησθε·

1075 2028 1084 2044 1
1107 2018 1173 2053 μηδὲ
1186 2020 1250 2050 τοὺς
1264 2019 1328 2054 παρ’
1343 2019 1423 2053 ἡμῶν
1433 2020 1693 2056 ἀποκοινωνητέους,
1709 2026 1750 2056 εἰς
1770 2035 1827 2054 κοι-

1076 2074 1085 2090 1
1110 2065 1210 2091 νωνίαν
1225 2065 1271 2091 τοῦ
1285 2065 1379 2092 λοιποῦ
1397 2066 1530 2101 θελήσητε
1556 2067 1694 2100 δέξασθαι.
1715 2071 1825 2108 Ἐπειδὴ

1074 2120 1082 2135 ι
1103 2110 1182 2136 τοῦτο
1196 2110 1243 2136 καὶ
1255 2111 1286 2145 τῇ
1304 2112 1332 2137 ἐν
1348 2111 1451 2146 Νικαίᾳ
1467 2112 1567 2147 συνόδῳ
1581 2113 1690 2148 ὁρισθὲν
1704 2116 1826 2152 εὐχερῶς

1074 2166 1083 2182 1
1105 2155 1200 2191 εὖροιὴ
1215 2156 1248 2191 σὴ
1260 2157 1450 2192 σεϐασμιότης.
1464 2157 1493 2183 Et
1503 2158 1556 2192 γὰρ
1571 2160 1619 2186 καὶ
1632 2160 1695 2194 περὶ
1705 2163 1826 2188 κατωτέ-

1075 2211 1087 2226 1
1109 2210 1164 2235 ρων
1176 2201 1316 2235 κληρικῶν
1338 2201 1385 2228 καὶ
1413 2202 1477 2235 περὶ
1505 2201 1608 2230 λαῖκῶν
1628 2204 1752 2236 φαίνεται
1768 2207 1826 2232 ἐκεῖ

1074 2256 1082 2272 1
1106 2245 1375 2280 παραφυλάττεσθαι,
1387 2246 1478 2281 πολλῷ
1494 2247 1593 2282 μᾶλλον
1603 2249 1680 2275 τοῦτο
1691 2250 1755 2284 περὶ
1764 2253 1825 2278 ἐπι·

1074 2300 1083 2316 1
1107 2291 1215 2319 σκόπων
1238 2290 1362 2325 βούλεται
1380 2292 1641 2326 παραφυλαχθῆναι.
1661 2293 1707 2328 Μὴ
1720 2292 1768 2320 οὖν
1796 2296 1822 2321 οἱ

1072 2347 1081 2362 1
1106 2338 1135 2364 ὲν
1149 2338 1183 2371 τῇ
1201 2336 1255 2369 ἰδίᾳ
1270 2336 1392 2372 ἐπαρχίᾳ
1407 2337 1461 2364 duro
1472 2337 1521 2371 τῆς
1539 2339 1683 2370 κοινωνίας
1705 2340 1824 2377 ἀναρτη-

1074 2391 1084 2407 ι
1108 2381 1198 2412 Θέντες
1226 2380 1302 2416 παρὰ
1315 2381 1365 2415 τῆς
1390 2381 1439 2415 σῆς
1464 2381 1631 2415 ἁγιωσύνης,
1659 2384 1821 2418 σπουᾶαἱω·,

1072 2437 1081 2453 1
1105 2427 1152 2456 καὶ
1167 2426 1260 2458 καθὼς
1287 2426 1325 2462 μὴ
1339 2427 1403 2462 χρὴ,
1430 2427 1549 2462 φανῶσιν
1572 2429 1823 2465 ἀποκαθιστάμενοι

1073 2484 1081 2500 1
1105 2475 1137 2509 τῇ
1150 2473 1288 2508 κοινωνίᾳ.
1318 2473 1373 2500 Καὶ
1389 2473 1442 2499 τῶν
1457 2474 1651 2509 πρεσϐυτέρων
1669 2475 1698 2502 δὲ
1720 2476 1824 2509 ὁμοίως

1072 2530 1080 2545 1
1106 2520 1152 2546 καὶ
1180 2519 1234 2545 τῶν
1249 2519 1390 2553 ἑπομένων
1404 2518 1540 2554 κληρικῶν
1555 2520 1605 2551 τὰς
1621 2521 1739 2553 ἀναιδεῖς
1754 2522 1824 2549 ἁπο-

1074 2577 1086 2592 1
1107 2566 1203 2600 φυγὰς,
1225 2566 1263 2597 ὡς
1277 2565 1350 2592 ἔστιν
1372 2573 1418 2591 σου
1437 2565 1520 2598 ἄξιον,
1539 2566 1684 2600 ἀποδιώξει
1707 2569 1723 2602 ἡ
1736 2569 1824 2602 ἁγιω-

1075 2621 1083 2637 ι
1108 2611 1173 2646 σύνη
1191 2611 1263 2646 ήσὴ.
1293 2610 1401 2645 Ἐπειδὴ
1417 2612 1464 2637 καὶ
1481 2611 1511 2637 οὐ
1538 2611 1583 2637 διά
1597 2620 1670 2643 τινος
1689 2613 1754 2647 ὅρου
1768 2614 1823 2640 τῶν

1073 2667 1081 2682 1
1107 2656 1234 2690 Πατέρων
1243 2654 1322 2681 τοῦτο
1331 2655 1518 2689 ἀπηγόρευται
1528 2656 1560 2690 τῇ
1575 2656 1603 2681 ὲν
1623 2656 1739 2691 Ἀφρικῇ
1761 2657 1824 2683 Ἐκ·

1075 2713 1083 2728 1
1106 2702 1206 2737 κλησίᾳ
1217 2709 1223 2715 ³
1239 2701 1286 2727 καὶ
1301 2700 1334 2727 τὰ
1349 2700 1512 2735 ψηφίσματα
1532 2701 1580 2735 τῆς
1593 2702 1621 2727 ἐν
1644 2702 1747 2737 Νικαίᾳ
1760 2711 1824 2729 συν.

1075 2759 1083 2774 1
1107 2749 1178 2780 ὁδου,
1207 2747 1263 2774 εἴτε
1284 2747 1432 2782 κληρικοὺς
1465 2746 1513 2773 τοῦ
1543 2748 1699 2782 κατωτέρου
1716 2747 1823 2783 βαθμοῦ

1075 2804 1084 2820 1
1109 2794 1164 2820 εἴτε
1193 2792 1293 2823 αὐτοὺς
1311 2793 1373 2823 τοὺς
1397 2793 1576 2826 ἐπισκόπους,
1604 2794 1658 2824 τοῖς
1680 2793 1755 2825 ἰδίοις
1770 2802 1824 2829 μη-

1080 2850 1088 2866 ι
1113 2839 1284 2874 τροπολίταις
1306 2838 1484 2873 φανερώτατα
1497 2839 1686 2874 κατέπεμψαν.
1698 2840 1821 2873 Συνετῶς
