1909 3075
262 163 314 195 M1

885 167 1026 198 TBEOD.
1047 153 1248 200 BALSAMON

1829 168 1886 197 MS

260 225 288 248 et
306 228 355 249 nec
371 221 423 248 hoc
449 220 588 250 invenitur
601 222 628 249 in
650 223 743 252 missis
764 224 798 252 ab
813 224 998 254 Alexandrino
1016 230 1043 254 et

1108 227 1196 253 ιάππα
1225 227 1265 259 εἰς
1284 227 1416 262 Ἀφρικὴν
1446 224 1711 260 συνδιαγνὼμονας·
1743 224 1792 252 καὶ
1821 226 1886 251 οὺδέ

261 265 563 301 Constantinopolitano
579 268 724 304 episcopis.

293 357 378 393 677
390 357 516 386 ZONAR.
531 359 598 386 Cum
610 360 737 395 Apiarius
752 362 786 389 ab
802 362 928 390 Africana
940 365 1043 399 synodo

260 407 415 438 segregatus
433 404 466 431 ad
485 405 647 433 Celestinum
672 414 768 441 papam
786 408 959 443 confugisset.
981 416 1041 436 eum

261 448 410 476 Celestinus
417 451 612 485 segregatiOnis
619 452 725 480 vinculo
736 452 869 486 liberavit,
879 459 905 482 et
916 462 976 482 cum
987 454 1041 487 illo,

261 494 306 527 qui
319 501 428 522 causam
443 496 501 530 ejus
520 504 581 524 cum
596 498 722 525 Africana
738 500 842 528 svnodo
855 506 1042 536 cognosceret,

263 538 420 568 Faustinum
438 542 596 578 episcopum
611 544 864 579 Carthaginiensem
889 547 972 574 misit.
985 547 1043 580 Qua

262 592 292 612 re
306 590 452 617 transacta.
468 588 608 622 epistolam
621 590 690 617 lianc
704 592 821 626 synodus
834 591 866 618 sd
879 591 1043 620 Celestinum

262 631 347 664 dedit,
363 640 414 667 qua
431 632 600 665 Faustinum.
625 636 696 670 quod
715 636 827 670 Apiario
848 637 954 670 faverit,
971 639 1044 672 ejus-

263 683 315 709 que
334 682 475 710 patronum
495 686 527 706 ac
543 680 724 712 defensorem,
742 689 793 708 non
814 682 930 716 iudicem
947 685 1043 718 egerit,

264 728 297 749 ac
321 723 445 750 advocati
474 725 604 758 studium,
638 733 691 753 non
717 728 864 762 cognitoris
891 729 1044 763 arquitatem

263 772 356 802 aperte
371 769 507 803 indicarit,
526 775 553 798 et
567 771 640 805 quod
656 773 759 807 synodo
773 780 802 799 se
815 774 998 802 adversarium
1010 775 1047 803 sit

265 813 413 848 professus.
426 823 475 843 nec
488 823 552 844 vero
568 817 629 844 dum
651 824 680 844 se
696 817 823 844 Romanas
840 817 969 846 Ecclesiae
987 819 1044 853 pri-

264 858 422 894 vilegiorum
434 860 569 888 vindicem
584 860 746 892 ostenderit,
761 867 776 887 a
793 862 966 889 contumeliis
981 869 1046 896 quo

264 911 317 938 que
329 905 489 934 abstinuerit
502 906 576 939 (sunt
588 911 677 935 autem
695 907 835 942 privilegia
849 912 876 935 et
889 912 1050 942 patronatus
1065 897 1088 926 Β

265 948 394 977 Romanas
416 951 472 979 sive
490 951 591 979 Latinae
609 953 712 987 voces),
727 953 903 980 vehementer
919 957 1048 986 accusat;

265 996 402 1030 quodque,
419 1001 449 1024 ut
462 997 484 1024 is
495 1005 510 1024 α
523 999 625 1033 synodo
634 994 674 1026 'ad
689 1000 906 1027 communionem
923 1001 1051 1027 admitte-

266 1047 351 1073 retur.
375 1043 457 1071 nimia
485 1044 657 1073 festinatione
682 1045 878 1080 approperarit.
903 1044 964 1071 Non
988 1052 1051 1079 pro-

265 1088 350 1116 cessit
374 1094 474 1123 tsmen,
498 1090 546 1117 sed
572 1090 663 1122 Deus,
688 1089 810 1118 Faustini
839 1091 1050 1122 cunctationem,

266 1134 424 1168 dilationes,
448 1136 640 1170 proteiationes
667 1136 781 1168 scilicet,
812 1135 1053 1171 frustratoriasque

266 1178 370 1212 Apiarii
384 1180 629 1214 tergiversationes.
643 1181 695 1209 hoc
709 1186 761 1214 est,
779 1181 1052 1217 procrastinationes,

268 1225 294 1252 in
311 1226 426 1261 negotiis
438 1226 567 1260 gerendis
582 1234 698 1260 moram,
720 1227 810 1254 subito
826 1227 970 1260 dissolvit;
993 1235 1053 1255 eam

268 1276 383 1299 mentem
405 1272 444 1300 illi
469 1273 615 1304 immitens.
641 1277 669 1300 ut
691 1273 795 1307 objecta
817 1274 931 1301 crimina
954 1279 1052 1310 sponte

267 1316 452 1346 conﬁteretur.
465 1317 523 1350 llis,
541 1319 577 1345 ita
594 1323 622 1345 ut
636 1323 693 1345 acta
708 1323 781 1351 sunt.
795 1319 822 1346 iu
835 1319 946 1353 epistola
963 1319 1051 1353 expli-

268 1365 345 1397 catis,
362 1365 458 1392 do-inde
471 1365 621 1399 subjiciunt
636 1375 644 1392 :
661 1365 715 1393 Nos
730 1370 756 1393 te
767 1366 812 1400 (ad
827 1366 993 1394 Celestinum
1007 1373 1055 1393 au-

271 1415 323 1437 tem
346 1411 433 1438 oratio
460 1411 605 1446 dirigitur).
629 1411 657 1438 in
679 1419 817 1447 praecursu
841 1412 984 1445 orationis,
1003 1413 1056 1441 hoc

269 1461 320 1489 est,
338 1457 462 1492 prooemii
477 1457 548 1490 loco.
560 1465 591 1485 ex
607 1458 704 1486 merito
718 1458 849 1502 venerati,
862 1466 896 1486 ne
911 1459 937 1486 in
950 1459 994 1493 iis,
1006 1460 1054 1495 qui

270 1510 284 1529 a
308 1503 384 1530 nobis
407 1504 539 1538 segregati
561 1509 635 1536 sunt,
659 1503 834 1531 admittendis
857 1503 1005 1532 faciliorem
1029 1509 1056 1532 to

271 1549 403 1583 prmbeas,
432 1556 499 1576 neve
520 1549 564 1584 qui
584 1549 611 1576 in
633 1556 682 1576 sua
707 1549 844 1583 provincia
866 1550 1054 1578 communione
1067 1559 1090 1589 α

270 1594 361 1621 multa
376 1594 483 1621 nomine
493 1594 590 1629 privati
602 1599 675 1624 sunt.
687 1600 801 1628 propere
816 1594 897 1621 nimis
910 1601 943 1621 ac
957 1594 1055 1622 festiue

269 1639 452 1667 communioni
469 1640 608 1672 restituas.
625 1641 811 1667 obsecramus.
826 1639 878 1666 Sed
895 1644 922 1666 et
937 1640 1055 1675 presby-

269 1690 350 1718 teros,
365 1689 392 1712 et
405 1685 471 1713 alios
490 1693 506 1713 e
520 1685 605 1718 clero,
620 1693 680 1712 sese
698 1692 746 1719 per
760 1685 966 1719 impudentiam,
989 1686 1054 1712 abs-

269 1738 321 1766 que
337 1731 390 1758 ulla
411 1731 512 1759 scilicet
532 1731 602 1765 iusta
619 1738 712 1764 causa.
737 1731 918 1766 proripientes
933 1730 1054 1764 ’expelli,

271 1777 380 1812 suisque
397 1777 531 1810 episcopis
548 1777 641 1810 reddi;
657 1777 722 1811 quin
746 1781 773 1803 et
794 1776 910 1804 clericos
931 1783 1026 1804 omnes
1042 1783 1057 1803 a

271 1830 320 1849 suo
335 1829 469 1857 quemque
481 1822 609 1857 episcopo
619 1821 735 1854 iudicari
749 1821 897 1856 postulant.
913 1822 1054 1850 Canonum

270 1867 363 1900 etiam,
378 1868 423 1903 qui
439 1868 489 1895 hac
506 1868 539 1895 de
563 1875 591 1895 re
605 1868 633 1895 in
653 1867 760 1895 Nica'na
775 1868 877 1903 synodo
893 1867 957 1894 editi
974 1871 1048 1900 sunt,

272 1911 419 1938 meminere
434 1919 442 1938 :
458 1918 543 1946 neque
560 1918 622 1938 vero
636 1916 663 1938 ut
676 1911 758 1946 aliqui
772 1919 788 1939 a
802 1918 876 1946 papae
889 1911 982 1943 latere.
997 1912 1049 1939 hoc

272 1960 324 1988 est,
339 1955 383 1991 qui
402 1955 440 1983 illi
458 1956 588 1991 dignitate
606 1956 734 1990 proximi,
755 1963 786 1984 ac
803 1958 873 1991 apud
895 1957 1058 1986 eumthone-

272 2000 355 2027 stiore
377 2000 435 2027 loco
454 2000 632 2034 haberentur,
656 2000 897 2036 familiaritateque
920 2001 1057 2037 conjuncti

273 2049 371 2079 praeter
395 2051 507 2074 caeteros
530 2046 619 2074 forent
645 2048 800 2080 cognitores
825 2055 856 2075 ac
882 2053 1059 2076 exsecutores

275 2091 453 2125 mitterentur,
477 2092 503 2120 id
521 2100 608 2128 usque
628 2093 767 2121 decretum
786 2098 895 2121 exstare
912 2093 1057 2122 aiiirmant.

275 2136 365 2171 Neque
378 2139 469 2172 fenim,
496 2138 583 2172 aiunt,
609 2139 709 2174 aliquid
727 2139 816 2166 simile
839 2139 866 2166 in
890 2139 934 2170 iis.
951 2147 1009 2173 qua:
1025 2140 1059 2167 ab

275 2184 457 2213 Alexandrino
479 2185 583 2221 Cyrillo
608 2189 635 2213 et
652 2185 954 2219 Constantinopolitano
971 2185 1059 2212 Attico

1095 273 1253 307 εὑρίσκεται
1274 273 1355 300 τοῖιτο
1387 273 1417 299 ὲν
1452 273 1517 304 τοίςο
1549 271 1699 306 πεμφθεῖσι
1728 272 1803 306 παρὰ
1834 271 1887 298 τοῦ

1101 318 1306 354 Ἀλεξανδρείας
1319 319 1366 346 καὶ
1383 319 1459 354 παρὰ
1485 318 1532 345 τοῦ
1558 317 1886 347 Κωνσταντινουτεόλεως.

1131 364 1253 392 ΖΩΝΑΡ.
1270 364 1329 391 Τοῦ
1351 364 1493 400 Ἀπιαρίου
1513 363 1706 398 ἀφορισθέντος
1726 364 1758 389 ὲκ
1788 361 1838 396 τῆς
1852 363 1886 388 sv

1102 409 1219 444 ’Ᾱφρικῇ
1240 409 1361 440 συνόδου,
1395 409 1442 436 καὶ
1487 408 1682 444 προσελθόντος
1710 407 1750 443 τῷ
1777 409 1883 442 πάππα

1095 455 1259 489 Κελεστίνῳ,
1273 454 1399 486 λυθέντος
1420 464 1450 481 τε
1465 454 1511 481 τοῦ
1530 454 1694 489 ἀφορισμοῦ,
1725 455 1740 481 δ
1769 455 1887 481 ἐπίσκο-

1097 509 1147 531 πος
1161 501 1308 532 diana-rivo;
1328 501 1429 535 ἐστάλη
1449 501 1498 527 σὺν
1520 501 1617 536 ἐκείνῳ
1644 502 1684 533 είς
1714 501 1884 534 Καρχηδόνα

1096 547 1233 580 ἐξετάσων
1245 547 1278 573 τὰ
1295 546 1357 573 κατ’
1373 547 1477 573 ἐκείνου
1493 547 1562 581 μετὰ
1578 547 1628 581 τῆς
1662 547 1720 573 ἐκεῖ
1760 547 1888 574 συνόδου.

1100 591 1253 625 Γενομένης
1268 591 1296 617 δὲ
1310 591 1359 626 τῆς
1388 591 1525 625 πράξεως,
1561 591 1698 618 ἐπέστειλε
1727 592 1768 626 τῷ
1799 591 1889 618 Κελε-

1099 637 1180 671 στίνῳ
1194 638 1209 670 ἡ
1228 636 1337 667 σύνοδος
1348 635 1397 671 τὴν
1412 636 1558 672 ἐπιστολὴν
1572 637 1684 671 ταύτην,
1710 637 1744 663 δι’
1768 635 1806 672 ἦς
1841 639 1887 663 αἰ-

1097 680 1189 709 τιᾶται
1227 679 1272 706 τὸν
1313 680 1472 712 Φαυστῖνον,
1509 682 1547 713 ὡς
1573 682 1799 716 ἀντιποιούμενον
1837 682 1888 709 τοῦ

1104 725 1247 761 ’Ᾱπιαρίου
1262 727 1308 752 καὶ
1320 727 1477 761 πατρωνίαν
1502 727 1546 753 ἐπ’
1573 727 1649 762 αὑτῷ
1683 727 1889 763 ἐνδειξάμενον,

1099 770 1181 806 ἧγουν
1195 771 1374 805 προστασίαν,
1390 771 1528 807 βοήθειαν,
1567 773 1666 799 ἀλλὀὐ
1696 773 1798 808 κρίσιν,
1840 775 1891 802 καὶ

1100 817 1219 852 σπουδὴν
1249 818 1433 851 ἐκδικοῦντος,
1467 818 1526 845 ἁλλ’
1545 819 1575 845 οὗ
1599 819 1773 854 δικαιοσύνην
1798 819 1890 851 διαγι-

1101 862 1251 896 νώσκοντος
1260 865 1319 899 ἦτοι
1335 865 1502 897 δικάζοντος,
1533 866 1580 892 καὶ
1613 866 1812 900 ἀνθιστάμενον
1854 868 1889 900 τῇ

1101 909 1211 942 συνόδῳ,
1238 910 1284 937 καὶ
1301 911 1341 942 είς
1358 910 1452 946 ὕϐρεις
1462 912 1636 946 χωρήσαντα,
1665 911 1703 943 ὡς
1745 911 1828 946 δῆθεν
1857 912 1891 938 τὰ

1100 955 1150 990 τῆς
1173 955 1317 990 Ῥωμαίων
1338 956 1501 991 Ἐκκλησίας
1529 957 1691 984 ἐκδικοῦντα
1724 957 1888 992 πριὸιλέγια

1101 1003 1162 1037 ἦτοι
1186 1002 1323 1037 προνόμια
1340 1002 1399 1035 (καὶ
1428 1004 1445 1037 ὴ
1469 1003 1611 1037 πατρωνία.
1635 1002 1726 1029 δὲκαὶ
1753 1003 1788 1029 τὰ
1823 1011 1891 1037 πρι-

1101 1047 1217 1081 σιλέγια,
1234 1048 1320 1081 λέξεις
1354 1048 1509 1083 Ῥωμαϊκαὶ
1523 1049 1583 1084 ἦτοι
1596 1047 1651 1074 τῶν
1681 1047 1805 1074 Λατίνων
1823 1048 1890 1080 εἰσὶ)

1102 1093 1149 1120 καὶ
1163 1093 1311 1120 σπεύδοντα
1324 1093 1450 1128 δεχθῆναι
1485 1094 1567 1121 αὑτὸν
1596 1093 1672 1128 παρὰ
1687 1095 1737 1127 τῆς
1765 1093 1890 1125 συνόδου,

1102 1138 1152 1165 οὐκ
1166 1138 1304 1171 ἐξεγένετο
1320 1139 1393 1173 αὑτῷ
1407 1147 1413 1155 ·
1429 1138 1496 1166 ἀλλὰ
1510 1141 1523 1166 ὸ
1536 1139 1601 1170 Θεὸς
1620 1139 1670 1170 τὰς
1682 1138 1824 1172 παρολκὰς
1842 1138 1891 1164 τοῦ

1103 1183 1263 1216 Φαυστίνου,
1282 1184 1330 1216 τὰς
1343 1184 1489 1216 ἀνασολὰς,
1509 1185 1572 1214 τοὺς
1598 1183 1828 1218 ὕπερσιὸασμοίις
1844 1184 1891 1217 δη-

1104 1227 1172 1262 λαδὴ
1184 1228 1231 1253 καὶ
1258 1228 1306 1259 τὰς
1324 1227 1487 1262 τριψεργίας
1511 1226 1558 1254 τοῦ
1582 1227 1735 1261 Ἀπιαρίου,
1768 1228 1892 1253 τουτέστι

1103 1273 1154 1305 τὰς
1169 1273 1341 1308 ὑπερθέσεις,
1355 1273 1404 1305 τὰς
1416 1274 1462 1300 ἐπὶ
1496 1274 1553 1305 τοῖς
1570 1272 1659 1308 ἔργοις
1672 1273 1770 1306 τριὸἁς
1799 1273 1891 1298 συντό-

1107 1327 1163 1354 μως
1178 1318 1302 1353 ἐξέτεμε,
1320 1319 1535 1354 παρασκευάσας
1564 1319 1645 1345 αὑτὸν
1669 1318 1838 1352 ὁμολογῆσαι
1861 1318 1892 1343 τὰ

1105 1364 1168 1391 κατ’
1182 1365 1264 1391 αὐτὸν
1277 1365 1448 1400 ἐγκλήματα.
1482 1365 1576 1391 Ταῦτα
1600 1364 1628 1391 δὲ
1671 1364 1746 1396 ὅπως
1770 1365 1892 1398 ἐγένοντο

1105 1409 1275 1442 καταλέξασα
1299 1411 1314 1444 ἡ
1331 1410 1458 1445 ἐπιστολὴ
1479 1410 1575 1444 ἐπάγει
1594 1417 1602 1426 ·
1626 1410 1671 1436 Ἐν
1690 1410 1826 1444 προφάτῳ
1840 1410 1892 1435 τοί-

1105 1463 1164 1486 νυν,
1182 1456 1242 1482 ἀντὶ
1255 1455 1302 1482 τοῦ
1316 1457 1344 1481 ὲν
1359 1455 1569 1491 πρωτολογίαις,
1583 1456 1613 1481 ὲν
1644 1455 1815 1489 προοιμίοις,
1846 1456 1892 1488 τὴν

1107 1501 1283 1536 ἁρμόζουσαν
1299 1509 1340 1527 σοι
1373 1502 1559 1536 προσκύνησιν
1587 1500 1757 1536 πληροῦντες
1793 1502 1891 1535 (ταῦτα

1105 1546 1134 1573 δὲ
1149 1547 1216 1582 πρὸς
1230 1548 1275 1573 τὸν
1304 1547 1475 1581 Κεὶεστῖνον)
1509 1547 1666 1581 ἱκετεύομεν
1694 1547 1731 1581 μὴ
1773 1547 1893 1582 εὐχερῶς

1106 1593 1302 1627 προσδέχεσθαι
1321 1593 1384 1624 τοὺς
1400 1593 1465 1627 παρ’
1485 1592 1562 1628 ήμῶν
1577 1592 1744 1627 γινομένους
1776 1593 1892 1619 ἀκοινω-

1105 1640 1212 1673 νήτους,
1228 1638 1351 1670 καὶτοὺς
1365 1640 1392 1665 ὲν
1404 1640 1437 1674 τῇ
1454 1638 1572 1674 ἐπαρχίᾳ
1593 1638 1682 1665 αὐτῶν
1714 1638 1893 1673 ἐπιτιμηθέν-

1105 1693 1155 1715 τας
1169 1686 1360 1721 ἀκοινωνησίᾳ,
1379 1686 1417 1720 μὴ
1433 1685 1596 1717 σπουδαίως,
1609 1686 1669 1712 ἀντὶ
1695 1685 1743 1712 τοῦ
1774 1686 1890 1720 ταχέως,

1110 1730 1264 1764 συντόμως,
1278 1731 1518 1758 ἀποκαθίστασθαι
1537 1731 1612 1767 παρὰ
1628 1731 1675 1758 σοῦ
1690 1733 1722 1765 τῇ
1753 1731 1893 1764 κοινωνία.

1113 1776 1194 1802 Ἀλλὰ
1207 1777 1254 1803 καὶ
1273 1776 1337 1807 τοὺς
1374 1776 1577 1812 πρεσϐυτέρους
1615 1777 1662 1804 καὶ
1694 1777 1758 1808 τοὺς
1787 1777 1893 1806 λοιποὺς

1108 1821 1268 1856 κληρικοὺς,
1309 1822 1373 1853 τοὺς
1410 1822 1616 1857 ἀποφεύγοντας
1647 1822 1776 1855 ἀναιδῶς,
1814 1822 1894 1858 ἦγον-ν

1107 1867 1198 1898 αἰτίας
1215 1867 1327 1901 εὐλόγου
1340 1867 1594 1902 χωρὶς,διὼκεσθαι
1610 1867 1732 1903 ζητοῦσι,
1761 1868 1810 1894 καὶ
1831 1869 1893 1894 ἁπο-

1108 1912 1288 1940 καθίστασθαι
1303 1914 1360 1944 τοῖς
1374 1913 1535 1944 ἐπισκόποις
1546 1913 1647 1945 αὐτῶν,
1669 1913 1738 1940 ἀλλὰ
1767 1914 1823 1948 μὴν
1851 1914 1894 1940 καὶ

1108 1957 1184 1993 παρὰ
1199 1958 1254 1989 τοῖς
1270 1958 1431 1989 ἐπισκόποις
1446 1958 1536 1984 αὐτῶν
1552 1957 1712 1989 δικάζεσθαι
1728 1959 1793 1990 τοὺς
1830 1958 1893 1992 κλη-

1111 2002 1206 2038 ρικοὺς
1218 2001 1340 2028 αἰτοῦσι.
1356 2001 1502 2037 Μέμνηται
1533 2002 1561 2028 δὲ
1581 2003 1628 2028 κα)⁸
1672 2002 1795 2028 κανόνων
1834 2002 1895 2037 περὶ

1108 2048 1212 2074 τούτων
1222 2048 1271 2081 τῆς
1282 2048 1311 2074 ἐν
1338 2047 1442 2082 Nntan
1477 2048 1600 2080 συνόδου,
1615 2047 1662 2074 καὶ
1673 2048 1793 2082 οὐδαμοῦ
1805 2048 1894 2081 λέγου-

1114 2102 1157 2120 σιν
1174 2093 1318 2129 ὁρισθῆναι
1332 2092 1492 2127 πέμπεσθαι
1505 2093 1581 2128 παρὰ
1601 2093 1648 2119 τοῦ
1664 2093 1766 2119 πάππα
1796 2094 1894 2120 συνδια·

1111 2137 1257 2172 γνώμονας
1271 2137 1319 2164 καὶ
1332 2137 1498 2169 ὲκὸιδαστὰς
1515 2139 1548 2164 ὲκ
1572 2137 1620 2163 τοῦ
1654 2137 1774 2177 πλευροῦ
1815 2137 1895 2164 αὐτοῦ

1110 2184 1171 2219 ἦτοι
1193 2183 1355 2217 ὲγγίζοντας
1369 2184 1445 2219 αὐτῷ
1459 2184 1530 2210 κατὰ
1560 2183 1609 2218 τὴν
1635 2184 1732 2218 τιμὴν,
1761 2185 1824 2210 ἀντὶ
1851 2184 1894 2210 τοῦ

275 2230 308 2256 ad
323 2237 372 2258 nos
388 2231 468 2258 missa
487 2235 561 2263 sunt,
579 2231 740 2258 invenimus.
758 2229 796 2258 Ne
809 2230 897 2259 velitis
910 2231 993 2265 igitur
1008 2231 1053 2259 istc

1113 2228 1303 2264 ἐντιμοτέρους
1317 2230 1364 2256 καὶ
1379 2229 1572 2264 ᾠκειωμένους
1602 2229 1688 2264 αὐτῷ.
1734 2230 1804 2256 Οὐδὲ
1845 2230 1895 2264 γὰρ

276 2275 355 2310 modo
368 2283 457 2310 agere.
473 2283 523 2303 nec
545 2275 634 2303 inanis
650 2275 741 2309 gloria»
757 2275 868 2307 fastum.
887 2275 952 2302 fumi
974 2277 1062 2303 instar

276 2325 494 2354 evanescentem,
507 2322 655 2348 concedere
668 2321 796 2349 Ecclesiae
807 2320 853 2348 Dei
868 2321 973 2348 inferri.
990 2321 1063 2349 Sim-

277 2366 383 2402 plicitas
410 2374 535 2401 namque,
554 2368 640 2398 aiunt,
665 2371 693 2394 et
714 2367 844 2395 demissio
860 2367 954 2400 animi.
977 2367 1063 2394 instar

277 2410 356 2443 lucis,
373 2411 415 2443 iis,
432 2413 477 2446 qui
501 2411 585 2438 Deum
604 2411 702 2439 intueri
722 2412 845 2447 cupiunt,
864 2411 942 2439 aﬁ'ert
965 2411 1035 2439 diem
1055 2420 1062 2438 :

279 2457 329 2484 hoc
341 2461 392 2487 est.
408 2456 488 2483 veluti
507 2455 601 2484 din‘usa
620 2457 664 2482 lux
686 2457 756 2484 diem
772 2456 865 2489 etiicit,
881 2464 913 2483 ac
927 2463 974 2491 per
989 2463 1061 2489 eam,

277 2510 337 2539 qua:
362 2502 487 2530 sensibus
511 2502 708 2537 percipiuntur,
735 2503 828 2530 videre
852 2502 939 2535 licet;
967 2502 1061 2530 eodem

279 2549 357 2577 modo
367 2548 525 2583 simplicitas
536 2555 568 2575 ac
579 2548 716 2575 humilitas
727 2547 812 2575 lucem
825 2548 946 2575 immittit
954 2548 1059 2580 animo,

278 2603 328 2630 qua
345 2594 496 2622 illustratus
514 2595 594 2621 Deum
608 2594 710 2625 videre,
728 2594 779 2621 hoc
798 2597 849 2625 est.
866 2599 994 2628 quantum
1013 2593 1063 2620 Ιιο-

281 2641 346 2669 mini
363 2641 403 2668 fas
419 2645 470 2672 est,
487 2647 651 2675 cognoscere
666 2644 760 2674 queat.

1112 2274 1231 2310 εὕρομεν
1242 2283 1279 2307 τι,
1293 2275 1372 2309 φασὶ,
1389 2275 1512 2302 τοιοῦτον
1533 2276 1562 2301 ὲν
1577 2277 1634 2306 τοῖς
1649 2275 1818 2310 πεμφθεῖσιν
1832 2277 1894 2310 ἡμῖν

1113 2319 1189 2354 παρὰ
1203 2318 1250 2345 τοῦ
1277 2318 1485 2353 Ἀλεξανδρείας
1512 2319 1649 2354 Κυρίλλου
1667 2320 1716 2345 καὶ
1745 2319 1794 2345 τοῦ
1823 2320 1896 2346 Κωνε

1113 2365 1366 2396 σταντινουπόλεως
1388 2365 1526 2392 *Αττικοῦ.
1543 2365 1590 2400 Μὴ
1615 2363 1664 2391 οὖν
1691 2364 1786 2391 θέλετε
1814 2364 1895 2391 ταῦτα

1113 2411 1211 2441 ποιεῖν.
1229 2409 1297 2444 μηδὲ
1312 2410 1490 2444 παραχωρεῖν
1515 2409 1561 2435 τδν
1578 2408 1707 2444 καπνώδη
1732 2408 1817 2443 τῦφον
1846 2409 1895 2434 sis-

1113 2454 1228 2488 ἄγεσθαι
1245 2456 1279 2490 τῇ
1302 2454 1452 2490 Ἐκκλησίᾳ
1470 2453 1517 2480 τοῦ
1531 2453 1609 2485 Θεοῦ,
1621 2453 1670 2487 τὴν
1686 2454 1725 2485 ὡς
1743 2454 1846 2480 καπνὸν
1856 2462 1895 2480 τα·

1117 2502 1188 2536 χέως
1202 2500 1383 2536 διαλυομένην
1406 2500 1453 2527 καὶ
1473 2494 1677 2535 ἀφανιζομένην
1719 2500 1873 2532 κενοδοξίαν
1890 2506 1895 2514 ·

1115 2546 1157 2572 ὅτι
1181 2545 1276 2580 φασὶν,
1293 2545 1309 2579 ἡ
1328 2545 1448 2579 ἁπλότης
1465 2545 1512 2571 καὶ
1529 2546 1544 2576 ἡ
1563 2545 1740 2576 ταπείνωσις,
1769 2545 1806 2576 ὠς
1835 2545 1895 2578 φῶς.

1121 2590 1334 2627 προσφέρειτὴν
1366 2590 1473 2626 ἡμέραν
1510 2592 1567 2622 τοῖς
1599 2590 1724 2617 θέλουσιν
1760 2591 1826 2618 ἰδεῖν
1858 2591 1895 2616 τὶν

1115 2637 1181 2663 Θεόν
1196 2645 1203 2652 ·
1216 2637 1299 2671 ήγουν
1321 2636 1372 2668 ὅτι,
1384 2635 1478 2671 ὥσπερ
1494 2636 1525 2663 τὸ
1549 2636 1607 2669 φῶς
1622 2635 1731 2670 λάμπον
1750 2636 1801 2671 τὴν
1833 2635 1894 2670 ἡμὲ-

281 2695 330 2722 ραν
345 2687 427 2718 ποιεῖ,
447 2686 492 2713 καὶ
506 2685 598 2712 δίδωσι
615 2685 644 2711 τὸ
653 2685 721 2720 όρᾷν
759 2684 793 2710 τὰ
819 2682 948 2718 αἰσθητὰ,
970 2681 1057 2715 οὕτως
1076 2683 1093 2718 ή
1109 2682 1229 2716 ἁπλότης
1243 2680 1290 2707 καὶ
1321 2681 1338 2714 ἡ
1371 2680 1605 2715 ταπεινοφροσύνῃ
1635 2680 1741 2707 δίδωσιν
1771 2680 1895 2715 έλλαμψιι

279 2738 318 2769 τῷ
333 2733 371 2768 νῷ
390 2733 430 2765 είς
442 2733 472 2760 τδ
491 2733 557 2769 δρᾷν
576 2732 622 2759 τὸν
643 2731 720 2764 Θεὸν,
740 2730 883 2757 τουτέστιν
901 2730 938 2761 ὡς
951 2729 1061 2764 ὲφικτδν
1082 2728 1251 2762 κατανοῆσαι
1266 2727 1357 2755 αὐτόν.

279 2780 393 2808 ARIST.
411 2790 422 2808 ι
440 2781 502 2813 Eos,
517 2783 562 2817 qui
575 2790 588 2808 a
601 2781 678 2809 nobis
690 2779 974 2810 excommunicantur.
991 2783 1066 2813 post-

320 2836 329 2853 ι
349 2827 399 2855 hac
423 2827 449 2854 in
475 2828 689 2855 communionem
715 2827 858 2854 admittere
885 2832 919 2852 ne
946 2825 1032 2852 velitis
1057 2833 1064 2851 :

320 2881 329 2897 ι
349 2872 419 2907 quoi
431 2876 456 2901 et
477 2872 502 2899 in
519 2872 622 2907 synodo
642 2871 751 2900 Nicaeus
771 2871 906 2898 decretum
923 2874 975 2897 est.
994 2869 1063 2897 Ecce

1120 2777 1231 2804 ΔΡΙΣΤ.
1250 2785 1259 2801 ι
1278 2776 1347 2807 Τοὺς
1359 2774 1515 2810 παρ’ἡμῶν
1527 2773 1765 2808 ἀποκοινωνήτους
1784 2774 1825 2806 εἰς
1848 2781 1904 2798 χοι-η

1157 2831 1167 2849 ‹
1187 2823 1286 2849 νωνίαν
1295 2822 1325 2849 τδ
1342 2821 1434 2848 λοιπὸν
1452 2821 1489 2856 μὴ
1505 2821 1640 2856 θελήσητε
1677 2819 1895 2854 παραδέξασθαι·

1154 2877 1163 2893 ι
1186 2867 1253 2903 ὅπερ
1264 2869 1309 2894 καὶ
1323 2869 1355 2903 τῇ
1370 2868 1399 2894 ἐν
1413 2867 1515 2902 Νικαίᾳ
1532 2865 1763 2901 συνόδῳ-ὥρισται.
1773 2865 1838 2892 ’1δοῦ
1851 2864 1894 2897 γὰρ
