1909 3075
38 155 86 188 Hi)
244 150 255 153 ’ξ
526 153 567 184 ΙΝ
580 153 662 186 CAN.
681 153 807 186 CXXXV
826 155 932 187 CONC.
952 156 1140 189 CARTHAG.

1600 159 1655 192 450

67 222 76 237 ι
95 212 141 237 καὶ
150 208 307 244 ’Δπιὰριος,
319 207 423 243 δεχθεὶς
433 209 509 242 παρά
520 217 578 241 σου,
586 210 621 244 τῇ
633 209 735 245 συνόδῳ
745 209 822 237 ἀντέ-

914 220 924 237 ι
941 211 1013 238 enim
1026 216 1053 239 et
1067 211 1221 247 Appiarius,
1237 218 1252 238 a
1267 216 1292 240 te
1307 212 1450 245 admissus,
1466 215 1566 249 synodo
1579 216 1657 241 resti-

70 265 80 281 ι
103 263 163 290 στη,
172 254 222 280 καὶ
233 254 313 289 ὕϐριν
329 254 479 288 ὑπήνεγκε,
490 254 537 280 καὶ
549 254 625 286 τέλος
635 255 821 290 μετεστράφη,

74 311 82 327 ι
103 301 149 327 καὶ
165 300 264 326 ἑαυτὸν
276 299 384 334 ἤλεγξε,
400 300 556 335 καταλήξας
567 301 608 332 εἰς
623 300 819 335 στεναγμούς.»

71 347 218 382 Δεξάμενοι
237 347 263 372 οἱ
280 346 403 380 Πατέρες
417 342 492 373 οὗτοι
508 347 541 372 τὰ
554 346 600 373 ῐσα
622 348 672 380 τῆς
710 347 740 373 ἐν
771 346 822 372 Νι-

38 393 102 428 καία
119 393 232 419 συνόδου
249 391 425 427 ἀναμφίὸολά
440 400 469 418 τε
486 393 534 418 καὶ
558 392 741 427 ἀληθέστατα,
775 392 823 419 καὶ

38 440 75 473 μὴ
88 439 219 472 εὑρόντες
248 439 278 463 ὲν
310 439 367 468 τοῖς
392 438 504 464 κανόσιν
533 437 619 472 αὐτῆς
655 437 762 473 ὁρισθὲν
793 439 823 465 τὺ

39 485 107 519 παρὰ
121 485 228 511 πάππα
248 483 294 510 τοῦ
313 483 471 510 στέλλεσθαι
497 483 639 518 ὑπηρέτας
667 483 761 516 αὑτοῦ,
775 484 823 510 καὶ

37 531 82 562 τὰς
97 530 253 564 ἐκκλήτους
264 530 319 556 τῶν
334 529 494 556 ἐπισκόπων
510 529 526 564 ἢ
553 529 693 565 κληρικῶν
715 530 821 564 γυμνά-

37 577 126 608 ζεσθαί
142 577 212 612 παρ’
225 576 319 608 αὐτοῖς
332 583 340 591 ·
360 575 484 611 ἔγραψαν
507 576 576 610 πρὸς
593 575 638 602 τδν
663 575 823 603 Κελεστίνον

38 622 79 647 τὸν
92 622 213 648 πάππαν
237 621 359 656 Ῥώμης,
376 621 475 654 μηκέτι
491 621 555 650 τοὺς
570 621 636 656 παρ’
648 621 740 648 αὐτῶν
755 622 823 656 ἀφο-

38 664 198 700 ριζομὲνους
216 665 338 700 εὐχερῶς
368 664 412 699 δὴ,
439 665 486 691 καὶ
515 664 609 696 καθὼς
629 665 658 691 οὐ
688 665 753 700 χρὴ,
783 667 823 697 είς

38 711 176 738 κοινωνίαν
201 711 401 745 ἁποκαθιστᾷν,
430 711 446 746 ἢ
465 710 513 742 τὰς
533 710 682 746 ἐκκλήτους
697 710 822 745 δέχεσθαι

39 757 296 791 τῶνὲπισκόπωνῆ
321 756 471 791 κληρικῶν,
503 755 559 782 τῶν
591 757 630 788 εις
665 755 824 791 καθαίρεσιν

40 803 98 837 παρ’
123 803 219 829 αὐτῶν
236 802 491 828 καταδικασθέντων
508 809 515 817 ·
548 801 596 828 καὶ
623 801 824 837 πρεσϐυτέρους

40 849 115 880 laico;
132 848 272 881 στέλλειν,
286 849 332 874 καὶ
347 847 396 883 τὴν
421 848 471 882 τῆς
488 847 622 882 ὲκκλὴτου
659 847 823 882 δοκιμασίαν

909 265 920 282 ι
938 258 980 289 tit,
994 262 1021 285 et
1034 258 1159 292 injuriam
1171 257 1272 289 attulit.
1285 262 1312 285 et
1324 259 1430 285 tandem
1442 266 1591 287 conversus
1601 265 1653 293 est,

911 312 920 328 ι
939 307 967 329 et
981 303 1097 336 seipsum
1109 303 1293 337 reprehendit,
1307 304 1431 336 suspiriis
1444 304 1580 332 desinens.
1600 315 1609 331 ι

909 347 1003 375 Patres
1024 348 1051 375 hi
1065 348 1214 376 indubitata
1229 353 1257 375 et
1272 348 1412 376 verissima
1431 351 1524 385 synodi
1538 350 1655 378 Nlcaenaa

873 394 1037 428 exemplaria
1058 394 1230 428 recipientes,
1250 394 1277 420 in
1295 395 1444 422 canonibus
1461 395 1532 422 illius
1547 404 1601 423 non
1616 397 1657 423 iu-

873 440 1012 467 venientes
1037 440 1184 472 decretuut,
1207 445 1235 467 ut
1257 447 1271 467 a
1301 448 1367 474 papa
1396 442 1568 468 mitterentur
1592 442 1651 475 ejus

875 484 1002 517 ministri,
1015 489 1042 511 et
1053 484 1242 519 episcoporum
1253 489 1280 511 et
1291 485 1450 511 clericorum
1464 485 1656 519 appellationes

873 529 942 563 apud
960 537 1005 556 eos
1017 535 1219 562 exercerentur,
1239 530 1272 557 ad
1284 530 1446 557 Celestinum
1458 530 1550 558 Romae
1560 539 1655 566 papam

873 575 1051 610 scripserunt,
1065 581 1094 602 ut
1108 580 1200 610 postea
1221 577 1254 602 ab
1273 576 1340 609 ipsis
1354 581 1508 610 srgregatos
1529 576 1619 608 facile,
1631 581 1658 603 et

874 626 967 648 utnon
983 622 1069 653 decet,
1084 622 1110 648 in
1123 621 1340 648 communionem
1355 629 1407 648 non
1428 623 1593 653 restitueret,
1609 629 1658 648 nec

874 665 1061 700 episeoporum
1077 670 1123 692 aut
1143 665 1304 693 clericorum
1324 666 1358 693 ab
1374 667 1440 700 ipsis
1459 667 1491 693 ad
1512 667 1658 700 depositio-

874 717 937 736 nem
955 710 1194 737 condcmnatorum
1215 710 1423 745 appellationem
1448 712 1591 745 reciperet,
1610 719 1659 738 nec

874 755 1048 790 presbyteros
1060 762 1124 782 suos
1146 755 1280 787 mitteret;
1298 761 1326 783 et
1340 757 1372 783 iis
1393 757 1582 791 appellationis
1596 765 1659 784 exa-

874 801 1050 828 ntinationem
1076 801 1269 834 committeret,
1293 801 1340 828 sed
1366 806 1394 828 ut
1414 802 1656 829 condemnatorum

876 847 1064 881 unusquisque
1087 847 1121 874 ad
1142 847 1258 882 propria:
1272 847 1418 882 provincia:
1438 848 1554 882 synodos
1568 848 1659 882 appel-

38 894 194 921 ἀνατιθέναι
221 894 337 925 αὐτοῖς’
379 892 439 920 ἀλλ’
454 893 570 919 ἕκαστον
594 892 648 919 τῶν
675 893 822 919 καταδικα-

888 896 952 925 aret,
963 891 985 918 si
1000 891 1089 924 vellet,
1105 891 1146 919 vel
1160 892 1242 919 etiam
1254 892 1287 918 ad
1300 891 1656 926 synodummcuinenicatn;

40 941 155 966 σθέντων
172 940 245 975 πρὸς
261 939 311 970 τὰς
329 938 457 970 συνόδους
469 938 518 974 τῆς
536 938 604 969 ιδίας
619 938 757 973 ἐπαρχίας
774 939 821 964 έκ-

38 985 187 1019 καλείσθαι,
205 987 229 1012 εί
246 985 384 1020 βούλεται,
404 984 474 1018 ἢὲτι
492 983 546 1019 μὴν
574 984 642 1018 πρὸς
671 984 824 1018 οικουμενι-

37 1031 85 1066 κὴν
98 1031 210 1057 σύνοδον
224 1038 232 1045 '
248 1030 292 1056 ἵνα
307 1031 345 1065 μὴ
357 1029 490 1064 κοσμικὴν
509 1029 593 1063 τῦφον
621 1030 655 1064 τῇ
678 1028 726 1056 τοῦ
754 1029 823 1064 Χρι-

37 1077 97 1103 στοῦ
112 1075 266 1111 Ἐκκλησία
278 1075 401 1108 εἰσάγειν
409 1074 482 1110 δόξῃ.
494 1074 676 1109 Παρέστησαν
689 1073 717 1100 δὲ
732 1073 822 1106 τοῦτο,

36 1123 64 1148 τὸ
81 1123 110 1155 ἐξ
126 1122 217 1157 ἔργων
233 1120 324 1147 αὐτῶν
337 1121 384 1147 καὶ
397 1120 476 1155 ὕϐριν
491 1122 552 1151 ταῖς
574 1120 748 1156 Ἐκκλησίαις
772 1122 823 1147 ἰπ-

39 1169 105 1202 άγον
120 1176 126 1183 ·
140 1168 187 1194 τδν
205 1168 260 1202 γὰρ
275 1166 460 1202 πρεσὸύτερον
491 1166 641 1201 ’Δπιάριον,
672 1167 704 1192 ὲκ
719 1167 770 1201 τῆς
795 1167 823 1193 ἐν

37 1215 122 1250 Σὶκκῃ
141 1213 309 1248 Ἐκκλησῐας
322 1211 521 1248 ἁποκινηοέντα
538 1211 571 1238 δι’
582 1212 708 1245 εὐλόγους
722 1213 822 1245 αἰτίας,

36 1259 93 1288 εἶτα
109 1261 185 1296 αὐτῷ
200 1261 233 1296 δὴ
245 1260 282 1295 τῷ
309 1261 465 1295 Κελεστίνῳ
496 1260 534 1295 τῷ
566 1259 676 1295 Ῥώμης
706 1260 823 1295 προσελ-

35 1308 128 1340 θόντα,
149 1309 197 1334 καὶ
213 1306 278 1342 παρ’
295 1306 378 1332 αὐτοῦ
393 1305 534 1341 δεχθέντα,
551 1307 598 1332 καὶ
625 1306 695 1340 μετὰ
709 1306 824 1333 Φαυστί-

35 1362 80 1379 νου
96 1352 144 1379 τοῦ
160 1353 313 1379 ἐπισκόπου
329 1352 459 1379 σταλέντα
475 1352 545 1388 πρὸς
555 1351 604 1386 τὴν
619 1352 764 1387 Ἀφρικὴν,
776 1351 824 1378 ἐπὶ

35 1399 70 1433 τῷ
83 1397 252 1433 ἀποδοθῆναι
270 1398 350 1424 αὑτὸν
366 1395 444 1428 αὖθις
459 1397 498 1432 τῷ
511 1397 712 1432 πρεσϐυτερίῳ,
728 1397 825 1430 κατεξ-

37 1444 185 1479 ετασῦῆναι
201 1443 231 1469 δὲ
254 1443 304 1470 καὶ
319 1443 354 1469 τὰ
364 1443 429 1477 παρ’
443 1442 533 1469 αὐτῶν
548 1442 579 1476 δὴ
598 1442 652 1468 τῶν
678 1442 825 1477 Θαραῦρα-

38 1489 126 1523 κητῶν
142 1489 205 1515 κατ’
221 1488 305 1515 αὐτοῦ
328 1487 507 1523 ἐπενεχθέντα
529 1487 689 1522 ὲγκλῂματα
702 1495 709 1502 ·
747 1489 825 1514 ἀναι-

40 1536 218 1569 σχυντότερον
238 1535 334 1561 τοῦτον
350 1535 381 1560 τὸ
408 1534 574 1566 σπουδαίως,
588 1534 635 1560 καὶ
649 1533 686 1565 ὡς
699 1533 749 1559 οὐκ
758 1533 822 1566 ἔδει,
838 1553 861 1584 G

38 1582 74 1612 είς
99 1582 247 1608 κοινωνίαν
275 1581 481 1616 παραδεχοῆναι
509 1581 675 1614 κατέστησε,
716 1580 763 1606 καὶ
788 1580 822 1615 τῇ

38 1628 136 1662 συνόδῳ
151 1627 246 1663 ὕϐρεις
259 1628 408 1662 ἐπάγοντα,
425 1627 462 1658 ὡς
480 1626 518 1662 μὴ
535 1626 680 1661 δεχόμενον
694 1625 759 1660 παρ’
774 1625 824 1652 αὺ-

39 1675 94 1710 τῆς,
113 1675 157 1701 διὰ
169 1677 201 1702 τὸ
212 1675 277 1705 τοὺς
293 1674 465 1709 κατηγόρους
481 1673 553 1699 κατὰ
578 1672 725 1707 πρόσωπον
741 1671 822 1698 αὑτοῦ

38 1720 174 1753 ἰστασθαι,
187 1722 234 1747 καὶ
246 1720 409 1755 ἀπελέγχειν
434 1719 529 1750 αὑτὸν,
545 1719 593 1744 καὶ
621 1718 689 1753 μετὰ
721 1717 821 1749 πολλὰς

39 1766 190 1801 ἀντιλογίας
206 1767 254 1792 καὶ¹
285 1764 481 1799 ἀναισχύντους
496 1763 625 1798 ἀρνήσεις
656 1770 822 1798 στενοχωρη-

873 944 908 964 ne
923 936 1079 974 saecularem
1097 937 1197 964 fastum
1213 937 1240 964 in
1253 937 1355 964 Christi
1368 937 1517 964 Ecclesiam
1536 938 1658 965 introdu-

874 988 937 1009 cere
960 981 1107 1010 videretur.
1133 982 1186 1010 Sed
1209 982 1274 1010 illud
1290 983 1371 1009 etiam
1388 983 1471 1018 678
1497 983 1656 1010 inmedium

873 1028 1068 1063 producebant,
1083 1029 1153 1062 quod
1169 1036 1202 1056 ex
1221 1029 1371 1056 istiusmodi
1390 1030 1520 1064 operibus
1536 1029 1656 1057 Ecclesia

875 1073 1039 1101 contumelia
1054 1073 1217 1101 adiceretur.
1232 1074 1300 1101 Nam
1316 1074 1455 1108 Apiarium
1470 1075 1657 1109 presbyterum

875 1117 960 1145 Sicca!
985 1118 1110 1146 Ecclesia:
1130 1119 1164 1146 ob
1178 1119 1267 1153 justas
1291 1126 1387 1146 causas
1410 1123 1539 1152 amotum,
1563 1121 1659 1149 deinde
1693 1129 1698 1132 '

874 1164 907 1191 ad
921 1164 1007 1198 ipsum
1018 1164 1183 1191 Celestinum
1199 1162 1291 1192 Roma:
1302 1166 1458 1200 episcopum
1473 1167 1656 1199 accedentem,

874 1214 901 1237 et
916 1210 950 1237 ab
974 1217 1007 1238 eo
1027 1215 1180 1244 acceptum,
1198 1215 1227 1237 et
1243 1218 1303 1237 cum
1323 1210 1453 1239 Faustino
1474 1212 1601 1246 episcopo
1625 1213 1657 1239 ad

873 1255 992 1282 Africam
1010 1255 1135 1287 missum,
1151 1259 1179 1282 ut
1194 1256 1362 1291 presbyterio
1378 1255 1434 1290 ipse
1452 1256 1550 1284 iterum
1565 1258 1659 1284 redde-

875 1306 961 1334 retur,
977 1309 1036 1336 quae
1051 1306 1141 1329 autem
1158 1302 1192 1329 ab
1206 1301 1272 1337 ipsis
1287 1300 1502 1330 Tharabrareuis
1517 1304 1540 1329 ei
1555 1304 1659 1338 objcCta

874 1345 983 1373 fuerant
1000 1345 1114 1373 crimina
1140 1346 1374 1377 examinarentur,
1391 1345 1657 1379 impudentissimum

875 1392 956 1420 istum
972 1398 1098 1426 propere,
1112 1395 1139 1418 et
1160 1396 1189 1417 ut
1206 1398 1260 1418 non
1277 1391 1430 1425 oportebat,
1443 1391 1476 1418 ad
1492 1391 1659 1418 communio-

874 1445 936 1464 nem
961 1438 1043 1471 recipi
1070 1437 1221 1469 constituil,
1247 1437 1328 1464 etiam
1355 1436 1458 1472 synodo
1481 1437 1659 1465 contumelias

874 1483 1049 1518 alﬂigentem,
1065 1487 1093 1509 ut
1108 1483 1142 1510 ab
1157 1490 1187 1509 ea
1207 1490 1259 1509 non
1277 1488 1428 1516 aeceptum,
1443 1490 1475 1510 eo
1490 1483 1560 1517 quod
1578 1491 1660 1511 accu-

875 1534 980 1556 satores
1000 1528 1058 1563 ejus
1073 1535 1162 1560 coram
1181 1528 1300 1559 stabant,
1318 1533 1345 1555 et
1365 1535 1426 1554 eutn
1443 1528 1654 1560 convincebant,

876 1575 920 1609 qui
937 1579 995 1609 post
1016 1575 1114 1602 multos
1132 1574 1363 1601 contradictiones
1380 1578 1407 1601 et
1424 1575 1595 1609 impudentes
1612 1575 1660 1601 de-

875 1621 1042 1656 negationes,
1055 1621 1221 1655 argumentis
1233 1620 1337 1655 pariter
1351 1625 1378 1647 et
1393 1620 1500 1654 propria
1515 1619 1659 1647 conscien-

876 1666 912 1693 tia
936 1665 964 1692 in
991 1666 1127 1700 angustias
1156 1665 1329 1700 compulsus,
1362 1665 1476 1692 crimina
1503 1666 1528 1693 ei
1556 1665 1658 1699 objecta

874 1711 981 1746 publice
1004 1710 1152 1744 confessus,
1167 1715 1194 1738 et
1218 1711 1245 1738 in
1266 1710 1381 1746 suspiria
1406 1718 1553 1740 conversus
1574 1718 1657 1741 estet

875 1755 1019 1790 lacrymas.

38 1815 115 1843 θέντα
138 1814 194 1841 ὑπό
211 1823 240 1840 τε
268 1813 323 1840 τῶν
353 1813 475 1847 ἐλέγχων
498 1812 545 1839 καὶ
576 1812 625 1847 τῆς
652 1811 722 1843 ιδίας
758 1812 947 1849 συνειδήσεως,
966 1814 1085 1851 δημοσία
1119 1815 1326 1851 ὁμολογήσαντα
1352 1816 1388 1843 τὰ
1419 1817 1479 1844 κατ’
1493 1818 1574 1846 αὐτοῦ
1592 1828 1658 1855 προ-

39 1863 150 1890 τεθέντα
166 1861 341 1896 ἑγκλήματα,
371 1859 419 1886 καὶ
451 1859 492 1891 είς
523 1859 692 1890 στεναγμοὺς
723 1859 949 1894 μεταστραφέντα
962 1861 1010 1894 καὶ
1024 1860 1141 1895 δάκρυα.

43 1977 89 2003 ‘Ex
108 1974 171 2001 τῶν
181 1972 377 2008 πραχθέντων
390 1970 612 2006 ὑπομνημάτων
625 1970 660 1997 ἐν
667 1971 826 1999 Kay-crtar-

68 2018 476 2053 τινουπολειπσρὶᾊγαπίου
501 2016 550 2044 καὶ
573 2016 729 2050 Βαταόίου,
758 2017 825 2045 ἐκα-

67 2067 156 2103 τέρου
182 2065 385 2101 ἀντεχομένου
402 2065 457 2099 τῆς
477 2061 646 2097 ἐπισκοπῆς
675 2064 825 2099 Βόστρων.

40 2149 48 2164 ι
69 2139 132 2166 Ἐπὶ
144 2137 280 2167 ὑπατείας
293 2135 347 2162 τῶν
361 2133 566 2162 εὐσεὸεστάτων
575 2134 625 2161 καὶ
646 2133 823 2168 θεοφιλεστά-

71 2195 81 2211 ι
105 2193 162 2211 των
183 2182 316 2218 βασιλέων
328 2180 407 2216 ἡμῶν
418 2179 535 2206 Φλαῦίου
555 2179 826 2215 ’Δρκαδίου,Αὺγού-

879 1974 921 2002 Ea:
941 1976 1113 2003 monumenti:
1129 1980 1247 2003 actorum
1265 1975 1493 2010 Constantinopoli
1511 1977 1543 2004 de
1556 1977 1657 2013 Agario

916 2025 941 2047 et
973 2021 1113 2056 Bagadio,
1150 2027 1257 2057 utroque
1293 2022 1440 2048 vindicant:
1480 2021 1658 2057 episcopatum

909 2067 1023 2095 Bortm.

876 2147 885 2163 ι
906 2138 934 2165 ln
949 2138 1093 2166 consulatu
1112 2138 1377 2174 religiosissimorum
1393 2142 1420 2165 et
1437 2137 1484 2166 Dei
1497 2138 1654 2166 amantissi-

914 2193 924 2210 ι
942 2191 1047 2211 morum
1074 2185 1267 2218 imperatorum
1297 2188 1451 2211 nostrorum
1478 2183 1518 2210 Fl.
1545 2183 1656 2211 Arcadii

71 2239 81 2256 ι
105 2238 172 2256 στου
184 2228 224 2263 τῷ
234 2227 328 2262 τρίτῳ,
341 2225 517 2260 καὶὪνορίου
526 2224 564 2260 τῷ
574 2225 703 2260 δευτέρῳ,
720 2225 758 2260 τῷ
770 2225 822 2260 πρὸ

911 2238 921 2255 ι
939 2229 1055 2264 Augusti
1074 2229 1196 2260 tertium,
1212 2233 1239 2256 et
1261 2228 1370 2256 Honorii
1393 2229 1552 2260 secundum,
1575 2229 1608 2256 Δ.
1625 2229 1656 2256 D.

69 2285 78 2301 ι
102 2275 189 2310 τριῶν
201 2272 342 2299 καλανδῶν
364 2271 550 2309 Ὀκτωϐρίων,
568 2271 598 2296 ἐν
620 2270 660 2305 τῷ
685 2278 821 2305 φωτιστη-

68 2331 78 2347 ι
102 2321 157 2356 ρίῳ
170 2320 222 2354 τῆς
234 2319 264 2344 ὲν
274 2317 560 2344 Κωνσταντινουπόλει
572 2316 726 2351 ἁγιωτάτης
760 2315 822 2342 Ἐκ-

69 2377 78 2393 ι
102 2365 232 2400 κλησίας,
248 2363 436 2391 καθεσθέντων
450 2362 505 2389 τῶν
520 2363 679 2395 ἁγιωτάτων
710 2361 823 2388 ἐπισκό-

69 2422 78 2439 ι
102 2421 165 2439 πων
182 2410 337 2446 Νεκταρίου
353 2407 676 2440 Κωνσταντινουπόλεως,
692 2407 821 2441 Θεοφίλου

70 2467 81 2484 ι
112 2455 336 2491 Ἀλεξανδρείας,
353 2453 695 2492 φλαῦιανοῡἈντιοχείας,
723 2453 824 2480 Παλλα-

71 2513 80 2530 ι
104 2503 164 2530 δίου
182 2501 354 2536 Καισαρείας
366 2500 579 2532 Καππαδοκίας,
611 2499 741 2525 Γελασίου
752 2499 822 2526 Και-

71 2560 81 2577 ‹
106 2550 225 2585 σαρείας
236 2547 430 2582 Παλαιστίνης,
445 2545 598 2581 Γρηγορίου
620 2544 741 2580 Νύσσης,
757 2544 822 2579 ’Δμ-

69 2607 79 2622 ι
101 2595 228 2630 φιλοχίου
245 2593 372 2624 Ἰκονίου,
392 2592 499 2619 Παύλου
521 2591 706 2626 Ἡρακλείας,
741 2590 822 2626 ’Δρα-

70 2651 81 2667 ε
103 2638 202 2667 σιανοῦ
226 2638 374 2674 Ἀγκύρας,
389 2638 538 2672 Ἄμμωνος
567 2635 821 2671 Ἀδριανουπόλεως,

70 2697 79 2713 ι
105 2685 243 2720 Φαλερίου
255 2683 375 2719 Ταρσοῦ,
387 2683 504 2711 Λουκίου
522 2682 710 2717 Ἰερατιόλεως,
733 2681 823 2707 Ἐλπι-

70 2743 79 2760 ι
102 2734 161 2759 ὀίου
176 2732 352 2763 Λαοδικείας,
369 2730 477 2757 Παύλου
500 2728 694 2763 ’Δλεξανδρῶν,
712 2727 823 2754 Διοσκό-

69 2788 79 2804 ι
103 2786 152 2813 ρου
195 2776 419 2812 Ἐρμουπόλεως,
470 2773 622 2808 Προϐατίου
661 2772 820 2807 Βερονίκης,

71 2834 80 2851 ι
103 2823 249 2858 Θεοδώρου
296 2820 497 2856 Μοψουεστὶας,
540 2819 618 2851 Βίζου
648 2818 820 2850 Σελευκείας,

70 2880 79 2896 ι
106 2869 265 2900 Ἐπαγάθου
281 2866 560 2901 Μαρκιανουπόλεως,
572 2864 714 2900 Γεροντίου
729 2864 821 2891 Κλαυ-

914 2283 923 2300 ι
943 2275 1023 2303 tertio
1040 2274 1166 2301 calendas
1183 2273 1307 2302 Octobris
1326 2275 1351 2301 in
1367 2274 1529 2309 Baptislerio
1542 2275 1656 2303 sanctis-

914 2328 924 2345 ι
943 2319 1019 2347 sima
1039 2318 1346 2353 Constantinopolitauaa
1368 2319 1505 2352 Ecclesiaa,
1534 2321 1656 2348 sedenti-

916 2373 926 2390 ι
945 2365 996 2392 bus
1011 2365 1191 2392 sanctissimis
1206 2365 1353 2399 episcopis,
1371 2365 1499 2393 Nectario
1518 2365 1656 2394 Conslan-

913 2419 921 2436 ι
943 2410 1128 2445 tinopolitano,
1145 2410 1296 2445 Tlteopltilo
1315 2411 1507 2443 Alexandrino,
1525 2410 1657 2439 Flaviano

911 2464 920 2480 ι
939 2455 1128 2488 Antioclteno,
1156 2454 1276 2482 Palladio
1309 2455 1437 2482 Caesareae
1463 2455 1656 2490 Cappadociae,

912 2510 922 2527 ι
940 2500 1048 2529 Gelasio
1063 2501 1194 2528 Caesarea:
1215 2499 1375 2532 Palaestina},
1400 2500 1531 2535 Gregorio
1555 2495 1661 2536 Nyssaa,

912 2556 922 2573 ι
942 2546 1130 2582 Atupltilochio
1144 2546 1237 2577 lc0nii,
1256 2547 1338 2574 Paulo
1355 2547 1502 2579 Heracleae,
1521 2547 1658 2573 Arabiano

911 2602 920 2618 ι
939 2594 1065 2628 Ancyrae,
1076 2593 1209 2619 Ammone
1220 2592 1418 2627 Adrianopolis,
1431 2591 1555 2619 Phalerio
1567 2591 1656 2623 Tarsi,

917 2647 927 2664 ι
946 2637 1031 2665 Lucio
1068 2637 1229 2672 Hicrapulis,
1259 2638 1365 2672 Elpidiu
1392 2637 1549 2668 Laodicteae.
1577 2637 1659 2664 Paulo

913 2692 923 2710 ι
942 2683 1169 2715 Alexandrorum,
1188 2682 1316 2710 Dioscoro
1331 2682 1512 2716 Hermopolis,
1531 2681 1659 2709 Probatio

912 2739 922 2756 ι
939 2728 1093 2762 Beronices,
1115 2728 1259 2756 Theodoro
1275 2727 1454 2760 Mopsuestia,
1477 2725 1541 2753 Bizo
1565 2725 1658 2754 Seleu-

909 2784 918 2800 ι
937 2775 996 2807 ciae,
1011 2773 1152 2810 Epagatho
1174 2772 1390 2807 Marcianopolis,
1414 2771 1547 2798 Gerontio
1571 2770 1656 2798 Clau-

909 2830 919 2846 ι
938 2820 1099 2855 dianopolis,
1122 2826 1150 2847 et
1168 2819 1231 2846 aliis
1248 2819 1362 2846 diversis
1385 2817 1530 2852 episcopis,
1553 2823 1580 2845 et
1598 2819 1658 2845 uui-

911 2876 920 2893 ‹
939 2874 1018 2896 verso
1041 2867 1137 2896 ordine
1157 2865 1339 2899 sacerdotali;
1356 2865 1498 2894 Nectarius
1514 2864 1658 2899 episcopus
