1909 3075
57 108 105 141 £53

91 174 100 192 ι
123 165 274 197 ἐπίσκοπος
306 164 469 201 Ἀντιοχείας

543 110 584 140 ΙΝ
605 109 687 140 CAN.
709 107 837 141 CXXXV
855 108 958 142 CONC.
978 110 1167 142 CARTHAG.

523 162 617 191 εἶπεν·
650 164 741 198 "Amp
767 164 911 191 κατέθεντο
932 166 956 191 ot
980 165 1043 200 περὶ
1077 166 1123 192 τὸν
1143 165 1295 199 ἁγιώτατον
1329 167 1478 194 ἐπίσκοπον
1513 166 1669 201 Νεκτάριον

1618 106 1672 138 454

80 220 89 238 ι
107 211 154 238 καὶ
171 211 216 237 τὸν
229 209 380 244 ἁγιώτατον
395 211 441 236 καὶ
457 209 604 236 ὁσιώτατον
614 209 764 236 ἐπίσκοπον
776 209 915 244 Θεόφιλον,
931 209 1008 244 δῆλα.
1027 211 1079 236 Καὶ
1096 210 1244 245 στέργομεν
1255 211 1354 244 πάντες
1366 213 1390 238 οί
1406 212 1636 248 ὲκκλησιαστικοί.
1655 221 1666 238 ι

78 256 172 283 ΒΑΛΣ.
191 256 246 283 Τοῦ
261 256 415 282 ἐπισκόπου
438 255 564 290 Βόστρων
583 254 717 288 Βαγαδίου
731 255 820 281 καθαι-

916 254 1017 282 BALS.
1048 256 1113 282 Cum
1141 255 1273 290 Bagadiiia
1300 256 1456 284 nostrorum
1479 258 1623 292 episcopus
1651 265 1666 285 a

50 303 165 338 ρεθὲντος
187 302 266 337 παρὰ
278 301 325 328 δύο
339 301 501 328 ἐπισκόπων
528 302 576 327 καὶ
604 300 774 335 μονομερῶς,
786 300 829 326 λό-

48 357 89 382 γος
100 348 210 381 ἐγένετο
239 347 316 382 παρὰ
329 349 361 382 τῇ
377 348 405 373 ὲν
418 346 687 372 Κωνστανινουπόλει
716 346 827 381 συνόδῳ,

47 394 164 428 περὶτοῦ
180 394 204 419 εί
226 393 317 424 καλῶς
350 393 461 427 γέγονεν
488 393 503 426 ἡ
531 392 645 426 τοιαύτη
657 391 828 426 καθαίρεσις,

47 439 265 473 ἀντιποιουμένου
295 437 344 465 τοῦ
377 437 561 472 ψηφισθέντος
598 437 730 470 Ἀγαπίου
756 437 827 472 ὑπὲρ

47 484 90 518 τῆς
107 486 227 518 κρίσεως
247 493 255 501 ο
276 485 323 510 καὶ
339 483 490 518 διεγνώσθη
507 483 685 510 ὰκανόνιστον
696 481 827 515 εἶναιτὴν

47 529 214 561 καθαίρεσιν,
229 529 269 559 ὼς
286 530 324 564 μὴ
353 529 516 563 ὀφειλόντων
536 528 602 562 ξδύο,
625 528 693 555 ἀλλά
723 528 827 553 πολλῶν

47 576 132 609 τηρεῖν
154 575 190 601 τὰ
209 575 280 601 κατὰ
294 575 347 601 τῶν
360 575 518 601 ἐπισκόπων
537 573 682 608 λεγόμενα.
724 573 759 599 Σὺ
797 572 827 599 δὲ

46 619 156 653 γίνωσκε
169 621 212 646 ὅτι
231 621 248 655 ἡ
270 619 384 654 τοιαύτη
400 620 546 653 διάγνωσις
562 620 612 645 οὐκ
627 619 684 653 ἔχει
708 619 738 644 τὸ
749 620 826 653 ἐνερ-

46 666 87 698 γὸν
101 667 234 700 σήμερον.
255 666 322 692 Ἀπὸ
337 666 392 700 γὰρ
405 665 452 691 τοῦ
469 664 502 699 ιβ’
513 664 626 695 κανόνος
641 664 692 699 τῆς
707 664 736 690 ἑν
753 664 827 698 Καρ-

46 711 139 747 θαγὲνῃ
159 711 282 744 συνόδου,
313 711 547 747 μεταγενεστέρας
562 710 644 744 οὔσης
663 710 732 736 κατὰ
748 709 825 741 πολὺ,

45 756 74 782 τὰ
89 758 158 783 κατὰ.
169 758 224 783 τῶν
245 757 404 784 ἐπισκόπων
438 756 632 791 ὲγκληματικὰ
659 756 826 790 δικαστήρια

45 801 112 834 παρὰ
139 801 246 829 δώδεκα
274 802 433 829 ἐπισκόπων
469 801 665 836 γυμνάζονται.
681 802 735 828 Καὶ
759 801 825 828 ἀνᾶ-

45 847 121 880 γνωθι
136 849 182 874 τὸν
195 849 317 875 τοιοῦτον
329 849 442 875 κανόνα.
460 847 579 874 Γίνωσκε
595 847 624 873 δὲ
656 847 696 873 ὅτι
732 848 748 882 ὴ
773 847 822 880 μὲν

883 301 987 328 duobus
1002 302 1066 328 solis
1083 302 1217 337 episcopis
1235 303 1371 337 depositus
1386 307 1468 334 esset,
1486 304 1612 337 agitatum
1625 308 1668 330 est

882 347 909 374 in
932 349 1035 382 synodo
1053 349 1367 382 Constantinopolitana,
1392 357 1426 375 an
1447 356 1478 376 ea
1499 354 1571 376 recte
1595 349 1664 376 facta

882 396 955 418 esset
969 393 1110 426 depositio.
1127 394 1214 420 electo
1233 394 1336 428 Agapio
1353 394 1483 428 judicium
1508 399 1600 421 tuente
1617 403 1623 421 :
1639 400 1667 422 et

882 439 1084 471 pronuntiatum
1098 443 1140 465 est
1162 438 1356 472 depositionein
1381 447 1432 466 non
1452 439 1536 466 fuisse
1550 428 1666 466 cationi-

881 488 950 514 cam,
964 483 1058 517 'utpote
1075 490 1136 510 cum
1160 491 1214 510 non
1236 484 1298 516 duo,
1317 484 1363 511 sed
1381 485 1457 511 inulti
1475 486 1605 512 deberent
1621 492 1662 516 ea,

881 534 940 561 qum
965 528 1094 556 adversus
1117 530 1258 565 episcopos
1283 531 1417 564 dicuntur,
1442 532 1598 566 dijiidicare.
1623 532 1663 559 Tu

881 577 970 600 autem
992 574 1063 601 scias
1085 574 1155 602 hanc
1171 577 1388 603 constitutionem
1410 578 1464 604 vim
1482 585 1559 604 suam
1584 578 1664 606 hodie

881 625 934 644 non
953 618 1086 647 obtinere.
1109 620 1132 646 Δ
1149 621 1305 649 duodecimo
1331 623 1402 649 enim
1423 631 1526 651 canone
1549 623 1663 651 Cartha-

881 663 1123 700 giniensissynodi,
1135 675 1194 700 quae
1202 672 1244 694 est
1256 667 1340 695 multo
1353 669 1498 703 posterior,
1511 669 1662 697 criminalia

879 708 1064 743 episcoporum
1082 710 1180 744 judicia
1196 719 1211 738 a
1228 713 1367 739 duodecim
1383 713 1515 747 episcopis
1532 721 1663 741 exercen-

880 757 934 780 tur.
949 752 982 780 Et
997 754 1054 789 lege
1077 761 1137 781 eum
1160 763 1302 783 caiionem.
1327 756 1403 784 Seius
1420 765 1494 790 vero,
1516 759 1588 792 quod
1607 759 1663 786 haec

880 802 987 835 quidem
1006 803 1129 837 synodus
1144 804 1193 830 sub
1207 805 1324 832 Arcadio
1339 805 1500 840 imperatore
1515 806 1586 834 facta
1601 812 1642 834 est
1656 817 1663 834 τ

876 846 1110 882 Carthaginiensis
1132 857 1206 882 vero,
1230 855 1357 886 regnante
1381 851 1663 886 Theodosiojiiniore.

45 892 145 925 σύνοδος
161 893 232 929 αὕτη
263 894 310 920 ὲπὶ
331 893 476 929 Ἀρκαδίου
501 892 547 919 τοῦ
580 892 714 928 βασιλέως
747 892 882 926 γέγονεν,“
914 893 931 928 ἡ
946 893 976 919 δὲ
999 894 1030 920 ἂν
1042 895 1207 930 Καρχηδόνι,
1236 896 1426 931 βασιλεύοντος
1448 897 1589 925 Θεοδοσίου
1617 899 1664 925 τοῦ

47 942 148 975 μικροῦ.

72 989 193 1016 ΖΩΝΑΡ.
215 989 247 1015 Ἥ
260 988 309 1024 μὲν
328 987 457 1020 ὑπόθεσις
470 988 599 1023 ἐζητεῖτο
613 987 678 1022 περὶ
705 986 754 1022 τῆς
773 985 820 1012 τῶι

914 984 1040 1013 ZONAR.
1065 986 1103 1014 De
1127 987 1265 1015 Bostrensi
1290 988 1453 1024 Episcopatu
1480 991 1662 1018 controversia

44 1036 164 1070 Βόςτρων
202 1036 367 1068 ἐπισκοπῆς,
396 1035 443 1061 δύο
477 1035 577 1070 ταύτης
627 1034 826 1068 ἀντεχομένων,

49 1082 175 1115 ’Ᾱγαπίου
191 1085 238 1108 καὶ
254 1081 401 1114 Βαγαδὶου.
418 1077 474 1107 Ἦν
503 1080 553 1113 μὲν
567 1081 621 1115 γὰρ
643 1080 739 1114 πρώην
766 1079 827 1104 ἐπί-

43 1135 137 1158 σκοτος
168 1128 198 1154 ἐν
217 1126 287 1161 αὐτῇ
302 1127 316 1152 ὀ
340 1126 482 1160 Βαγάδιος,
514 1126 558 1153 διὰ
580 1126 607 1152 δέ
636 1134 711 1156 τινας
736 1125 825 1156 αἰτίας

43 1171 101 1206 παρ’
133 1171 295 1198 ἐπισκόπων
328 1171 375 1197 δύο
415 1171 625 1206 καθαιρεθέντος
655 1169 749 1202 αὑτοῦ,
777 1170 825 1196 καὶ

41 1217 120 1244 ταῦτα
135 1218 269 1249 ἀπόντος,
287 1217 301 1242 ὁ
320 1217 451 1251 ’Λγάπιος
466 1216 676 1252 κεχειροτόνητο
709 1215 750 1246 εὶς
773 1215 824 1249 τὴν

42 1263 166 1297 ῥηθεῖσαν
182 1263 357 1297 ἐπισκοπὴν*
385 1263 480 1298 ᾐτιᾶτο
503 1262 531 1288 δὲ
557 1261 605 1296 τὴν
635 1261 822 1296 καθαίρεσινό

42 1307 180 1340 Βαγὰδιος.
200 1307 384 1341 Προτεθείσης
401 1304 447 1332 οὗν
474 1307 516 1337 είς
541 1306 571 1332 τὸ
593 1306 676 1340 μέσον
689 1305 739 1341 τῆς
758 1314 823 1332 συν--

41 1352 93 1378 ὁδου
108 1352 157 1386 τῆς
184 1352 354 1383 ὑποθέσεως,
384 1351 544 1386 Ἀραὸιανὸς
577 1351 714 1386 Ἀγκύρας
745 1348 822 1378 εἶπεν

42 1398 124 1423 ἰτιοὶ
142 1397 188 1423 διὰ
210 1398 260 1432 τὴν
288 1396 431 1431 παροῦσαν
457 1396 586 1423 ὑπόθεσιν
614 1396 719 1431 ἐρωτῶ,
755 1396 823 1422 ἀλλὰ

43 1441 159 1472 δεδιικὼς
176 1441 244 1476 περὶ
259 1441 312 1467 τῶν
325 1440 401 1475 ἑξῆς,
418 1441 461 1467 ἵνα
480 1441 518 1483 pii)
550 1441 579 1466 ὲν
604 1441 680 1476 πάσῃ
709 1441 822 1476 τοιαύτῃ

41 1486 159 1513 ὑποθέσει
179 1487 315 1522 κρατήσῃ,
332 1487 370 1518 ὼς
401 1485 492 1513 κανὼν
522 1486 552 1512 τὸ
589 1486 747 1521 γενόμενον,
774 1487 821 1513 καὶ

40 1533 100 1564 ἁξιῶ
114 1535 165 1568 τήν
198 1533 314 1560 σύνοδον
350 1533 449 1566 εἰπεῖν,
476 1533 501 1558 εί
528 1532 616 1566 ἔξεστι
660 1531 821 1566 καθαίρεσιν

40 1580 160 1612 γενέσθαι
189 1579 268 1614 παρὰ
301 1579 348 1605 δύο
373 1578 543 1610 ἐπισκόπων,
572 1580 619 1604 καὶ
657 1578 706 1613 τὴν
730 1577 820 1612 ψῆερον

41 1626 164 1661 τοιαῦτην
209 1625 270 1652 κατ’
287 1625 402 1656 ἀπόντος
428 1625 548 1659 δοθῆναι.
587 1623 726 1658 Φοϐοῦμαι
753 1623 818 1657 γὰρ,

41 1673 109 1707 φησὶ,
136 1672 175 1708 μή
203 1680 278 1703 τινες
293 1673 327 1698 τὰ
351 1673 380 1698 ἐν
400 1673 433 1706 τῇ
464 1671 592 1697 ὑποθέσει
624 1670 711 1705 ταύτῃ
740 1671 816 1705 εὑρί-

41 1725 139 1750 σκοντες
152 1718 343 1753 ὑπομνήματα
373 1717 485 1743 τοιαῦτα
510 1716 643 1751 τολμῶσι.
674 1717 744 1750 [Ιρδς
771 1714 818 1742 οὖν

40 1765 81 1798 τὴν
109 1764 248 1798 ἐρώτησιν
276 1762 378 1798 ταύτην
404 1763 418 1789 6
450 1762 654 1796 Ἀλεξανδρείας
688 1762 818 1796 Θεόφιλος

39 1809 200 1846 ἀπεκρίνατο
217 1809 270 1840 ὃτι,
299 1809 377 1835 Ἐπεὶ
393 1809 418 1835 οἱ
450 1809 496 1834 τὸν
525 1808 658 1842 Βαγάὖιον
686 1808 819 1843 καθαιρή-

38 1863 125 1887 σει-ντες
147 1854 197 1881 δύο
214 1854 362 1880 ἐπίσκοποι
373 1855 423 1889 ἤδη
444 1853 602 1889 τεθνήκασι,
623 1854 685 1880 κατ’
704 1854 818 1880 ἐκείνων

37 1899 209 1934 ψηφίζεσθαι,
231 1899 270 1930 ὡς
286 1899 426 1934 μὴκαλῶς
464 1900 648 1934 ποιησάντων,
676 1900 707 1925 οὑ
743 1901 795 1934 χρή
810 1909 817 1916 ”

39 1945 75 1970 ἴνα
90 1946 125 1978 μὴ
137 1945 187 1971 καὶ
203 1945 287 1978 ἡμεῖς
300 1944 479 1978 αἰτιαθῶμεν,
496 1944 533 1975 ὠς
551 1944 589 1979 μὴ
612 1945 748 1978 παρόντας
767 1945 817 1971 αὐ-

18 2013 19 2017 η
37 1992 88 2021 τοὺς
102 1991 321 2026 κατακρίναντες
336 1998 342 2005 ·
375 1991 449 2022 ὅπως
475 1989 502 2016 δὲ
528 1990 558 2016 τὺ
574 1989 671 2025 μέλλον
700 1990 817 2024 ἀσφαλι-

38 2037 146 2069 σώμεθα,
160 2037 237 2063 ὥστε
253 2036 352 2071 μηκέτι
371 2036 485 2062 τοιαῦτα
510 2037 646 2069 γίνεσθαι,
667 2035 741 2062 δοκεῖ
759 2045 816 2071 μοι,

37 2082 220 2116 manduco
237 2082 317 2117 μόνον
344 2085 418 2116 τρεῖς
443 2082 578 2116 ἐνδέχεται
603 2084 730 2116 παρεῖναι
758 2083 818 2109 ἐπι-

37 2129 142 2160 σκόπους
158 2129 209 2155 ἐπὶ
233 2127 394 2163 καθαιρέσει
406 2128 569 2160 ἐπισκόπου,
587 2128 666 2161 ἀλλὰ,
688 2128 712 2154 εί
739 2128 819 2156 δυνα-

37 2176 83 2208 τὸν,
107 2177 153 2202 καὶ
181 2175 251 2205 τοὺς
288 2174 393 2205 πάντας
425 2174 609 2208 ὲπαρχιώτας,
650 2174 734 2209 ἤγουν
755 2175 818 2206 τοὺς

36 2221 78 2255 τῆς
108 2221 250 2257 ἐπαρχίας
267 2220 374 2254 ἐκείνης
396 2220 576 2251 ἐπισκόπους,
595 2218 651 2256 ὲνῇ
671 2220 718 2246 καὶ
730 2221 747 2254 ὴ
759 2220 818 2246 ἑπι-

39 2268 115 2303 πκοπῂ
130 2268 179 2294 τοῦ
212 2267 432 2301 καθαιρουμένου
464 2267 610 2299 διάκειται,
642 2266 686 2292 ἴνα
713 2265 817 2292 πολλῶν

878 1031 1043 1066 agitabatur,
1065 1041 1124 1060 cum
1142 1035 1195 1061 duo
1212 1035 1288 1061 illum
1314 1036 1376 1067 sibi,
1400 1036 1528 1063 nimirum
1545 1037 1663 1071 Agapiiis

877 1081 903 1103 et
922 1076 1063 1111 Bagadius,
1086 1079 1264 1106 vindicarent.
1279 1079 1343 1108 Erat
1358 1082 1428 1108 enim
1444 1082 1521 1116 paulo
1538 1088 1600 1110 ante
1613 1082 1664 1108 Ba-

876 1121 970 1154 gadiiis
987 1121 1059 1149 illius
1076 1124 1150 1149 urbis
1165 1124 1316 1158 episcopus,
1332 1125 1377 1152 sed
1395 1133 1454 1152 cum
1470 1127 1612 1155 nonnullas
1625 1128 1660 1155 ob

876 1174 973 1195 causas
991 1177 1004 1194 a
1029 1168 1135 1196 duobus
1158 1170 1291 1204 episcopis
1317 1175 1389 1198 esset
1409 1171 1559 1206 depositus,
1583 1174 1662 1208 idque

875 1212 920 1240 illo
938 1214 1059 1245 absente,
1083 1215 1201 1248 Agnpius
1229 1217 1372 1243 memorati
1396 1218 1567 1252 episcopatus
1586 1219 1662 1246 ordi-

875 1264 956 1286 natus
967 1263 1007 1286 est
1020 1260 1174 1294 episcopus.
1191 1260 1277 1287 Porro
1293 1262 1488 1296 depositionein
1502 1272 1579 1290 suam
1599 1266 1663 1291 vitio

875 1304 974 1330 factum
1000 1312 1060 1331 esse
1085 1304 1221 1339 Bagzidius
1241 1308 1429 1335 contendebat.
1452 1308 1519 1336 Cum
1538 1310 1619 1345 igitur
1637 1313 1661 1338 in

874 1351 963 1377 medio
987 1350 1104 1377 concilio
1124 1351 1260 1384 proposita
1284 1357 1357 1379 esset
1372 1355 1571 1388 controversia,
1591 1357 1660 1383 Ara-

874 1395 969 1421 bianus
985 1396 1100 1430 Ancyrm
1116 1396 1184 1422 dixit
1205 1405 1210 1425 :
1227 1397 1285 1424 Non
1300 1402 1354 1424 tam
1370 1398 1404 1425 ob
1420 1405 1579 1433 praem-litem
1594 1409 1661 1428 rau-

872 1448 929 1468 sain
946 1441 1098 1475 interrogo,
1115 1450 1194 1475 quam
1210 1443 1279 1478 quod
1296 1444 1321 1470 in
1340 1449 1477 1478 posterum
1494 1451 1610 1474 mctuiim
1628 1455 1660 1475 ne

872 1484 942 1512 forte
967 1486 992 1512 in
1010 1487 1092 1513 simili
1118 1495 1200 1514 causa
1217 1489 1323 1522 quavis,
1343 1490 1367 1516 id
1395 1492 1467 1524 quod
1491 1497 1595 1526 gestuin
1617 1498 1660 1520 est

873 1534 1001 1565 tanquam
1036 1533 1128 1568 regula
1154 1534 1205 1559 vim
1234 1533 1372 1567 obtineat;
1398 1541 1480 1570 atque
1505 1544 1519 1562 a
1546 1537 1659 1564 concilio

871 1581 950 1609 pcto,
969 1581 998 1604 iit
1014 1578 1141 1609 declaret,
1161 1587 1223 1605 nuni
1242 1588 1255 1605 a
1273 1580 1378 1608 duobus
1396 1581 1530 1616 episcopis
1546 1582 1658 1617 deposi-

872 1623 970 1649 tionein
983 1623 1040 1650 lieri
1056 1625 1144 1656 liceat,
1163 1630 1189 1652 ct
1203 1626 1333 1660 ejusmodi
1348 1627 1511 1655 sententiain
1527 1629 1659 1656 adversus

870 1669 1007 1695 absentem
1041 1670 1220 1703 pronuntiari.
1249 1669 1349 1697 Vereor
1379 1671 1462 1703 enim,
1490 1673 1592 1707 inquit,
1623 1681 1657 1700 ne

869 1712 940 1741 forte
964 1714 1058 1748 aliqui,
1077 1723 1137 1742 cum
1156 1716 1186 1744 in.
1209 1715 1287 1750 hujus
1305 1724 1394 1743 causa:
1420 1721 1478 1743 acta
1496 1718 1654 1749 iiiriderinl,

870 1760 922 1785 alia
937 1760 1064 1786 audeant.
1079 1761 1117 1787 Ad
1133 1760 1200 1787 hanc
1213 1761 1294 1795 igitur
1306 1761 1543 1797 interrogationem
1559 1763 1648 1790 Then-

869 1805 957 1840 philus
998 1805 1196 1832 Alexandrinus
1241 1806 1405 1840 respondit:
1429 1807 1652 1842 Quandoquidem

869 1850 986 1885 episcopi
1011 1851 1074 1884 duo,
1093 1858 1108 1877 τι
1123 1852 1220 1885 quibus
1249 1851 1385 1885 depositus
1414 1856 1456 1879 est
1477 1852 1622 1887 Btlgallills,
1637 1860 1651 1879 e

868 1895 938 1922 vivis
951 1901 1136 1927 excesserunt,
1154 1897 1178 1922 in
1193 1896 1310 1922 coslerri
1326 1898 1499 1929 sententiam,
1513 1898 1582 1932 quod
1599 1906 1651 1924 non

869 1947 941 1968 recte
959 1942 1072 1975 egerint,
1090 1942 1200 1968 mini-uie
1224 1942 1368 1975 convenit;
1390 1950 1423 1969 ne
1440 1944 1507 1970 forte
1524 1951 1571 1970 nos
1587 1952 1654 1978 quo-

868 1995 920 2022 que
935 1987 1172 2022 reprehendamus,
1188 1988 1258 2023 quod
1273 1988 1398 2015 absentes
1412 1989 1472 2016 illos
1484 1989 1652 2017 damnaveri-

868 2041 928 2060 nius
950 2042 957 2060 :
974 2039 1004 2060 ut
1022 2038 1111 2060 autem
1132 2033 1158 2060 in
1178 2033 1297 2060 futurum
1322 2034 1527 2069 provideamus,
1545 2043 1578 2063 ne
1593 2043 1650 2062 am-

867 2079 937 2114 plius
951 2080 1015 2106 talia
1029 2081 1150 2114 quaedam
1167 2081 1242 2112 fiant,
1257 2081 1321 2107 inihi
1338 2081 1454 2112 videtur,
1473 2081 1559 2115 inquit
1571 2101 1578 2113 ,
1596 2089 1651 2108 non

868 2131 924 2153 tres
940 2126 1081 2160 episcopos
1105 2130 1209 2152 tantum
1225 2126 1322 2152 adesse
1346 2125 1443 2153 debere
1467 2127 1499 2152 ad
1518 2135 1600 2153 unum
1620 2128 1653 2154 de

867 2173 951 2207 gradu
969 2172 1152 2206 dejiciendum
1169 2173 1326 2207 episcopum
1341 2181 1348 2205 ;
1363 2173 1410 2199 sed
1424 2193 1431 2204 ,
1447 2174 1468 2199 si
1486 2173 1541 2200 ﬁeri
1556 2174 1652 2208 possit.

867 2217 947 2244 etiam
964 2224 1058 2243 omnes
1072 2217 1251 2250 provinciales
1268 2217 1325 2244 sive
1345 2216 1492 2250 provinciae
1506 2218 1577 2245 illius
1591 2218 1653 2252 epi-

868 2270 974 2298 scopos.
990 2263 1017 2289 in
1037 2270 1088 2297 qua
1105 2263 1177 2289 illius
1199 2263 1374 2297 episcopatus
1396 2268 1437 2289 est
1452 2257 1531 2296 situs,
1548 2264 1594 2299 qui
1619 2265 1655 2292 dc

19 2308 21 2311 ’
38 2314 108 2340 ὁιτων
124 2313 180 2339 τῶν
198 2311 359 2346 κρινόντων,
387 2312 435 2338 καὶ
454 2311 695 2346 ἀποφαινομένων,
716 2311 814 2346 παρόν-

872 2309 951 2343 gradu
968 2307 1114 2343 dejicilur;
1133 2313 1160 2334 iit
1183 2315 1243 2335 cum
1260 2308 1337 2335 multi
1363 2309 1651 2343 exstiterintjudices,

37 2365 73 2389 τος
90 2359 135 2384 καὶ
168 2356 257 2383 αὑτοῦ
289 2355 336 2382 τοῦ
374 2356 548 2390 αἰτιωμένου,
583 2356 769 2391 ἁκριῦεστέρα
798 2358 813 2392 ἡ

36 2403 235 2439 κατακρίνουσα
249 2401 339 2436 ψῆφος
364 2401 409 2428 τὸν
440 2401 656 2436 καθαιρούμενον
693 2402 815 2437 γίνηται.

36 2450 68 2484 Τῇ
86 2449 148 2483 γοῦν
157 2448 261 2483 γνώμῃ
276 2448 361 2482 ταύτῃ
376 2448 422 2474 καὶ
433 2448 448 2473 6
460 2447 622 2482 Νεκτάριος,
650 2448 698 2474 καὶ
720 2449 733 2474 6
745 2449 816 2475 ψλα-

36 2494 127 2528 όιανὸς,
141 2495 192 2522 καὶ
208 2494 237 2520 οι
254 2493 342 2520 λοιποὶ
355 2494 403 2528 τῆς
425 2493 535 2520 συνόδου
568 2492 737 2529 ὴρὲσθησαν.
760 2495 816 2521 Καὶ

38 2540 110 2567 ταῦτα
128 2541 180 2576 μὲν
193 2541 221 2566 οἰ
240 2539 360 2574 Πατέρες
369 2536 455 2567 οὗτοι,
476 2539 506 2565 ’0
517 2539 546 2565 δὲ
560 2539 709 2571 δωδέκατος
723 2540 813 2566 κανὼν

41 2582 79 2616 τῆς
96 2585 124 2609 ἑν
141 2582 314 2618 Καρθαγὲνῃ
332 2581 452 2612 συνόδου,
487 2582 716 2616 μεταγενεστέρας
730 2582 813 2617 οῢσης

42 2629 101 2663 παρὰ
114 2629 224 2664 ταύτην
251 2629 301 2662 τὴν
316 2627 363 2654 ἐπὶ
391 2627 544 2663 Νεκταρὼυ
575 2628 813 2662 συναθροισθεῖσαν

43 2674 105 2709 μῦτη
123 2675 174 2710 μὲν
195 2674 254 2708 γὰρ
286 2672 332 2699 ἐπὶ
364 2673 505 2708 Ἀρκαδιου
538 2674 666 2708 συνέστη,
705 2674 721 2708 ή
746 2674 769 2700 δ’
786 2675 814 2700 ἐν

42 2719 192 2758 Καρθαγένῃ
226 2719 370 2746 Θεοδοσίου
392 2719 438 2745 τοῦ
475 2720 574 2755 μικροῦ
612 2719 813 2755 βασιλεύοντος)

42 2765 191 2800 ἐπισκόπου,
227 2766 312 2801 φησὶν
339 2767 368 2792 ὲν
399 2765 551 2801 ἐγκλήματι
574 2765 812 2800 κατηγορουμένου

43 2809 127 2838 δώδεκα
155 2812 331 2842 ἐπισκόπους
365 2811 497 2843 δικάζειν,
519 2811 544 2837 εἰ
569 2810 604 2846 ui}
639 2810 683 2837 διὰ
713 2810 812 2837 πολλὴν

868 2361 900 2382 ac
917 2355 1078 2381 sententiam
1100 2355 1211 2380 tulerint
1239 2360 1372 2388 praisente
1391 2355 1452 2386 illo,
1470 2355 1516 2390 qui
1539 2363 1655 2383 accusa—

867 2404 921 2433 tur,
946 2401 1066 2428 exactior
1079 2400 1163 2435 680
1179 2408 1208 2427 ac
1233 2400 1336 2427 ﬁrmior
1352 2401 1486 2428 sententia
1510 2403 1652 2432 reddatur.

866 2454 920 2481 qua
934 2446 1078 2474 damnatur
1092 2448 1115 2473 is
1129 2446 1174 2480 qui
1190 2446 1343 2480 deponitur.
1359 2446 1432 2475 Hauc
1447 2448 1528 2481 igitur
1544 2454 1653 2476 senten—

867 2494 930 2519 tiam
947 2497 974 2518 et
996 2491 1140 2519 Nectariiis
1164 2495 1190 2519 et
1206 2491 1352 2519 Flavianus
1374 2498 1400 2520 et
1426 2494 1514 2520 caeteri
1531 2502 1561 2520 ex
1580 2502 1648 2521 eon—

864 2538 927 2565 cilio
943 2538 1138 2572 approbarunt.
1158 2539 1245 2572 Atque
1266 2538 1323 2566 hac
1347 2539 1455 2573 quidem
1479 2538 1523 2566 isti
1542 2538 1648 2566 Patres.

864 2583 1042 2611 Duodecimus
1061 2588 1151 2611 autem
1169 2591 1255 2611 canon
1272 2584 1378 2611 concilii
1403 2584 1651 2618 Carthaginiensis,

866 2630 936 2663 quod
956 2635 1075 2663 tempore
1101 2629 1235 2664 posterius
1255 2634 1297 2656 est
1321 2629 1372 2657 isto
1395 2628 1522 2656 Nectario
1540 2629 1653 2656 sedente

867 2678 1031 2708 Congregato
1053 2674 1169 2709 (quippe
1195 2682 1254 2702 cum
1281 2675 1332 2702 hoc
1357 2674 1508 2709 imperante
1531 2674 1652 2702 Arcadio

866 2726 988 2748 Coactum
999 2721 1032 2748 sit
1045 2729 1053 2753 ;
1065 2720 1289 2755 Carthaginiense
1306 2728 1371 2748 vero
1385 2719 1535 2747 Theodosio
1551 2721 1650 2747 minori

867 2764 1033 2801 imperante)
1047 2766 1070 2793 si
1088 2767 1148 2801 quis
1165 2767 1319 2801 episcopus,
1344 2767 1443 2801 inquit,
1459 2766 1574 2801 alicujus
1591 2767 1647 2793 cri-

866 2811 947 2840 minis
962 2812 1048 2840 lactus
1064 2813 1100 2840 sit
1116 2819 1192 2846 rcus,
1207 2819 1222 2840 a
1238 2812 1378 2841 duodecim
1396 2811 1532 2848 episcopis
1544 2812 1651 2846 judice-
