1909 3075
217 137 270 170 4δ3

857 141 993 173 ΤΠΕυυ.
1017 142 1214 172 BALSAMUN

1777 144 1830 176 464

223 210 289 230 nare
305 210 357 229 non
375 202 504 229 debemus
519 209 567 228 nec
580 201 709 236 jejunium
727 201 841 234 solvere,
859 210 892 229 ne
906 202 996 229 videa-

1054 201 1164 234 στεύειν,
1191 203 1250 229 οὐδὲ
1276 202 1473 236 ἅπονηστίζειν,
1491 203 1532 229 ῑνα
1560 203 1596 238 μὴ
1614 202 1731 238 δόξωμεν
1749 203 1830 231 ὲναν-

223 256 286 275 mur
302 255 454 282 repugnare
471 247 622 275 canonibus
639 247 685 282 qui
704 252 827 274 statuunt
841 255 892 275 nos
904 248 998 275 diebus

223 292 372 321 Dominicis
386 301 439 320 non
454 293 553 320 debere
569 293 703 327 jejunare.
719 292 775 320 Etsi
791 294 862 320 enim
876 294 933 320 dies
946 298 999 320 ter-

223 339 277 365 tius
303 343 444 372 reputetur
457 337 625 370 Dominieus,
644 338 730 365 solum
753 343 839 365 tamen
858 345 998 373 propterea

224 385 294 416 quod
316 385 397 410 trium
417 384 520 410 dierum
541 383 703 410 resurrectio
717 391 778 410 eum
806 383 928 417 altingat,
944 388 998 410 ter-

224 430 278 456 ti'us
305 429 403 455 dicitur
418 437 424 454 z
438 432 479 456 est
500 428 571 454 enim
589 428 702 462 primus.
723 427 754 454 Et
770 428 804 455 89
827 436 887 455 can.
900 430 998 463 syn.in

225 473 318 500 Trullo
330 473 530 506 convenienter,
543 472 601 504 dic,
614 477 675 499 ante
691 472 782 499 horam
795 472 934 506 septimam
952 479 999 498 no-

225 519 312 545 cturni
330 517 440 545 Sabbati
456 517 555 545 debere
566 525 616 544 nos
628 517 760 551 jejunium
774 518 877 543 solvere
894 517 919 543 in
932 525 999 551 qua-

224 570 331 596 cunque
347 563 412 589 hora
427 563 542 590 voluerit
560 561 694 596 quispiam
712 569 744 588 ex
768 569 814 588 sex
835 561 930 596 primis
952 561 1000 587 ho-

225 607 272 638 ris,
290 608 370 641 idque
389 607 500 633 omnino
517 614 550 634 ex
576 606 662 633 libera
688 606 901 640 uniuscujusque
925 610 1000 640 pote-

224 656 293 679 state
307 655 334 679 et
345 652 468 679 arbitrio.

264 695 475 731 ﬁloxanJluic
506 695 711 730 interrogationi
731 695 875 730 respondet
904 695 926 722 is
955 695 999 722 cui

225 741 362 775 proposita
395 740 568 775 interrogatio
597 745 639 767 est
667 749 675 767 :
700 740 846 768 Postulasti
880 740 999 767 sedulam

225 786 326 820 imponi
349 786 445 820 legem,
460 786 511 812 hoc
525 789 576 818 est,
602 785 720 820 regulam
748 783 917 819 formamque
931 792 999 819 prae-

225 831 326 862 scribi,
350 838 381 857 ac
400 831 519 857 adhibita
537 831 677 865 diligentia
699 830 765 858 certi
790 830 892 865 aliquid
918 830 999 857 statui

225 878 258 905 de
276 878 342 905 liora
358 877 503 904 Doniinieaz
519 877 742 910 resurrectionis;
758 877 830 910 quod
845 876 955 911 quidem
972 880 999 902 et

224 923 330 951 diﬂicile
347 928 389 950 est
414 930 440 950 et
464 923 598 950 lubricum
613 933 619 950 :
634 922 865 958 quandoquidem,
883 926 1000 957 postex-

224 970 334 996 citatum
349 977 363 995 a
377 969 491 996 mortuis
505 968 650 995 Dominum
665 969 871 996 resurrectionis
884 968 994 995 celebri-

224 1017 305 1039 tatem
334 1013 458 1040 inehoari
474 1017 588 1047 oportet,
606 1013 746 1047 hucusque
761 1013 926 1047 jejunantes,
941 1013 1000 1039 ani-

224 1057 316 1091 mique
328 1057 380 1084 hoc
399 1061 477 1091 pacto
490 1057 680 1085 demissionem
693 1062 828 1084 curantes.
842 1057 872 1084 ln
881 1065 913 1084 ea
924 1065 1001 1084 nam.

223 1109 277 1136 que
301 1109 361 1135 quae
386 1110 434 1136 per
449 1102 581 1136 jejunium
603 1106 644 1129 est
670 1103 790 1136 corporis
818 1102 1000 1135 aillictatione,

224 1146 308 1173 animi
323 1147 452 1174 demissio
463 1147 610 1181 quaeritur;
627 1152 657 1174 ut
683 1147 797 1182 proinde
810 1148 832 1174 si
848 1148 944 1175 elatior
965 1148 1000 1175 sit

224 1191 369 1226 jejunantis
392 1192 510 1223 animus,
526 1193 631 1219 irritum
653 1199 713 1219 esse
733 1192 866 1227 jejunium
880 1194 1000 1220 omnium

224 1237 396 1264 confessione
415 1237 563 1272 judieetur.
582 1236 697 1271 Subjicit
710 1238 805 1265 deinde
820 1247 826 1265 :
842 1238 1001 1273 Quicunque

225 1283 258 1309 ad
275 1283 429 1316 sepulcrum
454 1287 517 1309 sunt
540 1282 664 1317 profecti.
679 1291 725 1310 eos
747 1283 799 1314 iam
824 1283 969 1310 excitatum
985 1291 999 1310 a

224 1327 341 1354 mortuis
359 1327 502 1354 Dominum
529 1328 689 1361 reperiisse;
707 1336 793 1362 neque
807 1328 949 1360 dissidere,
964 1329 1002 1355 in-

224 1373 293 1406 quit,
312 1380 343 1400 ac
358 1373 409 1400 sibi
425 1373 538 1400 invicem
560 1373 697 1400 adversari
722 1374 901 1408 evangelistas
926 1374 1000 1401 arbi-

226 1423 338 1449 tremur,
362 1419 433 1452 quod
461 1426 522 1445 cum
548 1419 640 1446 eadem
667 1423 745 1446 nocte
771 1419 914 1446 Dominum
941 1427 1002 1446 sur-

226 1462 328 1489 rexisse
346 1462 482 1489 communi
505 1469 639 1490 c0nsensu
662 1462 778 1494 tradant,
792 1471 909 1497 quanam
934 1464 1001 1490 hora

226 1507 355 1538 surrexit,
372 1507 462 1533 minus
485 1507 624 1541 explorate
650 1508 781 1535 indicant.
800 1507 868 1534 Tum
887 1508 1001 1542 ipsamet

226 1552 318 1584 verba,
334 1552 377 1579 vel
393 1552 482 1586 potius
500 1553 575 1580 locos
601 1552 747 1587 Scriptura:
763 1553 875 1587 profert,
896 1553 922 1579 in
939 1553 999 1587 qui-

226 1598 278 1624 bus
289 1597 512 1632 evangelistarum
530 1598 642 1632 quilibet
655 1598 688 1625 de
702 1598 901 1624 resurrectione
910 1597 1000 1624 Domi-

226 1643 288 1670 nica
302 1643 434 1677 loquitur,
451 1650 482 1670 ac
496 1651 555 1670 eam
572 1651 631 1678 quae
653 1643 722 1670 inter
736 1643 809 1678 ipsos
824 1643 931 1670 videtur
944 1650 1002 1670 esse

226 1688 435 1723 discrepantiam
457 1690 606 1723 componit.
627 1689 715 1723 Atque
738 1689 771 1716 ad
789 1689 846 1716 haec
860 1698 865 1715 z
878 1688 928 1721 Qui
942 1688 1002 1722 qui-

226 1733 287 1760 dem
310 1738 372 1760 ante
392 1734 480 1762 noetis
491 1734 607 1761 medium
634 1734 744 1762 solvunt
758 1734 904 1768 jejunium,
919 1734 1001 1760 veluti

227 1784 427 1814 contemptores
461 1780 726 1814 intemperantesque
761 1779 1002 1814 reprehendimus,

228 1825 326 1859 quippe
350 1825 476 1860 exiguum
493 1826 526 1853 ad
540 1831 645 1860 tempus
669 1825 766 1860 jejunii
783 1833 893 1852 cursum
906 1825 1004 1852 dissol~

228 1875 311 1903 vunt;
325 1870 370 1905 qui
381 1879 443 1897 vero
453 1871 485 1898 ad
498 1875 622 1906 quartam
635 1879 720 1906 usque
737 1871 866 1905 vigiliam,
885 1870 936 1896 hoc
952 1874 1002 1901 est,

228 1915 391 1942 matutinum
415 1919 521 1950 tempus
539 1916 644 1944 fortiter
673 1917 819 1947 abstinent,
836 1923 883 1942 eos
906 1915 1005 1949 proha-

228 1969 289 1988 Inus
301 1970 307 1988 :
319 1961 340 1989 si
356 1962 401 1995 qui
419 1970 482 1989 vero
498 1968 559 1996 post
575 1962 690 1989 mediam
709 1966 814 1988 noctem
833 1962 1003 1994 quieverunt,

227 2007 279 2034 hoc
291 2011 332 2034 est
345 2008 514 2035 alﬂictioncm
525 2015 556 2035 ex
571 2007 676 2042 jejunio
690 2006 836 2041 profectam
852 2010 880 2032 ut
896 2011 1005 2039 potuere

228 2053 398 2087 sedavcrunt,
409 2054 452 2086 iis,
464 2054 560 2088 inquit,
574 2053 641 2080 nihil
654 2052 758 2080 molesti
772 2052 873 2085 simus;
890 2052 1005 2084 hoc.est,

228 2098 295 2125 nihil
314 2103 355 2126 est
374 2100 445 2134 quod
462 2107 519 2132 eos,
536 2099 600 2133 quia
619 2105 671 2124 non
690 2097 722 2124 ad
742 2097 903 2124 matutinum
921 2104 1006 2131 usque

229 2148 334 2178 tempus
345 2144 559 2178 pcrdnraverint,
573 2150 745 2170 accusemus:
760 2143 822 2176 quia
838 2149 884 2169 sex
899 2150 1006 2176 quoque

1048 247 1169 274 τιοῦσθαι
1187 249 1241 279 τοῖς
1254 248 1345 274 κανόσι
1362 249 1417 279 τοῖς
1432 248 1623 284 διοριζομένοις
1639 248 1708 275 κατὰ
1724 248 1772 279 τὰς
1782 257 1828 276 uu-

1051 293 1199 327 ριωνύμους
1212 293 1247 327 μὴ
1263 292 1401 327 νηστεύειν
1413 294 1495 328 ἡμᾶς.
1512 293 1570 320 Κᾶν
1583 294 1635 329 γὰρ
1646 293 1723 329 τρίτη
1737 293 1829 328 ἡμέρα

1048 338 1214 374 λογίζηταιή
1236 338 1413 374 κυριώνυμος,
1431 338 1487 364 ἀλλ’
1503 339 1542 370 εἰς
1561 339 1638 374 μόνον
1658 339 1688 365 τὸ
1710 339 1830 374 ἅψασθαι

1048 382 1148 417 ταύτης
1172 382 1220 417 τὴν
1236 376 1382 417 τριῆμερον
1407 383 1561 414 ἀνάστασιν,
1579 382 1714 416 λογίζεται
1737 383 1828 418 τρίτη·

1050 427 1142 463 πρώτη
1158 428 1210 463 γάρ
1234 429 1290 453 ἐστι
1301 436 1307 442 ·
1323 428 1368 454 καὶ
1384 427 1536 459 ἀκολούθως
1555 428 1593 462 τῷ
1610 428 1652 454 πθ¹
1669 428 1760 454 κανόνι
1779 428 1830 462 τῆς

1049 473 1077 498 ὲν
1145 472 1270 508 Τρούλλῳ
1285 473 1402 503 συνόδου,
1419 472 1480 507 λέγε
1496 473 1548 508 πρὸ
1565 473 1612 507 τῆς
1629 473 1744 508 ἐὸδὸμης
1755 472 1831 508 ὧρας

1048 517 1095 544 τοῦ
1109 517 1262 552 νυκτερινοῦ
1279 518 1416 544 Σαϐϐάτου
1429 518 1545 552 ὀφείλειν
1566 519 1637 552 ἡμᾶς
1652 518 1832 553 ἀπονηστίζε-

1050 562 1111 589 σθαι
1126 563 1153 589 ὲν
1171 563 1214 598 οἵᾳ
1229 562 1287 598 ὥρᾳ
1303 563 1408 598 θελήσει
1428 572 1470 594 τις
1486 563 1539 589 τῶν
1557 563 1585 596 ἓξ
1607 562 1720 598 πρώτων
1739 563 1831 598 ὡρῶν,

1050 607 1157 639 πάντως
1175 609 1245 634 κατὰ
1258 608 1305 642 τὴν
1321 608 1424 634 οίκείαν
1441 608 1552 643 δύναμιν
1570 608 1616 634 καὶ
1634 608 1802 643 προαίρεσιν.

1084 697 1204 723 ΖΩΝΑΡ.
1226 697 1296 732 Πρὸς
1311 697 1341 724 τὸ
1358 696 1487 732 ἐρώτημα
1500 696 1578 723 τοῦτο
1598 697 1678 732 φησιν
1700 698 1713 723 6
1727 697 1833 732 ὲρωτη-

1051 742 1116 773 θεὶς,
1131 742 1180 768 ὅτι·
1199 741 1345 776 Ἐξῄτησας
1356 741 1457 776 ἀκριόἧ
1474 742 1536 776 ὅρον
1558 741 1723 775 ἐπιτεθῆναι,
1745 741 1832 776 ἤγουν

1050 788 1150 814 κανόνα
1162 788 1209 814 καὶ
1223 787 1306 814 τύπον
1316 787 1466 823 ὁρισθῆναι,
1484 788 1530 813 καὶ
1544 786 1743 821 σαφηνισθῆναι
1753 788 1835 821 ἀκρι-

1051 831 1104 864 ϐῶς
1121 832 1169 868 τὴν
1198 832 1270 868 ὥραν
1291 833 1339 867 τῆς
1360 832 1533 864 ἀναστάσεως
1555 832 1601 858 τοῦ
1626 832 1740 867 Κυρίου,
1764 832 1836 867 ὅπερ

1049 877 1096 903 καὶ
1108 876 1234 903 δύσκολον
1252 876 1299 903 καὶ
1320 876 1451 911 σφαλερόν
1467 877 1539 902 ἐστιν
1549 885 1556 891 ⁸
1574 877 1614 902 ὃτι
1633 876 1681 911 μὲν
1696 877 1749 912 γὰρ
1764 878 1836 911 μετὰ

1049 921 1079 948 τὺ
1090 922 1237 957 ἀναστῆναι
1253 922 1298 948 τὸν
1313 921 1414 957 Κύριον
1429 921 1477 956 τῆς
1488 921 1585 956 ἑορτῆς
1597 921 1646 956 τῆς
1659 921 1835 951 ἀναστάσεως

1049 966 1179 1003 ἄρχεσθαι
1195 967 1245 997 δεῖ,
1263 966 1314 998 ἕως
1330 966 1424 992 τούτου
1446 966 1634 1001 νηστεύοντας,
1654 966 1702 991 καὶ
1722 965 1770 997 τὰς
1783 965 1837 1000 ψυ-

1049 1013 1099 1048 χὰς
1114 1013 1198 1044 οὕτως
1217 1012 1407 1044 ταπεινοῦντας
1441 1012 1472 1038 Ἦ
1495 1013 1549 1047 γὰρ
1569 1011 1612 1038 διὰ
1637 1012 1686 1046 τῆς
1706 1011 1837 1046 νηστείας

1049 1057 1210 1090 ταπείνωσις
1226 1057 1271 1084 τοῦ
1289 1057 1423 1092 σώματος,
1439 1057 1482 1083 διὰ
1496 1057 1544 1092 τὴν
1562 1057 1611 1092 τῆς
1629 1056 1717 1091 ψυχῆς
1736 1058 1836 1092 ἐπιτη-

1049 1103 1154 1130 δεύεται
1170 1103 1330 1129 ταπείνωσιν
1341 1111 1347 1117 ·
1371 1102 1408 1134 ὠς
1423 1102 1478 1136 είγε
1497 1102 1641 1137 ἐπηρμένη
1664 1102 1705 1137 εἴη
1722 1102 1770 1128 τοῦ
1785 1110 1835 1138 νη-

1051 1149 1189 1180 στεύοντος
1215 1149 1230 1184 ἡ
1252 1148 1334 1184 ψυχὴ,
1361 1148 1462 1183 ματαία
1488 1149 1504 1182 ή
1530 1148 1640 1183 νηστεία
1666 1147 1736 1179 ἐστὶ,
1755 1146 1838 1173 τοῦτο

1050 1193 1271 1229 ὁμολογούμενον.
1301 1193 1413 1226 Ἐπάγει
1435 1191 1463 1218 δὲ
1480 1192 1521 1218 ὅτι
1544 1192 1600 1218 ὅσοι
1625 1191 1693 1227 πρὸς
1715 1191 1745 1217 τὸ
1768 1200 1838 1226 μνη-

1053 1241 1126 1275 μεῖον
1141 1238 1269 1274 ἀπῆλθον,
1284 1238 1437 1265 ἀναστάντα
1451 1238 1499 1272 ήδη
1513 1235 1591 1273 εὖρον
1604 1237 1648 1263 τὸν
1664 1236 1766 1272 Κύριον
1776 1245 1784 1252 ·
1799 1237 1837 1272 μὴ

1050 1285 1201 1319 διαφωνεῖν,
1218 1284 1294 1318 φησὶ,
1310 1283 1357 1309 καὶ
1372 1282 1558 1310 ἐναντιοῦσθαι
1575 1282 1699 1317 ἀλλήλοις
1715 1282 1838 1317 δόξωμεν

1050 1331 1112 1360 τοὺς
1128 1328 1331 1363 εύαγγελιστάς,
1348 1329 1389 1354 ὅτι
1405 1327 1611 1363 συμφωνοῦντες
1631 1328 1694 1363 περὶ
1707 1328 1757 1362 τῆς
1770 1328 1838 1354 ἀνα-

1052 1374 1170 1405 στάσεως
1186 1374 1223 1405 ὡς
1235 1374 1263 1400 ἐν
1278 1374 1367 1408 ἐκείνῃ
1383 1375 1415 1408 τῇ
1430 1373 1507 1399 νυκτὶ
1522 1372 1568 1398 τοῦ
1583 1373 1686 1407 Κυρίου
1703 1372 1838 1399 ἀναστὰν-

1051 1429 1106 1452 τος,
1128 1419 1176 1454 τὴν
1195 1418 1268 1454 ὥραν
1288 1418 1349 1445 καθ’
1366 1419 1398 1453 ἢν
1415 1418 1513 1452 ἀνέστη
1534 1417 1627 1450 σαφῶς
1648 1418 1677 1443 οὐ
1700 1417 1837 1452 λέγουσιν.

1052 1464 1117 1492 Εἶτα
1139 1465 1186 1492 καὶ
1200 1465 1269 1491 αὑτά
1283 1464 1317 1491 τὰ
1339 1463 1480 1499 ρήματαῆ
1507 1463 1604 1498 μᾶλλον
1624 1462 1658 1489 τὰ
1676 1463 1766 1498 χωρία
1788 1463 1839 1498 τῆς

1051 1511 1161 1546 Γραφῆς
1173 1510 1280 1545 τίθησιν
1290 1529 1297 1540 ,
1312 1510 1361 1535 ὅσα
1380 1509 1494 1540 ἕκαστος
1513 1508 1566 1535 τῶν
1580 1508 1778 1542 εὐαγγελιστῶν
1792 1508 1839 1535 λέ-

1051 1567 1094 1592 γει
1106 1557 1169 1592 περὶ
1180 1557 1228 1592 τῆς
1241 1555 1414 1586 ἀναστάσεως
1426 1554 1472 1581 τοῦ
1485 1555 1598 1590 Κυρίου,
1612 1555 1658 1581 καὶ
1673 1553 1839 1590 συμϐιῦὰζει

1051 1601 1098 1637 τὴν
1124 1601 1252 1627 δοκοῦσαν
1279 1599 1425 1634 διαφωνίαν
1454 1599 1551 1625 αὐτῶν.
1580 1599 1633 1625 Καὶ
1658 1599 1703 1625 ἐπὶ
1732 1599 1841 1630 τούτοις

1051 1647 1113 1677 τοὺς
1129 1646 1177 1681 μὲν
1195 1645 1248 1680 πρὸ
1259 1644 1306 1670 τοῦ
1323 1643 1498 1679 μεσονυκτίου
1516 1643 1626 1674 λύοντας
1641 1642 1689 1678 τὴν
1699 1644 1841 1678 νηστείαν,

1052 1692 1088 1723 ὡς
1100 1691 1245 1725 ὀλιγώρους
1259 1691 1305 1716 καὶ
1318 1691 1455 1725 ἀκρατεῖς,
1471 1689 1546 1724 φησὶ,
1560 1689 1734 1724 μεμφόμεθα,
1752 1689 1791 1721 ὼς
1806 1689 1842 1716 δι’

1052 1736 1143 1770 ὀλίγην
1157 1735 1230 1771 ὥραν
1253 1735 1296 1761 τὸν
1311 1735 1409 1770 δρόμον
1428 1733 1478 1768 τῆς
1497 1733 1621 1768 νηστείας
1638 1732 1840 1764 καταλύοντας”

1053 1781 1114 1812 τοὺς
1129 1780 1157 1806 δὲ
1176 1780 1254 1815 μέχρι
1267 1779 1396 1814 τετάρτης
1408 1778 1539 1813 φυλακῆς,
1554 1778 1612 1812 ἦτοι
1628 1777 1726 1812 ὄρθρου
1739 1778 1843 1813 ἐγκαρ-

1053 1826 1197 1862 τεροῦντας
1215 1825 1409 1860 ἀποδεχόμεθα.
1433 1825 1464 1850 Et
1483 1824 1511 1850 δέ
1527 1832 1599 1855 τινες
1623 1823 1691 1858 μετὰ
1711 1823 1740 1849 τὺ
1760 1833 1843 1859 μεσο-

1054 1872 1160 1899 νύκτιον
1184 1871 1381 1901 ἀνεπαύσαντο,
1405 1871 1489 1905 ἤγουν
1510 1869 1559 1904 τὴν
1587 1868 1773 1895 κακοπάθειαν
1791 1869 1840 1903 τὴν

1055 1918 1086 1943 ἐκ
1109 1918 1157 1952 τῆς
1178 1917 1304 1952 νηστείας
1326 1916 1446 1942 ἔπαυσαν
1469 1915 1506 1946 ὡς
1527 1914 1707 1949 ἠδυνήθησαν,
1724 1913 1841 1944 τούτοις,

1055 1961 1132 1996 φησὶ,
1150 1962 1185 1996 μὴ
1200 1960 1350 1995 ἐνοχλῶμεν
1367 1960 1438 1994 (ἀντὶ
1449 1959 1507 1990 τοῦ,
1525 1959 1561 1994 μὴ
1576 1959 1615 1985 ὅτι
1633 1959 1684 1989 ἓως
1702 1958 1774 1993 ’πρωῒ
1792 1958 1843 1984 οὐκ

1055 2007 1241 2042 ἐκαρτέρησαν
1255 2004 1403 2039 αἰτιώμεθα
1417 2005 1535 2037 αὐτοὺς),
1547 2005 1586 2030 ὅτι
1599 2003 1657 2030 οὐδὲ
1670 2003 1718 2034 τὰς
1732 2003 1761 2035 ἒξ
1775 2003 1843 2038 ἡμέ-

1057 2060 1106 2087 ρας
1127 2051 1176 2086 τῆς
1192 2050 1238 2076 τοῦ
1264 2050 1365 2081 πάθους
1386 2049 1432 2076 τοῦ
1453 2049 1555 2084 Κυρίου
1576 2048 1720 2083 ὲῦδομάδος
1741 2047 1841 2078 πάντες

1055 2096 1154 2132 ὁμοίως
1170 2096 1309 2122 ἀνύουσιν·
1333 2096 1356 2121 οἱ
1376 2095 1424 2130 μὲν
1445 2094 1498 2129 γὰρ
1521 2093 1570 2125 τὰς
1587 2094 1676 2124 πάσας
1697 2092 1844 2127 νηστεύου-

1057 2151 1108 2173 σιν,
1125 2142 1149 2167 οἰ
1163 2141 1191 2167 δὲ
1204 2140 1250 2167 δύο
1266 2140 1281 2174 ἢ
1297 2141 1381 2175 τρεῖς,
1402 2140 1426 2165 οἱ
1444 2139 1472 2165 δὲ
1489 2138 1606 2169 πλείους,
1622 2139 1647 2164 οί
1659 2137 1687 2164 δὲ
1702 2137 1842 2172 οὐδεμίαν.

229 2188 286 2215 dies
300 2188 358 2222 ejus
377 2188 551 2215 hebdomadas
565 2195 617 2222 qua
632 2195 729 2222 passus
742 2191 784 2214 est
796 2187 935 2220 Dominus,
951 2195 1002 2214 non

1058 2187 1119 2217 Τοῖς
1136 2183 1181 2212 οὖν
1196 2186 1242 2211 ἐπὶ
1258 2184 1364 2215 πλείους
1382 2184 1488 2219 ἡμέρας
1505 2183 1666 2218 νηστεύσασι
1683 2184 1730 2209 καὶ
1746 2183 1844 2209 κοπιά-

230 2241 324 2261 omnes
346 2235 441 2261 eodem
462 2234 543 2260 modo
570 2233 733 2268 transigunt.
749 2232 815 2260 Nam
837 2233 881 2260 alii
897 2233 1005 2267 quidem

229 2279 325 2306 omnes
342 2280 476 2314 jejunant,
503 2279 548 2306 alii
576 2286 641 2306 vero
657 2279 736 2312 duos,
757 2283 855 2310 tresve,
872 2279 916 2305 alii
943 2287 1007 2306 vero

230 2325 332 2361 plures,
345 2325 389 2351 alii
404 2332 484 2358 porro
497 2331 530 2351 ne
554 2332 637 2350 unum
650 2323 769 2358 quidem.
785 2323 820 2350 lis
835 2331 899 2358 ergo
911 2323 959 2358 qui
975 2323 1007 2350 ad

231 2370 322 2405 plures
335 2370 392 2396 dies
408 2370 610 2403 jejunaverunt,
622 2369 793 2404 ampliusque
807 2369 1007 2401 laboraverunt,

231 2415 254 2443 si
280 2415 360 2442 citius
381 2415 468 2441 cibum
495 2415 680 2450 degustarint,
700 2414 876 2450 ignoscimus.
906 2413 934 2440 Si
961 2413 1008 2448 qui

233 2467 296 2487 vero
307 2466 359 2486 non
373 2459 452 2486 modo
465 2459 522 2487 dies
549 2460 652 2495 aliquot
668 2461 739 2488 haud
755 2460 924 2495 jejunarunt,
941 2460 1007 2494 quin

233 2505 322 2540 potius
340 2505 399 2532 aliis
421 2511 537 2539 quatuor
556 2505 732 2533 hebdomadas
755 2505 852 2532 diebus
867 2505 1009 2532 luxuriose

234 2551 368 2583 vixerunt,
385 2550 410 2576 in
428 2550 576 2578 Parasceve
596 2555 684 2578 autem
709 2554 736 2578 et
765 2549 882 2577 Sabbato
904 2556 918 2576 a
948 2549 1008 2576 cibo

233 2596 431 2629 abstinuerunt,
453 2604 484 2623 ac
498 2604 624 2631 magnum
637 2596 766 2630 quiddam
785 2594 874 2622 facere
895 2602 924 2622 se
937 2594 1010 2621 arbi-

235 2647 339 2669 trantur
365 2642 386 2669 si
410 2650 496 2676 usque
522 2642 555 2668 ad
586 2641 746 2668 matutinam
767 2641 861 2667 horam
881 2640 934 2667 diei
963 2640 1009 2674 qui

234 2688 433 2716 resurrectione
462 2695 538 2715 sacer
564 2691 616 2719 est,
637 2686 724 2721 jejuni
751 2689 932 2720 perseverent,
955 2692 1009 2711 non

235 2734 333 2765 simile,
353 2734 451 2769 inquit,
474 2738 610 2761 certamen
635 2731 860 2767 perficiuntzhoc
884 2737 935 2762 est,
957 2739 1010 2758 non

238 2779 338 2814 pariter
352 2780 520 2809 laborarunt,
535 2778 567 2804 iis
581 2777 628 2811 qui
644 2784 673 2803 se
695 2776 820 2810 pluribus
833 2775 1010 2810 diebusjeju—

1059 2239 1120 2257 σασι
1140 2230 1237 2265 μᾶλλον
1254 2230 1278 2255 εἰ
1291 2228 1437 2264 ταχύτερον
1454 2227 1594 2261 γεύσονται
1607 2228 1711 2262 τροφῆς
1724 2227 1843 2261 συγγνῶ-

1060 2283 1117 2309 μεν.
1132 2275 1163 2301 Et
1184 2274 1212 2300 δέ.
1228 2282 1299 2304 τινες
1315 2273 1344 2299 οὐ
1358 2273 1436 2308 μόνον
1453 2273 1495 2306 ἐφ’
1506 2272 1611 2307 ἡμέρας
1624 2272 1699 2303 τινὰς
1717 2272 1769 2298 οὐκ
1782 2272 1843 2307 ὲνὴ-

1059 2329 1184 2353 στευςιάν¹
1206 2319 1273 2347 ἀλλὰ
1299 2319 1346 2346 καὶ
1366 2318 1526 2354 ἐτρύφησαν,
1549 2318 1598 2349 τὰς
1622 2317 1720 2352 ἑτέρας
1744 2318 1843 2344 rectm—

1061 2375 1108 2402 ρας
1132 2366 1182 2401 τῆς
1212 2364 1354 2399 ἑϐδομάδος
1390 2364 1516 2399 ἡμέρας,
1546 2363 1618 2390 κατὰ
1647 2363 1675 2389 δὲ
1706 2363 1756 2398 τὴν
1788 2364 1844 2390 Πα-

1061 2411 1194 2448 ρασκευὴν
1224 2411 1270 2437 καὶ
1297 2410 1326 2436 τὸ
1351 2409 1487 2436 Σάὖῦατον
1510 2409 1660 2443 ἀπέσχοντο
1694 2408 1844 2444 βρώσεως,

1061 2458 1107 2484 καὶ
1123 2457 1194 2492 μέγα
1207 2466 1232 2482 τι
1249 2457 1334 2482 ποιεῖν
1354 2455 1517 2490 νομίζουσιν,
1533 2455 1557 2481 εἰ
1573 2455 1652 2490 μέχρι
1669 2455 1776 2490 πρωῖας
1794 2456 1845 2491 τῆς

1061 2503 1244 2538 ἀναστασίμου
1259 2502 1363 2537 ἡμέρας
1376 2501 1624 2536 ἐγκαρτερήσουσιν
1638 2501 1736 2532 duint,
1753 2501 1784 2527 οὺ
1797 2501 1845 2536 τὴν

1061 2549 1162 2585 ὁμοίαν·
1169 2548 1280 2583 ἄθλησιν
1293 2546 1445 2573 ποιοῦνται·
1459 2546 1607 2578 τουτέστιν,
1623 2546 1672 2581 οὐχ
1685 2546 1787 2581 ὁμοίως
1797 2555 1842 2573 κε-

1063 2594 1209 2621 κοπιάκασι
1235 2594 1291 2624 τοῖς
1311 2591 1436 2622 πλειόνας
1456 2591 1565 2626 ἡμέρας
1585 2591 1732 2626 ἀσκήσασι.
1758 2591 1813 2618 Καὶ
1830 2592 1844 2617 ὁ

1064 2639 1106 2666 πθ¹
1133 2638 1221 2666 κανὼν
1236 2638 1285 2672 τῆς
1307 2637 1334 2670 ς’
1353 2638 1475 2667 συνόδου,
1499 2636 1562 2672 περὶ
1581 2636 1665 2671 μέσας
1682 2635 1782 2666 νύκτας
1797 2635 1843 2662 τοῦ

1066 2684 1181 2720 μεγάλου
1205 2683 1342 2710 Σαὸὁάτου
1366 2683 1431 2717 φησὶ
1454 2682 1509 2708 δεῖν
1533 2680 1770 2716 ἀπονηστίζεσθαι,
1795 2683 1844 2713 τὰς

1065 2730 1146 2761 ἄλλας
1159 2729 1263 2764 ἡμέρας
1284 2727 1332 2762 τῆς
1349 2727 1493 2762 ἑϐδομάδος
1507 2726 1554 2753 τοῦ
1571 2726 1671 2757 πάθους
1688 2727 1717 2752 ἐν
1735 2726 1845 2762 νηστείᾳ

1066 2775 1113 2801 καὶ
1129 2774 1265 2809 προσευχῇ
1281 2773 1326 2799 καὶ
1343 2772 1485 2804 κατανύξει
1500 2771 1650 2804 διάγοντας.

237 2813 283 2853 tuo
298 2829 486 2853 exercuerunt.
503 2823 597 2850 Nonus
606 2830 717 2857 quoque
731 2831 811 2857 supra
823 2823 1016 2857 octogesimum
1035 2826 1116 2849 serue
1138 2820 1232 2852 synodi
1259 2827 1356 2852 canon,
1375 2817 1480 2845 circiter
1494 2815 1610 2844 mediam
1626 2815 1715 2850 magni
1733 2813 1844 2842 Sabbati
