1909 3075
245 83 293 113 ᾸῙ

873 82 920 112 ΤΗ
927 82 1008 114 E01).
1033 82 1235 115 BALSAMON

1805 89 1833 119 4"
1842 90 1856 114 ἲ

242 147 380 168 sacrarum
393 147 501 173 precum
512 143 638 175 mysteria
652 146 797 176 peragant;
812 142 853 169 vel
869 143 948 169 etiam
961 151 1011 170 cun

1075 145 1142 180 μετὰ
1158 146 1338 182 ὲπισκοπικῆς
1352 147 1501 182 ἐπιτροπῆς
1521 148 1584 180 τοὺς
1607 147 1742 180 τοιούτους
1759 149 1855 180 τόπους

241 185 387 220 episcopali
402 185 582 220 permissiune
599 185 731 220 ejusmodi
753 187 811 214 loca
831 195 973 221 separare,
994 194 1022 215 ut

241 231 386 258 inmundae
400 232 528 259 mulieres
542 232 567 258 in
582 232 620 259 eis
636 232 696 259 sine
707 233 861 267 praeiudicio
874 238 944 260 stare
960 241 1022 268 pos-

240 277 304 304 s'nt.
328 276 382 311 Ego
398 281 489 304 autem
506 277 562 303 vidi
577 277 657 303 etiam
679 277 812 311 ejusmodi
835 278 973 305 mulierem
994 280 1020 305 in

240 322 372 349 restibulo
393 326 508 349 stantem
518 343 525 355 ,
540 326 566 348 et
584 322 672 348 arrbae
686 322 837 349 orationem
852 323 886 349 ab
901 323 1022 350 antistite

239 368 415 402 accipientem
438 368 530 402 :quod
558 368 665 401 quidem
686 375 745 395 sum
769 368 928 395 admiratus.
951 368 1019 395 Olim

238 417 338 444 autem,
356 417 385 439 ut
412 417 452 440 est
474 413 629 445 verisimile,
645 413 772 440 mulieres
792 413 824 439 ad
841 414 925 441 altare
943 421 1022 440 acre—

238 460 353 492 debant,
376 463 402 486 et
422 459 455 486 de
479 463 571 486 sancta
598 467 690 486 mensa
720 459 927 493 participabant.
955 458 1021 486 Pro-

238 510 328 539 pterea
345 505 416 531 enin:
440 505 533 530 altatis
547 512 654 538 quoque
667 502 765 530 ‘canon
792 504 926 531 meminit.
953 503 1021 539 Lege

237 550 271 576 Η
287 557 417 576 cauouem
447 550 542 584 synodi
571 548 744 581 Laodiccnaz,
762 555 788 575 et
811 549 845 576 69
865 557 891 576 γι
914 549 1020 584 synodi.

239 595 369 622 Similiter
394 595 451 629 lege
473 599 499 621 et
514 595 545 621 l7
560 595 692 621 novellam
717 595 790 630 regis
807 595 909 621 domini
923 594 1020 621 Leonis

238 641 374 675 Sapientis
396 641 453 668 haas
473 641 499 667 in
518 645 594 675 parte
619 645 800 668 tractantem:
819 639 968 667 Statuimus
988 640 1020 667 de

237 686 396 714 mulieribus
416 695 476 721 quae:
491 690 662 721 pepererunt,
677 691 703 713 et
723 686 755 712 de
774 686 807 713 iis
823 693 883 720 qua:
904 685 1018 712 naturali

237 732 396 767 purgatione
409 732 573 765 detinentur,
587 731 719 766 siquidem
736 739 828 758 earum
843 731 895 757 rita
914 738 928 757 a
944 731 1018 757 nulla

236 778 288 804 alia
309 777 435 804 morbosa
460 777 602 804 all‘ectione
625 777 809 811 perturbatur,
827 780 857 803 ut
879 783 940 810 qua:
963 783 1016 802 non

1073 191 1258 226 ἀφορίζεσθαι,
1274 192 1342 218 ὥστε
1364 193 1600 228 ἁποκριματίστως
1613 194 1739 221 ἵστασθαι
1754 195 1782 220 ὲν
1807 195 1855 221 a0—

1072 237 1126 266 τοῖς
1140 235 1188 266 τὰς
1205 237 1374 272 ἀκαθάρτους
1401 240 1540 272 γυναῖκας.
1569 239 1639 273 Ἐγὼ
1668 239 1696 265 δὲ
1723 237 1792 266 εἶδον
1809 242 1854 268 καὶ

1071 280 1198 316 τοιαύτην
1211 283 1327 315 γυναῖκα
1354 283 1400 309 ἐπὶ
1423 284 1541 318 προνάου
1563 284 1695 316 ἑστῶσαν,
1713 285 1761 310 καὶ
1774 284 1854 319 εὐχὴν

1072 325 1229 360 ἀρῤαὸῶνος
1252 327 1327 362 παρὰ
1350 327 1499 363 ἀρχιερέως
1531 329 1687 363 δεξαμένην
1713 330 1782 365 ὅπερ
1809 331 1854 356 καὶ

1072 370 1223 405 ἐθαύμασα.
1260 372 1303 404 Ὠς
1317 373 1388 399 ἔοικε
1402 373 1440 406 δὲ,
1457 373 1487 399 τὸ
1506 374 1619 400 παλαιὴν
1634 375 1794 410 εἰσήρχοντο
1807 384 1853 410 γυ-

1071 417 1162 447 ναῖκες
1176 417 1215 447 εἰς
1225 417 1255 442 τὸ
1279 417 1478 453 θυσιαστήριον,
1505 420 1551 445 καὶ
1567 420 1620 445 ἀπὸ
1634 420 1681 454 τῆς
1695 421 1775 454 ἁγίας
1791 430 1853 455 τρα-

1073 459 1156 494 πέζης
1174 461 1383 496 μετελάμϐανον.
1400 462 1448 489 Διὰ
1471 463 1549 489 τοῦτο
1563 464 1614 499 γὰρ
1631 464 1677 490 καὶ
1700 464 1747 490 τοῦ
1762 464 1853 492 θυσια-

1073 502 1182 537 στηρίου
1198 504 1331 539 μέμνηται
1347 506 1361 531 ὸ
1384 505 1482 532 κανών.
1509 507 1564 533 Καὶ
1593 508 1727 540 ἀνάγνωθι
1744 509 1789 535 τὸν
1812 509 1853 544 μὸ⁴

1072 547 1169 573 κανόνα
1181 548 1230 582 τῆς
1257 549 1285 575 ὲν
1299 550 1439 585 Λαοδικείᾳ
1458 551 1575 583 συνόδου,
1598 553 1645 578 καὶ
1670 553 1714 579 τὸν
1741 552 1778 584 ξθ¹
1804 553 1853 588 τῆς

1072 595 1098 624 ς’
1124 593 1240 619 συνόδου.
1266 595 1401 626 Ὡσαύτως
1418 596 1552 630 ἀνάγνωθι
1566 597 1611 622 καὶ
1636 597 1729 632 τὴνιξ¹
1754 600 1852 633 νεαρὰν

1071 636 1117 662 τοῦ
1127 637 1259 671 βασιλέως
1273 639 1368 674 κυρίου
1383 639 1496 671 Λέοντος
1505 641 1550 667 τοῦ
1564 641 1718 675 Φιλοσόφου,
1735 643 1764 668 ὲν
1776 643 1852 678 μέρει

1070 682 1154 708 ταῦτα
1169 683 1410 719 διαλαμϐάνουσαν·
1421 687 1560 722 Ὀρίζομεν
1573 687 1636 723 περὶ
1652 689 1789 716 τεκουσῶν
1803 698 1851 724 γυ-

1069 728 1168 753 ναικῶν
1180 730 1225 755 καὶ
1240 730 1303 765 περὶ
1318 730 1372 756 τῶν
1396 732 1454 758 ὅσαι
1469 733 1502 767 τῇ
1530 734 1629 768 φυσικῇ
1657 734 1789 769 καθάρσει
1804 743 1852 762 κα-

1069 772 1292 808 ταλαμϐάνονται,
1317 776 1490 812 ἀνενοχλήτου
1510 777 1558 812 μὲν
1574 777 1603 810 ἐξ
1615 778 1697 813 ἄλλης
1714 779 1786 811 τινὸς
1796 779 1851 806 δια-

235 828 299 851 sunt
311 824 419 859 quidem
437 823 557 854 initintze,
574 830 628 849 non
644 821 697 849 sint
711 821 916 848 illuminationis
932 821 1011 855 parti-

1070 807 1169 849 θέσεως
1186 822 1298 855 νοσερᾱς
1313 821 1360 856 τῆς
1465 807 1553 849 αὐτῶν
1572 807 1759 859 συντελοθσης,
1772 807 1852 859 άμετ-

234 870 324 903 eipes;
345 876 405 904 qua:
427 873 515 896 autem
537 872 601 895 sunt
619 868 645 894 in
667 868 766 895 divinis
785 867 943 894 ministeriis
964 866 1016 892 ini-

236 915 316 947 tiatm,
338 914 477 949 impolluta
503 914 629 949 mysteria
653 921 707 940 non
731 913 908 947 participem,
932 919 1018 946 usque

233 959 266 986 ad
281 959 458 994 quadraginta
475 959 579 986 dierum
595 958 752 986 terminum.
776 957 853 990 Quod
869 957 891 984 si
905 956 1016 982 morbus

233 1005 372 1036 invaserit,
389 1010 415 1032 et
430 1012 459 1032 se
475 1005 557 1032 vitam
574 1005 752 1038 abrupturum
769 1003 899 1033 minetur,
914 1007 944 1028 ut
960 1002 1015 1028 sint

232 1050 345 1077 omnino
372 1049 533 1077 sacramenti
563 1049 716 1084 participes.
747 1047 779 1074 Et
800 1051 861 1081 post
875 1047 1015 1079 nonnulla,

233 1095 291 1134 ipsa
307 1102 403 1121 rursus
422 1094 499 1128 jubet
519 1095 551 1121 de
567 1094 716 1121 infantibus
736 1093 852 1124 novella,
876 1097 905 1118 ut
922 1092 1015 1119 morbo

232 1140 342 1175 quidem
364 1147 417 1166 non
436 1144 547 1174 urgente
571 1139 589 1166 ii
609 1143 670 1174 post
688 1143 811 1165 Octavum
833 1137 905 1164 diem
929 1137 1016 1172 bapti-

232 1191 328 1214 zentur
352 1194 358 1211 :
382 1185 454 1220 quod
479 1185 501 1213 si
528 1192 600 1211 mors
624 1184 782 1215 immineat,
809 1183 828 1209 ii
848 1183 928 1210 etiam
954 1186 1016 1209 ante

231 1236 357 1258 octavum
380 1231 559 1265 baptizentur.
590 1229 641 1256 Sed
668 1229 730 1262 quia
753 1227 844 1254 audivi
870 1228 1014 1263 quemdam

231 1277 364 1304 dicentem
380 1283 435 1302 non
457 1275 554 1302 debere
570 1279 724 1308 segregatos
747 1273 831 1300 laicos
845 1277 921 1300 extra
935 1272 1016 1299 vesti-

231 1321 324 1348 bulum
338 1325 441 1348 stantes
454 1320 558 1347 diviuas
571 1319 736 1354 psalmudias
748 1318 850 1349 audire,
868 1318 913 1346 sed
928 1325 1015 1352 neque

230 1367 360 1401 psallere;
375 1367 398 1392 ei
417 1365 579 1400 respondeo,
591 1365 664 1399 quod
681 1373 687 1390 :
702 1363 767 1396 Qua:
782 1363 810 1390 in
829 1363 954 1397 prmscnti
969 1370 1015 1389 ca-

231 1419 302 1439 none
323 1412 422 1446 scripta
442 1416 515 1444 sunt,
531 1410 589 1443 tibi,
609 1417 625 1437 ο
640 1409 722 1436 homo
752 1409 798 1443 qui
813 1409 870 1435 haec
884 1407 964 1442 dicis,
982 1415 1013 1435 os

229 1457 386 1485 occludunt.
411 1455 646 1489 Quemadmodum
671 1455 742 1482 enim
765 1461 825 1488 quae.
850 1453 875 1480 in
898 1453 1011 1480 ecclesia

230 1503 334 1530 versari
350 1510 404 1529 non
418 1502 544 1530 sitiuntur
560 1500 696 1532 mulieres,
709 1507 787 1526 orare
801 1506 854 1526 non
871 1503 1009 1530 vetantur;

229 1548 268 1575 lta
288 1555 337 1574 nec
356 1547 401 1582 qui
423 1551 487 1574 sunt
511 1545 654 1580 segregati.
670 1553 717 1579 per
738 1551 766 1570 se
789 1551 867 1570 orare
885 1544 1010 1578 prohibe-

229 1593 348 1624 buntur;
378 1591 424 1618 sed
445 1595 473 1618 et
493 1595 568 1617 extra
592 1589 713 1617 ecclesia:
738 1587 900 1615 vestibulum
928 1593 1009 1618 stare,

228 1641 255 1664 ιιι
275 1636 380 1664 divinas
405 1635 567 1669 psalmodias
593 1635 702 1666 audire;
723 1638 750 1660 ct
771 1633 824 1660 hoc
843 1633 914 1660 enitn
935 1633 963 1659 lit
978 1632 1010 1658 ad

229 1681 360 1716 majorem
376 1688 468 1707 eorum
482 1679 713 1707 exercitationem.

1067 863 1145 896 ὄχους
1167 862 1234 892 εἶναι
1248 873 1254 880 ·
1270 866 1318 897 τὰς
1333 866 1381 900 μὲν
1396 866 1563 899 ἀτελέστους,
1579 867 1625 894 τοῦ
1640 869 1790 904 etum-tepeﬁ-
1803 870 1851 903 τὰς

1066 910 1093 937 δὲ
1111 911 1411 946 μεμυσταγωγημένας,
1439 911 1492 938 τῶν
1522 912 1663 948 ἀχράντων
1695 915 1851 950 μυστηρίων

1066 955 1116 990 τῆς
1134 955 1319 990 μεταλήψεως,
1348 956 1428 992 μέχρι
1444 956 1495 991 τῆς
1520 957 1574 984 τῶν
1601 962 1626 993 μ’
1652 959 1763 995 ἡμερῶν
1788 968 1850 995 προ-

1067 1000 1197 1035 θεσμίαςυ
1219 1001 1370 1036 νοσήματος
1395 1002 1422 1027 δέ
1447 1010 1519 1034 τινος
1547 1004 1727 1038 κατασχόντος
1743 1005 1791 1031 καὶ
1802 1005 1850 1041 τὴν

1066 1045 1196 1081 διακοπὴν
1211 1046 1261 1080 τῆς
1278 1045 1348 1081 ζωῆς
1361 1046 1545 1079 ἀπειλοῦντος,
1570 1049 1650 1075 παντὶ
1661 1049 1754 1085 τρόπῳ
1769 1058 1850 1084 μετα-

1066 1089 1213 1125 λαμϐάνειν
1226 1090 1309 1121 αὐτὰς
1320 1091 1366 1117 τοῦ
1384 1092 1560 1126 ἀγιάσματος.
1578 1093 1632 1119 Καὶ
1645 1094 1712 1128 μετά
1723 1103 1783 1120 τινα
1796 1095 1849 1121 πά-

1066 1135 1106 1162 λιν
1122 1136 1334 1172 παρακελεύεται
1351 1137 1446 1172 ἠαύτὴ
1458 1138 1542 1173 νεαρὰ
1557 1139 1620 1174 περὶ
1634 1139 1752 1174 βρεςῶν,
1769 1141 1848 1175 νοσή-

1067 1188 1150 1215 ματος
1169 1180 1216 1215 μὲν
1230 1181 1266 1216 μὴ
1284 1181 1501 1214 κατεπείγοντος,
1516 1181 1585 1216 μετὰ
1597 1182 1646 1216 τὴν
1671 1182 1767 1218 ὀγδόην
1779 1183 1849 1218 ὴμέ-

1068 1233 1116 1259 ραν
1131 1225 1217 1251 ταῦτα
1233 1226 1419 1260 βαπτίζεσθαι·
1439 1226 1550 1253 Θανάτου
1565 1227 1593 1254 δὲ
1602 1228 1794 1263 ἐφισταμένου,
1804 1229 1848 1255 καὶ

1065 1270 1115 1304 τῆς
1129 1270 1224 1305 ὀγδόης
1241 1271 1347 1306 ἡμέρας
1368 1271 1442 1303 ἐντὸς
1466 1271 1535 1298 αὐτὰ
1559 1272 1744 1307 βαπτίζεσθαι.
1775 1274 1848 1300 Ἐπεὶ

1064 1315 1092 1342 δὲ
1112 1316 1215 1350 ἤκουσά
1231 1324 1302 1347 τινος
1315 1316 1438 1349 λέγοντος
1453 1317 1490 1348 ὡς
1512 1318 1562 1344 οὐκ
1577 1318 1727 1352 ὀφείλουσιν
1738 1319 1764 1345 οἱ
1776 1319 1848 1353 ἀφω-

1066 1361 1186 1396 ρισμένοι
1200 1360 1287 1387 λαῖκοὶ
1304 1361 1319 1396 ἢ
1335 1361 1487 1396 ἀκροᾶσθαι
1515 1362 1593 1388 θείων
1610 1363 1848 1399 ψαλμωδημάτων,

1064 1406 1162 1438 ἔξωθεν
1185 1406 1231 1432 τοῦ
1247 1406 1363 1441 προνάου
1389 1407 1542 1441 ἱστάμενοι,
1567 1407 1623 1434 ἀλλ’
1645 1408 1704 1434 οὐδὲ
1724 1408 1846 1443 ψάλλειν·

1064 1451 1248 1487 ἀπολογοῦμαι
1266 1452 1333 1487 πρὸς
1354 1452 1434 1479 αὐτὸν
1448 1453 1499 1478 ὅτι·
1516 1453 1556 1479 Τὰ
1572 1454 1601 1480 ὲν
1619 1453 1657 1488 τῷ
1671 1455 1787 1489 παρόντι
1800 1463 1848 1482 κα-

1062 1497 1117 1524 νόνι
1131 1497 1308 1532 γεγραμμένα
1334 1498 1537 1533 ἐπιστομίζουσί
1559 1507 1598 1530 σε,
1623 1499 1762 1534 ἄνθρωπε,
1792 1509 1848 1526 τοι·

1062 1541 1133 1568 αὕτα
1157 1542 1280 1575 λέγοντα.
1298 1543 1401 1578 Ὥσπερ
1417 1542 1471 1578 γὰρ
1487 1544 1515 1569 αἱ
1532 1544 1568 1579 μὴ
1599 1544 1848 1579 παραχωρούμεναι

1062 1587 1251 1622 ἐκκλησιάζειν
1265 1589 1390 1621 γυναῖκες
1407 1588 1603 1623 προσεύχεσθαι
1629 1589 1658 1615 οὐ
1686 1590 1847 1623 κωλύονται,

1062 1631 1146 1662 οὕτως
1161 1632 1221 1657 οὐδὲ
1241 1632 1266 1657 οἱ
1279 1633 1464 1667 ἀφωρισμένοι
1489 1633 1689 1668 κωλυθήσονται
1709 1634 1771 1660 καθ’
1785 1636 1846 1660 ἑαυ-

1060 1676 1123 1707 τοὺς
1141 1676 1279 1710 εῧχεσθαι·
1297 1677 1421 1704 ἵστασθαι
1435 1677 1462 1704 δὲ
1482 1679 1528 1704 καὶ
1552 1678 1648 1710 ἔξωθεν
1663 1678 1710 1704 τοῦ
1728 1680 1846 1714 προνάου

227 1728 276 1763 τῆς
297 1727 452 1764 ἐκκλησίας,
477 1727 525 1754 καὶ
541 1726 691 1762 ἀκροᾶσθαι
713 1725 766 1752 τῶν
793 1726 873 1753 θείων
898 1723 1131 1761 ψαλμωδημάτων.
1164 1724 1235 1750 Διότι
1258 1723 1338 1750 τοῦτο
1359 1725 1427 1760 πρὸς
1449 1725 1558 1752 πλείονα
1587 1725 1732 1761 συντριεὴν
1754 1727 1845 1753 αὐτῶν

229 1775 315 1801 ἑστιν.

263 1833 364 1861 Ζοκλιι.
400 1833 575 1861 Hebraeorum
614 1835 741 1862 mulieres
773 1842 834 1862 cum
869 1833 1009 1869 sanguinis

228 1877 359 1903 menstrui
371 1876 459 1904 ﬂuxus
475 1877 541 1911 ipsis
553 1878 694 1913 contingit,
710 1878 735 1905 in
751 1878 873 1906 solitario
887 1878 1009 1905 sedentes

228 1921 300 1953 loco,
319 1922 454 1949 neminem
475 1923 527 1950 nisi
549 1928 607 1958 post
625 1928 727 1958 septem
747 1923 853 1957 elapsos
870 1924 927 1950 dies
943 1923 1008 1950 allu-

227 1972 348 2001 quuntur
368 1977 373 1994 :
395 1968 464 1994 unde
481 1968 591 1996 verbum
614 1969 690 2000 illud,
710 1969 737 1994 in
752 1968 883 2000 abscessu,
899 1968 1007 1994 desum-

227 2017 301 2046 plum
322 2017 373 2044 est,
390 2013 511 2040 indicans
526 2021 572 2040 eas
588 2014 622 2040 ab
638 2014 752 2040 aliarum
775 2020 915 2044 consessu,
934 2013 1005 2039 velut

227 2059 348 2093 impuras
365 2059 448 2086 fuisse
464 2064 626 2094 segregatas.
644 2058 765 2093 Rogatus
777 2066 857 2092 porro
870 2059 913 2085 hic
927 2059 1005 2086 Pater

227 2104 260 2131 de
278 2105 400 2132 iidelibus
421 2105 598 2138 mulieribus,
617 2112 681 2130 num
701 2111 747 2130 eas
768 2112 828 2130 cum
849 2109 1004 2131 menstruo—

1095 1832 1216 1858 ΖΩΝΛΡ.
1247 1832 1385 1868 Ἐϐραῖδες
1402 1835 1528 1866 γυναῖκες
1551 1833 1596 1860 ὅτε
1621 1833 1734 1869 γένηται
1750 1835 1844 1865 αὐταῖς

1058 1877 1074 1912 ἡ
1092 1877 1144 1902 τῶν
1159 1877 1288 1912 ἐμμήνων
1306 1877 1391 1912 ῥῦσις,
1417 1879 1446 1904 ὲν
1469 1879 1543 1913 τόπῳ
1561 1879 1744 1914 μεμονωμένῳ
1760 1879 1843 1914 καθή-

1059 1931 1147 1957 μεναι,
1162 1923 1353 1958 ἡσυχάζουσιν,
1368 1923 1420 1954 ἓως
1436 1923 1467 1949 ἂν
1492 1924 1561 1950 ἑπτὰ
1575 1923 1675 1958 ἡμέραι
1699 1924 1842 1959 παρέλθω-

1058 1976 1108 1994 σιν·
1127 1967 1186 1994 ὅθεν
1200 1967 1323 2003 εἴληπται
1341 1968 1371 1994 τὺ
1384 1969 1418 1995 ἐν
1434 1968 1561 2003 ἁφέὸρῳ,
1591 1969 1685 2004 δηλοῦν
1703 1969 1733 1995 τὸ
1755 1978 1839 2004 κεχω-

1060 2012 1148 2047 ρίσθαι
1166 2013 1250 2044 αὑτὰς
1272 2014 1325 2039 ἀπὸ
1354 2014 1403 2048 τῆς
1429 2015 1482 2040 τῶν
1506 2014 1604 2040 λοιπῶν
1619 2015 1698 2050 ἔδρας
1715 2015 1753 2046 ὡς
1773 2016 1841 2042 ἀκα-

1058 2057 1180 2093 θάρτους.
1204 2058 1365 2094 Ἐρωτηθεὶς
1390 2059 1417 2085 δὲ
1434 2060 1448 2085 ό
1474 2059 1568 2094 Πατὴρ
1595 2056 1671 2090 οὗτος
1697 2061 1762 2095 περὶ
1787 2061 1840 2087 τῶν

1057 2103 1159 2130 πιστῶν
1173 2104 1318 2137 γυναικῶν,
1335 2105 1359 2130 εἰ
1371 2104 1421 2140 χρὴ
1438 2105 1537 2137 ταύτας
1553 2106 1595 2131 ὅτε
1609 2106 1625 2140 ή
1639 2105 1692 2132 τῶν
1709 2107 1841 2141 ἐμμήνων

227 2157 286 2175 rum
301 2148 374 2176 ﬂuxu
390 2149 562 2181 divcxantur,
584 2150 610 2175 in
633 2149 773 2175 ecclesiam
798 2148 902 2182 ingredi
924 2156 1003 2183 opor-

1064 2148 1132 2180 Βῦσις
1149 2149 1242 2180 αὑταῖς
1258 2149 1369 2184 ἐνοχλεῖ,
1396 2150 1506 2177 εἰσιέναι
1534 2152 1573 2182 εις
1595 2139 1754 2186 ἐκκλησίαν,
1772 2139 1840 2179 άπε-

227 2198 291 2226 teat,
313 2194 382 2221 haud
401 2199 526 2229 oportere
544 2194 691 2227 respondit,
713 2193 866 2227 profertque
889 2193 1003 2227 exempli

227 2239 286 2266 loco
310 2239 383 2266 illam
405 2247 437 2266 ex
458 2239 603 2273 Evangelio
628 2239 768 2266 mulierem
783 2245 844 2273 qua:
864 2238 1003 2273 sanguinis

225 2284 327 2312 ﬂuxum
350 2285 511 2319 patiebatur,
539 2291 599 2319 qua:
617 2283 761 2311 Dominum
789 2284 877 2318 ipsum
903 2291 1003 2318 nequa-

225 2338 305 2364 quam
326 2338 392 2357 ausa
408 2334 449 2356 est
465 2329 627 2363 contingere,
648 2329 693 2356 sed
706 2330 790 2356 vestis
808 2329 865 2363 ejus
883 2333 1001 2355 tantum-

225 2378 305 2404 modo
329 2377 450 2403 litnbum.
484 2376 591 2403 Precari
615 2384 696 2411 porro
722 2384 753 2404 ac
774 2375 880 2402 Domitii
906 2375 1001 2402 memi-

224 2422 306 2453 nisse,
321 2421 418 2456 inquit,
435 2429 604 2456 nequaquam
618 2429 650 2449 eo
666 2427 785 2456 tempore
808 2421 1000 2455 prohibentur;

225 2474 316 2492 verum
342 2466 369 2492 in
395 2467 521 2500 templum
545 2466 593 2493 Dei
610 2467 683 2502 ipsas
709 2467 823 2500 ingredi,
848 2470 894 2493 aut
916 2465 1001 2492 sacris

224 2511 360 2548 mysteriis
373 2512 585 2545 communicare,
602 2512 674 2538 haud
691 2512 762 2539 licet.

496 2573 645 2608 GCANON
667 2577 713 2603 tu.

256 2642 339 2670 Porro
359 2643 404 2678 qui
423 2643 488 2669 satis
510 2642 543 2668 ad
563 2642 589 2668 id
605 2641 728 2668 instructi
743 2646 801 2666 sunt
820 2645 844 2666 et
860 2648 999 2666 consentiam

222 2692 294 2720 ratu,
310 2688 400 2714 debent
417 2696 471 2714 esse
487 2688 527 2713 sui
541 2687 656 2721 judices.
674 2685 750 2717 Quod
769 2685 836 2712 enim
857 2694 872 2711 (ι
889 2694 915 2712 se
930 2686 996 2712 invi-

222 2743 274 2762 cem
292 2741 325 2762 ea:
343 2742 469 2762 consensu
486 2734 616 2760 abstinere
632 2732 777 2761 conveniat.
798 2737 825 2758 ut
845 2733 879 2758 ad
897 2737 996 2766 tempus

1055 2192 1135 2228 κρίθη
1163 2193 1199 2228 μὴ
1213 2193 1277 2225 δεῖν,
1290 2195 1336 2220 καὶ
1347 2195 1394 2230 τὴν
1410 2196 1438 2221 ὲν
1453 2195 1491 2230 τῷ
1508 2195 1664 2231 Εὖαγγελίῳ
1679 2197 1840 2233 αἱμορῤοοῦ-

1055 2246 1104 2264 σαν
1120 2239 1278 2273 παρήγαγεν
1289 2240 1327 2270 εὶς
1338 2239 1522 2275 παράδειγμα,
1535 2240 1571 2275 μὴ
1582 2240 1755 2275 τολμήσασαν
1767 2241 1837 2273 mea:

1053 2282 1100 2308 τοῦ
1119 2283 1229 2318 Κυρίου,
1246 2283 1302 2309 ἀλλ’
1319 2284 1335 2318 ἢ
1353 2285 1433 2319 μόνου
1445 2285 1491 2312 τοῦ
1504 2285 1656 2320 κρασπέδου
1672 2285 1766 2312 αὑτοῦ.
1785 2285 1837 2312 Εὖ-

1053 2327 1147 2362 χεσθαι
1163 2328 1210 2363 μὲν
1225 2328 1279 2364 γὰρ
1305 2330 1409 2356 καὶτοῦ
1430 2331 1531 2366 Κυρίου
1556 2330 1720 2366 μεμνῆσθαι,
1743 2332 1834 2367 φησὶν,

1052 2375 1105 2400 οὐδ’
1119 2375 1147 2400 ὲν
1160 2374 1199 2409 τῷ
1215 2375 1327 2411 τοιούτῳ
1342 2376 1430 2411 καιρῷ
1441 2376 1654 2410 κωλυθήσονται·
1672 2377 1714 2407 είς
1730 2377 1794 2402 ναὸν
1808 2377 1835 2403 δὲ

1052 2419 1118 2445 Θεοῦ
1135 2420 1256 2454 εἰσιέναι,
1269 2420 1286 2456 ἢ
1303 2421 1515 2457 μεταλαμϐάνειν
1531 2420 1616 2453 αὑτὰς
1631 2421 1686 2449 τῶν
1698 2422 1836 2457 άγιασμά-

1051 2474 1104 2492 των
1120 2466 1149 2492 οὐ
1162 2466 1209 2492 δεῖ.

1353 2579 1472 2605 ΚΛΝΩΝ
1488 2579 1523 2605 Γ·.

1084 2644 1244 2678 Λύτάρκεις
1260 2645 1293 2671 δὲ
1307 2645 1356 2672 καὶ
1372 2649 1398 2674 οἱ
1411 2647 1615 2682 γεγηρακότες,
1626 2647 1744 2676 ἑαυτῶν
1755 2650 1834 2685 ὀφει-

1047 2691 1155 2716 λουσιν
1164 2689 1240 2717 εἶναι
1254 2692 1358 2724 κριταί.
1375 2693 1433 2719 ’Ὁτι
1449 2693 1503 2726 γὰρ
1513 2693 1674 2726 ἀπέχεσθαι
1685 2694 1832 2729 ἀλλ-»μων

1048 2735 1203 2769 προσῆκον
1219 2736 1252 2762 ἐκ
1267 2738 1449 2771 συμφωνίας,
1468 2739 1517 2764 ἵνα
1534 2739 1607 2773 πρὸς
1628 2740 1735 2775 καιρὸν
1756 2750 1831 2775 σχτμ
