1909 3075
74 143 126 173 εδδ

647 142 689 173 1N
705 143 812 173 EPIST
847 142 878 173 S.

899 141 1015 172 PETRI
1036 141 1146 172 ALEX.
1641 143 1694 174 45G

77 208 106 233 οὐ
128 206 242 241 γυμνῶς
268 207 296 232 δὲ
315 207 342 232 τὰ
354 205 420 241 πρὸς
440 191 553 241 ἄρνησιν
572 205 704 242 ἔγραψαν,
730 207 791 233 ἀντὶ
816 207 862 232 τοῦ

923 216 974 242 tua:
986 208 1020 235 ad
1039 208 1244 243 abnegationem
1268 212 1392 243 spectant
1408 215 1461 235 non
1478 208 1548 236 mule
1576 208 1694 242 scripse-

76 251 127 278 οὐκ
148 250 408 287 ἀπαρακαλύπτως,
426 251 455 277 οὐ
483 252 616 286 φανερῶς,
642 252 708 278 ἀλλὰ
729 253 772 279 διὰ
796 258 868 280 τινος

78 295 189 329 μεθόδου
204 295 346 327 διέπαιξαν
361 295 423 326 τοὺς
446 294 586 329 βιάζοντας
601 296 707 328 αὐτοὺς,
727 296 763 328 ὡς
782 298 795 323 ὁ
814 299 866 322 Δα-

78 339 121 365 ϐὶδ
141 339 186 365 ὅτε
200 339 247 366 τὸν
261 340 406 374 ἐπίληπτον
430 339 561 374 ὑπεκρίθη
588 340 695 374 φεύγων
711 340 755 366 τὸν
773 341 866 372 Σαοὺλ,

77 385 124 411 καὶ
140 384 210 419 πρὸς
231 386 295 416 τοὺς
320 384 484 419 ἀλλοφύλους
498 385 651 419 γενόμενος,
670 386 715 412 καὶ
736 385 806 412 οὕτω
822 386 867 412 τὸν

78 430 193 456 θάνατον
219 430 399 464 διαπέφευγε·
429 430 570 462 διέπαιξαν
597 430 636 463 δὲ,
655 432 730 466 φησὶ,
748 431 795 462 τὰς
814 432 867 458 τῶν

78 475 182 510 ἐχθρῶν
206 475 362 507 ἐπιϐουλὰς,
383 476 421 508 ὡς
434 476 527 502 παιδία
547 476 716 511 βουλευτικὰ,
733 476 864 511 ἔμφρονα,

79 521 208 556 φρόνιμα,
220 521 266 547 καὶ
280 521 396 552 συνετῶς
404 521 504 556 δηλαδὴ
516 521 703 556 βουλευόμενα1
717 521 868 553 δια-παίζου-

78 574 119 593 σιν
128 567 156 592 ὲν
165 566 265 601 ἄφροσι
274 566 398 597 παιδίοις.
405 567 573 601 Ἔμφροσιόὲ
582 567 724 599 ἀπεικάζει
731 568 868 598 τοὺςάπα-

77 613 215 646 τήσαντας
223 613 287 643 τοὺς
295 613 411 644 ἀσεϐεῖς,
423 613 469 639 καὶ
477 613 605 646 δόξαντας
615 613 663 648 μὲν
673 613 756 645 θύειν,
772 614 807 648 μὴ
821 613 867 640 θύ-

79 665 178 688 σαντας
244 657 380 692 ἔμφρονας
390 658 437 692 μὲν
444 658 481 690 ὡς
491 658 539 693 τὴν
550 659 643 684 θυσίαν
651 659 718 690 τέως
729 658 867 685 ἐκκλίναν-

78 702 166 732 τας¹⁸⁴
180 711 186 716 ·
200 702 336 734 παιδείους
345 703 383 734 δὲ,
394 703 431 734 ὡς
442 703 478 738 μὴ
488 704 587 730 τέλειον
597 704 777 739 καὶὰνδρώδες
784 705 866 731 ἐνδει-

81 747 111 779 ξα
115 748 212 782 μένους
222 748 357 783 φρόνημα,
370 749 416 774 καὶ
423 749 552 782 γενναίως
559 749 804 782 ἀντικαταστάντας
813 752 867 782 τοῖς

80 793 297 828 εἰδωλολάτραις,
316 794 371 820 ἀλλ’
385 795 457 828 ὅμως
481 795 660 829 συνθεμένους
676 796 765 828 θῦσαι,
783 797 806 822 εἰ
822 796 868 822 καί

79 847 150 870 τινες
164 840 208 854 ¹³⁶⁶
225 839 282 866 ἀνθ’
298 840 401 866 ἑαυτῶν
413 840 544 866 ὑπέϐαλον
558 841 690 873 ὲθνικοὺς,
706 842 788 876 ἤγουν
803 843 867 869 ἀπί-

919 257 992 283 rtmt.
1007 254 1058 280 hoc
1074 257 1115 280 est
1127 262 1181 280 non
1193 254 1345 286 manifeste,
1359 261 1413 280 non
1426 259 1532 289 aperte;
1550 254 1597 281 sed
1611 253 1694 280 artiﬁ-

919 298 961 325 cio
975 297 1092 332 quodam
1107 306 1154 325 eos
1168 299 1213 332 qui
1229 298 1281 324 vim
1299 298 1451 325 inferebant.
1466 298 1596 325 ludiﬁcati
1608 301 1671 325 sunt.
1685 306 1693 324 :

919 350 947 372 ut
962 345 1056 377 David,
1073 345 1118 380 qui
1133 345 1196 372 dum
1212 345 1319 372 Sauletn
1335 345 1446 379 fugeret,
1465 352 1496 371 ac
1518 345 1551 371 ad
1572 345 1696 379 alienige-

917 399 967 419 nas
983 391 1146 422 devenisset,
1172 398 1200 418 se
1226 391 1397 425 epileptieum
1416 390 1502 422 ﬁnxit,
1516 398 1601 425 eoque
1617 393 1695 425 pacto

917 441 1031 464 mortem
1046 437 1165 463 evitavit.
1180 435 1323 462 Ludiﬁeati
1338 443 1417 470 porro
1433 440 1506 466 sunt,
1524 436 1622 470 inquit,
1641 436 1694 462 ini-

917 481 1050 507 micorum
1065 481 1197 513 insidias;
1213 481 1294 507 veluti
1312 481 1386 515 pueri
1405 480 1562 514 prudentes.
1580 480 1695 507 consilio

917 523 1045 551 nimirum
1061 533 1092 551 ac
1105 525 1246 560 prudentia
1264 522 1381 559 prrediti,
1401 518 1500 558 quique
1526 524 1630 551 scilicet
1652 532 1697 551 so-

917 569 999 596 lerter
1015 571 1158 598 Consilium
1176 572 1325 605 capientes,
1345 571 1502 604 insipientes
1516 578 1614 604 pueros
1634 570 1698 596 iilu-

917 615 995 642 dunt.
1012 615 1194 643 Prudentibus
1218 620 1306 642 autem
1331 619 1470 650 comparat
1487 623 1534 642 eos
1559 623 1574 641 a
1598 615 1697 650 quibus

917 660 1021 695 decepti
1040 666 1102 688 sunt
1113 662 1200 696 impii.
1213 663 1314 696 quique
1326 670 1387 689 Cllltl
1402 670 1455 689 non
1471 661 1695 691 sacriﬁcaverint,

919 706 1074 732 sacriﬁcare
1089 706 1266 732 nihilominus
1281 706 1437 738 visbsuut;
1466 706 1613 740 prudentes
1637 705 1698 739 qui-

918 750 990 781 dem,
1008 751 1092 784 utqui
1109 750 1273 777 sacrificium
1290 758 1411 784 cousque
1432 750 1589 776 evitaverint
1608 758 1614 776 :
1632 756 1698 783 pue-

918 803 963 823 ros
981 802 1080 827 autem,
1097 797 1169 830 quod
1188 796 1336 830 perfectum
1352 803 1382 822 ac
1401 796 1505 822 virilem
1521 802 1630 822 sensum
1648 795 1698 821 mi-

918 841 990 867 nime
1004 841 1149 872 induerint,
1170 850 1219 868 nec
1236 848 1365 875 generose
1389 840 1521 867 idolorum
1546 840 1698 878 cultoribus

81 893 176 915 ετους,
204 885 252 910 καὶ
284 884 395 910 ἐκείνων
429 885 565 912 θυσάντων
592 887 769 921 ἐνομίσθησαν
794 888 868 913 αὐτοὶ

923 887 1114 920 repugnarint;
1133 894 1224 913 verum
1250 894 1279 913 se
1297 886 1499 913 sacrilicaturos
1527 888 1590 911 sunt
1615 885 1696 919 pacti,

80 930 232 956 τεθυκέναι.
266 930 329 961 Τοῖς
345 931 483 962 τοιούτοις,
515 932 605 966 φησὶν,
622 932 754 967 ἑξάμηνος
774 933 868 968 καιρὸς

81 975 224 1010 ἐξαρκέσει
241 975 281 1006 είς
308 976 459 1010 μετάνοιαν.
482 977 541 1002 Κᾶν
555 977 609 1012 γὰρ
628 978 677 1004 οὐκ
690 978 797 1009 ἔθυσαν,
810 978 867 1004 ἀλλ’

79 1021 120 1047 ὅτι
146 1021 288 1047 συνέθεντο
315 1022 403 1053 θῦσαι,
427 1022 442 1057 ἢ
474 1023 514 1049 ὃτι
533 1022 641 1058 ἐτέρου”ς
666 1024 868 1056 ὑπέϐαλον,καὶ

80 1065 173 1098 ἔδοξαν
191 1066 268 1091 αὐτοὶ
287 1065 375 1097 θῦσαι,
395 1066 570 1101 ἐλογίσθησαν
589 1067 692 1094 δεῖσθαι
715 1069 867 1103 μετανοίας,

81 1110 105 1134 εί
118 1109 165 1135 καί
179 1118 250 1135 τισιν
270 1109 359 1136 αὐτῶν
376 1111 564 1146 συνεχώρησάν
578 1120 648 1143 τινες
667 1112 719 1138 τῶν
736 1112 868 1148 ὁμολογη-

83 1154 198 1180 σάντων.
215 1155 292 1186 Τινὲς
305 1155 358 1190 γὰρ
368 1156 420 1182 τῶν
434 1158 663 1192 μαρτυρησάντων
674 1158 720 1183 καὶ
731 1158 868 1185 παθόντων

81 1200 152 1234 ὑπὲρ
167 1200 217 1233 τῆς
245 1200 363 1232 πίστεως
383 1201 572 1237 συνεχώρησαν
594 1204 649 1234 τοῖς
670 1203 714 1229 διὰ
740 1204 868 1238 μεθόδων,

80 1245 118 1275 ὡς
141 1244 261 1279 εἴρηται,
288 1245 324 1281 μὴ
341 1245 445 1277 θύσασι,
466 1247 512 1273 καὶ
529 1247 650 1280 ἐδέξαντο
674 1247 770 1280 αὐτοὺς
801 1248 869 1283 μετὰ

81 1290 135 1316 τῶν
163 1290 278 1322 πιστῶν,
304 1291 344 1317 ὃτι
364 1291 493 1326 ἐξέφυγον
510 1293 684 1328 πολυτρόπως
697 1294 727 1320 τὸ
743 1294 869 1321 θυσιάσαι

81 1335 137 1366 τοῖς
152 1334 273 1369 δαίμοσι.
288 1334 336 1361 Διὰ
349 1335 377 1361 δὲ
387 1335 435 1370 τὴν
456 1335 589 1371 ἑξάμηνον
608 1336 775 1371 προθεσμίαν
786 1337 871 1372 ἑμνή-

84 1379 134 1414 σθη
160 1380 209 1406 τοῦ
241 1380 284 1406 διὰ
309 1380 427 1416 Γαϐριὴλ
450 1382 615 1416 μηνύματος,
636 1382 681 1408 τοῦ
700 1383 728 1408 ἐν
740 1381 778 1417 τῷ
799 1383 870 1418 ἕκτῳ

84 1427 149 1460 μηνὶ
179 1427 231 1461 τῆς
259 1426 412 1461 συλλήψεως
434 1427 481 1453 τοῦ
504 1427 676 1462 Προδρόμου,
710 1429 739 1454 ὲν
763 1425 784 1462 ᾦ
808 1437 870 1455 συν-

81 1472 188 1507 ελῆφθη
217 1474 232 1498 ὀ
257 1471 367 1507 Κύριος.
398 1472 537 1507 Ἐπιφέρει
560 1473 587 1499 δὲ
609 1473 655 1499 καὶ
676 1473 786 1509 ῥήματα
799 1474 869 1500 ἀπο-

83 1517 205 1543 στολικόι·

918 931 999 958 etiam
1008 932 1029 958 si
1039 931 1169 966 quosdam
1189 939 1236 965 pro
1258 939 1287 958 se
1303 930 1488 962 submiscrint,
1501 930 1697 961 ethnicos,boc

915 979 965 1003 est.
980 974 1110 1004 inﬁdeles,
1123 974 1210 1007 iisque
1228 974 1457 1005 sacriﬁcantibus,
1477 973 1527 1008 ipsi
1544 974 1595 1007 12
1611 974 1694 1001 sacri-

917 1020 1010 1046 ﬁcasse
1020 1020 1167 1045 existimati
1179 1025 1251 1046 sunt.
1266 1019 1415 1053 Ejusmodi,
1430 1018 1529 1052 inquit.
1542 1019 1700 1045 hominibus

917 1069 1049 1092 semestre
1061 1070 1166 1099 tempus
1180 1065 1211 1091 ad
1232 1065 1418 1099 pmnitentiam
1435 1064 1560 1091 suﬁiciet.
1571 1065 1638 1091 Nam
1648 1065 1700 1092 etsi

918 1110 1031 1136 mittilne
1049 1109 1240 1142 immolarunt;
1264 1113 1355 1135 tamen
1382 1108 1446 1142 quia
1463 1115 1493 1136 se
1511 1109 1700 1136 immolaturos

919 1158 982 1182 sunt
997 1155 1078 1189 pacti,
1096 1155 1136 1182 vel
1160 1154 1233 1189 quod
1261 1155 1329 1181 alios
1355 1153 1515 1185 Subtnisere,
1532 1153 1638 1187 ipsique
1652 1152 1700 1178 im-

919 1200 1036 1226 molasse
1064 1205 1127 1226 sunt
1159 1199 1219 1229 visi,
1249 1199 1407 1234 pmnitentia
1433 1198 1554 1232 indigere
1584 1195 1700 1230 judicati

920 1249 983 1272 sunt
1002 1255 1009 1272 :
1027 1245 1079 1271 etsi
1096 1245 1258 1280 quibusdatn
1276 1253 1308 1272 ex
1331 1245 1397 1279 ipsis
1422 1243 1544 1269 nonnulli
1559 1241 1700 1269 confesso-

919 1298 979 1318 rum
994 1292 1132 1325 ignovere.
1147 1291 1248 1318 Eorum
1264 1298 1359 1325 nempe
1379 1289 1489 1324 quidam
1515 1289 1561 1323 qui
1587 1295 1615 1314 se
1638 1286 1700 1314 ﬁdei

919 1341 1003 1364 testes
1020 1337 1201 1364 exbibuerunt
1225 1344 1256 1363 ac
1274 1344 1322 1371 pro
1340 1336 1391 1362 ﬁde
1414 1338 1478 1362 sunt
1493 1335 1577 1368 passi,
1605 1334 1637 1360 iis
1653 1333 1698 1368 qui

921 1382 1036 1409 artiﬁcio
1052 1383 1182 1417 quodam,
1195 1386 1224 1409 ut
1242 1382 1343 1408 dietutn
1359 1384 1410 1411 est,
1426 1388 1481 1407 non
1496 1378 1698 1409 sacriﬁcarunt,

921 1427 1061 1462 ignovere,
1078 1434 1109 1453 ac
1124 1427 1185 1453 illos
1202 1433 1263 1452 cum
1290 1425 1414 1452 ﬁdelibus
1429 1424 1462 1450 ad
1480 1423 1700 1450 cmnmunionem

921 1472 1065 1502 admisere,
1095 1471 1168 1506 quod
1194 1479 1227 1497 ne
1253 1470 1421 1497 daemonibus
1449 1468 1618 1495 immolarent
1643 1471 1701 1494 stu-

921 1518 998 1546 diose
1009 1519 1172 1545 vitaverunt.
1189 1517 1272 1543 Porro
1284 1515 1365 1550 hujus
1381 1514 1519 1542 semestris
1535 1512 1643 1540 termini
1654 1519 1701 1538 oc-

82 1561 207 1593 casione,
228 1562 449 1589 Annuntiationis
467 1570 514 1597 per
528 1562 680 1590 Gabrielem
710 1563 788 1591 factae
810 1564 941 1596 meminit.
962 1567 1039 1591 sexto
1056 1571 1147 1590 mense
1162 1561 1348 1596 conccpliouis
1364 1558 1555 1590 Prtecursoris,
1570 1565 1624 1592 quo
1633 1564 1701 1584 con-

83 1612 180 1643 ceptus
195 1614 237 1636 est
250 1608 388 1636 Dominus.
406 1609 474 1636 Tum
493 1610 641 1644 apostolica
654 1611 735 1638 verba
747 1611 904 1646 subjungit:

389 1655 506 1682 ΚΑΝΩΝ
526 1656 571 1688 σν.

121 1708 131 1724 ‹
150 1699 214 1729 Τοῖς
237 1698 265 1724 δὲ
281 1698 388 1731 δούλους
409 1701 586 1736 Χριστιανοὺς
606 1700 662 1727 ἀνθ’
682 1701 784 1728 ἑαυτῶν
808 1702 872 1728 ὐπο-

84 1753 95 1769 -ι
112 1743 288 1777 ὁεϐληκὸσιν,
307 1745 331 1770 οἱ
349 1745 396 1779 μὲν
407 1744 504 1776 δοῦλοι,
522 1745 559 1776 ὡς
571 1745 604 1772 ἂν
616 1746 766 1781 ὑποχείριοι
783 1746 868 1779 ὅντες,

85 1799 95 1815 ‹
113 1791 162 1816 καὶ
172 1790 273 1825 τρόπον
281 1789 341 1816 τινὰ
349 1791 394 1816 καὶ
405 1791 481 1817 αὐτοὶ
489 1791 698 1825 φυλακισθέντες
709 1793 760 1819 ὑπὸ
768 1793 821 1820 τῶν
832 1794 872 1819 δε-

85 1847 93 1860 ι
109 1835 230 1866 σποτῶν,
238 1836 480 1871 καταπειληθέντες
487 1837 620 1863 τε¹¹””“ύπ“
628 1837 716 1864 αὐτῶν
725 1839 770 1864 καὶ
777 1838 819 1865 διὰ
828 1839 872 1866 τὸν

85 1891 94 1906 ι
115 1881 199 1915 φόϐον
211 1881 300 1907 αὐτῶν
311 1882 350 1912 είς
359 1881 437 1907 τοῦτο
448 1881 604 1917 ἐληλυθότες
617 1883 663 1908 καὶ
672 1883 870 1918 ὀλισθήσαντες,

85 1935 93 1950 ι
112 1927 142 1951 ὲν
161 1926 230 1941 ""“
247 1925 360 1960 ἑνιαυτῷ
373 1926 407 1952 τὰ
423 1926 472 1960 τῆς
498 1927 639 1962 μετανοίας
655 1927 723 1963 ἔργα
746 1928 871 1960 δείξουσι,

85 1980 94 1996 1
117 1971 300 2006 μανθάνοντες
311 1971 356 1997 τοῦ
365 1971 468 2003 λοιποῦ,
478 1971 514 2002 ὡς
525 1971 611 1998 δοῦλοι
620 1972 737 2008 Χριστοῦ
749 1975 872 2000 ποιεῖντὸ

85 2027 95 2042 ι
116 2017 226 2052 θέλημα
243 2016 291 2042 τοῦ
308 2016 424 2051 Χριστοῦ
441 2016 530 2049 ¹¹”’”“,
548 2019 594 2044 καὶ
617 2018 756 2051 φοϐεῖσθαι
773 2019 870 2045 αὐτόν’

86 2071 95 2087 ι
114 2061 261 2092 ἀκούοντες
279 2061 404 2096 μάλιστα,
419 2062 459 2087 ὅτι
476 2060 603 2094 ἕκαστος
615 2061 669 2088 ἐάν
693 2061 723 2097 [λ.
747 2062 760 2089 ὃ
777 2062 821 2098 ἄν]
846 2071 872 2088 τι

86 2116 95 2132 ι
113 2106 229 2140 ποιήσῃ
246 2105 366 2139 ἀγαθὸν,
385 2106 471 2132 τοῦτο
485 2106 635 2140 κομίσεται
653 2107 732 2141 παρὰ
751 2108 870 2142 ΚιῬίου,

87 2161 95 2176 ι
114 2152 176 2177 εἴτε
193 2150 303 2183 δοῦλος
316 2151 374 2177 εἴτε
390 2151 546 2184 ἐλεύθερός
558 2152 623 2178 ἐστι
646 2153 677 2178 ’⁸.
697 2162 706 2177 ι

118 2196 219 2223 ΒΑΛΣ.
235 2196 303 2227 Τοὺς
324 2196 394 2222 κατὰ
409 2196 531 2224 κέλευσιν
555 2194 604 2224 καῖ
621 2198 734 2233 ἀπειλὴν
756 2199 809 2226 τῶν
830 2200 872 2226 δε-

84 2241 193 2268 σποτῶν
217 2241 349 2273 θύσαντας
370 2241 479 2273 δούλους
502 2243 547 2269 ἐπὶ
574 2243 693 2269 ἐνιαυτὸν
720 2245 834 2280 ἐπιτιμᾷ
858 2245 872 2271 ό

83 2288 178 2322 Πατὴρ
197 2285 292 2318 οὗτος
309 2287 346 2319 ὡς
367 2288 415 2323 μὲν
429 2282 482 2324 γὰρ
498 2289 630 2316 πεισθεῖσι
654 2291 710 2321 τοῖς
730 2290 872 2322 δεσπόταις

883 1660 904 1690 α
1225 1652 1338 1680 (Ἀλοξς
1353 1653 1398 1680 v1.

961 1711 969 1727 ι
989 1700 1008 1727 li
1021 1705 1109 1728 autem
1127 1700 1173 1735 qni
1197 1708 1290 1727 servos
1304 1698 1474 1726 Christianos
1501 1704 1550 1731 pro
1561 1703 1590 1723 se
1604 1695 1704 1723 submi-

925 1757 934 1773 ι
953 1751 1056 1778 serunt,
1073 1747 1142 1773 servi
1169 1745 1292 1779 quidem,
1322 1749 1350 1771 ut
1366 1744 1412 1778 qui
1425 1743 1475 1778 ipsi
1496 1743 1546 1769 sub
1563 1749 1642 1768 manu
1660 1749 1704 1768 es-

926 1803 934 1818 ‹
951 1797 1021 1823 sent,
1036 1796 1063 1818 ct
1078 1790 1277 1825 quodanunodo
1290 1790 1340 1823 ipsi
1359 1796 1468 1822 quoque
1483 1788 1510 1814 in
1532 1787 1703 1813 dominorum

926 1847 935 1863 ι
955 1836 1078 1864 custodia
1091 1839 1192 1866 essent,
1209 1835 1343 1868 minisque
1360 1834 1395 1860 ab
1414 1834 1479 1868 ipsis
1491 1832 1588 1861 territi,
1600 1835 1626 1858 et
1642 1839 1705 1865 pro-

926 1891 935 1908 ι
954 1887 1012 1917 pter
1025 1888 1120 1908 eorum
1147 1883 1248 1906 metum
1275 1887 1306 1906 eo
1329 1879 1462 1912 compulsi
1481 1881 1506 1904 et
1534 1877 1611 1911 lapsi,
1633 1883 1704 1903 anno

926 1937 934 1953 ι
953 1934 1033 1962 opera
1050 1925 1215 1960 ptenitentiae
1237 1924 1389 1955 ostendent,
1406 1929 1432 1950 et
1454 1923 1582 1957 deinceps
1598 1922 1705 1949 discen-

926 1983 934 1998 ι
951 1978 1001 2005 tes,
1015 1975 1044 1998 ut
1060 1972 1129 1998 servi
1143 1964 1256 2001 Christi,
1275 1969 1362 1996 facere
1378 1969 1480 1996 Christi
1499 1969 1665 1995 voluntatem
1677 1970 1704 1995 ει

927 2027 935 2043 ι
953 2026 1014 2045 eum
1033 2017 1127 2042 timere
1145 2025 1150 2041 :
1167 2015 1308 2041 audientes
1337 2014 1464 2044 maxime,
1477 2014 1547 2047 quod
1566 2012 1706 2045 unusquis-

926 2072 934 2088 ι
955 2071 1014 2097 que.
1035 2062 1058 2088 si
1075 2061 1137 2096 quid
1162 2060 1221 2087 boni
1239 2059 1340 2093 fecerit,
1366 2059 1413 2085 hoc
1442 2058 1505 2093 [erat
1531 2067 1547 2084 α
1579 2057 1703 2088 Domino,

926 2117 934 2132 ι
953 2108 1005 2134 sive
1016 2114 1103 2133 servus
1117 2106 1170 2132 sive
1186 2105 1250 2131 liber
1268 2105 1301 2131 sit
1316 2110 1339 2131 δ.
1358 2114 1367 2130 ›

958 2195 1038 2222 BALS.
1053 2194 1152 2222 Servos
1163 2194 1208 2228 qui
1227 2193 1396 2220 dominorum
1413 2192 1492 2227 jussu
1507 2199 1538 2218 ao
1565 2191 1646 2218 minis
1658 2199 1705 2219 sa-

923 2242 1090 2273 criﬁcarunt,
1105 2248 1175 2267 anno
1188 2239 1265 2274 punit
1280 2239 1324 2265 bic
1339 2238 1419 2264 Pater
1437 2247 1443 2264 :
1463 2241 1491 2263 ut
1511 2237 1555 2271 qui
1569 2237 1640 2264 cnim
1654 2237 1705 2263 do-

924 2287 997 2313 mino
1013 2286 1163 2322 paruerint,
1180 2285 1306 2318 ianoscit,
1331 2289 1356 2311 et
1380 2291 1460 2318 grave
1473 2283 1636 2318 supplicium
1652 2290 1706 2310 non

82 2334 283 2367 συγγνωμονεῐ,
295 2333 341 2359 καὶ
356 2333 465 2368 βαρεῖαν
483 2335 533 2360 οὐκ
544 2335 640 2368 ἐπάγει
653 2335 760 2361 κόλασιν
771 2344 777 2350 ”
793 2336 830 2367 ὡς
844 2336 868 2362 δὲ

924 2332 1020 2367 inﬂigit
1036 2341 1042 2358 :
1060 2335 1089 2358 ut
1106 2331 1151 2364 qui
1168 2334 1257 2356 autem
1281 2329 1336 2356 sint
1347 2331 1433 2363 magis
1451 2328 1553 2355 Christi
1581 2328 1662 2360 servi,
1679 2332 1706 2355 et

81 2378 185 2409 ὢύλοις
194 2378 312 2413 Χριστοῦ
322 2378 420 2413 μᾶλλον
430 2377 498 2411 οὖσι,
508 2380 630 2406 κάκεῖνον
642 2380 720 2407 πλέον
731 2381 869 2415 φοϐεῖσθαι

81 2423 230 2458 ὀφείλουσι,
239 2424 355 2458 μετρίως
363 2425 485 2460 ἐπιτιμᾷ.
495 2426 639 2458 Ἕκαστος
648 2426 713 2460 γὰρ,
723 2427 788 2461 φησὶ
800 2426 869 2453 κατὰ

81 2469 127 2496 τὸν
139 2469 227 2504 μέγαν
242 2470 355 2502 Παῦλον,
373 2470 388 2496 ὃ
402 2470 456 2497 ἐὰν
467 2470 580 2505 ποιήσῃ
592 2472 713 2503 ἀπιαθιῖν,
729 2472 870 2506 κομιεῖται

80 2515 171 2542 τοῦτο
186 2517 266 2549 παρὰ
282 2516 402 2550 Κυρίου,
416 2516 475 2543 εἴτε
492 2516 602 2549 δοῦλος
619 2517 679 2543 εἴτε
702 2518 869 2551 ἐλεύθερος.

118 2561 243 2588 ΖΩΝΑΡ.
263 2561 338 2593 Τινὲς
355 2562 464 2594 δούλους
479 2563 595 2594 οἰκείους
614 2563 791 2598 Χριστιανοὺς
812 2563 870 2590 ἀνθ’

83 2607 186 2634 ἑαυτῶν
200 2607 248 2633 καὶ
262 2607 381 2634 ἀκόντων
390 2608 695 2645 [[.ἆκοντας]ὺπιέ6αλον
709 2609 791 2636 θύειν.
804 2609 872 2641 Τοὺς

119 2689 132 2703 ι
146 2682 244 2718 Ephes.
257 2691 294 2716 vt,
309 2684 336 2718 8.

753 2750 870 2779 νΑῐιιλΕ

137 2833 170 2849 ¹³¹
188 2832 370 2866 ἑκχλίνοντας.
410 2835 453 2850 ""
468 2834 485 2868 ἢ
500 2834 545 2861 καὶ
561 2835 587 2862 εἷ
597 2843 676 2867 τινες.

715 2834 769 2851 ”"'
782 2843 810 2862 τε
825 2843 879 2863 om.

923 2387 984 2406 ettm
998 2379 1096 2405 debent
1110 2377 1196 2411 magis
1210 2382 1342 2406 metuere,
1355 2375 1517 2403 mediocrem
1534 2382 1640 2409 pinnam
1658 2374 1707 2400 im-

920 2425 1004 2459 ponit.
1024 2422 1291 2458 Unusquisqueenim,
1304 2421 1402 2455 inquit,
1418 2421 1567 2448 secundum
1579 2428 1705 2454 magnum

908 2464 1045 2500 'I’aulum,
1061 2468 1127 2504 quod
1141 2468 1228 2502 fecerit
1244 2466 1339 2494 bonum
1353 2475 1368 2494 a
1385 2466 1496 2493 Domino
1523 2466 1637 2500 recipiet,
1653 2467 1706 2492 sive

922 2525 1009 2543 servus
1019 2516 1070 2542 sive
1084 2515 1157 2541 liber.

958 2561 1061 2588 Zona.
1075 2560 1202 2587 Nonnulli
1221 2567 1314 2587 servos
1332 2566 1396 2586 suos
1417 2557 1600 2588 Christianos,
1617 2563 1664 2590 pro
1677 2563 1706 2582 se

924 2609 1009 2644 ipsis,
1036 2607 1116 2634 etiam
1142 2606 1241 2634 invitos
1264 2605 1298 2632 ad
1328 2604 1521 2631 immolandum
1544 2602 1705 2630 submisere.

897 2750 1097 2779 LECTIONES.

931 2835 996 2850 “non
1011 2834 1041 2862 ἐν
1057 2842 1110 2862 om.
1151 2834 1226 2850 "un.
1244 2832 1320 2859 Θεοῦ.
1359 2833 1380 2848 ιε
1396 2831 1470 2859 δείξει
1485 2829 1552 2859 ἐστι·
