  <div class='ocr_page' id='page_1' title='image "/cluster/home/n/w/nwhite01/storage/ocr_20150623/138/njp.32101077773123/331.png"; bbox 0 0 1914 3077; ppageno 0'>
   <div class='ocr_carea' id='block_1_1' title="bbox 272 215 325 247">
    <p class='ocr_par' dir='ltr' id='par_1_1' title="bbox 272 215 325 247">
     <span class='ocr_line' id='line_1_1' title="bbox 272 215 325 247; baseline 0 0"><span class='ocrx_word' id='word_1_1' title='bbox 272 215 325 247; x_wconf 75' lang='grc'><strong>543</strong></span> 
     </span>
    </p>
   </div>
   <div class='ocr_carea' id='block_1_2' title="bbox 900 209 1257 240">
    <p class='ocr_par' dir='ltr' id='par_1_2' title="bbox 900 209 1257 240">
     <span class='ocr_line' id='line_1_2' title="bbox 900 209 1257 240; baseline 0 0"><span class='ocrx_word' id='word_1_2' title='bbox 900 210 1035 240; x_wconf 78' lang='lat' dir='ltr'><strong>TllEOD.</strong></span> <span class='ocrx_word' id='word_1_3' title='bbox 1059 209 1257 240; x_wconf 84' lang='lat' dir='ltr'><strong>BALSAMON</strong></span> 
     </span>
    </p>
   </div>
   <div class='ocr_carea' id='block_1_3' title="bbox 1835 211 1887 244">
    <p class='ocr_par' dir='ltr' id='par_1_3' title="bbox 1835 211 1887 244">
     <span class='ocr_line' id='line_1_3' title="bbox 1835 211 1887 244; baseline -0.038 0"><span class='ocrx_word' id='word_1_4' title='bbox 1835 211 1887 244; x_wconf 62' lang='lat'><strong>545</strong></span> 
     </span>
    </p>
   </div>
   <div class='ocr_carea' id='block_1_4' title="bbox 235 274 1048 316">
    <p class='ocr_par' dir='ltr' id='par_1_4' title="bbox 235 276 1036 316">
     <span class='ocr_line' id='line_1_4' title="bbox 235 276 1036 316; baseline -0.007 -7"><span class='ocrx_word' id='word_1_5' title='bbox 235 288 239 305; x_wconf 75' lang='lat' dir='ltr'><strong><em>I</em></strong></span> <span class='ocrx_word' id='word_1_6' title='bbox 268 287 342 315; x_wconf 81' lang='lat' dir='ltr'><strong>runt,</strong></span> <span class='ocrx_word' id='word_1_7' title='bbox 355 286 445 316; x_wconf 89' lang='lat' dir='ltr'><strong>utpote</strong></span> <span class='ocrx_word' id='word_1_8' title='bbox 458 289 512 308; x_wconf 89' lang='lat' dir='ltr'><strong>non</strong></span> <span class='ocrx_word' id='word_1_9' title='bbox 531 287 546 307; x_wconf 88' lang='lat' dir='ltr'><strong>a</strong></span> <span class='ocrx_word' id='word_1_10' title='bbox 566 279 687 306; x_wconf 87' lang='lat' dir='ltr'><strong>barbaris</strong></span> <span class='ocrx_word' id='word_1_11' title='bbox 700 279 812 309; x_wconf 82' lang='lat' dir='ltr'><strong>ablatas,</strong></span> <span class='ocrx_word' id='word_1_12' title='bbox 826 277 866 304; x_wconf 99' lang='lat' dir='ltr'><strong>vel</strong></span> <span class='ocrx_word' id='word_1_13' title='bbox 881 277 907 304; x_wconf 88' lang='lat' dir='ltr'><strong>in</strong></span> <span class='ocrx_word' id='word_1_14' title='bbox 920 277 970 304; x_wconf 84' lang='lat' dir='ltr'><strong>viis</strong></span> <span class='ocrx_word' id='word_1_15' title='bbox 995 276 1036 304; x_wconf 68' lang='lat' dir='ltr'><strong>ab</strong></span> 
     </span>
    </p>
   </div>
   <div class='ocr_carea' id='block_1_5' title="bbox 1105 274 1885 316">
    <p class='ocr_par' dir='ltr' id='par_1_5' title="bbox 1105 274 1885 312">
     <span class='ocr_line' id='line_1_5' title="bbox 1105 274 1885 312; baseline 0 -10"><span class='ocrx_word' id='word_1_16' title='bbox 1105 275 1258 311; x_wconf 68' lang='grc' dir='ltr'><strong>πράγματα,</strong></span> <span class='ocrx_word' id='word_1_17' title='bbox 1268 275 1306 306; x_wconf 83' lang='grc' dir='ltr'><strong>ὡς</strong></span> <span class='ocrx_word' id='word_1_18' title='bbox 1319 274 1355 310; x_wconf 80' lang='grc' dir='ltr'><strong>μὴ</strong></span> <span class='ocrx_word' id='word_1_19' title='bbox 1373 274 1447 310; x_wconf 80' lang='grc' dir='ltr'><strong>παρὰ</strong></span> <span class='ocrx_word' id='word_1_20' title='bbox 1461 275 1514 302; x_wconf 86' lang='grc' dir='ltr'><strong>τῶν</strong></span> <span class='ocrx_word' id='word_1_21' title='bbox 1528 274 1672 312; x_wconf 77' lang='grc' dir='ltr'><strong>βαρϐάρων</strong></span> <span class='ocrx_word' id='word_1_22' title='bbox 1687 276 1885 312; x_wconf 71' lang='grc' dir='ltr'><strong>ἀφαιρεθέντα,</strong></span> 
     </span>
    </p>
   </div>
   <div class='ocr_carea' id='block_1_6' title="bbox 266 321 1042 362">
    <p class='ocr_par' dir='ltr' id='par_1_6' title="bbox 266 321 1042 362">
     <span class='ocr_line' id='line_1_6' title="bbox 266 321 1042 362; baseline -0.005 -10"><span class='ocrx_word' id='word_1_23' title='bbox 266 328 358 362; x_wconf 69' lang='lat' dir='ltr'><strong>joctas,</strong></span> <span class='ocrx_word' id='word_1_24' title='bbox 371 327 484 354; x_wconf 71' lang='lat' dir='ltr'><strong>fortasse</strong></span> <span class='ocrx_word' id='word_1_25' title='bbox 493 329 598 361; x_wconf 91' lang='lat' dir='ltr'><strong>propter</strong></span> <span class='ocrx_word' id='word_1_26' title='bbox 607 324 721 359; x_wconf 86' lang='lat' dir='ltr'><strong>pondus,</strong></span> <span class='ocrx_word' id='word_1_27' title='bbox 731 324 852 351; x_wconf 86' lang='lat' dir='ltr'><strong>inventas</strong></span> <span class='ocrx_word' id='word_1_28' title='bbox 859 322 966 357; x_wconf 87' lang='lat' dir='ltr'><strong>quidem</strong></span> <span class='ocrx_word' id='word_1_29' title='bbox 973 321 1042 349; x_wconf 85' lang='lat' dir='ltr'><strong>bona</strong></span> 
     </span>
    </p>
   </div>
   <div class='ocr_carea' id='block_1_7' title="bbox 269 368 1054 406">
    <p class='ocr_par' dir='ltr' id='par_1_7' title="bbox 269 368 1054 406">
     <span class='ocr_line' id='line_1_7' title="bbox 269 368 1054 406; baseline -0.006 -7"><span class='ocrx_word' id='word_1_30' title='bbox 269 373 321 400; x_wconf 86' lang='lat' dir='ltr'><strong>lide</strong></span> <span class='ocrx_word' id='word_1_31' title='bbox 338 373 522 399; x_wconf 68' lang='lat' dir='ltr'><strong>restituentes.</strong></span> <span class='ocrx_word' id='word_1_32' title='bbox 537 371 563 398; x_wconf 89' lang='lat' dir='ltr'><strong>in</strong></span> <span class='ocrx_word' id='word_1_33' title='bbox 573 370 626 406; x_wconf 67' lang='grc'><strong>34,</strong></span> <span class='ocrx_word' id='word_1_34' title='bbox 637 370 755 404; x_wconf 78' lang='lat' dir='ltr'><strong>perfecto</strong></span> <span class='ocrx_word' id='word_1_35' title='bbox 766 369 848 404; x_wconf 82' lang='lat' dir='ltr'><strong>gradu</strong></span> <span class='ocrx_word' id='word_1_36' title='bbox 865 373 936 396; x_wconf 84' lang='lat' dir='ltr'><strong>stare</strong></span> <span class='ocrx_word' id='word_1_37' title='bbox 952 368 1054 395; x_wconf 81' lang='lat' dir='ltr'><strong>debere</strong></span> 
     </span>
    </p>
   </div>
   <div class='ocr_carea' id='block_1_8' title="bbox 270 412 1051 442">
    <p class='ocr_par' dir='ltr' id='par_1_8' title="bbox 270 412 1051 442">
     <span class='ocr_line' id='line_1_8' title="bbox 270 412 1051 442; baseline -0.003 -1"><span class='ocrx_word' id='word_1_38' title='bbox 270 423 331 441; x_wconf 82' lang='lat' dir='ltr'><strong>cum</strong></span> <span class='ocrx_word' id='word_1_39' title='bbox 342 414 530 442; x_wconf 78' lang='lat' dir='ltr'><strong>ﬁdelibus.Sin</strong></span> <span class='ocrx_word' id='word_1_40' title='bbox 541 420 629 441; x_wconf 83' lang='lat' dir='ltr'><strong>autem</strong></span> <span class='ocrx_word' id='word_1_41' title='bbox 639 412 929 441; x_wconf 80' lang='lat' dir='ltr'><strong>condemnatifuerint.</strong></span> <span class='ocrx_word' id='word_1_42' title='bbox 940 413 1051 440; x_wconf 87' lang='lat' dir='ltr'><strong>colloca-</strong></span> 
     </span>
    </p>
   </div>
   <div class='ocr_carea' id='block_1_9' title="bbox 269 459 1053 495">
    <p class='ocr_par' dir='ltr' id='par_1_9' title="bbox 269 459 1053 495">
     <span class='ocr_line' id='line_1_9' title="bbox 269 459 1053 495; baseline -0.001 -8"><span class='ocrx_word' id='word_1_43' title='bbox 269 461 294 487; x_wconf 84' lang='lat' dir='ltr'><strong>ri</strong></span> <span class='ocrx_word' id='word_1_44' title='bbox 302 467 365 487; x_wconf 88' lang='lat' dir='ltr'><strong>cum</strong></span> <span class='ocrx_word' id='word_1_45' title='bbox 374 460 407 487; x_wconf 88' lang='lat' dir='ltr'><strong>iis</strong></span> <span class='ocrx_word' id='word_1_46' title='bbox 415 461 461 495; x_wconf 85' lang='lat' dir='ltr'><strong>qui</strong></span> <span class='ocrx_word' id='word_1_47' title='bbox 470 460 693 492; x_wconf 81' lang='lat' dir='ltr'><strong>substernuntur,</strong></span> <span class='ocrx_word' id='word_1_48' title='bbox 702 459 805 486; x_wconf 84' lang='lat' dir='ltr'><strong>scilicet</strong></span> <span class='ocrx_word' id='word_1_49' title='bbox 812 459 902 494; x_wconf 75' lang='lat' dir='ltr'><strong>egredi</strong></span> <span class='ocrx_word' id='word_1_50' title='bbox 910 466 971 486; x_wconf 89' lang='lat' dir='ltr'><strong>cum</strong></span> <span class='ocrx_word' id='word_1_51' title='bbox 981 464 1053 486; x_wconf 85' lang='lat' dir='ltr'><strong>cate-</strong></span> 
     </span>
    </p>
   </div>
   <div class='ocr_carea' id='block_1_10' title="bbox 269 502 1043 537">
    <p class='ocr_par' dir='ltr' id='par_1_10' title="bbox 269 502 1043 537">
     <span class='ocr_line' id='line_1_10' title="bbox 269 502 1043 537; baseline -0.003 -6"><span class='ocrx_word' id='word_1_52' title='bbox 269 504 421 531; x_wconf 86' lang='lat' dir='ltr'><strong>chumenis.</strong></span> <span class='ocrx_word' id='word_1_53' title='bbox 431 502 492 530; x_wconf 68' lang='lat' dir='ltr'><strong>Hzec</strong></span> <span class='ocrx_word' id='word_1_54' title='bbox 499 510 559 529; x_wconf 90' lang='lat' dir='ltr'><strong>cum</strong></span> <span class='ocrx_word' id='word_1_55' title='bbox 572 503 606 529; x_wconf 80' lang='lat' dir='ltr'><strong>ita</strong></span> <span class='ocrx_word' id='word_1_56' title='bbox 618 510 645 529; x_wconf 85' lang='lat' dir='ltr'><strong>se</strong></span> <span class='ocrx_word' id='word_1_57' title='bbox 659 503 784 535; x_wconf 81' lang='lat' dir='ltr'><strong>habeant,</strong></span> <span class='ocrx_word' id='word_1_58' title='bbox 795 503 892 529; x_wconf 92' lang='lat' dir='ltr'><strong>dixerit</strong></span> <span class='ocrx_word' id='word_1_59' title='bbox 900 503 1043 537; x_wconf 84' lang='lat' dir='ltr'><strong>quispiam,</strong></span> 
     </span>
    </p>
   </div>
   <div class='ocr_carea' id='block_1_11' title="bbox 269 549 1044 584">
    <p class='ocr_par' dir='ltr' id='par_1_11' title="bbox 269 549 1044 584">
     <span class='ocr_line' id='line_1_11' title="bbox 269 549 1044 584; baseline -0.003 -6"><span class='ocrx_word' id='word_1_60' title='bbox 269 559 315 578; x_wconf 74' lang='lat' dir='ltr'><strong>eos</strong></span> <span class='ocrx_word' id='word_1_61' title='bbox 333 551 372 577; x_wconf 86' lang='lat' dir='ltr'><strong>sic</strong></span> <span class='ocrx_word' id='word_1_62' title='bbox 387 550 484 584; x_wconf 91' lang='lat' dir='ltr'><strong>puniri,</strong></span> <span class='ocrx_word' id='word_1_63' title='bbox 500 551 545 584; x_wconf 89' lang='lat' dir='ltr'><strong>qui</strong></span> <span class='ocrx_word' id='word_1_64' title='bbox 563 557 610 584; x_wconf 89' lang='lat' dir='ltr'><strong>pro</strong></span> <span class='ocrx_word' id='word_1_65' title='bbox 624 557 653 576; x_wconf 91' lang='lat' dir='ltr'><strong>re</strong></span> <span class='ocrx_word' id='word_1_66' title='bbox 667 549 773 576; x_wconf 82' lang='lat' dir='ltr'><strong>inventa</strong></span> <span class='ocrx_word' id='word_1_67' title='bbox 791 549 953 576; x_wconf 84' lang='lat' dir='ltr'><strong>restituenda</strong></span> <span class='ocrx_word' id='word_1_68' title='bbox 979 557 1044 576; x_wconf 91' lang='lat' dir='ltr'><strong>con-</strong></span> 
     </span>
    </p>
   </div>
   <div class='ocr_carea' id='block_1_12' title="bbox 270 595 1044 630">
    <p class='ocr_par' dir='ltr' id='par_1_12' title="bbox 270 595 1044 630">
     <span class='ocr_line' id='line_1_12' title="bbox 270 595 1044 630; baseline -0.001 -7"><span class='ocrx_word' id='word_1_69' title='bbox 270 596 469 624; x_wconf 85' lang='lat' dir='ltr'><strong>demnationem</strong></span> <span class='ocrx_word' id='word_1_70' title='bbox 491 599 658 629; x_wconf 80' lang='lat' dir='ltr'><strong>exspectant,</strong></span> <span class='ocrx_word' id='word_1_71' title='bbox 680 602 739 621; x_wconf 84' lang='lat' dir='ltr'><strong>esse</strong></span> <span class='ocrx_word' id='word_1_72' title='bbox 754 595 934 629; x_wconf 79' lang='lat' dir='ltr'><strong>justissitnum</strong></span> <span class='ocrx_word' id='word_1_73' title='bbox 947 615 954 627; x_wconf 87' lang='lat'><strong>,</strong></span> <span class='ocrx_word' id='word_1_74' title='bbox 973 602 1044 630; x_wconf 84' lang='lat' dir='ltr'><strong>quo-</strong></span> 
     </span>
    </p>
   </div>
   <div class='ocr_carea' id='block_1_13' title="bbox 269 639 1044 674">
    <p class='ocr_par' dir='ltr' id='par_1_13' title="bbox 269 639 1044 674">
     <span class='ocr_line' id='line_1_13' title="bbox 269 639 1044 674; baseline -0.001 -6"><span class='ocrx_word' id='word_1_75' title='bbox 269 641 344 668; x_wconf 84' lang='lat' dir='ltr'><strong>niam</strong></span> <span class='ocrx_word' id='word_1_76' title='bbox 360 640 424 667; x_wconf 82' lang='lat' dir='ltr'><strong>furti</strong></span> <span class='ocrx_word' id='word_1_77' title='bbox 439 648 544 674; x_wconf 87' lang='lat' dir='ltr'><strong>quoque</strong></span> <span class='ocrx_word' id='word_1_78' title='bbox 560 639 666 666; x_wconf 85' lang='lat' dir='ltr'><strong>actione</strong></span> <span class='ocrx_word' id='word_1_79' title='bbox 681 644 821 672; x_wconf 77' lang='lat' dir='ltr'><strong>tenemur,</strong></span> <span class='ocrx_word' id='word_1_80' title='bbox 837 640 985 667; x_wconf 84' lang='lat' dir='ltr'><strong>secundum</strong></span> <span class='ocrx_word' id='word_1_81' title='bbox 1005 640 1044 667; x_wconf 89' lang='lat' dir='ltr'><strong>le-</strong></span> 
     </span>
    </p>
   </div>
   <div class='ocr_carea' id='block_1_14' title="bbox 269 684 1045 721">
    <p class='ocr_par' dir='ltr' id='par_1_14' title="bbox 269 684 1045 721">
     <span class='ocr_line' id='line_1_14' title="bbox 269 684 1045 721; baseline 0 -9"><span class='ocrx_word' id='word_1_82' title='bbox 269 694 341 721; x_wconf 75' lang='lat' dir='ltr'><strong>gem,</strong></span> <span class='ocrx_word' id='word_1_83' title='bbox 356 693 415 720; x_wconf 69' lang='lat' dir='ltr'><strong>qua:</strong></span> <span class='ocrx_word' id='word_1_84' title='bbox 431 685 513 712; x_wconf 85' lang='lat' dir='ltr'><strong>dicit:</strong></span> <span class='ocrx_word' id='word_1_85' title='bbox 527 684 581 711; x_wconf 84' lang='lat' dir='ltr'><strong>Fur</strong></span> <span class='ocrx_word' id='word_1_86' title='bbox 593 684 690 718; x_wconf 88' lang='lat' dir='ltr'><strong>estqui</strong></span> <span class='ocrx_word' id='word_1_87' title='bbox 705 692 759 711; x_wconf 89' lang='lat' dir='ltr'><strong>rem</strong></span> <span class='ocrx_word' id='word_1_88' title='bbox 772 685 886 712; x_wconf 85' lang='lat' dir='ltr'><strong>alienam</strong></span> <span class='ocrx_word' id='word_1_89' title='bbox 898 689 1045 712; x_wconf 84' lang='lat' dir='ltr'><strong>contrectat</strong></span> 
     </span>
    </p>
   </div>
   <div class='ocr_carea' id='block_1_15' title="bbox 270 730 1044 765">
    <p class='ocr_par' dir='ltr' id='par_1_15' title="bbox 270 730 1044 765">
     <span class='ocr_line' id='line_1_15' title="bbox 270 730 1044 765; baseline -0.001 -8"><span class='ocrx_word' id='word_1_90' title='bbox 270 736 367 765; x_wconf 63' lang='lat' dir='ltr'><strong>praeter</strong></span> <span class='ocrx_word' id='word_1_91' title='bbox 382 730 483 757; x_wconf 90' lang='lat' dir='ltr'><strong>domini</strong></span> <span class='ocrx_word' id='word_1_92' title='bbox 498 730 673 761; x_wconf 84' lang='lat' dir='ltr'><strong>voluntatem,</strong></span> <span class='ocrx_word' id='word_1_93' title='bbox 695 731 783 757; x_wconf 78' lang='lat' dir='ltr'><strong>scietis</strong></span> <span class='ocrx_word' id='word_1_94' title='bbox 795 730 820 757; x_wconf 90' lang='lat' dir='ltr'><strong>id</strong></span> <span class='ocrx_word' id='word_1_95' title='bbox 839 730 877 757; x_wconf 88' lang='lat' dir='ltr'><strong>illi</strong></span> <span class='ocrx_word' id='word_1_96' title='bbox 902 730 1044 757; x_wconf 90' lang='lat' dir='ltr'><strong>molestum</strong></span> 
     </span>
    </p>
   </div>
   <div class='ocr_carea' id='block_1_16' title="bbox 271 775 1044 806">
    <p class='ocr_par' dir='ltr' id='par_1_16' title="bbox 271 775 1044 806">
     <span class='ocr_line' id='line_1_16' title="bbox 271 775 1044 806; baseline -0.001 -3"><span class='ocrx_word' id='word_1_97' title='bbox 271 784 339 803; x_wconf 79' lang='lat' dir='ltr'><strong>csse.</strong></span> <span class='ocrx_word' id='word_1_98' title='bbox 355 776 422 803; x_wconf 86' lang='lat' dir='ltr'><strong>Cum</strong></span> <span class='ocrx_word' id='word_1_99' title='bbox 437 775 559 802; x_wconf 83' lang='lat' dir='ltr'><strong>lidclibus</strong></span> <span class='ocrx_word' id='word_1_100' title='bbox 570 779 657 801; x_wconf 88' lang='lat' dir='ltr'><strong>autem</strong></span> <span class='ocrx_word' id='word_1_101' title='bbox 671 775 830 806; x_wconf 82' lang='lat' dir='ltr'><strong>consistere,</strong></span> <span class='ocrx_word' id='word_1_102' title='bbox 844 780 871 802; x_wconf 91' lang='lat' dir='ltr'><strong>et</strong></span> <span class='ocrx_word' id='word_1_103' title='bbox 888 783 1044 802; x_wconf 87' lang='lat' dir='ltr'><strong>sacramen-</strong></span> 
     </span>
    </p>
   </div>
   <div class='ocr_carea' id='block_1_17' title="bbox 272 820 1043 855">
    <p class='ocr_par' dir='ltr' id='par_1_17' title="bbox 272 820 1043 855">
     <span class='ocr_line' id='line_1_17' title="bbox 272 820 1043 855; baseline 0 -8"><span class='ocrx_word' id='word_1_104' title='bbox 272 821 305 848; x_wconf 88' lang='lat' dir='ltr'><strong>tis</strong></span> <span class='ocrx_word' id='word_1_105' title='bbox 332 825 435 847; x_wconf 87' lang='lat' dir='ltr'><strong>tantum</strong></span> <span class='ocrx_word' id='word_1_106' title='bbox 448 827 500 847; x_wconf 91' lang='lat' dir='ltr'><strong>non</strong></span> <span class='ocrx_word' id='word_1_107' title='bbox 518 820 621 855; x_wconf 84' lang='lat' dir='ltr'><strong>dignari</strong></span> <span class='ocrx_word' id='word_1_108' title='bbox 635 828 695 846; x_wconf 90' lang='lat' dir='ltr'><strong>eum</strong></span> <span class='ocrx_word' id='word_1_109' title='bbox 710 821 755 854; x_wconf 93' lang='lat' dir='ltr'><strong>qui</strong></span> <span class='ocrx_word' id='word_1_110' title='bbox 770 828 798 846; x_wconf 88' lang='lat' dir='ltr'><strong>se</strong></span> <span class='ocrx_word' id='word_1_111' title='bbox 811 821 897 854; x_wconf 88' lang='lat' dir='ltr'><strong>ipsum</strong></span> <span class='ocrx_word' id='word_1_112' title='bbox 910 821 1043 852; x_wconf 86' lang='lat' dir='ltr'><strong>detulerit,</strong></span> 
     </span>
    </p>
   </div>
   <div class='ocr_carea' id='block_1_18' title="bbox 270 865 1046 900">
    <p class='ocr_par' dir='ltr' id='par_1_18' title="bbox 270 865 1046 900">
     <span class='ocr_line' id='line_1_18' title="bbox 270 865 1046 900; baseline 0.003 -8"><span class='ocrx_word' id='word_1_113' title='bbox 270 871 296 893; x_wconf 79' lang='lat' dir='ltr'><strong>et</strong></span> <span class='ocrx_word' id='word_1_114' title='bbox 308 867 390 900; x_wconf 86' lang='lat' dir='ltr'><strong>probe</strong></span> <span class='ocrx_word' id='word_1_115' title='bbox 399 873 454 892; x_wconf 90' lang='lat' dir='ltr'><strong>rem</strong></span> <span class='ocrx_word' id='word_1_116' title='bbox 468 866 603 891; x_wconf 84' lang='lat' dir='ltr'><strong>inventam</strong></span> <span class='ocrx_word' id='word_1_117' title='bbox 615 865 727 896; x_wconf 78' lang='lat' dir='ltr'><strong>dederit,</strong></span> <span class='ocrx_word' id='word_1_118' title='bbox 742 874 838 892; x_wconf 84' lang='lat' dir='ltr'><strong>novum</strong></span> <span class='ocrx_word' id='word_1_119' title='bbox 852 871 908 897; x_wconf 84' lang='lat' dir='ltr'><strong>est;</strong></span> <span class='ocrx_word' id='word_1_120' title='bbox 924 871 964 893; x_wconf 86' lang='lat' dir='ltr'><strong>est</strong></span> <span class='ocrx_word' id='word_1_121' title='bbox 974 866 1046 894; x_wconf 89' lang='lat' dir='ltr'><strong>enim</strong></span> 
     </span>
    </p>
   </div>
   <div class='ocr_carea' id='block_1_19' title="bbox 272 909 1046 945">
    <p class='ocr_par' dir='ltr' id='par_1_19' title="bbox 272 909 1046 945">
     <span class='ocr_line' id='line_1_19' title="bbox 272 909 1046 945; baseline 0 -8"><span class='ocrx_word' id='word_1_122' title='bbox 272 911 361 945; x_wconf 87' lang='lat' dir='ltr'><strong>potius</strong></span> <span class='ocrx_word' id='word_1_123' title='bbox 378 909 545 937; x_wconf 79' lang='lat' dir='ltr'><strong>Eucliaristia</strong></span> <span class='ocrx_word' id='word_1_124' title='bbox 558 909 665 944; x_wconf 75' lang='lat' dir='ltr'><strong>dignus.</strong></span> <span class='ocrx_word' id='word_1_125' title='bbox 677 914 706 937; x_wconf 87' lang='lat' dir='ltr'><strong>ut</strong></span> <span class='ocrx_word' id='word_1_126' title='bbox 716 911 761 944; x_wconf 92' lang='lat' dir='ltr'><strong>qui</strong></span> <span class='ocrx_word' id='word_1_127' title='bbox 774 918 829 937; x_wconf 91' lang='lat' dir='ltr'><strong>rem</strong></span> <span class='ocrx_word' id='word_1_128' title='bbox 845 911 941 944; x_wconf 77' lang='lat' dir='ltr'><strong>captivi</strong></span> <span class='ocrx_word' id='word_1_129' title='bbox 956 919 1046 938; x_wconf 85' lang='lat' dir='ltr'><strong>serva-</strong></span> 
     </span>
    </p>
   </div>
   <div class='ocr_carea' id='block_1_20' title="bbox 1097 320 1883 360">
    <p class='ocr_par' dir='ltr' id='par_1_20' title="bbox 1097 320 1883 360">
     <span class='ocr_line' id='line_1_20' title="bbox 1097 320 1883 360; baseline 0.004 -12"><span class='ocrx_word' id='word_1_130' title='bbox 1097 321 1114 357; x_wconf 77' lang='grc' dir='ltr'>ἢ</span> <span class='ocrx_word' id='word_1_131' title='bbox 1130 320 1175 348; x_wconf 78' lang='grc' dir='ltr'><strong>καὶ</strong></span> <span class='ocrx_word' id='word_1_132' title='bbox 1191 320 1261 347; x_wconf 81' lang='grc' dir='ltr'><strong>κατὰ</strong></span> <span class='ocrx_word' id='word_1_133' title='bbox 1273 320 1322 352; x_wconf 87' lang='grc' dir='ltr'><strong>τὰς</strong></span> <span class='ocrx_word' id='word_1_134' title='bbox 1345 321 1420 352; x_wconf 80' lang='grc' dir='ltr'><strong>ὀδοὺς</strong></span> <span class='ocrx_word' id='word_1_135' title='bbox 1440 320 1560 356; x_wconf 78' lang='grc' dir='ltr'><strong>ῥιφέντα,</strong></span> <span class='ocrx_word' id='word_1_136' title='bbox 1578 322 1621 349; x_wconf 80' lang='grc' dir='ltr'><strong>διὰ</strong></span> <span class='ocrx_word' id='word_1_137' title='bbox 1638 323 1668 350; x_wconf 73' lang='grc' dir='ltr'><strong>τὸ</strong></span> <span class='ocrx_word' id='word_1_138' title='bbox 1685 323 1768 360; x_wconf 81' lang='grc' dir='ltr'><strong>βάρος</strong></span> <span class='ocrx_word' id='word_1_139' title='bbox 1787 323 1883 358; x_wconf 76' lang='grc' dir='ltr'><strong>τυχὸν,</strong></span> 
     </span>
    </p>
   </div>
   <div class='ocr_carea' id='block_1_21' title="bbox 1097 365 1886 404">
    <p class='ocr_par' dir='ltr' id='par_1_21' title="bbox 1097 365 1886 404">
     <span class='ocr_line' id='line_1_21' title="bbox 1097 365 1886 404; baseline 0.004 -11"><span class='ocrx_word' id='word_1_140' title='bbox 1097 366 1335 397; x_wconf 78' lang='grc' dir='ltr'><strong>ἁποκαϐιστῶντας</strong></span> <span class='ocrx_word' id='word_1_141' title='bbox 1350 365 1399 401; x_wconf 81' lang='grc' dir='ltr'><strong>μὲν</strong></span> <span class='ocrx_word' id='word_1_142' title='bbox 1420 366 1596 402; x_wconf 85' lang='grc' dir='ltr'><strong>εὐγνωμόνως</strong></span> <span class='ocrx_word' id='word_1_143' title='bbox 1617 368 1650 395; x_wconf 67' lang='grc' dir='ltr'><strong>τίυ</strong></span> <span class='ocrx_word' id='word_1_144' title='bbox 1671 369 1833 404; x_wconf 80' lang='grc' dir='ltr'><strong>εὑρεθέντα,</strong></span> <span class='ocrx_word' id='word_1_145' title='bbox 1847 371 1886 401; x_wconf 84' lang='grc' dir='ltr'><strong>εἰς</strong></span> 
     </span>
    </p>
   </div>
   <div class='ocr_carea' id='block_1_22' title="bbox 1097 412 1883 449">
    <p class='ocr_par' dir='ltr' id='par_1_22' title="bbox 1097 412 1883 449">
     <span class='ocr_line' id='line_1_22' title="bbox 1097 412 1883 449; baseline 0.004 -10"><span class='ocrx_word' id='word_1_146' title='bbox 1097 413 1142 439; x_wconf 76' lang='grc' dir='ltr'>τὸν</span> <span class='ocrx_word' id='word_1_147' title='bbox 1165 412 1245 438; x_wconf 83' lang='grc' dir='ltr'>τόπον</span> <span class='ocrx_word' id='word_1_148' title='bbox 1269 412 1392 438; x_wconf 77' lang='grc' dir='ltr'><strong>ἰστασοαι</strong></span> <span class='ocrx_word' id='word_1_149' title='bbox 1413 412 1458 439; x_wconf 78' lang='grc' dir='ltr'><strong>τὸν</strong></span> <span class='ocrx_word' id='word_1_150' title='bbox 1476 413 1576 440; x_wconf 82' lang='grc' dir='ltr'><strong>τέλειον</strong></span> <span class='ocrx_word' id='word_1_151' title='bbox 1593 413 1661 449; x_wconf 84' lang='grc' dir='ltr'><strong>μετὰ</strong></span> <span class='ocrx_word' id='word_1_152' title='bbox 1680 415 1734 442; x_wconf 88' lang='grc' dir='ltr'><strong>τῶν</strong></span> <span class='ocrx_word' id='word_1_153' title='bbox 1756 415 1883 442; x_wconf 66' lang='grc' dir='ltr'><strong>πιστῶνι</strong></span> 
     </span>
    </p>
   </div>
   <div class='ocr_carea' id='block_1_23' title="bbox 1098 457 1885 492">
    <p class='ocr_par' dir='ltr' id='par_1_23' title="bbox 1098 457 1885 492">
     <span class='ocr_line' id='line_1_23' title="bbox 1098 457 1885 492; baseline 0.004 -8"><span class='ocrx_word' id='word_1_154' title='bbox 1098 458 1121 484; x_wconf 91' lang='grc' dir='ltr'><strong>εἰ</strong></span> <span class='ocrx_word' id='word_1_155' title='bbox 1136 457 1163 484; x_wconf 83' lang='grc' dir='ltr'><strong>δὲ</strong></span> <span class='ocrx_word' id='word_1_156' title='bbox 1178 457 1404 488; x_wconf 80' lang='grc' dir='ltr'><strong>καταδικασθῶσι,</strong></span> <span class='ocrx_word' id='word_1_157' title='bbox 1418 458 1561 485; x_wconf 76' lang='grc' dir='ltr'><strong>τάττεσθαι</strong></span> <span class='ocrx_word' id='word_1_158' title='bbox 1576 460 1624 486; x_wconf 74' lang='grc' dir='ltr'><strong>σὺν</strong></span> <span class='ocrx_word' id='word_1_159' title='bbox 1639 462 1694 492; x_wconf 87' lang='grc' dir='ltr'><strong>τοῖς</strong></span> <span class='ocrx_word' id='word_1_160' title='bbox 1711 460 1885 487; x_wconf 69' lang='grc' dir='ltr'><strong>ὑποπίπτου-</strong></span> 
     </span>
    </p>
   </div>
   <div class='ocr_carea' id='block_1_24' title="bbox 1099 502 1885 540">
    <p class='ocr_par' dir='ltr' id='par_1_24' title="bbox 1099 502 1885 540">
     <span class='ocr_line' id='line_1_24' title="bbox 1099 502 1885 540; baseline 0.005 -12"><span class='ocrx_word' id='word_1_161' title='bbox 1099 511 1150 534; x_wconf 80' lang='grc' dir='ltr'><strong>σιν,</strong></span> <span class='ocrx_word' id='word_1_162' title='bbox 1163 503 1245 537; x_wconf 69' lang='grc' dir='ltr'>ἤγουν</span> <span class='ocrx_word' id='word_1_163' title='bbox 1258 502 1414 537; x_wconf 81' lang='grc' dir='ltr'><strong>ὲξέρχεσθαι</strong></span> <span class='ocrx_word' id='word_1_164' title='bbox 1429 503 1497 538; x_wconf 83' lang='grc' dir='ltr'><strong>μετὰ</strong></span> <span class='ocrx_word' id='word_1_165' title='bbox 1512 504 1564 530; x_wconf 87' lang='grc' dir='ltr'><strong>τῶν</strong></span> <span class='ocrx_word' id='word_1_166' title='bbox 1580 505 1803 540; x_wconf 82' lang='grc' dir='ltr'><strong>κατηχουμένων.</strong></span> <span class='ocrx_word' id='word_1_167' title='bbox 1818 505 1885 532; x_wconf 69' lang='grc' dir='ltr'><strong>Τού-</strong></span> 
     </span>
    </p>
   </div>
   <div class='ocr_carea' id='block_1_25' title="bbox 1097 547 1886 583">
    <p class='ocr_par' dir='ltr' id='par_1_25' title="bbox 1097 547 1886 583">
     <span class='ocr_line' id='line_1_25' title="bbox 1097 547 1886 583; baseline 0.001 -7"><span class='ocrx_word' id='word_1_168' title='bbox 1097 557 1150 576; x_wconf 80' lang='grc' dir='ltr'><strong>των</strong></span> <span class='ocrx_word' id='word_1_169' title='bbox 1163 547 1249 580; x_wconf 82' lang='grc' dir='ltr'><strong>οὕτως</strong></span> <span class='ocrx_word' id='word_1_170' title='bbox 1271 548 1385 583; x_wconf 77' lang='grc' dir='ltr'><strong>ἑχόντων</strong></span> <span class='ocrx_word' id='word_1_171' title='bbox 1396 569 1402 581; x_wconf 86' lang='grc'>,</span> <span class='ocrx_word' id='word_1_172' title='bbox 1419 549 1489 575; x_wconf 79' lang='grc' dir='ltr'><strong>εἴποι</strong></span> <span class='ocrx_word' id='word_1_173' title='bbox 1510 557 1561 582; x_wconf 81' lang='grc' dir='ltr'><strong>τις,</strong></span> <span class='ocrx_word' id='word_1_174' title='bbox 1577 549 1614 581; x_wconf 85' lang='grc' dir='ltr'><strong>ὡς</strong></span> <span class='ocrx_word' id='word_1_175' title='bbox 1629 550 1659 576; x_wconf 76' lang='grc' dir='ltr'><strong>τὸ</strong></span> <span class='ocrx_word' id='word_1_176' title='bbox 1681 550 1752 577; x_wconf 79' lang='grc' dir='ltr'><strong>οὓτω</strong></span> <span class='ocrx_word' id='word_1_177' title='bbox 1770 551 1886 583; x_wconf 75' lang='grc' dir='ltr'><strong>κολάζε-</strong></span> 
     </span>
    </p>
   </div>
   <div class='ocr_carea' id='block_1_26' title="bbox 1099 594 1883 631">
    <p class='ocr_par' dir='ltr' id='par_1_26' title="bbox 1099 594 1883 631">
     <span class='ocr_line' id='line_1_26' title="bbox 1099 594 1883 631; baseline 0.003 -11"><span class='ocrx_word' id='word_1_178' title='bbox 1099 594 1160 621; x_wconf 81' lang='grc' dir='ltr'><strong>σθαι</strong></span> <span class='ocrx_word' id='word_1_179' title='bbox 1179 594 1243 625; x_wconf 80' lang='grc' dir='ltr'><strong>τοὺς</strong></span> <span class='ocrx_word' id='word_1_180' title='bbox 1260 594 1442 629; x_wconf 78' lang='grc' dir='ltr'><strong>ἁναμένοντας</strong></span> <span class='ocrx_word' id='word_1_181' title='bbox 1467 595 1616 630; x_wconf 79' lang='grc' dir='ltr'><strong>καταδίκην</strong></span> <span class='ocrx_word' id='word_1_182' title='bbox 1637 596 1717 631; x_wconf 84' lang='grc' dir='ltr'><strong>χάριν</strong></span> <span class='ocrx_word' id='word_1_183' title='bbox 1739 597 1883 630; x_wconf 81' lang='grc' dir='ltr'><strong>ἀντιστρο-</strong></span> 
     </span>
    </p>
   </div>
   <div class='ocr_carea' id='block_1_27' title="bbox 1098 639 1883 675">
    <p class='ocr_par' dir='ltr' id='par_1_27' title="bbox 1098 639 1883 675">
     <span class='ocr_line' id='line_1_27' title="bbox 1098 639 1883 675; baseline 0.004 -10"><span class='ocrx_word' id='word_1_184' title='bbox 1098 640 1151 674; x_wconf 77' lang='grc' dir='ltr'><strong>φῆς</strong></span> <span class='ocrx_word' id='word_1_185' title='bbox 1173 640 1220 666; x_wconf 85' lang='grc' dir='ltr'><strong>τοῦ</strong></span> <span class='ocrx_word' id='word_1_186' title='bbox 1232 640 1393 674; x_wconf 81' lang='grc' dir='ltr'><strong>εὑρὲματος,</strong></span> <span class='ocrx_word' id='word_1_187' title='bbox 1408 639 1573 666; x_wconf 75' lang='grc' dir='ltr'><strong>δικαιότατόν</strong></span> <span class='ocrx_word' id='word_1_188' title='bbox 1601 642 1674 667; x_wconf 76' lang='grc' dir='ltr'><strong>ἐστιν</strong></span> <span class='ocrx_word' id='word_1_189' title='bbox 1686 661 1693 673; x_wconf 83' lang='grc'>,</span> <span class='ocrx_word' id='word_1_190' title='bbox 1720 642 1760 667; x_wconf 69' lang='grc' dir='ltr'><strong>ὅτι</strong></span> <span class='ocrx_word' id='word_1_191' title='bbox 1785 641 1836 668; x_wconf 75' lang='grc' dir='ltr'>καὶ</span> <span class='ocrx_word' id='word_1_192' title='bbox 1852 643 1883 675; x_wconf 77' lang='grc' dir='ltr'><strong>τῇ</strong></span> 
     </span>
    </p>
   </div>
   <div class='ocr_carea' id='block_1_28' title="bbox 1098 685 1885 721">
    <p class='ocr_par' dir='ltr' id='par_1_28' title="bbox 1098 685 1885 721">
     <span class='ocr_line' id='line_1_28' title="bbox 1098 685 1885 721; baseline 0.003 -11"><span class='ocrx_word' id='word_1_193' title='bbox 1098 685 1162 719; x_wconf 85' lang='grc' dir='ltr'><strong>περί</strong></span> <span class='ocrx_word' id='word_1_194' title='bbox 1183 685 1285 719; x_wconf 79' lang='grc' dir='ltr'><strong>κλοπῆς</strong></span> <span class='ocrx_word' id='word_1_195' title='bbox 1301 685 1395 720; x_wconf 80' lang='grc' dir='ltr'><strong>ἀγωγῇ</strong></span> <span class='ocrx_word' id='word_1_196' title='bbox 1412 685 1563 720; x_wconf 77' lang='grc' dir='ltr'><strong>ἐνέχονται,</strong></span> <span class='ocrx_word' id='word_1_197' title='bbox 1581 685 1651 712; x_wconf 79' lang='grc' dir='ltr'><strong>κατὰ</strong></span> <span class='ocrx_word' id='word_1_198' title='bbox 1674 686 1719 712; x_wconf 82' lang='grc' dir='ltr'><strong>τὸν</strong></span> <span class='ocrx_word' id='word_1_199' title='bbox 1740 686 1826 721; x_wconf 83' lang='grc' dir='ltr'>νόμον</span> <span class='ocrx_word' id='word_1_200' title='bbox 1840 686 1885 712; x_wconf 74' lang='grc' dir='ltr'><strong>τὸν</strong></span> 
     </span>
    </p>
   </div>
   <div class='ocr_carea' id='block_1_29' title="bbox 1098 730 1885 768">
    <p class='ocr_par' dir='ltr' id='par_1_29' title="bbox 1098 730 1885 768">
     <span class='ocr_line' id='line_1_29' title="bbox 1098 730 1885 768; baseline 0.003 -12"><span class='ocrx_word' id='word_1_201' title='bbox 1098 730 1224 764; x_wconf 54' lang='grc' dir='ltr'><strong>λάηοντα·</strong></span> <span class='ocrx_word' id='word_1_202' title='bbox 1256 730 1382 766; x_wconf 81' lang='grc' dir='ltr'><strong>Κλέπτης</strong></span> <span class='ocrx_word' id='word_1_203' title='bbox 1411 731 1483 757; x_wconf 72' lang='grc' dir='ltr'><strong>ἐστὶν</strong></span> <span class='ocrx_word' id='word_1_204' title='bbox 1510 732 1524 758; x_wconf 83' lang='grc' dir='ltr'><strong>ό</strong></span> <span class='ocrx_word' id='word_1_205' title='bbox 1544 731 1575 757; x_wconf 75' lang='grc' dir='ltr'><strong>τὸ</strong></span> <span class='ocrx_word' id='word_1_206' title='bbox 1597 731 1736 767; x_wconf 81' lang='grc' dir='ltr'><strong>ἀλλότριον</strong></span> <span class='ocrx_word' id='word_1_207' title='bbox 1765 733 1885 768; x_wconf 70' lang='grc' dir='ltr'><strong>πρᾶγμα</strong></span> 
     </span>
    </p>
   </div>
   <div class='ocr_carea' id='block_1_30' title="bbox 1097 774 1884 812">
    <p class='ocr_par' dir='ltr' id='par_1_30' title="bbox 1097 774 1884 812">
     <span class='ocr_line' id='line_1_30' title="bbox 1097 774 1884 812; baseline 0.004 -11"><span class='ocrx_word' id='word_1_208' title='bbox 1097 775 1228 810; x_wconf 76' lang='grc' dir='ltr'><strong>ψηλὰφῶν</strong></span> <span class='ocrx_word' id='word_1_209' title='bbox 1244 775 1319 811; x_wconf 83' lang='grc' dir='ltr'><strong>παρὰ</strong></span> <span class='ocrx_word' id='word_1_210' title='bbox 1334 774 1445 811; x_wconf 83' lang='grc' dir='ltr'>γνώμην</span> <span class='ocrx_word' id='word_1_211' title='bbox 1461 776 1508 802; x_wconf 82' lang='grc' dir='ltr'><strong>τοῦ</strong></span> <span class='ocrx_word' id='word_1_212' title='bbox 1523 776 1651 802; x_wconf 68' lang='grc' dir='ltr'><strong>δεσπότου</strong></span> <span class='ocrx_word' id='word_1_213' title='bbox 1672 777 1701 802; x_wconf 82' lang='grc' dir='ltr'>ὲν</span> <span class='ocrx_word' id='word_1_214' title='bbox 1719 777 1824 812; x_wconf 84' lang='grc' dir='ltr'><strong>είδήσει</strong></span> <span class='ocrx_word' id='word_1_215' title='bbox 1839 778 1884 804; x_wconf 69' lang='grc' dir='ltr'><strong>τοῦ</strong></span> 
     </span>
    </p>
   </div>
   <div class='ocr_carea' id='block_1_31' title="bbox 1098 821 1884 855">
    <p class='ocr_par' dir='ltr' id='par_1_31' title="bbox 1098 821 1884 855">
     <span class='ocr_line' id='line_1_31' title="bbox 1098 821 1884 855; baseline 0 -8"><span class='ocrx_word' id='word_1_216' title='bbox 1098 821 1216 855; x_wconf 77' lang='grc' dir='ltr'><strong>λυπῆσαι</strong></span> <span class='ocrx_word' id='word_1_217' title='bbox 1237 821 1327 847; x_wconf 80' lang='grc' dir='ltr'><strong>αὐτόν.</strong></span> <span class='ocrx_word' id='word_1_218' title='bbox 1347 821 1383 847; x_wconf 83' lang='grc' dir='ltr'><strong>Τὸ</strong></span> <span class='ocrx_word' id='word_1_219' title='bbox 1398 821 1426 847; x_wconf 81' lang='grc' dir='ltr'><strong>δὲ</strong></span> <span class='ocrx_word' id='word_1_220' title='bbox 1447 821 1620 848; x_wconf 77' lang='grc' dir='ltr'><strong>συνίστασθαι</strong></span> <span class='ocrx_word' id='word_1_221' title='bbox 1636 823 1692 852; x_wconf 82' lang='grc' dir='ltr'><strong>τοῖς</strong></span> <span class='ocrx_word' id='word_1_222' title='bbox 1703 823 1823 853; x_wconf 81' lang='grc' dir='ltr'><strong>πιστοῖς,</strong></span> <span class='ocrx_word' id='word_1_223' title='bbox 1841 823 1884 849; x_wconf 77' lang='grc' dir='ltr'><strong>καὶ</strong></span> 
     </span>
    </p>
   </div>
   <div class='ocr_carea' id='block_1_32' title="bbox 1099 866 1884 904">
    <p class='ocr_par' dir='ltr' id='par_1_32' title="bbox 1099 866 1884 904">
     <span class='ocr_line' id='line_1_32' title="bbox 1099 866 1884 904; baseline 0.001 -11"><span class='ocrx_word' id='word_1_224' title='bbox 1099 867 1178 899; x_wconf 84' lang='grc' dir='ltr'><strong>μόνον</strong></span> <span class='ocrx_word' id='word_1_225' title='bbox 1197 867 1234 902; x_wconf 84' lang='grc' dir='ltr'><strong>μὴ</strong></span> <span class='ocrx_word' id='word_1_226' title='bbox 1256 866 1394 899; x_wconf 71' lang='grc' dir='ltr'><strong>ἀξιοῦσθαι</strong></span> <span class='ocrx_word' id='word_1_227' title='bbox 1413 867 1442 894; x_wconf 70' lang='grc' dir='ltr'><strong>δὲ</strong></span> <span class='ocrx_word' id='word_1_228' title='bbox 1463 867 1516 894; x_wconf 86' lang='grc' dir='ltr'><strong>τῶν</strong></span> <span class='ocrx_word' id='word_1_229' title='bbox 1542 867 1718 902; x_wconf 77' lang='grc' dir='ltr'><strong>ἀγιασμάτων</strong></span> <span class='ocrx_word' id='word_1_230' title='bbox 1737 868 1783 894; x_wconf 80' lang='grc' dir='ltr'><strong>τὸν</strong></span> <span class='ocrx_word' id='word_1_231' title='bbox 1801 876 1884 904; x_wconf 75' lang='grc' dir='ltr'><strong>προσ-</strong></span> 
     </span>
    </p>
   </div>
   <div class='ocr_carea' id='block_1_33' title="bbox 1098 912 1882 949">
    <p class='ocr_par' dir='ltr' id='par_1_33' title="bbox 1098 912 1882 949">
     <span class='ocr_line' id='line_1_33' title="bbox 1098 912 1882 949; baseline 0.003 -11"><span class='ocrx_word' id='word_1_232' title='bbox 1098 912 1260 946; x_wconf 82' lang='grc' dir='ltr'><strong>αγγείλαντα</strong></span> <span class='ocrx_word' id='word_1_233' title='bbox 1273 912 1368 939; x_wconf 79' lang='grc' dir='ltr'><strong>ἑαυτὸν</strong></span> <span class='ocrx_word' id='word_1_234' title='bbox 1379 913 1424 939; x_wconf 70' lang='grc' dir='ltr'><strong>καὶ</strong></span> <span class='ocrx_word' id='word_1_235' title='bbox 1439 913 1614 947; x_wconf 69' lang='grc' dir='ltr'><strong>εὐγνωμόνως</strong></span> <span class='ocrx_word' id='word_1_236' title='bbox 1627 913 1706 940; x_wconf 74' lang='grc' dir='ltr'><strong>δόντα</strong></span> <span class='ocrx_word' id='word_1_237' title='bbox 1720 914 1750 940; x_wconf 83' lang='grc' dir='ltr'><strong>τὺ</strong></span> <span class='ocrx_word' id='word_1_238' title='bbox 1766 913 1882 949; x_wconf 74' lang='grc' dir='ltr'><strong>εὕρεμα.</strong></span> 
     </span>
    </p>
   </div>
   <div class='ocr_carea' id='block_1_34' title="bbox 273 955 1048 994">
    <p class='ocr_par' dir='ltr' id='par_1_34' title="bbox 273 955 1044 989">
     <span class='ocr_line' id='line_1_34' title="bbox 273 955 1044 989; baseline 0 -6"><span class='ocrx_word' id='word_1_239' title='bbox 273 956 350 987; x_wconf 73' lang='lat' dir='ltr'><strong>verit,</strong></span> <span class='ocrx_word' id='word_1_240' title='bbox 365 960 392 982; x_wconf 84' lang='lat' dir='ltr'><strong>et.</strong></span> <span class='ocrx_word' id='word_1_241' title='bbox 407 957 491 989; x_wconf 83' lang='lat' dir='ltr'><strong>ipsam</strong></span> <span class='ocrx_word' id='word_1_242' title='bbox 504 955 662 982; x_wconf 82' lang='lat' dir='ltr'><strong>restituerit.</strong></span> <span class='ocrx_word' id='word_1_243' title='bbox 682 955 715 981; x_wconf 86' lang='lat' dir='ltr'><strong>Et</strong></span> <span class='ocrx_word' id='word_1_244' title='bbox 737 955 796 983; x_wconf 88' lang='lat' dir='ltr'><strong>ideo</strong></span> <span class='ocrx_word' id='word_1_245' title='bbox 807 956 899 983; x_wconf 88' lang='lat' dir='ltr'><strong>dicunt</strong></span> <span class='ocrx_word' id='word_1_246' title='bbox 912 956 1044 989; x_wconf 82' lang='lat' dir='ltr'><strong>nonnulli,</strong></span> 
     </span>
    </p>
   </div>
   <div class='ocr_carea' id='block_1_35' title="bbox 1105 955 1882 994">
    <p class='ocr_par' dir='ltr' id='par_1_35' title="bbox 1105 958 1882 994">
     <span class='ocr_line' id='line_1_35' title="bbox 1105 958 1882 994; baseline -0.001 -8"><span class='ocrx_word' id='word_1_247' title='bbox 1105 959 1190 986; x_wconf 83' lang='grc' dir='ltr'>ιαινόν</span> <span class='ocrx_word' id='word_1_248' title='bbox 1206 960 1294 985; x_wconf 75' lang='grc' dir='ltr'><strong>ἐστιν·</strong></span> <span class='ocrx_word' id='word_1_249' title='bbox 1310 958 1383 990; x_wconf 76' lang='grc' dir='ltr'><strong>ἄξιος</strong></span> <span class='ocrx_word' id='word_1_250' title='bbox 1400 958 1454 994; x_wconf 74' lang='grc' dir='ltr'><strong>γὰρ</strong></span> <span class='ocrx_word' id='word_1_251' title='bbox 1478 958 1575 993; x_wconf 73' lang='grc' dir='ltr'><strong>μᾶλλον</strong></span> <span class='ocrx_word' id='word_1_252' title='bbox 1594 959 1776 994; x_wconf 75' lang='grc' dir='ltr'><strong>Εὑχαριστίας</strong></span> <span class='ocrx_word' id='word_1_253' title='bbox 1799 959 1882 990; x_wconf 70' lang='grc' dir='ltr'><strong>ἐστὶν,</strong></span> 
     </span>
    </p>
   </div>
   <div class='ocr_carea' id='block_1_36' title="bbox 273 1001 1046 1037">
    <p class='ocr_par' dir='ltr' id='par_1_36' title="bbox 273 1001 1046 1037">
     <span class='ocr_line' id='line_1_36' title="bbox 273 1001 1046 1037; baseline 0.003 -9"><span class='ocrx_word' id='word_1_254' title='bbox 273 1009 334 1028; x_wconf 83' lang='lat' dir='ltr'><strong>eum</strong></span> <span class='ocrx_word' id='word_1_255' title='bbox 346 1001 468 1028; x_wconf 77' lang='lat' dir='ltr'><strong>ﬁdelibus</strong></span> <span class='ocrx_word' id='word_1_256' title='bbox 480 1001 693 1034; x_wconf 84' lang='lat' dir='ltr'><strong>consistentiam,</strong></span> <span class='ocrx_word' id='word_1_257' title='bbox 702 1006 932 1029; x_wconf 77' lang='lat' dir='ltr'><strong>sacramentorum</strong></span> <span class='ocrx_word' id='word_1_258' title='bbox 941 1009 1046 1037; x_wconf 84' lang='lat' dir='ltr'><strong>quoque</strong></span> 
     </span>
    </p>
   </div>
   <div class='ocr_carea' id='block_1_37' title="bbox 273 1048 753 1083">
    <p class='ocr_par' dir='ltr' id='par_1_37' title="bbox 273 1048 753 1083">
     <span class='ocr_line' id='line_1_37' title="bbox 273 1048 753 1083; baseline 0 -9"><span class='ocrx_word' id='word_1_259' title='bbox 273 1048 502 1083; x_wconf 82' lang='lat' dir='ltr'><strong>participationem</strong></span> <span class='ocrx_word' id='word_1_260' title='bbox 518 1048 598 1075; x_wconf 81' lang='lat' dir='ltr'><strong>tacite</strong></span> <span class='ocrx_word' id='word_1_261' title='bbox 615 1048 753 1083; x_wconf 86' lang='lat' dir='ltr'><strong>consequi.</strong></span> 
     </span>
    </p>
   </div>
   <div class='ocr_carea' id='block_1_38' title="bbox 308 1183 1046 1218">
    <p class='ocr_par' dir='ltr' id='par_1_38' title="bbox 308 1183 1046 1218">
     <span class='ocr_line' id='line_1_38' title="bbox 308 1183 1046 1218; baseline -0.001 -7"><span class='ocrx_word' id='word_1_262' title='bbox 308 1184 405 1212; x_wconf 79' lang='lat' dir='ltr'><strong>Zotmt.</strong></span> <span class='ocrx_word' id='word_1_263' title='bbox 425 1183 546 1214; x_wconf 83' lang='lat' dir='ltr'><strong>Barbari,</strong></span> <span class='ocrx_word' id='word_1_264' title='bbox 560 1191 620 1210; x_wconf 91' lang='lat' dir='ltr'><strong>cum</strong></span> <span class='ocrx_word' id='word_1_265' title='bbox 648 1183 872 1218; x_wconf 81' lang='lat' dir='ltr'><strong>depopularentur</strong></span> <span class='ocrx_word' id='word_1_266' title='bbox 896 1184 1046 1218; x_wconf 78' lang='lat' dir='ltr'><strong>regionem,</strong></span> 
     </span>
    </p>
   </div>
   <div class='ocr_carea' id='block_1_39' title="bbox 274 1228 1047 1265">
    <p class='ocr_par' dir='ltr' id='par_1_39' title="bbox 274 1228 1047 1265">
     <span class='ocr_line' id='line_1_39' title="bbox 274 1228 1047 1265; baseline -0.003 -7"><span class='ocrx_word' id='word_1_267' title='bbox 274 1238 317 1258; x_wconf 87' lang='lat' dir='ltr'><strong>res</strong></span> <span class='ocrx_word' id='word_1_268' title='bbox 333 1231 463 1265; x_wconf 83' lang='lat' dir='ltr'><strong>quasdam</strong></span> <span class='ocrx_word' id='word_1_269' title='bbox 493 1234 658 1264; x_wconf 84' lang='lat' dir='ltr'><strong>rapuerunt;</strong></span> <span class='ocrx_word' id='word_1_270' title='bbox 688 1237 803 1263; x_wconf 84' lang='lat' dir='ltr'><strong>moxque</strong></span> <span class='ocrx_word' id='word_1_271' title='bbox 829 1229 870 1256; x_wconf 90' lang='lat' dir='ltr'><strong>vel</strong></span> <span class='ocrx_word' id='word_1_272' title='bbox 883 1229 953 1256; x_wconf 87' lang='lat' dir='ltr'><strong>obvii</strong></span> <span class='ocrx_word' id='word_1_273' title='bbox 984 1228 1047 1257; x_wconf 81' lang='lat' dir='ltr'><strong>facti</strong></span> 
     </span>
    </p>
   </div>
   <div class='ocr_carea' id='block_1_40' title="bbox 274 1275 1049 1310">
    <p class='ocr_par' dir='ltr' id='par_1_40' title="bbox 274 1275 1049 1310">
     <span class='ocr_line' id='line_1_40' title="bbox 274 1275 1049 1310; baseline -0.001 -7"><span class='ocrx_word' id='word_1_274' title='bbox 274 1277 444 1307; x_wconf 80' lang='lat' dir='ltr'><strong>melioribus,</strong></span> <span class='ocrx_word' id='word_1_275' title='bbox 457 1275 498 1302; x_wconf 82' lang='lat' dir='ltr'><strong>vel</strong></span> <span class='ocrx_word' id='word_1_276' title='bbox 511 1275 612 1310; x_wconf 78' lang='lat' dir='ltr'><strong>gravati</strong></span> <span class='ocrx_word' id='word_1_277' title='bbox 626 1275 752 1310; x_wconf 88' lang='lat' dir='ltr'><strong>pondere,</strong></span> <span class='ocrx_word' id='word_1_278' title='bbox 761 1283 820 1303; x_wconf 90' lang='lat' dir='ltr'><strong>cum</strong></span> <span class='ocrx_word' id='word_1_279' title='bbox 833 1283 893 1309; x_wconf 65' lang='lat' dir='ltr'><strong>quae</strong></span> <span class='ocrx_word' id='word_1_280' title='bbox 904 1278 1049 1309; x_wconf 80' lang='lat' dir='ltr'><strong>rapuerant</strong></span> 
     </span>
    </p>
   </div>
   <div class='ocr_carea' id='block_1_41' title="bbox 275 1321 1046 1355">
    <p class='ocr_par' dir='ltr' id='par_1_41' title="bbox 275 1321 1046 1355">
     <span class='ocr_line' id='line_1_41' title="bbox 275 1321 1046 1355; baseline -0.001 -7"><span class='ocrx_word' id='word_1_281' title='bbox 275 1323 345 1350; x_wconf 82' lang='lat' dir='ltr'><strong>ferre</strong></span> <span class='ocrx_word' id='word_1_282' title='bbox 359 1322 468 1348; x_wconf 87' lang='lat' dir='ltr'><strong>minime</strong></span> <span class='ocrx_word' id='word_1_283' title='bbox 487 1325 609 1355; x_wconf 86' lang='lat' dir='ltr'><strong>possent,</strong></span> <span class='ocrx_word' id='word_1_284' title='bbox 625 1321 722 1355; x_wconf 85' lang='lat' dir='ltr'><strong>partim</strong></span> <span class='ocrx_word' id='word_1_285' title='bbox 736 1328 784 1355; x_wconf 88' lang='lat' dir='ltr'><strong>per</strong></span> <span class='ocrx_word' id='word_1_286' title='bbox 797 1329 905 1355; x_wconf 88' lang='lat' dir='ltr'><strong>campos</strong></span> <span class='ocrx_word' id='word_1_287' title='bbox 916 1321 1046 1355; x_wconf 83' lang='lat' dir='ltr'><strong>abjecere,</strong></span> 
     </span>
    </p>
   </div>
   <div class='ocr_carea' id='block_1_42' title="bbox 275 1364 1048 1400">
    <p class='ocr_par' dir='ltr' id='par_1_42' title="bbox 275 1364 1048 1400">
     <span class='ocr_line' id='line_1_42' title="bbox 275 1364 1048 1400; baseline 0.001 -9"><span class='ocrx_word' id='word_1_288' title='bbox 275 1365 371 1400; x_wconf 87' lang='lat' dir='ltr'><strong>partim</strong></span> <span class='ocrx_word' id='word_1_289' title='bbox 399 1365 425 1391; x_wconf 93' lang='lat' dir='ltr'><strong>in</strong></span> <span class='ocrx_word' id='word_1_290' title='bbox 443 1364 596 1398; x_wconf 88' lang='lat' dir='ltr'><strong>aliquorum</strong></span> <span class='ocrx_word' id='word_1_291' title='bbox 625 1364 736 1396; x_wconf 52' lang='lat' dir='ltr'><strong>aedibus}</strong></span> <span class='ocrx_word' id='word_1_292' title='bbox 763 1365 789 1391; x_wconf 93' lang='lat' dir='ltr'><strong>in</strong></span> <span class='ocrx_word' id='word_1_293' title='bbox 815 1365 913 1399; x_wconf 88' lang='lat' dir='ltr'><strong>quibus</strong></span> <span class='ocrx_word' id='word_1_294' title='bbox 937 1365 1048 1392; x_wconf 81' lang='lat' dir='ltr'><strong>meliora</strong></span> 
     </span>
    </p>
   </div>
   <div class='ocr_carea' id='block_1_43' title="bbox 275 1409 1047 1445">
    <p class='ocr_par' dir='ltr' id='par_1_43' title="bbox 275 1409 1047 1445">
     <span class='ocr_line' id='line_1_43' title="bbox 275 1409 1047 1445; baseline 0.001 -9"><span class='ocrx_word' id='word_1_295' title='bbox 275 1410 341 1437; x_wconf 79' lang='lat' dir='ltr'><strong>forte</strong></span> <span class='ocrx_word' id='word_1_296' title='bbox 355 1413 519 1444; x_wconf 78' lang='lat' dir='ltr'><strong>rt-pererant,</strong></span> <span class='ocrx_word' id='word_1_297' title='bbox 534 1409 691 1443; x_wconf 79' lang='lat' dir='ltr'><strong>deposuere.</strong></span> <span class='ocrx_word' id='word_1_298' title='bbox 719 1409 877 1444; x_wconf 87' lang='lat' dir='ltr'><strong>Quicunque</strong></span> <span class='ocrx_word' id='word_1_299' title='bbox 895 1410 986 1445; x_wconf 76' lang='lat' dir='ltr'><strong>igitur,</strong></span> <span class='ocrx_word' id='word_1_300' title='bbox 1004 1410 1047 1437; x_wconf 89' lang='lat' dir='ltr'><strong>in-</strong></span> 
     </span>
    </p>
   </div>
   <div class='ocr_carea' id='block_1_44' title="bbox 274 1448 1047 1490">
    <p class='ocr_par' dir='ltr' id='par_1_44' title="bbox 274 1448 1047 1490">
     <span class='ocr_line' id='line_1_44' title="bbox 274 1448 1047 1490; baseline -0.001 -8"><span class='ocrx_word' id='word_1_301' title='bbox 274 1455 342 1490; x_wconf 88' lang='lat' dir='ltr'><strong>quit,</strong></span> <span class='ocrx_word' id='word_1_302' title='bbox 357 1460 402 1481; x_wconf 82' lang='lat' dir='ltr'><strong>aut</strong></span> <span class='ocrx_word' id='word_1_303' title='bbox 419 1455 444 1481; x_wconf 96' lang='lat' dir='ltr'><strong>in</strong></span> <span class='ocrx_word' id='word_1_304' title='bbox 456 1455 559 1489; x_wconf 85' lang='lat' dir='ltr'><strong>campis</strong></span> <span class='ocrx_word' id='word_1_305' title='bbox 576 1459 621 1481; x_wconf 85' lang='lat' dir='ltr'><strong>aut</strong></span> <span class='ocrx_word' id='word_1_306' title='bbox 642 1455 668 1481; x_wconf 92' lang='lat' dir='ltr'><strong>in</strong></span> <span class='ocrx_word' id='word_1_307' title='bbox 687 1455 744 1482; x_wconf 86' lang='lat' dir='ltr'><strong>suis</strong></span> <span class='ocrx_word' id='word_1_308' title='bbox 768 1456 890 1482; x_wconf 85' lang='lat' dir='ltr'><strong>domibus</strong></span> <span class='ocrx_word' id='word_1_309' title='bbox 901 1448 991 1488; x_wconf 78' lang='lat' dir='ltr'><strong>aliqua</strong></span> <span class='ocrx_word' id='word_1_310' title='bbox 1005 1455 1047 1481; x_wconf 91' lang='lat' dir='ltr'><strong>in-</strong></span> 
     </span>
    </p>
   </div>
   <div class='ocr_carea' id='block_1_45' title="bbox 275 1500 1047 1534">
    <p class='ocr_par' dir='ltr' id='par_1_45' title="bbox 275 1500 1047 1534">
     <span class='ocr_line' id='line_1_45' title="bbox 275 1500 1047 1534; baseline 0 -8"><span class='ocrx_word' id='word_1_311' title='bbox 275 1500 461 1532; x_wconf 87' lang='lat' dir='ltr'><strong>venerunt,illi</strong></span> <span class='ocrx_word' id='word_1_312' title='bbox 475 1500 496 1527; x_wconf 89' lang='lat' dir='ltr'><strong>si</strong></span> <span class='ocrx_word' id='word_1_313' title='bbox 514 1501 622 1534; x_wconf 84' lang='lat' dir='ltr'><strong>quidem</strong></span> <span class='ocrx_word' id='word_1_314' title='bbox 638 1501 755 1528; x_wconf 79' lang='lat' dir='ltr'><strong>accusati</strong></span> <span class='ocrx_word' id='word_1_315' title='bbox 768 1505 794 1527; x_wconf 91' lang='lat' dir='ltr'><strong>ct</strong></span> <span class='ocrx_word' id='word_1_316' title='bbox 810 1501 923 1528; x_wconf 89' lang='lat' dir='ltr'><strong>convicti</strong></span> <span class='ocrx_word' id='word_1_317' title='bbox 939 1500 1047 1532; x_wconf 76' lang='lat' dir='ltr'><strong>fuerint,</strong></span> 
     </span>
    </p>
   </div>
   <div class='ocr_carea' id='block_1_46' title="bbox 276 1544 1049 1580">
    <p class='ocr_par' dir='ltr' id='par_1_46' title="bbox 276 1544 1049 1580">
     <span class='ocr_line' id='line_1_46' title="bbox 276 1544 1049 1580; baseline 0 -9"><span class='ocrx_word' id='word_1_318' title='bbox 276 1547 345 1572; x_wconf 84' lang='lat' dir='ltr'><strong>inter</strong></span> <span class='ocrx_word' id='word_1_319' title='bbox 355 1552 401 1572; x_wconf 88' lang='lat' dir='ltr'><strong>eos</strong></span> <span class='ocrx_word' id='word_1_320' title='bbox 413 1545 458 1579; x_wconf 92' lang='lat' dir='ltr'><strong>qui</strong></span> <span class='ocrx_word' id='word_1_321' title='bbox 468 1545 678 1572; x_wconf 74' lang='lat' dir='ltr'><strong>sulisternuntur</strong></span> <span class='ocrx_word' id='word_1_322' title='bbox 689 1546 777 1573; x_wconf 90' lang='lat' dir='ltr'><strong>locum</strong></span> <span class='ocrx_word' id='word_1_323' title='bbox 787 1546 928 1580; x_wconf 84' lang='lat' dir='ltr'><strong>accipiant.</strong></span> <span class='ocrx_word' id='word_1_324' title='bbox 944 1544 973 1571; x_wconf 89' lang='lat' dir='ltr'><strong>Si</strong></span> <span class='ocrx_word' id='word_1_325' title='bbox 984 1552 1049 1572; x_wconf 91' lang='lat' dir='ltr'><strong>vero</strong></span> 
     </span>
    </p>
   </div>
   <div class='ocr_carea' id='block_1_47' title="bbox 1097 1003 1884 1039">
    <p class='ocr_par' dir='ltr' id='par_1_47' title="bbox 1097 1003 1884 1039">
     <span class='ocr_line' id='line_1_47' title="bbox 1097 1003 1884 1039; baseline -0.001 -8"><span class='ocrx_word' id='word_1_326' title='bbox 1097 1004 1135 1036; x_wconf 85' lang='grc' dir='ltr'><strong>ὡς</strong></span> <span class='ocrx_word' id='word_1_327' title='bbox 1157 1004 1187 1031; x_wconf 82' lang='grc' dir='ltr'><strong>τὸ</strong></span> <span class='ocrx_word' id='word_1_328' title='bbox 1203 1005 1318 1039; x_wconf 78' lang='grc' dir='ltr'><strong>πρᾶγμα</strong></span> <span class='ocrx_word' id='word_1_329' title='bbox 1343 1003 1390 1030; x_wconf 83' lang='grc' dir='ltr'><strong>τοῦ</strong></span> <span class='ocrx_word' id='word_1_330' title='bbox 1415 1003 1674 1039; x_wconf 84' lang='grc' dir='ltr'><strong>αἰχμαλωτισθέντος</strong></span> <span class='ocrx_word' id='word_1_331' title='bbox 1687 1004 1813 1039; x_wconf 77' lang='grc' dir='ltr'><strong>φυλάξας</strong></span> <span class='ocrx_word' id='word_1_332' title='bbox 1839 1006 1884 1031; x_wconf 78' lang='grc' dir='ltr'><strong>καὶ</strong></span> 
     </span>
    </p>
   </div>
   <div class='ocr_carea' id='block_1_48' title="bbox 1098 1048 1884 1083">
    <p class='ocr_par' dir='ltr' id='par_1_48' title="bbox 1098 1048 1884 1083">
     <span class='ocr_line' id='line_1_48' title="bbox 1098 1048 1884 1083; baseline 0 -7"><span class='ocrx_word' id='word_1_333' title='bbox 1098 1049 1325 1083; x_wconf 80' lang='grc' dir='ltr'><strong>ἀποκαταστήσας</strong></span> <span class='ocrx_word' id='word_1_334' title='bbox 1340 1048 1415 1075; x_wconf 83' lang='grc' dir='ltr'><strong>αὑτό.</strong></span> <span class='ocrx_word' id='word_1_335' title='bbox 1433 1048 1478 1074; x_wconf 83' lang='grc' dir='ltr'><strong>Διὸ</strong></span> <span class='ocrx_word' id='word_1_336' title='bbox 1492 1048 1538 1075; x_wconf 82' lang='grc' dir='ltr'><strong>καί</strong></span> <span class='ocrx_word' id='word_1_337' title='bbox 1555 1049 1662 1082; x_wconf 85' lang='grc' dir='ltr'><strong>λέγουσί</strong></span> <span class='ocrx_word' id='word_1_338' title='bbox 1674 1058 1748 1080; x_wconf 87' lang='grc' dir='ltr'><strong>τινες</strong></span> <span class='ocrx_word' id='word_1_339' title='bbox 1766 1049 1884 1076; x_wconf 74' lang='grc' dir='ltr'><strong>συνέπε-</strong></span> 
     </span>
    </p>
   </div>
   <div class='ocr_carea' id='block_1_49' title="bbox 1100 1093 1902 1130">
    <p class='ocr_par' dir='ltr' id='par_1_49' title="bbox 1100 1093 1902 1130">
     <span class='ocr_line' id='line_1_49' title="bbox 1100 1093 1902 1130; baseline -0.001 -9"><span class='ocrx_word' id='word_1_340' title='bbox 1100 1094 1159 1121; x_wconf 75' lang='grc' dir='ltr'><strong>σθαι</strong></span> <span class='ocrx_word' id='word_1_341' title='bbox 1178 1095 1210 1129; x_wconf 78' lang='grc' dir='ltr'><strong>τῇ</strong></span> <span class='ocrx_word' id='word_1_342' title='bbox 1229 1094 1297 1129; x_wconf 74' lang='grc' dir='ltr'><strong>μετὰ</strong></span> <span class='ocrx_word' id='word_1_343' title='bbox 1321 1093 1375 1120; x_wconf 86' lang='grc' dir='ltr'><strong>τῶν</strong></span> <span class='ocrx_word' id='word_1_344' title='bbox 1396 1094 1498 1120; x_wconf 84' lang='grc' dir='ltr'><strong>πιστῶν</strong></span> <span class='ocrx_word' id='word_1_345' title='bbox 1521 1095 1664 1128; x_wconf 73' lang='grc' dir='ltr'><strong>συστάσει,</strong></span> <span class='ocrx_word' id='word_1_346' title='bbox 1686 1095 1734 1122; x_wconf 77' lang='grc' dir='ltr'><strong>καὶ</strong></span> <span class='ocrx_word' id='word_1_347' title='bbox 1756 1094 1810 1130; x_wconf 77' lang='grc' dir='ltr'><strong>τὴν</strong></span> <span class='ocrx_word' id='word_1_348' title='bbox 1834 1095 1902 1130; x_wconf 25' lang='grc' dir='ltr'><strong>τῶνη</strong></span> 
     </span>
    </p>
   </div>
   <div class='ocr_carea' id='block_1_50' title="bbox 1099 1139 1570 1176">
    <p class='ocr_par' dir='ltr' id='par_1_50' title="bbox 1099 1139 1570 1176">
     <span class='ocr_line' id='line_1_50' title="bbox 1099 1139 1570 1176; baseline -0.002 -10"><span class='ocrx_word' id='word_1_349' title='bbox 1099 1139 1275 1175; x_wconf 79' lang='grc' dir='ltr'><strong>ἀγιασμάτων</strong></span> <span class='ocrx_word' id='word_1_350' title='bbox 1293 1139 1398 1174; x_wconf 79' lang='grc' dir='ltr'><strong>μέθεξιν</strong></span> <span class='ocrx_word' id='word_1_351' title='bbox 1415 1148 1502 1175; x_wconf 89' lang='grc' dir='ltr'><strong>σιωπη</strong></span> <span class='ocrx_word' id='word_1_352' title='bbox 1507 1140 1570 1176; x_wconf 83' lang='grc' dir='ltr'><strong>ρῶς.</strong></span> 
     </span>
    </p>
   </div>
   <div class='ocr_carea' id='block_1_51' title="bbox 1134 1185 1881 1222">
    <p class='ocr_par' dir='ltr' id='par_1_51' title="bbox 1134 1185 1881 1222">
     <span class='ocr_line' id='line_1_51' title="bbox 1134 1185 1881 1222; baseline 0.004 -11"><span class='ocrx_word' id='word_1_353' title='bbox 1134 1185 1253 1212; x_wconf 77' lang='grc' dir='ltr'><strong>ΖΩΝΑΡ.</strong></span> <span class='ocrx_word' id='word_1_354' title='bbox 1278 1186 1310 1212; x_wconf 73' lang='lat' dir='ltr'><strong>Ol</strong></span> <span class='ocrx_word' id='word_1_355' title='bbox 1327 1185 1471 1220; x_wconf 79' lang='grc' dir='ltr'><strong>βάρΰαροι,</strong></span> <span class='ocrx_word' id='word_1_356' title='bbox 1495 1185 1685 1219; x_wconf 77' lang='grc' dir='ltr'><strong>λεηλατοῦντες</strong></span> <span class='ocrx_word' id='word_1_357' title='bbox 1706 1185 1754 1221; x_wconf 79' lang='grc' dir='ltr'><strong>τὴν</strong></span> <span class='ocrx_word' id='word_1_358' title='bbox 1779 1186 1881 1222; x_wconf 79' lang='grc' dir='ltr'><strong>χώραν.</strong></span> 
     </span>
    </p>
   </div>
   <div class='ocr_carea' id='block_1_52' title="bbox 1098 1231 1902 1274">
    <p class='ocr_par' dir='ltr' id='par_1_52' title="bbox 1098 1231 1902 1274">
     <span class='ocr_line' id='line_1_52' title="bbox 1098 1231 1902 1274; baseline 0.002 -17"><span class='ocrx_word' id='word_1_359' title='bbox 1098 1231 1219 1266; x_wconf 72' lang='grc' dir='ltr'><strong>ἥρπαζον</strong></span> <span class='ocrx_word' id='word_1_360' title='bbox 1246 1231 1410 1266; x_wconf 70' lang='grc' dir='ltr'><strong>πράγματα·</strong></span> <span class='ocrx_word' id='word_1_361' title='bbox 1436 1231 1482 1257; x_wconf 81' lang='grc' dir='ltr'><strong>καὶ</strong></span> <span class='ocrx_word' id='word_1_362' title='bbox 1510 1231 1526 1266; x_wconf 85' lang='grc' dir='ltr'>ἢ</span> <span class='ocrx_word' id='word_1_363' title='bbox 1551 1231 1686 1266; x_wconf 81' lang='grc' dir='ltr'><strong>κρείττοσι</strong></span> <span class='ocrx_word' id='word_1_364' title='bbox 1710 1231 1780 1266; x_wconf 77' lang='grc' dir='ltr'><strong>μετὰ</strong></span> <span class='ocrx_word' id='word_1_365' title='bbox 1802 1233 1902 1274; x_wconf 33' lang='grc' dir='ltr'><strong>ταῦταη</strong></span> 
     </span>
    </p>
   </div>
   <div class='ocr_carea' id='block_1_53' title="bbox 1100 1276 1902 1318">
    <p class='ocr_par' dir='ltr' id='par_1_53' title="bbox 1100 1276 1902 1318">
     <span class='ocr_line' id='line_1_53' title="bbox 1100 1276 1902 1318; baseline 0.004 -16"><span class='ocrx_word' id='word_1_366' title='bbox 1100 1276 1316 1311; x_wconf 64' lang='grc' dir='ltr'><strong>ἐντυγχάνοντες,</strong></span> <span class='ocrx_word' id='word_1_367' title='bbox 1331 1277 1347 1312; x_wconf 81' lang='grc' dir='ltr'>ἢ</span> <span class='ocrx_word' id='word_1_368' title='bbox 1362 1276 1404 1303; x_wconf 77' lang='grc' dir='ltr'><strong>διὰ</strong></span> <span class='ocrx_word' id='word_1_369' title='bbox 1420 1277 1501 1312; x_wconf 79' lang='grc' dir='ltr'><strong>βάρος</strong></span> <span class='ocrx_word' id='word_1_370' title='bbox 1517 1277 1554 1312; x_wconf 83' lang='grc' dir='ltr'><strong>μὴ</strong></span> <span class='ocrx_word' id='word_1_371' title='bbox 1568 1277 1707 1312; x_wconf 83' lang='grc' dir='ltr'><strong>δυνάμενοι</strong></span> <span class='ocrx_word' id='word_1_372' title='bbox 1723 1279 1824 1314; x_wconf 78' lang='grc' dir='ltr'><strong>φέρειν</strong></span> <span class='ocrx_word' id='word_1_373' title='bbox 1839 1279 1883 1305; x_wconf 78' lang='grc' dir='ltr'><strong>ὅσα</strong></span> <span class='ocrx_word' id='word_1_374' title='bbox 1901 1293 1902 1318; x_wconf 41' lang='grc' dir='ltr'><strong>η</strong></span> 
     </span>
    </p>
   </div>
   <div class='ocr_carea' id='block_1_54' title="bbox 1099 1322 1902 1358">
    <p class='ocr_par' dir='ltr' id='par_1_54' title="bbox 1099 1322 1902 1358">
     <span class='ocr_line' id='line_1_54' title="bbox 1099 1322 1902 1358; baseline 0.005 -11"><span class='ocrx_word' id='word_1_375' title='bbox 1099 1322 1235 1356; x_wconf 74' lang='grc' dir='ltr'><strong>ἥρπασαν,</strong></span> <span class='ocrx_word' id='word_1_376' title='bbox 1252 1322 1286 1348; x_wconf 76' lang='grc' dir='ltr'><strong>τὰ</strong></span> <span class='ocrx_word' id='word_1_377' title='bbox 1303 1322 1350 1357; x_wconf 84' lang='grc' dir='ltr'><strong>μὲν</strong></span> <span class='ocrx_word' id='word_1_378' title='bbox 1372 1323 1401 1348; x_wconf 80' lang='grc' dir='ltr'><strong>ὲν</strong></span> <span class='ocrx_word' id='word_1_379' title='bbox 1414 1322 1452 1357; x_wconf 79' lang='grc' dir='ltr'><strong>τῷ</strong></span> <span class='ocrx_word' id='word_1_380' title='bbox 1469 1322 1551 1357; x_wconf 80' lang='grc' dir='ltr'><strong>πεδίῳ</strong></span> <span class='ocrx_word' id='word_1_381' title='bbox 1574 1322 1716 1358; x_wconf 66' lang='grc' dir='ltr'><strong>ἔρριπτον,</strong></span> <span class='ocrx_word' id='word_1_382' title='bbox 1734 1324 1769 1350; x_wconf 76' lang='grc' dir='ltr'><strong>τὰ</strong></span> <span class='ocrx_word' id='word_1_383' title='bbox 1788 1325 1818 1351; x_wconf 71' lang='grc' dir='ltr'><strong>δὲ</strong></span> <span class='ocrx_word' id='word_1_384' title='bbox 1843 1326 1882 1351; x_wconf 80' lang='grc' dir='ltr'><strong>καὶ</strong></span> <span class='ocrx_word' id='word_1_385' title='bbox 1901 1343 1902 1358; x_wconf 38' lang='grc' dir='ltr'><strong>χ</strong></span> 
     </span>
    </p>
   </div>
   <div class='ocr_carea' id='block_1_55' title="bbox 1099 1364 1902 1405">
    <p class='ocr_par' dir='ltr' id='par_1_55' title="bbox 1099 1364 1902 1405">
     <span class='ocr_line' id='line_1_55' title="bbox 1099 1364 1902 1405; baseline 0.005 -13"><span class='ocrx_word' id='word_1_386' title='bbox 1099 1366 1128 1392; x_wconf 69' lang='grc' dir='ltr'>ἐν</span> <span class='ocrx_word' id='word_1_387' title='bbox 1149 1366 1245 1398; x_wconf 75' lang='grc' dir='ltr'><strong>οἰκίαις</strong></span> <span class='ocrx_word' id='word_1_388' title='bbox 1268 1367 1367 1399; x_wconf 83' lang='grc' dir='ltr'><strong>τινῶν,</strong></span> <span class='ocrx_word' id='word_1_389' title='bbox 1391 1367 1419 1393; x_wconf 81' lang='grc' dir='ltr'><strong>ὲν</strong></span> <span class='ocrx_word' id='word_1_390' title='bbox 1443 1364 1486 1399; x_wconf 74' lang='grc' dir='ltr'><strong>αἷς</strong></span> <span class='ocrx_word' id='word_1_391' title='bbox 1513 1367 1576 1399; x_wconf 72' lang='grc' dir='ltr'><strong>ἰσως</strong></span> <span class='ocrx_word' id='word_1_392' title='bbox 1598 1368 1723 1395; x_wconf 79' lang='grc' dir='ltr'><strong>καλλίονα</strong></span> <span class='ocrx_word' id='word_1_393' title='bbox 1744 1368 1882 1405; x_wconf 64' lang='grc' dir='ltr'><strong>εὕρισκον.</strong></span> <span class='ocrx_word' id='word_1_394' title='bbox 1901 1390 1902 1402; x_wconf 35' lang='grc' dir='ltr'><strong>χ</strong></span> 
     </span>
    </p>
   </div>
   <div class='ocr_carea' id='block_1_56' title="bbox 1101 1410 1902 1450">
    <p class='ocr_par' dir='ltr' id='par_1_56' title="bbox 1101 1410 1902 1450">
     <span class='ocr_line' id='line_1_56' title="bbox 1101 1410 1902 1450; baseline 0.004 -12"><span class='ocrx_word' id='word_1_395' title='bbox 1101 1412 1177 1438; x_wconf 85' lang='grc' dir='ltr'><strong>Ὀσοι</strong></span> <span class='ocrx_word' id='word_1_396' title='bbox 1200 1412 1281 1446; x_wconf 83' lang='grc' dir='ltr'><strong>γοῦν,</strong></span> <span class='ocrx_word' id='word_1_397' title='bbox 1309 1413 1406 1447; x_wconf 81' lang='grc' dir='ltr'><strong>φησὶν,</strong></span> <span class='ocrx_word' id='word_1_398' title='bbox 1428 1410 1505 1448; x_wconf 72' lang='grc' dir='ltr'>εὗρόν</span> <span class='ocrx_word' id='word_1_399' title='bbox 1527 1422 1588 1441; x_wconf 86' lang='grc' dir='ltr'><strong>τινα</strong></span> <span class='ocrx_word' id='word_1_400' title='bbox 1610 1416 1638 1441; x_wconf 77' lang='grc' dir='ltr'><strong>ἐν</strong></span> <span class='ocrx_word' id='word_1_401' title='bbox 1657 1414 1695 1449; x_wconf 85' lang='grc' dir='ltr'><strong>τῷ</strong></span> <span class='ocrx_word' id='word_1_402' title='bbox 1720 1414 1808 1450; x_wconf 79' lang='grc' dir='ltr'><strong>πεδίῳ</strong></span> <span class='ocrx_word' id='word_1_403' title='bbox 1827 1415 1842 1450; x_wconf 73' lang='grc' dir='ltr'><strong>ἢ</strong></span> <span class='ocrx_word' id='word_1_404' title='bbox 1859 1416 1883 1441; x_wconf 70' lang='grc' dir='ltr'><strong>ἐν</strong></span> <span class='ocrx_word' id='word_1_405' title='bbox 1901 1434 1902 1450; x_wconf 33' lang='grc' dir='ltr'><strong>χ</strong></span> 
     </span>
    </p>
   </div>
   <div class='ocr_carea' id='block_1_57' title="bbox 1099 1455 1882 1496">
    <p class='ocr_par' dir='ltr' id='par_1_57' title="bbox 1099 1455 1882 1496">
     <span class='ocr_line' id='line_1_57' title="bbox 1099 1455 1882 1496; baseline 0.004 -13"><span class='ocrx_word' id='word_1_406' title='bbox 1099 1459 1159 1489; x_wconf 83' lang='grc' dir='ltr'><strong>ταῖς</strong></span> <span class='ocrx_word' id='word_1_407' title='bbox 1175 1457 1278 1484; x_wconf 70' lang='grc' dir='ltr'><strong>ἑαυτῶν</strong></span> <span class='ocrx_word' id='word_1_408' title='bbox 1305 1457 1421 1490; x_wconf 83' lang='grc' dir='ltr'><strong>οἰκίαις,</strong></span> <span class='ocrx_word' id='word_1_409' title='bbox 1447 1455 1536 1491; x_wconf 78' lang='grc' dir='ltr'><strong>οὗτοι,</strong></span> <span class='ocrx_word' id='word_1_410' title='bbox 1551 1459 1575 1485; x_wconf 89' lang='grc' dir='ltr'><strong>εἰ</strong></span> <span class='ocrx_word' id='word_1_411' title='bbox 1603 1460 1650 1494; x_wconf 84' lang='grc' dir='ltr'><strong>μὲν</strong></span> <span class='ocrx_word' id='word_1_412' title='bbox 1674 1460 1882 1496; x_wconf 79' lang='grc' dir='ltr'><strong>κατηγορηθῶσι</strong></span> 
     </span>
    </p>
   </div>
   <div class='ocr_carea' id='block_1_58' title="bbox 1101 1503 1879 1538">
    <p class='ocr_par' dir='ltr' id='par_1_58' title="bbox 1101 1503 1879 1538">
     <span class='ocr_line' id='line_1_58' title="bbox 1101 1503 1879 1538; baseline 0.004 -10"><span class='ocrx_word' id='word_1_413' title='bbox 1101 1503 1147 1529; x_wconf 66' lang='grc' dir='ltr'><strong>καὶ</strong></span> <span class='ocrx_word' id='word_1_414' title='bbox 1163 1503 1319 1538; x_wconf 80' lang='grc' dir='ltr'><strong>ἐλεγχθῶσι,</strong></span> <span class='ocrx_word' id='word_1_415' title='bbox 1339 1504 1532 1530; x_wconf 82' lang='grc' dir='ltr'><strong>ταττέσθωσαν</strong></span> <span class='ocrx_word' id='word_1_416' title='bbox 1549 1505 1577 1531; x_wconf 80' lang='grc' dir='ltr'><strong>ὲν</strong></span> <span class='ocrx_word' id='word_1_417' title='bbox 1591 1507 1647 1536; x_wconf 83' lang='grc' dir='ltr'><strong>τοῖς</strong></span> <span class='ocrx_word' id='word_1_418' title='bbox 1668 1505 1879 1532; x_wconf 84' lang='grc' dir='ltr'><strong>ὑποπίπτουσιν·</strong></span> 
     </span>
    </p>
   </div>
   <div class='ocr_carea' id='block_1_59' title="bbox 1101 1547 1883 1584">
    <p class='ocr_par' dir='ltr' id='par_1_59' title="bbox 1101 1547 1883 1584">
     <span class='ocr_line' id='line_1_59' title="bbox 1101 1547 1883 1584; baseline 0.004 -10"><span class='ocrx_word' id='word_1_419' title='bbox 1101 1547 1148 1574; x_wconf 74' lang='grc' dir='ltr'><strong>ἐὰν</strong></span> <span class='ocrx_word' id='word_1_420' title='bbox 1174 1548 1202 1574; x_wconf 77' lang='grc' dir='ltr'><strong>δὲ</strong></span> <span class='ocrx_word' id='word_1_421' title='bbox 1230 1549 1342 1580; x_wconf 77' lang='grc' dir='ltr'><strong>ἑαυτοὺς</strong></span> <span class='ocrx_word' id='word_1_422' title='bbox 1366 1549 1600 1584; x_wconf 79' lang='grc' dir='ltr'><strong>προσαγγείλωσι,</strong></span> <span class='ocrx_word' id='word_1_423' title='bbox 1629 1550 1676 1576; x_wconf 77' lang='grc' dir='ltr'><strong>καὶ</strong></span> <span class='ocrx_word' id='word_1_424' title='bbox 1701 1550 1842 1577; x_wconf 84' lang='grc' dir='ltr'><strong>ἀποδῶσιν</strong></span> <span class='ocrx_word' id='word_1_425' title='bbox 1868 1550 1883 1576; x_wconf 72' lang='grc' dir='ltr'>ἆ</span> 
     </span>
    </p>
   </div>
   <div class='ocr_carea' id='block_1_60' title="bbox 276 1590 1048 1631">
    <p class='ocr_par' dir='ltr' id='par_1_60' title="bbox 276 1590 1047 1624">
     <span class='ocr_line' id='line_1_60' title="bbox 276 1590 1047 1624; baseline -0.001 -7"><span class='ocrx_word' id='word_1_426' title='bbox 276 1599 305 1617; x_wconf 77' lang='lat' dir='ltr'><strong>se</strong></span> <span class='ocrx_word' id='word_1_427' title='bbox 321 1590 394 1624; x_wconf 86' lang='lat' dir='ltr'><strong>ipsos</strong></span> <span class='ocrx_word' id='word_1_428' title='bbox 408 1590 563 1623; x_wconf 80' lang='lat' dir='ltr'><strong>detulerint,</strong></span> <span class='ocrx_word' id='word_1_429' title='bbox 575 1598 606 1617; x_wconf 90' lang='lat' dir='ltr'><strong>ac</strong></span> <span class='ocrx_word' id='word_1_430' title='bbox 617 1598 647 1617; x_wconf 87' lang='lat' dir='ltr'><strong>ea</strong></span> <span class='ocrx_word' id='word_1_431' title='bbox 664 1599 724 1624; x_wconf 66' lang='lat' dir='ltr'><strong>quae</strong></span> <span class='ocrx_word' id='word_1_432' title='bbox 735 1591 860 1618; x_wconf 85' lang='lat' dir='ltr'><strong>invenere</strong></span> <span class='ocrx_word' id='word_1_433' title='bbox 875 1590 1047 1623; x_wconf 82' lang='lat' dir='ltr'><strong>reddiderint,</strong></span> 
     </span>
    </p>
   </div>
   <div class='ocr_carea' id='block_1_61' title="bbox 1105 1590 1881 1631">
    <p class='ocr_par' dir='ltr' id='par_1_61' title="bbox 1105 1590 1881 1631">
     <span class='ocr_line' id='line_1_61' title="bbox 1105 1590 1881 1631; baseline 0.003 -11"><span class='ocrx_word' id='word_1_434' title='bbox 1105 1590 1197 1629; x_wconf 78' lang='grc' dir='ltr'><strong>εὗρον,</strong></span> <span class='ocrx_word' id='word_1_435' title='bbox 1222 1595 1268 1621; x_wconf 71' lang='grc' dir='ltr'><strong>καὶ</strong></span> <span class='ocrx_word' id='word_1_436' title='bbox 1284 1594 1333 1629; x_wconf 82' lang='grc' dir='ltr'><strong>τῆς</strong></span> <span class='ocrx_word' id='word_1_437' title='bbox 1357 1595 1438 1630; x_wconf 81' lang='grc' dir='ltr'><strong>εὐχῆς</strong></span> <span class='ocrx_word' id='word_1_438' title='bbox 1462 1595 1663 1628; x_wconf 61' lang='grc' dir='ltr'><strong>ἀξιούσθωσαν</strong></span> <span class='ocrx_word' id='word_1_439' title='bbox 1692 1595 1777 1630; x_wconf 72' lang='grc' dir='ltr'><strong>ἤγουν</strong></span> <span class='ocrx_word' id='word_1_440' title='bbox 1805 1596 1881 1631; x_wconf 82' lang='grc' dir='ltr'><strong>μέχρι</strong></span> 
     </span>
    </p>
   </div>
   <div class='ocr_carea' id='block_1_62' title="bbox 278 1634 1049 1670">
    <p class='ocr_par' dir='ltr' id='par_1_62' title="bbox 278 1634 1049 1670">
     <span class='ocr_line' id='line_1_62' title="bbox 278 1634 1049 1670; baseline 0 -8"><span class='ocrx_word' id='word_1_441' title='bbox 278 1636 432 1670; x_wconf 87' lang='lat' dir='ltr'><strong>precatione</strong></span> <span class='ocrx_word' id='word_1_442' title='bbox 447 1643 555 1670; x_wconf 89' lang='lat' dir='ltr'><strong>quoque</strong></span> <span class='ocrx_word' id='word_1_443' title='bbox 565 1636 638 1670; x_wconf 78' lang='lat' dir='ltr'><strong>digni</strong></span> <span class='ocrx_word' id='word_1_444' title='bbox 655 1636 804 1663; x_wconf 78' lang='lat' dir='ltr'><strong>habeantur</strong></span> <span class='ocrx_word' id='word_1_445' title='bbox 818 1646 824 1663; x_wconf 73' lang='grc' dir='ltr'><strong>ε</strong></span> <span class='ocrx_word' id='word_1_446' title='bbox 843 1636 893 1663; x_wconf 88' lang='lat' dir='ltr'><strong>hoc</strong></span> <span class='ocrx_word' id='word_1_447' title='bbox 905 1639 955 1667; x_wconf 82' lang='lat' dir='ltr'><strong>est,</strong></span> <span class='ocrx_word' id='word_1_448' title='bbox 970 1635 1001 1662; x_wconf 92' lang='lat' dir='ltr'><strong>ad</strong></span> <span class='ocrx_word' id='word_1_449' title='bbox 1015 1634 1049 1662; x_wconf 84' lang='lat' dir='ltr'><strong>li-</strong></span> 
     </span>
    </p>
   </div>
   <div class='ocr_carea' id='block_1_63' title="bbox 278 1681 1049 1715">
    <p class='ocr_par' dir='ltr' id='par_1_63' title="bbox 278 1681 1049 1715">
     <span class='ocr_line' id='line_1_63' title="bbox 278 1681 1049 1715; baseline 0.001 -9"><span class='ocrx_word' id='word_1_450' title='bbox 278 1688 338 1707; x_wconf 85' lang='lat' dir='ltr'><strong>nem</strong></span> <span class='ocrx_word' id='word_1_451' title='bbox 351 1688 435 1715; x_wconf 89' lang='lat' dir='ltr'><strong>usque</strong></span> <span class='ocrx_word' id='word_1_452' title='bbox 450 1681 613 1714; x_wconf 87' lang='lat' dir='ltr'><strong>precationis</strong></span> <span class='ocrx_word' id='word_1_453' title='bbox 628 1689 689 1709; x_wconf 87' lang='lat' dir='ltr'><strong>cum</strong></span> <span class='ocrx_word' id='word_1_454' title='bbox 705 1681 827 1708; x_wconf 81' lang='lat' dir='ltr'><strong>ﬁdelibus</strong></span> <span class='ocrx_word' id='word_1_455' title='bbox 840 1681 1001 1714; x_wconf 82' lang='lat' dir='ltr'><strong>consistant,</strong></span> <span class='ocrx_word' id='word_1_456' title='bbox 1017 1687 1049 1708; x_wconf 83' lang='lat' dir='ltr'><strong>ac</strong></span> 
     </span>
    </p>
   </div>
   <div class='ocr_carea' id='block_1_64' title="bbox 278 1723 1048 1756">
    <p class='ocr_par' dir='ltr' id='par_1_64' title="bbox 278 1723 1048 1756">
     <span class='ocr_line' id='line_1_64' title="bbox 278 1723 1048 1756; baseline -0.003 -5"><span class='ocrx_word' id='word_1_457' title='bbox 278 1733 292 1751; x_wconf 80' lang='lat' dir='ltr'><strong>a</strong></span> <span class='ocrx_word' id='word_1_458' title='bbox 310 1729 401 1751; x_wconf 85' lang='lat' dir='ltr'><strong>sancta</strong></span> <span class='ocrx_word' id='word_1_459' title='bbox 419 1725 609 1752; x_wconf 89' lang='lat' dir='ltr'><strong>communione</strong></span> <span class='ocrx_word' id='word_1_460' title='bbox 633 1725 820 1752; x_wconf 82' lang='lat' dir='ltr'><strong>tantummodo</strong></span> <span class='ocrx_word' id='word_1_461' title='bbox 834 1727 993 1756; x_wconf 84' lang='lat' dir='ltr'><strong>arceantur;</strong></span> <span class='ocrx_word' id='word_1_462' title='bbox 1006 1723 1048 1749; x_wconf 94' lang='lat' dir='ltr'><strong>vi-</strong></span> 
     </span>
    </p>
   </div>
   <div class='ocr_carea' id='block_1_65' title="bbox 278 1767 1049 1804">
    <p class='ocr_par' dir='ltr' id='par_1_65' title="bbox 278 1767 1049 1804">
     <span class='ocr_line' id='line_1_65' title="bbox 278 1767 1049 1804; baseline -0.001 -9"><span class='ocrx_word' id='word_1_463' title='bbox 278 1769 370 1795; x_wconf 86' lang='lat' dir='ltr'><strong>delicet</strong></span> <span class='ocrx_word' id='word_1_464' title='bbox 392 1769 541 1802; x_wconf 78' lang='lat' dir='ltr'><strong>usquedum</strong></span> <span class='ocrx_word' id='word_1_465' title='bbox 560 1770 744 1804; x_wconf 61' lang='lat' dir='ltr'><strong>penitentiam</strong></span> <span class='ocrx_word' id='word_1_466' title='bbox 766 1769 984 1802; x_wconf 86' lang='lat' dir='ltr'><strong>ostenderint,et</strong></span> <span class='ocrx_word' id='word_1_467' title='bbox 998 1767 1049 1795; x_wconf 87' lang='lat' dir='ltr'><strong>hac</strong></span> 
     </span>
    </p>
   </div>
   <div class='ocr_carea' id='block_1_66' title="bbox 278 1814 683 1850">
    <p class='ocr_par' dir='ltr' id='par_1_66' title="bbox 278 1814 683 1850">
     <span class='ocr_line' id='line_1_66' title="bbox 278 1814 683 1850; baseline -0.002 -9"><span class='ocrx_word' id='word_1_468' title='bbox 278 1821 385 1849; x_wconf 85' lang='lat' dir='ltr'><strong>quoque</strong></span> <span class='ocrx_word' id='word_1_469' title='bbox 397 1814 469 1850; x_wconf 78' lang='lat' dir='ltr'><strong>digni</strong></span> <span class='ocrx_word' id='word_1_470' title='bbox 485 1815 683 1842; x_wconf 85' lang='lat' dir='ltr'><strong>existimentur.</strong></span> 
     </span>
    </p>
   </div>
   <div class='ocr_carea' id='block_1_67' title="bbox 581 1859 743 1887">
    <p class='ocr_par' dir='ltr' id='par_1_67' title="bbox 581 1859 743 1887">
     <span class='ocr_line' id='line_1_67' title="bbox 581 1859 743 1887; baseline 0 -1"><span class='ocrx_word' id='word_1_471' title='bbox 581 1859 692 1887; x_wconf 79' lang='lat' dir='ltr'><strong>CANON</strong></span> <span class='ocrx_word' id='word_1_472' title='bbox 709 1859 743 1886; x_wconf 71' lang='grc' dir='ltr'><strong>Χ.</strong></span> 
     </span>
    </p>
   </div>
   <div class='ocr_carea' id='block_1_68' title="bbox 316 1903 1050 1940">
    <p class='ocr_par' dir='ltr' id='par_1_68' title="bbox 316 1903 1050 1940">
     <span class='ocr_line' id='line_1_68' title="bbox 316 1903 1050 1940; baseline -0.001 -9"><span class='ocrx_word' id='word_1_473' title='bbox 316 1914 325 1931; x_wconf 72' lang='grc' dir='ltr'>α</span> <span class='ocrx_word' id='word_1_474' title='bbox 347 1905 400 1933; x_wconf 87' lang='lat' dir='ltr'><strong>Eos</strong></span> <span class='ocrx_word' id='word_1_475' title='bbox 415 1909 504 1933; x_wconf 86' lang='lat' dir='ltr'><strong>autem</strong></span> <span class='ocrx_word' id='word_1_476' title='bbox 520 1905 565 1940; x_wconf 92' lang='lat' dir='ltr'><strong>qui</strong></span> <span class='ocrx_word' id='word_1_477' title='bbox 580 1910 690 1932; x_wconf 86' lang='lat' dir='ltr'><strong>servant</strong></span> <span class='ocrx_word' id='word_1_478' title='bbox 702 1904 836 1937; x_wconf 79' lang='lat' dir='ltr'><strong>mandata,</strong></span> <span class='ocrx_word' id='word_1_479' title='bbox 860 1904 962 1939; x_wconf 81' lang='lat' dir='ltr'><strong>absque</strong></span> <span class='ocrx_word' id='word_1_480' title='bbox 976 1903 1050 1931; x_wconf 91' lang='lat' dir='ltr'><strong>omni</strong></span> 
     </span>
    </p>
   </div>
   <div class='ocr_carea' id='block_1_69' title="bbox 280 1949 1050 1986">
    <p class='ocr_par' dir='ltr' id='par_1_69' title="bbox 280 1949 1050 1986">
     <span class='ocr_line' id='line_1_69' title="bbox 280 1949 1050 1986; baseline -0.003 -8"><span class='ocrx_word' id='word_1_481' title='bbox 280 1960 290 1977; x_wconf 76' lang='grc' dir='ltr'>ι</span> <span class='ocrx_word' id='word_1_482' title='bbox 311 1951 382 1986; x_wconf 92' lang='lat' dir='ltr'><strong>turpi</strong></span> <span class='ocrx_word' id='word_1_483' title='bbox 407 1951 483 1978; x_wconf 88' lang='lat' dir='ltr'><strong>lucro</strong></span> <span class='ocrx_word' id='word_1_484' title='bbox 497 1957 605 1977; x_wconf 87' lang='lat' dir='ltr'><strong>servare</strong></span> <span class='ocrx_word' id='word_1_485' title='bbox 619 1954 740 1984; x_wconf 86' lang='lat' dir='ltr'><strong>oportet;</strong></span> <span class='ocrx_word' id='word_1_486' title='bbox 767 1957 816 1977; x_wconf 88' lang='lat' dir='ltr'><strong>nec</strong></span> <span class='ocrx_word' id='word_1_487' title='bbox 831 1949 921 1976; x_wconf 87' lang='lat' dir='ltr'><strong>indicii</strong></span> <span class='ocrx_word' id='word_1_488' title='bbox 938 1949 980 1976; x_wconf 88' lang='lat' dir='ltr'><strong>vel</strong></span> <span class='ocrx_word' id='word_1_489' title='bbox 1001 1957 1050 1976; x_wconf 92' lang='lat' dir='ltr'><strong>cu-</strong></span> 
     </span>
    </p>
   </div>
   <div class='ocr_carea' id='block_1_70' title="bbox 280 1994 1052 2030">
    <p class='ocr_par' dir='ltr' id='par_1_70' title="bbox 280 1994 1052 2030">
     <span class='ocr_line' id='line_1_70' title="bbox 280 1994 1052 2030; baseline 0 -8"><span class='ocrx_word' id='word_1_490' title='bbox 280 2006 290 2022; x_wconf 71' lang='grc' dir='ltr'>ι</span> <span class='ocrx_word' id='word_1_491' title='bbox 310 1996 413 2028; x_wconf 73' lang='lat' dir='ltr'><strong>stmlize,</strong></span> <span class='ocrx_word' id='word_1_492' title='bbox 434 1995 474 2023; x_wconf 87' lang='lat' dir='ltr'><strong>vel</strong></span> <span class='ocrx_word' id='word_1_493' title='bbox 495 1994 658 2022; x_wconf 82' lang='lat' dir='ltr'><strong>inventionis</strong></span> <span class='ocrx_word' id='word_1_494' title='bbox 673 1994 798 2029; x_wconf 89' lang='lat' dir='ltr'><strong>pretium,</strong></span> <span class='ocrx_word' id='word_1_495' title='bbox 821 1994 863 2022; x_wconf 90' lang='lat' dir='ltr'><strong>vel</strong></span> <span class='ocrx_word' id='word_1_496' title='bbox 890 2001 1052 2030; x_wconf 83' lang='lat' dir='ltr'><strong>quocunque</strong></span> 
     </span>
    </p>
   </div>
   <div class='ocr_carea' id='block_1_71' title="bbox 280 2039 842 2074">
    <p class='ocr_par' dir='ltr' id='par_1_71' title="bbox 280 2039 842 2074">
     <span class='ocr_line' id='line_1_71' title="bbox 280 2039 842 2074; baseline -0.007 -5"><span class='ocrx_word' id='word_1_497' title='bbox 280 2051 291 2068; x_wconf 70' lang='grc' dir='ltr'>ς</span> <span class='ocrx_word' id='word_1_498' title='bbox 314 2042 422 2069; x_wconf 89' lang='lat' dir='ltr'><strong>nomine</strong></span> <span class='ocrx_word' id='word_1_499' title='bbox 436 2041 488 2068; x_wconf 86' lang='lat' dir='ltr'><strong>hoc</strong></span> <span class='ocrx_word' id='word_1_500' title='bbox 506 2040 651 2074; x_wconf 88' lang='lat' dir='ltr'><strong>appellant,</strong></span> <span class='ocrx_word' id='word_1_501' title='bbox 665 2039 811 2074; x_wconf 79' lang='lat' dir='ltr'><strong>exigentes.</strong></span> <span class='ocrx_word' id='word_1_502' title='bbox 833 2048 842 2065; x_wconf 78' lang='grc' dir='ltr'><strong>ι</strong></span> 
     </span>
    </p>
   </div>
   <div class='ocr_carea' id='block_1_72' title="bbox 312 2084 1052 2114">
    <p class='ocr_par' dir='ltr' id='par_1_72' title="bbox 312 2084 1052 2114">
     <span class='ocr_line' id='line_1_72' title="bbox 312 2084 1052 2114; baseline -0.004 0"><span class='ocrx_word' id='word_1_503' title='bbox 312 2087 393 2114; x_wconf 74' lang='grc' dir='ltr'><strong>Βλιε.</strong></span> <span class='ocrx_word' id='word_1_504' title='bbox 405 2087 472 2114; x_wconf 86' lang='lat' dir='ltr'><strong>Cum</strong></span> <span class='ocrx_word' id='word_1_505' title='bbox 493 2084 648 2112; x_wconf 72' lang='lat' dir='ltr'><strong>admisisset</strong></span> <span class='ocrx_word' id='word_1_506' title='bbox 663 2088 773 2111; x_wconf 82' lang='lat' dir='ltr'><strong>sanctus</strong></span> <span class='ocrx_word' id='word_1_507' title='bbox 785 2084 881 2111; x_wconf 86' lang='lat' dir='ltr'><strong>bonam</strong></span> <span class='ocrx_word' id='word_1_508' title='bbox 897 2091 992 2111; x_wconf 86' lang='lat' dir='ltr'><strong>eorum</strong></span> <span class='ocrx_word' id='word_1_509' title='bbox 1004 2091 1052 2111; x_wconf 87' lang='lat' dir='ltr'><strong>vo-</strong></span> 
     </span>
    </p>
   </div>
   <div class='ocr_carea' id='block_1_73' title="bbox 279 2128 1050 2165">
    <p class='ocr_par' dir='ltr' id='par_1_73' title="bbox 279 2128 1050 2165">
     <span class='ocr_line' id='line_1_73' title="bbox 279 2128 1050 2165; baseline -0.004 -6"><span class='ocrx_word' id='word_1_510' title='bbox 279 2134 420 2163; x_wconf 81' lang='lat' dir='ltr'><strong>luntatem,</strong></span> <span class='ocrx_word' id='word_1_511' title='bbox 431 2131 476 2165; x_wconf 89' lang='lat' dir='ltr'><strong>qui</strong></span> <span class='ocrx_word' id='word_1_512' title='bbox 492 2137 522 2157; x_wconf 85' lang='lat' dir='ltr'><strong>se</strong></span> <span class='ocrx_word' id='word_1_513' title='bbox 536 2129 610 2163; x_wconf 80' lang='lat' dir='ltr'><strong>ipsos</strong></span> <span class='ocrx_word' id='word_1_514' title='bbox 622 2128 776 2156; x_wconf 84' lang='lat' dir='ltr'><strong>detulerunt</strong></span> <span class='ocrx_word' id='word_1_515' title='bbox 797 2133 824 2156; x_wconf 88' lang='lat' dir='ltr'><strong>et</strong></span> <span class='ocrx_word' id='word_1_516' title='bbox 851 2129 989 2156; x_wconf 89' lang='lat' dir='ltr'><strong>inventum</strong></span> <span class='ocrx_word' id='word_1_517' title='bbox 1003 2129 1050 2156; x_wconf 82' lang='lat' dir='ltr'><strong>be—</strong></span> 
     </span>
    </p>
   </div>
   <div class='ocr_carea' id='block_1_74' title="bbox 279 2172 1052 2209">
    <p class='ocr_par' dir='ltr' id='par_1_74' title="bbox 279 2172 1052 2209">
     <span class='ocr_line' id='line_1_74' title="bbox 279 2172 1052 2209; baseline -0.008 -4"><span class='ocrx_word' id='word_1_518' title='bbox 279 2177 373 2205; x_wconf 83' lang='lat' dir='ltr'><strong>nevole</strong></span> <span class='ocrx_word' id='word_1_519' title='bbox 384 2175 569 2204; x_wconf 83' lang='lat' dir='ltr'><strong>reddiderunt,</strong></span> <span class='ocrx_word' id='word_1_520' title='bbox 579 2174 682 2208; x_wconf 86' lang='lat' dir='ltr'><strong>adjicit,</strong></span> <span class='ocrx_word' id='word_1_521' title='bbox 691 2175 762 2209; x_wconf 87' lang='lat' dir='ltr'><strong>quod</strong></span> <span class='ocrx_word' id='word_1_522' title='bbox 774 2174 796 2202; x_wconf 82' lang='lat' dir='ltr'><strong>si</strong></span> <span class='ocrx_word' id='word_1_523' title='bbox 810 2174 828 2202; x_wconf 92' lang='lat' dir='ltr'><strong>ii</strong></span> <span class='ocrx_word' id='word_1_524' title='bbox 841 2174 922 2202; x_wconf 87' lang='lat' dir='ltr'><strong>velint</strong></span> <span class='ocrx_word' id='word_1_525' title='bbox 935 2172 1052 2200; x_wconf 84' lang='lat' dir='ltr'><strong>mandati</strong></span> 
     </span>
    </p>
   </div>
   <div class='ocr_carea' id='block_1_75' title="bbox 280 2217 1053 2255">
    <p class='ocr_par' dir='ltr' id='par_1_75' title="bbox 280 2217 1053 2255">
     <span class='ocr_line' id='line_1_75' title="bbox 280 2217 1053 2255; baseline -0.006 -5"><span class='ocrx_word' id='word_1_526' title='bbox 280 2223 326 2250; x_wconf 86' lang='lat' dir='ltr'><strong>Dei</strong></span> <span class='ocrx_word' id='word_1_527' title='bbox 338 2223 526 2250; x_wconf 81' lang='lat' dir='ltr'><strong>observatores</strong></span> <span class='ocrx_word' id='word_1_528' title='bbox 537 2219 634 2252; x_wconf 87' lang='lat' dir='ltr'><strong>videri,</strong></span> <span class='ocrx_word' id='word_1_529' title='bbox 650 2221 747 2248; x_wconf 88' lang='lat' dir='ltr'><strong>debent</strong></span> <span class='ocrx_word' id='word_1_530' title='bbox 759 2221 860 2255; x_wconf 81' lang='lat' dir='ltr'><strong>absque</strong></span> <span class='ocrx_word' id='word_1_531' title='bbox 874 2219 969 2255; x_wconf 82' lang='lat' dir='ltr'><strong>quovis</strong></span> <span class='ocrx_word' id='word_1_532' title='bbox 982 2217 1053 2253; x_wconf 83' lang='lat' dir='ltr'><strong>turpi</strong></span> 
     </span>
    </p>
   </div>
   <div class='ocr_carea' id='block_1_76' title="bbox 280 2266 1051 2297">
    <p class='ocr_par' dir='ltr' id='par_1_76' title="bbox 280 2266 1051 2297">
     <span class='ocr_line' id='line_1_76' title="bbox 280 2266 1051 2297; baseline -0.004 -2"><span class='ocrx_word' id='word_1_533' title='bbox 280 2268 356 2295; x_wconf 89' lang='lat' dir='ltr'><strong>lucro</strong></span> <span class='ocrx_word' id='word_1_534' title='bbox 370 2275 427 2295; x_wconf 86' lang='lat' dir='ltr'><strong>rem</strong></span> <span class='ocrx_word' id='word_1_535' title='bbox 446 2267 581 2294; x_wconf 86' lang='lat' dir='ltr'><strong>inventam</strong></span> <span class='ocrx_word' id='word_1_536' title='bbox 597 2266 717 2294; x_wconf 82' lang='lat' dir='ltr'><strong>reddere.</strong></span> <span class='ocrx_word' id='word_1_537' title='bbox 737 2266 880 2294; x_wconf 78' lang='lat' dir='ltr'><strong>Deﬁnitum</strong></span> <span class='ocrx_word' id='word_1_538' title='bbox 898 2269 986 2292; x_wconf 85' lang='lat' dir='ltr'><strong>autem</strong></span> <span class='ocrx_word' id='word_1_539' title='bbox 999 2267 1051 2297; x_wconf 84' lang='lat' dir='ltr'><strong>est,</strong></span> 
     </span>
    </p>
   </div>
   <div class='ocr_carea' id='block_1_77' title="bbox 277 2310 1052 2347">
    <p class='ocr_par' dir='ltr' id='par_1_77' title="bbox 277 2310 1052 2347">
     <span class='ocr_line' id='line_1_77' title="bbox 277 2310 1052 2347; baseline -0.005 -6"><span class='ocrx_word' id='word_1_540' title='bbox 277 2322 332 2341; x_wconf 82' lang='lat' dir='ltr'><strong>non</strong></span> <span class='ocrx_word' id='word_1_541' title='bbox 350 2314 456 2347; x_wconf 80' lang='lat' dir='ltr'><strong>exigere</strong></span> <span class='ocrx_word' id='word_1_542' title='bbox 468 2317 592 2347; x_wconf 83' lang='lat' dir='ltr'><strong>oportere</strong></span> <span class='ocrx_word' id='word_1_543' title='bbox 605 2320 667 2340; x_wconf 90' lang='lat' dir='ltr'><strong>eum</strong></span> <span class='ocrx_word' id='word_1_544' title='bbox 682 2312 729 2346; x_wconf 90' lang='lat' dir='ltr'><strong>qui</strong></span> <span class='ocrx_word' id='word_1_545' title='bbox 751 2312 863 2343; x_wconf 82' lang='lat' dir='ltr'><strong>invenit.</strong></span> <span class='ocrx_word' id='word_1_546' title='bbox 887 2311 920 2338; x_wconf 85' lang='lat' dir='ltr'><strong>ab</strong></span> <span class='ocrx_word' id='word_1_547' title='bbox 948 2318 980 2337; x_wconf 84' lang='lat' dir='ltr'><strong>eo</strong></span> <span class='ocrx_word' id='word_1_548' title='bbox 1005 2310 1052 2344; x_wconf 85' lang='lat' dir='ltr'><strong>qui</strong></span> 
     </span>
    </p>
   </div>
   <div class='ocr_carea' id='block_1_78' title="bbox 279 2356 1054 2393">
    <p class='ocr_par' dir='ltr' id='par_1_78' title="bbox 279 2356 1054 2393">
     <span class='ocr_line' id='line_1_78' title="bbox 279 2356 1054 2393; baseline -0.004 -8"><span class='ocrx_word' id='word_1_549' title='bbox 279 2359 401 2393; x_wconf 69' lang='lat' dir='ltr'><strong>captivus</strong></span> <span class='ocrx_word' id='word_1_550' title='bbox 420 2356 482 2390; x_wconf 79' lang='lat' dir='ltr'><strong>fuit,</strong></span> <span class='ocrx_word' id='word_1_551' title='bbox 494 2357 534 2385; x_wconf 87' lang='lat' dir='ltr'><strong>vel</strong></span> <span class='ocrx_word' id='word_1_552' title='bbox 546 2357 649 2391; x_wconf 88' lang='lat' dir='ltr'><strong>indicii,</strong></span> <span class='ocrx_word' id='word_1_553' title='bbox 664 2358 703 2384; x_wconf 83' lang='lat' dir='ltr'><strong>vel</strong></span> <span class='ocrx_word' id='word_1_554' title='bbox 716 2357 855 2389; x_wconf 64' lang='lat' dir='ltr'><strong>custodiae,</strong></span> <span class='ocrx_word' id='word_1_555' title='bbox 869 2356 909 2384; x_wconf 87' lang='lat' dir='ltr'><strong>vel</strong></span> <span class='ocrx_word' id='word_1_556' title='bbox 922 2356 1054 2383; x_wconf 89' lang='lat' dir='ltr'><strong>inventio-</strong></span> 
     </span>
    </p>
   </div>
   <div class='ocr_carea' id='block_1_79' title="bbox 280 2402 1051 2438">
    <p class='ocr_par' dir='ltr' id='par_1_79' title="bbox 280 2402 1051 2438">
     <span class='ocr_line' id='line_1_79' title="bbox 280 2402 1051 2438; baseline -0.003 -8"><span class='ocrx_word' id='word_1_557' title='bbox 280 2405 323 2430; x_wconf 85' lang='lat' dir='ltr'><strong>nis</strong></span> <span class='ocrx_word' id='word_1_558' title='bbox 334 2403 459 2438; x_wconf 84' lang='lat' dir='ltr'><strong>pretium,</strong></span> <span class='ocrx_word' id='word_1_559' title='bbox 476 2403 515 2430; x_wconf 90' lang='lat' dir='ltr'><strong>vel</strong></span> <span class='ocrx_word' id='word_1_560' title='bbox 531 2403 632 2438; x_wconf 86' lang='lat' dir='ltr'><strong>aliquid</strong></span> <span class='ocrx_word' id='word_1_561' title='bbox 644 2403 731 2434; x_wconf 83' lang='lat' dir='ltr'><strong>aliud;</strong></span> <span class='ocrx_word' id='word_1_562' title='bbox 751 2409 784 2429; x_wconf 89' lang='lat' dir='ltr'><strong>eo</strong></span> <span class='ocrx_word' id='word_1_563' title='bbox 800 2402 872 2436; x_wconf 89' lang='lat' dir='ltr'><strong>quod</strong></span> <span class='ocrx_word' id='word_1_564' title='bbox 885 2410 937 2428; x_wconf 90' lang='lat' dir='ltr'><strong>non</strong></span> <span class='ocrx_word' id='word_1_565' title='bbox 956 2409 988 2428; x_wconf 81' lang='lat' dir='ltr'><strong>ex</strong></span> <span class='ocrx_word' id='word_1_566' title='bbox 1005 2409 1051 2429; x_wconf 86' lang='lat' dir='ltr'><strong>ne-</strong></span> 
     </span>
    </p>
   </div>
   <div class='ocr_carea' id='block_1_80' title="bbox 278 2446 1052 2484">
    <p class='ocr_par' dir='ltr' id='par_1_80' title="bbox 278 2446 1052 2484">
     <span class='ocr_line' id='line_1_80' title="bbox 278 2446 1052 2484; baseline -0.003 -9"><span class='ocrx_word' id='word_1_567' title='bbox 278 2448 409 2484; x_wconf 68' lang='lat' dir='ltr'><strong>gligentia</strong></span> <span class='ocrx_word' id='word_1_568' title='bbox 423 2449 607 2481; x_wconf 85' lang='lat' dir='ltr'><strong>dominorum,</strong></span> <span class='ocrx_word' id='word_1_569' title='bbox 621 2449 662 2476; x_wconf 91' lang='lat' dir='ltr'><strong>vel</strong></span> <span class='ocrx_word' id='word_1_570' title='bbox 671 2449 752 2476; x_wconf 89' lang='lat' dir='ltr'><strong>etiam</strong></span> <span class='ocrx_word' id='word_1_571' title='bbox 771 2446 881 2474; x_wconf 78' lang='lat' dir='ltr'><strong>fortuito</strong></span> <span class='ocrx_word' id='word_1_572' title='bbox 898 2454 941 2474; x_wconf 75' lang='lat' dir='ltr'><strong>res</strong></span> <span class='ocrx_word' id='word_1_573' title='bbox 954 2447 1052 2480; x_wconf 79' lang='lat' dir='ltr'><strong>amissa</strong></span> 
     </span>
    </p>
   </div>
   <div class='ocr_carea' id='block_1_81' title="bbox 280 2491 1053 2529">
    <p class='ocr_par' dir='ltr' id='par_1_81' title="bbox 280 2491 1053 2529">
     <span class='ocr_line' id='line_1_81' title="bbox 280 2491 1053 2529; baseline -0.004 -8"><span class='ocrx_word' id='word_1_574' title='bbox 280 2495 327 2527; x_wconf 84' lang='lat' dir='ltr'><strong>sit,</strong></span> <span class='ocrx_word' id='word_1_575' title='bbox 343 2494 389 2521; x_wconf 80' lang='lat' dir='ltr'><strong>sed</strong></span> <span class='ocrx_word' id='word_1_576' title='bbox 412 2502 508 2529; x_wconf 77' lang='lat' dir='ltr'><strong>magna</strong></span> <span class='ocrx_word' id='word_1_577' title='bbox 523 2494 676 2522; x_wconf 81' lang='lat' dir='ltr'><strong>calamitate</strong></span> <span class='ocrx_word' id='word_1_578' title='bbox 690 2497 716 2519; x_wconf 91' lang='lat' dir='ltr'><strong>et</strong></span> <span class='ocrx_word' id='word_1_579' title='bbox 731 2492 872 2519; x_wconf 85' lang='lat' dir='ltr'><strong>barbarica</strong></span> <span class='ocrx_word' id='word_1_580' title='bbox 887 2491 1053 2519; x_wconf 79' lang='lat' dir='ltr'><strong>incursione.</strong></span> 
     </span>
    </p>
   </div>
   <div class='ocr_carea' id='block_1_82' title="bbox 278 2536 1054 2573">
    <p class='ocr_par' dir='ltr' id='par_1_82' title="bbox 278 2536 1054 2573">
     <span class='ocr_line' id='line_1_82' title="bbox 278 2536 1054 2573; baseline -0.004 -7"><span class='ocrx_word' id='word_1_581' title='bbox 278 2540 332 2573; x_wconf 76' lang='lat' dir='ltr'><strong>Qui</strong></span> <span class='ocrx_word' id='word_1_582' title='bbox 354 2540 424 2568; x_wconf 88' lang='lat' dir='ltr'><strong>enim</strong></span> <span class='ocrx_word' id='word_1_583' title='bbox 443 2549 486 2568; x_wconf 87' lang='lat' dir='ltr'><strong>res</strong></span> <span class='ocrx_word' id='word_1_584' title='bbox 501 2540 672 2568; x_wconf 90' lang='lat' dir='ltr'><strong>dominorum</strong></span> <span class='ocrx_word' id='word_1_585' title='bbox 695 2537 854 2571; x_wconf 76' lang='lat' dir='ltr'><strong>negligentia</strong></span> <span class='ocrx_word' id='word_1_586' title='bbox 877 2537 918 2564; x_wconf 79' lang='lat' dir='ltr'><strong>vel</strong></span> <span class='ocrx_word' id='word_1_587' title='bbox 944 2536 1054 2564; x_wconf 78' lang='lat' dir='ltr'><strong>fortuito</strong></span> 
     </span>
    </p>
   </div>
   <div class='ocr_carea' id='block_1_83' title="bbox 281 2576 1054 2621">
    <p class='ocr_par' dir='ltr' id='par_1_83' title="bbox 281 2576 1054 2621">
     <span class='ocr_line' id='line_1_83' title="bbox 281 2576 1054 2621; baseline -0.008 -7"><span class='ocrx_word' id='word_1_588' title='bbox 281 2587 398 2621; x_wconf 85' lang='lat' dir='ltr'><strong>perditas</strong></span> <span class='ocrx_word' id='word_1_589' title='bbox 413 2587 573 2614; x_wconf 87' lang='lat' dir='ltr'><strong>invenerunt</strong></span> <span class='ocrx_word' id='word_1_590' title='bbox 592 2589 620 2613; x_wconf 87' lang='lat' dir='ltr'><strong>et</strong></span> <span class='ocrx_word' id='word_1_591' title='bbox 641 2592 688 2612; x_wconf 78' lang='lat' dir='ltr'><strong>eas</strong></span> <span class='ocrx_word' id='word_1_592' title='bbox 706 2576 868 2616; x_wconf 77' lang='lat' dir='ltr'><strong>restituunt,</strong></span> <span class='ocrx_word' id='word_1_593' title='bbox 893 2580 1054 2610; x_wconf 81' lang='lat' dir='ltr'><strong>inventionis</strong></span> 
     </span>
    </p>
   </div>
   <div class='ocr_carea' id='block_1_84' title="bbox 279 2627 1054 2667">
    <p class='ocr_par' dir='ltr' id='par_1_84' title="bbox 279 2627 1054 2667">
     <span class='ocr_line' id='line_1_84' title="bbox 279 2627 1054 2667; baseline -0.005 -9"><span class='ocrx_word' id='word_1_594' title='bbox 279 2633 396 2667; x_wconf 68' lang='lat' dir='ltr'><strong>pretium</strong></span> <span class='ocrx_word' id='word_1_595' title='bbox 408 2637 482 2660; x_wconf 84' lang='lat' dir='ltr'><strong>recte</strong></span> <span class='ocrx_word' id='word_1_596' title='bbox 496 2632 617 2665; x_wconf 73' lang='lat' dir='ltr'><strong>exigunt,</strong></span> <span class='ocrx_word' id='word_1_597' title='bbox 632 2629 857 2664; x_wconf 72' lang='lat' dir='ltr'><strong>quemadmodum</strong></span> <span class='ocrx_word' id='word_1_598' title='bbox 870 2629 921 2655; x_wconf 89' lang='lat' dir='ltr'><strong>hoc</strong></span> <span class='ocrx_word' id='word_1_599' title='bbox 936 2635 967 2654; x_wconf 88' lang='lat' dir='ltr'><strong>ex</strong></span> <span class='ocrx_word' id='word_1_600' title='bbox 990 2627 1054 2662; x_wconf 73' lang='lat' dir='ltr'><strong>legi-</strong></span> 
     </span>
    </p>
   </div>
   <div class='ocr_carea' id='block_1_85' title="bbox 282 2677 717 2714">
    <p class='ocr_par' dir='ltr' id='par_1_85' title="bbox 282 2677 717 2714">
     <span class='ocr_line' id='line_1_85' title="bbox 282 2677 717 2714; baseline -0.009 -9"><span class='ocrx_word' id='word_1_601' title='bbox 282 2679 333 2706; x_wconf 73' lang='lat' dir='ltr'><strong>bus</strong></span> <span class='ocrx_word' id='word_1_602' title='bbox 348 2679 472 2714; x_wconf 88' lang='lat' dir='ltr'><strong>superius</strong></span> <span class='ocrx_word' id='word_1_603' title='bbox 488 2677 582 2713; x_wconf 85' lang='lat' dir='ltr'><strong>positis</strong></span> <span class='ocrx_word' id='word_1_604' title='bbox 599 2680 717 2711; x_wconf 84' lang='lat' dir='ltr'><strong>apparet.</strong></span> 
     </span>
    </p>
   </div>
   <div class='ocr_carea' id='block_1_86' title="bbox 319 2764 1051 2801">
    <p class='ocr_par' dir='ltr' id='par_1_86' title="bbox 319 2764 1051 2801">
     <span class='ocr_line' id='line_1_86' title="bbox 319 2764 1051 2801; baseline -0.005 -7"><span class='ocrx_word' id='word_1_605' title='bbox 319 2769 419 2796; x_wconf 64' lang='lat' dir='ltr'><strong>Zama.</strong></span> <span class='ocrx_word' id='word_1_606' title='bbox 433 2768 501 2795; x_wconf 83' lang='lat' dir='ltr'><strong>Cum</strong></span> <span class='ocrx_word' id='word_1_607' title='bbox 517 2767 550 2794; x_wconf 82' lang='lat' dir='ltr'><strong>iis</strong></span> <span class='ocrx_word' id='word_1_608' title='bbox 564 2766 609 2801; x_wconf 88' lang='lat' dir='ltr'><strong>qui</strong></span> <span class='ocrx_word' id='word_1_609' title='bbox 631 2773 684 2792; x_wconf 87' lang='lat' dir='ltr'><strong>rem</strong></span> <span class='ocrx_word' id='word_1_610' title='bbox 700 2765 812 2793; x_wconf 83' lang='lat' dir='ltr'><strong>alienam</strong></span> <span class='ocrx_word' id='word_1_611' title='bbox 834 2773 848 2792; x_wconf 91' lang='lat' dir='ltr'><strong>a</strong></span> <span class='ocrx_word' id='word_1_612' title='bbox 870 2773 898 2792; x_wconf 87' lang='lat' dir='ltr'><strong>se</strong></span> <span class='ocrx_word' id='word_1_613' title='bbox 920 2764 1051 2791; x_wconf 83' lang='lat' dir='ltr'><strong>inventam</strong></span> 
     </span>
    </p>
   </div>
   <div class='ocr_carea' id='block_1_87' title="bbox 281 2812 1053 2848">
    <p class='ocr_par' dir='ltr' id='par_1_87' title="bbox 281 2812 1053 2848">
     <span class='ocr_line' id='line_1_87' title="bbox 281 2812 1053 2848; baseline -0.001 -8"><span class='ocrx_word' id='word_1_614' title='bbox 281 2814 457 2846; x_wconf 72' lang='lat' dir='ltr'><strong>dumutiant,</strong></span> <span class='ocrx_word' id='word_1_615' title='bbox 482 2813 622 2848; x_wconf 77' lang='lat' dir='ltr'><strong>benignius</strong></span> <span class='ocrx_word' id='word_1_616' title='bbox 645 2813 774 2848; x_wconf 68' lang='lat' dir='ltr'><strong>agendum</strong></span> <span class='ocrx_word' id='word_1_617' title='bbox 801 2820 860 2840; x_wconf 60' lang='grc' dir='ltr'><strong>οδες</strong></span> <span class='ocrx_word' id='word_1_618' title='bbox 886 2812 925 2839; x_wconf 89' lang='lat' dir='ltr'><strong>vir</strong></span> <span class='ocrx_word' id='word_1_619' title='bbox 946 2815 1053 2839; x_wconf 75' lang='lat' dir='ltr'><strong>sanctus</strong></span> 
     </span>
    </p>
   </div>
   <div class='ocr_carea' id='block_1_88' title="bbox 327 2895 968 2932">
    <p class='ocr_par' dir='ltr' id='par_1_88' title="bbox 327 2895 968 2932">
     <span class='ocr_line' id='line_1_88' title="bbox 327 2895 968 2932; baseline -0.005 -9"><span class='ocrx_word' id='word_1_620' title='bbox 327 2896 384 2931; x_wconf 64' lang='lat' dir='ltr'><strong>(3S)</strong></span> <span class='ocrx_word' id='word_1_621' title='bbox 405 2897 439 2924; x_wconf 84' lang='grc' dir='ltr'><strong>Τὸ</strong></span> <span class='ocrx_word' id='word_1_622' title='bbox 457 2896 624 2929; x_wconf 63' lang='grc' dir='ltr'><strong>(ἰλλόγίιον.</strong></span> <span class='ocrx_word' id='word_1_623' title='bbox 641 2895 733 2923; x_wconf 75' lang='lat' dir='ltr'><strong>Scribe</strong></span> <span class='ocrx_word' id='word_1_624' title='bbox 751 2896 802 2922; x_wconf 78' lang='grc' dir='ltr'><strong>τῶν</strong></span> <span class='ocrx_word' id='word_1_625' title='bbox 818 2896 968 2932; x_wconf 68' lang='grc' dir='ltr'><strong>ἀλλοτρίων.</strong></span> 
     </span>
    </p>
   </div>
   <div class='ocr_carea' id='block_1_89' title="bbox 1100 1638 1881 1675">
    <p class='ocr_par' dir='ltr' id='par_1_89' title="bbox 1100 1638 1881 1675">
     <span class='ocr_line' id='line_1_89' title="bbox 1100 1638 1881 1675; baseline 0.003 -10"><span class='ocrx_word' id='word_1_626' title='bbox 1100 1638 1194 1671; x_wconf 69' lang='grc' dir='ltr'><strong>τέλους</strong></span> <span class='ocrx_word' id='word_1_627' title='bbox 1221 1639 1272 1674; x_wconf 85' lang='grc' dir='ltr'><strong>τῆς</strong></span> <span class='ocrx_word' id='word_1_628' title='bbox 1309 1640 1391 1675; x_wconf 80' lang='grc' dir='ltr'><strong>εὐχῆς</strong></span> <span class='ocrx_word' id='word_1_629' title='bbox 1418 1640 1654 1675; x_wconf 81' lang='grc' dir='ltr'><strong>συνεστηκέτωσαν</strong></span> <span class='ocrx_word' id='word_1_630' title='bbox 1679 1642 1734 1672; x_wconf 86' lang='grc' dir='ltr'><strong>τοῖς</strong></span> <span class='ocrx_word' id='word_1_631' title='bbox 1758 1642 1881 1672; x_wconf 74' lang='grc' dir='ltr'><strong>πιστοῖς,</strong></span> 
     </span>
    </p>
   </div>
   <div class='ocr_carea' id='block_1_90' title="bbox 1103 1684 1882 1722">
    <p class='ocr_par' dir='ltr' id='par_1_90' title="bbox 1103 1684 1882 1722">
     <span class='ocr_line' id='line_1_90' title="bbox 1103 1684 1882 1722; baseline 0 -11"><span class='ocrx_word' id='word_1_632' title='bbox 1103 1684 1186 1720; x_wconf 83' lang='grc' dir='ltr'><strong>μόνης</strong></span> <span class='ocrx_word' id='word_1_633' title='bbox 1215 1685 1265 1720; x_wconf 84' lang='grc' dir='ltr'><strong>τῆς</strong></span> <span class='ocrx_word' id='word_1_634' title='bbox 1289 1685 1369 1719; x_wconf 79' lang='grc' dir='ltr'><strong>ἁγίας</strong></span> <span class='ocrx_word' id='word_1_635' title='bbox 1403 1685 1577 1721; x_wconf 77' lang='grc' dir='ltr'><strong>μεταλήψεως</strong></span> <span class='ocrx_word' id='word_1_636' title='bbox 1598 1686 1777 1721; x_wconf 78' lang='grc' dir='ltr'><strong>κωλυόμενοι·</strong></span> <span class='ocrx_word' id='word_1_637' title='bbox 1803 1687 1882 1722; x_wconf 72' lang='grc' dir='ltr'><strong>ἦγουν</strong></span> 
     </span>
    </p>
   </div>
   <div class='ocr_carea' id='block_1_91' title="bbox 1103 1730 1882 1767">
    <p class='ocr_par' dir='ltr' id='par_1_91' title="bbox 1103 1730 1882 1767">
     <span class='ocr_line' id='line_1_91' title="bbox 1103 1730 1882 1767; baseline 0.001 -10"><span class='ocrx_word' id='word_1_638' title='bbox 1103 1730 1198 1766; x_wconf 73' lang='grc' dir='ltr'><strong>μέχρις</strong></span> <span class='ocrx_word' id='word_1_639' title='bbox 1212 1730 1245 1758; x_wconf 78' lang='grc' dir='ltr'>ἂν</span> <span class='ocrx_word' id='word_1_640' title='bbox 1262 1731 1403 1766; x_wconf 82' lang='grc' dir='ltr'><strong>μετάνοιαν</strong></span> <span class='ocrx_word' id='word_1_641' title='bbox 1420 1731 1615 1765; x_wconf 76' lang='grc' dir='ltr'><strong>ἐπιδείξωνται,</strong></span> <span class='ocrx_word' id='word_1_642' title='bbox 1627 1732 1674 1759; x_wconf 74' lang='grc' dir='ltr'><strong>καὶ</strong></span> <span class='ocrx_word' id='word_1_643' title='bbox 1684 1731 1788 1767; x_wconf 78' lang='grc' dir='ltr'><strong>ταύτης</strong></span> <span class='ocrx_word' id='word_1_644' title='bbox 1805 1732 1882 1764; x_wconf 58' lang='lat' dir='ltr'><strong>diu.»</strong></span> 
     </span>
    </p>
   </div>
   <div class='ocr_carea' id='block_1_92' title="bbox 1101 1775 1180 1803">
    <p class='ocr_par' dir='ltr' id='par_1_92' title="bbox 1101 1775 1180 1803">
     <span class='ocr_line' id='line_1_92' title="bbox 1101 1775 1180 1803; baseline 0.013 -1"><span class='ocrx_word' id='word_1_645' title='bbox 1101 1775 1180 1803; x_wconf 82' lang='grc' dir='ltr'><strong>θῶσι.</strong></span> 
     </span>
    </p>
   </div>
   <div class='ocr_carea' id='block_1_93' title="bbox 1408 1858 1573 1885">
    <p class='ocr_par' dir='ltr' id='par_1_93' title="bbox 1408 1858 1573 1885">
     <span class='ocr_line' id='line_1_93' title="bbox 1408 1858 1573 1885; baseline 0 -1"><span class='ocrx_word' id='word_1_646' title='bbox 1408 1858 1526 1884; x_wconf 81' lang='grc' dir='ltr'>ΚΑΝΩΝ</span> <span class='ocrx_word' id='word_1_647' title='bbox 1545 1859 1573 1885; x_wconf 86' lang='lat' dir='ltr'><strong>l&#39;.</strong></span> 
     </span>
    </p>
   </div>
   <div class='ocr_carea' id='block_1_94' title="bbox 1141 1902 1882 1939">
    <p class='ocr_par' dir='ltr' id='par_1_94' title="bbox 1141 1902 1882 1939">
     <span class='ocr_line' id='line_1_94' title="bbox 1141 1902 1882 1939; baseline 0.001 -10"><span class='ocrx_word' id='word_1_648' title='bbox 1141 1911 1151 1928; x_wconf 71' lang='grc' dir='ltr'><strong>ί</strong></span> <span class='ocrx_word' id='word_1_649' title='bbox 1170 1902 1238 1934; x_wconf 76' lang='grc' dir='ltr'><strong>Τοὺς</strong></span> <span class='ocrx_word' id='word_1_650' title='bbox 1253 1902 1282 1929; x_wconf 80' lang='grc' dir='ltr'><strong>δὲ</strong></span> <span class='ocrx_word' id='word_1_651' title='bbox 1306 1903 1355 1939; x_wconf 82' lang='grc' dir='ltr'><strong>τὴν</strong></span> <span class='ocrx_word' id='word_1_652' title='bbox 1375 1903 1482 1938; x_wconf 68' lang='grc' dir='ltr'><strong>ἐντολὴν</strong></span> <span class='ocrx_word' id='word_1_653' title='bbox 1502 1902 1672 1938; x_wconf 83' lang='grc' dir='ltr'><strong>πληροῦντας</strong></span> <span class='ocrx_word' id='word_1_654' title='bbox 1691 1902 1770 1934; x_wconf 69' lang='grc' dir='ltr'><strong>ἐκτὸς</strong></span> <span class='ocrx_word' id='word_1_655' title='bbox 1794 1903 1882 1937; x_wconf 77' lang='grc' dir='ltr'><strong>πάσης</strong></span> 
     </span>
    </p>
   </div>
   <div class='ocr_carea' id='block_1_95' title="bbox 1106 1947 1882 1985">
    <p class='ocr_par' dir='ltr' id='par_1_95' title="bbox 1106 1947 1882 1985">
     <span class='ocr_line' id='line_1_95' title="bbox 1106 1947 1882 1985; baseline 0.003 -11"><span class='ocrx_word' id='word_1_656' title='bbox 1106 1957 1115 1974; x_wconf 82' lang='grc' dir='ltr'>ι</span> <span class='ocrx_word' id='word_1_657' title='bbox 1134 1948 1354 1983; x_wconf 76' lang='grc' dir='ltr'><strong>αἰσχροκερδείας</strong></span> <span class='ocrx_word' id='word_1_658' title='bbox 1368 1947 1488 1984; x_wconf 88' lang='grc' dir='ltr'><strong>πληροῦν</strong></span> <span class='ocrx_word' id='word_1_659' title='bbox 1501 1949 1550 1979; x_wconf 78' lang='grc' dir='ltr'><strong>δεῖ.</strong></span> <span class='ocrx_word' id='word_1_660' title='bbox 1567 1949 1635 1985; x_wconf 82' lang='grc' dir='ltr'><strong>μήτε</strong></span> <span class='ocrx_word' id='word_1_661' title='bbox 1658 1949 1781 1985; x_wconf 85' lang='grc' dir='ltr'><strong>μήνυτρα</strong></span> <span class='ocrx_word' id='word_1_662' title='bbox 1795 1949 1813 1985; x_wconf 77' lang='grc' dir='ltr'>ἢ</span> <span class='ocrx_word' id='word_1_663' title='bbox 1831 1949 1882 1976; x_wconf 80' lang='grc' dir='ltr'><strong>σῶ-</strong></span> 
     </span>
    </p>
   </div>
   <div class='ocr_carea' id='block_1_96' title="bbox 1105 1991 1881 2030">
    <p class='ocr_par' dir='ltr' id='par_1_96' title="bbox 1105 1991 1881 2030">
     <span class='ocr_line' id='line_1_96' title="bbox 1105 1991 1881 2030; baseline 0.003 -10"><span class='ocrx_word' id='word_1_664' title='bbox 1105 2002 1115 2020; x_wconf 78' lang='grc' dir='ltr'>ι</span> <span class='ocrx_word' id='word_1_665' title='bbox 1135 2002 1217 2029; x_wconf 84' lang='grc' dir='ltr'><strong>στρα,</strong></span> <span class='ocrx_word' id='word_1_666' title='bbox 1232 1993 1249 2029; x_wconf 79' lang='grc' dir='ltr'>ἢ</span> <span class='ocrx_word' id='word_1_667' title='bbox 1263 1993 1397 2029; x_wconf 78' lang='grc' dir='ltr'><strong>εὖρετρα,</strong></span> <span class='ocrx_word' id='word_1_668' title='bbox 1414 1994 1430 2029; x_wconf 84' lang='grc' dir='ltr'>ἢ</span> <span class='ocrx_word' id='word_1_669' title='bbox 1455 1991 1477 2028; x_wconf 85' lang='grc' dir='ltr'>ᾧ</span> <span class='ocrx_word' id='word_1_670' title='bbox 1496 1994 1607 2030; x_wconf 79' lang='grc' dir='ltr'><strong>ὀνόματι</strong></span> <span class='ocrx_word' id='word_1_671' title='bbox 1630 1994 1716 2021; x_wconf 81' lang='grc' dir='ltr'><strong>ταῦτα</strong></span> <span class='ocrx_word' id='word_1_672' title='bbox 1739 1994 1881 2027; x_wconf 72' lang='grc' dir='ltr'><strong>καλοῦσιν,</strong></span> 
     </span>
    </p>
   </div>
   <div class='ocr_carea' id='block_1_97' title="bbox 1109 2038 1349 2070">
    <p class='ocr_par' dir='ltr' id='par_1_97' title="bbox 1109 2038 1349 2070">
     <span class='ocr_line' id='line_1_97' title="bbox 1109 2038 1349 2070; baseline 0 -5"><span class='ocrx_word' id='word_1_673' title='bbox 1109 2047 1118 2064; x_wconf 84' lang='grc' dir='ltr'><strong>ι</strong></span> <span class='ocrx_word' id='word_1_674' title='bbox 1136 2038 1326 2070; x_wconf 78' lang='grc' dir='ltr'><strong>ἀπαιτοῦντας.</strong></span> <span class='ocrx_word' id='word_1_675' title='bbox 1341 2048 1349 2065; x_wconf 77' lang='grc' dir='ltr'><strong>ι</strong></span> 
     </span>
    </p>
   </div>
   <div class='ocr_carea' id='block_1_98' title="bbox 1138 2083 1884 2119">
    <p class='ocr_par' dir='ltr' id='par_1_98' title="bbox 1138 2083 1884 2119">
     <span class='ocr_line' id='line_1_98' title="bbox 1138 2083 1884 2119; baseline 0 -9"><span class='ocrx_word' id='word_1_676' title='bbox 1138 2084 1234 2111; x_wconf 80' lang='grc' dir='ltr'>ΒΑΛΣ.</span> <span class='ocrx_word' id='word_1_677' title='bbox 1251 2084 1460 2119; x_wconf 78' lang='grc' dir='ltr'><strong>Ἀποδεξάμενος</strong></span> <span class='ocrx_word' id='word_1_678' title='bbox 1471 2084 1519 2119; x_wconf 86' lang='grc' dir='ltr'>τὴν</span> <span class='ocrx_word' id='word_1_679' title='bbox 1533 2083 1722 2117; x_wconf 76' lang='grc' dir='ltr'><strong>ἀγαῠοθέλειαν</strong></span> <span class='ocrx_word' id='word_1_680' title='bbox 1733 2083 1788 2109; x_wconf 84' lang='grc' dir='ltr'><strong>τῶν</strong></span> <span class='ocrx_word' id='word_1_681' title='bbox 1805 2090 1884 2113; x_wconf 67' lang='lat' dir='ltr'><strong>nmo—</strong></span> 
     </span>
    </p>
   </div>
   <div class='ocr_carea' id='block_1_99' title="bbox 1103 2129 1883 2164">
    <p class='ocr_par' dir='ltr' id='par_1_99' title="bbox 1103 2129 1883 2164">
     <span class='ocr_line' id='line_1_99' title="bbox 1103 2129 1883 2164; baseline -0.001 -8"><span class='ocrx_word' id='word_1_682' title='bbox 1103 2129 1286 2164; x_wconf 82' lang='grc' dir='ltr'><strong>αγγειλόιντων</strong></span> <span class='ocrx_word' id='word_1_683' title='bbox 1314 2131 1426 2162; x_wconf 72' lang='grc' dir='ltr'><strong>ἑαυτοὺς</strong></span> <span class='ocrx_word' id='word_1_684' title='bbox 1454 2130 1500 2156; x_wconf 78' lang='grc' dir='ltr'><strong>καὶ</strong></span> <span class='ocrx_word' id='word_1_685' title='bbox 1529 2129 1680 2156; x_wconf 82' lang='grc' dir='ltr'><strong>ἀποδόντων</strong></span> <span class='ocrx_word' id='word_1_686' title='bbox 1708 2129 1883 2164; x_wconf 82' lang='grc' dir='ltr'><strong>εὐγνωμονως</strong></span> 
     </span>
    </p>
   </div>
   <div class='ocr_carea' id='block_1_100' title="bbox 1103 2174 1882 2212">
    <p class='ocr_par' dir='ltr' id='par_1_100' title="bbox 1103 2174 1882 2212">
     <span class='ocr_line' id='line_1_100' title="bbox 1103 2174 1882 2212; baseline -0.005 -10"><span class='ocrx_word' id='word_1_687' title='bbox 1103 2175 1134 2202; x_wconf 81' lang='grc' dir='ltr'><strong>τὸ</strong></span> <span class='ocrx_word' id='word_1_688' title='bbox 1150 2175 1271 2211; x_wconf 74' lang='grc' dir='ltr'><strong>εὕρεμα,</strong></span> <span class='ocrx_word' id='word_1_689' title='bbox 1287 2175 1462 2212; x_wconf 73' lang='grc' dir='ltr'><strong>προστίθησιν</strong></span> <span class='ocrx_word' id='word_1_690' title='bbox 1485 2176 1500 2202; x_wconf 82' lang='grc' dir='ltr'>ὁ</span> <span class='ocrx_word' id='word_1_691' title='bbox 1521 2175 1618 2208; x_wconf 75' lang='grc' dir='ltr'><strong>ἅγιος,</strong></span> <span class='ocrx_word' id='word_1_692' title='bbox 1639 2174 1693 2206; x_wconf 84' lang='grc' dir='ltr'><strong>ὡς,</strong></span> <span class='ocrx_word' id='word_1_693' title='bbox 1715 2176 1740 2200; x_wconf 83' lang='grc' dir='ltr'><strong>εἰ</strong></span> <span class='ocrx_word' id='word_1_694' title='bbox 1764 2174 1882 2202; x_wconf 79' lang='grc' dir='ltr'><strong>Θέλουσιν</strong></span> 
     </span>
    </p>
   </div>
   <div class='ocr_carea' id='block_1_101' title="bbox 1104 2219 1881 2257">
    <p class='ocr_par' dir='ltr' id='par_1_101' title="bbox 1104 2219 1881 2257">
     <span class='ocr_line' id='line_1_101' title="bbox 1104 2219 1881 2257; baseline -0.004 -8"><span class='ocrx_word' id='word_1_695' title='bbox 1104 2219 1177 2249; x_wconf 68' lang='grc' dir='ltr'><strong>οὗτοι</strong></span> <span class='ocrx_word' id='word_1_696' title='bbox 1199 2222 1352 2257; x_wconf 84' lang='grc' dir='ltr'><strong>λογισθῆναι</strong></span> <span class='ocrx_word' id='word_1_697' title='bbox 1376 2221 1516 2257; x_wconf 78' lang='grc' dir='ltr'><strong>πληρωταὶ</strong></span> <span class='ocrx_word' id='word_1_698' title='bbox 1534 2221 1582 2256; x_wconf 86' lang='grc' dir='ltr'><strong>τῆς</strong></span> <span class='ocrx_word' id='word_1_699' title='bbox 1605 2221 1714 2256; x_wconf 72' lang='grc' dir='ltr'><strong>ὲντολῆς</strong></span> <span class='ocrx_word' id='word_1_700' title='bbox 1739 2221 1786 2247; x_wconf 78' lang='grc' dir='ltr'><strong>τοῦ</strong></span> <span class='ocrx_word' id='word_1_701' title='bbox 1808 2223 1881 2252; x_wconf 67' lang='grc' dir='ltr'><strong>θεον,</strong></span> 
     </span>
    </p>
   </div>
   <div class='ocr_carea' id='block_1_102' title="bbox 1074 2261 1882 2303">
    <p class='ocr_par' dir='ltr' id='par_1_102' title="bbox 1074 2261 1882 2303">
     <span class='ocr_line' id='line_1_102' title="bbox 1074 2261 1882 2303; baseline -0.004 -9"><span class='ocrx_word' id='word_1_702' title='bbox 1074 2261 1094 2288; x_wconf 80' lang='grc' dir='ltr'><strong>Ι)</strong></span> <span class='ocrx_word' id='word_1_703' title='bbox 1105 2267 1240 2302; x_wconf 76' lang='grc' dir='ltr'><strong>ὀφείλουσι</strong></span> <span class='ocrx_word' id='word_1_704' title='bbox 1269 2267 1353 2303; x_wconf 78' lang='grc' dir='ltr'><strong>χωρὶς</strong></span> <span class='ocrx_word' id='word_1_705' title='bbox 1376 2267 1488 2303; x_wconf 69' lang='grc' dir='ltr'><strong>αἰσχροῦ</strong></span> <span class='ocrx_word' id='word_1_706' title='bbox 1513 2267 1624 2302; x_wconf 82' lang='grc' dir='ltr'><strong>κέρδους</strong></span> <span class='ocrx_word' id='word_1_707' title='bbox 1641 2267 1696 2293; x_wconf 83' lang='grc' dir='ltr'><strong>οἵου</strong></span> <span class='ocrx_word' id='word_1_708' title='bbox 1707 2266 1738 2302; x_wconf 83' lang='grc' dir='ltr'><strong>δή</strong></span> <span class='ocrx_word' id='word_1_709' title='bbox 1750 2274 1822 2297; x_wconf 86' lang='grc' dir='ltr'><strong>τινος</strong></span> <span class='ocrx_word' id='word_1_710' title='bbox 1837 2265 1882 2298; x_wconf 77' lang='grc' dir='ltr'><strong>τήν</strong></span> 
     </span>
    </p>
   </div>
   <div class='ocr_carea' id='block_1_103' title="bbox 1105 2310 1883 2348">
    <p class='ocr_par' dir='ltr' id='par_1_103' title="bbox 1105 2310 1883 2348">
     <span class='ocr_line' id='line_1_103' title="bbox 1105 2310 1883 2348; baseline -0.004 -9"><span class='ocrx_word' id='word_1_711' title='bbox 1105 2312 1230 2340; x_wconf 62' lang='grc' dir='ltr'><strong>ἀπόδοσιν</strong></span> <span class='ocrx_word' id='word_1_712' title='bbox 1245 2311 1292 2338; x_wconf 82' lang='grc' dir='ltr'><strong>τοῦ</strong></span> <span class='ocrx_word' id='word_1_713' title='bbox 1310 2312 1457 2348; x_wconf 80' lang='grc' dir='ltr'><strong>εὑρέματος</strong></span> <span class='ocrx_word' id='word_1_714' title='bbox 1473 2313 1569 2338; x_wconf 78' lang='grc' dir='ltr'><strong>ποιεῖν.</strong></span> <span class='ocrx_word' id='word_1_715' title='bbox 1587 2311 1695 2346; x_wconf 82' lang='grc' dir='ltr'><strong>Ὦρίσθη</strong></span> <span class='ocrx_word' id='word_1_716' title='bbox 1710 2311 1738 2337; x_wconf 66' lang='grc' dir='ltr'><strong>δὲ</strong></span> <span class='ocrx_word' id='word_1_717' title='bbox 1750 2310 1788 2346; x_wconf 80' lang='grc' dir='ltr'><strong>μὴ</strong></span> <span class='ocrx_word' id='word_1_718' title='bbox 1805 2312 1883 2337; x_wconf 78' lang='grc' dir='ltr'><strong>ἀπαι-</strong></span> 
     </span>
    </p>
   </div>
   <div class='ocr_carea' id='block_1_104' title="bbox 1104 2355 1882 2393">
    <p class='ocr_par' dir='ltr' id='par_1_104' title="bbox 1104 2355 1882 2393">
     <span class='ocr_line' id='line_1_104' title="bbox 1104 2355 1882 2393; baseline -0.005 -8"><span class='ocrx_word' id='word_1_719' title='bbox 1104 2358 1209 2385; x_wconf 79' lang='grc' dir='ltr'><strong>τεῖσθαι</strong></span> <span class='ocrx_word' id='word_1_720' title='bbox 1233 2357 1308 2393; x_wconf 78' lang='grc' dir='ltr'><strong>παρὰ</strong></span> <span class='ocrx_word' id='word_1_721' title='bbox 1335 2357 1381 2384; x_wconf 80' lang='grc' dir='ltr'><strong>τοῦ</strong></span> <span class='ocrx_word' id='word_1_722' title='bbox 1410 2357 1554 2393; x_wconf 59' lang='lat' dir='ltr'><strong>sommo;</strong></span> <span class='ocrx_word' id='word_1_723' title='bbox 1579 2357 1612 2382; x_wconf 70' lang='grc' dir='ltr'><strong>ἐκ</strong></span> <span class='ocrx_word' id='word_1_724' title='bbox 1642 2355 1688 2382; x_wconf 82' lang='grc' dir='ltr'><strong>τοῦ</strong></span> <span class='ocrx_word' id='word_1_725' title='bbox 1719 2355 1818 2392; x_wconf 81' lang='grc' dir='ltr'><strong>μέρους</strong></span> <span class='ocrx_word' id='word_1_726' title='bbox 1839 2355 1882 2382; x_wconf 84' lang='grc' dir='ltr'><strong>τοῦ</strong></span> 
     </span>
    </p>
   </div>
   <div class='ocr_carea' id='block_1_105' title="bbox 1106 2400 1883 2438">
    <p class='ocr_par' dir='ltr' id='par_1_105' title="bbox 1106 2400 1883 2438">
     <span class='ocr_line' id='line_1_105' title="bbox 1106 2400 1883 2438; baseline -0.003 -9"><span class='ocrx_word' id='word_1_727' title='bbox 1106 2402 1279 2438; x_wconf 82' lang='grc' dir='ltr'><strong>αἰχμαλώτου</strong></span> <span class='ocrx_word' id='word_1_728' title='bbox 1298 2403 1419 2438; x_wconf 88' lang='grc' dir='ltr'><strong>μήνυτρα</strong></span> <span class='ocrx_word' id='word_1_729' title='bbox 1441 2402 1457 2438; x_wconf 86' lang='grc' dir='ltr'>ἦ</span> <span class='ocrx_word' id='word_1_730' title='bbox 1475 2402 1613 2438; x_wconf 85' lang='grc' dir='ltr'><strong>σῶστραῆ</strong></span> <span class='ocrx_word' id='word_1_731' title='bbox 1628 2400 1762 2437; x_wconf 82' lang='grc' dir='ltr'><strong>εὖρετρα,</strong></span> <span class='ocrx_word' id='word_1_732' title='bbox 1786 2401 1803 2437; x_wconf 82' lang='grc' dir='ltr'>ἢ</span> <span class='ocrx_word' id='word_1_733' title='bbox 1825 2401 1883 2428; x_wconf 77' lang='grc' dir='ltr'><strong>ἄλλο</strong></span> 
     </span>
    </p>
   </div>
   <div class='ocr_carea' id='block_1_106' title="bbox 1105 2445 1878 2483">
    <p class='ocr_par' dir='ltr' id='par_1_106' title="bbox 1105 2445 1878 2483">
     <span class='ocr_line' id='line_1_106' title="bbox 1105 2445 1878 2483; baseline -0.004 -8"><span class='ocrx_word' id='word_1_734' title='bbox 1105 2456 1142 2479; x_wconf 82' lang='grc' dir='ltr'><strong>τι,</strong></span> <span class='ocrx_word' id='word_1_735' title='bbox 1156 2447 1200 2475; x_wconf 80' lang='grc' dir='ltr'><strong>διὰ</strong></span> <span class='ocrx_word' id='word_1_736' title='bbox 1211 2447 1243 2474; x_wconf 81' lang='grc' dir='ltr'><strong>τδ</strong></span> <span class='ocrx_word' id='word_1_737' title='bbox 1261 2448 1297 2483; x_wconf 87' lang='grc' dir='ltr'><strong>μὴ</strong></span> <span class='ocrx_word' id='word_1_738' title='bbox 1313 2447 1342 2481; x_wconf 58' lang='grc' dir='ltr'><strong>ἐξ</strong></span> <span class='ocrx_word' id='word_1_739' title='bbox 1359 2447 1487 2483; x_wconf 83' lang='grc' dir='ltr'><strong>ἀμελείας</strong></span> <span class='ocrx_word' id='word_1_740' title='bbox 1506 2447 1561 2474; x_wconf 87' lang='grc' dir='ltr'><strong>τῶν</strong></span> <span class='ocrx_word' id='word_1_741' title='bbox 1581 2445 1716 2473; x_wconf 81' lang='grc' dir='ltr'><strong>δεσποτῶν</strong></span> <span class='ocrx_word' id='word_1_742' title='bbox 1740 2447 1757 2482; x_wconf 77' lang='grc' dir='ltr'>ἢ</span> <span class='ocrx_word' id='word_1_743' title='bbox 1779 2447 1827 2474; x_wconf 77' lang='grc' dir='ltr'><strong>καὶ</strong></span> <span class='ocrx_word' id='word_1_744' title='bbox 1839 2455 1878 2472; x_wconf 88' lang='grc' dir='ltr'><strong>τυ-</strong></span> 
     </span>
    </p>
   </div>
   <div class='ocr_carea' id='block_1_107' title="bbox 1106 2491 1882 2529">
    <p class='ocr_par' dir='ltr' id='par_1_107' title="bbox 1106 2491 1882 2529">
     <span class='ocr_line' id='line_1_107' title="bbox 1106 2491 1882 2529; baseline -0.001 -8"><span class='ocrx_word' id='word_1_745' title='bbox 1106 2494 1190 2529; x_wconf 82' lang='grc' dir='ltr'><strong>χαίως</strong></span> <span class='ocrx_word' id='word_1_746' title='bbox 1203 2493 1326 2528; x_wconf 75' lang='grc' dir='ltr'><strong>γενέσθαι</strong></span> <span class='ocrx_word' id='word_1_747' title='bbox 1340 2493 1388 2528; x_wconf 80' lang='grc' dir='ltr'><strong>τὴν</strong></span> <span class='ocrx_word' id='word_1_748' title='bbox 1398 2492 1545 2523; x_wconf 78' lang='grc' dir='ltr'><strong>ἀπώλειαν.</strong></span> <span class='ocrx_word' id='word_1_749' title='bbox 1557 2491 1624 2519; x_wconf 81' lang='grc' dir='ltr'>ἀλλὰ</span> <span class='ocrx_word' id='word_1_750' title='bbox 1638 2492 1691 2519; x_wconf 81' lang='grc' dir='ltr'><strong>ἀπὸ</strong></span> <span class='ocrx_word' id='word_1_751' title='bbox 1701 2494 1882 2528; x_wconf 74' lang='grc' dir='ltr'><strong>περιστάσεως</strong></span> 
     </span>
    </p>
   </div>
   <div class='ocr_carea' id='block_1_108' title="bbox 1109 2538 1882 2575">
    <p class='ocr_par' dir='ltr' id='par_1_108' title="bbox 1109 2538 1882 2575">
     <span class='ocr_line' id='line_1_108' title="bbox 1109 2538 1882 2575; baseline -0.001 -9"><span class='ocrx_word' id='word_1_752' title='bbox 1109 2539 1228 2575; x_wconf 84' lang='grc' dir='ltr'><strong>μεγάλης</strong></span> <span class='ocrx_word' id='word_1_753' title='bbox 1247 2540 1294 2566; x_wconf 81' lang='grc' dir='ltr'><strong>καὶ</strong></span> <span class='ocrx_word' id='word_1_754' title='bbox 1315 2539 1465 2575; x_wconf 72' lang='grc' dir='ltr'><strong>ἐπιδρομῆς</strong></span> <span class='ocrx_word' id='word_1_755' title='bbox 1486 2538 1663 2575; x_wconf 79' lang='grc' dir='ltr'><strong>βαρϐαρικῆς.</strong></span> <span class='ocrx_word' id='word_1_756' title='bbox 1678 2539 1710 2566; x_wconf 79' lang='grc' dir='ltr'><strong>Οἱ</strong></span> <span class='ocrx_word' id='word_1_757' title='bbox 1731 2539 1786 2574; x_wconf 78' lang='grc' dir='ltr'><strong>γὰρ</strong></span> <span class='ocrx_word' id='word_1_758' title='bbox 1807 2539 1882 2574; x_wconf 76' lang='grc' dir='ltr'><strong>εὑρη-</strong></span> 
     </span>
    </p>
   </div>
   <div class='ocr_carea' id='block_1_109' title="bbox 1108 2584 1882 2621">
    <p class='ocr_par' dir='ltr' id='par_1_109' title="bbox 1108 2584 1882 2621">
     <span class='ocr_line' id='line_1_109' title="bbox 1108 2584 1882 2621; baseline -0.001 -9"><span class='ocrx_word' id='word_1_759' title='bbox 1108 2586 1185 2618; x_wconf 77' lang='grc' dir='ltr'><strong>κότες</strong></span> <span class='ocrx_word' id='word_1_760' title='bbox 1201 2586 1348 2621; x_wconf 81' lang='grc' dir='ltr'><strong>πράγματα</strong></span> <span class='ocrx_word' id='word_1_761' title='bbox 1363 2585 1394 2617; x_wconf 74' lang='grc' dir='ltr'><strong>ἐξ</strong></span> <span class='ocrx_word' id='word_1_762' title='bbox 1408 2585 1534 2620; x_wconf 78' lang='grc' dir='ltr'><strong>ἀμελείας</strong></span> <span class='ocrx_word' id='word_1_763' title='bbox 1550 2585 1604 2612; x_wconf 86' lang='grc' dir='ltr'><strong>τῶν</strong></span> <span class='ocrx_word' id='word_1_764' title='bbox 1621 2585 1756 2611; x_wconf 80' lang='grc' dir='ltr'><strong>δεσποτῶν</strong></span> <span class='ocrx_word' id='word_1_765' title='bbox 1772 2585 1788 2620; x_wconf 80' lang='grc' dir='ltr'><strong>ἢ</strong></span> <span class='ocrx_word' id='word_1_766' title='bbox 1805 2584 1882 2619; x_wconf 80' lang='grc' dir='ltr'><strong>τύχης</strong></span> 
     </span>
    </p>
   </div>
   <div class='ocr_carea' id='block_1_110' title="bbox 1109 2630 1881 2663">
    <p class='ocr_par' dir='ltr' id='par_1_110' title="bbox 1109 2630 1881 2663">
     <span class='ocr_line' id='line_1_110' title="bbox 1109 2630 1881 2663; baseline -0.006 -4"><span class='ocrx_word' id='word_1_767' title='bbox 1109 2631 1299 2662; x_wconf 80' lang='grc' dir='ltr'><strong>ἁπολεσθέντα,</strong></span> <span class='ocrx_word' id='word_1_768' title='bbox 1315 2632 1361 2659; x_wconf 69' lang='grc' dir='ltr'><strong>καὶ</strong></span> <span class='ocrx_word' id='word_1_769' title='bbox 1372 2631 1606 2663; x_wconf 77' lang='grc' dir='ltr'><strong>ἀποκαθιστῶντες</strong></span> <span class='ocrx_word' id='word_1_770' title='bbox 1621 2631 1716 2662; x_wconf 71' lang='grc' dir='ltr'><strong>ταῦτα.¹</strong></span> <span class='ocrx_word' id='word_1_771' title='bbox 1729 2630 1881 2658; x_wconf 76' lang='grc' dir='ltr'><strong>ἀπαιτοῦσιν</strong></span> 
     </span>
    </p>
   </div>
   <div class='ocr_carea' id='block_1_111' title="bbox 1110 2658 1902 2717">
    <p class='ocr_par' dir='ltr' id='par_1_111' title="bbox 1110 2658 1902 2717">
     <span class='ocr_line' id='line_1_111' title="bbox 1110 2658 1902 2717; baseline -0.005 -13"><span class='ocrx_word' id='word_1_772' title='bbox 1110 2658 1233 2713; x_wconf 63' lang='grc' dir='ltr'><strong>εδρετρα,</strong></span> <span class='ocrx_word' id='word_1_773' title='bbox 1250 2658 1340 2709; x_wconf 60' lang='lat' dir='ltr'><strong>acadd»;</strong></span> <span class='ocrx_word' id='word_1_774' title='bbox 1355 2677 1433 2704; x_wconf 74' lang='grc' dir='ltr'><strong>τοῦτο</strong></span> <span class='ocrx_word' id='word_1_775' title='bbox 1446 2658 1619 2712; x_wconf 76' lang='grc' dir='ltr'><strong>ἀναφαίνεται</strong></span> <span class='ocrx_word' id='word_1_776' title='bbox 1639 2677 1693 2704; x_wconf 76' lang='grc' dir='ltr'><strong>ἀπὸ</strong></span> <span class='ocrx_word' id='word_1_777' title='bbox 1779 2675 1882 2704; x_wconf 71' lang='grc' dir='ltr'><strong>ὄπισθεν</strong></span> 
     </span>
    </p>
   </div>
   <div class='ocr_carea' id='block_1_112' title="bbox 1110 2722 1902 2762">
    <p class='ocr_par' dir='ltr' id='par_1_112' title="bbox 1110 2722 1902 2762">
     <span class='ocr_line' id='line_1_112' title="bbox 1110 2722 1902 2762; baseline -0.005 -12"><span class='ocrx_word' id='word_1_778' title='bbox 1110 2723 1353 2759; x_wconf 75' lang='grc' dir='ltr'><strong>καταστρωϐἐντων</strong></span> <span class='ocrx_word' id='word_1_779' title='bbox 1369 2722 1469 2757; x_wconf 82' lang='grc' dir='ltr'><strong>νόμων.</strong></span> <span class='ocrx_word' id='word_1_780' title='bbox 1901 2755 1902 2762; x_wconf 17' lang='grc' dir='ltr'>γ</span> 
     </span>
    </p>
   </div>
   <div class='ocr_carea' id='block_1_113' title="bbox 1145 2764 1879 2803">
    <p class='ocr_par' dir='ltr' id='par_1_113' title="bbox 1145 2764 1879 2803">
     <span class='ocr_line' id='line_1_113' title="bbox 1145 2764 1879 2803; baseline -0.003 -9"><span class='ocrx_word' id='word_1_781' title='bbox 1145 2769 1262 2796; x_wconf 76' lang='grc' dir='ltr'><strong>ΖΩΝΔΡ.</strong></span> <span class='ocrx_word' id='word_1_782' title='bbox 1298 2769 1359 2802; x_wconf 78' lang='grc' dir='ltr'><strong>Τοῖς</strong></span> <span class='ocrx_word' id='word_1_783' title='bbox 1387 2767 1545 2803; x_wconf 77' lang='grc' dir='ltr'><strong>ὁμολογοῦσι</strong></span> <span class='ocrx_word' id='word_1_784' title='bbox 1570 2767 1600 2794; x_wconf 72' lang='grc' dir='ltr'><strong>τὸ</strong></span> <span class='ocrx_word' id='word_1_785' title='bbox 1625 2767 1729 2803; x_wconf 79' lang='grc' dir='ltr'><strong>εὕρεμα</strong></span> <span class='ocrx_word' id='word_1_786' title='bbox 1753 2767 1782 2793; x_wconf 72' lang='grc' dir='ltr'><strong>τὸ</strong></span> <span class='ocrx_word' id='word_1_787' title='bbox 1812 2764 1879 2792; x_wconf 74' lang='grc' dir='ltr'><strong>ἀλλό-</strong></span> 
     </span>
    </p>
   </div>
   <div class='ocr_carea' id='block_1_114' title="bbox 1111 2811 1879 2849">
    <p class='ocr_par' dir='ltr' id='par_1_114' title="bbox 1111 2811 1879 2849">
     <span class='ocr_line' id='line_1_114' title="bbox 1111 2811 1879 2849; baseline -0.003 -9"><span class='ocrx_word' id='word_1_788' title='bbox 1111 2821 1183 2849; x_wconf 79' lang='grc' dir='ltr'><strong>τριον</strong></span> <span class='ocrx_word' id='word_1_789' title='bbox 1210 2813 1263 2848; x_wconf 63' lang='lat' dir='ltr'><strong>(3i)</strong></span> <span class='ocrx_word' id='word_1_790' title='bbox 1290 2814 1555 2849; x_wconf 65' lang='grc' dir='ltr'><strong>τδγγνωμονέστερον</strong></span> <span class='ocrx_word' id='word_1_791' title='bbox 1582 2812 1745 2839; x_wconf 75' lang='grc' dir='ltr'><strong>διατίθεσθαι</strong></span> <span class='ocrx_word' id='word_1_792' title='bbox 1772 2812 1785 2837; x_wconf 80' lang='grc' dir='ltr'><strong>ό</strong></span> <span class='ocrx_word' id='word_1_793' title='bbox 1812 2811 1879 2843; x_wconf 69' lang='grc' dir='ltr'><strong>ἷιγιος</strong></span> 
     </span>
    </p>
   </div>
  </div>
