1914 3077
15 139 60 170 553
462 137 503 168 ΙΝ
525 137 647 167 EPIST.
669 137 697 168 S.
717 136 771 167 AT]

876 135 924 165 ΞΠ
943 136 993 166 AD
1013 134 1168 180 AMMVUM.
1581 135 1632 165 554

13 195 102 230 pausat
124 193 188 224 τοὺς
207 191 419 228 ἀκεραιοτέρους
438 193 487 227 τὴν
506 193 630 228 γνώμην,
652 193 713 228 ἢτοι
732 190 769 218 eoi

879 199 934 219 ares
956 192 1056 225 animo,
1077 191 1257 224 simpliciores
1273 189 1398 217 videlicet
1413 189 1609 224 perturbantur
1628 198 1635 215 :

13 241 208 276 ἁπλουστέρους
223 248 232 256 ·
254 241 321 275 φέρε
342 240 377 267 δι’
388 241 488 275 ὀλίγων
507 241 593 275 λόγων
613 240 769 275 ἀπελάσωμέ

879 246 898 271 ;e
915 238 990 265 brevi
1003 245 1127 265 sermone
1145 236 1183 272 (id
1199 243 1250 269 est,
1266 235 1320 263 Deo
1334 237 1456 271 ﬁdentes)
1470 237 1635 272 disjiuiamus

12 289 36 314 ἐν
52 287 111 322 Θεῷ
127 287 178 322 τὴν
193 285 242 313 τοῦ
261 286 381 322 πονηροῦ
401 286 517 321 πλάνην,
538 287 599 314 ἀντὶ
616 287 662 313 τοῦ
681 286 720 321 τῷ
738 285 768 312 Θε

903 286 958 312 Deo
976 284 1074 312 diaboli
1099 284 1225 315 fraudes,
1252 290 1284 310 ac
1313 282 1506 318 simpliciorum
1533 284 1638 311 animos

12 333 170 370 θαρροῦντες
179 353 187 365 ,
203 332 251 359 καὶ
265 333 315 367 τὴν
328 332 442 368 γνώμην
455 332 510 359 τῶν
525 332 717 367 ἁπλουστέρων
733 339 768 358 στ

884 331 1053 358 nlirmemus.
1083 329 1242 357 Sermonem
1270 330 1362 363 imaue
1391 329 1558 364 auspicatur,
1583 331 1638 358 divi

13 379 136 414 ρίξωμεν.
150 379 283 413 Ἀρχεται
302 377 348 404 οὖν
368 377 415 404 τοῦ
437 378 528 412 λόγου,
547 378 646 412 χρῆσιν
665 377 769 413 παράγι

883 378 925 405 uili
941 377 1102 405 sententiam
1126 376 1267 410 proferens
1284 382 1316 403 ex
1333 375 1451 414 Epistula
1469 376 1503 403 ad
1528 376 1618 403 Titum
1633 396 1639 409 ,

12 426 38 450 ἐκ
52 425 101 458 τῆς
115 424 185 458 πρὸς
200 424 280 450 Τῖτον
295 423 441 458 ἐπιστολῆς
455 423 502 450 τοῦ
519 423 598 457 ἁγίου
617 423 736 455 Παύλου,
751 432 768 450 κ

884 432 941 459 tque
955 424 1044 451 omnia
1058 423 1158 450 munda
1176 423 1295 455 mundis,
1313 422 1478 456 imperarunt
1493 430 1558 450 vero
1574 431 1640 451 con—

13 478 89 504 φησιν
103 470 145 496 ὅτι
160 469 251 496 πάντα
264 468 375 504 καθαρά
388 469 444 500 τοῖς
459 468 606 504 καθαροῖς,
622 469 674 495 τῶν
688 469 715 495 δὲ
729 469 769 495 ἀκι

884 470 995 498 ientiam
1010 477 1120 505 quoqtte
1137 476 1197 496 esse
1211 469 1349 503 pollutam.
1368 468 1432 496 Haec
1455 476 1520 496 vero
1547 469 1640 496 beatus

12 515 113 549 Θάρτων
132 515 179 542 καὶ
199 515 216 549 ἡ
240 514 395 550 συνείδησις
421 514 600 550 μεμόλυνται.
621 514 715 542 Ταῦτα
736 515 765 540 δὲ

886 517 950 549 ιυιιιε
965 517 999 544 de
1010 516 1122 544 Iudaica
1139 515 1329 543 observatione
1341 515 1367 542 in
1383 515 1452 542 cibis
1473 516 1571 542 asserit
1586 536 1593 548 ,
1611 515 1642 541 il-

12 560 143 594 μακάριος
163 559 269 591 Παῦλος
288 560 353 595 περὶ
370 559 422 594 τῆς
440 561 469 586 έν
490 559 633 595 βρώμασιν
651 559 768 586 Ἰουδαῖκλ

888 571 940 590 rum
957 570 1017 597 qua:
1032 569 1047 589 a
1067 561 1121 589 Deo
1138 566 1228 589 creata
1245 567 1308 588 sunt
1322 565 1417 588 natura
1433 568 1483 587 sua
1501 560 1568 587 nihil
1581 568 1644 587 esse

11 606 78 640 λέγει
95 606 329 642 παρατηρήσεως,
345 606 386 633 ὅτι
401 605 455 632 τῶν
472 605 524 632 ὑπὸ
538 606 605 632 Θεοῦ
623 605 767 632 κτισθέντα

887 615 987 644 purum
1001 616 1010 635 :
1022 615 1110 642 neque
1122 614 1186 634 vero
1205 606 1313 641 pollutis
1328 607 1475 640 quidquam
1490 613 1551 633 esse
1564 613 1643 632 mun-

12 654 81 680 οὐδὲν
97 653 258 688 ἀκάθαρτον
275 653 346 679 κατὰ
363 652 413 687 τὴν
431 651 529 679 ἑαυτοῦ
550 652 631 686 φύσιν
644 660 650 668 ·
677 652 755 678 οὐδὲν

886 661 928 685 im,
943 653 990 680 sed
1005 652 1124 688 ipsorum
1137 659 1245 686 quoque
1261 656 1391 683 mentem,
1406 655 1433 678 et
1450 650 1642 678 couscientiam

11 700 60 730 τοῖς
81 698 282 734 μεμιασμένοις
300 698 432 733 καθαρὸν,
452 697 521 725 ἀλλὰ
542 697 691 733 μεμίανται
711 697 767 724 αὑτι

889 699 982 726 llutam
996 705 1066 726 esse.
1086 697 1183 725 Polluti
1199 701 1262 724 sunt
1274 697 1347 724 enim
1364 702 1487 732 peccato,
1498 701 1525 724 et
1537 704 1569 724 ea
1584 703 1643 731 quae

10 745 50 771 καὶ
64 745 79 771 ό
94 744 158 776 νοῦς
172 746 218 772 καὶ
233 746 250 780 ἡ
266 743 419 779 συνείδησις
429 751 435 759 ·
454 743 602 778 μεμίανται
617 742 645 769 δὲ
661 743 694 778 τῇ
711 742 766 778 ἁμα

886 747 980 775 decora
1003 750 1088 781 sunt,
1107 746 1262 781 cogitando.
1289 745 1341 772 Per
1366 745 1423 773 haec
1451 745 1532 780 igitur
1559 743 1642 772 verba

10 790 49 825 si;
64 791 114 817 καὶ
130 790 168 825 τῷ
185 790 342 825 λογίζεσθαι
358 790 392 816 τὰ
410 789 448 825 μὴ
464 789 616 824 πρέποντα.
632 788 682 816 Διά
696 788 766 815 τούτι

889 794 1000 822 nstituto
1011 801 1068 821 suae
1081 792 1236 828 scriptionis
1250 791 1381 826 procemio
1395 799 1508 826 magnus
1522 791 1643 818 Athana-

9 834 51 863 οὖν
62 836 119 863 τῶν
133 836 219 871 λόγων
233 835 498 872 προκατασκευάσας
512 836 526 861 ό
540 835 629 869 μέγας
644 834 671 862 ’Δ
677 834 765 862 θανάσι

887 847 912 868 ιε
926 839 1054 874 subiicit:
1071 838 1155 866 Miror
1180 842 1284 871 autem,
1308 837 1364 864 sive
1386 844 1447 863 cum
1464 837 1643 864 admiratione

9 880 53 915 τὴν
69 880 178 907 οἰκείαν
193 881 303 916 γραφὴν
321 880 420 914 ἐπάγει
433 887 440 895 ·
458 880 583 914 Ἀγαμαι
599 880 628 906 δὲ
639 900 647 912 ,
663 880 724 915 ἦτοι
739 879 765 906 θα

889 889 955 913 tecto
967 884 1064 912 diaboli
1079 883 1254 912 calliditatem
1268 904 1276 917 ,
1303 883 1412 910 fraudes
1433 883 1556 910 videlicet
1573 891 1580 909 :
1599 883 1645 917 qui

11 925 98 960 μάξω,
112 926 161 953 τοῦ
174 926 299 953 διαϐόλου
312 926 343 953 τὺ
358 925 492 960 σόφισμα,
506 925 555 961 τὴν
568 926 678 962 ἀπάτην
691 926 767 962 δηλαί

889 939 922 959 Im
938 931 1074 965 corruptio
1088 929 1123 957 sit
1137 934 1164 957 et
1179 929 1246 962 lues,
1264 928 1441 963 cogitationes
1465 933 1570 960 tamen,
1586 935 1645 962 qua:

9 972 45 998 ὅτι
59 970 153 1007 φθορά
165 971 203 999 ὣν
218 972 267 999 καὶ
282 971 356 1007 λύμη
371 971 512 1006 ὲνθυμίζει
528 972 676 1006 λογισμοὺς
692 973 765 1000 δοκοῖ

889 985 936 1004 Ira:
950 978 1074 1005 videntur
1086 983 1157 1009 esse,
1174 976 1200 1003 in
1212 975 1333 1003 animum
1349 975 1477 1002 insinuat.
1493 974 1569 1007 Quod
1582 981 1645 1001 vero

8 1026 52 1050 τας
68 1016 143 1045 εἴναι
156 1018 352 1053 καθαρότητος.
367 1017 403 1044 Τὸ
418 1017 446 1044 δὲ
460 1018 526 1054 παρ’
540 1017 645 1045 ἐκείνου
661 1019 764 1054 γινόμεν

891 1033 895 1050 ι
914 1024 960 1052 illo
976 1023 1004 1050 fit
1020 1023 1126 1051 insidia
1143 1027 1216 1055 sunt,
1231 1021 1283 1049 hoc
1305 1026 1356 1053 est,
1373 1021 1487 1048 occultae
1507 1021 1647 1048 machina-

8 1063 104 1098 ἐνέδρα
117 1064 203 1097 ἐστὶν,
216 1063 302 1099 ἦγουν
315 1064 419 1099 κρυφία
431 1063 574 1100 ἐπιϐουλὴ,
589 1064 648 1091 ἀλλ’
658 1064 718 1100 οὐχὶ
732 1065 764 1092 δα

889 1077 958 1103 mes,
976 1076 1027 1096 non
1042 1067 1187 1103 probanda:
1201 1066 1358 1095 constantiae
1367 1066 1595 1101 experimentum.
1611 1065 1645 1093 Ut

9 1109 106 1144 μασία.
121 1109 181 1137 Ἵνα
194 1112 247 1145 γὰρ
262 1110 394 1146 ἀπαγάγῃ
409 1110 471 1142 τοὺς
486 1110 609 1146 ἀσκητάς
623 1110 673 1145 τῆς
688 1111 765 1147 έθίμο

890 1117 931 1142 tim
948 1121 1005 1146 eos,
1024 1113 1069 1148 qui
1082 1113 1111 1140 in
1131 1119 1222 1141 rerum
1247 1111 1400 1138 divinarum
1417 1111 1593 1138 meditatione
1617 1117 1646 1137 se

8 1155 131 1182 τουτέστι
146 1155 195 1190 τῆς
210 1155 342 1190 συνήθους
358 1155 406 1183 καὶ
421 1155 562 1191 ὠφελίμου
578 1156 719 1192 φροντίδος
731 1176 738 1190 ,
754 1166 764 1184 ν

890 1164 999 1193 .erceut,
1015 1167 1030 1186 a
1042 1164 1186 1190 consueta,
1201 1158 1252 1185 hoc
1268 1161 1320 1190 est,
1334 1157 1433 1184 usitata
1452 1157 1529 1190 ipsis,
1547 1161 1574 1182 et
1589 1155 1646 1183 fru-

8 1200 66 1236 δόξῃ
85 1201 164 1235 νικᾷν
180 1200 281 1232 αὐτούς
294 1208 302 1216 '
318 1199 389 1227 κατὰ
403 1200 484 1228 τοῦτο
500 1200 562 1236 (διὰ
577 1200 673 1236 τοῦτο)
689 1201 764 1229 τοιαῦ

891 1213 953 1234 uosa
977 1206 1094 1233 abducat
1111 1204 1284 1239 cogitatione,
1319 1207 1400 1238 atque
1423 1204 1496 1238 ipsos
1516 1209 1647 1237 superare

8 1247 77 1272 κινεῖ
100 1245 249 1281 βομϐύκια,
271 1246 331 1282 ἦτοι
353 1246 488 1282 φόϐητρα,
510 1246 629 1282 βόμϐους
649 1247 729 1282 μόνον
750 1249 763 1275 έ

890 1254 993 1285 deatur,
1018 1251 1166 1280 secundum
1192 1240 1244 1278 hoc
1266 1250 1335 1286 (sive
1362 1249 1434 1277 hanc
1459 1249 1494 1276 ob
1523 1251 1646 1282 causam)

8 1291 152 1320 ποιοῦντα.
166 1292 199 1319 Τί
215 1293 281 1328 γὰρ,
297 1293 390 1327 φησὶν,
406 1293 462 1328 ἔχει
478 1293 633 1329 ἁμάρτημα
646 1294 663 1328 ἢ
678 1293 764 1321 ἀκάθο

888 1299 992 1326 usmodi
1007 1301 1098 1326 movet
1112 1296 1270 1332 bombycia,
1281 1304 1330 1324 seu
1345 1295 1565 1324 terriculamenta
1582 1302 1643 1329 quae

8 1346 48 1365 τον
63 1340 84 1374 ἡ
101 1338 205 1374 φυσικὴ
220 1337 365 1373 nuptae;
380 1337 477 1373 ὥσπερ
490 1339 539 1366 ἐάν
551 1347 593 1371 τις
607 1339 727 1366 αἰτιᾶται
740 1348 764 1366 τι

891 1346 1027 1373 lummodo
1043 1343 1156 1372 bombos
1169 1344 1251 1371 cient.
1269 1342 1340 1375 Quid
1362 1346 1404 1369 est
1429 1341 1514 1373 enim,
1541 1342 1598 1373 ait,
1619 1341 1645 1367 in

8 1385 171 1421 ἀνθρώπους
186 1386 233 1412 καὶ
245 1385 289 1412 διὰ
302 1386 351 1417 τὰς
364 1385 448 1418 ἄλλας
462 1385 614 1422 ἐκκρίσεις,
629 1384 684 1413 οἷον
697 1386 740 1413 διὰ
753 1395 764 1413 τ

891 1391 975 1419 [turali
997 1391 1155 1419 excretione
1171 1388 1306 1421 criminis,
1319 1392 1365 1415 ant
1378 1387 1552 1423 impuritatis?
1567 1387 1647 1414 veluti

8 1431 101 1466 μύξας
115 1431 162 1458 καὶ
177 1433 211 1458 τὰ
228 1431 394 1466 πτύσματα,
410 1432 458 1459 καὶ
472 1433 523 1460 ὅσα
538 1431 582 1459 διὰ
597 1432 740 1468 γαστέρων
755 1433 764 1458 ὲ

893 1439 954 1473 quis
962 1438 1085 1465 homines
1098 1437 1134 1464 ob
1147 1436 1200 1464 alia
1215 1442 1323 1470 quoque
1335 1439 1510 1462 excrementa
1528 1438 1647 1465 accuset,

8 1478 168 1514 κρίνονται,
185 1477 270 1513 ἤγουν
285 1477 463 1504 ὲκὸάλλονται
479 1477 528 1505 καὶ
543 1477 686 1505 κενοῦνται
697 1496 705 1510 ,
723 1478 764 1505 am

911 1484 946 1512 ob
963 1490 1101 1510 mucorem
1128 1481 1246 1514 narium,
1273 1485 1302 1508 et
1328 1483 1419 1515 sputa,
1437 1484 1465 1507 et
1480 1487 1649 1513 quaecunque

8 1522 194 1557 ἑκκρινόμενα
207 1521 342 1557 ὠφελοῦσι
359 1521 428 1558 πρὸς
441 1522 492 1558 τὴν
509 1522 593 1558 ζωήν.
612 1523 762 1558 Ἐπιχειρεῖ
776 1523 804 1550 δὲ

8 1568 53 1592 καὶ
67 1566 215 1602 ἑτέρωθεν.
232 1567 264 1593 Et
280 1567 333 1602 γὰρ
349 1566 526 1602 πιστεύομεν,
542 1568 621 1602 φησὶ,
637 1568 693 1595 τῶν
707 1569 807 1604 χειρῶν

8 1613 51 1639 τοῦ
67 1612 139 1640 Θεοῦ
154 1612 261 1648 ποίημα
273 1610 342 1639 εἶναι
354 1612 401 1639 τὸν
414 1612 569 1648 ἄνθρωπον,
583 1613 642 1646 πῶς
654 1615 714 1640 ἐστι
727 1614 806 1641 δυνα-

8 1659 51 1685 τὸν
65 1659 102 1685 ὲκ
113 1658 162 1684 τοῦ
175 1657 244 1684 Θεοῦ
258 1658 413 1694 ἀκάθαρτον
425 1667 452 1685 τι
466 1658 592 1693 γενέσθαι
605 1660 653 1686 καὶ
669 1659 806 1694 μεμολυσ-

8 1705 111 1740 μὲνονς
125 1705 180 1732 Καὶ
198 1705 222 1732 εί
238 1705 315 1739 γένος
334 1705 403 1731 Θεοῦ
423 1705 584 1741 ὑπάρχομεν
602 1705 673 1732 κατά
688 1707 738 1737 τὰς
754 1706 809 1732 τῶν

8 1752 93 1778 θείων
110 1750 267 1778 ἀποστόλων
284 1750 422 1786 Πράξεις,
439 1751 515 1778 οὐδὲν
534 1751 633 1787 ἔχομεν
651 1752 681 1778 έν
701 1751 810 1783 ἑαυτοῖς

8 1796 182 1831 ἀκάθαρτον.
200 1796 246 1823 Ἐν
260 1796 315 1833 γὰρ
330 1798 363 1832 τῇ
379 1796 466 1832 βίϐλῳ
480 1797 535 1824 τῶν
551 1797 682 1832 Πράξεων
698 1797 810 1833 ἱστόρη-

8 1851 52 1869 ται
77 1844 93 1869 ὁ
115 1843 202 1878 μέγας
224 1843 331 1874 Παῦλος
354 1844 412 1874 τοῖς
429 1843 584 1877 Ἀθηναίοις
605 1843 808 1878 διαλεγόμενος,

8 1888 57 1915 καὶ
80 1888 152 1922 πρὸς
171 1889 228 1919 τοῖς
247 1887 337 1920 ἀλλοις
358 1888 406 1915 καὶ
423 1887 510 1915 ταῦτα
529 1888 615 1923 λέγων
634 1890 700 1924 περὶ
718 1888 786 1915 Θεοῦ
801 1896 809 1904 ’

9 1936 68 1962 Ἐν
84 1933 167 1967 αὐτῷ
184 1935 241 1969 τὰρ
258 1933 350 1968 ζῶμεν·
366 1934 416 1961 καί
433 1935 614 1969 κινούμεθα,
632 1935 682 1961 καί
698 1934 809 1969 ἐσμεν,

8 1983 46 2014 ὡς
71 1981 125 2008 και
143 1989 224 2014 τινες
244 1980 303 2007 τῶν
321 1981 386 2008 καθ’
402 1980 482 2015 ὑμᾶς
500 1980 632 2015 ποιητῶν
649 1980 789 2016 εἰρήκασι
801 1989 809 1997 ·

8 2028 70 2055 Τοῦ
88 2027 144 2062 γὰρ
159 2026 247 2062 γένος
261 2027 363 2061 ἐσμέν.
377 2027 462 2053 Τοῦτο
475 2026 503 2053 δὲ
521 2027 561 2062 τῷ
581 2028 689 2062 ’Δράτῳ
704 2027 811 2062 εἴρηται

8 2075 78 2108 περὶ
95 2073 145 2100 τοῦ
162 2073 224 2105 Διός
237 2080 246 2088 ⁸
262 2075 276 2099 ὁ
296 2073 325 2099 δὲ
342 2073 505 2104 ’Δπόστολος
523 2075 563 2105 εις
578 2073 625 2099 τὸν
641 2073 726 2105 ὂντως
745 2073 811 2101 Θεὸν

8 2121 36 2146 τὺ
51 2119 148 2155 νόημα
163 2118 349 2154 ῂχμαλώτισε.
366 2118 460 2154 Τούτῳ
474 2119 565 2146 τοίνυν
580 2119 621 2151 εις
637 2120 810 2154 κατασκευὴν

8 2165 57 2191 τοῦ
77 2164 184 2190 οἰκείου
198 2164 278 2198 λόγου
292 2164 306 2190 ό
323 2164 409 2199 μέγας
424 2165 560 2199 ἐχρήσατο
577 2164 738 2196 ’Δθανάσιος
749 2173 757 2181 ⁸
772 2166 810 2198 ὡς

821 1545 842 1575 c
859 1537 908 1565 per
923 1528 1102 1557 ventriculum
1118 1530 1312 1559 excernuntur,
1328 1526 1380 1554 hoc
1395 1529 1445 1558 est,
1459 1526 1605 1560 ejiciuntur
1618 1532 1649 1551 ac

858 1580 1052 1608 exoneramur,
1082 1581 1143 1610 quae
1170 1573 1278 1608 quidem
1304 1580 1352 1607 per
1379 1572 1564 1600 excretiouem
1593 1571 1649 1606 39

858 1621 960 1650 emissa
975 1620 1008 1648 ad
1023 1621 1105 1648 vitam
1119 1619 1227 1655 juvant.
1248 1617 1336 1645 Aliam
1353 1624 1417 1644 vero
1434 1621 1564 1652 praeterea
1585 1624 1648 1651 pro-

858 1667 997 1696 bationem
1011 1666 1178 1702 aggreditur.
1195 1665 1224 1693 Si
1238 1665 1321 1697 enim,
1337 1663 1436 1699 inquit,
1448 1671 1516 1698 opus
1530 1663 1576 1690 Dei
1590 1670 1650 1690 ma-

860 1721 942 1740 nuum
958 1719 1017 1741 esse
1032 1712 1169 1739 hominem
1185 1710 1333 1742 credimus,
1352 1710 1401 1744 qul
1415 1708 1472 1737 ﬁeri
1489 1713 1579 1744 potest
1593 1713 1620 1735 ut
1634 1715 1649 1734 a

860 1758 916 1787 Deo
940 1759 1074 1793 intpurum
1096 1757 1233 1792 quidpiam
1263 1755 1448 1791 pollutumque
1471 1754 1650 1789 procreetur?

860 1805 900 1832 Ac
914 1804 1048 1838 siquidem
1065 1802 1114 1830 Dei
1129 1809 1213 1836 genus
1231 1809 1337 1834 sumus,
1352 1805 1381 1828 ut
1407 1802 1432 1827 in
1453 1801 1528 1828 Actis
1544 1800 1649 1827 divinu-

862 1859 921 1878 rum
941 1848 1125 1885 apostolorum
1149 1847 1257 1881 legitur,
1277 1847 1343 1874 nihil
1362 1847 1388 1874 in
1405 1847 1483 1874 nobis
1508 1847 1574 1881 ipsis
1599 1847 1650 1873 im-

861 1896 991 1923 mundum
1010 1894 1152 1921 habemus.
1166 1892 1402 1920 Commemoratur
1414 1900 1530 1927 namque
1541 1893 1568 1919 in
1582 1893 1650 1921 libro

860 1943 989 1970 Actorum
1014 1947 1126 1975 magnus
1142 1938 1244 1965 Paulus
1259 1937 1292 1965 ad
1308 1938 1487 1965 Athenienses
1501 1938 1648 1969 disserens,

861 1994 893 2013 ac
910 1990 1007 2020 praeter
1024 1984 1076 2011 alia
1094 1984 1151 2010 haec
1164 1990 1272 2018 quoque
1286 1983 1385 2010 elIatur
1399 1983 1438 2013 .de
1453 1982 1507 2010 Deo
1524 1991 1531 2009 :
1548 1982 1581 2009 In
1593 1984 1649 2017 ipso

860 2033 929 2059 enim
943 2031 1064 2062 vivimus,
1080 2037 1223 2061 movemur,
1238 2033 1262 2056 et
1286 2037 1392 2059 sumus.
1410 2033 1439 2055 ut
1455 2029 1535 2055 etiam
1554 2036 1652 2055 vestro-

862 2085 920 2104 rum
933 2081 1068 2111 poetarum
1087 2075 1195 2110 quidam
1214 2074 1350 2105 dixerunt,
1373 2072 1462 2107 Ipsius
1483 2080 1594 2106 namque
1609 2080 1652 2106 ge-

861 2132 911 2152 nus
921 2131 1011 2151 sumtu
1040 2124 1060 2150 ί.
1077 2121 1133 2149 Hoc
1147 2127 1211 2148 vero
1229 2121 1297 2148 dixit
1313 2120 1414 2147 Aratus
1430 2122 1461 2146 de
1472 2118 1539 2146 Jove
1553 2127 1559 2145 :
1580 2119 1652 2154 Apo-

862 2169 949 2198 stolus
971 2173 1060 2196 autem
1080 2167 1114 2195 ad
1140 2174 1234 2194 verum
1253 2166 1335 2193 Deum
1361 2165 1524 2192 sententiam
1544 2172 1652 2191 accom-

8 2213 30 2238 εἰ
50 2212 135 2245 γένος
154 2210 222 2236 Θεοῦ
243 2210 337 2245 ἐσμὲν,
356 2211 393 2242 ὡς
409 2212 438 2237 ἐν
456 2212 516 2242 ταῖς
538 2211 676 2246 Πράξεσιν
687 2212 764 2246 εἵρητ

896 2215 992 2244 )davit.
1008 2214 1047 2242 Eo
1060 2214 1143 2249 igitur
1160 2213 1193 2239 ad
1209 2220 1264 2240 sua:
1277 2212 1408 2239 orationis
1420 2210 1652 2239 conﬁrmationem

8 2258 90 2284 οὐδὲν
106 2256 205 2291 ἔχομεν
223 2256 429 2290 μεμολυσμένον
444 2256 461 2291 ἢ
479 2257 590 2291 μιαρόν.
604 2257 671 2283 Τότε
688 2257 742 2292 γὰρ
760 2265 809 2292 με-

8 2303 188 2339 μολὺσμεοα,
202 2303 246 2331 ὅτε
260 2302 455 2338 ἁμαρτάνομεν
465 2310 472 2317 ⁸
485 2304 502 2338 ἡ
516 2303 544 2330 δὲ
560 2304 662 2339 φυσικὴ
677 2303 812 2339 ἔκκρισις,

8 2351 150 2385 γινομένη
174 2349 205 2380 ἐξ
227 2349 348 2384 ἀνάγκης
371 2349 421 2383 τῆς
442 2348 561 2383 φύσεως,
583 2349 613 2375 οὐ
638 2349 749 2384 μιαίνει.
768 2349 812 2381 Ὠς

8 2396 97 2423 τινῶν
115 2395 142 2421 δὲ
161 2395 357 2428 ἀντιλεγόντων
373 2395 421 2421 καὶ
437 2394 620 2430 παραγόντων
638 2395 710 2430 ρητά
727 2396 811 2430 εὐαγ-

8 2442 115 2477 γελικά
127 2442 163 2468 τά
178 2441 303 2475 λέγοντα,
322 2442 363 2468 Οὐ
379 2441 415 2468 τὰ
431 2442 631 2477 είσερχόμενιι
647 2441 745 2468 κοινοῖ
757 2442 812 2469 τὸν

8 2491 188 2522 ἄνθρωπον,
202 2487 280 2514 ἀλλὰ
293 2488 329 2514 τὰ
343 2487 528 2522 ἐξερχόμενα
539 2495 546 2503 ·
562 2488 671 2514 ἵσταται
684 2487 732 2514 καὶ
745 2489 812 2523 πρὸς

8 2536 97 2562 :m‘rto
110 2534 218 2565 δεικνὺς
234 2534 271 2569 μὴ
284 2533 375 2565 καλῶς
389 2534 523 2568 νοούμενα
536 2533 572 2560 τὰ
585 2533 655 2569 ῥητὰ
669 2533 746 2568 ποιρὰ
759 2532 813 2559 τῶν

8 2581 216 2614 ὶντιλεγόντων
228 2588 235 2596 ·
253 2580 300 2607 καί
317 2589 385 2616 φησι
401 2581 442 2606 ὅτι
460 2581 524 2616 περὶ
543 2580 696 2616 βρωμάτων
712 2579 814 2606 ἐνδοια-

8 2629 86 2659 στῶς
112 2627 230 2661 ἑχόντων
250 2626 332 2653 τινῶν
352 2627 412 2661 ἦτοι
433 2626 609 2660 δειλιώντων,
627 2626 812 2661 ἁμφιὸαλλόν-

8 2686 65 2704 των
79 2695 89 2708 ,
109 2675 147 2705 ὡς
166 2675 335 2709 μολυνόντων
352 2675 415 2706 τοὺς
433 2674 592 2710 χρωμένους
609 2674 719 2706 αὐτοῖς,
737 2674 810 2699 λύων

8 2722 111 2750 αὐτῶν
123 2722 172 2756 τὴν
184 2722 296 2755 ἄγνοιαν
308 2722 322 2747 ὁ
336 2721 438 2757 Κύριός
452 2729 519 2756 φησι
535 2720 573 2756 μὴ
586 2721 619 2747 τὰ
634 2721 811 2755 είσερχόμενα

8 2767 142 2800 ιιοινοῦν,
158 2767 243 2802 ἦγον-ι
261 2767 394 2801 μιαίνειν,
412 2767 554 2803 μολύνειν,
571 2767 640 2794 ἀλλὰ
655 2767 689 2793 τὰ
703 2767 810 2801 ἐξερχό-

57 2862 64 2877 ¹
97 2859 160 2886 Act.
175 2865 229 2885 ιινιι
244 2878 252 2891 ,
270 2857 315 2885 28.
366 2854 375 2870 ¹
394 2858 488 2886 Matth.
507 2867 540 2886 xv
557 2879 564 2889 ,
580 2859 620 2886 Η.

183 2907 321 2938 Ρλτιὶοι.
342 2907 401 2939 Gn.
421 2906 617 2939 CXXXVIII.

860 2268 974 2297 magnus
988 2268 1052 2289 usus
1068 2265 1111 2287 est
1138 2259 1302 2286 Athanasius
1324 2259 1429 2290 dicens,
1453 2257 1586 2292 siquidem
1606 2257 1652 2284 Dei

860 2315 945 2344 genus
957 2314 1061 2339 sumus,
1077 2310 1107 2333 ut
1124 2306 1150 2333 in
1173 2305 1249 2332 Actis
1264 2304 1374 2337 dicitur,
1396 2304 1462 2331 nihil
1480 2304 1580 2331 habere
1603 2312 1651 2330 nos

861 2353 1005 2388 pollutum,
1022 2356 1070 2379 aut
1082 2350 1263 2378 immundum.
1281 2349 1358 2377 Tunc
1372 2357 1490 2385 namque
1504 2349 1651 2385 polluimur

861 2407 922 2427 cum
939 2406 1093 2432 peccamus.
1106 2396 1241 2424 Naturalis
1266 2402 1356 2424 autem
1380 2396 1511 2430 excretio,
1534 2403 1593 2430 quae
1620 2403 1653 2423 ex

865 2450 970 2473 naturae
994 2445 1155 2472 necessitate
1181 2443 1229 2476 ﬁt,
1256 2443 1366 2470 minime
1383 2443 1486 2477 polluit.
1518 2443 1653 2469 Cit-terum

864 2499 925 2518 cum
949 2490 1072 2520 nonnulli
1096 2489 1314 2517 contradicerent
1331 2509 1338 2522 ,
1365 2496 1396 2516 ac
1423 2488 1582 2522 Evangelica
1609 2487 1654 2514 illa

864 2538 945 2565 verba
960 2536 1125 2571 proferrent,
1143 2535 1204 2563 Non
1219 2543 1278 2570 quia
1290 2535 1388 2562 intrant
1406 2534 1578 2569 coinquinant
1604 2533 1652 2560 IIO-

865 2583 970 2615 minem,
985 2583 1029 2610 sed
1042 2591 1101 2617 qua:
1116 2587 1210 2609 exeunt
1228 2585 1252 2614 ',
1264 2581 1297 2608 ad
1312 2581 1363 2608 hoc
1376 2587 1481 2614 quoque
1497 2578 1652 2613 respondet,
1679 2573 1684 2598 ‘-

865 2629 898 2656 ab
919 2629 952 2655 iis
970 2627 1015 2662 qui
1031 2632 1125 2655 contra
1143 2631 1261 2662 arguunt
1279 2633 1334 2652 non
1348 2625 1416 2651 bene
1444 2622 1555 2656 intelligi
1574 2621 1654 2648 verba

864 2675 908 2703 illa
923 2674 1123 2707 demonstrans;
1137 2673 1228 2707 aitque
1240 2679 1301 2699 eum
1318 2671 1351 2698 de
1365 2670 1433 2697 cibis
1449 2669 1558 2702 quidam
1576 2667 1655 2700 dubL-

864 2725 965 2753 tarent,
988 2720 1045 2747 sive
1068 2717 1252 2747 timidiuscule
1277 2717 1452 2747 limitarem,
1472 2713 1526 2741 acsi
1549 2717 1656 2740 utentes

866 2768 929 2803 ipsis
947 2767 1113 2802 polluerent,
1129 2773 1222 2794 eorum
1241 2763 1438 2799 ignorationem
1457 2759 1586 2788 Dominus
1600 2759 1663 2794 sol:

1454 2895 1496 2931 ,18
