1914 3077
259 145 313 177 555

903 141 1040 172 THECD.
1058 140 1258 171 BALSAMON
1848 139 1892 170 55:6

255 208 334 234 veus,
352 201 398 228 ait.
418 200 474 227 Non
496 206 526 226 ea
542 205 601 234 quae
627 198 894 233 intrantinquinarc,
919 197 970 224 hoc
985 201 1026 223 est
1039 217 1046 228 ,

1107 205 1180 230 ιενα,
1195 197 1229 224 τὰ
1244 197 1297 224 ἀπὸ
1314 196 1429 231 καρδίας
1443 195 1544 230 δηλαδὴ
1559 196 1687 230 προϊόντα
1699 204 1705 211 ·
1722 195 1772 222 καὶ
1789 195 1804 221 6
1820 195 1892 221 Ἀπί-

254 247 390 282 polluere,
409 246 529 278 inlicere,
548 245 595 272 sed
609 252 669 279 quae
684 250 794 276 exeunt,
807 251 868 279 qua:
883 251 898 271 ο
918 243 999 271 corde
1010 242 1049 269 vi-

258 293 357 320 delicet
378 291 598 326 progrediuntur.
615 290 660 317 Ait
685 296 750 317 vero
775 289 857 317 etiam
885 288 1022 323 apostolus
1038 308 1047 321 ,

259 338 329 366 Ecca
358 346 406 365 nos
429 345 482 364 non
502 336 666 363 commendat
678 335 732 363 Deo
753 335 774 364 ‘.
800 335 946 370 Postquam
974 334 1049 362 hisce

259 383 415 411 rationibus
430 390 508 410 suum
522 389 674 410 sermonem
694 388 807 416 magnus
823 381 867 409 hic
882 380 964 408 Pater
977 387 1049 408 con-

259 430 390 461 ﬁrmavit,
406 428 515 463 subiicit
529 428 626 455 deinde
644 436 651 454 :
667 427 770 455 Dixerit
785 431 876 454 autem
894 425 964 454 forte
978 432 1051 453 nunc

259 482 368 510 quoque
381 474 478 509 aliquis
494 473 691 508 probabiliter,
710 472 846 500 Naturalis
860 471 984 507 quaedam
1000 478 1049 498 ex-

267 522 357 548 cretio
373 527 423 547 nos
435 519 467 547 ad
484 518 643 554 supplicium
658 518 867 552 haudquaquam
883 517 1002 544 adducit.
1016 515 1050 542 Et

262 574 327 594 vero
346 565 445 593 medici
460 572 580 600 quoque,
600 564 648 597 ait,
664 565 714 591 hac
732 564 767 591 de
787 570 816 591 re
830 563 1030 598 respondebunt
1044 581 1051 595 ,

265 616 405 644 naturam,
422 610 494 637 velut
507 614 714 637 excrementum
729 609 875 644 quoddam,
894 614 986 636 semen
1002 614 1051 634 ex-

261 655 374 690 pellere.
387 655 524 683 Animanti
540 654 664 689 siquiileu
678 654 737 681 dati
755 657 818 681 sunt
832 657 947 685 meatus,
963 657 992 679 ut
1005 659 1054 686 per

258 701 312 728 hos
328 701 541 736 unumquodque
557 699 719 732 membrum,
734 699 806 734 quod
818 698 986 733 superﬂuum
999 702 1052 729 est,

258 747 364 782 eiiciat.
392 746 497 781 Capitis
517 745 626 781 quidem
640 765 648 778 ,
674 745 772 779 inquit,
789 747 964 772 excrementa
990 747 1054 770 sunt

262 793 322 827 pili,
337 793 436 827 quique
448 799 496 826 per
507 798 597 824 nares,
608 795 690 825 atque
701 798 731 817 os
741 789 1051 820 emittuntur'liumores;

261 844 289 866 et
303 839 414 871 ventris,
431 842 477 865 aut
495 838 578 865 totius
603 837 685 864 etiam
713 836 845 870 corporis,
871 835 1049 870 egestiones:

1102 244 1194 275 στολος
1216 244 1243 270 δέ
1267 251 1353 278 φησι·
1378 243 1484 277 Βρῶμα
1507 242 1585 276 ἡμᾶς
1609 243 1645 269 οὺ
1668 242 1839 275 παρίστησι
1858 240 1892 272 τῷ

1102 288 1173 321 Θεῷ.
1194 289 1306 320 Τούτοις
1325 289 1371 314 τὸν
1390 289 1490 315 οἰκεῖον
1510 288 1589 321 λόγον
1609 287 1748 322 κρατύνεις
1769 287 1785 313 ὁ
1811 286 1889 321 μέγας

1101 332 1178 366 οὗτος
1193 334 1305 369 Πατὴρ,
1321 334 1420 367 ἐπάγει
1433 341 1440 348 ·
1458 333 1536 360 Εἴποι
1551 333 1575 360 δ’
1586 333 1619 360 ἄν
1632 341 1676 364 τις
1691 334 1740 359 καὶ
1754 332 1806 359 νῦν
1821 333 1887 359 εὐλό-

1101 389 1158 415 γως
1169 388 1176 396 ·
1191 381 1296 415 Φυσική
1312 388 1353 412 τις
1372 379 1497 414 ικκρισις
1512 379 1590 415 ἡμᾶς
1606 379 1636 405 οὐ
1655 379 1812 414 παρίστησι
1829 378 1889 412 πρὸς

1101 425 1248 462 τιμωρίαν.
1263 426 1317 452 Καὶ
1331 422 1420 460 ίᾶτροὶ
1431 424 1471 457 δὲ,
1484 425 1561 459 φησὶ,
1576 424 1640 460 περὶ
1652 424 1750 450 τούτου
1762 423 1891 456 ἀπολογή-

1103 480 1194 498 σονται
1208 472 1249 498 ὅτι
1264 472 1280 507 ἡ
1295 470 1375 506 φύσις
1388 471 1425 503 ὡς
1441 471 1602 506 περίττωμα
1614 469 1752 497 διώκειτὺ
1767 469 1891 503 σπέρμα.

1102 518 1147 554 Τῷ
1165 518 1219 554 γὰρ
1239 518 1300 554 ζώῳ
1317 518 1438 545 δέδονται
1456 518 1551 552 πόροι,
1569 517 1612 544 ἵνα
1629 516 1673 543 διὰ
1693 516 1804 543 τούτων
1835 516 1894 542 ἔκα-

1103 573 1166 590 στον
1183 564 1263 598 μέλος
1278 562 1432 599 ἀποπέμπῃ
1447 562 1477 589 τδ
1491 562 1631 597 περιττόν.
1649 561 1705 596 Τῆς
1721 562 1774 596 μὲν
1789 558 1837 588 οὖν
1852 569 1889 586 κε-

1104 611 1191 645 φαλῆς
1202 631 1209 642 ,
1225 610 1293 645 φησι
1303 630 1310 643 ,
1328 609 1527 645 περιττώματὰ
1541 609 1611 635 εἰσιν
1628 609 1656 635 al
1670 609 1766 643 τρίχες
1777 628 1786 640 ,
1804 609 1849 634 καὶ
1862 607 1891 633 si

1103 657 1146 684 διὰ
1162 656 1243 691 ῥινῶν
1257 657 1304 683 καὶ
1319 656 1452 691 στόματος
1467 655 1551 690 ὑγρὰ,
1565 656 1612 681 καὶ
1627 655 1746 689 γαστρὸς
1761 654 1892 688 διαχωρή-

1106 711 1196 738 ματα,
1213 702 1230 738 ή
1248 702 1294 729 καὶ
1312 701 1374 728 ὅλου
1390 701 1439 728 τοῦ
1457 701 1585 736 σώματος
1597 708 1604 716 ·
1622 700 1677 726 τῶν
1695 700 1724 726 δὲ
1744 708 1894 735 σπερμιτι-

1104 747 1160 774 κῶν
1179 747 1271 782 πόρων
1291 746 1455 782 περιττωμα
1473 745 1504 772 τὺ
1524 745 1647 780 σπέρμα.
1669 744 1736 771 Ποία
1755 742 1805 771 οὖν
1824 744 1895 775 ἐστι,

1104 793 1203 828 φησὶν.
1221 791 1345 828 ἁμαρτία
1362 791 1527 826 κενουμένου
1545 789 1592 817 τοῦ
1611 789 1770 824 σπέρματος
1787 788 1894 818 τούτω,

1104 839 1141 870 ὼς
1154 839 1168 865 ὁ
1182 838 1248 869 Θεὸς
1262 840 1275 865 ὁ
1289 837 1396 868 πλάσας
1408 837 1455 864 τὸν
1468 836 1613 871 ἄνθρωπον
1625 834 1754 870 ἠθέλησε,
1769 836 1820 861 καὶ
1835 833 1898 868 ᾠκο-

263 884 474 912 seminariorum
504 888 594 910 autem
623 886 759 910 meatuum
784 885 985 909 excrementum
1012 884 1054 908 est

1107 885 1243 920 νόμησεν;
1257 884 1316 910 ’Ὶνα
1334 883 1362 909 δὲ
1381 883 1417 918 μή
1433 890 1476 914 τις
1492 882 1562 917 πρὸς
1578 881 1665 908 ταῦτα
1683 881 1827 915 ἁντιθήαει
1843 880 1897 910 ὅτι.

262 936 368 956 semen.
385 927 525 961 Quodnam
541 934 616 962 ergo,
631 927 730 961 inquit,
746 927 772 953 in
786 933 818 953 ea
833 930 973 961 peccatum
995 925 1055 952 fue-

264 976 309 1007 rit,
328 983 388 1002 cum
417 975 467 1002 hoc
489 981 582 1001 semen
612 973 731 1007 egeritur
745 979 778 1000 eo
801 974 890 1005 modo,
917 979 981 1006 quo,
1007 971 1053 1006 qui

262 1019 415 1047 etiormavit
439 1019 586 1049 hominem,
614 1017 686 1044 Deus
712 1017 796 1045 voluit
828 1024 860 1044 ac
884 1017 1052 1044 constituit?

267 1066 366 1093 Verum
384 1073 417 1092 ue
432 1065 493 1098 quis
508 1064 541 1091 ad
560 1064 617 1091 ham:
631 1063 779 1099 obiiceret:
801 1063 945 1096 Quoniam,
958 1067 988 1089 ut
1001 1063 1052 1095 ais,

263 1112 370 1141 nullum
383 1116 426 1139 est
441 1115 579 1145 peccatum
595 1110 623 1137 in
647 1109 760 1137 seminis
774 1108 849 1136 ﬂuxu
864 1127 873 1141 ,
887 1108 988 1143 quippe
1001 1108 1050 1143 qui

264 1167 283 1187 ιι
293 1158 427 1186 tturaliter
438 1157 571 1190 contingit
586 1164 593 1182 :
608 1163 657 1183 nec
676 1161 759 1183 verus
778 1155 889 1190 quidem
907 1162 983 1187 usus,
997 1154 1054 1182 coi-

265 1204 305 1231 tio
320 1202 460 1236 nimirum,
473 1202 588 1229 ducetur
602 1202 630 1228 in
651 1200 782 1233 crimine;
800 1200 862 1235 quia
878 1206 938 1234 qua
955 1199 992 1227 illi
1005 1199 1053 1227 de-

265 1249 388 1277 serviunt
399 1255 499 1283 organa
512 1254 525 1273 a
542 1247 597 1274 Deo
610 1245 752 1273 cii'ormata
767 1249 830 1272 sunt
842 1253 849 1272 :
861 1245 1053 1273 contradicen-

265 1300 320 1322 tem
339 1294 444 1321 scilicet
466 1294 630 1327 interrogat;
647 1291 759 1325 Qualem
772 1295 800 1318 tu
811 1290 878 1318 dicis
900 1290 998 1318 usum?
1018 1290 1056 1318 le-

265 1342 436 1375 gitimumne,
452 1346 488 1367 an
499 1346 561 1366 eum
572 1338 618 1373 qui
629 1337 745 1370 occulte,
759 1336 956 1373 libidinoseque
977 1343 1056 1365 exer-

264 1385 363 1413 cetur?
380 1384 541 1419 Legitimum
557 1383 694 1418 siquidem
710 1383 781 1410 Deus
795 1383 934 1418 permisit,
951 1383 1055 1416 dicens,

268 1432 388 1458 Crescite
411 1435 436 1457 et
464 1428 679 1463 multiplicamini
702 1430 724 1461 ³,
738 1432 764 1455 et
785 1428 923 1455 concessit
943 1435 1056 1462 magnus

267 1477 368 1503 Paulus
395 1476 498 1508 dicens,
515 1473 539 1501 Η
544 1473 676 1501 onorabt’le
687 1473 855 1506 connubium,
869 1470 902 1500 Δει
916 1479 990 1500 torus
1004 1474 1054 1500 im-

270 1520 421 1548 maculata:
448 1523 458 1538 ³
480 1527 487 1546 :
504 1519 573 1546 alius
589 1525 653 1545 vero
673 1525 739 1545 usus
752 1516 915 1545 iuterdictus
931 1521 982 1545 est.
1000 1517 1058 1546 Hoc

270 1576 346 1599 vero,
363 1565 461 1601 inquit,
477 1565 504 1592 in
518 1565 579 1592 aliis
593 1571 700 1599 quoque
717 1564 808 1592 multis
824 1563 905 1599 hujus
925 1564 987 1591 vitae
1008 1571 1055 1592 ac-

268 1613 387 1640 tionibus
401 1611 481 1638 facile
494 1610 671 1638 iuveniemus.
685 1609 816 1637 Occidere
830 1617 928 1644 nempe
943 1610 1056 1638 vetitum

266 1663 325 1692 est;
340 1663 367 1684 at
384 1658 410 1684 in
423 1656 493 1684 bello
507 1655 660 1683 interﬁcere
673 1656 764 1683 hostes
779 1655 926 1690 laudabile,
946 1663 977 1684 ac
1000 1664 1058 1684 ma-

267 1705 326 1738 gnis
348 1702 498 1730 honoribus
521 1701 630 1736 dignum
662 1700 790 1729 habetur.
817 1701 935 1729 Proinde
962 1701 1057 1730 eadem

267 1757 313 1777 res
330 1757 363 1776 ex
378 1749 468 1783 aliquo
486 1747 574 1782 capite
593 1746 663 1774 haud
679 1746 753 1780 licet,
779 1753 813 1774 ex
838 1746 891 1774 alio
907 1754 971 1774 vero
992 1755 1058 1774 con-

267 1795 389 1827 ceditur,
419 1801 450 1821 ac
474 1793 653 1821 dill‘erentiam
680 1797 850 1826 temporum,
880 1799 1057 1826 personarum

268 1841 465 1874 modorumque
480 1839 594 1866 aliorum
607 1839 739 1866 admittit.
755 1838 854 1866 Eadem
873 1838 955 1873 igitur
968 1842 1010 1866 est
1024 1837 1059 1865 de

268 1888 341 1915 coitu
368 1887 448 1914 ratio.
465 1884 533 1913 Tum
553 1885 663 1912 oracula
679 1892 713 1912 ex
728 1885 813 1912 sacris
827 1884 936 1912 Litteris
957 1884 1008 1911 hac
1025 1884 1059 1912 de

269 1940 299 1960 re
323 1931 429 1967 profert
445 1939 453 1957 :
473 1938 534 1957 mox
549 1931 582 1957 de
598 1930 699 1964 nuptiis
715 1936 834 1964 quoque,
850 1935 889 1955 ac
906 1928 1059 1963 virginitate

275 1977 393 2010 disserit,
412 1976 533 2010 duasque
555 1975 594 2002 ait
608 1982 669 2002 esse
684 1974 751 2006 vias,
765 1974 966 2001 matrimonium
982 1974 1057 2001 vide-

270 2025 345 2057 licet,
360 2028 387 2050 et
408 2022 606 2056 virginitatem;
627 2021 650 2048 si
669 2021 730 2055 quis
752 2020 834 2055 igitur
853 2020 1058 2047 matrimonium

270 2069 391 2104 elegerit,
407 2067 648 2102 reprehensionem
663 2073 716 2092 non
735 2066 834 2097 habet,
854 2073 940 2100 neque
956 2073 988 2093 ex
1007 2066 1059 2093 hoc

267 2114 508 2143 condemnabitur.
525 2113 657 2140 Caeterum
675 2119 729 2139 non
749 2116 823 2139 tanta
849 2112 919 2139 dona
932 2131 940 2144 ,
956 2118 1058 2147 quanta

270 2162 292 2189 is
305 2161 351 2195 qui
366 2159 547 2195 virginitatem
567 2157 709 2191 amplexus
724 2156 805 2184 fuerit
816 2177 824 2190 ,
839 2157 964 2192 accipiet.
979 2158 1059 2185 Acci-

1113 929 1189 956 Ἑπεί
1206 929 1220 955 ὃ
1236 928 1329 962 λέγεις
1345 928 1396 955 οὐκ
1412 928 1486 953 ἐστιν
1502 926 1625 962 ἁμαρτία
1641 927 1658 961 ή
1675 925 1723 952 τοῦ
1742 926 1896 960 σπέρματος

1107 973 1190 1008 ὲκροὴ
1207 974 1244 1005 ὡς
1261 972 1383 1007 φυσικῶς
1399 972 1543 1007 γινομένη,
1555 970 1618 997 οὐδὲ
1635 972 1652 1006 ἡ
1669 970 1774 1005 ἀληθὴς
1793 969 1896 1004 χρῆσις,

1107 1021 1192 1056 ήγουν
1208 1020 1224 1055 ή
1241 1019 1314 1054 μίξις
1327 1017 1519 1052 λογισθήσεται
1530 1016 1659 1051 ἁμαρτία
1670 1024 1678 1031 ·
1693 1016 1734 1042 ὅτι
1748 1016 1783 1042 τὰ
1800 1015 1897 1050 ὄργανα

1107 1066 1141 1093 τὰ
1158 1066 1226 1100 πρὸς
1242 1065 1326 1101 αὐτὴν
1340 1063 1515 1099 ἐνεργοῦντα,
1529 1063 1606 1098 παρὰ
1618 1061 1666 1089 τοῦ
1678 1061 1748 1089 Θεοῦ
1765 1061 1900 1096 trahen-

1108 1118 1177 1138 σαν¹
1198 1111 1293 1146 ’ἐρωτᾷ
1315 1110 1361 1137 τὸν
1393 1109 1554 1143 ἁτιλέγοντα
1577 1108 1657 1144 δῆθεν
1671 1116 1679 1125 ι
1703 1108 1789 1135 Ποῐαν
1813 1108 1900 1141 λέγεις

1108 1159 1224 1191 χρῆσιν;
1243 1157 1291 1192 τὴν
1309 1155 1438 1190 ἔννομον,
1456 1155 1472 1191 ἢ
1492 1154 1542 1191 τὴν
1558 1154 1682 1188 κρυφίως
1701 1154 1750 1180 καὶ
1770 1153 1900 1188 μοιχικῶς

1108 1201 1273 1236 γινομένηνς
1293 1200 1344 1236 τὴν
1363 1201 1418 1236 γὰρ
1439 1200 1552 1235 ἔννομον
1572 1201 1586 1226 ὁ
1606 1199 1673 1231 Θεὸς
1693 1199 1846 1234 ἐπέτρεψεν
1867 1199 1900 1224 εἰ·

1109 1248 1167 1274 πών
1181 1255 1189 1264 ι
1217 1247 1394 1279 Αὺεάνεσθε
1415 1246 1464 1273 καί
1485 1245 1690 1279 minam-was,
1713 1244 1761 1271 καὶ
1781 1245 1797 1270 ὸ
1821 1244 1900 1279 μέγας

1109 1292 1215 1323 Παῦλος
1235 1291 1411 1327 ὲκκεχώρηκιι
1430 1291 1518 1326 λέγων
1531 1299 1538 1307 ·
1558 1291 1657 1326 Τίμιος
1674 1292 1690 1317 ὀ
1706 1290 1802 1325 γάμος
1819 1293 1866 1316 καὶ
1883 1290 1899 1322 ἠ

1109 1338 1196 1371 κοίτη
1209 1337 1355 1372 ἀμίαντος
1364 1345 1371 1352 ·
1384 1338 1400 1372 ή
1412 1337 1442 1364 δὲ
1453 1337 1519 1372 ἄλλη
1531 1337 1628 1372 χρῆσις
1640 1336 1807 1363 κεκώλυται.
1819 1336 1900 1362 Τοῦτο

1108 1384 1173 1418 γὰρ,
1191 1384 1267 1418 φησι,
1288 1383 1335 1411 καὶ
1351 1383 1382 1409 ὲν
1396 1382 1488 1414 ἄλλοις
1506 1382 1614 1414 πολλοῖς
1631 1381 1770 1416 βιωτικοῖς
1788 1381 1900 1416 captam

1111 1438 1160 1464 μεν
1178 1429 1289 1456 αὐτίκα.
1309 1429 1346 1455 Τὸ
1363 1428 1487 1462 φονεύειν
1507 1428 1715 1463 ἀπηγόρευται,
1737 1427 1797 1454 ἀλλ’
1811 1429 1838 1454 ἐν
1858 1436 1900 1453 πο-

1109 1475 1185 1510 λέμῳ
1199 1475 1324 1510 ἀναιρεῖν
1335 1474 1398 1506 τοὺς
1413 1474 1560 1509 πολεμίους
1575 1473 1734 1506 ἐπαινετὸν,
1752 1475 1800 1500 καὶ
1814 1474 1900 1509 τιμῶν

1112 1521 1238 1555 μεγάλων
1252 1520 1339 1553 ἄξιον.
1352 1520 1433 1546 Ὥστε
1447 1519 1479 1546 τδ
1495 1519 1562 1546 αὐτὸ
1580 1519 1652 1546 κατά
1676 1528 1704 1545 τι
1724 1520 1775 1554 μὶν
1792 1520 1842 1546 οὐκ
1859 1520 1898 1552 ἐξ·

1109 1573 1182 1593 εστι·
1198 1566 1270 1593 κατά
1282 1575 1308 1594 τι
1322 1566 1350 1593 δὲ
1360 1565 1458 1598 ἔξεστι,
1473 1566 1521 1592 καὶ
1535 1566 1564 1591 ὲν
1577 1565 1693 1601 διαφορᾷ
1707 1565 1767 1592 ἐστι
1781 1566 1827 1591 καὶ
1843 1574 1900 1591 καπ-

1111 1612 1165 1648 ρῶν
1178 1613 1224 1639 καὶ
1235 1611 1391 1647 προσώπων
1401 1611 1449 1638 καὶ
1460 1610 1568 1646 τρόπων
1580 1611 1678 1638 ἄλλων.
1691 1610 1787 1643 Οὕτως
1798 1612 1846 1638 οὖν
1860 1612 1900 1638 καὶ

1108 1659 1124 1693 ή
1143 1657 1225 1693 μίξις.
1239 1659 1295 1685 Καὶ
1311 1658 1425 1693 χρήσεις
1439 1657 1579 1693 γραφικὰς
1593 1658 1716 1692 παράγει
1731 1658 1800 1692 πρὸς
1813 1658 1900 1684 τοῦτο.

1108 1701 1176 1730 Εἶτα
1192 1705 1239 1731 καὶ
1254 1705 1319 1739 περὶ
1332 1705 1423 1739 γάμου
1439 1705 1488 1731 καὶ
1502 1703 1827 1738 παρθενίας-διαλέγεται
1837 1713 1844 1718 ·
1859 1703 1900 1729 καὶ

1107 1749 1155 1776 δύο
1171 1749 1255 1784 φησὶν
1270 1749 1348 1780 ὁδοὺς
1365 1745 1451 1782 εἶναι,
1479 1748 1526 1775 τὸν
1543 1749 1633 1784 γάμον
1650 1748 1698 1775 καὶ
1714 1751 1762 1783 τὴν
1780 1748 1900 1782 ἁγνείαν.

1108 1796 1140 1822 Εἰ
1159 1795 1210 1830 μὲν
1224 1792 1273 1821 οὖν
1287 1802 1330 1826 τις
1344 1794 1390 1820 τὸν
1407 1794 1497 1829 γάμον
1514 1793 1622 1826 ἕλοιτο,
1641 1793 1748 1829 μέμψιν
1761 1794 1812 1820 οὐκ
1828 1793 1900 1828 ἔχει.

1108 1842 1169 1868 οὐδὲ
1185 1841 1421 1876 κατακριθήσεται
1434 1840 1479 1866 διὰ
1493 1840 1581 1868 τοῦτο.
1598 1841 1636 1868 Οὐ
1654 1841 1710 1875 μὴν
1722 1840 1841 1867 τοσαῦτα
1858 1849 1900 1875 χαη

1110 1887 1231 1922 ρίσματα
1247 1887 1362 1922 λήψεται
1378 1886 1429 1913 ὅσα
1445 1887 1459 1913 ὁ
1476 1886 1612 1922 παρθενίᾳ
1631 1886 1766 1922 συζήσας.
1783 1886 1900 1922 Λὴψεται

1106 1934 1173 1968 γὰρ,
1187 1933 1264 1967 φησὶ,
1277 1934 1414 1964 κάκεῖνος,
1429 1933 1544 1968 ἐπείπερ
1558 1932 1635 1967 φέρει
1649 1933 1759 1967 καρπὸν
1771 1933 1817 1959 τὸν
1828 1934 1900 1967 τριάε

1110 1987 1203 2006 κοντα.
1216 1978 1247 2004 El
1261 1978 1324 2012 γὰρ,
1338 1978 1410 2004 κατὰ
1422 1977 1468 2004 τδν
1482 1978 1571 2012 μέγαν
1585 1977 1702 2010 Παῦλον,
1718 1978 1816 2012 Τίμιος
1827 1980 1844 2004 ό
1859 1979 1900 2013 τά

1107 2032 1165 2058 μσς
1179 2023 1229 2050 καὶ
1244 2023 1262 2056 ή
1278 2024 1362 2057 κοίτη
1377 2023 1532 2057 ἀμίαντος,
1547 2023 1561 2049 ὁ
1575 2024 1722 2058 σωφρόνως
1734 2025 1764 2050 εν
1777 2025 1809 2058 τῇ
1825 2025 1900 2056 συζυη

1109 2069 1158 2103 γία
1170 2068 1320 2103 βεσιωκὼς,
1331 2069 1379 2094 καὶ
1389 2069 1565 2103 ὑπηρετήσας
1575 2068 1608 2102 τῇ
1619 2067 1665 2094 τοῦ
1676 2067 1744 2094 Θεοῦ
1758 2070 1900 2103 προστάξει

1108 2113 1154 2140 διὰ
1165 2114 1213 2148 τῆς
1229 2113 1410 2146 παιδοποιίας,
1424 2114 1558 2146 εἰπόντος,
1571 2113 1750 2145 Δῠεὰνεσθε
1763 2115 1812 2140 καὶ
1825 2116 1900 2147 tum

1109 2161 1241 2187 θύνεσθσ
1251 2180 1258 2192 ,
1276 2160 1324 2187 καὶ
1340 2159 1503 2194 ἀνεχόμενος
1520 2159 1670 2194 φροντίδων
1687 2160 1735 2186 καὶ
1751 2160 1842 2186 κόπων
1858 2162 1900 2187 Eii

269 2207 323 2242 piet
338 2206 420 2238 enim,
434 2205 533 2240 inquit,
548 2208 575 2231 et
589 2203 643 2236 ille,
659 2202 776 2229 fructum
791 2202 928 2238 siquidem
943 2204 994 2231 fert
1011 2203 1054 2231 tri-

1109 2206 1143 2232 τὰ
1159 2205 1270 2239 ἔγγονα,
1288 2206 1330 2232 ῐνα
1346 2205 1434 2241 θρέψῃ
1449 2205 1519 2233 αὐτὰ
1537 2205 1583 2232 καὶ
1598 2205 1732 2240 παιδεύσῃ
1751 2206 1779 2231 ὲν
1796 2206 1900 2241 παιδείε

268 2252 412 2279 cesimum.
437 2250 464 2277 Si
490 2255 606 2283 namque
627 2255 660 2275 ex
686 2248 775 2283 magni
797 2247 873 2276 Pauli
900 2250 1034 2277 sententia
1050 2270 1058 2281 ,

269 2295 435 2323 Honorabile
449 2293 645 2320 matrimonium
671 2297 697 2319 et
710 2297 783 2320 torus
799 2294 996 2325 immaculatus;
1013 2294 1058 2329 qui

270 2347 297 2366 Ill
309 2338 434 2372 coniugio
450 2343 524 2365 caste
539 2337 616 2370 vixit,
631 2345 663 2366 ac
678 2338 770 2366 liberis
783 2346 892 2373 operam
905 2339 995 2367 dando
1010 2339 1057 2367 Dei

269 2389 406 2419 praecepto
422 2383 628 2418 obtemperavit,
643 2383 764 2418 dicenti,
783 2384 899 2412 Crescite
917 2389 941 2412 et
968 2385 1058 2412 multi-

268 2428 417 2463 plicamini,
437 2427 492 2464 40
507 2433 563 2456 tum
580 2430 664 2464 prolis
685 2437 768 2458 causa
789 2437 868 2458 curas
893 2430 1056 2465 laboresque

268 2473 429 2508 suscipiens,
447 2478 477 2501 ut
491 2474 562 2502 illam
581 2476 685 2504 nutriat
698 2476 858 2511 erudiatque
871 2476 898 2503 in
913 2476 1054 2511 disciplina

269 2527 296 2547 et
316 2519 485 2548 institutione
502 2521 621 2556 Domini,
637 2522 754 2550 fructum
772 2522 794 2549 is
808 2529 919 2557 quoque
933 2522 986 2550 fert
1004 2523 1056 2549 tri-

270 2567 412 2594 cesintllm.
440 2566 671 2600 Quemadmodum
697 2568 792 2596 beatus
817 2576 925 2603 quoque
960 2569 1058 2596 Paulus

270 2613 379 2645 asserit,
391 2613 447 2640 fore
463 2618 491 2641 ut
506 2614 643 2642 solventur
655 2613 782 2641 mulieres
794 2613 893 2641 liberos
905 2614 1056 2648 gignentes.

271 2660 300 2688 Si
314 2661 375 2696 quis
390 2668 465 2694 vero,
484 2660 534 2693 ait,
550 2667 644 2694 puram
670 2666 703 2686 ac
729 2660 864 2687 caelestem
892 2661 960 2688 viam
976 2660 1058 2688 fuerit

272 2707 423 2742 amplexus,
452 2705 652 2733 admirabiliora
682 2705 751 2731 dona
778 2705 901 2740 accipiet;
931 2706 1057 2739 quoniam

271 2759 367 2788 aspera
389 2753 476 2788 primo
508 2750 582 2778 aditu
599 2749 769 2785 diﬂicilisque
783 2751 926 2779 admodum
943 2756 984 2778 est
1002 2752 1053 2777 via.

337 2842 342 2856 '
364 2842 374 2868 l
391 2841 456 2869 Cor.
478 2849 536 2874 viti,
551 2841 578 2868 8.
633 2837 642 2852 '
662 2838 730 2866 Gen.
745 2848 763 2871 I,
779 2839 823 2866 £8.

874 2838 884 2852 ³
902 2839 982 2867 llcbr.
997 2847 1054 2872 xm,
1073 2839 1099 2865 4.

1108 2253 1154 2278 καὶ
1168 2251 1293 2287 νουθεσίᾳ
1305 2252 1419 2286 Κυρίου,
1430 2251 1535 2287 καρπον
1548 2251 1675 2283 κάκείνος
1687 2251 1734 2277 τὸν
1755 2253 1900 2287 τριάκοντα

1106 2298 1186 2332 φέρει
1201 2304 1206 2311 ·
1224 2296 1292 2323 καθὸ
1318 2297 1364 2323 καὶ
1381 2297 1395 2322 ὁ
1413 2297 1548 2332 μακάριος
1565 2297 1668 2328 Παῦλος
1686 2297 1762 2331 λέγει
1783 2299 1900 2333 σωθήσει

1107 2344 1169 2369 σθαι
1182 2343 1231 2374 τὰς
1245 2343 1377 2376 γυναῖκας
1391 2343 1434 2369 διὰ
1446 2343 1495 2378 τῆς
1507 2343 1689 2377 τεκνογονίας.
1706 2344 1737 2370 Et
1751 2344 1780 2370 δὲ
1793 2353 1834 2376 τις
1857 2345 1900 2379 τὴι

1108 2389 1207 2424 ἁγνὴν,
1222 2388 1298 2423 φησὶ,
1315 2389 1362 2414 καὶ
1376 2388 1564 2424 ὑπερκόσμιον
1576 2388 1634 2415 ὁδὸν
1648 2389 1813 2422 ἀσπάσοιτο,
1827 2392 1900 2424 χαρὶ‹

1106 2441 1203 2468 σματα
1226 2432 1439 2468 θαυμασιώτερα
1463 2433 1600 2468 λήψεται·
1624 2434 1665 2460 ὅτι
1690 2435 1807 2469 τραχεῖα
1828 2423 1900 2468 παρέ

1109 2479 1160 2514 τὴν
1176 2478 1289 2514 πρώτην
1305 2480 1353 2505 καὶ
1369 2478 1592 2514 δυσκατόρθωτος
1608 2479 1623 2513 ή
1643 2479 1713 2511 ὁδός.
1730 2479 1768 2506 Τὸ
1785 2479 1814 2506 δὲ
1831 2480 1900 2513 πσρέ

1110 2525 1160 2560 τὴν
1177 2525 1290 2560 πρώτην
1307 2524 1324 2559 ἢ
1343 2525 1420 2560 παρὰ
1436 2525 1485 2560 τὴν
1501 2526 1551 2560 ήδη
1569 2524 1699 2560 ῥηθεῖσαν
1715 2526 1776 2552 ὁδὸν
1794 2527 1841 2561 τὴν
1857 2525 1900 2552 soi

1109 2572 1201 2607 γάμου
1217 2572 1336 2607 von-tim,
1351 2571 1367 2606 ἢ
1385 2571 1461 2606 παρὰ
1474 2572 1523 2606 τὴν
1539 2572 1637 2606 ἀρχήν.
1659 2571 1690 2598 ’0
1705 2572 1762 2607 γὰρ
1778 2572 1900 2608 ἑλόμενογ

1111 2617 1291 2652 παρθενεύειν
1312 2617 1362 2652 τῆς
1382 2617 1483 2652 σαρκὸς
1504 2617 1694 2652 εύκαταφόρου
1713 2618 1900 2653 τυγχανούσης

1112 2663 1179 2698 πρὸς
1194 2662 1290 2698 ἡδονὰς
1304 2663 1353 2689 καὶ
1369 2662 1487 2697 μάλιστα
1503 2664 1567 2698 περὶ
1582 2664 1632 2694 τὰς
1646 2663 1695 2697 τῆς
1711 2663 1813 2698 μίξεως
1829 2664 1900 2698 παρ-ει

1111 2711 1159 2743 τὴν
1175 2707 1261 2743 ἀρχὴν
1275 2707 1400 2743 ἀνάγκην
1415 2708 1573 2742 ὑφίσταται,
1589 2709 1639 2743 τῆς
1653 2708 1759 2743 φύσεως
1776 2709 1900 2745 ὁργώσηί

1112 2754 1179 2789 πρὸς
1193 2753 1222 2780 τὸ
1236 2753 1319 2784 πάθος
1329 2761 1336 2770 ·
1352 2754 1398 2781 καὶ
1412 2753 1492 2780 πλέον
1505 2753 1550 2780 ὅτε
1562 2753 1653 2786 νεάζει
1666 2755 1680 2780 ὁ
1694 2753 1840 2789 ἅνθρωπος
1856 2763 1900 2780 χιιι
