1914 3077
41 156 88 186 557

491 157 533 187 ΙΝ
551 155 674 187 EPIST.
699 156 730 186 S.
750 153 962 184 ATHANASH
981 153 1205 184 AD‘AMMUM.

1616 155 1667 185 558

41 213 145 248 σφριγᾷ
155 220 161 226 ·
176 211 215 238 διὸ
230 211 306 247 παρὰ
319 211 368 248 τὴν
383 212 497 249 πρώτην
511 213 630 248 είρηται.
640 212 706 239 Ὅτε
718 211 747 238 δὲ
762 211 829 244 πρὸς

883 209 949 237 lllnd
967 216 1031 236 vero
1051 208 1138 244 (παρὰ
1152 209 1202 244 τὴν
1223 209 1345 245 πρώτην)
1359 213 1406 237 aut
1419 209 1453 237 de
1478 210 1605 244 praedicta
1623 211 1666 239 Via

39 259 126 293 γῆρας
142 257 297 290 ἀπονεύσει,
312 260 337 285 εί
350 259 398 285 καὶ
415 259 483 294 μηδὲ
495 259 555 285 τότε
571 258 714 285 σϐέννυται
728 257 758 284 ea
773 257 829 292 πῦρ

38 305 68 330 ἐκ
79 304 135 330 τῶν
148 303 252 336 παθῶν,
265 303 333 330 ἀλλά
344 312 375 339 γε
387 304 600 339 μαλθακώτερον
609 304 726 338 γίνεται.
737 303 829 330 Ταῦτα

38 349 124 376 εἰπὼν
140 349 241 384 ιπὰγει
256 351 298 377 ὅτι
313 350 348 377 τὰ
364 350 511 385 ζητήματα
528 350 619 377 αὐτῶν
635 351 668 377 τὰ
685 349 829 384 ἀκάθαρτα

36 395 217 430 προλέλυνται
232 395 310 431 παρὰ
325 395 380 422 τῶν
396 396 477 422 θείων
492 396 620 430 Γραφῶν,
636 396 684 422 καὶ
698 396 831 429 παραινεῖ

36 441 80 467 τὸν
100 441 282 476 ἐρωτήσαντα
305 439 500 477 ὑποστηρίζειν
521 441 586 473 τοὺς
607 441 654 467 ὑπ’
667 441 758 472 αὑτὸν,
782 441 830 467 καὶ

35 489 152 522 κρήσεσι
167 486 300 522 κέχρηται
315 489 466 522 γραφικαϊς
481 487 621 522 διαφόροις
631 494 639 503 ·
654 485 712 514 εἶτα
728 487 776 514 καὶ
790 488 830 518 εἰς

35 533 118 567 εὐχὴν
129 531 235 566 τρέψας
246 532 291 559 τὸν
307 531 387 566 λόγον
397 532 495 560 τελειοῖ
506 533 556 568 τὴν
568 532 723 567 ἐπιστολήν.
735 531 829 559 Ταῦτα

36 579 84 612 μὲν
99 576 150 604 οὖν
164 578 178 604 ὸ
195 577 282 613 μέγας
297 580 380 613 φησὶν
396 578 556 609 Ἀθανάσιος
569 578 634 612 περὶ
648 577 696 613 τῆς
711 578 829 612 φυσικῆς

34 623 188 659 ἐκκρίσεως
202 623 251 658 τῆς
266 625 360 659 γονῆς.
378 625 408 651 ’0
422 624 452 651 δὲ
469 624 675 660 Ἀλεξανδρείας
691 623 828 655 Διονύσιος

33 671 60 696 ἐν
74 671 108 705 τῇ
126 669 201 704 πρὸς
215 669 376 706 Βασιλείδην
390 670 519 706 ἐπιστολῇ
534 670 621 698 ταῦτά
636 678 719 705 φησιν
731 679 737 686 ·
752 670 784 696 Ol
799 669 828 696 δὲ

33 716 59 742 ὲν
74 715 254 751 ἀπροαιρέτῳ
268 716 414 751 νυκτερινῇ
432 716 509 750 ῥύσει
524 716 667 750 γενόμενοι
681 715 720 750 τῷ
733 714 828 750 οἰκείῳ

32 760 167 787 συνειδότι
180 760 471 788 κατακολουθείτωσαν
483 769 491 778 ·
507 762 556 789 καὶ
570 761 685 793 ιαντοὺς
699 761 756 788 εἴτε
769 760 828 787 δια-

30 808 190 844 κρίνονται,
206 807 261 834 ιίτε
279 806 333 842 μὴ,
350 807 550 835 σκοπείτωσαν.
568 806 612 839 Ὠς
625 807 673 833 ἐπὶ
686 806 742 834 τῶν
756 806 828 842 βρωι

31 853 127 888 μάτων
150 854 165 879 ό
189 853 412 888 διακρινόμενος,
437 853 536 888 φησιν,
556 853 605 880 ἐὰν
628 852 719 888 φάγῃ,
742 861 828 880 κατα-

30 903 160 933 κέκριται
177 905 185 912 '
212 898 261 924 καὶ
287 898 316 924 ὲν
340 897 448 929 τούτοις
473 898 662 933 εὐσυνείδητος
685 897 757 925 ἔστω
782 898 828 924 καὶ

28 942 277 979 εὐπαρῥησίαστος
294 943 366 970 κατὰ
381 943 412 970 τὸ
425 943 491 970 ῐδιον
509 944 637 980 ἐνθύμιον
646 945 701 975 πᾶς
717 945 731 970 ὁ
742 952 828 978 προσ-

30 990 77 1016 ιὼν
92 989 133 1024 τῷ
149 988 223 1021 Θεῷ.
239 990 271 1016 Ὃ
285 989 314 1016 δὲ
328 989 403 1023 λέγει
416 989 538 1017 τοιοῦτόν
552 991 637 1023 ἔστιν,
660 990 701 1017 ὅτι
724 990 754 1016 '0
778 989 829 1025 τὴν

27 1036 74 1063 τοῦ
91 1036 255 1072 σπέρματος
271 1035 391 1067 ὑποστὰς
406 1036 514 1070 ῥεῦσιν,
529 1036 625 1063 ἑαυτὸν
639 1036 807 1071 ἀνακρινέτω
819 1043 826 1052 ‘

27 1083 74 1109 tu“.
89 1083 114 1108 εί
133 1082 184 1117 μὲν
198 1082 336 1117 ιμπάθειά
350 1091 392 1114 τις
407 1083 584 1118 προηγήσατο
598 1083 631 1109 ὲκ
644 1082 691 1109 τοῦ
706 1082 827 1118 πονηροῦ

28 1129 94 1160 ἴσως
112 1128 244 1164 ὲνθυμίου
261 1129 310 1155 καὶ
326 1128 562 1163 συγκαταθέσεως,
579 1129 626 1155 καὶ
641 1128 728 1160 οὕτως
745 1129 762 1163 ή
778 1128 828 1162 τῆς

26 1175 113 1208 γονῆς
129 1173 337 1209 ἐπηκολούθησε
354 1173 463 1209 ῥεῦσις,
478 1174 529 1201 οὒκ
545 1174 680 1208 ἀμίαντος
695 1175 709 1200 ὁ
724 1173 828 1208 ταύτην

27 1220 126 1247 παθών
138 1227 146 1234 ·
166 1220 191 1246 εί
209 1219 232 1246 δ’
245 1219 321 1246 οὐδὲν
338 1219 458 1259 τοιοῦτον
477 1220 673 1255 προηγήσατο,
690 1219 752 1246 οὐδὲ
769 1219 828 1246 δια-

25 1266 156 1301 κρίνεται
170 1265 216 1292 διὰ
229 1273 257 1292 τι
271 1264 393 1292 τοιοῦτον
403 1285 411 1297 ,
427 1264 474 1292 καὶ
489 1265 519 1291 οὐ
538 1265 704 1300 μεμόλυνται
720 1265 796 1299 αὐτῷ
812 1266 826 1291 ὁ

25 1311 172 1346 λογισμὸς,
189 1309 311 1346 προσίτω
326 1311 382 1342 τοῖς
396 1310 563 1345 ἁγιάσμασι.
578 1310 657 1341 Τινὲς
670 1309 699 1336 δὲ
714 1309 760 1336 τὸν
776 1309 826 1344 μέ.-

23 1366 78 1391 γαν
99 1356 246 1384 Βασίλιιόν
263 1364 345 1390 φασιν
362 1356 508 1391 ἀπείργειν
519 1356 582 1387 τοὺς
592 1355 714 1382 τοιοῦτόν
731 1364 757 1382 τι
774 1363 827 1382 πα-

23 1404 127 1434 θόντας
149 1403 200 1438 τῆς
220 1402 275 1429 τῶν
297 1402 477 1438 ἁγιασμάτων
500 1401 690 1437 μεταλήψεως.
707 1401 826 1436 Ἐρωτη-

23 1450 82 1480 θεὶς
98 1449 155 1484 γὰρ
171 1450 185 1475 ὸ
199 1448 276 1483 Ξιγιος
289 1445 368 1481 οὗτος
377 1469 384 1481 ,
399 1448 438 1480 ὡς
451 1449 480 1476 ὲν
493 1450 550 1480 τοῖς
564 1447 725 1482 ἀσκητικοῖς
740 1447 824 1475 αὑτοῦ

23 1495 252 1530 ἀναγέγραπται,
267 1495 292 1520 εί
306 1494 361 1521 τῶν
375 1493 500 1530 συνήθων
513 1493 561 1521 καὶ
575 1495 648 1521 κατὰ
661 1493 743 1529 φύσιν
755 1501 826 1528 γινο-

881 255 1017 290 conjugali
1034 255 1234 289 intelligendum
1251 260 1304 288 est,
1319 261 1366 283 aut
1378 256 1411 283 de
1425 256 1512 283 initio.
1528 256 1579 290 Qui
1594 257 1665 284 enim

881 300 1064 336 virginitatem
1081 300 1263 335 amplectitur,
1277 309 1338 328 cum
1357 309 1421 328 caro
1449 301 1482 328 ad
1503 301 1665 337 voluptates.

881 347 1050 382 maximeque
1062 354 1193 375 venereas
1205 347 1241 375 sit
1255 347 1390 382 proclivis;
1405 347 1577 375 conﬂictatur
1591 348 1669 375 initio

880 393 1095 425 dilliuultatibus,
1111 397 1205 421 natura
1222 394 1254 420 ad
1268 393 1405 421 libidinem
1418 393 1573 426 inclinante,
1588 394 1669 428 idque

881 440 1032 474 praesertim
1047 440 1110 467 dum
1129 440 1156 467 in
1176 439 1266 467 aetatis
1290 440 1356 467 llore
1379 444 1515 472 versatur,
1531 448 1562 467 ac
1577 440 1666 474 viget;

879 492 959 520 quam
971 486 1006 513 ob
1020 493 1128 513 causam
1139 486 1220 513 verba
1237 485 1280 512 illa
1295 485 1392 521 (primo
1406 486 1492 520 aditu)
1504 490 1568 512 sunt
1584 486 1667 512 dicta.

879 531 932 559 Ubi
949 539 1013 560 vero
1038 532 1071 559 ad
1099 536 1266 560 senectutem
1290 531 1390 566 vergit,
1410 532 1517 559 etiamsi
1541 538 1575 558 ne
1605 536 1669 558 tunc

879 577 987 612 quidem
1007 578 1194 612 exstingnatur
1220 577 1397 612 cupiditatum
1423 577 1554 609 “autumn,
1582 577 1670 604 lenior

881 627 968 651 tamen
983 624 1083 651 evadit.
1102 622 1149 650 His
1172 623 1253 650 dictis
1271 623 1398 658 subjicit,
1415 623 1522 658 illorum
1548 623 1669 657 impnras

879 670 1040 705 quaestiones
1051 669 1106 705 jam
1118 674 1180 697 ante
1191 677 1224 697 ex
1237 669 1324 698 sacris
1338 669 1450 702 Litteris
1462 670 1544 697 luisse
1555 670 1669 701 solutas,

878 719 1024 750 monetque
1050 716 1275 749 interrogantem,
1295 720 1324 742 ut
1339 715 1390 743 sibi
1421 715 1545 743 subditos
1569 715 1670 742 conlir-

878 767 944 795 met,
961 761 1098 797 variisque
1113 760 1262 796 Scriptura:
1276 762 1420 790 sententiis
1437 762 1520 789 utitur
1534 769 1542 794 ;
1561 766 1616 788 tum
1635 762 1670 787 ad

877 808 1061 843 precationem
1079 815 1209 835 conversa
1229 807 1353 835 oratione
1376 807 1518 842 epistolam
1542 807 1668 834 absolvit.

884 854 946 882 Hac
958 862 1023 889 ergo
1041 861 1155 889 magnus
1171 854 1289 889 loquitur
1308 854 1472 881 Athanasius
1496 853 1530 881 de
1554 853 1671 880 naturali

882 899 994 927 seminis
1010 900 1177 926 excretione.
1194 898 1339 933 Dionysius
1363 906 1445 933 porro
1470 898 1670 926 Alexandrinus

880 944 907 970 in
924 943 1037 978 epistola
1062 943 1096 971 ad
1119 943 1269 971 Basilidem
1293 943 1351 971 haec
1373 943 1454 970 habet
1470 952 1477 970 :
1496 943 1547 976 Qui
1564 950 1626 970 vero
1643 943 1669 970 in

881 997 932 1016 non
948 989 1102 1016 voluntario
1120 994 1255 1017 nocturno
1269 988 1343 1016 ﬂuxu
1366 988 1452 1020 fuere,
1472 989 1608 1023 propriam
1626 997 1670 1016 se-

879 1041 996 1070 quantur
1011 1036 1217 1068 conscientiam,
1236 1039 1262 1062 et
1278 1041 1382 1067 secum,
1398 1042 1432 1062 an
1444 1034 1476 1062 de
1488 1042 1520 1062 eo
1534 1034 1669 1066 dubitant.

879 1088 975 1113 necne,
998 1081 1180 1108 considerent.
1205 1080 1439 1114 Quemadmodum
1463 1080 1491 1108 in
1516 1080 1595 1113 cibis,
1623 1081 1670 1115 qui

878 1127 996 1159 dubitat,
1011 1127 1110 1162 inquit,
1129 1127 1324 1155 condemnatus
1339 1131 1380 1154 est
1394 1148 1402 1160 ,
1418 1128 1439 1154 si
1455 1127 1622 1159 comederit,
1644 1127 1671 1153 in

879 1173 921 1201 his
934 1177 1044 1209 (tuoque
1061 1173 1137 1200 bella:
1152 1174 1186 1200 sit
1198 1173 1382 1206 conscientiae,
1393 1178 1421 1201 et
1432 1173 1517 1201 libere
1530 1173 1668 1207 loquatur,

875 1217 951 1252 juxta
966 1222 1124 1253 conceptam
1143 1217 1233 1244 animo
1246 1219 1449 1253 cogitationem,
1463 1219 1553 1246 omnis
1566 1219 1610 1253 qui
1623 1226 1670 1246 ac-

882 1264 955 1292 cedit
973 1264 1005 1291 ad
1023 1263 1118 1291 Deum.
1133 1263 1208 1296 Quod
1230 1271 1295 1292 vero
1308 1264 1345 1291 ait
1359 1264 1491 1298 eiusmodi
1506 1269 1558 1297 est,
1576 1270 1607 1297 ut
1624 1265 1670 1300 qui

874 1310 987 1340 seminis
1001 1309 1103 1337 ﬂuxum
1117 1315 1158 1337 est
1174 1317 1270 1344 passus
1284 1310 1402 1345 seipsum
1418 1310 1567 1344 examinet,
1582 1318 1614 1338 ac
1628 1311 1668 1338 si—

879 1356 988 1390 quidem
1016 1355 1122 1383 all'ectio
1148 1356 1237 1390 aliqua
1267 1357 1415 1390 praecessit,
1431 1364 1464 1384 ex
1493 1364 1577 1392 prava
1599 1357 1670 1385 forte

876 1402 1042 1437 cogitatione
1058 1407 1139 1437 atque
1166 1410 1319 1436 consensu,
1337 1408 1364 1431 et
1390 1404 1439 1430 hoc
1457 1408 1535 1438 pacto
1557 1405 1670 1432 seminis

876 1447 964 1476 ﬂuxus
980 1453 1022 1475 est
1036 1454 1211 1481 consecutus,
1226 1448 1270 1476 cui
1287 1450 1309 1477 is
1327 1449 1439 1484 contigit
1457 1449 1665 1485 haudquaquam

875 1503 960 1531 purus
975 1495 1176 1524 existimabitur
1195 1504 1202 1523 :
1220 1497 1262 1524 sin
1281 1497 1348 1524 nihil
1371 1497 1425 1525 tale
1439 1499 1577 1532 praecessit
1590 1520 1598 1531 ,
1615 1507 1665 1527 nec

24 1542 119 1576 μένων
132 1542 190 1567 τινὶ¹
204 1541 257 1576 χρὴ
272 1540 375 1576 τολμᾷν
388 1540 429 1577 είς
443 1540 586 1568 κοινωνίαν
600 1540 656 1568 τῶν
671 1540 758 1574 ἁγίων
774 1549 824 1567 πα-

877 1543 910 1571 de
925 1543 1013 1578 aliqua
1029 1542 1162 1577 ejusmodi
1179 1550 1208 1570 re
1221 1543 1332 1579 ambigit
1345 1563 1353 1576 ,
1368 1551 1417 1572 nec
1432 1544 1485 1571 ulla
1504 1547 1602 1572 rationi
1621 1547 1668 1573 ad-

24 1585 206 1622 ραδὲχεσϐαι,
226 1586 374 1622 ἀπεκρίθη,
398 1585 550 1621 Κρείττονα
569 1586 619 1622 τῆς
643 1585 751 1620 φύσεως
776 1586 824 1613 καὶ

22 1634 75 1668 τῆς
92 1632 243 1668 συνηθείας
256 1632 375 1666 ἐδίδαξεν
388 1634 402 1660 ὁ
420 1632 581 1664 ’Δπόστολος
595 1630 666 1659 εἶναι
681 1632 727 1660 τὸν
740 1633 770 1659 ὲν
784 1631 824 1667 τῷ

22 1678 200 1713 βαπτίσματι
215 1677 385 1711 συνταφέντα
399 1676 526 1713 Χριστῷ¹
542 1676 608 1703 ποτὲ
622 1676 673 1709 μὲν
684 1675 770 1703 εἰπὼν
783 1675 823 1702 ὅτι

29 1725 57 1751 '0
76 1724 212 1755 παλαιὸς
227 1723 313 1758 ἡμῶν
326 1724 483 1757 ἄνθρωπος
499 1721 737 1757 συνεσταυρώθη
747 1741 754 1754 ,
773 1721 824 1748 ἵνα

22 1768 205 1805 καταργηθῇ
222 1769 256 1796 τὸ
273 1768 360 1803 σῶμα
376 1769 431 1803 τῆς
447 1769 604 1804 ἁμαρτίας,
622 1767 677 1795 τοῦ
691 1767 734 1802 μὴ
752 1767 822 1794 δου-

20 1817 133 1844 λεύειν
153 1815 234 1849 ἡμᾶς
254 1813 291 1849 τῇ
313 1815 461 1849 ἁμαρτίαι
484 1814 549 1841 ποτε
569 1814 598 1840 δὲ
620 1812 823 1849 παραγγείλας,

19 1861 209 1896 Λ¹εκρὼσατε
228 1859 284 1888 οὖν
300 1861 336 1887 τὰ
352 1860 431 1895 μέλη
451 1860 535 1895 ὑμῶν
552 1859 588 1887 τὰ
605 1859 655 1886 ἐπὶ
672 1858 728 1894 τῆς
747 1858 802 1894 τῆς
814 1866 822 1874 ·

21 1908 188 1942 πορνείαν,
204 1906 400 1940 ἀκαθαρσίαν,
416 1906 522 1938 πάθος,
536 1905 699 1939 ἐπιθυμίαν
712 1903 821 1937 κακὴν,

19 1955 74 1980 καὶ
91 1953 154 1986 τὴν
169 1952 362 1985 πλεονεξίαν,
379 1952 399 1986 ἢ
415 1961 460 1985 τις
476 1951 564 1979 ἐστίν
578 1950 822 1984 είδωλολατρεία,

19 2000 60 2026 δι’
77 2000 99 2027 ἀ
114 1999 265 2033 ἐρχεταιίή
280 1998 353 2033 ὀργὴ
368 1998 420 2025 τοῦ
436 1997 508 2025 Θεοῦ
520 1998 569 2024 ἐπὶ
584 1997 656 2031 τοὺς
671 1997 755 2030 υἱοὺς
769 1996 824 2031 τῆς

18 2046 186 2078 ἀπειθείας
196 2052 204 2059 ·
218 2045 282 2071 ποτὲ
297 2044 325 2071 δὲ
340 2045 401 2080 ὅρον
414 2045 560 2079 ἐκθέμενος
575 2045 603 2070 ὲν
617 2043 655 2079 τῷ
670 2044 757 2070 είπείν
769 2053 776 2059 ·
791 2044 823 2071 Ol

18 2093 57 2118 δὲ
77 2091 136 2119 τοῦ
158 2090 288 2125 Χριστοῦ
308 2091 404 2124 Ἰησοῦ
425 2083 624 2124 ἐσταύρωσαν
645 2090 704 2125 τὴν
723 2090 823 2124 σάρκα

19 2139 88 2166 σὺν
105 2138 172 2170 τοῖς
189 2136 346 2172 παθήμασι
362 2136 412 2164 καί
427 2137 493 2169 ταῖς
509 2136 690 2171 ἐπιθυμίαις.
708 2136 779 2170 Ἐγὼ
795 2137 823 2163 δὲ

19 2187 115 2219 ἔγνων
133 2185 176 2211 ὅτι
192 2183 280 2211 ταῦτα
300 2183 467 2219 χατωρθὼθη
485 2183 604 2218 Χριστοῦ
622 2183 713 2218 χάριτι
731 2183 778 2209 καὶ
794 2183 823 2208 ὲν

878 1588 957 1616 haesit
969 1589 1084 1622 macula,
1098 1588 1132 1616 ad
1145 1596 1224 1616 sacra
1238 1589 1276 1616 illi
1293 1590 1419 1624 mysteria
1436 1590 1515 1618 liccat
1527 1590 1666 1620 accedere.

880 1634 1009 1663 Nonnulli
1027 1643 1102 1666 vero,
1120 1635 1211 1670 magni
1227 1635 1319 1663 Basilii
1333 1637 1467 1664 sententia
1483 1657 1490 1669 ,
1503 1639 1549 1672 qui
1566 1637 1667 1672 aliquid

875 1681 1006 1716 ejusmodi
1023 1681 1093 1715 passi
1109 1687 1182 1713 sunt,
1202 1689 1215 1708 a
1236 1689 1376 1709 Sacrorum
1397 1683 1587 1717 mysteriorum
1604 1691 1666 1718 per-

874 1728 1001 1763 ceptione
1024 1727 1110 1755 arceri
1129 1735 1264 1756 asserunt.
1287 1727 1407 1762 Rogatus
1431 1736 1549 1764 namque
1566 1729 1609 1757 hie
1628 1731 1669 1757 vir

875 1779 987 1801 sanctus
1004 1773 1054 1809 (uti
1082 1774 1107 1800 in
1135 1774 1218 1808 ipsius
1243 1774 1374 1803 Asceticis
1399 1779 1441 1802 est
1465 1775 1606 1810 scriptum)
1633 1784 1667 1802 an

874 1827 949 1850 eum.
973 1819 1015 1845 cui
1036 1827 1067 1846 es
1096 1819 1291 1846 consuetudine
1322 1824 1370 1847 aut
1397 1824 1493 1847 natura
1523 1821 1661 1855 quidpiam

874 1865 977 1896 evenit,
995 1865 1095 1892 audere
1108 1870 1232 1899 oporteat
1254 1865 1287 1892 ad
1318 1872 1458 1893 sacrorum
1479 1868 1666 1894 communica-

875 1910 974 1938 tionem
990 1910 1154 1938 admittere?
1168 1910 1324 1945 respondit:
1337 1910 1508 1945 Superiorem
1524 1916 1626 1939 naturrc
1641 1918 1668 1940 ct

884 1956 1073 1984 consuetudini
1089 1956 1179 1984 docuit
1193 1956 1338 1991 Apostolus
1353 1964 1414 1985 esse
1433 1964 1506 1990 eum,
1518 1958 1565 1993 qui
1580 1959 1605 1985 in
1622 1959 1669 1986 ba-

876 2004 975 2038 ptismo
992 2003 1165 2037 consepultus
1181 2009 1223 2030 cst
1249 2003 1360 2032 Christo
1381 2013 1389 2031 :
1409 2012 1481 2031 nunc
1499 2005 1608 2040 quidem
1627 2006 1668 2033 di-

875 2056 950 2083 cens,
967 2048 1043 2082 Quod
1061 2054 1131 2077 vetus
1148 2055 1237 2076 uoster
1252 2050 1329 2077 homo
1344 2058 1401 2077 cum
1417 2059 1446 2077 eo
1464 2052 1606 2085 cruciﬁxus
1619 2059 1666 2083 eu,

875 2100 904 2123 ut
921 2096 1059 2123 abolentur
1081 2104 1175 2130 corpus
1198 2097 1308 2128 peccati,
1325 2104 1357 2123 ne
1375 2105 1421 2124 nos
1438 2097 1552 2132 amplius
1568 2099 1668 2125 seruia-

875 2151 933 2169 mus
962 2145 1093 2176 peccalo'
1119 2142 1202 2169 :alibi
1228 2150 1293 2169 vero
1312 2143 1480 2176 prmcipiens,
1508 2143 1666 2177 Mortiﬁcate

876 2189 958 2223 igitur
972 2189 1087 2215 membra
1100 2193 1186 2215 uestra
1202 2189 1352 2220 terrestria,
1365 2189 1565 2220 st'ortationem.
1580 2191 1667 2223 impu-

18 2230 143 2264 ἀνδράσι
155 2228 204 2255 καὶ
216 2228 323 2263 γυναιξὶ
335 2229 426 2254 πίστει
436 2229 468 2264 τῇ
482 2229 520 2260 είς
531 2228 576 2254 τὸν
589 2228 690 2264 Κύριον
702 2228 801 2264 γνησίᾳ
811 2235 818 2241 ·

877 2235 987 2266 rit-lem,
1004 2234 1153 2264 mollitiem,
1167 2234 1337 2268 cupiditatem
1351 2234 1496 2267 malam,et
1508 2236 1664 2266 avaritiam,

18 2277 71 2304 τοῦ
91 2276 122 2303 δὲ
141 2276 171 2303 ὲν
187 2275 344 2310 ἀκαθαρσίᾳ
363 2274 428 2301 ὅντα
443 2276 503 2301 τινὰ
522 2275 641 2309 ἐγγίζειν
657 2276 713 2307 τοῖς
733 2276 821 2310 ἁγίοις

17 2324 70 2351 καὶ
89 2325 123 2350 ὲκ
140 2323 191 2356 τῆς
211 2322 333 2353 Παλαιᾶς
349 2321 486 2356 Διαοήκης
505 2321 621 2356 φοϐερὸν
638 2321 821 2357 διδασκόμεθα

17 2371 51 2397 τὸ
71 2370 175 2405 κρῖμα.
193 2369 224 2395 El
241 2367 269 2394 δὲ
287 2368 379 2395 πλεῖον
395 2367 441 2394 τοῦ
461 2367 534 2403 ῑεροῦ
551 2364 614 2400 ὦδε,
631 2369 821 2404 φοὸερώτερον

17 2420 161 2456 δηλονότι.
186 2417 331 2445 Παιδεύσει
352 2417 380 2444 δὲ
402 2417 477 2452 ἡμᾶς
496 2417 511 2442 ὁ
530 2417 691 2448 ’Δπόστολος
713 2415 798 2443 εἰπών
813 2422 820 2431 ·

20 2469 58 2494 ὀ
74 2466 189 2493 ἐσθίων
202 2464 251 2491 καί
266 2464 362 2490 πίνων
373 2462 504 2495 ἀναξίως
517 2463 608 2497 κρῖμα
619 2462 714 2495 ἐαυτῷ
726 2463 821 2490 ἐσθίει

17 2513 74 2540 καὶ
88 2512 185 2538 πίνει.
204 2510 252 2537 Ἐκ
267 2509 334 2544 γοῦν
347 2509 397 2544 τῆς
414 2508 585 2544 ἀποκρίσεως
600 2508 701 2543 ταύτης
717 2508 820 2536 οἴονταί

17 2567 97 2591 τινες
113 2558 160 2584 τὸν
178 2557 267 2592 μέγαν
283 2555 424 2582 Βασίλειον
439 2553 612 2590 ἀκαθαρσίαν
628 2555 754 2590 ἡγεῖσθαι
771 2555 820 2590 τὴν

17 2604 71 2631 τοῦ
88 2603 250 2638 σπέρματος
264 2602 363 2637 ἐκροήν
377 2609 383 2616 ·
399 2600 459 2627 ἀλλ’
470 2601 521 2628 οὐκ
535 2600 594 2627 ἔστι
607 2600 697 2627 τοῦτο.
713 2600 749 2626 οὐ
766 2599 820 2636 γὰρ

17 2650 92 2685 περὶ
108 2648 285 2684 ἀφαντάστου
301 2649 368 2682 φησὶ
384 2646 490 2682 ῥύσεως
500 2667 507 2679 ,
523 2646 581 2673 ἀλλ’
594 2646 654 2674 οὐδὲ
671 2646 741 2681 μετὰ
757 2655 820 2680 φαν-

17 2696 122 2727 εσισίας
136 2694 301 2730 γενομένης,
315 2694 380 2721 ἄνευ
396 2694 491 2729 μέντοι
505 2693 671 2729 ἐμπαθείας.
684 2691 718 2728 ἧς
733 2693 826 2720 ἐπιου-

18 2743 79 2779 μία
100 2742 131 2768 οὐ
153 2742 352 2777 προηγήσατο·
375 2740 392 2775 ῆ
413 2739 465 2767 κᾶν
490 2739 679 2776 προηγήσατο,
702 2739 762 2766 ἀλλ’
775 2740 825 2766 οὐκ

17 2789 174 2822 ινὲμεινεν,
189 2786 249 2813 ἀλλ’
262 2786 433 2821 ἀπεπέμφθη
445 2785 492 2812 τοῦ
507 2785 664 2820 κρείττονος
678 2785 826 2821 ἐπικρατή.

79 2881 84 2894 ¹
98 2881 176 2910 Bom.
193 2887 234 2913 γι,
252 2879 280 2907 6.

871 2289 930 2316 quia
945 2285 983 2309 est
995 2280 1159 2314 idololatria,
1170 2280 1201 2308 ob
1215 2288 1274 2316 quae
1289 2281 1355 2308 venit
1374 2282 1413 2308 ira
1428 2281 1476 2308 Dei
1490 2289 1568 2316 super
1583 2282 1668 2309 benti-

871 2334 916 2352 nes
938 2330 1104 2353 contumaces
1125 2328 1136 2343 ¹
1160 2335 1167 2354 :
1188 2326 1252 2353 alibi
1278 2331 1366 2354 autem
1385 2327 1503 2362 regulum
1519 2335 1667 2363 exponens.

873 2372 936 2398 dum
952 2372 1000 2404 ait,
1021 2371 1074 2405 Qui
1086 2372 1155 2398 enim
1171 2377 1232 2399 sunt
1255 2372 1368 2406 Christi,
1398 2381 1504 2400 carnem
1528 2374 1667 2408 crucifixi:-

873 2421 935 2444 runt
959 2426 1018 2444 cum
1051 2418 1190 2452 aﬁertibus
1226 2423 1250 2446 et
1273 2420 1464 2454 cupiditatibus
1488 2420 1510 2448 '.
1525 2421 1583 2456 Ego
1605 2429 1669 2448 vero

873 2464 930 2491 scio
945 2464 1087 2490 emendata
1101 2464 1159 2492 haec
1174 2464 1259 2492 fuisse
1275 2473 1323 2499 per
1336 2465 1438 2493 Christi
1452 2467 1569 2501 gratiam
1583 2467 1611 2493 in
1625 2467 1668 2493 vi-

875 2509 913 2536 ris
929 2513 956 2536 et
973 2509 1141 2542 mulieribus,
1158 2510 1264 2538 sincera
1280 2511 1307 2538 in
1324 2511 1468 2538 Dominum
1491 2511 1543 2539 ﬁde
1557 2519 1565 2538 :
1582 2512 1615 2538 de
1629 2519 1661 2538 eu

875 2562 939 2582 vero
956 2555 1002 2589 qui
1026 2555 1182 2590 impuritate
1196 2556 1311 2590 pollutus
1329 2557 1443 2584 accessit
1457 2559 1490 2583 ad
1504 2562 1612 2588 sancta,
1634 2564 1667 2582 ex

874 2601 964 2629 Veteri
978 2608 1084 2636 quoque
1101 2600 1274 2630 Testamento
1289 2602 1454 2630 horrendum
1467 2603 1612 2630 edoccmur
1624 2601 1668 2636 ju-

876 2647 988 2675 dicium.
998 2647 1080 2680 .Quod
1099 2648 1121 2675 si
1138 2647 1198 2682 plus
1213 2648 1313 2683 templo
1327 2650 1371 2676 hic
1385 2654 1424 2676 est
1434 2669 1441 2682 ,
1458 2655 1524 2675 sane
1536 2652 1563 2675 et
1573 2647 1668 2674 formi-

878 2694 1005 2722 dabilius.
1028 2694 1101 2722 ldem
1127 2703 1177 2722 nos
1190 2696 1297 2723 erudiet
1320 2696 1466 2731 Apostolus
1492 2695 1598 2729 dicens,
1616 2694 1668 2727 Qui

879 2741 1022 2766 manducet
1035 2745 1060 2766 et
1079 2737 1147 2767 bibit
1172 2741 1289 2777 indigne,
1302 2742 1432 2776 judicium
1456 2741 1504 2768 sibi
1526 2742 1667 2768 uiandwat

881 2790 904 2811 et
920 2785 983 2812 bibit
1011 2785 1032 2812 ⁸.
1050 2785 1088 2812 Ex
1106 2786 1157 2813 hoc
1174 2786 1257 2821 igitur
1283 2795 1414 2822 responso
1431 2787 1540 2822 quidam
1566 2786 1666 2821 opinati

334 2878 343 2893 '
363 2878 468 2908 Coloss.
488 2888 518 2908 ιιι
532 2900 540 2914 ,
557 2879 591 2913 5,
607 2878 635 2906 6.
667 2876 690 2914 4’
709 2877 798 2905 Calai.
820 2886 835 2905 v
849 2897 856 2912 ,
870 2877 916 2905 2L
958 2878 966 2892 ‘
983 2877 992 2904 1
1011 2876 1075 2905 Cor.
1092 2884 1133 2911 si,
1149 2877 1195 2904 Ἡ.
