1914 3077
32 117 80 151 561

480 121 523 154 IN
543 124 662 156 EPlS'l‘.
684 125 715 155 S.
736 125 942 156 ATHANASII
960 125 1008 156 AD
1028 124 1183 156 AMMUM.

1598 126 1659 158 56?

29 182 235 216 ἐπεχείρησαν
266 180 450 215 ἀνατάξασθαι
485 183 590 214 ἑαυτοῖς
623 181 656 208 τὰ
688 181 814 217 λεγόμενα

868 182 1020 218 apocrypha
1033 183 1059 209 in
1071 190 1151 210 suum
1162 182 1284 210 ordinem
1299 183 1429 218 redigere,
1439 179 1524 218 eaque
1535 182 1651 211 miscete

29 228 197 262 ἀπόχρυφα,
229 228 276 254 καὶ
309 226 434 262 ὲπιμίξαι
467 228 552 254 ταῦτα
587 227 618 262 τῇ
652 226 821 262 θεοπνεύστῳ

30 273 137 308 Γραφῇ,
155 274 221 307 περὶ
236 271 268 308 ἧς
283 270 554 308 ὲπληροφορήθημεν,
571 269 660 304 καθὼς
673 272 821 307 παρέδοσαν

30 319 82 350 τοῖς
98 319 242 354 Πατράσιν
258 319 282 345 οί
295 319 341 345 ἀπ’
355 319 441 354 ἀρχῆς
461 318 591 344 αὐτόπται
617 318 664 344 καὶ
687 318 820 353 ὑπηρέται

31 364 173 399 γενόμενοι
199 364 245 390 τοῦ
278 365 367 398 λόγου·
398 363 470 396 ἔδοξε
502 364 601 398 κάμοὶ,
636 365 820 399 προτραπέντι

31 410 104 444 παρὰ
122 409 243 444 γνησίων
270 409 401 443 ἀδελφῶν,
423 409 470 435 καὶ
497 409 608 444 μαθόντι
629 409 740 441 ἄνωθεν,
758 409 820 444 ἑξῆς

32 455 159 481 ἐκθέσθαι
177 454 212 481 τὰ
226 455 420 489 κανονιζόμενα
432 455 479 480 καὶ
502 454 696 490 παραδοθέντα,
711 463 820 480 πιστευ-

33 501 110 526 θέντα
126 508 155 526 τε
170 500 229 526 θεῖα
244 497 312 526 εἶναι
326 500 424 534 βιϐλία’
449 500 491 526 ἶνα
513 500 636 531 ἕκαστος,
649 501 672 525 εί
689 499 736 534 μὲν
752 500 814 534 ἡπα-

32 544 110 578 τήῢη,
144 543 274 578 καταγνῷ
298 544 352 570 τῶν
382 543 585 578 πλανησάντων·
612 544 626 569 ὁ
649 543 676 569 δὲ
702 543 820 579 καθαρὸς

33 589 172 624 Ξιαμείνας
187 589 270 624 χαίρῃ
283 589 363 615 πάλιν
375 589 657 624 ὑπομιμνησκόμενος.
676 590 753 615 Ἔστι
765 589 819 615 τοί-

34 644 76 660 ·.υν
86 634 137 668 τῆς
153 634 203 668 μὲν
217 635 337 666 Παλαιᾶς
348 634 483 670 Διαθήκης
505 634 592 669 βιϐλία
612 634 651 669 τῷ
667 634 774 671 ἀριθμῷ
785 634 820 661 τὰ

34 680 119 705 πάντα
133 679 277 705 εἰκοσιδύο·
297 679 415 706 τοσαῦτα
441 680 505 715 γὰρ,
526 680 563 713 ὡς
585 681 698 716 ἥκουσα.
720 682 766 708 καὶ
784 681 819 707 τὰ

36 724 153 758 στοιχεῖα
167 723 202 749 τὰ
228 724 293 758 παρ’
315 724 450 759 Ἑϐραίοις
475 724 543 751 εἶναι
569 726 757 761 παραδέδοται⁸
784 727 817 762 τῇ

88 768 165 801 τάξει
199 769 246 795 καὶ
271 769 309 804 τῷ
336 769 446 804 ὀνόματί
473 770 546 796 ἐστιν
575 770 688 797 ἕκαστον
720 770 816 802 οὕτως·

37 814 144 847 Πρῶτον
229 814 347 847 Γένεσις,
362 812 421 841 εἶτα
438 815 556 847 Ἐξοδος,
581 813 640 842 εἶτα
666 815 817 847 Λευῖτικδν,

868 227 1015 262 Scriptura
1031 236 1045 256 a
1060 228 1114 256 Deo
1131 229 1277 264 inspirataa,
1295 237 1376 264 quam
1393 230 1474 258 certis
1495 230 1649 265 accepimus

867 275 1040 307 testimoniis,
1053 276 1280 310 quemadmodum
1294 275 1419 303 Pntribus
1447 276 1583 303 tradidere
1600 277 1646 310 qui

869 320 903 347 ab
918 320 994 348 initio
1005 321 1054 355 ipsi
1066 321 1199 353 viderunt,
1209 326 1234 348 et
1248 321 1362 348 ministri
1374 321 1484 348 fuerunt
1496 323 1646 349 sermonis:

868 367 956 393 visum
973 371 1014 393 est
1027 371 1053 393 et
1068 367 1145 398 mihi,
1172 367 1380 394 adhortantibus
1404 367 1540 402 germanis
1556 367 1649 394 fratri-

868 410 928 443 bus,
941 415 1022 445 prout
1040 411 1133 444 didici,
1151 411 1185 438 ab
1203 411 1280 438 initio
1299 416 1327 438 et
1351 411 1650 439 ordinclibrosrcccn-

869 463 938 489 scre,
955 464 1023 491 quos
1034 457 1139 484 divinos
1153 464 1223 489 esse,
1247 459 1377 485 canonice
1410 458 1550 492 scriptum,
1567 458 1651 484 tradi-

868 505 925 528 tum
940 506 966 529 et
980 503 1111 530 creditum
1123 508 1179 530 est:
1192 508 1220 530 ut
1237 504 1351 538 quisque
1364 504 1386 530 si
1402 504 1528 531 seductus
1542 504 1662 543 quidem_

869 546 961 578 fuerit,
973 555 1020 574 eos
1033 553 1162 582 coarguat
1182 549 1227 583 qui
1254 557 1282 576 se
1311 549 1482 582 seduxerint;
1504 549 1544 576 sin
1565 556 1658 583 purus.

869 594 1058 627 permanserit.
1071 594 1148 621 laetus
1169 595 1226 622 haec
1249 595 1350 622 monita
1368 595 1492 630 accipiat.
1516 595 1585 621 Sunt
1601 595 1650 621 ita-

870 645 923 672 que
937 637 1042 667 Veteris
1054 639 1219 667 Testaménti
1237 640 1297 667 lihri
1312 647 1407 668 omnes
1423 647 1537 667 numero
1557 640 1657 674 viginti

869 682 934 710 duo.
949 683 1001 710 Tot
1010 684 1092 717 enim,
1108 689 1137 712 ut
1152 685 1253 717 audivi,
1276 685 1408 712 elementa
1425 685 1496 719 apud
1524 685 1651 712 Hebraeos

869 734 930 755 esse
945 729 1071 756 traditum
1089 735 1138 757 est.
1171 729 1274 764 Singuli
1293 735 1382 757 autem
1411 731 1463 758 hoc
1476 730 1581 762 ordine,
1601 730 1660 758 hoc

871 772 980 800 nomine
995 778 1059 800 sunt
1084 784 1090 801 ε
1117 773 1237 801 Primum
1266 774 1389 807 Genesis,
1405 775 1502 802 deinde
1528 774 1651 809 Exodus,

871 816 933 844 hinc
948 818 1093 851 Leviticus,
1107 823 1201 853 postea
1227 819 1349 852 Numeri,
1367 820 1465 847 exinde
1484 819 1650 847 Deuterono—

37 858 81 881 καὶ
97 856 168 890 μετὰ
186 856 266 882 τοῦτο
288 856 420 891 Ἀριθμοὶ,
444 858 490 883 καὶ
517 858 606 884 λοιπὸν
639 858 669 884 τὸ
692 860 814 894 Δευτερο-

870 860 965 886 mium.
981 860 1035 887 Hos
1049 861 1195 894 excipiunt,
1221 859 1300 887 Jesus
1328 860 1399 887 [ilius
1423 860 1506 893 Nave,
1529 859 1648 888 Judiccs.

36 902 139 936 νόμιον.
164 902 242 937 Ἑξῆς
253 903 282 929 δὲ
302 903 406 935 τούτοις
431 904 503 930 ἐστὶν
521 904 623 938 Ἰησοῦς
643 905 657 930 ὁ
669 904 715 931 τοῦ
730 904 818 939 Ναυῆ,

38 948 81 974 καὶ
93 948 202 984 Κριταί·
220 948 267 974 καὶ
285 948 352 982 μετά
365 948 443 974 τοῦτο
457 949 474 983 ἡ
494 948 581 974 Ῥούθ·
601 949 648 974 καὶ
665 948 743 974 πάλιν
755 948 819 982 ἑξῆς

37 994 182 1019 ΒασιλειιῖΝ
196 993 316 1028 τέσσαρα
337 992 426 1027 βιϐλία
444 1011 452 1023 .
530 994 577 1019 καὶ
602 994 702 1019 τούτων
725 993 756 1019 τὸ
771 993 819 1027 μὲν

38 1039 143 1074 πρῶτον
157 1038 204 1065 καὶ
220 1038 344 1073 δεύτερον
354 1039 393 1069 είς
405 1038 434 1065 ἓν
453 1038 553 1072 βιϐλίον
566 1039 733 1073 ἀριθμεῖταιο
745 1038 776 1064 τὸ
791 1037 819 1064 δὲ

36 1085 123 1119 τρίτον
136 1084 183 1110 καὶ
199 1085 326 1120 τέταρτον
349 1084 447 1119 ὁμοίως
474 1084 514 1115 είς
535 1084 574 1110 ἓν.
592 1084 668 1110 Μετὰ
690 1083 818 1110 δὲταῦτα

36 1130 282 1165 Παραλειπομένων
323 1132 346 1155 α’
389 1131 436 1156 καὶ
484 1128 505 1164 β’
542 1131 641 1165 ὁμοίως
663 1132 703 1162 είς
727 1130 755 1156 ἒν
779 1130 819 1164 βι-

36 1177 108 1202 ω.ίον
133 1176 215 1202 πάλιν
244 1175 441 1211 ἀριθμούμενα”
459 1173 516 1202 εἶτα
540 1176 657 1210 Ἔσδρας
677 1179 700 1202 α’
725 1176 771 1202 καὶ
796 1176 817 1210 β’

35 1223 134 1256 Ιομοίως
149 1223 190 1253 είς
201 1222 241 1248 ἓν.
254 1221 329 1248 Μετὰ
357 1221 386 1247 δὲ
402 1221 488 1248 ταῦτα
504 1221 594 1256 βίϐλος
618 1221 750 1254 Ψαλμῶν,
771 1221 818 1247 καὶ

35 1269 97 1302 ἑξῆς
123 1267 283 1302 Παροιμίαι·
310 1264 369 1293 εἶτα
400 1266 628 1301 Ἐκκλησιαστὴς,
652 1267 697 1292 καὶ
722 1264 817 1301 τᾼσμα

33 1313 175 1348 ᾀσμάτων.
199 1312 271 1347 Πρὸς
292 1312 396 1344 τούτοις
422 1311 479 1338 ἐστὶ
511 1311 556 1338 καὶ
580 1310 650 1343 Ἰὼϐ,
665 1311 709 1337 καὶ
726 1311 817 1337 λοιπὸν

35 1358 182 1392 προφῆται·
195 1358 219 1384 οἱ
237 1358 285 1392 μὲν
296 1357 398 1383 δώδεκα
408 1358 448 1388 είς
459 1357 488 1383 ἓν
498 1356 596 1391 βιϐλίον
611 1356 814 1392 ἀριθμούμενοι·

34 1402 92 1429 εἶτα
125 1403 249 1435 Ἡσαΐας,
281 1401 430 1438 Ἱερεμίας,
459 1402 506 1429 καὶ
531 1403 578 1429 σὺν
605 1402 677 1436 αὐτῷ
699 1402 816 1437 Βαροὺχ,

33 1448 143 1483 Θρῆνοι,
164 1447 307 1482 Ἐπιστολὴ
327 1456 334 1463 ·
401 1447 448 1473 καὶ
461 1446 518 1482 μετ’
535 1447 616 1474 αὑτὸν
631 1447 760 1482 Ἰεζεκιὴλ
771 1447 817 1474 καὶ

33 1493 142 1528 Δανιὴλ.
166 1493 249 1528 ’Ἄχρι
279 1492 379 1519 τούτων
406 1493 439 1519 τὰ
466 1493 516 1527 τῆς
538 1493 658 1524 Παλαιᾶς
680 1493 817 1529 Διαθήκης

34 1539 152 1565 ἵσταται.
178 1539 220 1565 Τὰ
244 1539 272 1565 δὲ
302 1539 351 1574 τῆς
381 1539 483 1574 Καινῆς
508 1538 588 1565 πάλιν
616 1539 665 1565 οὑκ
690 1539 817 1574 ὀκνητέον

33 1586 129 1611 εἰπεῖν·
142 1585 200 1611 ἔστι
220 1584 274 1619 γὰρ
295 1585 394 1611 ταῦτα’
408 1584 559 1618 Εὑαγγέλια
590 1584 718 1619 τέσσαρα·
747 1584 817 1610 κατά

34 1629 185 1659 Ματοαῖον.
197 1629 267 1655 κατὰ
282 1629 403 1664 Μάρκον,
418 1628 489 1655 κατὰ
508 1629 623 1660 Λουκᾶν,
638 1628 708 1655 κατὰ
727 1628 816 1655 Ἰωάν-

32 1683 90 1708 νην.
109 1672 175 1701 Εἶτα
189 1674 257 1709 μετὰ
270 1674 354 1701 ταῦτα
443 1673 558 1709 Πράξεις
574 1673 739 1705 ἀποστόλων,
769 1674 816 1700 καὶ

39 1720 193 1746 Ἐπιστολαὶ
223 1720 373 1746 Καθολικαὶ
402 1719 567 1754 καλούμεναι
585 1719 637 1746 τῶν
661 1719 815 1745 ἀποστόλων

32 1766 111 1792 ἑπτά·
137 1765 208 1792 οὕτω
237 1766 285 1800 μὲν
308 1764 433 1791 Ἰακώϐου
455 1762 495 1795 “ἆ’,
516 1765 618 1799 Πέτρου
641 1763 668 1790 δὲ
699 1764 731 1798 β’,
756 1762 816 1791 εἶτα

37 1811 160 1837 Ἰωάννου
172 1810 207 1844 γ’,
224 1810 270 1836 καὶ
288 1810 355 1844 μετὰ
381 1809 480 1840 ταύτας
507 1809 589 1835 Ἰούδα
604 1812 638 1835 α’.
668 1809 740 1844 Πρὸς
755 1809 816 1835 τού-

30 1864 87 1886 τοις
102 1855 208 1881 Παύλου
220 1855 367 1881 ἀποστόλου
382 1855 449 1881 εἰσὶν
461 1854 597 1880 ἐπιστολαὶ
607 1854 812 1889 δεκατέσσαρες,

29 1903 61 1935 τῇ
77 1900 153 1936 ﬁget
163 1900 334 1935 γραφόμεναι
351 1899 445 1931 οὕτως·
461 1898 555 1934 πρώτη
571 1899 638 1931 πρὸς
654 1899 812 1934 Ῥωμαίουςο

30 1945 88 1973 εἶτα
105 1947 174 1980 πρὸς
185 1945 342 1981 Κορινθίους
353 1945 398 1972 δύο
410 1954 417 1960 ·
434 1945 481 1971 καὶ
497 1945 564 1979 μετὰ
580 1945 663 1971 ταῦτα
746 1945 814 1980 πρὸς

30 1991 163 2022 Γαλάτας·
189 1991 236 2017 καὶ
267 1991 329 2025 ἑξῆς
364 1991 432 2026 πρὸς
472 1990 626 2024 Ἐφεσίους·
652 1988 710 2016 εἶτα
746 1989 814 2025 πρὸς

29 2037 235 2071 Φιλιππησίους,
251 2037 298 2062 καὶ
320 2036 388 2072 πρὸς
409 2036 582 2067 Κολασσαεῖς¹
605 2035 651 2062 καὶ
670 2035 736 2070 μετὰ
749 2035 814 2061 ταύ-

28 2092 76 2114 τας
92 2082 160 2117 πρὸς
176 2081 378 2112 Θεσσαλονικεϊς
390 2081 446 2114 δύο,
467 2081 512 2108 καὶ
529 2082 545 2117 ἡ
571 2081 638 2116 πρὸς
662 2081 810 2116 Ἐϐραίους⁸

31 2129 74 2155 ut
92 2128 173 2159 εὐθὺς
188 2127 256 2162 πρὸς
273 2127 321 2162 μὲν
335 2127 464 2162 Τιμόθεον
542 2126 597 2158 δύο,
615 2126 682 2163 πρὸς
694 2126 812 2155 δὲ;Τίτον

30 2173 88 2206 μὶα’
114 2173 161 2199 καὶ
182 2172 322 2198 τελευταία
351 2172 367 2207 ἡ
395 2171 463 2207 πρὸς
491 2171 637 2206 Φιλήμοναε
662 2171 709 2198 καὶ
733 2171 812 2198 πάλιν

865 2173 984 2201 docetur.
999 2172 1086 2201 Nemo.
1098 2175 1131 2201 iis
1154 2175 1245 2208 addat,
1261 2178 1307 2201 aut
1319 2174 1420 2209 aliquid
1436 2174 1470 2201 ab

34 2217 158 2243 Ἰωάννου
184 2215 376 2250 Ἀποκάλυψις.
396 2215 486 2242 Ταῦτα
499 2216 585 2251 πηγαὶ
602 2215 649 2242 τοῦ
664 2217 808 2252 σωτηρίου,

27 2262 97 2289 ὥστε
114 2262 161 2288 τὸν
177 2261 296 2295 διψῶντα
317 2261 370 2287 τῶν
398 2262 426 2288 ὲν
449 2261 553 2292 τούτοις
571 2261 746 2296 ἐμφορεῖσθαι
765 2261 809 2288 λο⁸

27 2308 104 2339 γίων·
120 2307 150 2333 ὲν
167 2305 272 2337 τούτοις
290 2306 379 2340 μόνοις
402 2305 432 2332 τὸ
448 2306 497 2341 τῆς
520 2306 659 2337 εὑσεὸείας
683 2306 809 2333 διδασκα-

26 2350 95 2377 λεῖον
118 2350 336 2384 εὐαγγελίζεται.
365 2351 467 2386 Μηδεὶς
490 2350 596 2382 τούτοις
624 2351 807 2384 ὲπιὸαλλέτω,

27 2397 94 2430 μηδὲ
109 2395 212 2422 τούτων
224 2395 392 2431 ἀφαιρείσθω
404 2404 439 2422 τι.
450 2396 517 2432 Περὶ
531 2396 559 2423 δὲ
571 2396 672 2423 τούτων
682 2397 696 2423 ὁ
709 2397 810 2432 Κύριος

26 2441 223 2471 Σαδδουκαίους
238 2441 286 2475 μὲν
304 2440 446 2474 ἐδυσώπει,
470 2441 565 2476 λέγων·
595 2441 754 2469 Πλανᾶσθε
765 2442 807 2476 μὴ

26 2487 137 2520 ειδότες
154 2486 206 2519 τὰς
221 2486 350 2520 Γραφάς·
367 2487 423 2518 τοῖς
446 2487 474 2514 δὲ
505 2487 638 2518 Ἰουδαίοις
739 2497 809 2524 παρ-

27 2531 92 2565 ῄνει·
131 2531 284 2566 Ἐρευνιῑτε
299 2533 352 2565 τὰς
368 2532 498 2566 Γραφάς·
516 2532 559 2559 ὅτι
576 2533 664 2560 αὐταί
686 2535 765 2560 εἰσιν
778 2537 807 2562 αι

24 2576 228 2610 μαρτυροῦσαι
257 2577 321 2610 περὶ
351 2577 433 2612 ἐμοῦ.
454 2577 523 2604 Ἀλλ’
539 2578 620 2605 ἕνεκά
645 2588 675 2612 γε
689 2579 808 2612 πλείονος

28 2622 167 2658 ἀκριϐείας
179 2621 343 2656 προστίθημι
358 2623 404 2649 καὶ
421 2622 497 2649 τοῦτο
514 2623 626 2657 γράφων
642 2624 806 2658 ἀναγκαίως,

27 2665 59 2696 ὡς
146 2667 188 2692 ὅτι
201 2666 259 2692 ἐστὶ
275 2666 322 2692 καὶ
334 2666 414 2701 ἕτερα
438 2666 528 2701 βιϐλία
540 2667 641 2694 τούτων
657 2667 763 2700 ἔξωθεν·
776 2669 806 2694 οὺ

29 2712 220 2747 κανονιζόμενα
239 2711 298 2746 μὲν,
320 2713 497 2748 τετυπωμένα
510 2713 539 2739 δὲ
552 2712 626 2748 παρά
650 2713 703 2740 τῶν
722 2714 806 2740 Πατέ-

65 2809 73 2825 ¹
88 2809 186 2838 Δίδῐιιι.
205 2808 327 2843 “11,29.
366 2811 374 2828 ¹
392 2810 468 2840 Joan.
482 2822 506 2846 v,
522 2814 566 2842 59.

869 909 896 931 et
915 910 1006 938 postea
1020 904 1102 931 Ruth.
1117 903 1186 932 Hinc
1204 911 1313 932 rursum
1335 903 1489 939 Regnorum
1509 905 1569 932 libri
1581 914 1647 940 qua.

869 953 929 975 tuor
945 957 952 976 :
969 956 1001 976 ex
1014 949 1112 983 quibus
1135 949 1239 984 primus
1251 953 1277 976 et
1294 949 1430 976 secundus
1461 957 1510 984 pro
1527 957 1581 976 tmo
1595 957 1647 976 nu-

869 995 1096 1028 meranturlibro;
1124 996 1220 1023 tertius
1235 999 1262 1023 et
1282 999 1397 1030 quartus
1419 1002 1468 1030 pro
1483 1003 1537 1023 uno
1551 996 1648 1023 simili-

869 1044 919 1066 ter.
933 1038 999 1066 Post
1013 1040 1069 1067 haec
1088 1039 1312 1074 Paralipomenon
1335 1041 1440 1074 primus
1464 1044 1491 1067 et
1513 1041 1648 1068 secundus

870 1091 917 1118 pro
933 1092 988 1111 uno
1004 1086 1103 1119 pariter
1114 1085 1183 1113 libro
1197 1090 1352 1113 censentur.
1363 1085 1432 1112 Hinc
1445 1085 1536 1113 Esdrae
1546 1086 1649 1123 primus

868 1134 895 1156 et
919 1131 1071 1161 secundus,
1104 1138 1153 1165 pro
1181 1138 1236 1157 uno
1268 1130 1392 1157 similiter
1420 1138 1428 1158 :
1464 1135 1554 1164 postea
1582 1131 1648 1158 liber

868 1175 1050 1208 Psalmorum,
1065 1175 1192 1210 deinceps
1203 1175 1361 1209 Proverbia,
1378 1180 1435 1205 tum
1460 1175 1646 1209 Ecclesiastes,

867 1225 894 1248 et
906 1221 1046 1248 Canticum
1065 1221 1244 1248 canticorum.
1260 1222 1300 1248 Ad
1316 1222 1373 1249 lucc
1396 1221 1457 1255 Job,
1481 1230 1512 1249 ac
1524 1223 1649 1258 deinceps

867 1267 1013 1302 prophetae,
1029 1274 1063 1294 ex
1074 1267 1173 1301 quibus
1183 1267 1323 1293 duodecim
1339 1274 1388 1301 pro
1403 1275 1456 1294 uno
1474 1267 1543 1294 libro
1554 1275 1648 1294 nume-

868 1318 971 1339 rantur.
986 1311 1054 1340 llinc
1071 1312 1166 1344 lsaias,
1180 1312 1312 1339 Jeremias
1332 1316 1433 1339 etcum
1450 1313 1508 1347 ipso
1529 1312 1649 1346 Baruch,

868 1357 1096 1388 Lamentationes.
1127 1356 1245 1391 Epistola
1264 1365 1271 1384 :
1292 1362 1385 1391 postea
1410 1357 1532 1384 Ezechiel
1551 1361 1577 1384 et
1597 1357 1647 1385 Da-

867 1404 931 1430 niel.
942 1403 1078 1431 Hactenus
1090 1402 1192 1430 Veteris
1207 1403 1370 1431 Tcstamenti
1384 1403 1454 1430 libri.
1475 1403 1541 1430 Novi
1557 1409 1647 1432 autem

868 1448 1033 1476 Testamenti
1051 1448 1135 1476 libros
1155 1448 1256 1476 referre
1270 1456 1303 1475 ne
1317 1449 1417 1483 pigeat.
1432 1448 1501 1476 Sunt
1516 1449 1587 1476 enim
1599 1449 1625 1476 hi
1638 1459 1645 1476 :

868 1493 1011 1529 Evangelia
1023 1499 1149 1529 quatuor,
1159 1494 1306 1521 secundum
1322 1493 1487 1527 Matthaaum,
1498 1495 1646 1522 secundum

867 1539 998 1572 Marcum,
1018 1540 1164 1566 sccundum
1191 1538 1302 1572 Lucam,
1329 1540 1478 1567 secundum
1504 1539 1649 1567 Joannem.

866 1583 962 1611 Postea
987 1584 1052 1611 Acta
1082 1584 1282 1619 apostolorum,
1310 1589 1337 1611 et
1367 1584 1491 1619 Epistulae
1530 1585 1647 1615 Catholi-

866 1637 920 1661 cae,
940 1637 1001 1664 quae
1024 1630 1214 1664 Apostolorum
1235 1635 1385 1663 vocantur,
1411 1638 1524 1658 numero
1542 1637 1644 1665 septem

866 1682 972 1708 nempe,
989 1674 1081 1702 Jacobi
1097 1683 1160 1707 una,
1185 1674 1255 1702 Petri
1271 1676 1340 1708 duae,
1369 1675 1479 1703 Joannis
1493 1681 1557 1709 tres,
1571 1676 1645 1705 Judaa

866 1727 930 1746 una.
958 1720 997 1746 Ad
1021 1720 1078 1747 haec
1103 1720 1181 1747 Pauli
1212 1721 1327 1754 apostoli
1352 1721 1554 1755 quatuOrdecim
1581 1728 1646 1749 sunt

866 1764 1002 1798 Epistol-(e,
1030 1765 1069 1792 sic
1095 1766 1189 1793 ordine
1216 1766 1376 1800 descriptte:
1406 1766 1504 1800 prima,
1535 1767 1566 1795 ad
1589 1767 1645 1795 Ro-

865 1815 962 1835 manos
977 1818 983 1835 :
1006 1813 1062 1835 tum
1084 1809 1144 1835 duae
1171 1809 1202 1835 ad
1217 1808 1372 1836 Corinthios
1389 1818 1395 1835 :
1412 1809 1519 1843 dehinc,
1545 1811 1577 1836 ad
1593 1810 1647 1837 Ga-

865 1854 951 1882 latas:
968 1859 1072 1888 postea.
1102 1854 1134 1880 ad
1158 1853 1288 1888 Ephesios
1308 1862 1314 1880 :
1340 1853 1451 1888 deinde,
1483 1855 1515 1882 ad
1542 1855 1645 1890 Philip-

865 1907 977 1934 penses:
994 1904 1062 1932 tum,
1092 1899 1124 1926 ad
1149 1899 1348 1927 Colosscnses:
1378 1905 1481 1935 postea,
1511 1901 1542 1928 ad
1557 1900 1644 1929 Thes-

865 1945 1048 1973 salonicenscs
1064 1945 1132 1977 duae,
1145 1948 1171 1971 et
1182 1952 1212 1971 ea
1228 1951 1288 1978 quae
1303 1945 1336 1971 ad
1353 1945 1479 1972 Hebraeos
1498 1946 1644 1981 dirigitur:

863 1991 960 2018 deinde
975 1991 1008 2018 ad
1030 1990 1200 2017 Timotheum
1219 1991 1277 2018 dua:
1294 2000 1301 2019 :
1321 1992 1354 2018 ad
1381 1991 1472 2018 Titum
1504 1999 1576 2019 una:
1601 1993 1643 2019 ul-

863 2036 941 2069 timo,
960 2037 992 2063 ad
1006 2035 1190 2062 Philemonem
1210 2044 1264 2064 una
1279 2046 1285 2064 :
1313 2037 1346 2064 ad
1376 2037 1432 2064 haec
1446 2037 1558 2065 Joannis
1572 2038 1644 2073 Apo-

863 2083 987 2118 calypsis.
1007 2081 1039 2109 lli
1053 2086 1116 2109 sunt
1132 2082 1229 2110 salutis
1241 2081 1340 2116 fontes,
1363 2087 1391 2110 ut
1408 2083 1453 2118 qui
1470 2083 1535 2115 sitit,
1547 2091 1642 2111 eorum

863 2129 976 2163 eloquiis
1002 2129 1144 2164 impleatur
1159 2138 1172 2156 ι
1192 2129 1219 2156 in
1251 2129 1293 2157 his
1310 2129 1375 2157 solis
1394 2130 1501 2163 pietatis
1519 2130 1642 2158 doctrina

1590 2176 1645 2202 illis

861 2220 996 2247 detrahat.
1015 2219 1050 2246 De
1074 2220 1115 2247 his
1141 2219 1272 2248 Dominus
1289 2219 1450 2247 Sadduczeos
1461 2220 1563 2255 pudore
1583 2220 1641 2248 alli-

860 2265 1012 2298 cicbat,his
1026 2265 1116 2292 verbis
1135 2274 1142 2292 :
1167 2265 1270 2292 Erratis
1286 2266 1426 2292 nescientes
1440 2264 1588 2299 Scriptura;
1611 2266 1618 2282 ¹
1634 2275 1641 2293 ;

859 2309 966 2337 Judazos
981 2318 1044 2337 vero
1068 2311 1231 2337 hortabatur
1251 2310 1365 2337 dicens:
1390 2309 1552 2338 Scrutamiui
1569 2310 1641 2338 Scri-

858 2359 961 2389 pturas,
988 2355 1050 2389 quia
1070 2354 1124 2382 illa;
1149 2358 1209 2381 sunt
1232 2362 1290 2389 qua:
1316 2355 1491 2382 testimonium
1510 2356 1656 2390 perhibent.

859 2399 891 2426 de
912 2408 952 2426 me
996 2400 1017 2426 '.
1041 2399 1093 2427 Sed
1125 2399 1236 2433 majoris
1259 2400 1443 2428 accurationis
1469 2409 1553 2429 causa
1576 2401 1642 2428 illud

859 2453 966 2481 quoque
983 2445 1083 2483 scripto
1099 2446 1197 2473 addere
1217 2453 1327 2474 necesse
1341 2446 1419 2480 duxi;
1433 2454 1493 2474 esse
1512 2447 1640 2474 nimirum

859 2492 927 2519 alios
939 2492 1022 2519 libros
1038 2498 1135 2526 praeter
1149 2492 1227 2526 istos,
1253 2500 1306 2520 non
1334 2493 1360 2519 in
1377 2500 1509 2520 canonem
1530 2494 1639 2528 quidem

858 2537 992 2569 redactos,
1008 2537 1053 2564 sed
1068 2544 1136 2571 quos
1148 2544 1163 2563 a
1178 2537 1304 2565 Patribus
1326 2538 1463 2565 decretum
1481 2541 1531 2569 est,
1552 2538 1640 2572 legen-

858 2583 907 2609 dos
919 2581 996 2609 abiis
1012 2590 1073 2609 esse
1086 2581 1131 2617 qui
1161 2590 1248 2616 nuper
1273 2583 1409 2610 ediscendi
1436 2582 1541 2616 pietatis
1565 2583 1637 2610 verbi

858 2627 944 2663 gratia
960 2628 1133 2655 accesserint.
1152 2627 1290 2662 Sapientia
1307 2627 1471 2658 Salomonis,
1487 2632 1513 2653 et
1530 2626 1638 2660 sapien-

859 2674 894 2700 tia
909 2673 1015 2705 Sirach,
1029 2672 1134 2707 Esther,
1147 2673 1251 2706 Judith,
1267 2672 1377 2705 Tobias,
1393 2671 1531 2705 Doctrina,
1546 2676 1576 2699 ut
1593 2679 1637 2699 vo-

858 2725 930 2751 cant,
958 2720 1153 2754 apostolorum,
1176 2724 1203 2747 ct
1229 2719 1334 2747 Pastor.
1360 2718 1501 2750 Attamen,
1534 2717 1637 2749 dilecti,
