1914 3077
247 100 302 134 563
877 101 1016 132 TIIEOD.
1035 100 1233 131 BALSAMON
1823 100 1873 131 56$

245 163 310 185 cum
335 157 371 185 illi
396 158 422 185 in
451 164 581 185 canonem
610 157 710 184 redacti
738 158 803 190 sint,
829 156 856 184 hi
892 157 1026 191 legantur,

1085 165 1139 190 ρων
1153 154 1392 190 ἀναγινώσκεσθαι
1412 157 1468 186 τοῖς
1484 156 1550 190 ἄρτι
1575 155 1806 190 προσερχομένοις
1827 159 1873 182 καὶ

248 211 379 238 nusquam
396 203 613 239 upoeryphorum
630 203 733 230 mentio
750 203 865 230 habetur
879 202 956 238 (92);
984 202 1030 229 sed

1086 202 1259 237 βουλομένοις
1289 201 1467 236 κατηχεῖσθαι
1498 201 1544 227 τὸν
1577 202 1627 236 τῆς
1656 202 1801 232 εύσεϐείας
1831 202 1874 228 λό-

248 250 267 278 li
296 256 358 277 sunt
391 250 580 278 haereticorum
606 254 799 283 commentum,
828 249 872 284 qui
899 248 1029 276 arbitratu

1085 257 1154 282 γον”
1191 247 1275 280 Σοφία
1302 247 1487 282 Σολομῶντος,
1516 247 1564 274 καὶ
1587 248 1674 281 Σοφία
1700 248 1799 282 Σιράχ,
1827 250 1872 275 καὶ

250 303 299 322 nuo
313 295 395 323 libros
404 295 590 328 conscribunt,
611 295 711 330 quibus
733 296 876 329 assignant
897 299 1029 329 tempora,

1091 293 1200 328 Ἐσθὴρ.
1216 294 1264 320 καὶ
1284 293 1388 326 Ὶουδὶθ,
1405 294 1452 320 καὶ
1465 292 1577 326 Τοϐῐας,
1594 294 1641 320 καὶ
1655 293 1756 328 Διδαχὴ
1770 294 1869 320 καλου-

248 346 320 367 utca
335 349 416 375 quam
435 342 500 374 ipsis
524 341 661 368 ascribunt
681 341 851 374 antiquitatis
868 339 969 374 specie,
985 346 1030 365 oc—

1088 339 1157 374 μένη
1186 339 1240 365 τῶν
1267 339 1434 371 ἀποστόλων,
1462 340 1510 366 καὶ
1533 340 1547 365 ὁ
1571 340 1688 374 Ποιμήν.
1710 341 1767 366 Καὶ
1786 340 1870 374 ὅμως,

246 387 382 414 casiouem
397 391 504 421 captent
517 386 692 421 simpliciores
710 385 832 412 fallendi.

1085 385 1239 420 ἀγαπητοὶ,
1266 384 1401 412 κάκείνων
1436 384 1653 420 κανονιζομὲνων
1687 386 1731 412 καλ
1769 385 1870 412 τούτων

1087 432 1362 466 ἀναγινωσκομένων,
1373 431 1491 466 οὐδαμοῦ
1505 431 1560 457 τῶν
1575 432 1746 467 ἀποκρύῳων
1765 433 1869 466 μνήμη·

245 480 314 508 ἀλλὰ
328 481 473 516 αἱρετικῶν
491 482 566 508 ἐστιν
586 480 709 514 ἐπίνοια,
739 479 898 515 γραφόντων
923 478 973 513 μὲν
1003 478 1046 503 ὅτε
1076 477 1197 504 θέλουσιν
1228 477 1313 510 αὐτὰ,
1336 478 1522 512 χαριζομένων
1545 477 1573 504 δὲ
1599 478 1644 504 καὶ
1670 478 1870 512 προστιθέντων

245 527 338 558 αὐτοῖς
355 527 479 562 χρόνους,
499 527 543 559 i'v’,
557 526 594 558 ὡς
610 526 712 552 παλαιὰ
724 526 916 561 προφέροντες,
933 523 1068 558 πρόφασιν
1081 522 1177 557 ἔχωσιν
1194 524 1302 558 ἀπατᾷν
1317 524 1349 550 ὲκ
1364 523 1459 550 τούτου
1473 524 1535 556 τοὺς
1549 524 1704 560 ἀκεραίους.

282 571 380 600 BALS.
407 571 562 598 Pastremus
579 577 665 598 canon
695 570 862 604 apostolicus
887 571 1030 596 enumerat

247 619 330 645 lihros
346 617 392 651 qui
411 617 462 651 legi
478 616 588 648 debent,
607 620 635 642 ct
663 615 768 642 Veteris
795 614 973 644 Testamenti,
1003 617 1027 639 cl

246 663 325 690 Novi.
344 662 394 690 llic
417 667 506 690 autem
529 666 651 693 sanctus,
667 668 727 688 cum
748 659 902 687 reach-isset
927 659 968 694 (ut
990 663 1031 685 est

252 708 411 741 verisimile)
431 708 501 743 quod
528 707 661 740 nonnulli,
678 707 799 733 volentes
818 713 876 737 eos,
904 705 948 739 qui
970 709 1032 731 sunt

249 754 276 781 in
289 754 391 789 pietate
410 761 442 780 ac
458 753 588 788 religione
604 753 700 787 integri
716 751 825 788 (quibus
845 750 948 778 scilicet
965 749 1029 776 nihil

248 800 347 832 deﬁcit.
358 807 407 828 ttec
419 799 481 834 quid
498 800 596 826 habent
608 798 798 832 compositum,
809 797 851 824 vel
866 801 1030 828 contortum,

248 847 296 873 scd
324 851 387 873 sunt
410 845 558 880 simplices)
583 846 724 877 seducere,
750 843 843 871 dicunt
863 850 938 871 cssse
963 842 1031 870 alios

247 893 379 925 quosdam
415 892 508 925 libros,
544 892 591 927 qui
615 891 722 926 quidem
747 894 809 918 sunt
842 896 1030 924 perversornm

1120 568 1216 595 ΒΑΛΣ.
1243 567 1273 594 '0
1293 568 1447 600 τελευταῖος
1463 569 1640 601 ἀποστολικὸς
1659 571 1751 597 κανὼν
1771 571 1870 605 ἀπαρι-

1085 614 1193 648 θμεῖται
1214 615 1248 641 τά
1271 614 1415 649 ὀφείλοντα
1442 615 1680 649 ἀναγινώσκεσθαι
1703 617 1797 652 βιϐλία
1823 618 1870 649 τῆς

1084 660 1206 691 Παλαιᾶς
1223 659 1362 695 Διαθήκης
1378 661 1426 687 καὶ
1453 661 1502 695 τῆς
1525 661 1608 692 Νέας.
1639 662 1776 689 Ἐνταῦθα
1805 662 1832 688 δὲ
1858 664 1870 687 ὀ

1085 707 1174 740 ἆγιος,
1189 706 1225 738 ὠς
1243 706 1329 739 ἔοικε,
1345 706 1438 740 μαθὼν
1464 707 1506 734 ὃτι
1528 707 1603 738 τινὲς
1618 707 1745 739 θέλοντες
1763 709 1870 743 ἀπατᾷν

1085 753 1149 784 τοὺς
1162 753 1310 788 ἀκεραίους
1323 754 1396 780 κατά
1407 753 1455 787 τὴν
1475 753 1630 786 εὐσέϐειαν,
1647 753 1732 788 ἤγουν
1746 755 1812 785 τοὺς
1836 754 1870 788 μὴ

1084 798 1195 832 ἔχοντας
1220 797 1327 829 ἐλλιπές
1350 807 1376 824 τι
1400 797 1417 832 ἢ
1447 798 1572 825 σύνθετον
1587 799 1634 825 καὶ
1656 798 1778 830 σκολιὸν,
1806 799 1872 825 ἀλλὰ

1083 844 1163 875 ὂντας
1179 843 1292 876 ἁπλοῦς,
1312 844 1437 878 λέγουσιν
1452 842 1522 871 εἶναι
1537 844 1584 871 καὶΙ
1597 844 1680 879 ἕτερά
1692 853 1756 870 τινα
1770 844 1870 879 βιϐλία,

1082 890 1307 924 διεστραμμένων
1334 889 1384 924 μὲν
1406 890 1472 916 ὅντα
1493 890 1647 924 δογμάτων,
1669 890 1821 924 ἀπόκρυφα
1844 890 1871 916 δὲ

247 936 417 971 dogmatum,
427 940 453 964 et
467 937 593 964 dicuntur
607 935 759 971 apocrypha
771 942 779 967 ;
796 933 905 968 scripsit
922 939 950 961 et
962 934 1030 968 ipse,

1085 935 1228 970 λεγόμενα,
1250 936 1354 971 ἔγραψε
1369 936 1398 963 δὲ
1417 936 1498 967 αὐτὸς
1513 936 1548 973 τὰ
1565 936 1708 971 ὀφείλοντα
1733 937 1871 970 ἀναγινώ-

248 983 329 1010 libros
351 990 418 1018 quos
443 983 493 1018 legi
509 986 642 1018 oporteat.
660 981 699 1008 Ne
712 980 819 1008 mireris
836 985 935 1012 autem,
952 979 975 1006 si
990 980 1031 1006 in-

247 1029 356 1057 veneris
370 1036 501 1057 eanonem
517 1028 706 1063 apostolicum,
722 1028 768 1062 qui
791 1027 859 1055 alios
872 1033 980 1062 quoque
997 1026 1030 1053 li-

246 1075 312 1102 hros
324 1079 486 1103 enumerat:
506 1073 554 1102 sed
577 1074 635 1109 lege
652 1081 712 1109 qua:
734 1073 762 1101 in
784 1073 857 1101 dicto
882 1072 1032 1108 apostolico

247 1127 353 1147 canone
369 1121 469 1155 scripta
488 1125 561 1148 sunt.

283 1164 408 1193 ZONAR.
425 1165 475 1192 Hic
485 1173 597 1201 magnus
606 1166 769 1193 Athanasius
783 1165 888 1193 Veteris
898 1164 1032 1199 Novasque

249 1211 396 1246 Scriptura
415 1211 498 1239 libros
517 1217 668 1244 enumerat,
685 1213 729 1247 qui
743 1220 758 1239 a
779 1212 904 1240 ﬁdelibus
919 1211 969 1247 legi
986 1210 1032 1238 de-

248 1257 334 1290 bent;
350 1263 383 1284 ne
399 1257 445 1292 qui
463 1257 566 1292 decepti
582 1257 665 1285 libros
690 1257 859 1293 apocryphos
885 1257 972 1285 dictos
990 1257 1030 1285 le-

249 1309 324 1338 gant,
340 1306 386 1339 qui
399 1314 451 1333 non
468 1309 542 1334 recte
558 1313 587 1334 se
602 1305 713 1338 habent,
727 1310 756 1333 et
766 1305 900 1340 ἀκέραιοι,
914 1305 965 1332 hoc
978 1310 1030 1338 est,

249 1351 386 1385 simplices
400 1356 427 1379 et
442 1351 554 1388 deceptu
570 1351 662 1380 faciles
675 1351 771 1378 exinde
785 1350 958 1378 incommodo
975 1351 1031 1379 atii-

247 1397 368 1425 clutttur.
387 1397 439 1425 Eos
463 1403 551 1425 autent
574 1402 601 1426 et
623 1405 709 1425 canon
735 1396 770 1424 85
781 1397 831 1425 SS.
848 1397 1030 1432 apostolorum

247 1447 325 1470 antea
343 1443 490 1471 recensuit.
509 1443 558 1471 Hic
572 1447 661 1470 autem
675 1444 764 1476 Pater,
782 1450 911 1478 quantum
931 1443 964 1470 ad
980 1451 1030 1470 nu-

247 1497 351 1517 nterum
365 1498 457 1517 eorum
469 1495 583 1525 spectat,
604 1491 697 1518 ultimo
715 1490 757 1517 isti
775 1490 922 1525 apostolico
933 1490 1029 1518 canoni

248 1537 275 1562 in
289 1535 416 1563 omnibus
434 1544 485 1563 non
503 1537 640 1564 convenit.
656 1536 776 1571 Apostoli
792 1536 864 1563 enim
887 1536 987 1564 Esther
1003 1541 1031 1564 et

251 1581 419 1616 Sapientiam
436 1581 532 1609 Sirach
552 1586 579 1609 et
596 1582 680 1610 libros
701 1582 911 1609 Maccabaeorum
927 1589 1031 1609 connu-

1083 982 1197 1009 σκεσθαι
1227 982 1328 1017 βιϐλία.
1355 981 1402 1018 Μὴ
1431 982 1575 1018 θαυμάσῃς
1606 982 1635 1009 δὲ
1659 983 1800 1017 εὑρίσκων
1828 983 1871 1009 τὸν

1083 1028 1261 1056 ἀποστολικδν
1275 1027 1376 1055 κανόνα
1391 1029 1439 1055 καὶ
1453 1029 1557 1062 ἐτέρων
1573 1028 1683 1062 βιϐλίων
1708 1028 1869 1063 ἀπαρίθμη-

1083 1082 1126 1101 σιν
1146 1075 1326 1108 ποιούμενον’
1342 1073 1411 1100 ἀλλά
1435 1073 1572 1107 ἀνάγνωθι
1594 1073 1630 1100 τὰ
1651 1074 1681 1100 ὲν
1704 1074 1745 1108 τῷ
1761 1074 1872 1109 ῥηθέντι

1083 1119 1254 1154 ἀποστολικῷ
1270 1119 1365 1147 κανόνι
1380 1119 1532 1154 γραφέντα.

1119 1165 1242 1193 ΖΩΝΑΡ.
1257 1164 1391 1192 Ἐνταῦθα
1403 1165 1442 1200 (α)
1454 1167 1468 1192 ὁ
1486 1166 1572 1201 μέγας
1580 1165 1740 1197 ’Δθανάσ-ιος
1754 1167 1873 1199 ἀπαρίθ-

1085 1220 1170 1246 μησιν
1183 1213 1302 1239 ποιεῖται
1312 1212 1367 1238 τῶν
1385 1212 1495 1247 βιϐλίων
1505 1213 1554 1247 τῆς
1567 1221 1596 1239 τε
1613 1213 1738 1245 Παλαιᾶς
1759 1214 1872 1248 Γρσφῆς

1082 1259 1130 1285 καὶ
1145 1258 1195 1292 τῆς
1210 1258 1281 1290 Νέας
1299 1258 1353 1285 τῶν
1366 1257 1528 1293 ὀφειλόντων
1542 1259 1784 1294 ἀναγινώσκεσθαι
1798 1260 1872 1295 παρᾶ

1083 1306 1138 1332 τῶν
1163 1305 1285 1332 πιστῶν·
1303 1305 1348 1331 ῐνα
1379 1306 1416 1340 μή
1443 1314 1518 1338 τινες
1534 1305 1707 1340 πλανώμενοι
1731 1307 1871 1340 ἀναγινώ-

1084 1360 1170 1378 σκωσι
1188 1351 1236 1378 καὶ
1256 1351 1307 1384 τὰς
1324 1352 1475 1386 λεγομένας
1499 1352 1677 1387 ἀποκρύφους
1704 1351 1829 1387 βίϐλους,
1845 1353 1872 1379 αἳ

1082 1397 1131 1424 οὐκ
1158 1397 1246 1433 ὀρθῶς
1260 1397 1361 1433 ἔχουσι,
1373 1399 1421 1424 καὶ
1435 1397 1561 1425 ἐντεῦθεν
1572 1398 1737 1434 βλάπτονται
1746 1399 1871 1433 ἀκέραιοι

1081 1445 1157 1476 ὄντες
1178 1445 1238 1480 ἦτοι
1259 1444 1394 1472 ἄπλαστοι
1417 1445 1464 1472 καὶ
1487 1445 1696 1479 εὐεξαπάτητοι.
1722 1444 1820 1472 Ταῦτα
1845 1445 1872 1471 δὲ

1083 1491 1130 1518 καὶ
1151 1492 1164 1518 ό
1182 1491 1223 1518 ’τι-ε’
1247 1491 1338 1518 κανὼν
1355 1492 1409 1518 τῶν
1426 1491 1512 1526 ἁγίων
1526 1492 1685 1519 ἀποστόλων
1700 1493 1755 1527 πρὸ
1775 1493 1871 1519 τούτου

1083 1538 1237 1573 ἀπαριθμεῖ
1250 1546 1256 1553 ι
1272 1538 1322 1564 οὐκ
1339 1538 1368 1564 ὲν
1381 1538 1447 1564 πᾶσι
1465 1538 1493 1564 δὲ
1515 1538 1529 1563 ὁ
1548 1537 1644 1573 Πατὴρ
1662 1534 1740 1569 οὗτος
1756 1546 1870 1572 συμφω-

1083 1581 1176 1617 νεῖτῷ
1192 1580 1363 1616 ἀποστολικῷ
1385 1582 1531 1616 τελευταίῳ
1552 1583 1643 1609 κανόνι
1667 1583 1696 1608 ἐν
1716 1583 1750 1617 τῇ
1769 1585 1872 1618 ἀπαρι-

247 1632 388 1655 tnerarnut
408 1628 475 1655 :hic
497 1633 585 1656 autem
614 1635 662 1656 eos
689 1628 869 1663 prattermisit.
898 1628 927 1655 ln
951 1627 1030 1655 Nova;

1085 1629 1196 1663 θμήσει.
1222 1629 1253 1655 Ol
1269 1629 1319 1663 μὲν
1335 1629 1389 1663 γὰρ
1403 1628 1547 1655 ἀπόστολοι
1565 1630 1612 1655 καὶ
1625 1628 1675 1662 τὴν
1696 1628 1800 1664 Ἐσθὴρ
1819 1617 1874 1656 ἀπ-

247 1673 330 1700 etiam
348 1672 592 1708 Scripturaalibris,
608 1674 691 1702 divini
707 1674 816 1709 quidem
834 1674 949 1710 apostoli
964 1680 1030 1700 cou-

248 1720 403 1747 stitutioues
429 1727 493 1747 suas
505 1727 518 1746 a
536 1718 674 1748 Clemente
697 1719 867 1755 conscriptas
886 1726 1030 1746 euumera-

251 1769 313 1793 rnnt
329 1774 336 1792 ε
355 1765 399 1793 hic
415 1771 505 1793 autem
517 1773 564 1793 eas
576 1766 676 1793 omisit.
699 1765 809 1794 Addidit
824 1773 887 1793 vero
903 1765 1030 1799 Theologi

251 1812 448 1847 Apocalypsim.
468 1811 531 1839 Post
549 1812 631 1839 libros
652 1817 741 1839 autem
771 1816 955 1844 enumeratos,
981 1812 1030 1845 ait,

249 1858 319 1892 quod
334 1858 379 1886 alii
394 1858 448 1885 sint
462 1862 558 1892 praeter
570 1865 618 1886 eos
632 1858 704 1892 libri,
728 1858 755 1885 iu
773 1865 904 1886 canonem
922 1858 1029 1892 quidem

252 1912 303 1931 non
321 1904 410 1936 relati,
426 1904 532 1939 legendi
556 1909 664 1937 tamen;
682 1911 749 1939 quos
763 1903 829 1931 dicit
843 1911 903 1931 esse
917 1903 1032 1938 Sapien-

253 1951 316 1976 tiam
331 1950 494 1982 Salomouis,
513 1955 539 1977 et
555 1950 718 1985 Sapientiam
734 1949 839 1982 Sirach,
859 1950 965 1981 Esther,
983 1949 1030 1976 Ju-

250 1994 318 2026 dith,
335 1999 362 2021 et
378 1994 468 2027 Tobit,
485 1999 513 2022 et
534 1996 684 2022 doctrinam
712 1994 894 2029 apostolorum
918 1994 1030 2028 dictam,

247 2048 315 2074 quas
338 2045 466 2068 asserunt
485 2048 546 2068 esse
570 2041 783 2068 Constitutiones
811 2041 996 2075 apostolorum
1015 2048 1030 2067 a

248 2086 387 2114 Clemente
401 2087 586 2122 conscriptas;
610 2093 678 2121 quas
701 2094 732 2114 ea
759 2094 818 2121 qua:
836 2091 910 2113 sexta
931 2086 1032 2113 dicitur

250 2132 369 2166 synodus
383 2131 433 2165 legi
449 2140 502 2160 non
515 2131 658 2167 permittit,
675 2136 703 2158 ut
716 2130 881 2158 adulteratas
897 2135 924 2159 et
938 2138 1031 2159 corru-

248 2183 308 2210 ptas
329 2177 362 2204 ab
383 2177 531 2205 haereticis.
556 2177 605 2209 Qui
634 2181 723 2204 autem
753 2177 912 2212 apocryphi,
931 2178 1029 2212 inquit,

246 2228 377 2250 vocantur
392 2223 465 2257 libri,
481 2230 570 2258 neque
592 2223 661 2250 inter
675 2230 733 2255 eos,
749 2222 794 2258 qui
812 2227 888 2250 extra
912 2223 977 2251 istos
992 2223 1031 2250 le-

1084 1675 1285 1710 ηριθμήσαντο,
1303 1673 1407 1708 mith
1424 1673 1524 1708 Σοφίαν
1535 1673 1631 1709 Σιράχ,
1643 1674 1690 1700 καὶ
1703 1673 1740 1700 τὰ
1755 1674 1875 1701 Μακκα-

1083 1721 1167 1748 ϐαῖκά
1177 1729 1184 1736 ·
1201 1718 1278 1752 οὗτος
1290 1720 1318 1747 δὲ
1333 1719 1516 1754 παραλέλοιπε
1531 1712 1629 1746 ταῦτα.
1650 1719 1695 1746 Ἐν
1707 1720 1736 1746 δὲ
1748 1721 1813 1752 ταῖς
1822 1721 1873 1753 τῆς

1083 1767 1153 1798 Νέας
1168 1766 1278 1801 Γραφῆς
1293 1764 1405 1800 βίϐλοις,
1417 1765 1441 1791 0t
1458 1765 1507 1800 μὲν
1522 1764 1588 1791 θεῖοι
1605 1764 1750 1791 ἀπόστολοι
1763 1765 1812 1792 καὶ
1824 1766 1875 1796 τὰς

1081 1812 1126 1840 διὰ
1141 1813 1188 1839 τοῦ
1209 1812 1367 1846 Κλήμεντος
1383 1811 1589 1845 συγγραῳείσας
1615 1810 1749 1844 διαταγὰς
1781 1811 1875 1837 αὐτῶν

1083 1858 1298 1894 ἀπηρίθμησαν·
1315 1854 1393 1889 οὗτος
1415 1856 1443 1883 δὲ
1466 1856 1567 1888 ταύτας
1595 1856 1644 1890 μὲν
1665 1856 1855 1891 παραλέλοιπε
1868 1866 1874 1871 ·

1082 1904 1230 1940 προσέθετο
1253 1903 1281 1930 δὲ
1300 1903 1349 1938 τὴν
1371 1902 1553 1937 Ἀποκάλυψιν
1565 1901 1612 1928 τοῦ
1631 1902 1777 1936 Θεολόγου.
1795 1905 1875 1930 Μετὰ

1082 1951 1110 1977 δέ
1126 1959 1158 1985 γε
1172 1950 1223 1984 τὴν
1238 1949 1439 1984 ἀπαρίθμησιν,
1463 1949 1555 1984 φησιν,
1572 1949 1613 1974 ὅτι
1632 1948 1707 1975 ἐστιν
1729 1948 1816 1984 ἕτερα
1835 1952 1877 1984 βι-

1083 1996 1145 2022 ϐλία
1160 1995 1262 2022 τούτων
1277 1994 1386 2028 ἔξωθεν,
1401 1994 1431 2019 ού
1447 1993 1644 2029 κανονιξόμενα
1659 1993 1719 2028 μὲν,
1736 1995 1876 2028 ἀναγινω-

1084 2042 1201 2077 σκόμενα
1217 2041 1256 2072 δὲ,
1282 2040 1363 2067 ἀτινα
1387 2039 1462 2073 λέγει
1485 2037 1555 2066 εἶναι
1582 2040 1632 2073 τὴν
1649 2039 1746 2073 σοφίαν
1772 2041 1874 2076 Σιρὰχ,

1089 2087 1200 2120 Ἐσθὴρ,
1221 2086 1333 2120 Ἰουδὴθ,
1349 2087 1396 2112 καὶ
1412 2084 1521 2120 Τωϐὴτ,
1537 2086 1585 2112 καὶ
1605 2085 1715 2121 διδαχὴν
1733 2086 1876 2120 καλουμέ-

1082 2142 1131 2168 νην
1144 2132 1197 2159 τῶν
1213 2132 1370 2158 ἀποστόλων
1387 2131 1514 2166 λέγουσιν
1527 2130 1598 2158 εἶναι
1612 2132 1659 2163 τὰς
1679 2132 1723 2158 διὰ
1734 2132 1783 2159 τοῦ
1797 2133 1878 2168 Κλή-

1083 2188 1180 2215 μεντος
1193 2178 1402 2213 συγγραφείσας
1423 2179 1478 2205 τῶν
1495 2178 1653 2206 ἀποστόλων
1668 2178 1821 2211 διατάξεις,
1841 2180 1875 2211 ἀς

1082 2227 1243 2262 ὴλεγομένη
1254 2225 1321 2259 ἕκτη
1337 2225 1445 2256 σύνοδος
1462 2224 1701 2258 ἀναγινώσκεσθαι
1712 2225 1743 2251 οὐ
1763 2233 1875 2259 συγχω-

247 2270 325 2304 gendi
343 2270 556 2301 constituuntur,
579 2269 624 2303 qui
644 2269 748 2296 scilicet
766 2269 794 2296 in
817 2276 950 2296 canonem
976 2276 1029 2296 non

1085 2272 1180 2308 ρεῖ,ὠς
1193 2270 1366 2302 νοθευθείσας
1378 2270 1425 2297 καὶ
1439 2270 1588 2305 φθαρείσας
1604 2270 1828 2306 ὑπὸαίρετιχῶν.
1842 2273 1875 2298 Δὶ

247 2315 411 2343 referuntur.
428 2315 580 2342 CattOnicos
593 2320 681 2342 autent
697 2315 754 2342 sive
769 2315 794 2342 in
810 2323 941 2343 canonem
959 2315 1030 2343 rela-

248 2366 289 2389 tos
300 2361 385 2388 libros
401 2366 511 2388 sanctus
525 2361 681 2389 denomiuat
697 2368 728 2389 ex
747 2369 850 2390 canone
858 2362 915 2390 sive
927 2361 1029 2397 regula,

247 2408 317 2441 quod
331 2408 432 2442 lignum
448 2411 500 2440 est,
517 2414 569 2441 quo
586 2407 702 2435 artitices
718 2412 830 2436 utuntur
849 2409 881 2436 ad
894 2408 1028 2443 lignorum

247 2457 295 2481 ant
311 2453 431 2488 lapidum
449 2453 648 2481 rectitudinem.
668 2454 798 2489 Regulam
815 2455 888 2482 enim
904 2453 948 2488 iis,
971 2462 1030 2489 quae

246 2504 406 2534 operantur,
424 2504 600 2534 apponeutcs,
620 2507 668 2535 per
681 2508 739 2527 eam
756 2500 778 2527 si
794 2508 862 2534 quas
888 2500 1029 2528 inveniunt

247 2547 273 2572 in
291 2546 349 2574 istis
368 2546 551 2582 obliquitates,
569 2547 755 2574 imminentias
775 2552 802 2574 et
825 2546 1030 2581 prominentias,

247 2592 282 2620 ad
295 2592 482 2620 rectitudinem
501 2594 633 2620 abradunt
660 2597 687 2620 et
714 2592 753 2619 sic
778 2599 845 2627 opus
873 2591 1031 2620 rectiticant.

247 2638 304 2666 Hoc
319 2638 412 2674 itaque
427 2638 453 2665 in
468 2638 528 2666 istis
544 2638 620 2666 libris
637 2638 706 2665 ratio
719 2643 845 2672 tanquam
862 2637 952 2673 regula
965 2637 1030 2665 etle-

248 2685 295 2718 cit,
311 2684 373 2712 illos
387 2684 554 2720 distinguens
571 2684 604 2711 ab
626 2683 695 2716 i5tis,
714 2683 759 2718 qui
777 2691 829 2710 non
850 2689 922 2711 recte
936 2691 964 2711 se
980 2684 1030 2711 ha-

248 2730 322 2760 bent,
340 2729 386 2756 sed
401 2728 520 2764 perversi
537 2732 600 2754 sunt
616 2734 622 2754 :
637 2732 664 2754 et
681 2727 729 2754 hos
747 2727 854 2762 quidem
875 2729 1028 2759 admittens.

249 2780 279 2802 ct
298 2776 461 2810 approbatis,
477 2779 504 2801 et
519 2774 568 2808 piis
581 2773 709 2808 legendos
724 2781 892 2808 proponens;
907 2774 967 2801 illos
980 2783 1029 2801 au-

1083 2318 1111 2344 δὲ
1136 2317 1313 2353 καλούμεναι,
1342 2317 1435 2351 φησὶν,
1454 2317 1610 2352 ἀπόκρυφοι
1633 2316 1732 2351 βίϐλοι,
1764 2316 1828 2343 οὒτε
1847 2319 1877 2344 ἐν

1082 2364 1142 2396 ταῖς
1157 2363 1399 2398 ἀπηριθμημέναις
1419 2362 1520 2397 βίϐλοις
1549 2361 1735 2397 εὑρίσκονται,
1764 2363 1828 2390 οὔτε
1847 2366 1878 2390 ὲν

1083 2411 1187 2441 τούτοις
1197 2409 1275 2441 ὲκτδς
1288 2409 1400 2436 ἐκείνων
1415 2408 1595 2442 τεταγμένοις
1617 2405 1877 2442 ἀναγινώσκεσθαι,

1083 2457 1183 2492 δηλαδὴ
1208 2457 1263 2487 τοῖς
1275 2456 1472 2486 ἀκανονιστοις.
1501 2455 1724 2489 Κεκανονισμένα
1738 2455 1766 2481 δὲ
1781 2455 1876 2490 βιϐλία

1084 2505 1135 2539 ἔφη
1159 2505 1172 2530 ὁ
1188 2504 1264 2538 ἅγιος
1279 2502 1312 2528 ὲκ
1326 2501 1373 2528 τοῦ
1391 2501 1513 2534 κανόνος,
1529 2501 1543 2528 ὃ
1555 2503 1613 2528 ὲστι
1627 2501 1706 2533 ξύλον
1716 2499 1738 2535 ᾦ
1755 2502 1875 2537 κέχρην-

1083 2558 1127 2575 ται
1141 2549 1166 2575 οἱ
1180 2549 1301 2583 τεχνῖται
1320 2548 1360 2579 εἰς
1374 2547 1460 2580 ξύλων
1475 2547 1492 2582 ἢ
1507 2547 1589 2574 λίθων
1603 2547 1742 2582 εὐθύτητα
1754 2555 1761 2563 ·
1783 2556 1877 2582 παρα-

1082 2594 1205 2625 τεθέντες
1227 2593 1282 2629 γάρ
1297 2594 1342 2619 τὸν
1357 2593 1458 2619 κανόνα
1473 2593 1530 2623 τοῖς
1560 2591 1625 2626 παρ’
1643 2591 1736 2618 αὐτῶν
1753 2592 1875 2627 ἐργαζο-

1084 2640 1185 2674 μένοις,
1210 2639 1243 2666 δι¹
1262 2638 1345 2665 αὐτοῦ
1372 2638 1398 2665 εἴ
1424 2646 1498 2670 τινας
1527 2637 1704 2672 εὑρίσκουσιν
1730 2638 1760 2664 ὲν
1778 2638 1877 2670 αὐτοῖς

1082 2685 1229 2719 λοξότητας
1257 2684 1366 2720 εἱσοχάς
1390 2693 1420 2711 τε
1451 2684 1499 2710 καὶ
1524 2683 1630 2717 ὲ-ξοχάς,
1659 2683 1699 2715 εἰς
1730 2682 1876 2716 εὐθύτητα

1083 2730 1239 2763 ἀποΕέουσι,
1256 2731 1302 2756 καὶ
1321 2729 1431 2765 ὀρθοῦσι
1454 2729 1484 2755 τὸ
1501 2728 1705 2763 ὲργαξόμενονο
1728 2728 1808 2755 τοῦτο
1825 2729 1877 2755 οὖν

1084 2776 1131 2802 καὶ
1146 2776 1191 2802 ἐπὶ
1212 2776 1266 2802 τῶν
1282 2775 1392 2810 βιὸλίων
1408 2775 1511 2803 τούτων
1536 2776 1549 2802 ὁ
1565 2774 1643 2809 λόγος
1670 2774 1766 2810 ὥσπερ
1781 2774 1875 2801 κανὼν

280 2835 317 2866 (α)
330 2836 400 2864 Apud
414 2835 577 2863 Bctercgium
590 2835 615 2859 in
629 2833 704 2861 nolis.
718 2841 742 2862 ι).
754 2835 808 2866 221,
826 2841 855 2860 ex
869 2835 953 2860 codice
967 2835 1027 2860 Amo

1085 2837 1169 2861 ‘hiano.
1182 2836 1250 2861 Enn.
