1914 3077
24 126 72 157 σε

491 120 533 151 IN
552 119 674 150 EPIST.
691 118 723 149 S.
740 117 954 149 ATHANASII
972 118 1023 149 AD
1042 118 1176 149 RUFIN.

1601 115 1653 147 566

25 184 166 218 ἐποίησεν*
184 178 335 208 άποδιελὼν
345 177 417 205 αὐτὰ
432 177 487 205 τῶν
506 176 550 212 μὴ
567 175 656 211 ὀρθῶς
681 174 810 210 ἑχόντων,

872 182 919 202 ,ειη
935 176 1134 208 condemnans,
1151 179 1178 203 et
1192 176 1244 211 legi
1259 175 1417 210 prohibens.
1443 174 1542 209 (luxere
1568 174 1654 202 etiam

27 230 89 255 ἀλλὰ
105 226 336 262 διεστραμμένων
347 231 355 241 ⁸
373 223 420 252 καὶ
436 223 470 250 τὰ
495 222 544 258 μὲν
559 220 688 258 ὲγκρίνας
698 220 746 247 καὶ
766 219 809 246 δο-

25 274 144 309 κιμάσας
153 273 203 300 καὶ
212 272 379 309 προθέμενος
390 271 430 302 εἰς
442 269 596 304 ἀνάγνωσιν
604 268 662 298 τοῖς
670 265 794 292 εὐσεϐέσι
802 271 810 279 ·

25 321 54 348 τὰ
68 321 96 349 δὲ
112 318 320 354 ἀποδοκιμάσας
330 337 338 351 ,
358 316 405 344 καὶ
419 314 552 351 ἀπείρξας
565 310 813 348 ἀναγινώσκεσθαι.

134 420 320 449 ΕΠῙΣΊῸΛΗ
339 417 437 445 ΠΡΟΣ
458 416 506 442 P0
513 410 721 440 ΥΦΙΝΙΑΝΟΝ.

65 479 161 514 Κυρίῳ
175 477 227 513 υίῷ
242 476 288 503 καὶ
299 472 483 506 ποθεινοτάτῳ
499 467 697 504 συλλειτουργῷ
716 467 822 499 Ῥουφι-

32 525 124 560 νιανῷ,
149 523 309 553 nonam;
326 522 355 547 ὲν
366 519 463 555 Κυρίῳ
477 517 593 553 χαίρειν.

122 571 172 605 μὲν
197 568 232 595 τὰ
258 567 309 603 υἱῷ
334 563 504 602 ἠγαπημένῳ
527 561 667 597 πρέποντα
707 603 714 605 Α
755 556 822 605 πρὸς

34 603 142 651 Πατέρα
156 616 282 650 γράφεις·
301 612 446 647 ὲγγῐσαντα
459 608 526 643 γοῦν
551 616 581 633 σε
608 605 652 632 διὰ
673 603 720 651 τοῦ
734 603 822 651 γράμο

36 649 118 695 ματος
145 649 386 695 περιεπτυξάμην,
419 655 527 682 πάντων
557 651 618 687 ἐμοὶ
653 649 823 677 ποθεινότατι

41 693 219 740 Ῥουφινιανέ·
236 703 312 738 κάγὼ
327 703 365 734 δὲ,
380 702 417 732 ὡς
429 699 479 735 υίῷ
504 697 650 732 δυνάμενος
665 696 780 740 γράφειν
794 693 823 719 ἐν

35 761 61 778 τε
75 739 133 783 sai;
223 748 376 785 προοιμίοις
402 746 449 772 καὶ
465 745 556 780 μέσοις
584 742 631 769 καὶ
649 739 823 770 τελευταίοις,

36 797 160 832 ἐπέσχον,
183 796 227 822 ἵνα
246 784 293 829 μὴ
318 793 350 819 ὲκ
365 790 534 826 γραμμάτων
559 789 575 823 ὴ
602 787 729 832 σύστασις
744 784 823 832 καὶῇ

865 229 925 256 qua:
939 222 964 249 in
978 222 1105 250 ultimum
1130 226 1287 250 sanctorum
1311 221 1497 258 apostolorum
1519 227 1652 249 canonem

865 267 966 303 scripta
979 272 1049 296 sunt.

928 408 1174 446 “EPISTULA
1201 411 1248 438 AD
1268 409 1526 438 RUFINIANUM.

901 469 1016 496 Domino
1031 469 1096 500 tilio,
1124 473 1151 495 et
1176 467 1348 502 optatissimo
1372 466 1561 494 comministro
1574 465 1649 493 Rufi~

865 515 957 546 niano,
972 513 1135 540 Athanasius
1146 513 1172 540 in
1190 512 1304 540 Domino
1317 512 1444 539 salutem.

900 559 940 586 Tu
954 559 1061 594 quidem
1078 566 1138 593 qua:
1149 558 1279 585 dilectum
1296 557 1380 584 [ilium
1392 556 1487 584 decem
1497 556 1530 583 ad
1544 555 1650 582 Patrem

865 604 981 631 scribis:
995 607 1021 630 te
1036 603 1127 638 itaque
1138 603 1235 630 litteris
1250 602 1422 629 accedentem
1441 601 1494 628 tuis
1508 601 1651 636 amplexus

866 657 940 682 sum,
962 649 1086 676 omnium
1115 648 1290 676 dilectissime
1314 648 1381 674 mihi
1405 647 1557 674 Buliniane.
1581 646 1649 674 Cum

866 700 958 722 autem
985 699 1013 722 et
1034 694 1063 722 in
1090 693 1223 723 sermonis
1239 693 1351 720 exerdio
1363 698 1389 720 et
1409 692 1435 719 in
1462 692 1551 720 medio
1576 697 1602 718 et
1623 691 1648 718 in

866 740 929 772 ﬁne,
947 740 1006 772 tibi,
1032 740 1108 774 quasi
1139 739 1194 765 lilio
1222 739 1341 766 scribere
1370 745 1499 772 possem,
1528 745 1570 764 me
1594 737 1651 771 ipse

867 785 986 817 cohibui,
1002 792 1036 812 ne
1049 792 1080 811 ex
1094 784 1191 811 litteris
1204 784 1404 811 commendatio
1419 787 1446 810 et
1463 782 1649 809 testimonium

38 826 175 878 μαρτυρία
196 826 372 875 γνωρίξηται.
390 837 425 863 Σὺ
439 835 494 871 γὰρ
518 835 578 870 ἐμοὶ
605 829 824 866 ἐπιστολὴικατὰ

872 830 955 864 palam
984 829 1068 857 ﬁeret.
1092 828 1132 856 Tu
1159 829 1235 855 enim
1267 828 1333 855 mihi
1363 835 1393 855 es
1422 827 1551 861 epistola,
1581 826 1652 853 sicut

35 888 63 913 τὸ
75 885 279 922 γεγραμμένον,
309 881 543 917 ὲπιγινωσκομένη
572 879 619 906 καὶ
643 878 825 911 ἀναγινωσκο-

38 933 102 968 μένη
116 921 144 958 ὲν
160 930 271 966 καρδία.
285 929 363 956 Οὕτω
374 927 462 954 τοίνυν
488 926 598 953 πίστευε
688 921 825 956 διακείμε-

36 986 88 1008 νος,
101 977 147 1002 ναὶ
179 976 300 1001 πίστευε.
326 971 526 1008 Προσαγορεύω
554 978 584 996 σε
610 968 658 995 καὶ
679 966 825 1002 προτρέπω

36 1023 162 1056 γράφειν·
179 1021 209 1047 οὗ
227 1019 281 1056 γὰρ
298 1019 405 1052 ὀλίγως,
434 1015 501 1044 ἀλλὰ
529 1014 653 1050 μεγάλως
671 1011 825 1048 εὐφραίνεις

36 1055 112 1094 τοῦτο
126 1066 223 1092 ποιῶν.
269 1055 272 1056 ν
299 1063 419 1098 ιἙπειδὴ
434 1062 462 1088 δὲ
489 1059 640 1096 φιλοκάλως
664 1057 711 1085 καὶ⁴
724 1055 825 1089 ἐκκλη-

39 1111 199 1143 σεαστικῶς,
213 1110 292 1137 τοῦτο
308 1109 362 1145 γὰρ
373 1108 453 1135 πάλιν
468 1106 569 1142 πρέπει
584 1106 618 1141 τῇ
634 1105 667 1139 σῇ
686 1102 824 1136 εὐλαϐείᾳ,

37 1156 184 1192 ἦρώτησας
195 1154 259 1190 περὶ
273 1153 326 1180 τῶν
353 1153 387 1179 δι’
402 1151 524 1186 ἀνάγκην
554 1148 743 1184 ὑποσυρέντων
767 1146 825 1181 μὲν,

39 1204 74 1238 μὴ
88 1202 249 1237 φθαρέντων
271 1200 298 1226 δὲ
316 1199 345 1226 ὲν
359 1200 391 1234 τῇ
415 1196 589 1231 κακοπιστίᾳ,
614 1194 662 1221 καὶ
689 1191 824 1227 ἠθέλησας

38 1249 140 1283 γρὰξαι
160 1255 193 1282 με
210 1246 244 1273 τὰ
257 1245 368 1277 δόξαντα
382 1244 446 1278 περὶ
474 1241 562 1269 αὐτῶν
578 1241 606 1267 ὲν
626 1240 686 1270 ταῖς
710 1237 827 1283 συνόδοις

38 1282 83 1318 καὶ
99 1289 239 1325 πανταχοῦ
255 1298 262 1305 ⁸
329 1288 457 1322 γίνωσκε,
475 1285 562 1321 Κύριέ
578 1293 627 1320 μου
644 1282 826 1311 ποθεινότατε,

38 1340 76 1365 ὄτι
94 1338 123 1363 ὲν
138 1337 210 1371 ἀρχῇ
229 1335 287 1371 μὲν,
312 1333 490 1367 παυσαμένης
514 1330 564 1365 τῆς
585 1327 730 1364 γινομένης
757 1325 828 1361 βίας,

38 1384 131 1417 γέγονε
149 1381 269 1411 σύνοδος,
285 1379 424 1415 παρόντων
439 1377 493 1404 ἀπὸ
508 1375 561 1402 τῶν
586 1374 638 1407 ἔξω
662 1371 751 1408 μερῶν
767 1372 828 1398 ὲπι-

39 1428 158 1454 σκόπωψ
173 1426 268 1460 γέγονε
279 1425 307 1451 δὲ
325 1424 373 1451 καὶ
388 1422 464 1458 παρὰ
476 1423 533 1452 τοῖς
547 1420 596 1455 τὴν
613 1418 725 1446 Ἐλλάδα
736 1424 827 1443 κατοι-

39 1471 116 1498 κοῦσι
135 1469 359 1505 συλλειτουργοῖς·
373 1467 449 1494 οὐδὲν
457 1466 485 1492 δὲ
496 1463 576 1500 ἧττον
590 1464 700 1494 καὶτοῖς
716 1463 745 1488 ὲν
755 1460 829 1487 Σπα-

38 1517 82 1552 νίᾳ
97 1517 146 1543 καὶ
161 1515 276 1551 Γαλλίᾳ·
296 1515 343 1541 καὶ
372 1514 471 1549 ῆρεσεν
537 1512 606 1545 ὅπερ
632 1506 682 1536 ὧδε
698 1507 745 1534 καὶ
762 1514 829 1533 παν-

39 1560 121 1595 ταχοῦ
136 1577 144 1588 ,
193 1559 262 1586 ὥστε
271 1559 327 1590 τοῖς
341 1558 389 1593 μὲν
400 1555 633 1584 κακαπεπτωκόσι
648 1554 694 1580 καὶ
705 1553 827 1587 προϊστα-

42 1607 132 1641 μένοις
147 1606 198 1640 τῆς
209 1604 336 1636 ἀσεϐείας
368 1601 564 1637 συγγινώσκειν
588 1600 637 1635 μὲν
658 1596 827 1633 μετανοοῦσιλ

41 1651 78 1686 μὴ
91 1651 193 1677 διδόναι
205 1650 233 1676 δὲ
245 1650 336 1680 αὐτοῖς
355 1649 436 1674 τόπον
462 1647 572 1682 κλήρου·
603 1645 657 1676 τοῖς
680 1643 708 1670 δὲ
725 1642 761 1677 μὴ
779 1642 828 1668 αὺ-

41 1697 162 1723 θεποῦσι
196 1695 245 1730 μὲν
278 1695 327 1729 τῆς
358 1693 502 1724 ἀσεϐείας,
533 1691 712 1726 παρασυρεῐσι
739 1688 766 1715 δὲ
795 1688 827 1714 δι’

40 1741 165 1776 ἀνάγκην
181 1740 229 1767 καὶ
243 1739 313 1774 βίαν,
340 1738 412 1771 ἔδοξε
434 1737 551 1764 δίδοσθαι
582 1735 632 1770 μὲν
655 1733 827 1768 συγγνώμην,

40 1787 113 1821 ἔχειν
126 1786 155 1812 δὲ
166 1785 215 1812 καὶ
230 1785 275 1811 τὸν
287 1785 367 1811 τόπον
377 1782 424 1810 τοῦ
447 1782 558 1817 κλήρου·
574 1780 690 1815 μάλιστα
703 1779 742 1805 ὅτι
762 1777 830 1805 άπο-

40 1832 135 1866 λογίαν
161 1829 278 1864 πιθανὴν
307 1828 478 1863 ἐπορίσαντο,
501 1826 547 1853 καὶ
566 1825 639 1858 ἔδοξε
664 1823 742 1851 τοῦτὸ
771 1831 829 1854 πως

40 1876 222 1911 οἰκονομικῶς
237 1874 374 1908 γενέσθαι.
456 1870 686 1898 Διεϐεϐαιώσαντο
714 1869 767 1904 γὰρ
792 1868 829 1904 μὴ

42 1920 265 1958 μεταϐεϐλῆσθαι
277 1920 317 1951 είς
333 1919 469 1946 ἀσέϐειαν·
485 1917 528 1944 ἵνα
548 1917 575 1943 δὲ
594 1916 630 1951 μὴ
648 1913 830 1941 κατασταθένη

39 1976 85 1998 τες
101 1966 177 1997 τινὲς
192 1964 367 1991 ἀσεϐέστατοι
388 1962 564 1997 διαφθείρωσι
586 1960 635 1991 τὰς
656 1960 828 1995 Ἐκκλησίας,

40 2013 144 2039 εἴλοντο
163 2011 264 2045 μᾶλλον
281 2009 441 2044 συνδραμεῖν
471 2010 504 2043 τῇ
521 2008 566 2042 βίᾳ.
581 2008 627 2033 καὶ
644 2006 775 2041 βαστάσαι
798 2006 829 2032 τὺ

41 2059 135 2094 βάρος,
148 2057 165 2092 ἢ
179 2056 262 2086 λαοὺς
275 2055 430 2083 ἀπολέσθαι.
446 2053 531 2081 Τοῦτο
596 2053 623 2078 δὲ
635 2052 758 2086 λέγοντες
772 2051 829 2077 ἔδο-

41 2093 89 2135 ξαν
107 2103 175 2137 ἡμῖν
188 2100 309 2130 πιθανῶς
324 2099 421 2132 λέγειν·
441 2098 484 2124 διὰ
501 2097 531 2123 τὺ
556 2096 603 2123 καὶ
616 2093 829 2130 προφασίζεσθαι

39 2148 140 2178 αὐτοὺς
150 2147 196 2173 τὸν
218 2144 322 2178 ’Δαρὼν
334 2146 378 2170 τὴν
404 2144 449 2170 τοῦ
474 2142 610 2172 Μωῦσέως
628 2139 740 2173 ἀδελφὸν
752 2141 780 2165 ὲν
794 2140 827 2173 τῇ

867 874 997 909 scriptun
1014 878 1056 901 est
1069 873 1103 905 ⁸³,
1119 874 1209 908 agnita
1223 874 1345 907 lectaque
1360 873 1388 899 in
1405 873 1496 900 corde.
1512 871 1557 899 Sic
1569 871 1651 906 igitur

868 919 980 951 credito,
998 924 1025 946 et
1051 919 1088 946 ita
1114 919 1227 947 affectus,
1240 922 1310 949 esto.
1338 917 1419 945 etiam
1432 917 1544 944 credito.
1558 917 1651 943 Saluto

867 969 904 999 te,
921 970 948 992 et
963 971 992 992 ut
1014 964 1150 992 rescribas
1176 964 1286 996 bortor;
1312 970 1367 990 non
1392 970 1487 997 parum
1500 962 1582 993 enim,
1603 961 1651 988 sed

868 1016 1040 1043 summopere
1068 1016 1121 1040 me,
1160 1008 1196 1035 ita
1218 1007 1332 1043 agendo,
1358 1007 1484 1035 delectas.
1515 1005 1651 1039 Quoniam

868 1059 958 1082 autem
972 1054 1093 1082 studiose
1106 1057 1133 1081 et
1155 1053 1348 1085 ecclesiastico,
1373 1056 1404 1080 ut
1423 1051 1515 1087 pietati
1527 1051 1652 1078 convenit

869 1104 933 1132 tute,
964 1099 1137 1134 interrogasti
1166 1099 1200 1126 de
1215 1098 1249 1126 iis
1265 1098 1312 1133 qui
1336 1098 1363 1125 vi
1387 1097 1497 1133 quidem
1511 1096 1650 1128 subducti,

869 1145 936 1180 lapsi
956 1150 1028 1177 sunt,
1042 1153 1090 1172 nec
1109 1149 1198 1173 tamen
1208 1152 1291 1179 prava
1313 1144 1365 1171 ﬁde
1393 1143 1535 1178 corrupti:
1554 1147 1581 1170 et
1605 1150 1653 1169 vo-

869 1191 943 1218 luisti
957 1199 1000 1218 me
1017 1191 1177 1223 rescrmere,
1194 1198 1255 1225 quae
1266 1190 1299 1218 de
1315 1189 1380 1222 illis,
1395 1197 1458 1217 cum
1474 1189 1500 1215 in
1528 1188 1650 1223 synodis,

869 1241 925 1264 tum
939 1237 1038 1271 diique
1051 1238 1118 1264 alias
1151 1237 1260 1265 decreta
1285 1240 1365 1270 sunt;
1394 1235 1463 1263 scito
1487 1234 1600 1261 Domine
1615 1233 1652 1260 mi

869 1281 1053 1316 optatissime,
1087 1282 1115 1308 in
1151 1280 1286 1316 principio
1310 1279 1420 1315 quidem
1446 1286 1509 1306 cum
1537 1278 1579 1305 vis
1607 1278 1652 1305 illa

869 1327 1003 1359 desiisset,
1020 1331 1140 1354 coactam
1161 1326 1295 1361 synodum
1321 1325 1406 1352 fuisse
1430 1324 1496 1360 (99),
1513 1322 1653 1358 praesenti-

869 1372 921 1400 bus
936 1377 1089 1399 exterarum
1102 1372 1220 1406 partium
1236 1370 1372 1406 episcopis
1390 1379 1396 1396 ε
1411 1370 1574 1396 celebratam
1587 1369 1651 1395 item

869 1419 950 1446 aliam
967 1417 1050 1445 fuisse
1065 1417 1136 1452 apud
1153 1417 1262 1444 Grazciaa
1285 1415 1497 1446 eomministros,
1513 1413 1652 1449 nihiloque

869 1463 959 1491 secius
972 1462 1038 1497 apud
1053 1461 1115 1489 illos
1133 1462 1180 1496 qui
1207 1462 1234 1488 in
1255 1460 1385 1496 Hispania
1414 1464 1442 1486 et
1456 1460 1483 1486 ln
1506 1459 1591 1486 Gallia
1605 1459 1653 1486 de-

870 1512 937 1543 gunt
955 1517 961 1535 :
990 1513 1070 1542 atque
1086 1507 1204 1542 idipsum
1221 1507 1264 1534 hic
1280 1511 1306 1534 et
1328 1505 1428 1539 ubique
1445 1504 1590 1539 placuisse,
1611 1504 1653 1531 ni-

838 1536 858 1563 ϐ
871 1536 969 1579 inirum
984 1556 1012 1579 ut
1026 1536 1070 1579 .iis
1097 1536 1143 1586 qui
1160 1551 1227 1585 lapsi
1242 1555 1315 1580 sunt,
1343 1548 1366 1576 si
1384 1536 1532 1582 impietatis
1552 1546 1654 1573 iuerint

870 1597 998 1633 praziecti,
1015 1597 1091 1624 venia
1107 1596 1283 1628 concedatur,
1304 1595 1327 1622 si
1354 1593 1464 1629 quidem
1480 1593 1650 1627 resipiscant,

871 1650 920 1670 nec
931 1643 1009 1670 detur
1023 1646 1113 1669 tamen
1145 1642 1171 1669 iu
1190 1641 1264 1668 clero
1279 1641 1356 1668 locus
1375 1649 1381 1667 :
1398 1639 1431 1666 iis
1450 1646 1513 1665 vero
1530 1637 1577 1673 qui
1602 1637 1653 1664 im-

871 1689 963 1723 pietati
981 1688 1142 1724 patrocinati
1154 1695 1208 1715 nou
1226 1691 1300 1718 sunt,
1316 1685 1363 1714 sed
1377 1684 1536 1712 necessitate
1550 1691 1582 1710 ac
1596 1683 1654 1710 vio-

871 1733 953 1760 lentia
971 1733 1048 1760 tracti
1067 1732 1152 1763 fuere,
1170 1731 1306 1759 decretum
1330 1735 1382 1761 est,
1399 1733 1429 1756 ut
1442 1733 1468 1756 et
1485 1730 1562 1755 venia
1590 1735 1654 1755 con-

871 1780 993 1810 cedatur,
1004 1777 1070 1805 etin
1087 1777 1160 1804 clero
1172 1776 1251 1803 detur
1264 1776 1359 1807 locus;
1392 1774 1565 1809 potissimum
1590 1774 1654 1808 quia

871 1826 1081 1850 consentaneam
1105 1821 1255 1848 attulerunt
1283 1820 1497 1850 excusationem,
1532 1823 1558 1845 et
1582 1819 1654 1852 quod

871 1867 1022 1895 oeconomia
1039 1866 1156 1901 quadam
1171 1866 1198 1892 id
1214 1865 1315 1893 factum
1338 1866 1469 1892 videatur.
1480 1863 1656 1891 Afﬁrmabant

871 1912 970 1946 quippe
981 1919 1009 1938 se
1022 1910 1135 1938 minime
1150 1911 1176 1937 in
1192 1910 1357 1945 impietatem
1374 1910 1465 1944 lapsos
1489 1909 1573 1935 fuisse
1588 1917 1594 1934 :
1608 1907 1655 1935 sed

873 1965 905 1983 ne
928 1956 1084 1991 impiiSSimi
1108 1955 1219 1990 quidam
1248 1955 1373 1982 homines
1406 1954 1438 1981 ad
1467 1954 1654 1988 episcopatum

871 2001 966 2032 evecti,
981 1999 1118 2028 Ecclesias
1148 2004 1363 2034 corrumperent,
1389 2006 1419 2025 se
1444 1998 1572 2025 maluisse
1593 2005 1654 2024 cum

872 2046 998 2073 violentia
1026 2053 1203 2077 concurrere,
1231 2049 1257 2072 et
1291 2044 1317 2071 id
1346 2044 1437 2070 oneris
1467 2043 1547 2074 ferre,
1575 2050 1656 2076 quam

872 2091 986 2124 populos
1001 2091 1122 2125 perdere.
1151 2089 1214 2117 Haec
1243 2089 1280 2116 illi
1301 2089 1380 2116 verba
1399 2095 1452 2114 non
1466 2088 1515 2115 abs
1527 2095 1556 2114 re
1583 2088 1656 2121 loqui

872 2135 951 2163 nobis
963 2135 1013 2162 visi
1034 2139 1098 2163 sunt
1114 2144 1121 2162 :
1152 2135 1225 2170 quod
1254 2134 1372 2162 maxime
1388 2133 1439 2168 ipsi
1463 2134 1489 2160 in
1504 2134 1656 2168 exemplum

42 2174 138 2218 ὲρήμῴ
153 2174 314 2216 συνδραμεῖν
329 2181 377 2216 μὲν
392 2182 424 2215 τῇ
440 2180 486 2206 τοῦ
501 2180 564 2206 λαοῦ
580 2180 740 2214 παραῑῑασει·
757 2181 824 2206 ἀπο-

874 2179 1009 2213 aﬂ'errent,
1026 2181 1170 2211 Aaronem,
1184 2176 1282 2211 Moysis
1297 2175 1417 2207 fratrem,
1438 2176 1464 2202 in
1480 2175 1585 2200 deserto
1608 2180 1656 2207 po-

41 2228 137 2260 λογιαν
153 2227 182 2252 δὲ
200 2226 355 2261 ἐσχηκέναι,
368 2225 410 2252 (va.
425 2226 461 2260 μὴ
488 2226 502 2251 ὁ
526 2225 588 2256 λαὸς
663 2222 825 2257 ἐπιστρέψας

41 2272 82 2302 είς
98 2270 239 2304 Αἴγυπτον
266 2269 393 2304 ἐπιμείνῃ
419 2270 451 2303 τῇ
475 2268 688 2304 εῐδωλολατρείᾳ·
713 2268 828 2303 καὶγὰρ

42 2313 73 2350 ἦν
88 2315 120 2341 τὸ
139 2312 302 2348 φαινόμενον
314 2312 431 2346 εὗλογοιν
447 2314 486 2339 ὅτι
505 2314 628 2348 μένοντες
642 2314 670 2340 ὲν
687 2314 719 2347 τῇ
734 2313 828 2348 ἐρήμῳ

40 2358 169 2383 δύνανται
185 2355 339 2382 παύσασθαι
359 2356 408 2391 τῆς
421 2356 556 2388 ἀσεϐείας·
569 2356 732 2388 εἰσελθόντες
747 2357 775 2383 δὲ
790 2357 828 2388 εἰς

40 2403 190 2435 Αἴγυπτον,
221 2401 393 2435 ἐπετρίϐοντο
423 2402 468 2427 καὶ¹
492 2401 605 2436 ηὔξανον
625 2403 654 2428 ὲν
723 2401 827 2432 ἑαυτοῖς

41 2447 90 2482 τὴν
104 2446 246 2472 ἀσέϐειαν.
271 2445 377 2473 Τούτων
401 2447 489 2472 τοίνυν
515 2447 596 2473 ἕνεκα
618 2447 786 2480 συγγνωστὸν
797 2446 828 2472 τὸ

41 2492 108 2527 πρὸς
125 2491 171 2517 τὸν
187 2491 288 2526 κλῆρον
301 2491 405 2525 γέγονε·
419 2493 473 2522 τοῖς
487 2492 514 2517 δὲ
531 2491 692 2526 ἀπατηθεῖσι
709 2492 754 2518 καὶ
768 2491 827 2526 βίαν

41 2536 158 2564 παθοῦσι
186 2530 335 2571 συγγνώμη
364 2535 471 2563 δίδοται,
495 2536 587 2564 Ταῦτα
674 2537 721 2563 καὶ
746 2538 778 2572 τῇ
795 2538 826 2572 σῇ

42 2581 169 2617 εὐσεϐείᾳ
179 2581 263 2615 δηλῶ,
276 2580 394 2616 Θαρῤὦν,
412 2581 453 2607 ὅτι
467 2581 512 2607 καὶ
528 2582 561 2608 τὰ
575 2581 685 2614 δόξαντα
701 2581 828 2613 ἀποδέξε-

42 2627 85 2653 ται
102 2635 149 2653 σου
165 2628 182 2661 ἠ
199 2625 401 2655 Θεοσέϐεια.καὶ
417 2627 446 2652 οὐ
464 2627 665 2661 καταγνώσεται
677 2627 828 2662 ἐκεχειρίας

42 2671 94 2696 τῶν
112 2669 297 2696 συνελθόντων
313 2670 407 2701 οὕτως.
433 2671 607 2704 Καταξίωσον
633 2672 667 2698 δὲ’
677 2672 746 2698 αὐτὰ
762 2672 829 2698 ἀνα-

43 2717 142 2749 γνῶναι
159 2715 202 2750 τῷ
220 2715 344 2750 ίερατείῳ
355 2717 401 2742 καὶ
415 2716 454 2751 τῷ
468 2716 525 2752 λαῷ
543 2716 582 2752 τῷ
598 2717 650 2745 ὑπὸ
666 2717 695 2744 σὲ
709 2736 717 2748 ,
774 2717 826 2749 ἵνα,

45 2762 88 2786 καὶ
100 2762 181 2787 αὐτοὶ
198 2759 386 2794 γινώσκοντες,
405 2761 441 2796 μὴ
459 2761 618 2796 μέμφωνται
633 2762 703 2792 οὕτω
718 2762 747 2788 σὲ
775 2762 829 2788 δια-

46 2806 166 2839 κείμενον
182 2804 248 2839 περὶ
263 2806 323 2836 τοὺς
337 2806 481 2838 τοιούτους.
506 2807 640 2839 Ἀπρεπὲς
651 2807 715 2841 ’γὰρ
729 2805 762 2841 ἦν
779 2807 827 2841 ἐμὲ

879 2225 932 2259 puli
946 2223 1159 2259 prmvaricationi
1173 2222 1345 2249 concurrisse
1408 2228 1415 2247 :
1484 2219 1554 2246 hanc
1567 2224 1655 2245 tamen

878 2270 1080 2296 excusationem
1112 2268 1250 2300 habuisse,
1287 2274 1321 2294 ne
1353 2265 1471 2301 populus
1497 2265 1599 2292 scilicet
1629 2263 1657 2290 in

878 2314 1022 2350 Egyptum
1036 2321 1160 2341 reversus
1176 2313 1202 2339 in
1217 2311 1365 2340 idololatria
1383 2313 1552 2346 permaneret
1569 2319 1575 2336 :
1594 2315 1657 2335 nam

878 2360 903 2387 id
921 2359 1017 2386 rationi
1031 2363 1102 2386 certe
1119 2362 1332 2386 consentaneum
1352 2356 1508 2388 videbatur;
1524 2354 1656 2389 siquidem

878 2403 904 2429 in
921 2403 1028 2429 deserto
1059 2406 1217 2433 manentes,
1251 2404 1377 2435 poterant
1405 2400 1551 2434 impietatis
1576 2399 1657 2425 ﬁnem

878 2446 974 2479 facere,
987 2446 1029 2473 sin
1044 2450 1134 2473 autem
1149 2445 1175 2472 in
1194 2444 1339 2480 (Egyptum
1365 2444 1477 2478 ingressi
1489 2443 1612 2473 fuissent,
1629 2441 1657 2468 in

878 2493 1013 2526 impietate
1031 2490 1131 2518 versati
1144 2490 1270 2524 auctique
1287 2489 1412 2517 fuissent.
1441 2488 1608 2522 Quapropter
1623 2487 1657 2513 ad

877 2537 977 2563 clerum
994 2535 1096 2562 reditus
1108 2534 1160 2561 illis
1173 2541 1318 2561 concessus
1330 2537 1390 2565 est;
1412 2532 1446 2559 iis
1468 2533 1539 2558 enim
1554 2532 1599 2566 qui
1614 2533 1658 2558 de—

877 2581 945 2615 cepti
962 2585 987 2608 et
1001 2580 1054 2607 vim
1071 2579 1145 2614 passi
1174 2585 1237 2606 sunt
1267 2578 1346 2606 venia
1361 2577 1446 2612 ,I'acile
1476 2577 1568 2604 datur.
1595 2575 1658 2603 Haec

878 2631 929 2653 tua:
941 2633 1047 2660 quoque
1067 2624 1161 2659 pietati
1181 2624 1316 2659 signiﬁco,
1333 2622 1485 2654 conﬁdens,
1502 2626 1575 2648 tuam
1595 2621 1659 2648 reli-

877 2671 983 2706 gionem
998 2678 1058 2705 qua:
1076 2671 1183 2698 decreta
1208 2674 1271 2697 sunt
1288 2673 1486 2703 suscepturum,
1500 2675 1549 2694 nec
1561 2667 1658 2694 lenita-

878 2723 930 2745 tem
943 2725 1036 2745 eorum
1054 2718 1099 2752 qui
1111 2724 1262 2744 convenere
1275 2717 1477 2744 damnaturam.
1496 2714 1557 2741 Haec
1569 2714 1659 2749 legero

877 2762 996 2797 digneris
1007 2763 1092 2790 sacris
1108 2762 1240 2789 ministris
1264 2765 1289 2788 et
1307 2760 1405 2796 populo
1422 2760 1467 2794 qui
1486 2759 1534 2786 tibi
1549 2759 1657 2790 subest;

878 2812 906 2834 ut
922 2812 947 2834 et
962 2807 1010 2842 ipsi
1024 2807 1065 2834 his
1081 2807 1236 2842 compertis,
1254 2811 1280 2833 te
1307 2807 1377 2833 circa
1395 2805 1456 2833 illos
1478 2805 1512 2832 ita
1533 2804 1658 2832 aﬂ‘cclum
