1914 3077
258 118 308 149 567

256 180 308 200 non
324 177 480 209 coarguant.
500 173 554 201 Abs
567 182 596 201 re
609 174 681 201 enim
695 178 765 202 esset
779 181 822 202 me
834 174 960 207 scribere,
971 181 1032 202 cum
1054 174 1074 200 A

255 225 299 248 tua
314 220 398 255 pictas
416 220 512 254 possit,
531 225 557 247 et
583 224 706 247 nostrum
730 228 794 255 erga
818 220 880 247 illos
908 219 1033 246 aﬂ'cctum

255 266 388 297 nuntiare,
403 271 427 293 et
444 266 534 293 omnia
546 273 607 300 qua;
620 265 719 292 desunt
745 265 865 299 implere.
882 264 973 292 Gratia
985 265 1034 292 Do-

254 311 338 344 mino,
355 312 401 346 qui
415 311 534 346 implevit
546 316 571 339 te
586 312 659 338 omni
675 311 758 339 verbo
769 315 796 338 et
818 311 890 338 omni
909 311 1032 338 scientia.

253 357 304 390 Qui
320 357 411 392 itaque
429 357 615 391 paenitentiam
635 360 729 391 agunt,
755 356 928 383 anathemate
958 356 1034 383 dam-

255 405 328 432 nent,
343 408 472 436 expresso
488 401 609 434 nomine,
632 408 743 435 pravam
767 400 864 428 Euzoii
878 405 905 428 et
919 400 1034 427 Eudoxii

254 447 416 473 doctrinam.
431 446 471 473 Illi
496 446 567 474 enim
593 447 700 473 Arianae
717 447 852 474 haereseos
874 447 992 481 patroni,
1005 446 1033 473 in

254 492 394 518 Christum
426 491 646 526 blasphemantes
683 496 836 518 creaturam
878 499 940 518 eum
974 498 1035 519 esse

255 537 433 571 scripserunt.
458 537 643 564 Conﬁteantur
668 544 776 571 quoque
805 536 883 563 (idem
910 536 1034 564 Nicaeaea

255 581 380 609 Patribus
405 582 585 614 declaratam,
615 586 642 609 et
665 582 767 609 nullam
796 581 877 608 aliam
902 581 1035 616 synodum

256 627 320 654 huic
353 632 526 663 anteponant.
564 626 656 654 Saluta
694 626 792 654 fratres
819 627 865 661 qui
905 626 976 660 apud
1009 631 1035 654 te

256 677 335 705 sunt;
360 673 407 707 qui
439 672 510 708 apud
535 679 578 700 me
602 673 712 708 degunt,
741 677 767 701 te
792 672 820 700 in
850 672 965 700 Domino
990 678 1036 700 sa-

255 717 390 793 “gris.
406 756 445 784 De
462 756 507 789 iis,
523 757 569 792 qui
583 756 664 785 idolis
689 757 829 785 immolata
852 757 1042 789 comederunt.

257 810 282 831 et.
295 804 341 839 qui
359 804 438 832 idolis
459 804 658 837 sacriﬁcarunt.
679 807 798 841 synodus
823 805 1000 841 Gangrensis,
1016 811 1043 833 et

257 849 344 876 sancti
357 849 428 876 Petri
444 849 642 885 archiepiscopi
668 850 854 883 Alexandrini,
867 856 894 879 et
905 851 1042 887 martyris,

256 903 375 922 canones
390 895 444 931 5.5
462 895 547 924 fusius
564 900 692 924 tractant.
706 896 830 925 Praesens
846 901 939 925 autem
956 897 1042 925 sancti

255 941 397 969 Athanasii
420 942 533 976 epistola
564 946 662 970 tractat
692 943 726 970 de
758 943 802 976 iis,
829 943 876 978 qui
909 943 1044 970 haereticis

255 988 528 1021 communicarunt,et
541 989 574 1017 ad
587 989 735 1018 Ecclesiam
755 989 896 1018 accedunt.
908 990 948 1017 Ad
960 989 1043 1016 Bulli-

257 1032 366 1059 nianum
383 1032 467 1065 enim,
483 1033 528 1067 qui
554 1032 628 1060 illum
656 1034 881 1067 interrogaverat,
905 1034 1041 1067 scribens,

255 1085 368 1108 sanctus
382 1082 432 1113 ait,
446 1081 532 1115 quod,
545 1082 591 1116 qui
610 1080 678 1117 lapsi
691 1085 755 1109 sunt
766 1085 793 1109 et
811 1081 946 1110 haereticis
968 1089 1043 1109 com-

255 1126 432 1154 municarunt
445 1131 472 1153 et
495 1127 644 1161 impietatis
657 1128 799 1162 praesides,
812 1132 838 1156 et
851 1128 958 1163 patroni
983 1127 1042 1154 fue-

255 1177 332 1205 runt,
350 1173 383 1199 ad
397 1173 583 1208 paenitentiam
597 1173 706 1208 quidem
728 1174 929 1202 admittuntur:
946 1174 969 1202 si
994 1181 1044 1200 au-

255 1225 308 1246 tem
324 1220 378 1247 sint
395 1220 497 1253 clerici,
510 1220 552 1248 vel
571 1221 638 1248 alias
657 1221 684 1248 in
707 1221 793 1249 sacris
820 1222 971 1254 ordinibus,
997 1226 1042 1249 sa-

253 1265 465 1300 cerdotiodigni
480 1273 533 1294 non
549 1267 693 1295 habentur.
720 1267 771 1300 Qui
789 1272 879 1296 autem
895 1267 1043 1302 impietatis

256 1319 308 1339 non
331 1313 430 1341 ruerint
457 1318 592 1346 auctores,
615 1320 662 1342 seu
687 1314 733 1349 qui
755 1322 804 1342 sua
833 1314 994 1343 auctmitate
1011 1319 1042 1342 et

255 1356 393 1384 voluntate
410 1364 470 1384 cum
490 1358 627 1385 haereticis
641 1365 696 1386 non
711 1359 980 1393 communicaverint,
995 1360 1042 1387 sed

255 1409 269 1426 ιι
283 1402 383 1435 pietate
400 1402 435 1429 ad
446 1402 618 1443 impietatem
640 1404 666 1431 vi
689 1405 767 1432 tracti
789 1404 908 1438 fuerint;
937 1405 960 1433 si
987 1405 1042 1433 sint

253 1448 362 1483 quidem
379 1448 482 1483 clerici,
498 1454 524 1477 et
543 1450 620 1477 venia
641 1450 714 1486 digni
728 1451 872 1484 habentur,
897 1455 924 1478 et
936 1459 951 1478 a
968 1451 1042 1479 clero

254 1502 307 1521 non
323 1495 512 1523 abalienantur
534 1504 541 1522 :
555 1503 644 1530 eoque
659 1498 755 1532 magis,
774 1497 844 1532 quod
869 1501 997 1525 asserunt
1013 1504 1042 1524 se
1055 1502 1077 1530 c

1059 832 1080 860 Β

254 1540 286 1567 ad
301 1540 466 1575 impietatem
487 1549 541 1569 non
557 1542 641 1570 fuisse
658 1543 813 1575 traductos,
831 1549 878 1570 seu
899 1542 1040 1570 heretico-

254 1591 313 1611 rum
333 1585 473 1613 sententize
500 1593 552 1613 non
578 1585 661 1614 fuisse
684 1593 822 1618 assensos.
849 1583 897 1615 sed
923 1588 1039 1622 quodam

253 1631 366 1658 consilio
381 1631 420 1658 eis
435 1632 661 1666 communicasse,
679 1640 711 1660 ne
731 1633 765 1661 iis
792 1633 826 1661 ab
844 1633 968 1662 ecclesiis
993 1640 1040 1661 ex-

252 1677 348 1711 pulsis,
372 1679 416 1706 alii
433 1679 508 1714 impii
525 1679 551 1708 in
566 1687 659 1707 eorum
678 1680 766 1708 locum
788 1681 1038 1713 introducerentur,

251 1729 279 1751 ct
295 1726 422 1760 pOpulum
448 1726 627 1754 orthodoxum
650 1731 865 1762 corrumperent.
893 1726 951 1755 Visi
975 1731 1039 1754 sunt

253 1771 344 1804 igitur,
361 1772 463 1807 inquit,
476 1772 532 1800 haec
552 1772 643 1800 dicere
654 1773 840 1807 probabiliter,
860 1773 949 1800 Aaron
967 1779 1036 1807 quo-

252 1825 305 1852 que
322 1818 445 1852 exemplo
460 1822 576 1847 utentes.
601 1818 647 1858 Ille
673 1820 756 1851 enim.
788 1826 847 1848 cum
879 1819 985 1855 Moyses
1009 1819 1036 1846 in

253 1867 344 1890 monte
357 1864 457 1891 diutius
472 1869 546 1893 esset
560 1870 693 1898 moratus,
715 1869 742 1893 et
756 1866 932 1893 Hchrmorum
952 1873 1038 1900 popu-

253 1909 294 1937 lus
308 1910 372 1937 deos
390 1915 533 1944 quaereret,
554 1912 637 1939 cessit
652 1919 746 1939 eorum
768 1911 998 1946 praevaricationi,
1010 1917 1038 1940 et

251 1955 358 1982 t'usilem
373 1956 484 1983 vitulqu
501 1957 525 1983 ei
546 1956 604 1984 tieri
624 1958 756 1992 permisit.
776 1955 834 1984 Hoc
854 1961 943 1984 autem
964 1956 1035 1990 fecit,

251 2009 285 2028 ne
308 2009 433 2030 reversus
455 2002 482 2030 in
509 2002 656 2039 Egyptum
683 2002 798 2039 populus
825 2002 852 2030 in
877 2002 1034 2038 Egyptiaca

250 2048 400 2076 idololatria
415 2054 597 2083 permaneret,
610 2053 747 2084 reputans,
762 2049 845 2084 quod,
867 2055 929 2076 cum
943 2049 998 2076 sint
1011 2050 1037 2077 in

249 2095 368 2127 deserto,
387 2097 515 2128 poterunt
539 2095 572 2122 ab
585 2095 723 2129 impietate
746 2095 875 2123 desistere
892 2103 900 2123 :
917 2095 962 2122 sed
972 2095 994 2123 si
1008 2095 1036 2123 in

249 2140 367 2175 Egypto
379 2140 491 2174 iuerint,
506 2140 681 2175 eruntmagis
693 2140 779 2175 impii,
795 2148 885 2169 mores
896 2141 1036 2177 Egyptio-

249 2194 309 2213 rum
327 2191 481 2221 sequentes.
499 2186 538 2214 Ac
555 2186 588 2214 de
604 2185 638 2214 iis
654 2186 773 2221 quidem,
790 2187 837 2222 qui
852 2194 946 2216 sacros
963 2187 1036 2215 ordi-

249 2240 298 2260 nes
311 2236 495 2266 sompserunt,
519 2232 575 2259 haec
592 2232 666 2261 dicit.
683 2232 808 2268 Deceptis
819 2238 921 2266 autem,
938 2238 965 2261 et
981 2234 1035 2260 vim

249 2279 338 2313 passis
350 2278 427 2306 laicis
443 2278 522 2306 venia
538 2279 628 2312 datur,
645 2280 789 2315 susceptis,
809 2284 836 2307 et
855 2279 890 2307 ab
902 2279 1035 2314 episcopis

248 2325 380 2352 canonice
397 2323 570 2359 dispensatis,
585 2329 679 2360 utpote
702 2326 748 2360 qui
770 2325 897 2353 haeretica
919 2325 1036 2352 debeant

248 2375 342 2406 aperte
360 2370 591 2399 anathematizare
616 2379 665 2400 seu
690 2371 716 2399 in
741 2371 862 2399 Ecclesia
884 2370 1034 2398 :Nicenam

250 2423 340 2445 autem
359 2417 536 2445 orthodoxam
553 2418 632 2445 [idem
645 2418 781 2446 conﬁteri.
804 2418 958 2453 Ἐκεχειρία
972 2425 1036 2446 vero

248 2464 350 2492 dicitur
363 2464 451 2500 quies,
467 2469 495 2493 et
517 2465 609 2500 operis
632 2464 767 2497 remissio,
797 2471 857 2499 quae
881 2469 910 2492 et
932 2464 1035 2492 vacatio

249 2512 362 2539 remissa
374 2512 485 2545 dicitur,
501 2519 513 2539 a
530 2512 656 2539 manibus
672 2510 853 2543 continendis,
874 2516 903 2538 ut
922 2518 981 2546 quae
1000 2511 1037 2540 sit

249 2565 377 2586 manuum
389 2558 566 2586 continentia.
576 2557 643 2586 Nota
655 2563 720 2592 ergo
730 2564 760 2584 es
773 2557 899 2591 prtesenti
912 2558 1035 2592 epistola,

248 2605 319 2639 quod
335 2605 412 2633 aliter
429 2605 589 2641 puniuntur,
603 2604 648 2639 qui
670 2611 719 2639 per
739 2604 791 2631 vim
816 2611 876 2631 cum
904 2604 1036 2632 haereticis

248 2652 335 2681 solum
349 2653 594 2684 communicarunt,
608 2650 685 2679 aliter
697 2651 744 2686 qui
769 2651 812 2679 his
827 2657 1036 2686 consenserunt,

248 2704 275 2726 ct
287 2699 450 2733 impieiateni
465 2698 653 2730 defenderunt,
664 2697 742 2725 aliter
757 2698 802 2733 qui
821 2698 853 2725 ad
867 2697 1034 2733 impietatem

249 2745 460 2781 transfugerunt,
475 2745 555 2772 aliter
571 2744 618 2780 qui
639 2744 680 2772 his
693 2745 937 2777 comtnunicarunt,
951 2750 979 2773 et
993 2753 1036 2774 sa-

250 2791 417 2823 rriﬂrarunt,
433 2791 512 2819 aliter
529 2791 575 2827 qui
598 2790 746 2826 idolothyta
761 2791 785 2818 vi
799 2792 985 2825 comedernnt,
1010 2796 1038 2819 ct

250 2837 329 2864 aliter
338 2837 434 2873 quibus
447 2837 478 2867 ad
490 2837 540 2867 hoc
555 2837 692 2874 ipsum,ut
707 2838 888 2875 comederent,
901 2838 942 2867 vis
957 2838 1036 2868 allata

870 116 1006 148 THEOD.
1023 117 1138 149 BALSA
1143 116 1222 148 MON

1100 173 1223 207 γράφειν,
1238 174 1387 211 δυναμένης
1403 177 1452 212 τῆς
1468 177 1516 214 σῆς
1526 179 1665 212 εὐλαϐείας
1683 181 1729 208 καὶ
1742 182 1791 217 τὴν
1807 182 1877 217 ήμῶν

1100 219 1162 252 περὶ
1175 219 1271 252 αὐτοὺς
1281 221 1398 249 διάθεσιν
1412 223 1586 258 ἀπαγγεῖλαι,
1601 227 1646 252 καὶ
1675 227 1763 254 πάντα
1782 228 1817 254 τὰ
1829 228 1877 255 λεί-

1099 272 1183 291 ποντα
1214 266 1423 304 ἀποπληρῶσαι.
1450 270 1538 305 Χάρις
1564 271 1601 305 τῷ
1627 272 1722 307 Κυρίῳ
1745 273 1784 308 τῷ
1814 274 1875 309 πλη-

1100 309 1216 354 ρῴσαντί
1231 319 1259 337 σε
1275 312 1304 338 ὲν
1323 314 1403 340 παντὶ
1416 314 1486 350 λόγῳ
1506 316 1554 341 καὶ
1569 317 1643 353 πάσῃ
1659 318 1769 351 γνώσει.
1787 319 1819 345 Οί
1835 320 1876 354 μὲν

1099 353 1144 382 οὖν
1157 356 1347 391 μετανοοῦντες
1363 360 1486 395 φανερῶς
1500 361 1772 397 ἀναϐεματιζέτωσαν
1786 353 1876 397 ὀνομά-

1099 399 1189 432 ζοντες
1203 401 1327 435 Εὑδοξίου
1346 404 1393 429 καὶ
1405 405 1524 436 Εὺζωῖου
1537 406 1586 442 τὴν
1599 408 1769 441 κακοδοξίαν.
1833 410 1877 435 Αὑ-

1098 445 1139 471 τοὶ
1149 445 1203 481 γὰρ
1215 447 1305 474 λοιπὸν
1323 448 1543 484 βλασφημοῦντες
1555 470 1563 482 ,
1594 451 1675 478 αὐτὸν
1701 453 1804 487 κτίσμα
1832 454 1878 479 ἀπ-

1098 491 1253 526 εγράψαντο
1273 494 1322 528 τῆς
1340 495 1476 530 Ἀρειανῆς
1491 495 1621 530 αίρέσεως
1630 498 1790 532 προστάται.
1805 499 1878 534 Ὁμο-

1099 535 1261 569 λογεὶτωσαν
1286 538 1314 565 δὲ
1339 540 1386 574 τήν
1415 540 1443 566 ὲν
1454 540 1555 575 Nimia.
1581 541 1656 576 παρὰ
1679 541 1733 568 τῶν
1754 543 1878 578 Πατέρων

1097 581 1304 616 ὁμολογηθεῖσαν
1321 583 1419 615 πίστιν,
1446 585 1493 611 καὶ
1523 585 1654 620 μηδεμίαν
1677 586 1761 621 ἄλλην
1777 587 1877 614 G‘va‘t-t

1099 627 1254 662 προκρίνειν
1267 627 1366 663 ταύτης
1379 629 1427 664 τῆς
1445 630 1563 656 συνόδου.
1589 631 1723 666 Πρόσειπε
1740 632 1789 667 τὴν
1805 634 1874 662 παρὰ

1099 670 1141 696 σοι
1163 671 1342 707 ἀδελφότητα·
1367 672 1396 698 σὲ
1419 673 1436 707 ή
1458 674 1506 699 σὺν
1531 674 1597 709 ἡμῖν
1620 675 1648 700 ὲν
1674 675 1770 710 Κυρίῳ
1794 684 1877 711 προσ-

1098 715 1233 749 αγορεύει.

1133 760 1233 788 ΒΔΛΣ.
1247 762 1315 797 Περὶ
1330 762 1385 789 τῶν
1399 762 1562 790 εἰδωλόθυτα
1588 763 1742 797 φαγόντων,
1759 762 1810 789 καὶ
1821 761 1881 796 περὶ

1096 805 1150 832 τῶν
1163 806 1303 834 θυσάντων
1317 809 1373 839 τοῖς
1396 808 1526 840 είδώλοις,
1546 809 1563 843 ἠ
1589 809 1617 835 ὲν
1634 808 1752 843 Γύγγρᾳ
1776 807 1882 838 σύνοδος

1095 852 1142 878 καὶ
1170 853 1195 879 οί
1219 853 1330 885 κανόνες
1354 854 1402 880 τοῦ
1420 853 1497 888 ἁγίου
1526 854 1631 890 Πέτρου
1661 853 1881 889 ἀρχιεπισκὸπου

1101 897 1304 934 ⁹Αλεξανδρείας
1318 900 1366 926 καὶ
1382 900 1521 934 μάρτυρος
1536 899 1706 935 πλατύτερον
1726 899 1881 934 διαλαμϐἁο

1094 953 1196 972 νουσιν.
1214 944 1246 971 Ἦ
1265 945 1294 973 δὲ
1309 945 1435 980 παροῦσα
1455 946 1584 982 ἐπιστολὴ
1603 946 1651 973 τοῦ
1667 946 1749 980 ἁγίου
1766 946 1881 974 Ἀθανα-

1095 990 1154 1017 σίου
1169 990 1348 1026 διαλαμϐάνει
1361 992 1425 1027 περὶ
1439 990 1493 1018 τῶν
1514 992 1796 1027 συγκοινωνησάντων
1813 993 1885 1026 αἱρε-

1093 1038 1189 1071 τικοϊς,
1205 1038 1253 1064 καὶ
1279 1038 1508 1073 προσερχομένων
1521 1039 1555 1073 τῇ
1570 1038 1731 1073 Ἐκκλησία.
1746 1039 1818 1072 Φησὶ
1832 1038 1882 1072 γὰρ

1094 1084 1108 1110 ό
1125 1084 1203 1118 ἆγιος
1218 1083 1385 1110 ἐπιστέλλων
1399 1083 1466 1119 πρὸς
1480 1083 1526 1110 τὸν
1539 1083 1885 1119 ὲρωτήσανταῬουφιανὶν

1093 1129 1135 1156 ὃτι
1150 1130 1175 1156 οι
1201 1129 1237 1165 μὴ
1255 1129 1509 1164 παραπεπτωκότες
1526 1130 1574 1156 καὶ
1587 1129 1809 1164 κοινωνήσαντες
1831 1131 1884 1160 τοῖς

1093 1173 1254 1208 αἱρετικοῖς,
1279 1175 1326 1201 καὶ
1343 1174 1495 1210 προστάται
1517 1174 1565 1201 καὶ
1581 1174 1729 1209 συνήγοροι
1745 1173 1798 1208 τῆς
1821 1175 1884 1201 ἀσε-

1093 1219 1170 1251 ϐείας
1182 1221 1335 1256 γενόμενοι,
1351 1221 1392 1252 είς
1409 1220 1555 1255 μετάνοιαν
1571 1220 1621 1255 μὲν
1635 1220 1772 1255 δέχονται,
1789 1220 1884 1255 κληρι-

1093 1266 1137 1293 κοὶ
1150 1266 1178 1293 δὲ
1192 1266 1297 1301 ὄντεςῆ
1319 1266 1405 1296 ἄλλως
1430 1267 1572 1301 ίερωμένοι
1589 1266 1639 1300 τῆς
1661 1266 1818 1300 ίερωσύνης
1839 1266 1885 1292 οὐκ

1093 1312 1242 1346 ἀξιοῦνται.
1267 1312 1299 1339 01
1323 1312 1360 1348 μὴ
1371 1311 1564 1344 αὑθεντοῢντες
1588 1312 1658 1346 ὑπὲρ
1675 1312 1728 1346 τῆς
1743 1312 1885 1345 ἀσεϐείας,

1092 1358 1177 1393 ἤγουν
1190 1359 1227 1393 μὴ
1246 1358 1317 1385 κατὰ
1330 1358 1473 1385 αὑθεντίαν
1486 1358 1534 1385 καὶ
1547 1358 1617 1384 κατὰ
1631 1358 1758 1384 ἑκούσιον
1772 1357 1886 1393 γνώμην

1092 1405 1305 1440 κοινωνήσαντες
1321 1405 1377 1436 τοῖς
1388 1404 1547 1439 αίρετικοίς,
1567 1404 1635 1431 ἀλλὰ
1650 1404 1748 1438 βιαίως
1768 1404 1884 1437 ἐξελκυ-

1094 1450 1202 1482 σθέντες
1216 1450 1270 1477 ἀπὸ
1282 1451 1332 1485 τῆς
1357 1450 1501 1481 εὐσεϐείας
1523 1450 1564 1481 είς
1588 1449 1728 1481 ἀσέϐειαν,
1754 1449 1885 1485 κληρικοὶ

1093 1496 1180 1529 ὅντες,
1210 1496 1375 1532 συγγνώμης
1391 1495 1541 1528 ἀξιοῦνται,
1566 1495 1614 1522 καὶ
1637 1494 1685 1521 τοῦ
1709 1495 1819 1530 κλήρου
1840 1495 1885 1520 οὒκ

1093 1541 1305 1575 ἀποξενοῦνται·
1336 1541 1504 1577 καὶμᾶλλον
1530 1541 1572 1568 ὅτι
1598 1539 1827 1567 διαϐεϐαιοῦνται
1852 1540 1885 1575 μὴ

1095 1588 1297 1624 μεταϐληθῆναι
1313 1588 1353 1618 είς
1366 1587 1505 1619 ἀσέϐειαν,
1522 1587 1609 1622 ἦγουν
1631 1586 1669 1621 μὴ
1685 1585 1838 1613 συνθέσθαι
1855 1588 1885 1620 τῇ

1092 1635 1156 1670 δόξῃ
1182 1636 1237 1662 τῶν
1260 1636 1421 1670 αίρετικῶν.
1443 1635 1511 1662 ἀλλὰ
1532 1634 1603 1662 κατὰ
1623 1634 1704 1668 λόγον
1727 1634 1887 1669 οίκονομίας

1093 1680 1312 1716 συγκοινωνῆσαι
1325 1680 1442 1713 τούτοις,
1456 1681 1500 1707 ῐνα
1513 1679 1562 1715 μὴ.
1573 1680 1665 1707 αὐτῶν
1679 1679 1888 1714 ὲκδιωχθὲντων

1092 1724 1147 1751 ἀπὸ
1171 1723 1225 1751 τῶν
1252 1724 1415 1760 ἐκκλησιῶν,
1432 1724 1523 1760 ἕτεροι
1547 1724 1657 1756 ἀσεϐεῖς
1681 1725 1888 1760 ἀντεισαχθῶσι

1092 1770 1140 1796 καὶ
1169 1769 1347 1805 διαφθείρωσι
1366 1770 1412 1797 τὸν
1441 1770 1582 1806 ὸρθόδοξον
1597 1769 1672 1797 λαόν.
1689 1770 1809 1803 Ἐδοξαν
1830 1768 1888 1803 οὖν,

1093 1814 1170 1848 φησὶ,
1187 1814 1311 1847 πιθανῶς
1326 1815 1413 1842 ταῦτα
1427 1815 1530 1850 λέγειν,
1554 1815 1694 1851 χρώμενοι
1715 1816 1765 1842 καὶ
1787 1824 1889 1851 παρα-

1091 1859 1219 1895 δείγματι
1238 1860 1354 1896 Ἀαρών.
1376 1861 1498 1893 Ἐκεῖνος
1521 1861 1583 1896 γάρ,
1598 1861 1647 1888 τοῦ
1663 1861 1810 1892 Μωῡσέως
1827 1870 1890 1896 χρο-

1092 1905 1216 1937 νίσαντος
1232 1906 1262 1933 ὲν
1289 1906 1327 1942 τῷ
1353 1906 1422 1942 ὄρει,
1447 1907 1497 1934 καὶ
1512 1907 1560 1933 τοῦ
1576 1906 1643 1933 λαοῦ
1670 1906 1727 1933 τῶν
1747 1906 1889 1941 Ἐϐραίων

1091 1950 1171 1983 θεοὺς
1185 1951 1340 1987 ζητοῦντος,
1358 1953 1472 1979 ἐνέδωκε
1485 1953 1518 1988 τῇ
1532 1951 1636 1979 τούτων
1651 1952 1827 1986 παραϐάσει,
1843 1953 1890 1979 καὶ

1091 1997 1219 2030 γενέσθαι
1231 1998 1324 2030 αὐτοῖς
1335 1997 1517 2034 παρεχώρησε
1525 1997 1662 2034 χωνευτὸν
1676 1997 1790 2032 μόσχον.
1801 1998 1891 2024 Τοῦτο

1090 2043 1119 2070 δὲ
1135 2045 1275 2078 εποίησεν,
1301 2045 1344 2071 ἵνα
1369 2045 1407 2080 μὴ
1428 2045 1443 2071 ὁ
1467 2045 1530 2076 λαὸς
1545 2043 1720 2079 ὑποστρέψας
1741 2045 1785 2075 είς
1802 2045 1891 2078 Αἴγυ-

1090 2099 1157 2118 πτον
1169 2091 1297 2127 ἑπιμείνῃ
1307 2093 1340 2128 τῇ
1354 2091 1562 2127 είδωλολατρείᾳ
1572 2092 1606 2126 τῇ
1615 2092 1804 2126 Alvum-taxi},
1813 2091 1892 2125 λογι-

1091 2137 1208 2172 σάμενος
1215 2138 1266 2170 ὅτι,
1278 2139 1307 2165 έν
1315 2139 1348 2173 τῇ
1358 2138 1452 2173 ἐρήμῳ
1461 2137 1548 2169 ὅντες,
1557 2138 1719 2173 δυνήσονται
1730 2138 1891 2172 ἀποστῆναι

1055 2178 1076 2205 Ῑ)
1090 2184 1140 2216 τῆς
1154 2183 1283 2215 ἀσεϐείας
1295 2191 1303 2200 ⁸
1323 2183 1353 2210 ἐν
1365 2183 1394 2210 δὲ
1413 2184 1447 2219 τῇ
1463 2183 1594 2218 Αἰγύπτῳ
1609 2182 1764 2217 γενόμενοι,
1782 2182 1891 2216 μᾶλλον

1087 2229 1326 2264 ἀσεϐήσουσιτοῖς
1352 2229 1511 2264 Αἰγυπτίων
1541 2229 1671 2263 ἑπόμενοι
1703 2228 1792 2255 ἔθεσι.
1830 2228 1889 2255 Καὶ

1087 2274 1152 2311 περὶ
1166 2275 1216 2310 μὲν
1229 2275 1387 2310 ἱερωμένων
1400 2274 1488 2303 ταῦτά
1499 2283 1577 2310 φησι.
1594 2275 1658 2305 Τοῖς
1669 2273 1698 2300 δὲ
1715 2273 1888 2308 ἀπατηθείσι

1086 2323 1134 2349 καὶ
1149 2321 1210 2357 βίαν
1225 2321 1344 2349 παθοῦσι
1356 2321 1463 2353 λαῖκοῖς
1477 2320 1627 2356 συγγνώμη
1639 2319 1755 2350 δίδοται,
1771 2319 1890 2354 δεχομέ-

1087 2376 1145 2399 νοις
1160 2368 1207 2394 καὶ
1230 2367 1470 2403 οἱκονομουμένοις
1489 2367 1568 2401 παρά
1581 2365 1636 2392 τῶν
1652 2365 1814 2391 ἐπισκόπων
1839 2374 1892 2392 κα-

1087 2413 1210 2446 νονικῶς,
1225 2413 1262 2445 ῶς
1289 2413 1336 2440 καὶ
1358 2413 1515 2448 ὀφείλουσιν
1537 2411 1753 2446 ἀναθεματίζειν
1782 2410 1838 2444 μὲν
1858 2412 1893 2438 τὰ

1086 2457 1141 2485 τῶν
1163 2457 1309 2492 αίρετικῶν
1339 2457 1486 2492 φανερῶς,
1513 2457 1600 2492 ῆγουν
1633 2457 1677 2483 ἐπ’
1706 2455 1891 2490 ἐκκλησίας·

1087 2502 1228 2538 ὁμολογεῖν
1240 2503 1269 2529 δὲ
1285 2502 1335 2539 τὴν
1355 2502 1385 2529 ιν
1397 2501 1501 2537 Νικαίᾳ
1516 2501 1662 2538 ὀρθόδοξον
1678 2500 1785 2528 πίστιν.
1805 2500 1893 2528 Ἐκε-

1089 2549 1181 2585 χειρία
1194 2549 1223 2576 δὲ
1251 2549 1361 2584 λέγεται
1383 2550 1400 2585 ἡ
1415 2548 1500 2585 ἀργία
1529 2548 1577 2576 καὶ
1602 2546 1735 2584 ἀπραξία,
1756 2548 1822 2583 ητις
1840 2549 1895 2575 καὶ

1088 2596 1182 2628 ἄνετος
1198 2596 1276 2623 ἄδεια
1293 2596 1415 2630 λέγεται,
1430 2595 1486 2622 ἀπὸ
1508 2595 1555 2622 τοῦ
1582 2594 1693 2630 ἐπέχειν
1708 2594 1758 2626 τὰς
1775 2594 1894 2629 χεῖρας,

1088 2643 1228 2678 ἐκεχειρία
1253 2651 1296 2675 τις
1315 2639 1394 2670 οὖσα.
1423 2642 1582 2677 Σημείωσαι
1607 2640 1654 2668 οὖν
1683 2640 1731 2667 καὶ
1759 2640 1815 2667 ἀπὸ
1837 2641 1895 2676 τῆς

1090 2689 1231 2725 παρούσης
1251 2688 1397 2724 ἐπιστολῆς
1409 2689 1450 2716 ὅτι
1474 2688 1564 2721 ἄλλως
1580 2687 1744 2720 κολάζονται
1759 2687 1786 2713 οῑ
1813 2687 1893 2714 κατὰ

1089 2735 1152 2769 βίαν
1169 2736 1385 2772 κοινωνήσαντες
1400 2735 1481 2770 μόνον
1494 2736 1550 2766 τοῖς
1565 2734 1725 2768 αίρετικοϊς,
1748 2732 1844 2765 ἄλλως
1866 2735 1893 2760 οί

1089 2782 1326 2818 ὀμοφρονήσαντες
1341 2781 1447 2812 τούτοις
1465 2780 1512 2808 καὶ
1527 2773 1597 2815 ὑπὲρ
1609 2779 1659 2814 τῆς
1675 2778 1808 2810 ἀσεϐείας
1823 2787 1893 2806 συν-

1091 2829 1290 2864 ηγορήσαντες,
1301 2828 1389 2860 ἄλλως
1398 2829 1422 2855 οἱ
1436 2827 1683 2862 αὐτομολήσαντες,
1692 2825 1782 2857 ἄλλως
1791 2825 1815 2852 οἱ
1827 2833 1892 2852 x9:-
