1914 3077
102 122 154 154 569

570 129 610 161 ΙΝ
625 132 746 163 EPIST.
761 134 794 163 S.
814 133 1026 165 ATHANASII
1047 137 1098 167 AD
1117 138 1250 170 RUFlN.

1681 139 1735 170 570

103 179 275 212 πονήσαντες
285 181 390 214 τούτοις
403 183 449 210 καὶ
463 183 604 218 θύσαντες,
617 187 702 220 ἄλλως
715 189 739 215 οἱ
752 190 821 216 κατὰ
833 190 889 224 βίαι

954 197 996 219 est
1011 201 1017 218 :
1034 198 1061 219 et
1074 199 1101 219 ut
1114 195 1196 220 semel
1212 195 1313 226 dicam,
1330 203 1427 228 magna
1459 196 1517 222 haec
1541 196 1742 224 exatninatlone

103 225 238 258 φαγόντες
249 227 428 255 εἰδωλόθυτα·
442 231 489 256 καὶ
501 231 589 264 ἄλλως
599 234 622 260 οι
633 234 765 266 παθόντες
776 236 836 271 βίαν
849 237 889 263 κα

955 237 1084 271 indigent,
1098 239 1225 273 quoniam
1240 241 1321 267 etiam
1337 241 1478 268 dilliculter
1495 247 1623 268 cluantur

263 273 412 324 τὶίξαγεῇκ
425 281 472 304 καὶ
488 278 581 310 ἁπλῶς
594 282 627 307 τὰ
637 282 691 308 τῶν
705 283 832 309 τοιαύτων
844 282 965 317 μεγάλης
975 284 1124 318 ἐΕιεττιὶενεωιῖ
1139 287 1254 319 δέονται,
1266 287 1307 313 ὅτι
1323 288 1369 313 καὶ
1381 288 1519 322 δυσχερῶς
1530 286 1740 324 θεραπεύονται.

137 317 264 345 ΖΩΝΑΡ.
284 320 321 346 Οὐ
351 322 415 356 περὶ
441 323 496 349 τῶν
513 324 634 357 είδώλοις
663 327 815 358 θυσάντων,
844 329 892 354 καὶ

101 362 190 395 οὕτως
220 368 482 399 παραπεπτωκότων
511 371 527 405 ἠ
556 371 691 406 ἐρώτησις
710 373 779 408 αὕτη
808 375 892 406 ἐστὶν,

102 409 169 436 ἀλλὰ
188 413 319 445 περὶτῶν
332 414 480 448 αίρετικοῖς
498 420 790 453 συγκοινωνησάντων,
809 420 894 455 ἤγουν

104 456 273 491 Ἀρειανοῖς.
300 459 332 486 Oi
349 459 404 495 γὰρ
418 462 467 496 τῆς
486 462 591 498 Ἀρείου
607 465 752 499 αἱρέσεως,
776 475 894 501 προστε-

101 502 197 533 θέντας
225 505 318 537 αὐτοῖς
345 507 458 542 σχόντες
487 508 609 542 βασιλεῖς
627 511 673 537 τὸν
702 513 894 540 Κωνστάντιον

100 550 147 573 καὶ
161 548 210 574 τὸν
226 549 375 582 Οὐάλεντα,
398 553 548 580 κάντεῦθεν
565 555 638 589 μέγα
653 556 809 591 δυνάμενοι,
827 558 894 585 πολε

99 594 162 638 λοὺς
183 594 332 623 ἐϐιάσαντο
358 598 542 633 προστεθῆναι
568 602 600 635 τῇ
630 601 693 638 δόξῃ
721 603 823 633 αὐτῶν.
842 601 893 631 Ὧν

98 637 215 673 ’ὕστερον
231 641 445 676 μετανοούντων,
465 645 511 671 καὶ
528 649 756 682 προσερχομένων
774 650 807 683 τῇ
824 649 892 676 καθ-

99 683 178 719 ολικῇ
207 685 369 724 Ἐκκλησία,
394 688 538 725 ἠρώτησεν
554 692 568 718 ὁ
586 692 772 727 Ῥουφινιανδς
781 694 892 721 ἐπίσκο-

97 739 150 762 πος
165 731 215 764 ὢν,
229 733 304 764 ὅπως
319 734 372 770 χρὴ
387 735 451 767 τοὺς
464 737 603 770 τοιούτους
616 739 743 774 δέχεσθαι
756 747 762 755 ·
776 741 844 775 πρὸς
859 741 893 775 ἢν

98 775 236 812 ἐρώτησιν
253 778 389 816 ἀπεκρίθη
406 782 421 808 δ
439 782 524 817 μέγας
546 784 704 817 Ἀθανάσιος
718 786 772 817 ὅτι,
787 787 892 814 πολλῶν

97 824 255 856 γενομένων
281 826 402 853 συνόδων
420 828 541 855 τοπικῶν
559 829 659 866 δηλαδὴ
688 831 754 866 περὶ
776 832 890 864 τούτων,

97 870 199 902 ἔδοξεν,
215 871 287 899 ὥστε
296 874 352 905 τοῖς
371 874 421 908 μὲν
431 877 624 910 παραπεσοῦσι
633 879 820 914 κοινωνήσασι
835 881 892 911 τοῖς

96 915 260 948 αἰρετικοῖς,
278 917 325 944 καὶ
340 918 375 945 τὰ
398 919 469 947 αὐτὰ
493 921 612 954 ἐκείνοις
628 924 739 957 φρονεῖν
753 924 891 959 ὁμολογή-

97 967 173 990 σασι,
193 962 241 987 καὶ
261 962 292 988 οὐ
321 962 403 997 μόνον
420 964 511 998 τοῦτο,
528 966 595 993 ἀλλὰ
618 968 664 994 καὶ
678 969 890 1004 προϊσταμένοις

95 1005 148 1040 τῆς
165 1006 313 1039 ἀσεϐείας·
337 1009 422 1044 ἤγουν
440 1011 726 1048 ὑπεραγωνιζομένοις
745 1016 830 1050 αὐτῆς
844 1015 891 1043 καὶ

96 1052 363 1088 συνηγοροῦσι,“καὶ
392 1055 499 1083 πείθειν
518 1057 682 1086 σπεύδουσιν
704 1059 741 1091 ὡς
762 1060 890 1096 ἀσφαλὴς

95 1097 112 1131 ἡ
129 1097 246 1124 ἐκείνων
268 1099 327 1125 ἔστι
348 1099 424 1132 δόξα,
449 1102 610 1136 μετανοοῦσι
635 1104 685 1131 καὶ
705 1106 892 1140 προσερχομέ-

94 1151 151 1175 νοις
179 1146 212 1179 τῇ
243 1145 376 1180 δρθοδόξῳ
400 1147 560 1184 Ἐκκλησία,
583 1149 703 1177 δίδοσθαι
727 1152 777 1185 μὲν
806 1153 891 1186 μετά-

94 1199 171 1218 νοιαν
201 1193 249 1219 καὶ
280 1194 467 1230 συγγνώμην·
499 1196 536 1231 μὴ
565 1197 657 1231 μέντοι
673 1206 706 1232 γε
738 1199 784 1225 καὶ
807 1199 890 1226 τόπον

93 1236 200 1272 κλήρου
229 1238 322 1271 αὐτοῖς
349 1240 564 1276 παραδέχεσθαι.
592 1243 653 1269 Κᾶν
667 1243 722 1278 γὰρ
739 1244 889 1271 ἐπίσκοποι

93 1284 177 1317 τυχὸν
190 1281 262 1319 ἦσαν
275 1285 290 1320 ἢ
305 1286 442 1321 κληρικοὶ,
458 1287 549 1314 οὐκέτι
565 1288 743 1324 δεχθήσονται
755 1290 795 1321 είς
807 1291 888 1317 τόπον

92 1330 264 1365 ἱερωμένων,
279 1331 337 1358 ἀλλ’
353 1332 391 1365 ὼς
401 1332 491 1360 λαῐκοὶ
506 1333 623 1362 ἔσονται.
641 1336 703 1367 Τοῖς
718 1336 746 1363 δὲ
763 1337 800 1372 μὴ
815 1337 884 1364 αὐθ-

91 1376 201 1403 εντοῦσι
224 1377 275 1411 μὲν
295 1378 345 1413 τῆς
374 1379 514 1412 ἀσεϐείας,
540 1381 625 1417 ῆγουν
645 1382 768 1420 μὴκατὰ
790 1383 888 1410 αὐθεν-

90 1423 154 1450 τίαν
170 1423 219 1450 καὶ
234 1424 348 1460 γνώμην
373 1425 498 1453 ἑκούσιον
515 1429 705 1463 κοινωνήσασι
729 1429 786 1460 τοῖς
809 1430 887 1464 αἱρε-

90 1471 197 1501 τικοῖς·
217 1472 403 1506 παρασυρεζσι
420 1472 449 1499 δὲ
477 1472 512 1500 δι’
526 1473 651 1509 ἀνάγκην
667 1475 715 1501 κα)⁸
739 1474 810 1510 βίαν,
827 1474 887 1509 ἦτοι

91 1515 191 1550 βιαίως
217 1517 394 1552 συνθεμένοις
418 1519 452 1554 τῇ
467 1519 603 1554 ἀσεϐείᾳ,
624 1520 672 1547 καὶ
697 1519 886 1553 ἐξελκυσθεῖσι

90 1563 140 1597 τῆς
156 1562 301 1595 εὐσεϐείας
322 1564 431 1600 (ὥσπερ
461 1565 517 1600 γὰρ
536 1566 550 1591 ό
568 1566 621 1592 ὑπὸ
645 1566 762 1600 σφοδρᾶς
779 1566 885 1603 ρδάτων

90 1608 182 1644 φορᾶς
209 1610 441 1645 παρασυρόμενος
457 1611 488 1638 οὐ
506 1612 577 1638 κατὰ
600 1613 763 1647 προαίρεσιν
779 1612 884 1639 οίκείαν

982 328 1107 358 ZONAR.
1122 331 1179 359 Non
1195 333 1227 358 de
1242 332 1340 366 iis,qui
1354 333 1430 360 ido'is
1446 333 1632 365 iuunolavere,
1657 340 1688 359 ac
1702 332 1739 359 ita

946 375 1011 410 lapsi
1030 383 1103 408 sunt,
1123 378 1179 405 haec
1195 379 1309 413 quzeStio
1323 383 1375 411 cst,
1392 387 1484 406 verum
1512 380 1546 406 de
1564 379 1597 405 iis
1613 379 1657 411 qui
1674 386 1739 406 cum

946 422 1082 450 hatreticis
1098 425 1342 458 conununicavere,
1355 426 1462 453 Arianis
1483 425 1620 452 nimirum.
1634 426 1738 452 Etenim

947 468 1052 499 Ariani.
1071 477 1132 496 cum
1150 470 1201 498 sibi
1230 472 1435 499 consentientes
1462 472 1593 499 baberent
1618 472 1738 502 impera-

948 520 1020 542 tores
1037 515 1227 546 Constantium
1244 523 1270 544 et
1286 518 1439 549 Valentem,
1460 525 1493 544 ex
1519 525 1605 550 eoque
1622 517 1737 543 multum

947 562 1084 595 valerent,
1099 563 1262 597 complures,
1280 569 1307 590 ut
1327 565 1445 598 ipsorum
1462 564 1616 598 opinionem
1631 566 1736 597 ample-

945 612 1096 640 cterentur,
1116 616 1165 642 per
1179 609 1233 636 vim
1250 609 1373 643 adegere.
1388 609 1450 642 Qui,
1478 617 1541 636 cum
1568 617 1629 635 mox
1652 609 1739 642 poeni-

944 654 1028 680 tentia
1045 654 1119 681 ducti
1132 655 1164 681 ad
1180 654 1329 682 Ecclesiam
1345 656 1507 683 catholicam
1524 663 1554 682 se
1569 655 1736 686 conferrent,

946 699 1244 733 rogavitﬂuﬂinianus,
1269 701 1369 735 quippe
1394 702 1548 735 episcopus,
1566 708 1690 735 qua-nam
1709 701 1737 727 in

943 744 1076 779 ejusmodi
1105 745 1260 773 hominibus
1294 746 1472 774 admittendis
1506 747 1640 774 servanda
1667 747 1738 773 ratio

943 793 1025 817 esset.
1041 790 1080 817 Ad
1096 797 1179 825 quam
1208 791 1450 826 interrogationem
1478 799 1593 826 magnus
1617 791 1738 818 Athana-

943 835 999 863 sius
1011 837 1161 873 ;espondit
1176 857 1183 869 ,
1206 844 1267 864 cum
1284 838 1376 864 multae
1394 837 1501 873 synodi,
1527 837 1627 864 locales
1655 837 1737 864 nimi-

944 888 1014 913 rum,
1028 881 1061 910 de
1073 881 1116 910 his
1132 883 1276 910 celebratae
1291 883 1356 916 sint,
1377 884 1516 910 decretum
1534 882 1631 915 fuisse,
1655 885 1684 909 ut
1696 882 1736 909 la-

943 928 1009 962 psis,
1022 927 1067 962 qui
1082 935 1143 957 cum
1165 928 1302 957 haereticis
1317 929 1568 959 communicat-unt.
1587 928 1736 962 eademque

944 982 1005 1002 cum
1021 975 1075 1002 illis
1088 975 1190 1003 sentire
1210 983 1241 1003 se
1256 975 1372 1010 professi
1391 981 1466 1005 sunt.
1485 983 1575 1010 neque
1600 975 1652 1002 hoc
1678 981 1736 1002 tan-

944 1025 1014 1053 tum,
1027 1021 1073 1049 sed
1085 1025 1112 1049 et
1124 1021 1274 1057 impietatis
1291 1022 1432 1057 primipili,
1447 1021 1500 1048 hoc
1513 1027 1566 1053 est,
1580 1029 1735 1055 propugna-

944 1070 1017 1094 tores
1028 1071 1055 1094 et
1067 1067 1173 1102 patroni
1191 1067 1312 1100 fuerunt,
1323 1074 1354 1095 ac
1366 1072 1450 1094 tutam
1461 1067 1569 1094 illorum
1579 1066 1734 1100 opiuiouem

942 1120 1003 1140 esse
1016 1114 1182 1148 persuadere
1195 1114 1374 1147 studuerunt;
1398 1114 1422 1142 si
1448 1113 1626 1148 resipuerint,
1651 1120 1736 1148 seque

942 1160 1103 1187 orthodoxae
1123 1159 1250 1188 Ecclesiae
1267 1159 1453 1194 adiunxerint,
1482 1159 1651 1195 pmuiteutiae
1672 1159 1734 1193 qui-

942 1205 1003 1232 dem
1014 1206 1049 1233 sit
1063 1206 1139 1234 locus
1155 1210 1182 1233 et
1197 1206 1280 1234 veniae
1296 1215 1304 1234 :
1327 1210 1455 1233 ceterum
1470 1206 1503 1234 ad
1519 1206 1608 1233 locum
1624 1206 1649 1233 in
1661 1205 1734 1232 clero

940 1251 1117 1279 obtinendum
1137 1252 1291 1279 nullatenus
1313 1251 1506 1280 admittuntur.
1533 1251 1602 1279 Nam
1622 1251 1730 1279 etiamsi

939 1297 1058 1332 episcopi
1076 1296 1190 1325 fuissent
1220 1297 1335 1325 forsitan
1361 1298 1404 1325 vel
1428 1298 1532 1330 clerici,
1562 1303 1732 1332 nequaquam
1755 1323 1757 1325 .

939 1344 966 1371 in
981 1351 1122 1371 sacrorum
1141 1344 1281 1371 hominum
1299 1345 1424 1372 ordinent
1448 1345 1625 1379 recipientur,
1640 1344 1687 1371 sed
1703 1349 1734 1371 ut

939 1388 1003 1416 laici
1018 1395 1109 1416 erunt.
1131 1390 1182 1423 Qui
1200 1398 1264 1418 vero
1290 1391 1440 1425 impietatis
1463 1396 1590 1418 auctores
1621 1391 1733 1418 minime

939 1434 1059 1466 fuerunt,
1076 1435 1128 1463 hoc
1143 1441 1194 1468 est,
1210 1436 1256 1470 qui
1272 1442 1368 1471 sponte
1393 1441 1420 1465 et
1435 1437 1588 1465 voluntarie
1603 1445 1662 1464 cum
1677 1434 1732 1464 Ine-

939 1480 1032 1508 reticis
1054 1488 1107 1508 non
1133 1482 1380 1515 communicarunt,
1411 1483 1577 1511 necessitate
1595 1486 1684 1510 autem
1702 1488 1730 1510 et

937 1525 963 1554 vi
977 1526 1058 1553 tracti
1076 1531 1149 1559 sunt,
1168 1527 1236 1561 sive,
1249 1535 1297 1562 per
1306 1528 1360 1555 vim
1373 1528 1504 1564 impietati
1521 1533 1729 1561 consenserunt,

935 1576 1053 1607 suntque
1064 1581 1079 1599 a
1093 1573 1195 1607 pietate
1208 1574 1337 1602 abstracti
1353 1574 1394 1610 (ut
1419 1574 1503 1607 enim,
1518 1574 1564 1609 qui
1574 1575 1729 1601 vehementi

939 1626 1072 1654 aquarum
1099 1620 1200 1654 impetu
1216 1620 1330 1654 rapitur,
1345 1628 1399 1647 non
1414 1628 1462 1648 sua
1474 1621 1614 1648 voluntate
1640 1620 1731 1647 defer-

90 1655 217 1690 φιριται,
235 1655 304 1683 ἀλλὰ
321 1656 418 1691 βιαίως
444 1657 572 1684 ἐλκεταιο
597 1657 684 1690 οὕτως
702 1658 825 1685 κάκεῖνοι
850 1659 884 1693 τῇ

941 1669 994 1698 tur,
1008 1665 1055 1692 sed
1071 1665 1190 1693 trahitur
1205 1667 1230 1693 vi
1248 1665 1304 1702 46
1319 1666 1433 1694 adactus
1448 1675 1455 1693 :
1471 1667 1511 1693 sic
1523 1671 1550 1693 et
1563 1666 1612 1699 illi,
1625 1667 1660 1693 ob
1672 1666 1730 1693 vim

91 1701 139 1736 βίᾳ
158 1701 319 1736 νικηθέντες
340 1702 395 1729 τῶν
420 1702 579 1738 αιρετικῶν,
604 1703 809 1739 παρεσύρησαν
838 1704 886 1731 καὶ

89 1747 248 1783 ὑπέκυψαν)
274 1747 359 1781 ἔδοξε,
385 1749 464 1784 φησὶ,
486 1749 534 1776 καὶ
561 1749 729 1785 συγγνώμην
761 1749 884 1776 δίδοσθαι

90 1793 328 1829 μεταμελομένοις
340 1802 347 1810 ’
366 1794 515 1830 ἀπονέμειν
530 1794 560 1821 δὲ
576 1795 667 1827 αὐτοῖς
680 1795 787 1822 καὶτὸν
801 1795 884 1822 τόπον

88 1839 136 1866 τοῦ
152 1839 267 1875 κλήρου.
282 1840 339 1867 Καὶ
353 1840 383 1867 οὺ
402 1840 493 1876 μόνον,
513 1841 556 1868 ὃτι
585 1841 745 1876 βιασθέντες
772 1841 886 1870 ὲνδεδώ-

88 1894 166 1919 κασι,
183 1886 454 1922 συγγνωμονοῦνται,
471 1887 565 1922 φησὶν,
584 1887 642 1914 ἀλλ’
663 1889 704 1915 ὅτι
725 1889 773 1915 καὶ
787 1888 886 1915 ἀπολο-

87 1932 153 1966 γίαν
167 1932 290 1968 πιθανὴν
308 1934 461 1962 ποιοῦνται·
480 1935 516 1962 δι’
532 1936 566 1970 ἥν
583 1935 658 1968 ἔδοξε
686 1936 718 1962 τὸ
743 1936 884 1970 ὑποκύψαι

86 1979 191 2011 αὐτοὺς
203 1979 262 2010 τοῖς
287 1979 438 2014 αἱρετικοῖς
462 1981 646 2014 οἰκονομικῶς
670 1981 808 2017 γενέσθαι.
837 1983 884 2008 Δι-

86 2025 292 2053 ιϐιϐαιώσαντο
303 2026 368 2062 γὰρ,
380 2028 439 2054 ἀντὶ
445 2027 504 2059 τοῦ,
514 2028 631 2063 βεϐαίως
645 2029 884 2065 ὲπληροφόρησαν,

88 2071 127 2105 μὴ
148 2070 356 2106 μεταϐληθῆναι
375 2073 415 2104 είς
435 2072 565 2100 ἀσέϐειαν
579 2080 587 2087 ·
613 2073 697 2108 ἤγουν
722 2074 760 2109 μὴ
789 2074 884 2101 συνθέ-

87 2117 153 2144 σθαι
167 2118 202 2152 τῇ
231 2117 295 2153 δόξῃ
323 2118 378 2145 τῶν
395 2119 555 2153 αίρετιχῶν,
576 2119 646 2147 ἀλλὰ
659 2121 708 2155 τῆς
720 2119 805 2155 ὀρθῆς
823 2120 884 2154 ἕχε-

86 2164 151 2191 σθαι
167 2163 290 2195 πίστεως
303 2172 310 2180 ·
329 2165 410 2200 μόνον
430 2165 459 2192 δὲ
476 2166 696 2201 συγκοινωνῆσαι
713 2167 771 2197 τοῖς
803 2165 882 2201 αἰρε-

84 2211 186 2242 τικοῖς,
203 2209 249 2236 ῐνα
268 2209 316 2245 μὴ.
338 2211 429 2238 αὐτῶν
448 2211 650 2248 ἐκδιωχθέντων
662 2212 716 2239 τῶν
729 2211 884 2247 ἐκκλησιῶν

83 2256 176 2291 ἕτεροι
197 2255 308 2287 ἀσεϐεῖς
328 2255 540 2292 ἁντεισαχθῶσι,
567 2257 617 2284 καὶ
627 2257 805 2292 διαφθείρωσι
831 2257 882 2289 τὰς

83 2301 237 2336 ἐκκλησίας
263 2301 323 2337 ἤτοι
348 2302 394 2329 τὸν
409 2303 554 2338 δρθόδοξον
568 2303 648 2331 λαόν.
671 2304 726 2331 Καὶ
740 2303 785 2331 διὰ
801 2303 882 2330 τοῦτο

82 2347 251 2382 ῂρετίσαντο
273 2346 437 2382 συνδραμεῖν
458 2349 491 2384 τῇ
512 2348 569 2384 βίᾳ,
587 2348 725 2383 βαστάσαι
742 2348 773 2375 τὸ
798 2349 882 2384 βάρος

82 2392 131 2419 τοῦ
143 2393 300 2428 ἐπιτιμίου.
311 2392 355 2420 διὰ
365 2394 396 2420 τὸ
410 2394 484 2428 δόξαι
497 2395 650 2429 ὑποκύψαι,
667 2395 714 2422 καὶ
728 2395 766 2430 μὴ
779 2395 881 2430 μᾶλλον

81 2439 147 2471 τοὺς
167 2439 253 2471 λαοὺς
267 2439 428 2467 ἀπολέσθαι.
446 2441 559 2474 Ἔδοξαν
577 2441 639 2475 οὖν,
655 2442 733 2478 φησι,
758 2441 882 2474 πιθανῶς

80 2484 173 2512 ταῦτα
182 2485 285 2519 λέγειν,
295 2486 432 2522 χρώμενοι
444 2488 492 2514 καὶ
501 2488 751 2524 παραδείγματιτῷ
758 2487 878 2524 Ἀαρών.

85 2530 212 2563 Ἐκεὲνος
221 2531 287 2567 γὰρ,
293 2531 344 2558 ιτοῦ
353 2532 476 2565 Μωσέως
485 2533 658 2569 χρονίσαντος
666 2534 698 2560 ὲν
703 2533 742 2568 τῷ
750 2534 820 2569 opst,
830 2533 878 2561 καὶ

53 2583 59 2587 ’
81 2576 132 2604 τοῦ
146 2577 216 2603 λαοῦ
230 2577 426 2612 τῶνἙϐραίων
439 2578 518 2611 θεοῦς
533 2580 688 2614 ζητοῦντος,
703 2580 834 2607 ἑνδέδωκε
846 2581 878 2616 τῇ

80 2623 130 2650 τοῦ
148 2622 217 2650 λαοῦ
231 2623 400 2658 παραϐάσει,
426 2625 474 2652 καὶ
496 2625 626 2660 γενέσθαι
639 2627 731 2658 αὐτοῖς
743 2626 878 2662 παρεχώ-

82 2677 154 2704 ρησε
173 2669 313 2704 χωνευτὸν
332 2671 443 2705 μόσχον.
459 2671 546 2699 Τοῦτο
562 2671 591 2699 δὲ
613 2672 755 2707 ἐποίησεν,
777 2673 820 2699 ἵνα
839 2673 878 2708 μὴ

80 2716 94 2741 δ
111 2715 194 2747 λαὸς,
213 2715 389 2751 ὑποστρέψας
411 2717 451 2749 είς
468 2717 620 2751 Αἴγυπτον,
639 2718 771 2754 ὲπιμείνῃ
789 2720 822 2754 τῇ
840 2719 878 2745 εί-

79 2759 271 2795 δωλολατρείᾳ
297 2763 330 2797 τῇ
359 2762 546 2799 Δίγυπτιακῇ.
567 2763 749 2799 λογισάμενος
777 2765 830 2797 ὅτι,
846 2765 876 2791 ἐν

81 2807 114 2840 τῇ
135 2806 236 2842 ἑρήμῳ
255 2806 344 2840 ὅντες,
374 2808 537 2843 δυνήσονται
561 2810 715 2845 ἀποστῆναι
733 2811 783 2845 τῆς
811 2812 876 2837 ἀσε-

81 2853 156 2887 ϐείας
170 2861 177 2868 ’
192 2854 221 2881 ιν
239 2853 268 2880 δὲ
282 2855 313 2889 τῇ
332 2854 462 2890 Αἰγύπτῳ
484 2856 636 2892 γινόμενοι,
657 2856 756 2892 μᾶλλον
776 2857 875 2894 ἀσεϐή-

898 2328 920 2356 D

939 1711 974 1739 ab
992 1711 1129 1739 haereticis
1142 1711 1243 1739 illatam
1265 1713 1401 1744 cedentes,
1419 1712 1568 1740 transversi
1584 1712 1636 1740 acti
1654 1717 1730 1743 sunt,

936 1761 964 1785 et
981 1758 1207 1792 succubuerunt),
1232 1757 1343 1792 placuit,
1362 1758 1460 1792 inquit,
1486 1762 1514 1785 et
1537 1758 1643 1785 veniam
1664 1758 1730 1792 ipsis

938 1803 1062 1836 concedi,
1079 1804 1102 1831 si
1119 1804 1307 1838 pcenitentiam
1325 1808 1420 1838 agant,
1436 1808 1463 1831 et
1489 1804 1578 1831 locum
1595 1809 1728 1838 praeterea

936 1850 1002 1877 cleri
1019 1849 1165 1884 assignari.
1186 1849 1242 1877 Nec
1258 1854 1376 1883 tantum,
1390 1850 1462 1886 quod
1478 1850 1503 1877 vi
1527 1850 1617 1877 adacti
1643 1857 1730 1877 cesse~

936 1900 1012 1928 runt,
1029 1896 1130 1929 inquit,
1148 1896 1213 1931 ipsis
1228 1896 1378 1930 ignoscitur
1400 1905 1407 1923 :
1436 1895 1483 1923 sed
1509 1895 1573 1930 quia
1598 1900 1728 1930 praterea

936 1940 1118 1968 defensionem
1146 1941 1314 1976 probabilem
1332 1940 1462 1973 all‘erunt,
1480 1948 1527 1976 per
1541 1948 1635 1975 quam,
1655 1940 1727 1975 quod

937 1986 1075 2014 haereticis
1090 1987 1237 2020 cesserint,
1262 1986 1389 2022 prudenti
1417 1986 1445 2014 id
1471 1986 1588 2014 consilio
1609 1986 1643 2014 ab
1661 1987 1729 2021 ipsis

936 2032 1041 2060 factum
1065 2040 1127 2061 esse
1150 2032 1272 2061 videtur.
1298 2032 1502 2061 Conﬂrmarunt
1517 2033 1556 2060 illi
1580 2032 1731 2067 siquidem,

936 2079 989 2107 hoc
1003 2082 1057 2111 est,
1075 2084 1153 2107 certo
1169 2073 1250 2115 plane
1269 2080 1422 2114 probarunt
1437 2080 1551 2107 minime
1577 2086 1607 2106 se
1625 2079 1658 2106 ad
1675 2079 1728 2106 im-

934 2125 1064 2161 pietatem
1078 2126 1232 2158 traductos,
1248 2133 1422 2161 nequaquam
1438 2126 1566 2153 videlicet
1582 2125 1728 2152 Ita-relico-

934 2179 995 2199 rum
1011 2171 1186 2206 opinionibus
1199 2171 1361 2204 adhaesisse,
1395 2172 1442 2200 sed
1470 2177 1573 2199 rectam
1602 2172 1730 2200 tenuisse

935 2213 1015 2240 [idem
1042 2221 1048 2239 :
1073 2215 1265 2242 tantummodo
1293 2221 1386 2243 autem
1413 2217 1634 2244 communicasse
1661 2224 1731 2243 cum.

934 2259 1084 2293 haereticis,
1110 2268 1144 2288 ne
1161 2260 1226 2288 dum
1253 2261 1288 2288 ab
1307 2261 1433 2289 ecclesiis
1452 2262 1503 2297 ipsi
1534 2262 1654 2296 depulsi,
1683 2263 1731 2290 alii

934 2304 1046 2338 quidem
1069 2305 1145 2340 impii
1166 2306 1421 2340 introducerentur,
1448 2312 1475 2335 et
1503 2308 1649 2341 ecclesias,
1678 2309 1730 2336 hoc

936 2355 989 2383 est,
1012 2351 1143 2386 populum
1176 2352 1362 2380 orthodoxam
1392 2359 1613 2389 corrumperent.
1639 2355 1730 2390 Atque

937 2397 1008 2425 hanc
1020 2398 1055 2425 ob
1070 2405 1181 2426 causam
1195 2399 1327 2428 maluisse
1344 2400 1370 2427 vi
1382 2400 1493 2434 cedere,
1508 2408 1540 2429 ac
1555 2402 1647 2429 multae
1657 2409 1729 2429 onus

937 2444 1044 2477 subire,
1058 2452 1091 2473 ex
1105 2452 1138 2473 eo
1154 2445 1227 2480 quod
1253 2447 1432 2475 succubuisse
1448 2448 1607 2477 viderentur
1618 2469 1625 2481 .
1644 2456 1728 2484 quam

934 2491 1064 2526 populum
1082 2491 1206 2526 perdere.
1231 2491 1294 2520 Haec
1314 2500 1390 2529 ergo,
1419 2494 1519 2529 inquit,
1548 2495 1730 2530 probabiliter

934 2535 1008 2571 loqui
1024 2535 1076 2563 visi
1092 2541 1168 2570 sunt,
1183 2538 1340 2572 exemplum
1357 2546 1468 2574 quoque
1481 2539 1572 2567 Aaron
1584 2541 1728 2575 proferetr-

934 2587 986 2610 tes.
1008 2582 1056 2610 Ille
1079 2590 1212 2618 namque.
1244 2591 1306 2611 cum
1328 2585 1423 2613 Moses
1451 2585 1557 2613 diutius
1581 2586 1608 2613 in
1633 2592 1727 2614 monte

931 2634 1121 2662 cunctaretur.
1137 2637 1169 2658 ac
1185 2629 1364 2658 Hebraeorum
1385 2631 1502 2666 populus
1522 2632 1588 2659 deos
1604 2633 1726 2666 require-

933 2680 988 2708 ret,
1019 2677 1230 2712 transgressioni
1264 2677 1359 2712 populi
1387 2677 1482 2709 cessit.
1505 2677 1670 2713 fusilemque
1691 2680 1727 2707 ah

931 2721 1000 2756 ipsis
1017 2723 1135 2751 vitulum
1155 2723 1213 2751 ﬂeri
1241 2723 1379 2758 permisit.
1398 2722 1426 2750 ld
1445 2727 1537 2750 autem
1557 2730 1591 2751 eo
1607 2724 1727 2751 consilio

930 2767 995 2796 fecit
1011 2776 1046 2796 ne
1070 2769 1186 2805 populus
1208 2769 1235 2796 in
1249 2769 1397 2804 Egyptum
1427 2775 1555 2797 reversus
1585 2770 1612 2797 in
1639 2769 1725 2805 {Epp

930 2815 1020 2849 ptiaca
1036 2815 1191 2843 idololatria
1218 2816 1380 2850 persistcrct
1398 2824 1405 2843 :
1421 2823 1514 2843 secum
1544 2817 1603 2849 ipse
1634 2825 1722 2850 rcpu—

930 2862 1090 2896 tans,quod
1118 2862 1144 2890 in
1171 2861 1281 2890 deserto
1305 2862 1449 2891 continere
1477 2868 1507 2890 se
1530 2863 1564 2891 ab
1582 2863 1657 2899 impl:
1668 2867 1724 2891 tate
