1914 3077
178 176 233 207 Ξι79

813 169 953 201 ΤΗΕΟΙ).
977 172 1092 202 BALSA
1099 171 1177 202 ΜΘΝ

1751 175 1805 205 580

177 236 256 271 Ιἔσχον
272 235 321 272 τὴν
348 243 427 271 χαριν
447 235 494 262 τοῦ
516 237 594 271 ἁγίου
617 237 775 274 Πνεύματος
788 240 830 274 ἐφ’
846 241 964 272 ἑαυτοῖςε

1020 241 1141 277 Spiritus
1157 240 1244 269 sancti
1257 249 1262 267 :
1275 239 1412 268 defecerat
1429 241 1503 267 enim
1518 238 1745 270 communicatio,
1762 238 1804 265 in-

177 281 291 308 ἐπέλιπε
309 281 389 317 γὰρὴ
407 281 549 316 μετάδοσις
563 282 600 318 τῷ
617 283 780 319 διακοπῆναι
794 285 843 321 τὴν
858 286 968 313 ἀκολου-

177 326 247 352 θίαν.
273 326 304 352 ΟΞ
325 326 374 361 μὲν
396 327 450 362 γὰρ
470 327 571 363 πρῶτοι
582 328 810 364 ἀναχωρήσαντες
826 330 901 365 παρὰ
915 331 968 357 τῶν

178 371 304 407 πατέρων
323 371 401 407 ἔσχον
421 372 470 404 τὰς
492 373 669 408 χειροτονίας,
682 375 729 401 καὶ
742 374 787 401 διὰ
807 376 855 411 τῆς
875 376 968 403 ἐπιθέ-

178 425 247 448 σεως
260 417 314 444 τῶν
328 417 427 454 χειρῶν
446 419 536 445 αὐτῶν
558 417 630 455 εἶχον
649 420 679 447 τὸ
699 421 821 457 χάρισμα.
842 422 873 448 τὸ
889 430 968 448 πνευ-

179 463 292 497 ματικόν
303 471 310 478 ·
327 464 351 490 ot
361 463 390 490 δὲ
409 464 623 500 ἀπορραγέντες,
637 465 726 493 λαῖκοὶ
740 467 890 502 γενόμενοι,
905 466 934 494 οὔ
940 476 968 493 τε

177 507 224 534 τοῦ
245 507 395 543 βαπτίζειν,
413 509 474 536 οὗτε
493 510 538 537 τοῦ
552 513 713 547 χειροτονεῖν
728 511 800 548 εἶχον
820 513 870 548 τὴν
895 513 969 545 ἐξου-

178 553 250 587 σίαν,
275 554 366 581 οὐκέτι
380 555 522 591 δυνάμενοι
544 557 623 593 χάριν
643 557 801 593 Πνεύματος
822 559 969 593 ἀγίονέτέ-

181 608 238 635 ροις
267 601 417 636 παρέχειν,
442 600 475 637 ἦς
502 603 579 629 αὐτοὶ
608 603 813 631 ὲκπεπτώκασι.
841 605 903 637 Διὸ,
931 604 968 636 ὡς

178 647 254 682 παρὰ
269 647 371 674 λαῐκῶν
391 647 604 684 βαπτιζομένους
618 650 680 681 τοὺς
697 652 760 686 παρ’
777 651 878 682 αὐτῶν,
907 650 969 677 ὲ.κέ-

178 691 277 720 λευσαν
310 694 474 730 ἐρχομένους
503 695 549 721 ἐπὶ
579 697 629 731 τὴν
655 696 818 732 Ἐκκλησίαν
839 696 878 732 τῷ
901 696 969 731 ἀλη-

179 738 245 773 θινῷ
269 738 436 775 βαπτίσματι
464 739 502 775 τῷ
521 740 572 776 τῆς
605 741 768 777 Ἐκκλησίας
789 741 970 777 ἀνακαθαίρε-

179 784 250 811 σθαι.
265 785 373 820 Ἐπειδὴ
384 785 412 812 δὲ
422 785 489 817 ὅλως
502 786 575 819 ἐδοξέ
590 795 644 813 τισι
662 787 715 813 τῶν
728 787 799 814 κατὰ
812 787 861 822 τὴν
878 787 969 814 Ἀσίαν

178 830 335 865 οἰκονομίας
360 831 440 858 ἕνεκα
464 832 516 858 τῶν
543 833 647 860 πολλῶν
663 833 789 868 δεχθῆναι
822 833 911 861 αὐτῶν
938 834 969 860 τὸ

180 875 332 912 βάπτισμα,
353 877 423 904 ἔστω
438 878 540 905 δεκτόν.
550 879 586 904 Τὸ
597 879 624 905 δὲ
640 879 692 905 τῶν
714 879 898 915 Ἐγκρατιτῶν
912 879 967 915 (l2)

178 922 361 958 κακούργημα
374 923 469 958 νοῆσαι
482 925 555 959 ἡμᾶς
572 924 621 956 δεῖ,
640 925 692 956 ὅτι,
702 924 735 951 ἶν’
750 925 848 956 αὐτοὺς
864 926 967 961 ἀπροσ-

177 966 287 998 δέκτους
303 967 437 1002 ποιήσωσι
459 970 492 1004 τῇ
508 968 665 1004 Ἐκκλησίᾳ,
681 969 863 1005 ἐπεχείρησαν
874 969 966 996 λοιπὸν

180 1012 238 1046 ἰδίῳ
259 1012 535 1048 προκαταλαμὸἀνειν
562 1013 747 1049 βαπτίσματι’
769 1014 830 1041 ὅθεν
850 1015 897 1041 καὶ
917 1014 967 1050 τὴν

178 1057 322 1092 συνήθειαν
335 1057 384 1091 τὴν
403 1058 507 1085 ἑαυτῶν
520 1058 722 1094 παρεχάραξαν.
741 1059 852 1094 Νομίζω
866 1059 965 1092 τοίνυν,

127 1142 133 1146 γ’
176 1103 228 1135 ὅτι,
245 1103 337 1140 ἐπειδὴ
352 1104 428 1130 οὐδέν
450 1105 509 1131 ἐστι
537 1105 601 1140 περὶ
620 1104 710 1131 αὐτῶν
730 1106 855 1140 φανερῶς
877 1105 967 1141 διηγο-

179 1149 319 1184 ρευμένον,
330 1151 346 1185 ἡ
352 1151 404 1184 μᾶς
412 1151 550 1186 προσῆκεν
559 1151 663 1177 ἀθετεῖν
677 1150 767 1177 αὐτῶν
777 1151 806 1177 τὸ
815 1150 965 1187 βάπτισμα·

178 1194 229 1221 κᾶν
244 1204 286 1226 τις
347 1194 411 1230 παρ’
436 1196 526 1222 αὐτῶν
546 1195 675 1231 εἰληφὼς,
689 1196 838 1231 προσιόντα
851 1197 884 1232 τῇ
903 1196 963 1223 Ἐκ-

177 1239 276 1274 κλησία
290 1239 440 1274 βαπτίζειν.
455 1239 464 1273 (
478 1240 541 1267 Ἐὰν
558 1240 649 1275 μέντοι
663 1240 754 1275 μέλλοι
772 1240 826 1277 (l5)
847 1241 880 1275 τῇ
900 1239 967 1267 καθ-

177 1283 238 1309 όλου
252 1283 392 1320 οἰκονομίᾳ
407 1284 534 1319 ἐμπόδιον
550 1283 658 1311 ἔσεσθαι
671 1284 759 1316 τοῦτο,
772 1283 851 1311 πάλιν
863 1283 902 1319 τῷ
911 1284 966 1311 ἔθει

177 1329 320 1365 χρηστέον,
349 1329 397 1356 καὶ
423 1331 478 1362 τοῖς
493 1330 686 1365 οῑκονομήσασι
700 1329 734 1356 τὰ
750 1330 811 1357 καθ’
821 1331 896 1366 ἡμᾶς
910 1330 965 1356 Πα-

177 1375 273 1409 τράσιν
301 1374 507 1411 ἀκολουθητέον.
537 1375 698 1412 ’Υφορῶμαι
722 1375 776 1411 γὰρ
800 1376 966 1411 μήποτε,ὡς

175 1419 327 1455 βουλόμεθα
340 1420 474 1457 ὀκνηροὺς
491 1421 590 1453 αὐτοὺς
603 1422 667 1458 περὶ
685 1421 715 1448 τὺ
733 1422 874 1457 βαπτίζειν
886 1422 965 1458 ποιῆ-

147 1474 155 1483 ·
178 1473 234 1498 σαι,
250 1465 441 1501 ὲμποδίσωμεν
464 1468 521 1498 τοῖς
541 1467 705 1502 σωζομένοις
722 1467 767 1494 διὰ
786 1467 816 1494 τὸ
833 1468 883 1502 τῆς
900 1476 966 1504 προ-

176 1509 280 1541 τάσεως
298 1510 455 1547 αὐστηρόν.)
474 1511 506 1538 Et
522 1511 550 1538 δὲ
568 1512 667 1538 ἐκεῖνοι
681 1512 846 1546 φυλάσσουσι
856 1511 886 1537 τδ
898 1511 966 1547 ὴμέ-

177 1562 254 1590 τερον
267 1554 418 1591 βάπτισμα,
434 1555 513 1583 τοῦτο
529 1557 602 1592 ἡμᾶς
620 1556 657 1591 μὴ
673 1555 839 1584 δυσωπείτω.
858 1557 895 1583 Οὐ
912 1556 966 1593 γὰρ

173 1600 334 1627 ἀντιδιδόναι
362 1601 455 1633 αὐτοῖς
488 1601 633 1628 ὑπεύθυνοι
661 1602 741 1637 χάριν
766 1602 867 1637 ἐσμὲν,
894 1602 963 1630 ἀλλὰ

176 1645 311 1673 δουλεύειν
336 1646 465 1682 ἀκριϐείᾳ
483 1647 614 1674 κανόνων.
635 1648 719 1674 Παντὶ
744 1648 772 1675 δὲ
793 1648 864 1684 λόγῳ
876 1657 966 1676 τυπω-

176 1692 261 1727 θήτω,
275 1692 339 1724 τοὺς
358 1692 413 1719 ἀπὸ
429 1692 477 1719 τοῦ
496 1693 650 1729 βαπτισμοῦ
676 1694 787 1721 ἐκείνων
807 1694 862 1730 (ﬂ)
883 1703 966 1730 προσ-

176 1737 339 1773 ερχομένους
366 1737 490 1773 χρίεσθαι
522 1738 568 1765 ἐπὶ
602 1738 657 1765 τῶν
694 1739 797 1766 πιστῶν
827 1740 965 1775 δηλονότι,

176 1783 224 1809 καὶ
246 1782 317 1810 οὕτω
340 1783 481 1818 προσιέναι
506 1785 562 1816 τοῖς
587 1785 757 1820 μυστηρίοις.
783 1783 846 1812 Οἶδα
870 1786 909 1819 δὲ,
925 1787 966 1812 ὅτι

176 1830 239 1862 τοὺς
266 1829 396 1864 ἀδελφοὺς
413 1831 475 1862 τοὺς
497 1830 562 1866 περὶ
583 1830 660 1863 Ὶζοῒν
678 1832 745 1867 (15),
763 1832 811 1859 καὶ
835 1832 963 1868 Σατορνῖ-

177 1884 232 1908 νον,
251 1876 300 1903 ἀπν
325 1875 433 1911 ἐκείνης
455 1877 535 1908 ὄντας
547 1877 597 1912 τῆς
610 1877 725 1910 τάξεως,
742 1878 964 1915 προσεδεξάμεθα

174 1923 216 1955 είς
243 1922 292 1958 τὴν
318 1922 455 1959 καθέδραν
478 1922 533 1950 τῶν
550 1923 717 1951 ἐπισκόπων.
742 1924 823 1951 Ὥστε
845 1925 908 1956 τοὺς
925 1923 965 1960 τῷ

214 2020 271 2056 (l2)
291 2019 352 2047 Τῶν
373 2021 580 2056 Ἔγκρατιτῶν.
599 2020 656 2049 Hoc
678 2021 878 2050 Encratitarum
899 2022 966 2050 l'aci-

171 2063 243 2083 ~nore
257 2062 312 2082 non
335 2062 464 2091 corrupta
481 2057 636 2085 essentialis
652 2057 780 2091 baptismi
794 2058 894 2090 forma,
916 2058 964 2085 sed

171 2097 253 2117 novae
266 2090 389 2125 quaedam
400 2091 512 2125 adjecta:
527 2090 704 2118 caeremoniae.
719 2091 786 2118 Nam
806 2093 834 2118 in
858 2099 964 2120 canone

173 2125 211 2152 47
227 2127 267 2153 sic
278 2132 325 2153 eos
341 2126 482 2160 loquentes
501 2127 615 2157 inducit,
635 2126 668 2152 In
685 2126 794 2154 Patrem
814 2132 838 2154 et
861 2126 963 2154 Filium

173 2165 202 2187 at
216 2160 344 2195 Spiritum
363 2161 492 2195 baptizati
511 2169 612 2188 sumus.
635 2161 704 2188 Hinc
717 2169 812 2189 eorum
827 2163 961 2196 baptisma

177 2200 267 2222 ratum
281 2196 373 2225 habet.
388 2197 411 2223 si
435 2204 488 2230 qua
508 2196 635 2231 inciderit
648 2197 737 2231 magni
756 2198 884 2224 momenti
899 2205 962 2224 catt-

1020 291 1142 321 terrnpta
1163 286 1381 313 continuatione.
1406 285 1458 318 Qui
1484 285 1556 312 enim
1580 284 1660 320 primi
1680 291 1806 312 recesse—

1020 335 1092 363 rant,
1118 331 1320 358 ordinationem
1345 338 1359 357 a
1387 330 1511 365 patribus
1534 329 1679 362 habebant,
1708 333 1736 356 et
1760 337 1806 364 per

1020 384 1150 404 manuum
1179 384 1272 404 eorum
1309 376 1509 410 impositiouem
1536 375 1672 402 habebant
1702 375 1805 402 donum

1018 423 1179 458 spirituale;
1199 422 1246 458 qui
1276 426 1366 449 autem
1390 421 1488 449 resecti
1516 425 1590 452 sunt,
1617 421 1680 448 laici
1704 421 1805 452 eﬂecti.

1020 476 1069 496 nec
1091 468 1259 503 baptizandi,
1285 475 1335 495 nec
1357 467 1501 494 ordinandi
1526 467 1662 494 habebant
1684 470 1805 501 potesta-

1019 519 1086 545 tem,
1107 519 1136 541 ut
1156 514 1202 548 qui
1224 521 1278 541 non
1303 518 1416 548 possent
1431 513 1549 548 amplius
1571 512 1691 546 Spiritus
1717 513 1806 539 sancti

1019 560 1134 595 gratiam
1146 559 1208 586 aliis
1222 559 1354 594 pra-here,
1367 566 1382 584 a
1395 566 1449 593 qua
1463 558 1516 593 ipsi
1532 557 1704 585 exciderant.
1714 557 1805 590 Quare

1019 613 1078 638 eos,
1094 605 1140 640 qui
1160 605 1194 632 ab
1208 605 1329 640 ipsorum
1348 604 1472 639 partibus
1498 603 1618 636 stabant,
1640 607 1774 638 tanquam
1792 611 1806 629 a

1020 652 1098 679 laicis
1123 651 1286 684 baptizatos,
1308 650 1453 684 jusserunt
1474 657 1540 677 vero
1565 648 1694 676 Ecclesiae
1716 649 1807 683 bapti-

1020 700 1107 724 smate
1124 695 1158 723 ad
1173 695 1326 722 Ecclesiam
1340 694 1480 722 venientes
1495 693 1652 728 expurgari.
1668 693 1722 720 Sed
1739 700 1806 728 quo-

1020 742 1092 769 niam
1107 740 1247 767 nonnullis
1268 739 1398 767 Asiaticis
1415 739 1528 766 omnino
1543 739 1632 765 visum
1649 744 1692 766 est
1711 745 1806 765 eorum

1020 786 1167 821 baptisma,
1191 784 1316 820 pluribus
1341 783 1504 811 consulendi
1528 789 1623 813 causa,
1652 782 1805 817 suscipien-

1020 831 1085 858 dum
1109 838 1182 863 esse,
1208 830 1388 865 suscipiatur.
1405 829 1608 856 Encratitarum
1629 832 1720 855 autem
1741 827 1808 854 l‘aci-

1021 883 1073 904 nus
1091 878 1198 910 oportet
1220 882 1270 902 nos
1286 874 1448 908 intelligere.
1467 873 1615 904 Nimirum,
1633 876 1663 899 ut
1686 873 1806 899 reditum

984 909 1006 938 Β
1021 922 1073 950 sibi
1086 909 1116 949 in
1129 921 1280 949 Eeclcsiam
1301 920 1496 952 intercludant,
1511 920 1632 955 aggressi
1648 925 1714 947 sunt
1727 920 1806 947 dein-

1020 975 1085 1003 ceps
1108 968 1218 1001 proprio
1246 966 1410 1002 baptismate
1435 973 1630 1000 prteoccupare
1653 974 1661 992 :
1686 965 1759 992 unde
1781 971 1807 992 et

1020 1020 1098 1041 suam
1114 1013 1237 1047 ipsorum
1258 1011 1487 1039 consuetudinem
1499 1011 1651 1038 violarunt.
1670 1010 1806 1038 Existimo

1021 1058 1123 1092 itaque.
1145 1057 1274 1091 quoniam
1298 1056 1367 1084 nihil
1391 1057 1427 1083 de
1443 1056 1498 1083 illis
1513 1060 1609 1090 aperte
1631 1056 1735 1084 dictum
1754 1061 1806 1087 est.

1020 1110 1116 1131 eorum
1137 1102 1271 1137 baptisma
1293 1109 1308 1129 a
1331 1102 1411 1129 nobis
1435 1101 1615 1134 rejiciendum
1634 1109 1714 1134 esse;
1731 1109 1764 1129 ac
1783 1103 1807 1129 si

1019 1149 1082 1183 quis
1100 1148 1134 1175 ab
1155 1148 1196 1175 eis
1220 1148 1374 1182 acceperit,
1399 1147 1573 1175 accedentem
1598 1148 1631 1175 ad
1655 1147 1807 1176 Ecclesium

1020 1193 1224 1228 baptizandum.
1254 1193 1343 1228 (Quod
1369 1194 1393 1221 si
1422 1193 1475 1220 hoc
1500 1193 1621 1228 generali
1646 1194 1808 1221 (economiae

1021 1239 1214 1273 impedimento
1236 1239 1300 1271 erit,
1327 1246 1425 1266 rursus
1450 1239 1652 1266 consuetudine
1672 1239 1806 1266 utendum

1019 1290 1072 1316 cst,
1089 1289 1115 1312 et
1130 1285 1206 1320 sequi
1227 1288 1337 1320 oportet
1353 1284 1461 1316 Patres,
1478 1284 1524 1320 qui
1545 1292 1606 1320 quae
1623 1284 1656 1311 ad
1673 1292 1725 1312 nos
1744 1292 1807 1319 per‘

1019 1330 1119 1361 tinent,
1140 1330 1378 1365 dispensaverunt.
1393 1329 1495 1358 Vereor
1508 1330 1591 1362 enim,
1608 1337 1652 1362 ne,
1669 1329 1736 1357 dum
1755 1337 1804 1357 eos

1019 1375 1145 1403 volumus
1169 1375 1201 1403 ad
1227 1374 1418 1410 baptizandum
1438 1375 1532 1402 tardos
1555 1375 1666 1407 facere,
1688 1375 1805 1411 impedi-

1019 1425 1112 1448 mento
1128 1425 1238 1456 propter
1256 1421 1398 1449 sententiae
1411 1421 1586 1448 severitatem
1605 1421 1693 1448 simus
1709 1421 1744 1449 iis
1756 1422 1803 1456 qui

1019 1466 1184 1501 salvantur.)
1203 1466 1282 1499 Quod
1306 1466 1329 1494 si
1351 1465 1391 1493 illi
1415 1470 1541 1493 nostrum
1561 1466 1727 1501 baptismum
1749 1475 1806 1495 ser-

1017 1515 1093 1543 vant,
1115 1512 1166 1539 hoc
1190 1519 1240 1539 nos
1254 1519 1308 1539 non
1331 1515 1450 1539 moveat.
1466 1511 1561 1547 Neque
1579 1513 1653 1540 enim
1673 1513 1806 1542 debemus

1020 1564 1069 1592 par
1088 1557 1147 1593 pari
1172 1557 1285 1589 referre,
1310 1557 1359 1585 sed
1384 1561 1521 1585 accuratae
1547 1557 1686 1586 canonum
1711 1559 1805 1586 obser-

1018 1603 1121 1630 vationi
1139 1603 1254 1631 servire.
1269 1603 1350 1631 Omni
1370 1608 1463 1632 autem
1486 1605 1594 1632 ratione
1611 1608 1760 1637 statuatur,
1777 1609 1805 1632 ut

1018 1649 1036 1676 ii
1052 1649 1099 1684 qui
1116 1649 1151 1676 ab
1166 1649 1276 1676 illorum
1296 1649 1435 1684 baptismo
1457 1649 1582 1682 veniunt,
1604 1653 1744 1686 uagantur
1761 1657 1804 1677 co

1017 1702 1076 1722 ram
1093 1694 1218 1722 ﬁdelibus
1232 1694 1368 1727 videlicet,
1385 1699 1412 1722 ct
1435 1694 1472 1721 ita
1491 1695 1601 1722 demum
1624 1695 1659 1722 ad
1674 1696 1804 1730 mysteria

1018 1740 1160 1768 accedant.
1180 1739 1243 1768 Scio
1263 1745 1367 1773 autem,
1385 1740 1497 1772 fratres,
1512 1740 1646 1774 lmoinum,
1665 1746 1692 1769 et
1706 1741 1804 1768 Satur-

1018 1787 1127 1818 ninum,
1149 1787 1195 1821 qui
1212 1791 1290 1814 erant
1305 1794 1338 1814 ex
1359 1787 1468 1813 illorum
1483 1787 1591 1819 ordine,
1607 1787 1636 1814 in
1659 1787 1803 1822 episcopo-

1017 1841 1078 1860 rum
1101 1832 1257 1860 cathedram
1274 1839 1289 1859 a
1304 1831 1385 1859 nobis
1402 1839 1465 1860 esse
1479 1836 1634 1868 susceptos.
1652 1832 1744 1865 Quare
1758 1839 1804 1860 eos

1017 1880 1065 1914 qui
1084 1879 1193 1906 illorum
1212 1878 1303 1906 ordini
1328 1877 1470 1913 conjuncti
1492 1883 1568 1910 sunt,
1585 1886 1640 1905 non
1657 1886 1803 1914 possumus

1018 1924 1136 1959 amplius
1160 1925 1195 1952 ab
1218 1923 1340 1952 Ecclesia
1360 1931 1509 1960 separare:
1533 1924 1579 1959 qui
1603 1924 1709 1952 scilicet
1729 1931 1802 1951 com-

1016 2023 1061 2058 do.
1074 2023 1226 2058 Sperabam
1240 2030 1305 2057 ergo
1322 2022 1455 2050 Catholici
1471 2022 1606 2050 tardiores
1617 2022 1653 2058 ad
1667 2022 1803 2056 ejusmodi

1017 2057 1151 2093 baptisma
1175 2058 1330 2086 Encratitas
1353 2058 1471 2089 futuros,
1487 2059 1511 2085 si
1526 2058 1593 2085 illud
1608 2057 1742 2085 Catholici
1759 2065 1803 2084 ra-

1015 2092 1072 2119 tum
1091 2092 1192 2121 habere
1216 2094 1337 2126 nollent;
1355 2093 1454 2121 nedum
1480 2093 1531 2128 ipsi
1553 2093 1698 2120 Encratita:
1718 2093 1803 2127 bapti-

1014 2129 1112 2155 smatis
1135 2128 1351 2156 immutationem
1377 2135 1409 2156 eo
1439 2128 1554 2155 consilio
1577 2128 1745 2158 induxerint.
1775 2133 1803 2155 ut

1013 2162 1148 2195 ejusmodi
1165 2163 1300 2197 baptisma
1321 2171 1337 2190 a
1351 2163 1502 2190 Catholicis
1516 2162 1686 2197 rejiceretur.
1701 2163 1802 2195 Quam-

1012 2198 1106 2225 obrem
1133 2198 1191 2225 haec
1205 2198 1298 2229 verba,
1314 2203 1343 2225 ut
1357 2199 1471 2225 reditum
1487 2197 1538 2224 sibi
1557 2198 1584 2224 in
1604 2197 1747 2224 Ecclesium
1762 2198 1803 2224 in-

174 2231 309 2268 sa.__Quod
329 2235 423 2268 autem
441 2232 478 2268 a_it
498 2233 556 2268 hoc
586 2230 704 2268 facinus;
715 2239 763 2268 eos
785 2232 915 2266 iucipese,
931 2238 961 2268 ιιι
977 2230 999 2256 ι)
1014 2233 1173 2268 terrludant.
1190 2241 1245 2260 non
1261 2233 1409 2261 consilium
1425 2236 1452 2260 et
1469 2232 1639 2268 propositum
1651 2232 1802 2260 Encratita-

175 2266 293 2292 reditum
311 2266 361 2292 sibi
391 2266 419 2292 in
439 2265 586 2292 Ecclesium
610 2265 917 2299 in!ercludant,videtur
936 2267 964 2295 id

174 2301 264 2335 prima
295 2301 386 2335 specie
416 2301 442 2336 in
469 2308 528 2336 eam
562 2301 724 2328 sententiam
752 2302 962 2336 accipiendum,

172 2336 257 2369 quasi
275 2335 419 2363 Encralitze
434 2335 566 2370 baptisma
591 2342 669 2362 suum
684 2344 716 2364 ea
745 2335 837 2364 mente
862 2338 962 2364 immu-

175 2375 294 2403 lassent,
313 2375 341 2397 ut
355 2370 513 2398 Catholicos
527 2370 560 2397 ad
576 2370 642 2398 illud
663 2371 841 2406 rejiciendum
865 2372 963 2399 incita-

175 2409 250 2437 rent,
265 2406 359 2440 sicque
377 2406 468 2440 plures
496 2405 524 2431 in
549 2409 623 2432 secta
647 2407 799 2434 contineret
815 2408 907 2434 odium
934 2411 962 2434 et

174 2440 243 2475 fuga
259 2441 322 2467 novi
349 2440 531 2474 baptismatis.
556 2441 726 2469 Abliorrebat
752 2443 824 2469 enim
849 2442 884 2470 ab
907 2449 963 2469 om-

175 2476 253 2503 nium
265 2475 365 2502 animis
382 2476 496 2511 iteratus
515 2475 678 2511 baptismus,
691 2482 719 2503 ιιι
731 2477 856 2511 pluribus
869 2485 962 2505 exem-

177 2511 231 2573 plis
245 2511 342 2545 probat
367 2510 612 2551 Attgustinus,’lil_).
637 2520 653 2538 ν
668 2512 706 2539 De
722 2510 861 2552 baptismo.
888 2520 915 2539 ιι.
933 2512 960 2541 6.

204 2545 294 2573 Idetur
322 2552 386 2573 ergo
406 2552 494 2573 prima
525 2553 617 2573 soecte
638 2546 797 2573 Encratitts.
816 2555 858 2573 ea.
879 2555 960 2573 quam

204 2545 294 2582 idetur
322 2552 386 2579 ergo
406 2545 494 2579 prima
525 2546 617 2580 specie
638 2546 797 2580 Encratitts,
816 2555 858 2580 ea,
879 2555 961 2582 quam

175 2581 246 2612 dixi.
263 2581 402 2608 exstitisse
419 2587 513 2616 causa,
527 2589 576 2608 cur
591 2581 755 2616 baptismum
774 2581 960 2610 immutarem.

178 2616 323 2652 Atqueuita
346 2615 520 2652 ltunclpcum
540 2615 735 2650 interpretatur
759 2616 960 2652 Tillemontius,

179 2650 299 2682 tomJV,
314 2658 346 2688 p._
359 2650 422 2688 62_8.
438 2650 484 2688 Sic
494 2651 667 2688 etiamgillins
684 2653 808 2688 exemplo
829 2650 962 2688 interpre-

179 2691 252 2713 tatus
268 2694 328 2713 sum
340 2686 366 2712 in
382 2685 463 2713 Praei.
480 2693 556 2713 nova:
570 2686 697 2720 (Zypriani
719 2694 831 2720 operum
847 2685 961 2715 editioni

177 2721 319 2755 praemissa
345 2728 406 2756 cap.
420 2721 448 2753 4,
467 2728 494 2756 p.
513 2721 557 2747 12.
579 2721 632 2748 Sed
652 2721 715 2748 huic
743 2723 960 2756 interpretationi

179 2763 233 2783 non
250 2755 386 2783 convenit
398 2763 460 2782 cum
483 2755 528 2782 his
551 2764 611 2790 quae
631 2755 707 2783 addit
726 2755 852 2784 Basilius.
867 2757 961 2785 Vereri

177 2792 251 2826 enim
262 2799 292 2818 se
308 2790 443 2826 signiﬁcat
453 2797 487 2817 ne
506 2790 650 2821 Catholici.
664 2792 728 2818 dum
751 2791 906 2820 Eucratitas
926 2794 960 2820 a‘b

179 2825 230 2853 hac
241 2825 367 2860 baptismi
381 2826 570 2853 immutatione
583 2826 721 2854 deterrere
731 2827 835 2858 volunt,
845 2828 958 2854 nimium

179 2861 296 2890 restricti
312 2860 366 2889 sint
381 2864 407 2888 et
423 2862 510 2888 severi
526 2862 553 2888 in
571 2869 664 2889 eorum
679 2862 815 2897 baptismo
834 2863 959 2898 rejicien-

1015 2275 1074 2308 rum
1088 2267 1232 2303 designant
1244 2288 1251 2298 ,
1343 2267 1545 2308 incommodum
1558 2268 1631 2308 quod
1649 2276 1683 2294 cx
1701 2275 1801 2308 eorum

1015 2302 1138 2330 facinore
1155 2302 1400 2338 consequebatur;
1420 2303 1494 2330 velut
1513 2302 1536 2330 si
1549 2302 1674 2338 dicamus
1683 2303 1800 2337 aliquem

1014 2338 1104 2365 scelus
1133 2337 1294 2366 admittere.
1318 2343 1347 2366 ut
1360 2342 1490 2366 aeternam
1514 2337 1568 2364 sibi
1594 2337 1801 2365 damnationem

1013 2377 1146 2399 accersat.

1049 2407 1106 2443 (13)
1125 2407 1309 2443 Μέλλοιιείο
1321 2408 1445 2443 plerique
1463 2415 1532 2436 mss.
1549 2407 1618 2435 Editi
1636 2407 1732 2442 μέλλῃ.

1050 2441 1106 2478 (14)
1129 2443 1195 2469 Ἀπὸ
1211 2442 1265 2470 τοῦ
1274 2441 1450 2477 βαᾶττισιὶοῦ
1463 2443 1596 2470 ἐκείνων.
1611 2443 1657 2470 Sic
1671 2441 1800 2478 emenda-

1012 2479 1102 2506 vimus
1115 2485 1165 2512 ope
1175 2478 1291 2505 duorum
1308 2478 1434 2506 codicum
1451 2478 1609 2512 Regiorum,
1623 2485 1719 2512 nempe
1728 2477 1798 2504 25υέ

1012 2519 1038 2553 et
1050 2513 1131 2553 2508,
1147 2513 1222 2553 quod
1242 2513 1382 2553 legebatur
1399 2514 1426 2553 i_n
1442 2513 1590 2553 editisnéar‘t
1604 2512 1642 2547 τῷ
1655 2512 1798 2553 Qui-metui:

1012 2548 1119 2583 ἐκείνῳ.
1144 2547 1260 2580 Quidam
1275 2547 1391 2576 codices
1406 2549 1454 2575 ἐπὶ
1469 2548 1509 2583 τῷ
1529 2547 1675 2583 βαπτισμῷ
1691 2548 1796 2583 ἐκείνῳ-

1012 2584 1065 2610 Alii
1079 2581 1141 2610 cum
1156 2584 1238 2611 editis
1256 2584 1443 2615 consentiunt,
1458 2581 1513 2610 nisi
1524 2581 1597 2618 quod
1613 2581 1714 2609 habent
1729 2581 1798 2609 ὲκεί-

1012 2628 1076 2646 νων.
1093 2618 1193 2646 lbidem
1211 2618 1277 2646 editi
1292 2618 1345 2645 ὑπὸ
1363 2618 1416 2646 τῶν
1435 2618 1548 2646 πιστῶν.
1569 2618 1671 2645 Omnes
1685 2624 1752 2644 mss.
1769 2623 1797 2644 ut

1013 2654 1041 2681 in
1054 2657 1140 2680 textu.

1048 2691 1104 2724 (15)
1130 2688 1219 2717 Ἰζοῢν.
1236 2688 1304 2716 Cum
1319 2696 1417 2724 magna
1430 2689 1465 2716 sit
1484 2688 1535 2716 bac
1549 2689 1576 2715 iu
1590 2695 1657 2724 voce
1673 2686 1798 2724 codicum

1012 2731 1078 2751 mss.
1098 2724 1226 2754 varietas.
1241 2725 1317 2759 sequi
1335 2724 1481 2751 maluimus
1497 2728 1551 2750 tres
1565 2723 1675 2750 codices
1691 2723 1798 2759 optima

1011 2764 1092 2788 notae.
1107 2767 1204 2793 nempe
1218 2758 1288 2786 duos
1303 2758 1403 2794 Regios
1414 2763 1440 2786 et
1451 2759 1653 2794 Coisliniauum
1662 2758 1797 2794 primum.

1012 2794 1059 2820 llis
1077 2792 1279 2828 favent’plures
1292 2794 1337 2821 alii
1348 2792 1380 2821 in
1396 2794 1495 2828 quibus
1507 2793 1615 2827 legitur,
1635 2792 1741 2828 Ὶζώην,
1754 2793 1796 2818 vel

1016 2829 1127 2890 'llctlniovz,
1141 2826 1195 2888 tvel
1220 2828 1314 2864 Ὶζόην.
1338 2829 1390 2857 Alii
1405 2826 1511 2856 habent
1527 2826 1621 2856 Ζωῖον.
1634 2826 1719 2855 Pauci
1736 2834 1797 2853 cum

1016 2871 1024 2890 ι
1047 2872 1053 2890 ι
1068 2871 1090 2890 is
1127 2871 1141 2889 0
1155 2873 1178 2890 ν.

1009 2864 1090 2891 editis
1106 2864 1178 2890 Ζοϊν.
