1914 3077
120 171 169 207 sm

584 169 624 200 IN
645 169 765 200 EPIST.
787 169 818 198 S.
839 165 983 197 BASlLlI
1000 165 1220 196 CANUNICAM
1239 165 1263 196 I.

1704 164 1757 196 532

118 229 242 264 τάγματι
270 227 387 254 ἐκείνων
425 226 618 261 συνημμένους
649 226 742 252 οὐκέτι
773 223 907 258 δυνάμεθα

968 221 1106 248 munionis
1127 228 1190 248 cum
1207 221 1272 256 ipsis
1295 221 1373 256 quasi
1388 228 1519 250 canonem
1532 222 1755 257 quemdam.epi-

120 279 272 315 διακρίνειν
296 278 350 305 ἀπὸ
371 279 421 312 τῆς
449 277 622 312 Ἐκκ7.ησξας,
646 274 702 302 οἷον
723 275 825 302 κανόνα
855 275 916 300 τινὰ.

119 330 170 365 τῆς
181 329 252 364 πρὸς
271 330 371 362 αὐτοὺς
388 328 532 360 κοινωνίας
553 327 700 363 ὲκθέμενοι
725 326 770 354 διὰ
787 327 837 361 τῆς
862 327 916 354 τῶν

118 381 284 408 ἐπισκόπων
295 380 470 416 παραδοχῆς.

155 435 258 462 ΒΔΛΣ.
278 435 356 462 Μετὰ
381 435 413 462 τὸ
436 434 671 470 προοιμιάσασθαι
694 435 740 462 τὸν
764 433 851 468 άγιον,
868 435 916 462 καὶ

119 481 217 507 ἑαυτὸν
235 481 286 515 μὲν
302 481 343 512 εἰς
367 481 486 516 ἐσχάτην
499 481 665 508 ταπείνωσιν
683 482 809 515 ἀγαγεῖν,
827 481 873 507 τὸν
887 479 916 506 δὲ

118 529 167 557 τὰς
184 529 334 563 ἐρωτήσεις
349 527 519 562 πεποιηκότα
535 526 613 561 ἆγιον
632 527 807 561 ’Λμφιλὸχιον
828 527 915 560 ὑπερ-

118 573 307 608 εγκωμιάσαι.
335 573 509 606 ἀπολογεῖται
535 573 600 607 περὶ
635 569 673 599 ὧν
701 572 843 607 ἠρωτήθη,
867 572 916 599 καί

119 627 202 652 φησιν
217 619 258 645 ὃτι
279 619 345 654 Περὶ
360 618 407 645 τοῦ
423 620 446 645 εί
461 619 514 654 χρὴ
532 618 713 654 βαπτίζεσθαι
730 619 794 651 τοὺς
820 619 912 645 Ναυα-

118 663 239 694 τιανοὺς,
260 663 324 694 τοὺς
340 663 387 690 καὶ
407 662 552 698 Καθαροὺς
574 663 690 694 ἑαυτοὺς
710 663 908 698 ὀνομάζοντας,

117 709 244 744 διάφοροι
260 709 368 744 γνῶμαι
382 708 548 744 προέϐησαν,
566 708 657 740 καθὼς
673 708 721 736 καὶ
735 709 768 736 σὺ
789 709 915 745 ἀπεμνη-

119 755 276 789 privamur
302 756 350 782 καὶ
372 755 458 790 ἤρεσε
474 754 514 790 τῷ
537 755 595 781 ἔθει
610 755 767 782 ἀκολουθεῖν
792 756 914 791 ἑκάστης

117 801 223 836 χώρας.
239 799 306 828 Εἶτα
326 801 391 837 περ).
405 801 460 829 τῶν
475 801 662 834 Πεπουζηνῶν
676 801 832 837 ἀρξάμενος
846 802 914 828 ἀπο-

117 847 270 879 λογεῖσθαι,
285 846 406 874 διδάσκει
421 847 447 873 τί
464 848 539 873 ἐστιν
554 848 674 882 αἵρεσις,
690 848 737 874 καὶ
751 848 778 874 τί
797 847 911 882 σχίσμα,

967 277 1065 304 scopi»
1081 269 1269 304 suscipiendo,
1281 271 1458 298 ediderimus.

1002 433 1101 461 BALS.
1117 434 1264 469 Postquam
1279 434 1344 463 fecit
1360 440 1472 464 sanctus
1493 437 1666 471 procemium,
1683 442 1710 467 et
1727 445 1757 467 se

966 480 1075 514 quidem
1097 479 1130 506 ad
1144 480 1266 507 ultimam
1281 482 1462 509 humilitatem
1490 483 1603 517 redegit,
1630 488 1755 512 sanctum

951 531 1058 553 autem
1077 525 1309 561 Amphilochium,
1324 527 1371 562 qul
1390 528 1621 563 interrogationes
1643 530 1754 562 fecerat.

966 573 1047 601 valde
1063 573 1193 606 laudavit,
1208 575 1353 609 respondet
1368 575 1402 602 de
1419 575 1452 603 iis
1468 584 1529 611 qua:
1552 576 1643 604 fuerat
1670 578 1755 606 intera

968 623 1090 654 rogatus,
1105 623 1134 646 et
1147 620 1214 646 dicit
1240 620 1324 654 quod.
1341 627 1375 647 an
1392 625 1519 655 oporteat
1538 622 1672 657 baptizari
1701 623 1756 651 Noe

966 666 1102 699 vatianos,
1126 666 1173 701 qui
1197 666 1279 693 etiam
1305 667 1411 700 seipsos
1438 667 1571 695 Catbaros
1605 671 1754 703 nominant,

965 711 1082 738 diversa:
1096 711 1239 739 sententiae
1248 717 1455 746 processerunt,
1473 715 1699 747 quemadmodum
1729 722 1755 743 ιιι

965 764 1074 792 quoque
1106 757 1301 785 commonuisti
1327 766 1334 784 :
1362 762 1390 785 et
1420 759 1521 793 placuit
1551 760 1625 794 sequi
1652 768 1755 788 morem

965 803 1181 839 uniuscujusque
1197 803 1328 838 regionis.
1354 803 1456 832 Deinde
1471 804 1504 831 de
1519 804 1670 838 Pepuzunis
1697 813 1758 833 res-

964 851 1084 885 p0ndere
1104 850 1246 884 incipiens.
1274 850 1352 877 docet
1371 851 1434 884 quid
1460 851 1498 877 sit
1513 850 1632 882 haeresis.
1649 857 1676 879 et
1691 852 1761 886 quid'

118 893 166 919 καὶ
189 893 218 919 τί
238 893 477 927 παρασυναγωγὴ,
500 893 548 919 καὶ
572 893 603 921 τὸ
624 893 674 927 μὲν
697 894 840 928 βάπτισμα
857 894 907 920 τῶν

965 896 1096 927 schisma,
1115 900 1143 922 ct
1165 895 1230 930 quid
1253 902 1478 930 parasynagoga;
1507 900 1534 923 et
1563 896 1760 925 haereticowm:

117 939 269 974 αἱρετικῶν
298 939 365 974 φησὶ
383 939 523 971 παντελῶς
549 939 726 966 ἀθετεῖσθαι·
744 939 775 966 τὸ
801 939 830 966 δὲ
857 940 912 967 τῶν

117 986 331 1020 ἁποσχισάντων
344 986 469 1018 ἑαυτοὺς,
486 985 690 1020 παραδέχεσθαι
704 994 711 1000 ·
727 986 790 1017 τοὺς
803 987 832 1013 δὲ
856 995 912 1013 πα-

118 1032 365 1067 ρασυναγαγόντας
389 1031 575 1058 συνάπτεσθαι
597 1032 680 1059 πάλιν
700 1032 734 1067 τῇ
762 1031 913 1068 Ἐκκλησία

119 1078 321 1114 μετανοοῦντας
337 1078 430 1111 ἀξίως,
448 1078 520 1104 ὥστε
544 1077 591 1104 καὶ
612 1078 652 1109 εἰς
667 1078 732 1110 τοὺς
757 1079 913 1114 προτέρως

118 1125 243 1160 βαθμοὺς
260 1125 392 1156 πολλάκις
408 1124 621 1160 παραδέχεσθαι.
638 1124 713 1161 Tabe
723 1124 788 1158 γοῦν
804 1125 912 1152 “enou-

116 1170 228 1204 ζηνοὺς,
236 1170 274 1202 ὼς
282 1169 509 1206 βλασφημοῦντας
519 1169 558 1201 είς
567 1170 597 1196 τὸ
605 1170 716 1204 Πνεῦμα
728 1170 757 1197 τὺ
767 1170 856 1205 ἂγιον,
865 1172 912 1197 καὶ

116 1216 252 1251 Μοντανῷ
260 1217 307 1243 καὶ
317 1216 465 1252 Πρισκίλλῃ
474 1216 524 1251 τὴν
532 1216 579 1243 τοῦ
587 1216 766 1252 Παρακλήτου
776 1225 913 1252 προσηγο.

118 1265 180 1299 ρίαν
189 1262 419 1298 ὲπιφημίζοντας,
428 1263 584 1296 αἱρετικοὺς
591 1259 752 1296 εἶναιλέγει.
761 1261 830 1294 Τοὺς
839 1263 913 1289 Ναυ-

117 1318 150 1336 ατ
156 1308 261 1340 ιανοίις,
274 1307 337 1339 τοὺς
353 1307 546 1342 Ἐγκρατίτας,
558 1306 678 1338 καὶτοὺς
692 1307 913 1343 ’Υδροπαραστά-

116 1363 177 1387 τας,
189 1354 282 1386 καθὼς
290 1353 338 1381 καὶ
349 1355 363 1381 ὁ
377 1354 529 1385 τελευταῖος
544 1353 635 1389 κανὼν
649 1354 697 1388 τῆς
709 1353 839 1389 δευτέρας
851 1363 913 1381 συν-

117 1401 178 1428 όδου
201 1401 358 1436 διωρίσατο,
382 1398 420 1435 μὴ
434 1399 679 1435 άναΰαπτίξεσθαι,
699 1399 768 1426 ἀλλὰ
783 1400 911 1435 χρίεσθαι

117 1450 157 1484 τῷ
171 1449 244 1484 ἁγίῳ
261 1448 349 1483 μύρῳ,
366 1447 414 1474 καὶ
437 1447 509 1474 οὕτω
522 1447 743 1482 μεταλαμὸάνειν
757 1448 810 1474 τῶν
827 1448 910 1481 ἁγια-

118 1496 243 1530 σμάτων,
260 1495 310 1521 καὶ
334 1493 501 1524 ἐπισκόπους
518 1493 598 1525 ὄντας
624 1493 750 1528 δέχεσθαι
773 1494 814 1526 είς
843 1496 907 1526 τοὺς

117 1542 234 1578 θρόνους
260 1541 362 1568 αὐτῶν.
398 1539 454 1567 Καὶ
489 1540 666 1575 Ἐγκρατῖται
699 1540 750 1573 μέν
782 1541 851 1567 εἰσιν
886 1540 911 1567 οι

116 1589 162 1616 τδν
177 1589 268 1623 γάμον
283 1586 511 1620 άποὸαλλόμενοι,
538 1585 586 1612 καὶ
612 1585 737 1619 λέγοντες
764 1583 834 1613 εἶναι
849 1586 911 1613 τοῦ-

116 1644 162 1662 τον
194 1634 242 1660 τοῦ
273 1632 398 1665 Σατανᾶ,
423 1631 471 1658 καὶ
496 1631 714 1665 ἀπαγορεύοντες
743 1632 835 1659 πᾶσαν
863 1634 912 1668 ἐμ-

117 1679 303 1715 ψυχοφαγίαν.
328 1677 497 1704 Ναυατιανοὶ
524 1677 550 1704 οι
578 1677 626 1703 καὶ
650 1677 775 1713 Καθαρσὶ
798 1678 913 1714 λεγόμε-

116 1734 156 1752 νοι
174 1724 331 1759 ἐκλήθησαν
353 1723 408 1750 ἀπὸ
429 1722 556 1749 Ναυάτου
579 1723 653 1755 τινὸς
671 1723 819 1758 Ῥωμαίου,
840 1725 912 1751 ἁπο-

116 1771 284 1807 σαλλομένου
308 1770 370 1800 τοὺς
385 1769 519 1805 διγάμους
529 1788 537 1801 ,
554 1769 603 1796 καὶ
621 1769 820 1806 μετάνοιαν.μὴ
835 1771 911 1806 δεχο-

119 1820 214 1854 μένου.
239 1817 495 1852 Ύδροπαραστὰται
509 1816 537 1843 δὲ
553 1816 578 1843 οἱ
603 1816 663 1842 ἀντὶ
674 1817 746 1842 οἴνου
776 1816 848 1852 ὕδωρ
871 1818 910 1852 τῷ

115 1865 176 1900 θεῷ
202 1864 415 1899 προσφέροντες,
443 1862 492 1896 καὶ
520 1862 565 1889 τὸν
588 1862 679 1897 γάμον
711 1863 836 1898 πορνείαν
868 1863 911 1891 λέ-

115 1919 222 1945 γοντες.

152 1969 279 1996 ΖΩΝΔΡ.
387 1967 447 2000 τοῦ,
472 1967 498 1994 εἰ
533 1967 587 2002 χρὴ
626 1966 809 2002 βαπτίζεσθαι
845 1968 908 1999 τοὺς

115 2013 319 2045 Ναυατιανοξις,
346 2013 363 2047 ἡ
390 2011 537 2047 ἐρώτησις.
569 2009 650 2038 Οὗτοι
679 2014 734 2047 γὰρ
764 2012 907 2048 ὠνόμαζον

115 2062 232 2092 ἑαυτοὺς
248 2059 395 2094 Καθαροὺς
406 2067 413 2074 ·
434 2059 500 2094 περὶ
518 2058 616 2085 τούτου
641 2059 724 2094 φησὶν
739 2060 753 2086 ό
769 2059 847 2094 ἅγιος
865 2061 906 2087 ὅτι

115 2107 163 2133 καὶ
186 2105 322 2140 πρότερον
335 2104 453 2139 εἴρηται.
470 2103 507 2129 Τὸ
520 2103 549 2130 δὲ
564 2105 764 2139 προειρημένον
778 2105 906 2138 φαίνεται

115 2149 186 2178 εἶναι
210 2152 244 2177 ἐκ
269 2149 316 2176 τοῦ
344 2150 443 2181 ειπείν,
458 2148 559 2181 Καλῶς
587 2150 847 2186 άπεμνημόνευσας,
875 2152 906 2178 τὸ

110 2196 232 2223 ,ἕπεσθαι
258 2195 297 2230 τῷ
320 2195 377 2222 ἔθει
400 2195 458 2222 θεῶν
474 2194 535 2221 καθ’
557 2195 677 2230 ἑκάστην
697 2195 799 2232 χώραν,
815 2196 859 2223 διὰ
876 2196 906 2223 τὸ

115 2243 254 2276 διαφόρως
276 2241 419 2276 ἐνεχθῆναι
442 2242 507 2276 περὶ
529 2240 577 2267 τοῦ
603 2240 791 2276 βαπτίσματος
804 2241 906 2269 αὐτῶν.
923 2239 945 2267 1)

118 2289 211 2316 ’Δλλοι
236 2288 302 2322 γὰρ,
320 2288 414 2322 φησὶν,
440 2287 528 2318 ἄλλως
556 2283 632 2312 εἷπον
660 2286 719 2317 πῶς
746 2285 786 2312 δεῖ
807 2286 906 2318 αὐτοὺς

114 2334 355 2370 προσερχομένους
381 2332 528 2368 δέχεσθαι,
557 2333 605 2359 καὶ
633 2331 815 2368 διηνέχθησαν
845 2335 905 2365 ταῖς

114 2376 253 2417 γνώμαις.
269 2379 362 2407 Ταῦτα
382 2380 432 2414 μὲν
453 2380 467 2405 ὁ
492 2379 579 2414 μέγας
603 2379 743 2409 Βασίλειο;
756 2386 763 2394 ·
783 2380 797 2405 ὁ
821 2379 850 2405 δὲ
864 2388 906 2406 το-

114 2428 238 2458 latomie;
255 2426 345 2453 κανὼν
357 2426 406 2461 τῆς
423 2425 553 2460 δευτέρας
571 2425 682 2452 συνόδου
702 2424 740 2460 μὴ
754 2425 905 2452 άναὸαπτί-

114 2475 212 2507 ζεσθαι
226 2473 301 2507 λέγει
313 2473 422 2504 αὐτοὺς,
439 2471 507 2499 ἀλλὰ
533 2471 616 2507 μόνον
633 2472 758 2506 χρίεσθαι
774 2472 813 2507 τῷ
832 2473 904 2508 ἁγίῳ

116 2523 209 2558 μύρῳ.
228 2519 330 2547 Τοῦτον
340 2517 388 2546 οὖν
405 2519 514 2550 πάντως
528 2518 590 2545 δέον
602 2520 717 2553 κρατεῖν
728 2526 736 2535 ·
752 2519 794 2545 ὅτι
818 2528 903 2554 μετα-

116 2567 277 2602 γενέστερό,
298 2567 373 2593 ἐστιν
397 2565 411 2591 ό
435 2565 537 2598 κανὼν,
554 2565 602 2591 καὶ
624 2565 666 2591 ὅτι
688 2565 838 2599 σννοδικδς,
857 2567 904 2593 καὶ

117 2614 228 2641 συνόδου
245 2611 451 2648 οικουμενικῆς.

151 2716 189 2743 Τὸ
204 2715 233 2742 δὲ
248 2714 302 2741 τῶν
312 2713 496 2750 Πεπουςηνῶν
508 2713 604 2740 οὺδένα
625 2721 669 2748 μοι
686 2712 766 2747 λόγον
777 2712 848 2748 ἔχειν
862 2712 905 2739 δο-

116 2770 177 2796 κεῖ·
194 2769 242 2795 καὶ
255 2766 401 2801 ἐθαύμασα
424 2765 481 2797 πῶς
505 2765 647 2792 κανονικδν
668 2764 732 2792 ὗντα
748 2765 793 2791 τὸν
816 2764 906 2798 μέγαν

117 2820 256 2847 Διονύσιον
273 2816 424 2853 παρῆλθεν.

965 942 1071 976 quidem
1098 942 1232 976 baptisma
1246 942 1311 968 dicit
1326 942 1434 975 penitus
1449 942 1524 976 rejici
1539 950 1546 975 ;
1568 943 1759 971 schismatico-

964 996 1024 1015 rum
1045 992 1135 1015 autent
1154 988 1284 1015 admitti:
1306 995 1354 1016 eos
1369 995 1434 1015 vero
1464 989 1509 1023 qui
1536 996 1756 1024 parasynagegas

964 1041 1011 1061 seu
1029 1034 1139 1061 illicitos
1155 1037 1310 1062 conventus
1334 1033 1488 1066 instituunt,
1510 1041 1604 1061 rursus
1628 1034 1764 1068 Ecclesiae

964 1079 1092 1115 conjungi
1105 1079 1160 1115 49
1184 1080 1370 1115 paenitentiam
1389 1079 1471 1114 digne
1492 1084 1614 1113 agentes,
1637 1085 1666 1107 ut
1682 1085 1707 1108 et
1721 1082 1764 1108 ait!"

965 1127 1068 1160 priores
1089 1127 1190 1161 gradus
1218 1133 1291 1161 saepe
1305 1125 1425 1154 admitti.
1453 1125 1612 1160 Pepuzenos
1629 1134 1707 1161 ergo,
1725 1132 1762 1154 ut;

963 1173 1008 1206 qui
1028 1172 1054 1199 in
1069 1177 1192 1200 sanctum
1212 1172 1345 1207 Spiritum
1362 1172 1562 1206 hlasphemant,
1578 1177 1606 1200 et
1622 1172 1759 1201 Montano

963 1223 990 1245 et
1013 1218 1143 1246 Priscilla:
1156 1218 1289 1246 Paracleti
1305 1217 1513 1252 appellationem
1531 1217 1668 1252 tribuunt,
1690 1218 1756 1245 dicit

964 1271 1024 1292 esse
1051 1264 1206 1291 haereticos.
1233 1262 1404 1291 Novatianos
1426 1267 1519 1291 autem
1548 1262 1701 1291 Encratitas
1728 1268 1756 1291 et

965 1310 1226 1346 llydroparastatas,
1261 1310 1493 1345 quemadmodum
1521 1314 1548 1337 et
1575 1310 1686 1338 ultimus
1711 1317 1755 1338 se-

966 1357 1062 1384 cundae
1077 1356 1171 1392 synodi
1196 1363 1284 1384 canon
1310 1355 1445 1388 deilmvit,
1468 1362 1521 1382 non
1547 1356 1754 1390 rebaptizandos

965 1403 1161 1438 pronuntiavit.
1182 1402 1230 1430 sed
1245 1407 1340 1430 sancto
1359 1401 1507 1429 chrismate
1533 1401 1713 1437 inungendos,
1727 1409 1754 1430 et

963 1448 1003 1475 sic
1031 1455 1092 1474 esse
1113 1451 1346 1475 sacramentorum
1367 1446 1525 1481 participes,
1551 1451 1578 1473 et
1591 1447 1755 1475 exsistentes

963 1492 1106 1527 episcopos
1119 1492 1143 1518 in
1156 1499 1220 1519 suos
1233 1491 1347 1518 thronos
1365 1490 1563 1525 suscipiendos.
1578 1491 1611 1519 Et
1626 1496 1693 1519 sunt
1700 1492 1753 1518 En-

964 1538 1067 1566 cratita:
1081 1539 1202 1573 quidem,
1213 1538 1258 1573 qui
1270 1537 1377 1572 nuptias
1393 1537 1528 1571 rejiciunt,
1539 1543 1566 1565 et
1581 1545 1629 1565 eas
1646 1537 1755 1566 Satanae

963 1591 1024 1612 esse
1049 1584 1156 1616 dicunt.
1176 1589 1203 1611 et
1220 1591 1327 1612 omnem
1349 1583 1532 1611 auimatorum
1561 1591 1636 1611 esum
1659 1584 1756 1619 prohi-

962 1629 1038 1657 bent.
1062 1629 1204 1656 Novatiani
1221 1629 1267 1664 qui
1281 1633 1308 1656 et
1318 1628 1429 1656 Cathari
1446 1629 1509 1656 dicti
1527 1633 1603 1662 sunt,
1618 1637 1632 1656 a
1649 1629 1753 1657 Novato

963 1676 1079 1711 quodam
1100 1676 1222 1703 Romano
1238 1682 1335 1702 nomen
1360 1675 1449 1702 sortiti
1475 1678 1548 1708 sunt,
1570 1675 1616 1710 qui
1635 1675 1754 1710 bigamos

962 1722 1143 1754 abhorrebat;
1171 1725 1198 1749 et
1216 1721 1405 1756 pmnitentiam
1426 1727 1480 1747 non
1505 1720 1675 1748 admittebat.
1698 1720 1754 1756 Hy-

962 1767 1159 1802 droparastatm
1178 1771 1286 1798 autem,
1319 1765 1366 1799 qui
1396 1772 1493 1799 aquam
1524 1772 1573 1799 pro
1603 1765 1667 1792 vino
1698 1765 1753 1792 Deo

961 1812 1136 1846 oﬂ‘erebant,
1174 1816 1202 1839 et
1230 1811 1342 1846 nuptias
1383 1809 1590 1838 fornicationem
1630 1812 1752 1846 appella-

960 1859 1036 1886 baut.

994 1970 1120 1999 ZONAR.
1132 1971 1168 1997 De
1179 1970 1344 2003 Novatianis,
1357 1978 1390 1998 an
1402 1978 1449 1998 eos
1457 1971 1591 2006 baptizari
1606 1975 1747 2006 oporteret

960 2018 1073 2053 quaestio
1087 2018 1221 2051 proposita
1239 2016 1300 2044 fuit.
1314 2016 1344 2044 lli
1361 2024 1478 2052 namque
1491 2016 1625 2044 Catharos
1641 2017 1749 2050 seipsns

960 2063 1144 2091 nominabant.
1171 2062 1207 2090 De
1231 2063 1280 2090 hoc
1295 2063 1395 2098 igiturl
1416 2063 1503 2098 inquit
1523 2068 1650 2094 sanctus,
1673 2063 1753 2098 prius

959 2117 1067 2144 quoque
1081 2109 1182 2136 dictum
1211 2107 1271 2135 fuit.
1292 2108 1373 2141 'Quod
1398 2115 1463 2136 vero
1478 2113 1542 2136 ante
1564 2108 1664 2136 dictum
1696 2115 1753 2140 est,

959 2155 1065 2182 videtur
1094 2154 1182 2189 colligi
1205 2154 1287 2182 exiis
1317 2153 1426 2186 verbis,
1455 2153 1538 2181 Recte
1573 2154 1750 2188 admonuisti,

959 2201 1111 2235 sequendas
1126 2207 1186 2227 esse
1198 2199 1331 2234 cujusque
1341 2199 1460 2234 regionis
1474 2200 1697 2233 consuetudines,
1718 2209 1751 2227 eo

960 2247 1031 2281 quod
1053 2246 1125 2272 varia
1152 2247 1185 2272 de
1211 2246 1331 2280 ipsorum
1347 2245 1511 2279 baptismate
1533 2244 1609 2272 fuere
1633 2246 1750 2273 saucita.

957 2292 1009 2319 Alii
1022 2292 1167 2326 siquidem,
1184 2291 1282 2325 inquit,
1302 2291 1384 2319 aliter
1406 2291 1487 2318 locuti
1501 2296 1574 2324 sunt,
1589 2292 1622 2319 de
1641 2293 1748 2319 ratione

959 2340 1042 2373 ipsos,
1066 2337 1087 2365 si
1104 2345 1133 2364 se
1164 2337 1323 2370 obtulerint,
1356 2337 1532 2370 admittendi,
1560 2345 1591 2365 ac
1608 2339 1752 2366 sententiis

958 2384 1037 2412 divisi
1052 2388 1126 2411 sunt.
1153 2383 1215 2412 Haec
1233 2384 1340 2418 quidem
1374 2391 1487 2419 magnus
1512 2384 1593 2411 habet
1619 2384 1749 2412 Basilius.

958 2431 1090 2458 (λοισι-ψη
1111 2435 1263 2465 postremus
1283 2431 1409 2457 secundae
1433 2430 1530 2464 synodi
1564 2438 1651 2458 canon
1690 2439 1751 2469 non

958 2477 1057 2504 iterum
1085 2476 1279 2511 baptizandos,
1315 2477 1363 2503 sed
1389 2481 1484 2503 sancto
1511 2477 1660 2504 chrismate
1690 2482 1752 2503 tan-

958 2527 1014 2549 tnm
1045 2523 1124 2549 modo
1146 2522 1313 2556 inungeudos
1339 2529 1401 2550 esse
1423 2522 1554 2550 decernit.
1576 2521 1652 2549 Hunc
1671 2522 1754 2556 igitur

957 2568 1069 2596 oumino
1092 2573 1184 2595 tenere
1198 2572 1317 2602 oportet,
1342 2568 1413 2602 quod
1427 2573 1454 2595 et
1483 2568 1616 2594 recentior
1640 2572 1681 2594 est
1707 2575 1752 2593 ca—

958 2623 1028 2647 nun,
1057 2619 1084 2641 et
1111 2614 1271 2649 synodicus,
1302 2614 1379 2648 isque
1406 2621 1420 2641 a
1451 2614 1556 2650 synodo
1585 2615 1751 2640 oecinnenica

955 2660 1055 2687 editus.

992 2715 1195 2750 Pcpuzenorum
1217 2719 1306 2742 autem
1319 2714 1481 2748 haptismus,
1502 2714 1602 2742 nullam
1615 2713 1681 2742 mihi
1703 2715 1752 2742 ha-

957 2767 1021 2794 bere
1045 2767 1175 2795 rationem
1197 2767 1313 2800 videtur,
1338 2771 1366 2794 et
1390 2766 1506 2794 miratus
1530 2773 1588 2794 sum
1615 2765 1753 2801 quomodo

958 2818 1007 2844 hoc
1034 2825 1158 2854 magnum
1185 2817 1355 2853 Dionysium,
1385 2817 1430 2852 qui
1464 2816 1514 2844 fuit
1539 2817 1753 2850 cauonicus,la-

962 2868 1022 2896 tuit.

1769 2933 1799 2952 Δ
