1914 3077
179 164 232 195 583

175 267 306 299 schisma,
324 270 351 294 et
364 266 428 301 quid
449 273 652 302 parasynagoga
669 267 716 300 sit,
734 267 823 300 docet,
846 274 878 294 ao
905 267 960 294 haz-

177 311 327 340 reticorum
361 311 470 346 quidem
500 312 663 346 baptismum
694 311 773 347 plane
805 312 961 339 damnatum

143 389 147 394 ,
176 358 274 391 fuisse,
300 358 538 385 schismaticorum
561 364 626 385 vero
649 358 808 386 admissum.
826 358 876 391 Qui
899 364 962 384 vero

175 410 395 439 parasynagogas
422 410 469 430 seu
501 402 611 430 illicitos
626 409 776 431 conventus
792 407 913 438 agerent,
938 404 961 430 si

174 449 256 483 digna
269 448 428 483 poenitentia
448 451 683 481 converterentur,
703 447 832 476 Ecclesiae
853 456 961 475 rursum

177 494 300 529 adjungi,
321 498 402 528 atque
417 494 452 520 ita
470 493 598 521 Ecclesiae
611 495 731 529 adiungi,
752 500 780 522 ut
802 495 836 523 ad
853 495 961 522 eosdem

176 546 284 574 quoque
300 539 401 573 gradus
416 545 498 572 saepe,
512 538 537 565 id
555 543 595 566 est
609 539 770 573 quandoque
783 538 965 567 admitterem

177 588 231 611 tur.
250 583 409 618 Pcpuzenos
430 590 522 618 porro.
544 584 643 618 quippe
665 584 710 619 qui
731 589 824 618 aperte
842 585 962 612 haeretici

176 635 277 662 essent,
303 630 326 656 si
341 637 370 656 se
384 629 528 656 Catholica:
542 628 671 657 Ecclesiae
691 630 807 663 sistant,
823 630 964 665 baptizan-

178 676 227 703 dos
243 682 303 703 esse
323 675 504 702 demonstrat.
523 675 573 709 Qui
586 675 658 703 enim
674 676 750 709 juxta
770 676 848 703 nobis
864 676 963 703 tradita

177 721 306 756 baptilati
324 728 376 747 non
391 725 464 752 sunt,
484 720 609 748 videlicet
629 721 656 748 in
673 722 783 749 nomine
802 721 909 755 Patris,
936 725 963 749 et

177 767 249 800 Filii,
269 771 296 794 et
311 766 429 801 Spiritus
443 766 542 799 sancti,
567 773 601 793 ne
625 765 756 801 baptizati
771 767 881 801 quidem
903 774 964 796 esse

177 812 315 838 videnlur.
343 811 402 844 Quo
422 811 501 838 modo
524 817 588 838 vero
608 818 642 838 ex
663 811 791 839 Ecclesiae
823 812 964 840 catholica:

180 859 327 886 traditione
343 859 494 892 baptizatus
511 856 594 885 fuerit
609 857 655 892 qui
677 857 845 891 Montanum,
860 864 887 887 et
902 858 959 887 Pri~

178 906 281 933 scillam
301 905 471 932 Paraclctum
494 904 670 932 nominabat?
695 904 829 932 Catharos
850 910 940 933 autem
953 925 961 939 ,

178 951 228 984 ait,
251 956 279 978 et
300 950 461 982 Encratitas,
475 954 503 977 et
519 949 777 984 Hydroparastatas,
812 951 899 978 visum
921 957 964 979 est

178 997 327 1032 Cypriano,
350 1000 378 1023 et
405 995 564 1024 Firmiliauo
587 1000 682 1024 nostro
702 996 837 1032 (nostrum
860 997 965 1026 scilicet

179 1043 368 1070 Firmilianum
388 1041 517 1077 appellat,
535 1042 634 1077 quippe
647 1042 694 1077 qui
713 1043 843 1072 Caesarea:
859 1044 965 1079 episco-

179 1095 230 1122 pus
246 1086 336 1122 fuerit)
353 1087 495 1114 universos
515 1086 614 1115 iterum
638 1087 783 1123 baptizari.
799 1089 965 1126 Carthagine

126 1141 135 1146 -
178 1132 324 1166 siquidem,
346 1132 425 1166 cujus
438 1133 582 1168 episcopus
607 1137 667 1161 erat
686 1134 848 1170 Cyprianus,
870 1135 964 1163 habita

177 1179 282 1214 synodo
307 1178 430 1205 omnium
458 1178 648 1213 antiquissima
673 1179 814 1208 decretum
850 1186 892 1210 est
935 1188 965 1211 ut

179 1231 276 1251 omnes
306 1228 363 1250 tum
388 1223 518 1257 haeretici,
545 1228 602 1251 tum
634 1225 801 1254 schismatici
825 1228 858 1255 ad
875 1227 966 1256 Eccle-

178 1270 246 1298 siam
263 1269 423 1297 accedentes
441 1269 649 1305 baptizarentur
665 1281 672 1299 :
704 1274 827 1307 quamvis
844 1275 917 1302 enim
937 1276 964 1303 in

179 1316 253 1343 nullo
266 1316 393 1350 dogmate
409 1316 578 1343 schismatici
599 1316 778 1353 decipiantur,
794 1324 884 1348 tamen
899 1329 966 1356 quo-

179 1363 251 1389 niam
262 1370 276 1389 a
288 1369 402 1397 corpore
414 1362 541 1390 Ecclesia:
553 1363 659 1398 abrupti
672 1369 745 1398 sunt,
763 1373 965 1400 permanentem

180 1406 207 1434 in
232 1407 296 1441 ipsis
320 1406 438 1442 Spiritus
463 1406 553 1434 sancti
578 1409 693 1442 gratiam
709 1410 826 1444 amplius
846 1419 899 1439 non
922 1412 966 1439 lia-

181 1452 256 1479 bent.
273 1451 349 1484 Quod
367 1452 450 1486 igitur
464 1459 517 1478 non
544 1454 644 1481 habent
666 1454 729 1488 ipsi,
744 1462 861 1490 quonam
885 1458 966 1486 modo

183 1497 243 1525 aliis
255 1497 513 1525 communicabunt?
530 1498 583 1526 Sed
604 1503 693 1527 tamen
704 1520 712 1534 ,
735 1503 965 1538 quandoquidem,

807 163 945 196 THEOD.
975 162 1173 195 BA'LSAMON

207 221 264 249 Hoc
288 219 350 248 loco
373 226 487 254 magnus
502 220 638 254 Basilius,
665 220 729 255 quid
753 221 875 254 haeresis,
898 221 961 256 quid
979 224 1001 253 Α

1750 165 1804 194 ωε

1057 220 1189 248 Ἐνταῦθα
1212 220 1226 246 6
1252 219 1340 254 μέγας
1357 218 1496 250 Βασίλειος
1521 218 1644 246 διδάσκει
1671 218 1699 245 τί
1729 220 1804 245 ἔστιν

1012 266 1130 301 αἵρεσις,
1148 267 1194 293 καὶ
1207 266 1232 292 τι
1251 266 1364 300 σχίσμα,
1381 266 1428 292 καὶ
1450 265 1477 291 τι
1494 265 1735 300 παρασυναγωγὴ,
1754 266 1803 291 καὶ

1011 312 1043 338 τὺ
1064 312 1114 347 μὲν
1143 311 1198 338 τῶν
1225 311 1372 346 αἰρετικῶν
1398 318 1465 345 φησι
1490 309 1633 346 βάπτισμα
1660 311 1802 344 παντελῶς

1012 357 1178 390 ἀθετεῖσθαι,
1194 358 1223 384 τδ
1238 357 1266 384 δὲ
1281 357 1336 384 τῶν
1353 357 1561 392 ἁποσχισάντων
1583 357 1799 392 παραδέχεσθαι.

1012 403 1082 434 Τοὺς
1106 403 1134 430 δὲ
1163 404 1411 439 παρασυνάγοντας
1439 404 1624 430 συνάπτεσθαι
1653 404 1737 431 πάλιν
1768 406 1802 440 τῇ

1018 449 1165 485 Ἐκκλησία
1180 451 1397 485 ἐπιστρέφοντας
1425 451 1455 477 ἐν
1487 451 1620 486 μετανοίᾳ
1644 450 1801 485 ἀξιολόγῳ·

1012 495 1060 521 καὶ
1074 495 1202 522 τοσοῦτον
1218 496 1404 523 συνάπτεσθαι
1431 497 1464 532 τῇ
1484 495 1644 533 Ἔκκλησίᾳ,
1660 496 1733 523 ὥστε
1755 498 1804 524 καὶ

1012 543 1053 574 είς
1071 542 1117 568 τὸν
1132 542 1213 569 αὑτὸν
1226 543 1367 576 πολλάκις,
1390 543 1451 569 ἀντὶ
1473 542 1533 575 τοῦ,
1548 543 1623 569 ἐστιν
1638 543 1695 576 ὅτε,
1710 551 1804 576 παρα⁵

1012 588 1139 623 δέχεσθαι
1149 588 1247 620 αὐτοὺς
1261 588 1373 624 βαθμόν.
1390 589 1461 619 Τοὺς
1478 588 1506 615 δὲ
1519 589 1713 623 Πεπουζηνοὺς
1734 597 1805 623 προ-

1012 635 1100 670 δήλως
1125 635 1205 666 ὄντας
1230 636 1385 669 αίρετικοῦς
1404 635 1583 669 βαπτίζεσθαι
1607 636 1802 670 ἀποφαίνεται,

1013 680 1252 715 προσερχομένους
1273 681 1306 715 τῇ
1336 680 1467 715 καθολικῇ
1501 680 1664 716 Ἑκκλησίᾳ.
1682 681 1715 707 Ol
1745 681 1801 715 γὰρ

1015 726 1053 761 μὴ
1065 727 1105 758 είς
1129 726 1164 753 τά
1184 726 1391 762 παραδεδομένα
1412 727 1477 762 ἡμῖν
1494 726 1700 761 βαπτισθέντες,
1716 727 1803 762 ἤγουν

1013 772 1053 803 εἰς
1067 771 1188 807 Πατέρα,
1199 771 1246 798 κατ⁵
1254 772 1328 806 Υίδν,
1340 773 1386 799 καὶ
1399 772 1475 807 ἅγιον
1484 772 1607 808 Πνεῦμα,
1621 772 1681 799 οὑδδ
1694 772 1802 799 δοκοῦσι

1015 817 1206 853 βαπτισθῆναι.
1226 817 1288 849 Πῶς
1303 818 1332 844 δὲ
1349 818 1420 845 κατὰ
1437 817 1488 854 τὴν
1505 819 1555 854 τῆς
1569 819 1718 854 καθολικῆς
1736 818 1802 845 Ἐκ-

1014 863 1128 898 κλησίας
1146 863 1296 898 παράδοσιν
1315 864 1464 891 ἐϐάπτισεν
1485 865 1517 891 ἂν
1531 865 1545 891 6
1561 865 1743 900 Παράκλητον
1755 867 1803 892 τὶν

1013 909 1152 936 Μοντανὺν
1174 908 1317 944 ὀνομάζων
1332 910 1380 936 καὶ
1405 910 1454 945 τὴν
1469 910 1658 945 Πρισκίλλανς
1676 906 1748 942 Τοὺς
1774 911 1802 938 δι

1014 954 1169 990 Καθαροὺς,
1190 954 1269 990 φησὶ,
1281 955 1328 981 καὶ
1350 955 1543 990 Ἐγκρατίτας,
1559 955 1607 982 καὶ
1630 955 1805 991 ’Υδροπαρα-

1015 999 1126 1032 στάτας,
1142 999 1216 1032 ἔδοξε
1237 999 1294 1030 τοῖς
1318 1000 1382 1035 περὶ
1400 1000 1569 1035 Κυπριανδν,
1587 1001 1634 1027 καὶ
1657 1001 1803 1036 Φιρμιλια-

1013 1045 1058 1072 νδν
1072 1045 1117 1072 τὸν
1130 1045 1265 1081 ήμᾶτερον
1279 1045 1438 1080 (οἰκειοῦται
1453 1046 1482 1073 δὲ
1496 1047 1541 1073 τὸν
1555 1047 1745 1081 ⁴ιἰρμιλιανὸν,
1763 1047 1802 1079 ὠς

1013 1090 1063 1125 τῆς
1083 1089 1255 1125 Καισαρείας
1268 1090 1400 1124 γεγονότα
1427 1090 1600 1126 ἐπίσκοπον).
1616 1090 1721 1122 πάντας
1736 1091 1804 1117 ἀνα-

1014 1135 1207 1167 δαπτίζεσθαι.
1224 1134 1271 1162 Ἐν
1284 1135 1339 1171 γὰρ
1352 1137 1386 1172 τῇ
1409 1136 1577 1172 Καρχηδόνι,
1592 1133 1627 1171 ἧς
1650 1137 1803 1169 ἐπίσκοπος

1013 1177 1049 1216 ἦν
1072 1180 1087 1207 6
1113 1180 1282 1217 Κυπριανδς,
1312 1181 1421 1208 συνόδου
1455 1182 1591 1218 συστάσης
1617 1183 1802 1218 ἀρχαιοτέρας

1015 1227 1122 1260 πασῶν,
1139 1227 1211 1260 ἔδοξε
1239 1227 1344 1259 πάντας
1366 1228 1430 1260 τούς
1452 1236 1484 1255 τε
1498 1228 1667 1264 αἱρετικοὺς,
1682 1230 1748 1261 τούς
1773 1239 1802 1257 τε

1016 1273 1224 1308 σχισματικοὺς,
1239 1272 1418 1308 βαπτίζεσθαι
1439 1273 1604 1309 προσιόντας
1620 1275 1654 1310 τῇ
1684 1275 1801 1310 Ἐκκληο

1016 1320 1063 1355 σίᾳ
1076 1327 1083 1334 ·
1100 1318 1152 1346 κᾶν
1165 1320 1225 1355 γάρι
1238 1319 1276 1354 μὴ
1291 1319 1357 1355 περὶ
1371 1319 1461 1354 δόγμα
1475 1319 1499 1346 oi
1517 1320 1694 1355 σχισματικοὶ
1717 1321 1804 1355 σφάλ-

1015 1365 1117 1397 λονται,
1151 1365 1210 1392 ἀλλ’
1231 1365 1294 1392 ἐπεὶ
1316 1364 1364 1392 τοῦ
1394 1364 1523 1398 σώματος
1551 1365 1602 1400 τῆς
1638 1365 1803 1400 Ἐκκλησίας

1015 1411 1225 1447 ἀπερράγησαν,
1242 1410 1335 1437 οὐκέτι
1349 1409 1457 1446 ἔχουσιν
1479 1410 1571 1442 αὐτοῖς
1587 1411 1803 1445 παραμένουσαν

1015 1459 1065 1494 τὴν
1076 1458 1157 1494 χάριν
1170 1456 1217 1484 τοῦ
1235 1457 1314 1492 ἀγίου
1330 1457 1502 1492 Πνεύματος.
1516 1458 1550 1484 ‘0
1566 1457 1633 1491 γοῦν
1647 1457 1698 1484 οὒκ
1718 1456 1800 1492 ἐχου-

1016 1512 1055 1537 σι,
1085 1503 1144 1535 πῶς
1172 1503 1263 1536 ἀλλοις
1277 1502 1361 1530 αὐτοῦ
1387 1503 1608 1538 μεταδώσουσινς
1628 1502 1700 1530 Ἀλλ’
1728 1504 1804 1538 ὅμως

180 1543 270 1578 inquit
295 1544 338 1570 hic
357 1551 470 1578 magnus
494 1544 592 1576 Pater,
617 1545 796 1574 Catbarorum
830 1549 963 1584 baptisma

1018 1549 1101 1584 φησὶν
1118 1549 1132 1576 6
1150 1549 1236 1585 μέγας
1261 1545 1339 1581 οὗτος
1351 1549 1366 1575 6
1379 1550 1476 1585 Πατὴρ
1491 1550 1543 1582 ὄτι,
1565 1549 1625 1577 ἐπεί
1640 1558 1712 1576 τισιν
1729 1550 1803 1582 ἔδοξε

181 1589 287 1616 admitti
303 1589 429 1623 prudenti
439 1589 552 1616 consilio
565 1590 725 1623 quibusdam
741 1593 852 1628 placuit,
865 1596 966 1623 admit-

181 1639 279 1662 tamus.
302 1635 427 1662 Secunda
453 1643 562 1670 quoque
581 1638 751 1666 (acumenica
781 1642 919 1675 synodus,
938 1646 966 1669 ut

177 1685 259 1707 antea
274 1681 375 1708 dictum
392 1685 444 1713 est,
460 1681 660 1710 admittendum
675 1684 790 1712 censuit.
810 1685 848 1712 De
865 1685 966 1713 Encra-

178 1727 237 1754 titis
254 1734 328 1758 vero,
344 1727 464 1762 ipsorum
479 1728 614 1764 baptisma
633 1730 745 1758 minime
761 1731 870 1759 admitti
883 1740 966 1767 opor-

178 1775 239 1798 tere
261 1771 370 1798 asserit.
398 1771 535 1799 Utendum
560 1779 625 1800 vero
646 1772 684 1801 ait
707 1776 914 1810 consuetudine,
936 1784 968 1804 ac

178 1816 258 1850 sequi
281 1821 407 1852 oportere
428 1817 534 1850 Patres,
552 1819 598 1854 qui
612 1826 655 1847 res
672 1824 779 1848 nostras
792 1822 967 1850 administra—

180 1865 256 1894 runt,
281 1868 316 1888 ne
336 1862 372 1889 ob
395 1861 507 1889 nimiutn
524 1863 638 1898 rigorem
656 1865 798 1899 segniores
817 1872 863 1893 eos
877 1867 910 1893 ad
925 1874 969 1894 ca-

180 1906 311 1934 tholicam
327 1905 477 1934 Ecclesiam
492 1908 677 1935 accedendam
695 1907 852 1938 reddamus.
876 1910 969 1946 Neque

182 1959 249 1980 vero
266 1960 299 1980 eo
319 1953 392 1987 quod
415 1952 453 1980 illi
475 1959 596 1981 nOstrum
619 1955 752 1990 baptisma
769 1963 896 1991 servent,
918 1966 969 1987 nos

181 2005 291 2032 quoque
305 1998 529 2031 verecundantcs,
548 1998 601 2033 50
623 1999 731 2027 illorum
753 2008 863 2029 servare
886 2009 967 2038 opor-

185 2049 234 2071 tet.
252 2043 308 2071 Nec
330 2044 402 2071 enim
418 2044 549 2072 debemus
566 2045 670 2078 gratias
687 2045 754 2081 ipsis
777 2046 897 2080 referre,
919 2050 966 2077 sed

179 2093 303 2116 exactam
320 2095 430 2115 servare
450 2087 627 2122 diligentiam.
650 2087 757 2117 Interea
775 2097 850 2123 vero,
868 2092 914 2127 qui
931 2100 966 2120 ex

183 2134 251 2168 ipsis
274 2133 308 2160 ad
330 2141 381 2161 nos
401 2136 520 2169 adeunt,
541 2142 636 2163 sancto
651 2155 658 2168 ,
687 2135 794 2170 inquit,
819 2136 968 2164 chrismate

184 2179 361 2215 iuungantur,
381 2189 413 2208 ac
436 2182 473 2209 ita
493 2182 581 2210 sacris
603 2182 739 2217 mysteriis
754 2184 967 2211 communicent.

186 2226 387 2254 Eucratitarum
409 2235 493 2262 porro
516 2227 608 2263 opinio
632 2229 689 2256 haec
709 2229 769 2256 fuit.
785 2230 827 2258 Ab
845 2231 918 2258 omni
941 2238 966 2258 re

1023 2226 1373 2273 μεταλαμὸανέὲωὲτανξέιι
1400 2242 1430 2269 δι
1450 2243 1506 2270 τῶν

184 2273 303 2300 animata
316 2273 499 2304 abstinebant,
521 2281 553 2300 ac
571 2280 678 2309 nuptias
693 2277 872 2310 recusabant,
889 2277 968 2304 Sata-

183 2320 262 2348 nicas
277 2320 336 2348 illas
350 2321 533 2348 nominantes.
549 2320 685 2349 Praeterea
703 2321 848 2351 Marcionis
860 2332 968 2359 quoque

183 2366 325 2400 opiniones
346 2371 438 2393 tenere
461 2366 600 2394 dicuntur.
617 2368 752 2401 Quoniam
770 2377 852 2402 vero,
871 2371 968 2404 inquit,

183 2412 344 2439 admisimus
357 2411 412 2446 jam
428 2412 455 2438 in
471 2412 628 2440 cathedram
643 2416 833 2450 episcoporum
844 2416 927 2448 hunc,
941 2421 969 2444 et

184 2458 270 2490 illmn,
288 2458 334 2492 qui
355 2465 389 2486 ex
410 2458 516 2486 illorum
542 2467 655 2487 numero
674 2465 747 2493 sunt,
764 2461 966 2489 Encratitaruin

184 2505 321 2536 videlicet,
342 2505 413 2531 haud
437 2505 499 2533 licet
513 2507 592 2534 nobis
607 2507 721 2541 amplius
738 2508 772 2534 ab
785 2507 906 2536 Ecclesia
924 2516 969 2536 se-

183 2557 306 2584 gregare,
326 2557 358 2577 ac
373 2557 527 2585 secernere,
539 2553 584 2586 qui
603 2552 711 2580 illorum
723 2553 811 2580 ordini
833 2559 897 2581 sunt
917 2555 965 2582 ad-

181 2596 281 2630 juncti,
298 2596 344 2630 qui
362 2596 456 2624 eadem
469 2597 597 2625 nimirum
615 2605 675 2625 cum
689 2597 755 2633 ipsis
767 2600 897 2627 sentiunt.
912 2600 967 2628 Ad-

184 2640 275 2668 missis
289 2648 407 2675 namque
420 2641 538 2676 ipsorum
555 2642 700 2676 episcopis,
725 2642 807 2669 veluti
832 2650 966 2672 canonem

182 2691 209 2713 et
225 2691 313 2722 typum
326 2691 437 2722 caeteros
452 2694 559 2722 quoque
574 2687 734 2715 admittendi
753 2695 803 2723 per
817 2695 865 2718 eos
883 2690 969 2718 edidi-

185 2739 255 2758 111115.

219 2776 332 2805 AltlST.
352 2777 503 2806 Hmreticus
525 2780 583 2810 est,
609 2779 654 2813 qui
674 2778 746 2807 circa
773 2779 850 2808 (idem
873 2786 968 2810 errat:

182 2823 228 2857 qui
249 2830 314 2851 vero
329 2824 401 2852 circa
423 2823 608 2852 medicabilcm
636 2824 753 2859 aliquam
776 2827 966 2862 quaestionem,

182 2869 371 2900 schisntaticus
393 2878 400 2897 :
426 2870 591 2906 immorigcri
611 2879 693 2907 vero,
730 2874 777 2908 qui
800 2881 966 2910 cciigrcgaut

1016 1596 1050 1624 δι’
1062 1597 1220 1632 οἰκονομίαν
1232 1596 1264 1623 τὸ
1275 1596 1330 1624 τῶν
1343 1597 1480 1632 Καθαρῶν
1495 1596 1638 1632 βάπτισμα
1661 1596 1801 1631 δέχεσθαι,

1017 1639 1087 1666 ἔστω
1101 1640 1206 1667 δεκτόν.
1221 1640 1275 1668 Καὶ
1295 1642 1312 1676 ἡ
1337 1640 1454 1676 δευτέρα
1476 1641 1652 1676 οίκουμενικὴ
1682 1641 1803 1673 σύνοδος,

1017 1686 1055 1717 ὡς
1078 1686 1258 1721 προείρηται,
1287 1685 1382 1713 δεκτδν
1417 1686 1483 1713 αὐτὸ
1513 1688 1649 1722 ἡγήσατο.
1680 1688 1750 1723 Περὶ
1775 1688 1804 1714 δὲ

1024 1731 1211 1766 Ἐγκρατιτῶν
1225 1740 1309 1768 φησιν
1324 1732 1362 1765 ὡς
1378 1733 1495 1768 οὺκξὲδει
1511 1734 1541 1760 τὸ
1555 1734 1645 1760 αὐτῶν
1661 1734 1802 1769 βάπτισμα

1016 1777 1153 1812 δέχεσθαι.
1168 1778 1308 1813 Χρηστὲον
1331 1779 1370 1811 δὲ,
1385 1779 1463 1815 φησὶ,
1487 1779 1526 1815 τῷ
1541 1779 1609 1813 ἔθει,
1630 1781 1677 1807 καὶ
1691 1781 1804 1807 ἀκολου-

1018 1823 1076 1850 θεῖν
1091 1823 1131 1849 δεῖ
1141 1825 1198 1855 τοῖς
1210 1823 1245 1850 τὰ
1258 1823 1321 1851 καθ’
1336 1824 1410 1859 ἡμᾶς
1430 1826 1627 1861 οἱκονομήσασι
1649 1827 1803 1860 Πατράσιν,

1018 1868 1063 1898 ίνα
1092 1869 1130 1904 μὴ
1157 1869 1201 1896 διά
1226 1869 1276 1905 τὴν
1302 1870 1456 1905 ἀκρίϐειαν,
1482 1871 1680 1907 όκνηροτὲρους
1704 1873 1805 1904 αὐτοὺς

1019 1914 1180 1950 ποιήσωμεν
1197 1915 1236 1946 είς
1260 1915 1290 1942 τὸ
1312 1916 1516 1952 προσέρχεσθαι
1529 1919 1563 1952 τῇ
1577 1918 1715 1953 καθολικῇ
1738 1919 1803 1945 Ἐκ-

1019 1961 1130 1997 κλησίᾳ.
1151 1961 1207 1997 Οὐχ
1222 1962 1263 1988 ὅτι
1289 1962 1318 1989 δέ
1344 1972 1411 1999 φησι
1436 1964 1621 1998 φυλάσσουσιν
1647 1966 1750 1994 ἐκεῖνοι
1773 1957 1805 1994 τὸ

1019 2007 1152 2044 ἡμέτερον
1173 2008 1326 2044 βάπτισμα,
1351 2010 1391 2037 δεῖ
1414 2011 1461 2037 καὶ
1482 2012 1557 2046 ἡμᾶς
1576 2013 1806 2048 δυσωπουμένους

1019 2053 1049 2080 τὸ
1067 2054 1180 2081 ἐκείνων
1198 2055 1357 2089 φυλάσσειν.
1376 2057 1414 2083 Οὺ
1438 2058 1494 2093 γὰρ
1516 2059 1662 2094 ὀφείλομεν
1688 2061 1806 2097 χάριτας

1019 2100 1181 2128 ἀντιδιδόναι
1211 2102 1319 2134 αὐτοῖς,
1345 2102 1413 2129 ἀλλὰ
1443 2107 1538 2139 τηρεῖν
1565 2106 1615 2141 τὴν
1643 2107 1803 2142 ἀκρίϐειαν.

1019 2146 1094 2178 Τέως
1118 2146 1146 2173 δὲ
1170 2148 1195 2173 οἱ
1219 2149 1436 2184 προσερχόμενοι
1451 2150 1481 2182 ἐξ
1492 2151 1583 2179 αὐτῶν
1596 2160 1603 2168 ·
1620 2154 1804 2189 χριέσθωσαν,

1020 2192 1098 2227 φησὶ,
1113 2193 1151 2228 τῷ
1163 2193 1234 2229 ἁγίῳ
1262 2195 1352 2230 μύρῳ,
1375 2196 1423 2223 καὶ
1445 2197 1516 2224 οὓτω
1541 2198 1597 2226 τῶν
1621 2201 1807 2236 άγιασμάτων

1527 2243 1716 2279 Ἐγκρατιτῶν
1743 2248 1808 2281 δόξα

1020 2284 1130 2320 τοιαύτη
1154 2283 1207 2320 ἦν·
1225 2286 1351 2322 ἐμψύχου
1376 2289 1477 2321 παντὸς
1502 2290 1661 2326 ἀπείχοντο,
1689 2295 1737 2320 καὶ
1758 2296 1807 2322 τὸν

1019 2329 1108 2364 γάμον
1132 2330 1275 2366 ἠρνοῦντο,
1304 2333 1351 2359 τοῦ
1383 2333 1492 2362 Σατανᾶ
1526 2336 1674 2369 καλοῦντες
1701 2339 1806 2367 αὐτόν*

1019 2374 1143 2409 λέγονται
1156 2375 1186 2402 δὲ
1219 2379 1330 2412 φρονεῖν
1350 2379 1398 2405 καὶ
1423 2379 1458 2407 τὰ
1482 2380 1530 2407 τοῦ
1551 2381 1726 2417 Μαρκίωνος.
1742 2384 1806 2412 Ὀτι

1020 2420 1059 2454 δὲ,
1076 2423 1170 2465 φησιν,
1189 2423 1342 2459 ἐδεξάμεθα
1366 2425 1418 2461 ἢδη
1448 2427 1489 2459 είς
1517 2428 1567 2463 τὴν
1595 2429 1732 2464 καθέδραν
1750 2431 1806 2458 τῶν

1019 2466 1177 2494 ἐπισκόπων
1200 2468 1274 2496 τόνδε
1294 2470 1341 2497 καὶ
1361 2472 1445 2505 τόνδε,
1463 2473 1493 2506 ιε
1513 2474 1628 2501 ἐκείνων
1645 2475 1738 2509 ὄντας,
1752 2478 1808 2504 τῶν

1027 2512 1345 2554 Ἐγκρατιτῶνιδηλαδὴ,
1368 2517 1461 2545 οὐκέτι
1490 2519 1629 2556 δυνάμεθα
1652 2522 1806 2558 διακρίνειν

1020 2558 1066 2585 καὶ
1091 2558 1267 2593 διαχωρίζειν
1294 2561 1348 2588 ἀπὸ
1380 2562 1430 2597 τῆς
1464 2563 1629 2600 Ἐκκλησίας
1670 2569 1734 2599 τοὺς
1767 2569 1808 2605 τῷ

1018 2603 1140 2637 τάγματι
1169 2604 1282 2650 ἐκείνων
1309 2608 1519 2643 συνημμένους”
1545 2611 1630 2647 ἧγουν
1655 2614 1719 2645 τοὺς
1742 2603 1808 2650 ἀμογ-

1018 2648 1111 2681 δόξους
1135 2649 1259 2683 ἐκείνοις.
1286 2652 1433 2689 Δεξάμενοι
1462 2657 1516 2692 γὰρ
1541 2658 1605 2690 τοὺς
1635 2648 1807 2694 ἐπισκόπους

1017 2695 1117 2728 αὐτῶν,
1136 2697 1237 2724 κανόνα
1259 2700 1307 2724 καὶ
1327 2699 1412 2727 τύπον
1429 2701 1524 2738 ὥσπερ
1542 2703 1661 2738 ἐθέμεθα
1679 2706 1713 2733 δι’
1730 2707 1805 2734 ὲκεί-

1016 2750 1080 2773 νων,
1099 2742 1147 2769 καὶ
1164 2743 1227 2775 τοὺς
1245 2744 1357 2777 λοιποὺς
1374 2746 1510 2782 δέχεσθαι.

1052 2785 1162 2813 ΑΡΙΣΤ.
1176 2787 1320 2822 Λίρετικδς
1335 2791 1349 2816 ό
1375 2793 1446 2818 κατὰ
1469 2793 1518 2828 τὴν
1532 2793 1623 2821 πίστιν
1644 2795 1788 2832 άὶλότριος
1799 2805 1806 2812 ·

1017 2832 1031 2858 6
1052 2833 1080 2858 δὲ
1102 2834 1172 2860 κατὰ
1188 2843 1214 2861 τι
1238 2837 1347 2871 ίασιμον
1373 2837 1486 2874 ζήτημα
1505 2843 1700 2876 σχισματικός.
1724 2843 1758 2870 οί
1779 2845 1807 2871 εδ

1019 2879 1180 2914 συςιάγοντες
1206 2881 1387 2911 ἀνυπότακτοι
1408 2887 1521 2919 τοᾷτους
1537 2888 1554 2923 ἢ
1573 2887 1695 2918 ἱκείνονς
1713 2898 1803 2924 παρα-
