1914 3077
57 147 104 176 5η

511 149 553 181 IN
572 149 691 182 EPIST.
711 150 742 181 S.
757 149 900 181 BASILII
917 151 1134 183 CANONICAM
1151 154 1176 183 I.

1618 156 1669 187 59%

88 201 182 228 BAAE.
205 202 237 228 Ὀ
254 203 303 236 μέν
320 202 360 229 κε’
385 203 560 236 ἀποστολικὺς
576 205 664 232 κανὼν
681 205 727 232 καὶ
739 205 752 231 ὁ
767 213 838 238 παρ-

926 205 1022 233 BALS.
1038 207 1189 237 Vicesimus
1205 211 1311 244 quidem
1327 211 1436 245 quintus
1452 219 1537 240 canon
1561 218 1671 245 aposta-

55 249 90 275 ὼν
107 248 209 281 κανὼν,
226 250 291 285 περὶ
309 251 461 277 ἐπισκόπου
482 252 529 278 καὶ
546 252 673 279 διακόνου
692 252 776 286 φασίν
792 261 798 268 ·
825 253 839 278 6

56 296 80 321 Et
95 294 134 330 λβ¹
149 296 241 322 κανὼν
254 296 301 322 τοῦ
325 296 404 330 ἁγίου
419 297 561 324 Βασιλείου
576 298 724 331 διορίζεται
749 298 839 324 πάντα

58 342 212 376 ἱερωμένον,
225 342 278 368 κᾶν
293 343 343 376 τὴν
358 343 426 378 πρὸς
440 343 552 370 θάνατον
565 344 701 379 ἁμαρτίαν
714 345 837 379 ἁμάρτῃ.

57 386 243 421 καθαιρεῖσθαι
259 388 356 422 μόνον·
376 388 406 414 οὒ
424 388 477 422 μὴν
500 389 547 415 καὶ
561 389 615 415 ἀπὸ
632 389 681 424 τῆς
698 389 840 421 κοινωνίας

57 431 106 458 τῶν
134 432 251 464 πιστῶν,
268 433 354 467 ἤγουν
380 434 435 460 ἀπο
459 433 506 460 τοῦ
530 434 732 468 ἐκκλησιάζειν,
758 434 841 469 χωρί-

58 478 156 508 ζεσθαι.
182 478 316 505 Ἐνταῦθα
327 479 355 506 δέ
367 487 450 514 φησιν
464 481 477 505 ὁ
491 480 569 513 ἅγιος
580 481 627 505 κα)⁸
640 479 730 512 αἰτίας
744 481 839 506 τούτου

57 524 100 550 δύο
111 532 119 540 ·
141 524 206 558 μίαν
221 525 272 558 μὲν
287 525 328 558 τὸ,
345 525 402 551 Οὐκ
420 525 575 560 ἔκδικὴσεις
589 525 629 556 δὶς
642 526 688 553 ἐπὶ
703 526 741 561 τῷ
754 527 839 562 αὐτῷ’

58 570 150 605 ἑτέραν
174 570 202 596 δὲ
223 571 253 597 τδ
269 570 331 601 τοὺς
346 570 457 602 λαῖκοὺς
471 571 656 603 ἐκπίπτοντας
680 572 723 599 διὰ
749 573 842 607 ἀμαρ-

57 614 163 649 τὴματα
177 615 228 648 τῆς
240 615 294 641 τῶν
312 616 415 642 πιστῶν
433 617 591 648 συστάσεως
602 617 684 643 niAtv
700 617 744 644 διά
761 625 842 652 μετα-

58 660 129 690 νοίας
142 660 381 687 ἀποκαθίστασθαι
401 663 441 691 εἰς
459 662 505 688 τὸν
524 663 606 689 τόπον
623 663 683 689 ὅθεν
701 663 841 696 ἐξέπεσον·

57 705 116 735 τοὺς
143 704 310 739 ίερωμένους
337 705 365 732 δὲ
392 707 491 741 μηκέτι
513 708 714 741 ἐπανέρχεσθαι
737 708 777 738 είς
793 708 842 742 τὴν

59 751 218 785 ἱερωσύνην,
246 748 280 786 ἧς
304 752 526 779 ἐκπεπτώκασιν,
556 753 599 784 Ὧς
631 752 678 780 οὖν
704 753 842 788 ἀρκοῦσαν

59 797 164 830 ἔχοντες
187 797 326 831 τιμωρίαν
355 798 426 832 ὑπὲρ
451 799 499 833 τῆς
515 799 652 833 ἁμαρτίας
675 799 777 829 αὐτῶν,
792 799 843 833 τὴν

59 842 230 877 καθαίρεσιν,
250 843 300 877 τῆς
330 844 473 874 κοινωνίας
494 845 544 871 οὐκ
576 844 727 879 εἴργονται.
762 845 842 871 Ἃ).λά

58 887 153 918 ταῦτα,
173 888 252 922 φησι,
274 888 328 913 τῶν
345 887 438 914 τύπων
464 888 481 922 ἢ
504 887 559 914 τῶν
587 889 739 915 κανονικῶν
754 889 844 916 διατα-

59 931 183 966 γμάτων.
207 932 239 959 Ἦ
252 931 281 958 δὲ
295 932 399 967 ἀληθὴς
424 933 530 967 ίατρεία
546 933 595 967 τῆς
616 934 755 968 ἁμαρτίας
769 935 844 961 ἐστὶν

59 979 75 1012 ἠ
106 978 136 1010 ἐξ
157 978 244 1013 αὐτῆς
268 978 453 1014 ἀναχώρησις,
483 979 541 1005 Κᾶν
571 980 626 1014 γὰρ
652 980 666 1006 ὁ
693 980 846 1015 πορνεύσας

60 1023 230 1058 καθαιρεθῇ,
258 1024 308 1049 οὐκ
341 1024 525 1058 ἐπιτιμᾶσθαι
550 1024 626 1050 δοκεῖ
653 1025 846 1059 ινδεχομένως,

59 1069 128 1096 ὥστε
147 1069 196 1096 καὶ
212 1068 263 1104 τὴν
275 1069 329 1096 ἀπὸ
344 1069 390 1096 τοῦ
405 1070 472 1096 Θεοῦ
490 1070 582 1096 λαϐεῖν
598 1071 779 1104 συμπάθειαν,
797 1071 845 1096 ἐὰν

60 1117 105 1142 καὶ
119 1116 160 1141 ἔτι
173 1115 303 1150 ὲπιμείνῃ
321 1117 353 1150 τῇ
377 1116 510 1151 ἁμαρτίᾳ,
536 1117 583 1143 καὶ
612 1116 671 1142 οὐδὲ
697 1116 732 1142 δι’
749 1116 847 1151 ἑτέρας

62 1161 210 1196 συντριῦἧς
241 1161 391 1195 ἑξιλεοῦται
415 1163 462 1190 τὸν
491 1164 568 1190 Θεόν.
599 1164 681 1190 Ὥστε
707 1163 810 1197 ὀφείλει
835 1163 849 1189 ὀ

63 1207 154 1241 ἱατρδς
179 1208 236 1238 τοῖς
251 1207 378 1242 ψυχικοῖς
405 1209 489 1235 αὑτοῦ
506 1209 662 1244 τραύμασιν
676 1209 776 1235 ειδέναι
797 1208 846 1242 μὲν

61 1251 106 1278 καὶ
120 1250 170 1286 τὴν
186 1251 340 1285 ἀκρίϐειαν,
353 1252 436 1288 ἧγουν
454 1252 503 1287 τὴν
524 1253 568 1279 διὰ
594 1254 643 1288 τῆς
659 1253 849 1288 καθαιρέσεως

62 1298 174 1324 κόλασιν
189 1298 236 1324 τοῦ
255 1298 434 1334 πορνεύοντος
449 1299 585 1335 κληρικοῦ
597 1306 604 1313 ·
624 1299 660 1334 μὴ
690 1298 849 1325 ἀκολουθεῖν

61 1343 88 1369 δὲ
105 1336 197 1379 ταύτῃ
213 1344 242 1376 ἐξ
257 1345 392 1379 ἀνάγκης,
405 1346 451 1372 καὶ
466 1345 512 1372 τὸν
528 1346 596 1380 μετά
615 1346 665 1380 τὴν
686 1345 847 1379 καθαίρεσιν

62 1390 231 1424 πορνεύοντα
259 1391 456 1427 ἀνεπιτίμητον
481 1391 713 1426 καταλιμπάνειν,
734 1391 773 1423 ὡς
798 1391 849 1428 ἥδη

60 1438 229 1464 κολασθέντα
250 1437 294 1465 διὰ
311 1439 360 1473 τῆς
377 1438 573 1473 καθαιρέσεως,
595 1439 664 1465 ἀλλὰ
687 1439 734 1465 καὶ
752 1439 850 1472 ἀφορί-

62 1483 120 1515 ζειν
133 1484 170 1514 ὠς
189 1484 230 1515 είς
243 1484 324 1510 τόπον
339 1484 451 1510 ἐλθόντα
465 1484 572 1515 λαῖκοῦ,
586 1485 634 1510 καὶ
649 1483 735 1516 ἄλλως
760 1484 850 1510 ἐπιτι-

64 1530 117 1564 μᾷν
146 1529 218 1555 κατὰ
239 1528 289 1563 τὴν
320 1529 434 1563 δύναμιν
457 1528 505 1555 τοῦ
534 1528 736 1564 ἰατρευομένου.
771 1528 846 1554 Ἀνάι

63 1562 170 1609 γνωσον
187 1575 235 1601 καὶ
249 1562 295 1601 τον
309 1573 348 1601 νθ¹
363 1562 463 1600 κανόνα
479 1575 528 1609 τῆς
540 1562 681 1609 παρούσης
694 1573 849 1608 ἐπιστολῆς,

61 1623 90 1647 ὲν
101 1620 173 1647 ἐπτά
187 1619 259 1646 ἔτεσι
272 1621 318 1646 τὸν
334 1620 502 1656 πορνεύοντα
518 1619 680 1652 κολάζοντα.

98 1666 225 1693 ΖΩΝΔΙ).
240 1665 310 1697 Τοὺς
334 1665 474 1696 διακόνους
500 1665 706 1700 πορνεύσαντας
726 1664 777 1699 τῆς
802 1665 851 1699 μὲν

60 1712 204 1743 διακονίας
227 1710 408 1738 ὲκῆἀλλεσθαι
433 1711 518 1746 λέγει,
531 1712 582 1745 τῆς
607 1711 750 1742 κοινωνίας
768 1710 797 1736 δὲ
814 1710 851 1744 μὴ

61 1757 236 1784 κωλύεσθαι·
252 1757 299 1783 καὶ
315 1757 364 1788 τάς
385 1757 476 1788 αίτίας
503 1757 601 1790 ἐπάγει
617 1765 623 1772 ·
641 1756 704 1791 μίαν
729 1756 789 1789 μὲν,
816 1756 851 1790 ἦν

61 1803 108 1829 καὶ
127 1803 142 1828 ὀ
157 1805 196 1828 κε’
211 1801 389 1832 ἀποστολικδς
416 1800 506 1828 κανὼν
528 1801 622 1834 λέγει’
640 1801 681 1831 τὸ,
699 1801 756 1827 Οὐκ
775 1800 850 1826 ἐκδι-

60 1849 159 1882 κῆσεις
173 1847 215 1877 δῒς
231 1847 277 1873 ἐπὶ
299 1847 330 1873 τδ
350 1847 416 1873 αὐτὸ
427 1855 434 1862 ·
450 1846 548 1881 ἑτέραν
562 1846 591 1873 δὲ
609 1847 639 1872 τὸ
663 1847 727 1878 τοὺς
741 1845 852 1877 λαῖκοὺς

59 1894 250 1923 ἐκπίπτοντας
269 1892 312 1919 διά
332 1893 517 1927 ἁμαρτήματα
538 1892 586 1927 τῆς
604 1892 659 1918 τῶν
682 1892 787 1918 πιστῶν
804 1901 859 1918 συ-·

60 1940 187 1969 στάσεως
203 1938 285 1965 πάλιν
308 1938 352 1965 διὰ
379 1938 525 1973 μετανοίας
551 1937 786 1965 ἀποκαθίστασθαι
813 1939 853 1969 είς

58 1985 107 2010 τδν
124 1984 208 2010 τόπον
223 1983 286 2010 ὅθεν
301 1983 438 2015 ἐξέπεσον.
459 1983 528 2014 Τοὺς
554 1981 581 2008 δὶ
606 1983 773 2017 ίερωμένους
802 1990 854 2016 μη-

58 2032 121 2057 κέτι
135 2029 335 2064 ἐπανέρχεσθαι
350 2030 389 2061 εἰς
407 2029 456 2064 τὴν
481 2029 633 2064 ἱερωσύνην
649 2028 683 2064 ἦς
703 2027 853 2055 ἐκπεπτώ-

58 2084 156 2103 κασιν.
176 2075 223 2106 Ὠς
247 2075 294 2101 οὖν
312 2074 451 2109 ἀρκοῦσαν
476 2074 582 2109 ἔχοντες
612 2074 747 2109 τιμωρίαν
781 2074 852 2108 ὑπὲρ

57 2124 109 2156 τῆς
127 2121 265 2156 ἁμαρτίας
279 2120 368 2147 αὐτῶν
381 2120 428 2155 τὴν
443 2120 615 2155 καθαίρεσιν,
635 2121 683 2155 τῆς
703 2119 850 2152 κοινωνίας

57 2168 111 2193 οὒκ
135 2166 277 2201 εἴργονται
292 2174 301 2181 ο
318 2165 386 2192 ἀλλά
403 2165 499 2198 ταῦτα,
519 2167 597 2201 φησι,
617 2166 651 2193 τὰ
678 2166 732 2193 τῶν
747 2165 852 2198 τύπων,

891 253 969 285 licus,
996 260 1022 281 et
1043 263 1170 290 prmsens.
1191 256 1225 283 de
1237 257 1363 290 episcopo
1380 263 1406 283 et
1430 258 1542 284 diacono
1556 258 1648 283 dicunt
1664 265 1672 283 :

890 299 937 325 sed
953 307 1038 326 canon
1054 301 1089 326 52
1104 302 1188 329 sancti
1205 301 1295 329 Basilii
1311 302 1435 329 decernit
1447 303 1569 336 quemvis
1585 303 1672 328 sacris

891 344 1032 372 ordinibus
1050 345 1194 376 initiatum.
1215 347 1237 374 si
1250 351 1389 382 peccatum
1405 351 1437 373 ad
1453 352 1566 373 mortem
1579 355 1674 381 pecca-

891 389 971 419 verit.
986 389 1175 424 deponendum
1200 395 1302 417 tantum
1322 398 1393 423 esse,
1409 398 1462 417 non
1480 395 1566 417 tamen
1581 398 1595 417 a
1612 391 1676 416 fide-

891 434 956 461 lium
970 435 1052 462 etiam
1068 436 1267 469 communione,
1281 443 1314 464 ne
1327 437 1431 465 scilicet
1444 437 1470 464 itt
1483 436 1597 464 ecclesia
1612 444 1676 464 con-

891 485 1029 516 gregetur,
1047 481 1178 516 separari.
1202 481 1250 509 llic
1266 487 1355 510 autem
1379 483 1444 510 dicit
1467 487 1576 510 sanctus
1611 484 1678 509 duas

892 526 951 560 ejus
963 527 1002 553 rei
1016 533 1131 555 causas:
1147 535 1226 554 unam
1240 528 1347 562 quidem
1363 528 1438 559 illud,
1453 527 1511 554 Non
1527 527 1678 554 vindicahis

893 571 934 599 bis
951 572 977 598 itt
993 572 1119 607 idipsum,
1146 573 1256 600 alteram
1281 581 1356 605 vero,
1374 574 1446 608 qttod
1474 573 1533 600 laici
1555 573 1674 607 quidem.

895 622 1004 651 propter
1021 625 1069 645 sua
1085 623 1195 652 peccata
1213 627 1228 646 a
1246 619 1364 646 fidelium
1379 620 1591 654 congregatione
1604 619 1679 646 exci-

894 663 998 695 dentes,
1015 671 1062 698 per
1078 664 1263 697 paenitentiam
1282 672 1375 692 rursus
1390 665 1416 692 in
1431 665 1573 699 pristinum
1589 665 1676 690 locum

893 708 1097 735 restituantur:
1123 709 1211 736 sacris
1229 710 1371 738 ordinibus
1393 715 1483 737 autem
1510 710 1606 736 initiati
1626 717 1678 736 non

894 754 1010 789 amplius
1024 759 1196 782 revertuntur
1213 756 1245 782 ad
1262 756 1453 788 sacerdotium,
1473 764 1486 782 a
1504 763 1556 790 qtto
1570 755 1678 782 excide-

894 803 967 826 runt.
982 798 1122 833 Tanquam
1136 807 1200 835 ergo
1212 800 1348 828 suﬂiciens
1359 800 1490 827 habentes
1502 808 1550 835 pro
1562 804 1675 833 peccato

859 865 880 892 Β
894 851 943 872 suo
963 845 1124 880 supplicium
1156 846 1362 880 dcpositionem,
1384 853 1399 872 a
1415 845 1604 873 commttuioue
1628 852 1679 872 uou

896 897 1032 920 arcentur.
1048 892 1100 920 Sed
1114 898 1177 920 sunt
1192 893 1261 925 haec,
1276 892 1375 926 inquit,
1388 897 1511 928 typorum
1528 892 1585 919 sive
1599 899 1682 918 cauo-

899 938 1020 965 uicarum
1044 938 1277 965 constitutionum.
1306 937 1354 964 Est
1379 942 1467 965 autem
1490 945 1553 965 vera
1579 937 1680 971 peccati

898 982 1029 1009 medicina
1048 982 1081 1008 ah
1097 982 1155 1016 ipso
1178 990 1313 1010 recessus.
1338 981 1395 1009 Etsi
1416 982 1497 1015 enim,
1526 983 1570 1016 qui
1598 981 1682 1008 forni-

898 1033 974 1054 catus
990 1033 1041 1059 est.
1059 1027 1198 1062 depositus
1210 1028 1299 1062 fuerit,
1314 1036 1366 1055 non
1384 1033 1487 1055 tantum
1504 1027 1613 1062 punitus
1623 1034 1683 1053 esse

899 1073 1018 1105 videtur,
1030 1077 1060 1100 ut
1074 1074 1156 1101 etiam
1170 1074 1386 1102 ntisericordiam
1400 1082 1413 1100 a
1427 1074 1482 1101 Deo
1491 1076 1681 1107 consequatur,

899 1120 920 1146 si
942 1121 1028 1147 adhuc
1048 1121 1075 1147 in
1089 1126 1198 1155 peccato
1212 1121 1436 1156 perseveraverit,
1454 1127 1503 1147 nec
1529 1119 1610 1146 Deum
1627 1118 1678 1144 alia

900 1166 1067 1194 contritione
1096 1166 1254 1201 placaverit.
1292 1167 1382 1200 Quare
1417 1166 1496 1193 debet
1525 1165 1682 1192 animalitnn

901 1211 979 1244 hujus
998 1212 1138 1240 vulnerum
1161 1212 1283 1239 medicus
1299 1213 1369 1240 scire
1384 1211 1491 1246 quidem
1507 1216 1534 1238 et
1549 1217 1684 1237 sumntum

900 1258 956 1293 jus.
971 1259 1077 1286 scilicet
1091 1258 1258 1293 punitionetn
1274 1258 1376 1290 clerici,
1393 1258 1439 1292 qui
1464 1257 1612 1284 fornicatus
1633 1261 1684 1285 est.

901 1309 949 1337 per
963 1301 1156 1336 depositionem
1172 1311 1179 1330 :
1195 1308 1254 1329 eam
1268 1307 1355 1329 tamen
1366 1309 1418 1329 non
1433 1301 1585 1328 necessario
1595 1300 1684 1334 sequi,

903 1353 932 1374 ut
949 1355 1011 1374 eum
1030 1348 1123 1379 etiam.
1147 1347 1192 1382 qui
1215 1352 1278 1382 post
1304 1347 1498 1380 depositionem
1525 1346 1685 1376 fornicatur,
1709 1345 1711 1347 ’

903 1392 1062 1426 impunitum
1077 1392 1222 1426 relinquat,
1239 1395 1268 1419 ut
1290 1391 1345 1425 jam
1362 1399 1408 1426 per
1425 1391 1618 1426 depositionem
1637 1398 1688 1424 pu-

903 1438 1006 1470 nitum;
1023 1437 1070 1465 sed
1086 1442 1116 1464 ut
1131 1437 1213 1464 etiam
1231 1444 1291 1464 eum
1307 1442 1441 1472 segreget,
1459 1437 1504 1471 qui
1519 1436 1578 1463 laici
1594 1436 1682 1462 locum

902 1483 995 1514 subiit,
1011 1487 1035 1510 el
1050 1483 1126 1510 aliter
1140 1490 1201 1510 eum
1218 1483 1322 1517 puniat.
1337 1491 1386 1517 pro
1410 1483 1470 1515 eius
1488 1482 1615 1509 facultate
1639 1480 1684 1508 cui

904 1529 1036 1557 medicina
1053 1530 1196 1563 praebetur.
1214 1529 1283 1565 Lege
1294 1534 1321 1557 et
1333 1537 1463 1556 canonem
1488 1528 1523 1556 49
1540 1527 1620 1563 hujus
1633 1527 1689 1562 epi-

907 1575 991 1608 stolae,
1003 1576 1048 1610 qui
1066 1575 1258 1604 fornicatorem
1274 1580 1375 1611 septem
1390 1574 1468 1602 annis
1481 1574 1570 1610 punit.

940 1665 1067 1694 ZONAR.
1089 1666 1234 1697 Diaconos,
1251 1666 1296 1700 qui
1309 1665 1432 1692 fornicati
1457 1668 1531 1695 sunt,
1548 1664 1688 1691 diaconatu

906 1711 1012 1745 quidem
1036 1710 1212 1746 dejiciendos,
1228 1718 1279 1737 non
1300 1715 1389 1736 tamen
1404 1717 1417 1735 a
1436 1709 1624 1736 communione
1646 1716 1691 1734 arv

906 1756 1005 1782 cendo;
1018 1762 1077 1782 esse
1093 1755 1200 1787 asserit,
1224 1762 1375 1789 causasque
1398 1753 1538 1788 subjungit
1553 1762 1559 1779 :
1577 1753 1688 1780 alterum

907 1801 1025 1835 quidem.
1053 1807 1113 1834 quae
1144 1799 1290 1834 apostolico
1317 1799 1443 1825 vicesimo
1467 1798 1561 1832 quinto
1587 1804 1691 1824 canone

907 1847 1062 1873 continetur
1080 1854 1085 1872 :
1103 1844 1160 1872 Non
1175 1845 1324 1872 vindieabis
1342 1844 1384 1872 bis
1396 1844 1422 1870 iu
1438 1844 1563 1877 idipsum,
1578 1843 1690 1870 alterum

907 1899 982 1924 vero,
1002 1891 1072 1926 quod
1098 1891 1158 1918 laici
1185 1891 1219 1917 ob
1241 1890 1355 1917 crimina
1381 1897 1396 1915 ιι
1425 1888 1542 1916 fidelium
1556 1889 1692 1916 consortio

907 1938 999 1972 ejecti,
1019 1945 1112 1965 rursus
1137 1938 1164 1964 iu
1179 1937 1279 1968 locum,
1297 1936 1368 1962 unde
1381 1935 1549 1967 exciderunt,
1565 1941 1613 1968 per
1635 1942 1692 1969 pux-

908 1982 1048 2010 uitcntiatn
1081 1982 1275 2013 restituantur;
1306 1980 1391 2008 sacris
1420 1984 1509 2007 autem
1536 1979 1633 2006 initiati
1665 1979 1690 2005 iu

908 2036 1014 2057 sacrum
1029 2029 1163 2060 ordinem,
1179 2035 1212 2056 ex
1231 2034 1284 2062 quo
1303 2027 1399 2062 dejeeti
1421 2031 1494 2059 sunt,
1510 2034 1561 2054 non
1577 2025 1693 2061 amplius

908 2075 1095 2103 admittantur.
1109 2074 1248 2108 Tanquam
1270 2074 1353 2108 igitur
1368 2074 1402 2100 ob
1418 2073 1564 2107 irrogatam
1586 2072 1692 2106 deposi-

909 2120 1009 2146 tionem
1022 2119 1087 2146 satis
1110 2118 1232 2153 supplicii
1251 2125 1299 2152 pro
1325 2118 1429 2144 ratione
1445 2117 1554 2144 admissi
1572 2116 1694 2144 criminis

907 2166 993 2198 luant,
1016 2171 1030 2192 a
1047 2164 1239 2192 comtuunioue
1256 2163 1326 2190 haud
1344 2163 1533 2198 prohibentur.
1553 2162 1607 2190 Sed
1622 2163 1693 2192 lucc.

58 2214 148 2247 ἤγουν
164 2211 182 2238 ἃ
201 2211 231 2243 ἐξ
250 2210 328 2243 ἔθους
347 2211 454 2246 μακροῦ
477 2212 659 2247 ἐτυπώθησαν
671 2220 678 2228 ·
696 2211 811 2238 καθόλου
824 2211 845 2238 δί

909 2211 1008 2246 inquit,
1034 2210 1061 2237 in
1089 2209 1329 2238 constitutionibus
1351 2210 1532 2243 reperiuntur,
1563 2209 1613 2236 hoc
1640 2214 1692 2237 cst.

58 2259 133 2291 ἴαμα
150 2257 199 2283 τοῦ
219 2257 380 2291 σφάλματος
404 2256 478 2291 λέγει
492 2257 541 2292 τὴν
563 2258 612 2292 τῆς
634 2257 773 2292 ἁμαρτίας
788 2258 856 2284 ἀνα-

56 2304 199 2339 χώρησιν,
216 2303 264 2329 καὶ
286 2303 316 2329 τὺ
348 2303 381 2329 δι’
409 2303 572 2338 ἐγκρατείας
600 2304 647 2330 καὶ
666 2303 855 2336 κακοπαθείας

54 2349 274 2382 ὁουλαγωγῆσαι
285 2349 334 2383 τὴν
350 2349 438 2384 σάρκα
451 2357 458 2366 ι
473 2349 618 2376 τουτέστιν
633 2349 776 2383 ὑποτάξαι,
797 2350 858 2376 δου-

55 2393 161 2420 λῶσαι.
188 2394 234 2419 Δεῖ
254 2393 284 2420 δὲ
310 2394 373 2425 τοὺς
400 2394 494 2429 ψυχῶν
520 2395 683 2429 οἰκονόμους
711 2394 856 2429 ἀμφότερα

55 2439 173 2472 είδὲναι,
192 2440 240 2466 καὶ
264 2439 298 2466 τὰ
328 2440 378 2475 τῆς
402 2440 556 2476 ἀκριϐείας,
573 2441 620 2467 καὶ
642 2441 677 2468 τὰ
694 2441 743 2476 τῆς
772 2449 854 2476 συνη-

56 2487 139 2518 θείας
149 2495 157 2501 ·
172 2486 222 2512 καὶ
239 2486 262 2512 εί
280 2485 329 2519 μὲν
342 2486 367 2512 ot
386 2486 598 2521 ἁμαρτήσαντες
613 2487 805 2522 καταδέχοιντο
819 2487 854 2514 τὰ

55 2533 110 2567 τῆς
125 2531 286 2566 ἀκριϐείας,
307 2531 368 2558 κατ’
384 2532 493 2567 ἐκείνην
517 2533 719 2567 οἰκονομεῖσθαι
735 2532 833 2564 αὐτούς
847 2541 853 2549 ·

57 2578 84 2604 εἰ
100 2577 131 2603 δὲ
149 2576 351 2612 σκληρύνονται
372 2577 442 2612 πρὸς
464 2576 514 2612 τὴν
543 2577 694 2613 ἀκρότητα,
711 2578 772 2614 ἦτοι
788 2579 859 2614 πρὸς

57 2623 112 2658 τὴν
128 2623 222 2658 ἄκραν
235 2622 390 2658 ἀκρίϐειαν,
411 2622 525 2650 ἕπεσθαι
542 2623 603 2650 τότε
617 2623 656 2658 τῷ
673 2624 857 2660 παραδοθέντα

57 2669 153 2704 τύπῳ,
172 2669 207 2704 τῇ
224 2669 356 2705 συνηθείᾳ
369 2669 491 2704 δηλονότι
508 2669 559 2706 (5).

908 2257 980 2291 ιοηεί
999 2257 1126 2291 temporis
1136 2256 1331 2283 consuetudine
1347 2256 1458 2283 definita
1473 2259 1544 2283 sunt.
1562 2254 1694 2282 Universc

908 2310 974 2330 vero
997 2302 1100 2336 peccati
1126 2301 1289 2329 medicinam
1313 2302 1351 2329 ait
1375 2309 1436 2330 esse
1455 2309 1468 2328 a
1483 2306 1594 2336 peccato
1611 2309 1694 2328 recc—

909 2348 984 2380 dere,
1002 2355 1033 2374 ac
1054 2354 1103 2381 per
1121 2346 1327 2381 temperantiam
1344 2347 1519 2381 corporisque
1536 2346 1695 2374 amictioncs

911 2402 1019 2422 carnem
1036 2393 1160 2427 redigere
1184 2393 1210 2419 iu
1236 2393 1406 2425 servitutem,
1423 2393 1473 2420 hoc
1499 2397 1550 2425 est,
1569 2395 1694 2419 coercere

911 2449 943 2469 ac
957 2441 1097 2469 edomare.
1124 2438 1237 2474 Oportet
1263 2446 1344 2473 porro
1371 2439 1523 2465 animarum
1553 2444 1694 2467 curatores

910 2491 1025 2521 utraqtte
1046 2493 1138 2516 nosse,
1161 2489 1189 2512 ct
1204 2491 1264 2519 qua:
1281 2483 1379 2511 summi
1403 2483 1473 2518 juris
1495 2488 1568 2515 sunt,
1586 2487 1612 2509 ct
1635 2491 1695 2518 qua:

911 2531 1116 2560 consuetudinis
1132 2540 1140 2557 :
1155 2538 1184 2556 ac
1210 2529 1233 2557 si
1249 2529 1358 2564 quidem
1379 2530 1423 2565 qui
1448 2533 1637 2564 peccaverunt,
1663 2536 1693 2553 «ιιι

910 2585 971 2612 qua:
985 2581 1048 2604 sunt
1062 2576 1150 2604 exacti
1169 2575 1240 2610 juris
1254 2576 1408 2607 admittant,
1421 2582 1452 2601 ex
1467 2574 1525 2608 ejus
1539 2572 1695 2608 praescripta

910 2631 971 2652 cum
987 2622 1053 2658 ipsis
1063 2630 1162 2658 agere;
1177 2622 1219 2649 sin
1233 2625 1322 2649 autem
1337 2621 1468 2648 adversus
1486 2619 1631 2655 perfectam
1649 2626 1695 2644 ra-

911 2670 1025 2701 tionem,
1037 2676 1171 2696 summum
1203 2668 1328 2696 videlicet
1355 2667 1400 2702 jus
1426 2666 1610 2698 obluctentur,
1630 2668 1695 2692 tunc.

913 2716 1025 2743 flormam
1045 2715 1180 2748 traditam,
1197 2714 1417 2742 consuetudinem
1433 2711 1547 2743 scilicet,
1562 2711 1649 2745 sequi.

687 2772 784 2803 Guill.
806 2772 973 2812 Beveregii
985 2774 1079 2802 notae.

100 2821 139 2857 (τι)
162 2819 366 2857 Τῇῗσυνηθείᾳ
396 2822 549 2856 δηλονότι.
580 2822 643 2851 Post
671 2825 728 2852 lucc
757 2825 852 2851 ultima

62 2856 185 2884 Joannis
198 2856 316 2884 Zonara-
332 2858 357 2884 in
375 2864 536 2887 prasentetn
553 2866 682 2886 canonem
705 2860 795 2888 verba.
809 2868 857 2886 co-

915 2825 965 2851 dex
989 2824 1223 2851 Amerharhiauus
1241 2823 1325 2856 additI
1344 2822 1467 2849 Καθόλου
1483 2821 1512 2848 δὲ
1525 2820 1593 2855 ἴαμα
1616 2818 1695 2856 ξφηρ

915 2860 990 2891 ἇνῖος
1004 2858 1052 2891 τὴν
1080 2860 1110 2885 ὲκ
1136 2859 1185 2894 τῆς
1205 2854 1343 2893 ἁμαρτίας
1368 2854 1562 2893 ἀναχώρησιν,
1576 2854 1642 2890 πρὸς
1662 2855 1696 2881 τὸ

1713 259 1720 280 ι
