1914 3077
283 135 333 167 599

280 203 334 222 non
353 196 403 224 erit
425 198 448 224 ei
469 199 628 233 perii-issam
650 202 676 229 in
700 203 752 230 alio
772 209 891 240 tempore
914 207 946 234 ad
959 209 1067 242 panicio

280 244 412 276 nationem
435 247 582 279 accedere,
600 255 679 283 quant
708 249 737 277 iu'
756 251 810 278 sola
833 252 944 280 salutari
961 253 1063 282 Christi

279 293 306 314 et
333 288 438 317 Domini
465 292 549 318 nostri
578 295 789 329 resurrectione.
807 303 916 332 propter
935 306 1062 334 repurga-

280 334 397 368 tionetn,
423 340 450 362 ut
475 337 602 371 possibile
626 345 682 371 est,
707 348 738 368 ex
760 344 926 376 przcccdcnte
947 344 1064 379 jejunio-

278 387 336 406 rum
347 380 520 409 abstinentia.
533 382 594 411 llaec
602 389 690 412 autem
699 387 823 420 dicimus,
835 390 942 423 quando
952 391 1062 425 exlprio-

277 423 351 450 ribus
362 426 542 454 matrimoniis
555 436 605 455 non
617 429 717 458 fuerint
728 431 804 460 liberi
820 434 919 469 lis,‘qui
935 423 998 469 post
1010 444 1059 463 au-

277 476 341 494 num
357 471 595 506 quadragesimum
608 476 714 503 tertiam
729 485 842 505 uxorem
858 479 957 508 ducere
970 481 1060 508 volue-

276 513 350 540 riut:
373 522 434 541 nam
460 517 483 543 si
511 517 611 546 liberos
635 520 790 555 habuerint,
818 524 858 551 eis
879 525 952 553 nullo
978 527 1058 554 modo

275 559 383 586 tertium
400 563 566 595 permittitur
588 567 803 596 matrimonium.
825 569 872 597 Est
889 572 962 598 enim
981 573 1058 600 valde

273 605 394 641 iniquttm
403 608 596 644 intempestiva!
606 612 707 642 libidini
718 615 865 652 indulgere,
878 618 996 652 priorum
1009 626 1057 645 att-

271 656 324 678 tem
350 654 580 684 matrimoniorum
593 658 686 686 liberis
706 668 758 688 nou
771 663 944 697 prospicere.
962 665 1057 691 tttsint

271 698 369 731 securi,
387 704 412 726 et
427 707 441 726 a
455 701 577 730 molestia
598 708 624 730 et
640 707 842 739 perturbatione
865 711 972 740 remoti.
990 715 1018 737 et
1040 719 1054 737 a

271 743 392 778 reliquis,
409 753 470 779 qua
486 747 572 775 solent
586 750 696 778 evenire
711 752 865 781 hominibus
886 761 917 782 ex
938 755 1053 782 liliorutn

271 789 415 817 multorum
436 793 616 826 susceptione.
632 795 707 828 Quod
727 797 749 825 si
771 798 830 832 quis
845 799 953 834 triginta
969 808 1054 828 annos

269 838 359 868 natus,
379 839 406 862 et
418 844 449 864 ex
466 838 602 872 prioribus
618 843 796 870 matrimoniis
819 844 920 872 habens
942 845 1052 878 liberos,

269 881 356 908 tertia!
375 883 482 911 mul'eri
505 885 665 919 coniunctus
682 888 773 920 fuerit.
800 891 821 917 is
842 898 963 926 quoque,
980 892 1051 919 nulla

267 926 290 952 t-i
307 927 384 954 venia
402 928 474 961 data,
496 930 529 957 ad
541 937 666 966 quartum
690 942 775 968 usque
797 943 896 962 annum
930 944 1052 964 commu-

267 973 355 1000 nionis
369 981 601 1004 saeramentornm
624 978 660 1005 sit
681 987 787 1014 expers,
800 981 863 1015 quia
876 983 1049 1010 manifestum

265 1023 307 1045 est
329 1025 389 1045 eum
416 1020 472 1047 sola
498 1021 703 1056 intemperantia
721 1031 840 1058 motum,
867 1032 894 1054 et
921 1029 992 1062 quod
1015 1029 1050 1056 sit

265 1064 381 1092 carnalis
401 1065 522 1094 libidinis
545 1075 651 1101 sctvus,
672 1070 704 1097 ad
727 1071 775 1097 hoc
793 1079 823 1099 se
847 1075 1047 1101 matrimoniqu

265 1109 389 1137 conferre
405 1119 412 1137 :
430 1116 456 1138 et
475 1117 617 1148 postquam
629 1115 710 1142 etiam
726 1123 958 1146 sacramentorum
971 1119 1050 1154 partio

264 1154 428 1189 cipationcm
451 1164 591 1186 assecutus
610 1165 661 1192 est,
675 1165 714 1188 ter
727 1165 829 1190 tantum
851 1163 876 1190 in
895 1172 966 1191 anno
980 1165 1048 1191 l’rui-

265 1200 336 1228 tione
361 1201 459 1236 dignus
478 1203 636 1234 habebitur:
657 1208 739 1234 semel
756 1209 863 1242 quidem
886 1210 911 1237 in
934 1211 1046 1238 salutari

263 1245 362 1273 Christi
376 1252 403 1273 et
420 1246 524 1276 Domini
539 1251 623 1276 nostri
640 1253 838 1281 resurrectione
851 1262 858 1287 ;
873 1257 991 1282 secundo
1000 1263 1046 1282 au-

263 1296 317 1318 tem
344 1292 370 1318 in
398 1293 559 1322 dormitioue
585 1296 764 1325 immaculatm
797 1299 916 1327 Domina‘
949 1305 1046 1329 nostrae

263 1334 402 1370 Deiparat:
428 1342 454 1364 et
475 1339 554 1367 tertio
577 1340 604 1367 in
620 1342 700 1369 natali
717 1342 818 1371 Christi
846 1349 873 1372 et
887 1345 934 1372 Dei
948 1345 1044 1379 nostri,

260 1382 330 1414 quod
343 1382 370 1409 in
388 1382 429 1410 his
445 1388 576 1418 przccedat
593 1386 738 1421 jejunium,
749 1394 777 1417 et
793 1390 852 1425 ejus
864 1391 966 1418 utilitas
980 1401 986 1419 :
1002 1391 1043 1419 sin

260 1431 348 1455 autem
366 1437 418 1456 non
433 1431 572 1464 supersint
592 1433 686 1466 liberi,
710 1435 772 1469 quia
788 1435 934 1464 liberorum
951 1444 1044 1466 susce~

258 1475 375 1507 ptionem
390 1476 544 1506 desiderare
573 1486 626 1506 non
648 1486 690 1508 est
712 1481 848 1516 indignum
866 1484 960 1517 venia;
979 1489 1042 1512 tunc

258 1520 310 1547 tale
325 1522 526 1551 matrimonium
542 1525 618 1552 venia
635 1525 746 1561 dignum
756 1527 932 1562 judicabitur,
948 1530 1040 1557 etsola

255 1574 286 1591 ca
311 1574 401 1601 poena.
418 1575 478 1601 quae
500 1570 534 1597 ab
551 1571 629 1598 initio
650 1577 677 1599 et
701 1573 840 1607 hucusque
864 1579 970 1602 servata
988 1581 1039 1608 est,

255 1612 406 1641 sanabitur.
427 1613 489 1642 Haec
506 1616 586 1643 etiam
605 1617 637 1644 de
653 1619 731 1645 tertio
747 1620 932 1647 matrimonio.
950 1620 1041 1654 Atque

255 1666 304 1686 nec
314 1659 463 1687 secundum
475 1681 482 1692 ,
515 1669 564 1689 nec
580 1663 696 1695 primutn
713 1664 814 1699 absque
837 1666 964 1694 cautione
978 1667 1039 1694 data

255 1704 443 1738 relinquimus,
461 1707 506 1734 sed
525 1712 553 1735 ct
573 1707 618 1736 illa
636 1709 676 1736 sic
692 1711 817 1738 contrahi
833 1712 988 1743 statuimus,
1012 1716 1040 1738 ut

256 1749 354 1776 nullam
378 1751 476 1778 malam
501 1758 608 1779 causam
626 1753 752 1786 habeant,
772 1754 812 1781 vel
828 1762 861 1782 cx
883 1759 973 1789 raptu,
998 1755 1039 1782 vel

253 1801 286 1820 ex
303 1795 472 1827 praecedente
482 1796 651 1825 clandestino
667 1799 827 1832 concubitu;
842 1800 887 1827 sed
905 1801 1037 1836 legitime,

251 1845 279 1866 ct
295 1841 329 1868 ab
345 1840 388 1871 iis,
404 1841 450 1876 qui
468 1842 500 1869 ab
514 1841 643 1876 ejusmodi
657 1845 866 1879 inquinamentis
880 1851 907 1873 et
919 1846 1039 1873 fornica-

254 1886 321 1914 turia
342 1886 497 1921 impuritate
512 1889 605 1916 mundi
618 1895 689 1917 sunt.
702 1890 800 1925 Siquis
812 1899 887 1925 ergo,
904 1892 1038 1926 priBtliCllS

252 1932 493 1960 constitutionibus
515 1934 656 1968 neglectis,
679 1936 712 1962 ad
736 1937 901 1963 matrimonii
923 1945 1037 1965 ςοηειιθ-

254 1977 372 2004 tudinem
396 1978 510 2013 primani
538 1979 580 2006 vel
603 1981 748 2009 secundant
773 1983 951 2016 processerit,
974 1990 1034 2010 eum

251 2022 353 2050 Christi
369 2023 501 2054 Ecclesia.
518 2031 578 2059 qua:
594 2031 636 2054 est
654 2033 730 2060 pttra,
746 2026 917 2054 immaculata
932 2033 958 2055 et
978 2029 1037 2055 sine

251 2075 317 2102 ruga
336 2088 342 2101 ,
374 2068 541 2098 salutaribus
563 2071 809 2099 examin‘ationihus
830 2073 958 2107 subiicit,
987 2081 1036 2100 nec

250 2114 324 2147 prius
345 2114 378 2140 ad
402 2114 556 2143 divinorqu
586 2116 778 2150 mysteriorum
801 2117 1035 2152 participationem

247 2158 390 2189 admittet,
413 2166 496 2193 quam
519 2164 625 2193 tempus
651 2159 677 2185 in
693 2159 872 2188 fornicatione
894 2162 1034 2189 deiiuitmn

248 2202 334 2236 ipsum
359 2203 501 2238 diligenter
511 2203 662 2237 explevisse
676 2204 798 2232 didicerit
812 2206 874 2240 (nisi
897 2206 967 2233 forte
985 2215 1033 2233 tte-

245 2249 382 2276 cessarius
393 2249 469 2277 evita
479 2255 607 2277 excessus
622 2242 740 2285 urgeat).
751 2250 834 2278 donec
843 2251 944 2278 scilicﬂ
953 2252 1034 2286 supti-

246 2303 308 2323 tnus
320 2303 405 2322 annus
416 2295 567 2329 completus
578 2295 670 2324 fuerit.
681 2296 813 2324 Sacerdos
825 2298 973 2332 autem.qui
986 2306 1034 2324 au-

245 2348 292 2368 sus
302 2340 393 2373 fuerit,
403 2345 499 2375 prmlet‘
509 2340 534 2367 id
544 2341 615 2375 quod
625 2346 754 2369 statutum
765 2347 814 2374 est,
827 2343 916 2370 divina
925 2343 1034 2377 partici-

246 2385 355 2419 patione
374 2385 490 2419 aliquem
507 2386 638 2420 ejusmodi
651 2387 766 2422 dignari,
777 2388 811 2415 de
827 2388 936 2424 proprio
948 2389 1032 2422 gradu

245 2432 272 2457 in
285 2430 434 2464 periculum
445 2431 550 2464 veniet;
561 2439 594 2459 eo
603 2431 735 2464 videlicet,
752 2433 796 2466 qui
809 2437 907 2468 praeter
916 2431 1031 2459 formant

245 2477 436 2504 communione
451 2476 550 2511 dignus
569 2481 611 2505 est
626 2478 744 2511 habitus,
762 2479 794 2506 ad
809 2478 1031 2506 excommunica-

247 2522 348 2549 tionem
366 2522 463 2549 iterum
477 2524 595 2557 redacto,
610 2532 697 2560 usque
710 2526 742 2553 ad
760 2526 866 2559 septimi
881 2526 943 2553 anui
959 2533 1030 2553 com-

245 2568 420 2602 plementum.
447 2568 500 2596 Sed
524 2569 582 2597 haec
597 2571 716 2605 quidem,
731 2575 759 2598 ut
772 2576 909 2599 ostensum
928 2577 980 2604 est,
996 2572 1030 2598 ab

245 2614 278 2641 iis
291 2614 336 2648 qui
356 2614 419 2641 olim
442 2615 620 2650 imperavcre,
644 2615 716 2643 facta
741 2621 814 2644 SUIII.
838 2616 916 2644 Nunc
938 2623 1027 2645 autem

244 2659 332 2687 Patris
347 2665 374 2687 et
389 2660 448 2688 Filii
465 2665 492 2688 et
502 2661 588 2689 sancti
606 2661 725 2695 Spiritus
742 2661 912 2698 beneplacito
927 2668 953 2691 et
968 2673 1028 2698 gra-

242 2706 291 2737 tia,
307 2710 335 2733 ct
348 2706 500 2740 purissimis
514 2706 616 2741 Deique
627 2706 720 2734 Matris
731 2707 785 2743 56
799 2712 825 2735 et
842 2709 930 2743 magni
947 2709 1027 2737 σαλίο-

241 2752 292 2781 βιίς
304 2752 405 2779 militia:
417 2751 550 2786 Principis
563 2752 810 2786 intercessionibus,
824 2761 870 2782 eos
886 2755 930 2789 qui
944 2763 1026 2782 nona-

239 2797 312 2831 ginta
324 2800 386 2823 ante
396 2796 475 2823 annis
486 2803 534 2830 pro
544 2803 625 2824 causa
637 2801 664 2825 et
674 2798 818 2826 occasione
831 2799 905 2834 prius
916 2805 1024 2827 ostensa

238 2842 344 2877 .tlu‘ttpti
357 2847 433 2870 erant
447 2843 615 2876 sacerdotes,
635 2848 662 2872 et
683 2846 843 2877 monachos,
858 2845 993 2882 egregium
1009 2855 1023 2874 ιι

909 149 1009 180 ΤΙΙΕΟ
1015 151 1045 181 D.
1067 151 1265 184 BALSAMON’

1857 162 1910 191 [ΓΟ

1080 210 1102 240 Α
1119 214 1255 249 σπουδῆς,
1283 216 1316 242 δι’
1343 217 1376 251 ἥν
1397 217 1411 242 ὀ
1438 217 1533 252 χρᾶνος
1559 218 1607 252 τῆς
1635 219 1820 253 μεταλήψεως
1850 222 1907 246 τῶν

1115 265 1295 298 ἀγιασμάτων
1308 265 1382 300 αὑτῷ
1403 267 1644 302 συντμηθὴσιται;
1668 267 1749 294 Ἀλλὰ
1763 270 1812 295 καὶ
1835 271 1906 303 μετᾶ

1114 311 1144 338 τὸ
1158 311 1306 343 ἀξιωθῆναι
1326 312 1374 346 τῆς
1398 313 1535 347 mmo»
1557 313 1739 348 μεταλήψεως
1758 315 1810 341 οὒκ
1826 316 1904 342 ἔσται

1113 359 1361 392 συγκεχωρημένον
1381 359 1456 394 αὐτῷ
1473 361 1501 386 ὲν
1512 360 1584 394 ἄλλῳ
1599 361 1687 395 καιρῷ
1698 363 1730 395 τῇ
1748 362 1902 396 μεταλήψει

1113 404 1255 437 προσιέναι
1284 405 1299 439 ἢ
1330 405 1359 431 ἐν
1394 405 1461 440 μένῃ
1486 407 1518 439 τῇ
1549 407 1676 443 σωτηρίῳ
1708 407 1758 434 τοῦ
1781 407 1901 442 Χριστοῦ

1111 452 1158 477 καὶ
1174 451 1241 477 Θεοῦ
1258 451 1337 486 ἡμῶν
1356 452 1502 478 ἀναστάσει
1517 452 1561 479 διὰ
1578 453 1629 488 τὴν
1643 453 1674 479 ὲκ
1687 454 1736 488 τῆς
1757 463 1897 489 προηγου-

1111 497 1195 532 μένης
1210 497 1374 530 ἐγκρατείας
1390 497 1445 524 τῶν
1462 497 1606 531 νηστειῶν.
1624 498 1661 529 ὡς
1686 499 1814 530 δυνατὸν,
1832 500 1900 525 ἂνπ-

1109 543 1253 576 κάθαρσιν.
1276 543 1369 569 Ταῦτα
1388 543 1416 570 δέ
1445 552 1546 578 φαμεν,
1569 544 1633 570 ὅταν
1658 544 1696 579 μὴ
1718 546 1805 572 τέκνα
1823 547 1899 580 παιῇ

1108 590 1140 616 ὲκ
1152 589 1207 614 τῶν
1224 590 1365 624 προτέρων
1382 590 1480 624 γάμων
1507 592 1564 622 τοῖς
1581 592 1630 626 ἤδη
1655 592 1724 626 μετὰ
1741 592 1772 618 τὺ
1798 601 1902 619 τεσσα-

1110 636 1242 670 ρακοστὸν
1264 636 1322 668 ἔτος
1345 636 1441 672 τρίτην
1468 637 1584 671 ἄγεσθαι
1613 640 1824 674 προῃρημένοις
1846 648 1899 672 γυο

1106 683 1204 708 ναῖκα·
1222 682 1294 714 ἐπεὶ,
1312 683 1360 708 ἑὰν
1374 682 1456 709 τέκνα
1475 685 1562 718 παρῇ,
1579 684 1777 719 ἀσυγχώρητος
1803 686 1898 716 αὐτοῖς

1105 729 1122 758 ἡ
1138 729 1284 763 τριγαμία.
1310 729 1377 756 Δίαν
1406 730 1460 765 γάρ
1485 730 1543 757 ἐστι
1569 731 1662 758 ἄδικον
1683 731 1730 758 τὸν
1752 733 1804 766 μὲν
1818 734 1898 766 χαρε-

1105 776 1198 807 ζεσθαι
1214 777 1246 810 τῇ
1263 775 1357 811 ἑξὼρῳ
1373 777 1518 812 ἐπιθυμίᾳ,
1539 779 1597 808 τοῖς
1612 778 1641 804 δὲ
1656 780 1734 805 παισὶ
1751 780 1808 806 τιῗιν
1824 789 1896 812 προ-

1105 822 1191 856 τέρων
1205 822 1302 856 γάμων
1319 822 1357 857 μὴ
1374 824 1545 856 προνοεῖσθαι
1562 824 1592 850 τὸ
1614 825 1734 857 ἀσφαλὲς
1757 827 1806 852 καὶ
1829 827 1897 853 ἀλυ-

1070 878 1090 907 n
1106 875 1156 893 πον
1180 868 1226 894 καὶ
1245 868 1393 903 ἀτάραχον,
1409 870 1455 896 καὶ
1478 870 1528 896 ὅσα
1557 870 1586 897 τὸ
1610 871 1784 906 ἀνθρώπινον
1809 882 1897 899 κατα-

1104 913 1239 948 λαμϐάνει
1258 915 1289 940 ἐκ
1316 914 1366 948 τῆς
1390 915 1562 950 πολυσπὸρου
1592 917 1761 945 τεκνώσεως.
1787 918 1845 944 Καὶ
1870 918 1898 943 εί

1103 966 1145 989 τις
1161 958 1189 985 δὲ
1207 960 1424 994 τριακονταετὴς
1450 960 1499 992 ὢν,
1526 961 1572 987 καὶ
1599 962 1682 988 τέκνα
1698 962 1769 996 ἔχων
1783 962 1817 988 ἐκ
1837 963 1894 988 τῶν

1104 1005 1297 1040 προλαϐόντων
1326 1007 1433 1039 γάμων,
1459 1007 1540 1042 τρίτῃ
1567 1009 1677 1039 γυναικὶ
1706 1005 1892 1039 συνάπτοιὲο.

1102 1052 1148 1078 καὶ
1161 1047 1239 1083 οὗτος
1261 1051 1457 1086 ἀσυγχώρητος
1476 1053 1559 1087 μέχρι
1583 1054 1714 1088 τετάρτου
1736 1054 1815 1085 ἔτους
1841 1055 1894 1087 τῆς

1101 1096 1243 1127 κοινωνίας
1266 1097 1321 1123 τῶν
1347 1097 1526 1131 ἀγιασμάτων
1547 1098 1681 1133 ἀμέτοχος
1702 1098 1780 1125 ἔσται
1796 1107 1804 1115 ⁸
1823 1100 1892 1126 διότι

1100 1141 1180 1176 δῆλός
1197 1143 1271 1168 ἔστιν
1292 1142 1323 1175 ἑξ
1341 1143 1449 1174 οὐδενος
1461 1143 1556 1178 ἑτέρου
1573 1143 1631 1170 ἀλλ’
1646 1143 1662 1178 ἢ
1677 1143 1730 1170 ὑπὸ
1748 1145 1891 1179 ἀκρασίας

1099 1188 1269 1223 κινούμενος,
1286 1189 1332 1215 καὶ
1351 1188 1397 1215 τοῦ
1422 1189 1516 1215 δοῦλον
1532 1187 1604 1215 εἶναι
1627 1191 1764 1224 σαρκικῆς
1789 1191 1890 1217 ἐπιθυ-

1100 1235 1164 1268 μίας
1179 1234 1225 1260 ἐπὶ
1247 1235 1293 1260 τὸν
1315 1234 1434 1261 τοιοῦτον
1457 1235 1546 1268 γάμον
1568 1234 1663 1261 ἐλθεῖν.
1682 1235 1738 1261 Καὶ
1761 1235 1835 1269 μετά
1861 1236 1890 1261 τὸ

1097 1281 1190 1314 τυχεῖν
1206 1281 1234 1307 δὲ
1251 1281 1300 1315 τῆς
1315 1280 1494 1315 μεταλήψεως
1509 1281 1563 1307 τῶν
1577 1281 1746 1316 μυστηρίων,
1760 1283 1823 1316 τρὶς
1841 1282 1888 1308 τοῦ

1097 1325 1219 1353 ἐνιαυτοῦ
1235 1326 1316 1364 μόνου
1341 1325 1524 1361 ἀξιωθήσεται
1542 1326 1591 1360 τῆς
1608 1325 1798 1357 ἀπολαύσεως,
1813 1326 1888 1357 ἅπαξ

1098 1372 1148 1406 μὲν
1171 1372 1200 1398 ἑν
1226 1373 1259 1408 τῇ
1284 1372 1412 1407 σωτηρίῳ
1435 1372 1484 1399 τοῦ
1509 1372 1629 1407 Χριστοῦ
1647 1372 1695 1398 καὶ
1719 1372 1790 1399 Θεοῦ
1807 1373 1889 1407 ἡμῶν

1096 1418 1255 1450 ἀναστάσει,
1267 1418 1395 1454 δεύτερον
1405 1418 1433 1445 δὲ
1447 1419 1476 1445 ἐν
1491 1420 1524 1454 τῇ
1542 1419 1670 1454 κοιμήσει
1685 1420 1737 1453 τῆς
1748 1419 1887 1454 ἁχρᾶντου

1094 1465 1237 1500 δεσποίνης
1251 1465 1332 1499 ἡμῶν
1345 1464 1489 1494 Θεοτὸκου.
1501 1465 1548 1491 καὶ
1562 1465 1653 1498 τρίτον
1667 1465 1696 1490 ὲν
1709 1466 1741 1499 τῇ
1755 1465 1887 1498 γενεθλίῳ

1095 1511 1186 1546 ἡμέρᾳ
1200 1512 1248 1537 τοῦ
1262 1511 1381 1546 Χριστοῦ
1407 1512 1455 1538 καὶ
1476 1511 1542 1538 Θεοῦ
1566 1511 1656 1546 ἡμῶν,
1671 1511 1715 1538 διὰ
1731 1511 1763 1538 τὸ
1784 1513 1833 1538 καὶ
1858 1513 1886 1538 ἐν

1055 1548 1076 1577 c
1095 1558 1207 1588 ταύταις
1227 1558 1409 1592 προηγεῖσθαι
1435 1558 1575 1592 νηστείαν.
1593 1557 1640 1584 καὶ
1668 1556 1699 1583 τὸ
1726 1558 1759 1584 ἐκ
1782 1558 1887 1592 ταύτης

1093 1604 1199 1638 ὄφελος.
1219 1604 1251 1631 El
1266 1604 1294 1631 δὲ
1310 1604 1404 1635 παῖδες
1422 1603 1458 1638 μὴ
1472 1603 1616 1638 περίεισιν,
1634 1603 1729 1638 ἐπειδὴ
1745 1603 1776 1630 τδ
1791 1612 1886 1630 τεκνο-
1911 1630 1912 1639 η

1091 1650 1184 1684 γονίας
1207 1650 1351 1684 ἐπιθυμεῖν
1372 1650 1422 1676 οὐκ
1441 1649 1651 1683 ἀσύγγνωστον,
1678 1649 1711 1676 τὸ
1730 1650 1885 1683 τηνικαῦτα
1910 1665 1911 1684 ἦ

1093 1696 1260 1732 συγγνώμης
1284 1696 1467 1731 ἀξιωθήσεται
1498 1697 1512 1722 ό
1539 1695 1661 1727 τοιοῦτος
1688 1696 1802 1730 γάμος,
1837 1697 1884 1722 καὶ

1092 1743 1166 1778 μόνῳ
1183 1743 1223 1778 τῷ
1245 1742 1364 1777 ἑξαρχῆς
1385 1742 1431 1769 καὶ
1457 1742 1538 1777 μέχρι
1563 1742 1610 1769 τοῦ
1635 1742 1683 1768 νῦν
1708 1744 1883 1777 κρατήσαντι

1091 1789 1222 1824 ἐπιτιμίῳ
1257 1788 1504 1824 θεραπευθήσεται.
1536 1788 1628 1815 Ταῦτα
1659 1789 1708 1823 μὲν
1740 1789 1790 1815 καὶ
1818 1790 1883 1823 περὶ

1090 1833 1182 1868 τρίτου
1197 1835 1298 1868 γάμου.
1316 1833 1354 1859 Οὐ
1373 1834 1427 1868 μὴν
1451 1834 1511 1860 οὐδὲ
1535 1833 1581 1860 τὸν
1601 1833 1739 1868 δεύτερον,
1757 1834 1821 1860 οὐδὲ
1839 1835 1882 1860 τὸν

1092 1881 1198 1914 πρῶτον
1222 1879 1302 1910 ὲκτδς
1324 1880 1476 1914 ἀσφαλείας
1500 1880 1610 1914 ἐῶμενι
1635 1879 1705 1907 ἀλλὰ
1733 1881 1882 1910 κάκείνους

1090 1926 1216 1961 ὁρίζομεν
1242 1926 1314 1952 οὕτω
1340 1927 1527 1958 συνίστασθαι,
1545 1926 1615 1952 ὥστε
1644 1925 1783 1960 μηδεμίαν
1807 1927 1880 1960 ἔχειν

1091 1971 1212 2006 πονηρὰν
1229 1971 1320 1997 αἰτίαν
1331 1971 1348 2006 ἢ
1369 1971 1398 2004 ἐξ
1414 1972 1543 2006 ἁρπαγῆς
1559 1971 1575 2006 ἢ
1594 1972 1623 2004 ἐξ
1644 1972 1882 2006 προηγησαμένης

1089 2017 1218 2052 λαθραίου
1235 2017 1350 2052 φθορᾶς,
1369 2017 1437 2044 ἀλλά
1450 2017 1575 2052 νομίμως
1591 2017 1638 2044 καὶ
1651 2017 1881 2052 καθαρῤευὸντως

1087 2064 1142 2090 τῶν
1164 2063 1294 2090 τοιούτων
1324 2063 1506 2098 μολυσμάτων
1522 2063 1570 2090 καὶ
1599 2063 1733 2098 πορνικῆς
1755 2064 1882 2099 ἀκαθαρ-

1087 2111 1158 2141 σίας.
1186 2109 1219 2135 Εἴ
1246 2118 1287 2141 τις
1319 2109 1376 2141 οὖν,
1401 2109 1456 2135 τῶν
1490 2109 1644 2145 εἰρημένων
1664 2112 1881 2146 καταφρονήσας

1087 2156 1192 2187 τύπων,
1211 2155 1278 2188 πρὸς
1299 2155 1423 2190 γαμικὴν
1436 2155 1544 2190 ὁμιλίαν
1562 2155 1675 2190 πρώτην
1699 2157 1715 2191 ἦ
1744 2157 1881 2193 δευτέραν

1089 2200 1216 2235 συνέλθῃ,
1235 2200 1330 2226 τοῦτον
1345 2201 1360 2236 ή
1375 2201 1421 2228 τοῦ
1435 2201 1556 2236 Χριστοῦ
1570 2200 1720 2235 Ἐκκλησία
1734 2202 1750 2236 ἡ
1767 2203 1879 2235 καθαρι

1091 2248 1138 2273 καὶ
1154 2247 1256 2282 μηδένα
1273 2247 1367 2273 σπῖλον
1378 2247 1478 2282 ἔχουσα
1492 2247 1507 2282 ἢ
1524 2247 1629 2282 ῥυτίδα,
1649 2249 1706 2279 τοῖς
1730 2250 1880 2283 σωτηρίοις

1089 2293 1279 2321 ὑποϐάλλουσα
1317 2294 1466 2328 ὲτασμοῖς,
1496 2293 1526 2320 οὐ
1555 2294 1622 2329 πρὶν
1652 2295 1692 2325 είς
1725 2295 1879 2330 μετάληψιν

1087 2339 1267 2374 παραδέξεται
1284 2339 1337 2366 τῶν
1350 2339 1430 2366 θείων
1444 2339 1612 2375 μυστηρίων,
1628 2340 1641 2374 η
1664 2340 1710 2366 τὸν
1723 2340 1878 2376 ὡρισμένον

1087 2385 1133 2411 ἐπὶ
1151 2386 1184 2419 τῇ
1202 2385 1314 2420 πορνείᾳ
1330 2384 1426 2420 χρόνον
1457 2385 1538 2418 μάθοι
1568 2385 1692 2419 ἀκριϐῶς
1719 2385 1805 2412 αὑτὸν
1833 2387 1878 2413 ἑκ-

1086 2430 1251 2465 πληρῶσαι·
1269 2431 1293 2455 εἰ
1315 2429 1352 2464 μὴ
1371 2429 1424 2465 ἄρα
1443 2430 1459 2464 ή
1481 2429 1529 2456 τοῦ
1552 2429 1611 2464 βίου
1634 2430 1773 2464 ἀναγκαία
1797 2440 1878 2457 κατε-

1086 2477 1177 2510 πείγει
1200 2476 1385 2511 ἀναχώρησις.
1402 2476 1527 2502 τουτέστι
1543 2475 1642 2510 μέχρις
1656 2475 1690 2502 ἂν
1706 2475 1737 2502 τὸ
1758 2476 1877 2511 ἕϐδομον

1086 2522 1251 2557 ἐκπληρωθῇ
1275 2522 1345 2553 ἔτος.
1377 2521 1407 2548 '0
1428 2521 1456 2548 δὲ
1474 2521 1582 2555 τολμῶν
1606 2522 1696 2555 ἱερεὺς
1719 2523 1797 2556 παρᾶ
1831 2524 1876 2548 τὸν

1084 2567 1322 2603 διατετυπωμένον
1339 2567 1401 2603 ὅρον
1418 2567 1598 2601 μεταλήψεως
1625 2566 1702 2598 θείας
1725 2567 1788 2594 τινὰ
1812 2570 1874 2595 τούο

1082 2623 1137 2642 των
1154 2614 1268 2647 ἀξιῶσαι
1293 2614 1359 2648 περὶ
1388 2615 1434 2641 τὸν
1463 2613 1529 2640 ῐδιον
1556 2613 1728 2640 κινδυνεύσει
1754 2613 1873 2648 βαθμὸν,

1082 2660 1202 2694 δηλονότι
1218 2659 1264 2686 τοῦ
1281 2660 1444 2692 ἀξιωθέντος
1460 2661 1535 2693 παρὰ
1552 2660 1599 2686 τὸν
1618 2660 1774 2695 ὡρισμένον
1787 2660 1874 2686 τύπον

1083 2706 1130 2740 τῆς
1148 2705 1222 2737 θείας
1249 2706 1392 2738 κοινωνίας
1416 2706 1498 2733 πάλιν
1512 2707 1552 2736 είς
1567 2705 1598 2732 τὸ
1615 2705 1803 2740 ἀκοινώνητον
1822 2715 1872 2733 πε-

1083 2751 1259 2787 ριισταμένου
1297 2752 1379 2786 μέχρι
1414 2751 1640 2786 συμπληρώσεως
1675 2750 1723 2777 τοῦ
1754 2750 1871 2784 sesego-4

1080 2800 1167 2832 ἔτους.
1186 2800 1268 2827 Ἀλλὰ
1290 2800 1378 2828 ταῦτα
1409 2801 1469 2836 μὲν,
1495 2800 1532 2831 ὡς
1561 2800 1721 2836 δεδήλωται,
1738 2800 1793 2826 ὑπὸ
1817 2802 1871 2826 τῶν

1082 2847 1163 2873 πάλαι
1180 2847 1397 2883 βασιλευσάντων
1424 2846 1601 2882 έπράχθησλν
1615 2854 1621 2861 ·
1648 2845 1697 2873 νῦν
1725 2846 1754 2873 δὶ
1770 2847 1803 2882 τῇ
1821 2847 1868 2872 τοῦ
