1914 3077
93 140 146 171 61H

581 142 621 172 IN
637 142 759 173 EPIST.
778 143 808 173 S.
826 143 970 173 BASILII
985 143 1208 175 CANONICAM
1226 145 1252 178 Ι.

1671 152 1728 183 602

94 195 206 229 nam;
233 195 280 223 καὶ
312 196 360 224 τοῦ
384 195 452 223 Υεοῦ
469 196 514 224 καὶ
542 198 589 224 τοῦ
612 199 692 232 ἁγίου
720 197 880 233 Πνεύματος

935 197 990 225 Deo
1003 204 1193 226 coronatorum
1206 200 1399 234 imperatorum
1420 208 1572 231 nostrorum
1584 225 1592 236 ,
1607 204 1724 233 Romani

93 240 208 276 εὐδοκία
235 242 282 270 καὶ
309 243 413 278 χάριτι.
439 243 487 270 καὶ
513 245 573 275 ταῖς
600 244 649 278 τῆς
677 245 811 278 παναγίου
838 244 886 270 καὶ

91 287 273 322 Θεομήτορος
297 288 405 316 καὶτοῦ
429 290 548 324 μεγάλου
570 290 792 325 ἀρχιστρατήγου
819 299 887 326 πρε-

93 333 214 366 σϐείαις,
236 335 300 367 τοὺς
323 335 372 371 ἤδη
386 335 440 370 πρὸ
470 335 633 370 ἐνενήκοντα
661 336 767 371 χρόνων
791 337 885 363 ἕνεκεν

90 378 145 412 τῆς
169 379 393 415 προδηλωθείσης
417 381 510 412 αἰτίας
532 380 579 406 καὶ
605 380 734 416 ἀφορμῆς
758 382 885 417 ἀπορρα-

90 424 195 457 γὲντας
217 425 301 460 [τρεῖς
317 427 364 452 καὶ
383 427 582 461 μονάζονταςή
602 427 732 462 παγκάλη
756 427 883 462 βασιλεία

89 470 148 496 τῶν
164 471 319 506 Θεοσπφῶν
333 471 468 506 βασιλέων
483 472 563 508 ἡμῶν
582 472 724 508 Ῥωμανοῠ
741 474 788 499 καὶ
804 474 882 500 Κων-
901 480 911 489 '

91 516 237 543 σταντὶνου
255 518 359 553 συνῆψέ
385 526 413 544 τε
435 519 480 547 καὶ
505 519 655 553 συνήνωσε,
680 519 726 546 καὶ
752 519 817 553 μίαν
834 528 882 545 κα-

941 248 968 270 et
983 245 1153 271 Constantini
1171 245 1314 279 imperium
1328 249 1465 282 conjunxit
1482 255 1508 277 et
1525 251 1610 282 uniit,
1626 260 1723 279 unam-

940 297 992 324 que
1018 290 1082 317 fecit
1105 291 1266 318 catholicam
1296 298 1322 319 et
1347 295 1522 328 apostolicam
1555 297 1721 326 Ecclesiam:

941 335 1013 363 unde
1024 337 1120 364 merito
1137 341 1200 363 sunt
1217 339 1380 371 praedicandi
1397 345 1423 367 et
1436 341 1577 375 laudandi.
1600 343 1645 378 qui
1670 349 1724 371 tam

939 383 1013 416 pium
1027 390 1095 417 opus
1113 387 1140 410 et
1158 388 1211 410 tam
1227 385 1336 419 dignum
1355 387 1561 421 compleverint.
1590 390 1656 417 Cum
1678 399 1726 418 ca-

940 435 991 455 non
1019 434 1044 455 et
1061 429 1163 456 novella
1177 430 1235 457 haec
1257 431 1422 462 statuerint.
1448 433 1566 461 Ecclesia
1587 435 1725 469 hucusque

939 474 1037 501 nostris
1059 475 1223 510 temporibus
1249 477 1358 504 tertium
1371 478 1572 506 matrimonium
1590 480 1647 508 lieri
1669 488 1721 508 non

938 520 1070 554 permisit.

89 561 207 596 οολικὴν
235 563 283 589 καὶ
311 563 495 598 ἁποστολικὴν
512 563 677 599 Ἐκκλησίαν
702 558 871 599 είργάἒατο·
891 563 952 591 ὅθεν
974 565 1063 600 χρεὼν
1087 567 1324 603 ἀνακηρύττεσθαί
1368 579 1397 597 τε
1432 572 1480 598 καὶ
1528 571 1726 607 μεγαλύνεσθαι

89 609 157 639 rei);
180 609 303 635 τοιοῦτον
318 609 442 644 θεοφιλὲς
462 610 509 636 καὶ
523 610 665 644 ξάξίόλογον
699 611 779 646 ἔργον
811 611 1038 646 πεπληρωκότας.
1075 613 1169 640 Ταῦτα
1190 614 1238 641 τοῦ
1259 616 1369 647 κανόνος
1387 617 1436 644 καὶ
1460 618 1510 653 τῆς
1532 619 1643 654 Νεσρᾶς
1681 627 1726 646 νο-

91 655 329 690 μοθετησάντων,
364 657 380 690 ἡ
402 656 551 691 Ἐκκλησία
577 657 645 688 τέως
681 657 728 684 ἐπὶ
761 657 816 683 τῶν
853 658 966 693 ἡμερῶν
994 657 1048 684 τῶν
1084 659 1227 695 ἡμετέρων
1263 661 1357 696 τρίτου
1391 663 1481 698 γάμου
1521 663 1632 700 ποίησιν
1675 665 1726 692 οὐκ

88 701 101 726 ι
108 700 241 736 πέτρεψε.

126 760 253 788 ΖΩΝΛΡ.
271 761 327 796 Τὴν
353 762 504 797 τριγαμίαν
534 763 548 790 ό
574 763 662 797 μέγας
683 759 761 794 οὗτος
787 763 883 799 Πατὴρ

88 807 156 838 τοὺς
175 807 310 842 ἀρχαίους
324 809 451 843 Πατέρας
469 809 505 843 μὴ
523 809 613 844 γάμον
634 809 767 844 ὀνομάσαι
786 810 882 845 φησὶν,

971 761 1095 790 ZONAR.
1110 762 1274 799 Trigamiam
1290 772 1402 799 magnus
1415 765 1458 792 hic
1470 765 1550 793 Pater
1561 765 1595 793 ab
1603 765 1724 801 antiquis

936 807 1062 837 Patribus
1078 809 1194 844 coniugii
1210 811 1320 838 nomine
1333 811 1444 839 minime
1461 812 1624 846 appellatam
1640 812 1721 840 fuisse

86 853 161 880 ἀλλὰ
186 853 376 887 πολυγαμίαν,
396 854 412 889 ἢ
431 855 531 889 μᾶλλον
555 856 685 890 πορνείαν
710 857 880 892 κεκολασμέ-

935 857 1040 896 asserit,
1063 857 1110 884 sed
1127 857 1198 884 illam
1219 858 1323 886 dixisse
1336 859 1522 894 polygatniam
1535 879 1542 891 ,
1558 860 1648 893 potius
1664 859 1721 887 lor-

88 908 152 934 νην,
171 899 259 934 ἧγουν
277 899 327 926 οὐκ
354 900 541 935 ὲκκεχυμένην
567 901 614 927 καὶ
638 901 796 936 ἀδιάφορον,
814 903 882 930 ἀλλὰ

90 945 316 981 συνεσταλμένην
332 946 380 972 καὶ
397 947 660 982 περιγεγραμμένην
687 948 737 984 μιᾷ
759 949 881 982 γυναικί.

91 992 146 1018 ’ον
164 992 233 1026 γοῦν
255 992 338 1028 ὥρισε
361 994 462 1020 κανόνα
487 994 533 1020 ἐπὶ
558 994 614 1021 τῶν
629 995 764 1029 διγάμων,
787 996 882 1022 τοῦτον

88 1037 168 1071 λέγει
179 1037 321 1072 ἀναλόγως
337 1039 428 1073 ὁρίσαι
444 1040 489 1066 καὶ
505 1040 551 1066 ἐπὶ
566 1041 616 1074 τῆς
628 1041 779 1076 τριγαμίας
790 1050 797 1057 ·
809 1042 839 1068 τὸ
854 1042 882 1068 δὲ

92 1092 102 1109 ι
129 1084 273 1118 ἀναλόγως
290 1094 299 1110 ι
316 1085 395 1112 τοῦτό
419 1087 492 1112 ἐστιν
507 1087 581 1124 ’.ὅτι
610 1087 656 1114 ἐπὶ
679 1087 729 1123 τῆς
752 1088 882 1123 διγαμίας

90 1130 215 1160 ἐνιαυτὸς
234 1130 339 1165 ὡρίσθη
361 1132 401 1162 είς
426 1133 570 1165 μετάνοιαν
583 1141 590 1148 ·
609 1133 715 1168 ἑτέροις
739 1134 767 1161 δὲ
784 1134 880 1162 διετία.

96 1176 160 1201 Ἐπὶ
176 1175 206 1201 δὲ
222 1175 273 1209 τῆς
293 1176 452 1210 τριγαμὶας,
468 1177 530 1203 ἐπεὶ
555 1177 659 1212 μείζων
673 1179 749 1205 ἐστὶν
770 1180 785 1214 ἡ
807 1180 882 1206 αἰτία

90 1220 174 1256 αὕτη.
204 1221 335 1254 ἀνάλογον
360 1222 407 1248 καὶ
427 1222 458 1248 τὺ
481 1223 619 1258 ἐπιτίμιον
645 1223 780 1258 ὥρισται·
797 1225 882 1260 ἦγουν

90 1268 139 1293 ἐπὶ
169 1267 332 1294 πενταετίαν
353 1268 516 1303 ὰφορισμός.
537 1270 607 1300 Τοὺς
635 1271 688 1305 γὰρ
710 1270 882 1304 ὑπερϐάντας

88 1314 141 1345 τὴν
153 1312 285 1346 ὂιγαμίαν
303 1313 339 1347 μὴ
356 1313 410 1339 δεῖν
423 1314 607 1348 ὀνομάζεσθαί
631 1324 699 1349 φησι
727 1316 803 1351 παρὰ
827 1317 882 1342 τῶν

89 1357 244 1390 γυναικῶν,
267 1356 311 1390 αἷς
346 1360 572 1394 συμφθείρονται,
601 1361 718 1395 ἄνδρας⁸
736 1362 805 1397 μήτε
830 1362 882 1393 τὰς

89 1404 226 1437 γυναῖκας
245 1404 373 1437 λέγεσθαι
396 1405 470 1440 παρὰ
495 1406 548 1431 τῶν
572 1406 701 1433 τοιούτων
715 1407 821 1442 ἀνδρῶν
836 1416 883 1440 γυ-

89 1451 188 1481 ναῖκας
203 1449 324 1476 ἑαυτῶν⁸
348 1449 394 1476 καὶ
415 1451 447 1477 ὲκ
469 1450 516 1477 τοῦ
541 1451 710 1485 Εὑαγγελίου
728 1453 881 1488 μαρτυρίαν

90 1495 203 1528 ἐπάγει,
222 1496 343 1526 εἰπόντος
356 1495 403 1522 τοῦ
418 1496 536 1531 Χριστοῦ
553 1497 620 1530 πρὸς
635 1497 684 1532 τὴν
696 1498 880 1533 Σαμαρείτιδα

91 1543 132 1568 ὅτι
150 1543 203 1567 'Or
225 1542 306 1576 ἔχεις
334 1543 389 1568 οὐκ
417 1543 482 1569 ἔστι
511 1551 571 1570 σου
591 1543 687 1576 ἀνήρ’
705 1544 796 1571 πέντε
825 1545 880 1579 γὰρ

91 1587 195 1621 ἔσχες.
213 1587 243 1612 El
263 1586 292 1612 δὲ
314 1587 360 1612 καὶ
385 1586 453 1621 ἔφθη
480 1588 568 1613 εἰπεῖν
584 1588 598 1613 ό
613 1587 692 1620 ἅγιος
708 1587 749 1614 ὅτι
764 1588 792 1613 ὲν
806 1587 880 1622 τρισὶ

91 1634 139 1659 καὶ
155 1633 304 1666 τέσσαρσιν
324 1632 412 1659 ἐτεσιν
432 1633 611 1668 ἀφορίζεσθαι
633 1634 696 1665 τοὺς
715 1633 879 1668 τριγάμους,

91 1678 150 1704 ἀλλ’
173 1678 223 1704 οὐκ
246 1678 368 1712 ἐνέμεινε
394 1678 431 1713 τῷ
453 1678 533 1713 τύπῳ
557 1679 656 1713 ἐκείνῳ
670 1687 678 1694 ·
703 1679 827 1705 ἐπέτεινε
852 1678 880 1704 δὲ

91 1724 171 1754 οὗτος
190 1724 235 1749 τὸν
250 1724 346 1758 χρόνον
368 1724 413 1750 τοῦ
440 1724 579 1758 ἐπιτιμίου
602 1725 683 1759 μέχρι
703 1724 881 1757 πενταετίας,

91 1769 291 1803 διαταξάμενος
322 1770 359 1805 μὴ
388 1769 547 1803 ἐξωθεῖσθαι
577 1770 640 1802 τοὺς
669 1769 808 1801 τοιούτους
829 1770 880 1804 τῆς

98 1816 277 1848 Ἕκχλησίας,
303 1815 373 1842 ὥστε
406 1816 456 1842 οὐκ
485 1817 525 1848 είς
551 1816 634 1842 τόπον
665 1815 879 1851 προσκλαίοντος

91 1861 230 1892 ἵστασθαι,
247 1860 304 1886 ἀλλ’
318 1860 358 1892 el;
376 1860 456 1887 τόπον
473 1861 657 1895 ἀκροωμένων
671 1861 700 1887 ἐν
716 1861 789 1887 ἔτεσι
802 1861 879 1887 δυσὶν

90 1909 105 1942 ῆ
122 1906 196 1940 τρισί
208 1913 217 1921 ⁸
233 1906 302 1940 μετὰ
319 1906 347 1934 δὲ
365 1907 411 1933 τὸν
434 1906 581 1941 εἰρημένον
606 1906 702 1941 χρόνον
718 1906 879 1940 ἐπιτρέπειν

89 1953 183 1983 αὐτοῖς
196 1951 247 1986 τὴν
264 1952 334 1985 μετὰ
355 1951 409 1978 τῶν
425 1952 531 1979 πιστῶν
548 1951 678 1978 σύστασιν
692 1959 698 1966 ·
712 1952 761 1986 τῆς
776 1951 805 1977 δὲ
821 1959 879 1977 κοι-

90 1998 188 2028 νωνίας
204 1997 365 2032 ἀπέχεσθαι.
377 1997 432 2025 Καὶ
445 1997 516 2024 οὕτω
531 1997 638 2032 καρπον
655 1996 880 2030 ὲπιδῖιξαμένους

91 2044 249 2077 μετανοίας,
265 2044 350 2078 ἤγουν
374 2043 522 2078 συντριὸὴν
545 2043 669 2078 καρδίας,
689 2043 736 2069 καὶ
760 2043 877 2077 δάκρυα.

89 2090 138 2116 καὶ
161 2090 188 2116 εἴ
208 2097 235 2116 τι
257 2089 362 2121 τούτοις
378 2089 523 2124 ἑπόμενον.
542 2088 616 2115 οὕτω
638 2087 763 2123 δέχεσθαι
780 2088 879 2119 αὐτοὺς

90 2137 130 2169 εἰς
144 2136 297 2164 κοινωνίαν.

126 2237 239 2264 ΑΡΙΣΤ.
260 2236 329 2262 Ἕνα
345 2236 440 2270 χρόνον
460 2236 477 2270 ἢ
493 2234 541 2261 δύο
553 2234 714 2269 ἀφορίζεται
726 2234 877 2268 όδίγαμος·

88 2285 164 2318 τρεῖς
179 2283 207 2309 δὲ
223 2282 270 2309 καὶ
286 2283 423 2317 τέσσαρας
436 2283 451 2308 ὁ
465 2281 597 2316 τρίγαμος
608 2287 616 2295 ⁸
639 2280 685 2307 καὶ
703 2280 784 2308 πέντε
808 2280 879 2307 κατὰ

88 2330 137 2364 τὴν
153 2329 216 2364 ἄρτι
235 2327 390 2362 συνήθειαν.

126 2421 184 2448 Οὐκ
201 2419 256 2446 ἀπὸ
274 2419 471 2450 κανόνος,ἀλλὰ
487 2420 540 2446 ἀπὸ
555 2419 699 2455 συνηθείας
712 2418 877 2446 καταλαϐὼν

88 2470 102 2495 ὁ
116 2467 205 2503 μέγας
223 2466 364 2498 Βασίλειος
386 2466 449 2495 τοὺς
472 2465 624 2501 τριγάμους
647 2466 694 2492 ἐπὶ
717 2465 878 2492 πενταετίαν

89 2511 318 2548 ὰφοριζομένους,
345 2511 451 2546 δέχεται
490 2511 570 2538 τοῦτο
598 2511 644 2538 καὶ
683 2511 779 2542 αὐτός’
807 2511 877 2545 πλὴν

91 2558 257 2592 προστάττει
280 2555 317 2591 μὴ
334 2555 476 2587 παντελῶς
491 2556 591 2586 αὐτοὺς
610 2555 723 2587 ἐξωθεῖν
745 2555 795 2590 τῆς
815 2555 878 2580 Ἐκ-

91 2603 217 2639 κλησίας,
233 2602 281 2628 καὶ
296 2602 365 2637 μετὰ
389 2601 444 2628 τῶν
463 2601 685 2636 προσχλαιόντων
705 2601 878 2627 συντάττειν*

91 2649 149 2677 ἀλλ’
172 2650 202 2675 ὲν
229 2649 307 2675 δυσὶν
322 2647 418 2677 ἐτεσιν,
435 2647 452 2682 ἢ
473 2648 520 2674 καὶ
541 2647 626 2682 τρισὶ,
641 2647 690 2682 τῆς
712 2646 766 2673 τῶν
792 2645 876 2672 θείων

92 2694 209 2731 Γραφῶν
225 2693 385 2730 ἀκροάσεως
407 2692 510 2726 ἀξιοῦν.
533 2691 598 2720 Εἶτα
616 2693 761 2728 ἐπιτρέπει
778 2692 880 2725 συστή-

91 2750 150 2769 χειν
179 2740 280 2772 αὐτοὺς
314 2740 383 2774 μετὰ
419 2740 474 2766 τῶν
508 2740 622 2771 πιστῶν,
642 2741 689 2766 καὶ
713 2739 768 2765 τὼν
792 2738 880 2772 εὐχῶν

95 2788 182 2824 μόνων
198 2787 392 2820 συγκοινωνεῖν
411 2786 503 2818 αὐτοῖς
518 2795 524 2802 ·
547 2786 596 2820 τῆς
616 2784 643 2811 δὲ
668 2784 810 2815 κοινωνίας
831 2782 879 2810 τοῦ

128 2858 136 2873 ³
152 2855 233 2885 .loan.
253 2862 290 2883 ιν,
309 2854 349 2881 l3.

935 903 1097 931 nicationem
1119 904 1291 937 castigatam,
1311 905 1362 932 hoc
1385 911 1439 937 est.
1467 913 1519 932 non
1545 905 1671 937 ellusam,
1696 909 1724 932 et

934 947 1126 981 promiscuam,
1150 948 1197 975 sed
1219 952 1397 980 cantractarn,
1418 954 1445 976 et
1472 949 1498 976 in
1524 957 1576 976 una
1600 952 1723 976 tantum-

934 992 1014 1019 modo
1026 993 1259 1027 circumscriptam
1271 993 1393 1021 muliere.
1408 994 1492 1027 Quem
1507 1002 1570 1029 ergo
1589 1002 1721 1022 canonem

934 1039 967 1065 de
987 1038 1102 1071 digamis
1124 1039 1319 1073 promulgavit,
1333 1038 1405 1066 hunc
1422 1039 1448 1066 in
1467 1040 1590 1074 trigatnia
1611 1048 1721 1075 quoque

934 1085 1112 1118 proportione
1135 1085 1238 1112 servari
1255 1084 1353 1119 jnhet;
1373 1086 1546 1120 proportione
1566 1091 1675 1118 autem,
1695 1086 1721 1114 id

933 1135 984 1162 est,
1007 1130 1071 1164 quia
1103 1130 1130 1157 in
1156 1131 1273 1165 digamia
1300 1138 1387 1159 annus
1416 1131 1591 1166 prmscriptns
1618 1137 1661 1160 est
1686 1133 1720 1159 ad

933 1175 1140 1210 pmnitentiam;
1156 1175 1215 1202 aliis
1244 1183 1308 1202 vero
1335 1176 1495 1203 biennium:
1524 1184 1607 1210 porro
1633 1177 1658 1204 in
1673 1177 1722 1204 tri-

933 1221 1032 1255 gamia,
1048 1220 1175 1254 quoniam
1192 1220 1307 1254 ipsatnet
1325 1220 1401 1254 culpa
1425 1221 1455 1248 lit
1475 1222 1594 1256 gravior,
1610 1229 1722 1256 propor-

935 1267 1007 1293 tione
1023 1273 1129 1300 quoque
1143 1266 1312 1300 respondens
1323 1266 1452 1292 statuitur
1468 1273 1558 1300 poena,
1569 1266 1720 1302 quinquen-

933 1312 1003 1338 nalis
1025 1311 1150 1338 videlicet
1182 1311 1344 1346 segregatio.
1375 1311 1426 1342 Qui
1458 1320 1572 1347 namque
1594 1313 1719 1347 digamiae

934 1357 1065 1384 terminos
1083 1356 1253 1391 supergressi
1275 1361 1339 1384 sunt
1352 1377 1360 1389 ,
1377 1361 1457 1391 negat
1478 1358 1594 1390 amplius
1613 1359 1647 1385 ab
1664 1358 1696 1386 iis
1711 1378 1717 1389 ,

933 1411 993 1430 cum
1018 1402 1116 1436 quibus
1144 1403 1364 1434 comrniscentnr,
1388 1403 1545 1430 mulieribus
1573 1405 1647 1431 viros
1666 1405 1720 1432 dici

933 1454 1070 1482 oportere,
1099 1455 1149 1475 nec
1173 1448 1303 1475 mulieres
1335 1448 1369 1475 ab
1403 1448 1534 1482 ejusmodi
1566 1449 1721 1477 hominibus

934 1500 1048 1520 uxorum
1080 1493 1188 1520 nomine
1212 1492 1367 1526 appellari:
1396 1498 1478 1527 atque
1507 1500 1539 1520 ex
1573 1493 1720 1528 Evangelio

934 1541 1118 1567 testimonium
1148 1539 1269 1571 adducit,
1291 1537 1397 1566 dicente
1417 1539 1524 1566 Christo
1541 1539 1572 1566 ad
1597 1539 1718 1566 Samari-

932 1587 1026 1618 tidem,
1044 1585 1174 1618 Quoniam
1184 1593 1260 1619 quem
1273 1585 1350 1612 habes
1370 1593 1421 1612 non
1438 1589 1477 1611 eu
1490 1591 1549 1611 tuus
1563 1585 1621 1617 vir;
1639 1586 1710 1619 quin-

931 1641 980 1668 que
998 1634 1066 1659 enim
1087 1632 1202 1659 habuisti
1212 1631 1232 1657 ³.
1260 1630 1326 1658 Nam
1348 1631 1402 1658 etsi
1427 1631 1501 1665 prius
1520 1631 1627 1658 dixerat
1654 1638 1714 1658 sa-n-

931 1683 1002 1710 ctus,
1017 1677 1105 1704 tribus
1123 1681 1169 1704 aut
1180 1680 1296 1711 quatuor
1308 1676 1386 1702 annis
1401 1676 1531 1709 trigamos
1553 1683 1613 1703 esse
1628 1683 1720 1710 segre-

930 1724 1043 1759 gandos,
1069 1730 1121 1749 non
1143 1727 1231 1748 tamen
1243 1722 1268 1748 in
1282 1721 1326 1748 illo
1338 1721 1448 1748 decreto
1467 1721 1585 1755 perstitit
1601 1730 1608 1747 :
1624 1728 1717 1747 verum

934 1769 1025 1796 multa;
1038 1773 1144 1803 tempus
1166 1767 1198 1793 ad
1210 1766 1427 1802 quinquennium
1445 1766 1560 1800 ipsemet
1577 1765 1715 1796 extendit.

931 1818 1053 1841 statuens
1066 1820 1236 1848 nequaquam
1261 1811 1412 1845 bnjusmodi
1429 1811 1462 1837 ab
1485 1810 1612 1837 cxclcsiis
1627 1810 1717 1844 expel-

933 1859 1038 1890 lendos,
1067 1859 1102 1885 ita
1135 1862 1163 1884 ut
1189 1865 1242 1884 non
1264 1857 1290 1883 in
1321 1856 1379 1882 loco
1408 1854 1526 1882 ﬂentium
1547 1855 1715 1886 consistant,

931 1904 977 1931 sed
1001 1903 1026 1930 in
1042 1904 1102 1930 loco
1124 1901 1290 1929 audientium
1317 1901 1422 1928 duobus
1449 1903 1496 1926 aut
1514 1899 1600 1926 tribus
1618 1899 1715 1930 annis.

931 1956 1020 1983 eoque
1036 1948 1128 1982 elapso
1142 1951 1263 1981 tempore
1279 1945 1488 1980 permittendum
1507 1945 1584 1978 ipsis,
1609 1948 1637 1970 ut
1654 1951 1716 1970 cum

932 1993 1057 2021 ﬁdelibus
1075 1993 1237 2024 consistant,
1265 1999 1279 2018 a
1299 1991 1492 2018 communione
1518 1993 1607 2017 autem
1630 1989 1718 2016 absti-

932 2044 1026 2067 neant.
1044 2039 1131 2073 Atque
1155 2038 1206 2065 hoc
1237 2042 1326 2072 pacto,
1356 2038 1377 2064 si
1402 2036 1519 2064 fructum
1547 2034 1716 2070 paenitentia:

931 2084 1110 2116 ostenderint,
1143 2091 1239 2118 nempe
1259 2084 1451 2110 contritionem
1470 2082 1560 2109 cordis
1583 2086 1610 2108 et
1627 2081 1716 2115 lacry-

931 2138 1002 2162 mas,
1020 2134 1047 2157 et
1059 2129 1081 2157 si
1098 2129 1163 2164 quid
1186 2128 1261 2155 hisce
1280 2127 1390 2162 adjungi
1403 2127 1482 2159 solet,
1497 2127 1533 2153 ita
1552 2126 1660 2153 domum
1683 2125 1716 2151 ad

896 2185 920 2214 υ
933 2174 1150 2202 communionem
1160 2172 1347 2200 adtnittantur.

967 2230 1081 2259 ARIST.
1103 2230 1231 2265 Bigamus
1250 2237 1334 2256 unutn
1355 2229 1397 2256 vel
1415 2228 1482 2255 duos
1498 2234 1585 2254 annos
1611 2233 1719 2254 excom-

935 2278 1101 2309 municatur,
1122 2281 1178 2303 tres
1201 2282 1265 2303 vero
1284 2280 1312 2302 et
1329 2279 1445 2309 quatuor
1461 2274 1606 2309 trigamus,
1639 2276 1719 2306 atque

933 2324 1014 2351 etiam
1031 2323 1150 2358 quinque
1171 2321 1248 2357 juxta
1265 2321 1486 2350 consuetudinem
1515 2327 1577 2354 quae
1594 2318 1652 2353 jam
1668 2317 1718 2346 ob-

935 2369 1012 2396 tinet.

971 2413 1026 2439 Non
1039 2421 1052 2439 a
1069 2419 1182 2443 canone,
1199 2411 1246 2438 sed
1269 2418 1283 2437 a
1300 2409 1494 2438 consuetudine
1510 2409 1646 2443 accipiens
1663 2415 1715 2434 ma-

931 2467 1000 2496 guns
1024 2458 1158 2488 Basilius,
1186 2457 1316 2491 trigamos
1351 2454 1536 2490 quinquennio
1563 2457 1718 2488 segregatos

932 2512 1003 2534 esse.
1018 2507 1044 2530 et
1060 2503 1115 2537 ipse
1134 2501 1197 2528 illud
1216 2501 1344 2528 admittit.
1365 2500 1416 2527 Sed
1432 2500 1552 2532 mandat,
1566 2506 1613 2526 eos
1625 2499 1658 2524 ab
1671 2505 1717 2524 ec-

931 2551 1011 2578 clesia
1040 2556 1092 2575 non
1113 2547 1224 2574 omnino
1241 2547 1402 2578 extrudere,
1423 2550 1450 2573 et
1473 2553 1533 2571 cum
1558 2543 1716 2570 ιιοαοιιιὶυηε

932 2597 1066 2624 collocare
1078 2615 1084 2626 ,
1103 2593 1150 2621 sed
1163 2594 1267 2620 duobus
1282 2593 1323 2619 vel
1337 2593 1417 2620 etiam
1437 2591 1524 2618 tribus
1544 2589 1623 2616 annis
1646 2589 1711 2616 divi-

932 2649 1028 2670 narum
1052 2640 1254 2674 Scripturarnm
1274 2639 1412 2665 auditione
1424 2645 1472 2665 cus
1483 2636 1598 2669 dignari.
1616 2634 1715 2662 Deinde

930 2688 969 2716 eis
984 2685 1113 2722 permittit
1126 2693 1186 2712 entn
1202 2685 1326 2712 fidelibus
1341 2684 1490 2711 consistere
1506 2685 1532 2708 ct
1547 2681 1572 2708 in
1590 2680 1716 2714 precibus

930 2736 993 2763 solis
1002 2735 1211 2762 connnunicarc.
1230 2733 1251 2759 A
1262 2732 1324 2759 horti
1339 2736 1429 2758 autem
1449 2727 1638 2757 communione
1655 2726 1713 2752 abs-

931 2783 1028 2814 tinere,
1045 2788 1071 2809 ct
1097 2781 1136 2809 sic
1151 2781 1267 2807 fructum
1295 2778 1412 2812 aliquem
1431 2775 1596 2812 pwtitentim
1622 2778 1713 2801 osten-
