1914 3077
67 102 81 130 (Ι
86 101 118 132 (ιθ

542 103 583 132 IN
602 103 723 134 EPIST.
746 105 776 134 S.
795 104 938 133 BASILU
963 103 1181 134 CANONlCAM
1205 105 1231 135 Ι.

1639 107 1692 138 610

66 155 151 187 ὶὲγει.
173 155 209 180 Ἢ
228 155 281 190 γὰρ
301 155 423 190 ἀρχῆθεν
442 153 513 191 ἦσαν
537 158 570 182 τὰ
593 155 689 183 εἴδωλα
709 154 854 190 σέϐοντες,

914 158 1076 185 sacriﬁcant.
1092 158 1158 186 Nam
1177 160 1217 186 vel
1233 159 1293 187 inde
1310 161 1343 188 ab
1365 161 1440 190 initio
1455 162 1587 190 idolorum
1608 165 1692 194 cultui

66 201 113 227 καὶ
135 201 332 236 προσελθόντες
348 203 381 237 τῇ
404 202 495 228 πίστει
512 203 559 229 καὶ
581 203 787 237 βαπτισθέντες,
809 205 853 230 εὑ-

66 248 115 278 θῦς
129 248 187 278 τοῖς
202 249 309 279 πιστοῖς
324 248 568 284 συναριθμοῦνται,
578 250 625 276 καὶ
645 249 699 276 τῶν
717 250 855 285 ἁγιασμά-

66 301 120 319 των
149 294 327 328 μετέχουσιν·
364 294 380 329 ἢ
413 295 574 330 Χριστιανοὶ
612 295 700 326 ὄντες,
733 296 853 327 εἰδώλοις

67 339 179 372 ἔθυσαν,
196 340 243 366 καὶ
257 340 300 366 διὰ
321 339 379 374 βίου
397 341 537 373 μετανοεῖν
550 340 715 375 ὀφείλουσιν.
730 341 768 367 Οὐ
789 342 855 376 περὶ

66 385 198 411 τοιοὺτων
217 383 262 411 οὖν
285 386 488 420 εἰδωλολατρῶν
516 386 589 412 ἔοικε
617 385 707 420 λέγειν
727 388 741 412 6
764 387 854 421 ἅγιος,

67 430 134 457 ἀλλὰ
151 430 217 461 τοὺς
235 430 337 464 γόητας
355 431 402 456 καὶ
419 431 483 462 τοὺς
503 431 538 457 τὰ
559 432 695 467 περίεργα
710 432 856 463 ποιοῦντας

68 474 269 510 είδωλολάτρας
296 476 443 502 ἐκάλεσεν·
473 476 510 508 ὡς
529 477 689 511 ἐπικλήσεις
716 477 855 512 δαιμόνων

67 521 249 555 ποιουμένους
264 522 294 547 ἐν
315 522 376 553 ταῖς
395 523 545 557 γοητείαις,
564 523 610 549 καὶ
630 523 659 556 ἐξ
680 524 792 550 ἐκείνων
809 523 857 558 ζη-

68 567 185 598 τοῦντας
216 567 387 602 ἐπικουρίαν,
414 568 562 596 κάντεῦθεν
597 569 743 601 δοκοῦντας
773 570 857 604 τιμᾷν

67 613 114 640 καὶ
135 613 304 648 θεραπεύειν
329 613 437 645 αὐτούς.
459 614 550 640 Εἰπὼν
571 615 598 642 δὲ
623 615 665 641 ὅτι
692 615 739 650 τῆς
770 615 857 650 αὐτῆς

67 659 218 693 καταδίκης
247 659 316 685 είσὶν
350 658 516 694 ἠξιωμένοι,
545 661 574 686 οὐ
598 660 677 687 τοῦτο
705 661 791 694 λέγει,
817 661 858 688 ὃτι

67 703 226 738 ίσαρίθμοις
237 704 420 739 ὲπιτιμῶνται
436 706 582 738 ἐνιαυτοῖς,
604 705 660 732 ἀλλ’
676 706 717 732 ὃτι
736 706 859 732 πολυετεῖ

67 750 203 784 ἐπιτιμίῳ
218 749 387 782 ὑπόκεινται,
402 750 516 777 ἕκαστοι
535 751 563 778 δὲ
580 752 651 778 κατὰ
674 754 739 783 τοὺς
771 752 853 784 ἰδίους

67 798 159 831 ὅρους.
184 796 264 823 Ὅσοι
280 796 307 823 δὲ
332 797 379 823 ἐπὶ
410 798 557 833 τριάκοντα
584 798 659 825 ἔτεσι
691 799 859 833 μετενόησαν

908 204 982 232 fuere
996 204 1107 236 addicti,
1127 210 1208 239 atque
1227 207 1260 233 ad
1277 207 1354 234 tidem
1370 209 1541 242 accedentes,
1559 215 1585 237 et
1603 210 1692 246 bapti-

908 257 967 277 smo
984 249 1095 284 expiati,
1121 250 1263 278 confestim
1282 259 1343 279 cum
1361 253 1487 281 lidelibus
1508 255 1692 283 adnumeran-

905 299 960 328 tur,
985 294 1124 329 sacrisque
1153 297 1289 330 mysteriis
1317 299 1537 333 communicant;
1570 301 1611 327 vel
1629 309 1692 328 cum

910 339 1059 367 Christiani
1088 346 1189 373 essent,
1217 341 1296 369 idolis
1310 342 1496 376 immolavcre,
1512 353 1544 372 ae
1561 353 1609 380 per
1622 347 1692 374 inte-

907 393 983 420 gram
999 385 1084 413 vitam
1100 386 1286 420 penitentiam
1300 395 1380 422 agere
1392 388 1498 415 debent.
1516 389 1692 425 Nequaquam

907 432 989 466 igitur
1005 432 1038 460 de
1071 432 1205 466 ejusmodi
1239 434 1389 461 idololatris
1413 441 1524 462 sanctus
1548 436 1593 463 hic
1619 438 1691 471 loqui

908 477 1015 504 videtur
1029 486 1037 506 :
1058 479 1104 511 scd
1122 479 1344 513 praestigiatores,
1371 487 1402 507 ac
1418 480 1551 514 ejusmodi
1567 482 1694 509 inanita-

909 523 981 550 tihus
1005 531 1097 550 curam
1131 524 1328 558 impendentes,
1345 525 1504 552 idololatras
1518 527 1668 554 nominavit
1685 535 1693 554 :

909 570 1008 604 quippe
1035 571 1080 604 qui
1109 570 1260 598 dzcmonuni
1291 572 1477 599 invocationes
1506 573 1635 600 adhibent
1660 574 1694 601 ad

910 617 1070 651 praestigias,
1087 621 1142 643 ttnu
1155 625 1188 643 ex
1205 617 1237 644 iis
1253 617 1382 644 auxilium
1407 622 1510 651 petunt,
1532 626 1563 645 ac
1583 619 1696 652 proinde

909 662 1095 688 venerantium
1113 662 1184 695 ipsos
1199 667 1226 688 et
1241 662 1390 688 colentium
1405 662 1550 695 quamdam
1577 664 1695 696 speciem

910 708 1041 742 praebent.
1069 707 1134 734 Cum
1151 715 1214 735 vero
1234 707 1328 734 eadem
1359 707 1585 734 coudemuatione
1600 709 1696 742 dignos

911 752 1050 780 habendos
1064 759 1123 779 esse
1152 752 1200 784 ait,
1215 759 1268 778 non
1286 753 1321 778 ita
1340 752 1536 786 intelligendus
1552 757 1602 781 est.
1618 753 1696 787 quasi

911 798 1008 832 aequali
1023 806 1155 825 annorum
1175 806 1288 824 numero
1306 798 1464 832 puniantur,
1490 799 1537 825 scd
1556 799 1618 831 quia
1638 798 1698 832 plu-

67 841 144 879 ὲφ“ᾗ
167 838 470 878 ἓπραξαν“ἁκαθαρσίᾳ
495 843 523 869 ὲν
551 844 648 878 ἀγνοίᾳ
664 843 781 877 (ἀγνοῶν
804 844 859 879 γάρ

914 844 982 870 rium
1004 851 1135 870 annorum
1157 843 1246 870 multa:
1269 844 1324 870 sint
1341 844 1462 876 obnoxii,
1489 844 1587 879 singuli
1606 850 1696 871 tamen

65 898 106 920 τις
127 889 213 923 τυχὸν
233 889 359 923 συγγενεῖ
376 888 460 924 ἐμίγη
477 889 515 924 μὴ
528 889 605 921 εἰδὼς
616 890 666 924 τὴν
682 890 857 924 συγγένειαν,

65 936 81 970 ἢ
100 934 214 968 γυναικί
234 942 298 966 τινι,
316 933 353 969 μὴ
377 933 456 965 εἰδὼς
475 935 517 961 ὅτι
542 935 590 962 καὶ
611 936 625 962 6
654 936 745 970 πατὴρ
772 934 856 962 αὑτοῦ

66 981 208 1016 ἐχρήσατο
234 981 349 1015 ἐκείνῃ),
372 981 435 1011 τοὺς
461 979 602 1012 τοιούτους
628 981 688 1008 οὐδὲ
718 981 857 1017 ἀμφιϐάλ-

66 1027 122 1052 λειν
152 1026 249 1061 ἐχρῆν,
275 1026 374 1060 φησλν,
400 1026 441 1056 εἰς
464 1026 493 1052 τὺ
519 1026 740 1062 παραδέξασθαι,
771 1026 858 1053 πολλὰ

65 1072 181 1107 ἔχοντας
219 1070 313 1097 δίκαια
347 1071 387 1102 εἰς
420 1072 451 1097 τὺ
484 1071 769 1107 συγγνωμονηοῆναι,
806 1072 857 1104 τὴν

65 1118 191 1150 ἄγνοιαν,
208 1117 239 1142 τὸ
255 1116 379 1143 ἑκούσιον
391 1116 441 1151 τῆς
464 1117 667 1152 ὲξαγορεύσεως
691 1117 857 1153 (ἀγνοούμε-

66 1173 109 1190 νον
126 1163 183 1198 γὰρ
204 1163 234 1189 τὸ
255 1162 409 1198 ἁμάρτημα
439 1163 550 1194 ἑκόντες
578 1163 834 1198 ἐξωμολογήσαντο)
849 1171 857 1180 ⁸

67 1209 113 1235 καὶ
138 1208 191 1242 τὴν
216 1207 263 1234 τοῦ
291 1208 388 1242 χρόνου
413 1208 580 1242 παράτασιν.
603 1207 701 1242 Σχεδὸν
719 1207 774 1242 γὰρ
793 1208 858 1243 ὃλην

65 1255 167 1288 γενεὰν
195 1253 340 1289 ἀνθρώπου
374 1254 565 1289 παρεδόθησαν
596 1254 636 1285 τῷ
663 1253 790 1289 Σατανᾷ,
813 1253 858 1280 ἵνα

66 1300 236 1327 παιδευθῶσι
257 1300 295 1335 μὴ
311 1301 489 1335 ἀσχημονεῖν.
507 1300 556 1326 Διὰ
585 1299 672 1326 ταῦτα
693 1299 784 1326 τοίνυν
815 1299 859 1326 δε-

66 1349 147 1380 κτοίδς
164 1347 292 1382 ἡγεῖσθαι
303 1347 413 1378 αὐτούς.

909 889 985 922 juxta
1019 889 1142 923 proprios
1173 888 1317 915 terminos.
1343 888 1393 921 Qui
1410 896 1474 916 vero
1486 889 1596 924 triginta
1617 890 1696 916 annis

911 934 949 962 ob
966 934 1161 969 impuritatem,
1182 942 1263 968 quam
1295 935 1452 969 ignorantes
1474 935 1653 968 admiserunt,
1671 936 1697 962 in

911 980 1071 1014 poenitentia
1095 981 1196 1007 versati
1221 984 1284 1007 sunt
1320 980 1430 1014 (aliquis
1455 980 1527 1007 enim
1553 980 1622 1007 forte
1648 989 1698 1016 per

911 1025 1109 1060 ignorationem
1140 1033 1203 1052 cum
1228 1030 1344 1060 cognata
1362 1033 1418 1053 rem
1448 1026 1552 1058 habuit,
1571 1026 1698 1060 ignorans

910 1071 1110 1105 cognationem,
1128 1075 1174 1098 aut
1204 1078 1266 1098 cum
1294 1071 1345 1098 alia
1363 1072 1486 1105 muliere,
1515 1078 1575 1098 cum
1594 1076 1697 1106 patrem

911 1124 1019 1151 quoque
1047 1124 1124 1144 suum
1141 1117 1185 1143 illa
1202 1124 1279 1143 usum
1297 1116 1380 1144 fuisse
1399 1117 1561 1152 ignoraret),
1578 1117 1610 1144 de
1625 1118 1699 1153 ejus-

917 1162 1003 1194 modi,
1020 1162 1117 1196 inquit,
1149 1169 1183 1189 ne
1213 1162 1391 1190 dubitandum
1420 1167 1462 1191 est
1485 1163 1605 1197 quidem,
1632 1165 1698 1198 qttin

912 1207 1103 1240 admittuntur,
1119 1215 1180 1235 cum
1196 1208 1296 1236 multas
1314 1209 1431 1236 habeant
1446 1209 1650 1242 excusationes,
1664 1210 1699 1235 ob

911 1261 979 1288 quas
995 1253 1036 1280 eis
1053 1253 1133 1280 venia
1149 1253 1261 1280 concedi
1278 1254 1362 1288 possit
1379 1263 1385 1280 :
1404 1254 1599 1289 ignorationem
1620 1254 1700 1281 nimi-

914 1306 986 1332 rum,
1003 1303 1178 1333 spontaneam
1193 1298 1394 1326 confessionem
1407 1300 1572 1334 (ignoratum
1586 1307 1701 1334 namque

912 1345 1016 1372 crimen
1027 1349 1122 1378 sponte
1137 1343 1255 1372 confessi
1275 1344 1350 1379 sunt)
1367 1352 1399 1372 ae
1416 1346 1546 1379 temporis
1561 1345 1699 1372 diuturni-

66 1401 163 1422 mem.
191 1394 260 1422 Tota
285 1402 404 1428 namque
435 1394 492 1421 fere
508 1394 626 1421 hominis
650 1397 730 1420 aetate
745 1393 855 1420 Satame
873 1391 966 1419 traditi
995 1395 1067 1423 sunt,
1094 1395 1125 1417 ut
1150 1398 1165 1417 a
1196 1391 1320 1426 turpibus
1342 1391 1479 1418 abstinere
1512 1391 1629 1419 discant.
1660 1391 1701 1418 0b

68 1445 123 1470 Intt‘
155 1443 241 1478 igitur
267 1443 347 1470 facile
365 1443 438 1477 ipsos
457 1442 639 1469 admittendos
662 1449 722 1469 esse
738 1441 900 1468 arbitratur.

102 1490 162 1516 Οὐκ
180 1489 299 1522 ἄκαιρον
315 1487 343 1513 δὲ
361 1487 408 1513 καί
428 1495 455 1512 τι
478 1488 639 1522 παρενεῖραι
660 1487 699 1522 τῷ
717 1487 800 1521 λόγῳ,
818 1488 859 1514 διαἼ

953 1486 1011 1514 Νοη
1035 1487 1152 1514 alienum
1180 1491 1268 1514 autem
1291 1486 1343 1513 erit
1357 1486 1484 1520 quiddam
1501 1487 1582 1515 etiam
1599 1487 1642 1515 hic
1660 1488 1701 1515 in-

68 1538 148 1563 )Ssat
160 1534 401 1569 ἁμφιὸαλλόμενον
411 1533 437 1560 τί
451 1541 522 1560 τισιν
537 1541 544 1549 '
557 1534 571 1559 6
590 1534 677 1568 μέγας
699 1534 861 1565 ’Δπόστολος

69 1581 228 1617 Κορινθίοις
240 1580 417 1611 ἐπιστέλλων,
439 1579 487 1606 καὶ
502 1580 566 1614 περὶ
580 1579 626 1606 τοῦ
646 1581 861 1614 πεπορνευκότος

68 1630 106 1658 εἰς
130 1627 181 1662 τὴν
201 1626 271 1653 ἰδίαν
295 1626 430 1661 μητρυιὰν
441 1625 555 1660 γράφων
569 1633 575 1640 ·
592 1625 745 1660 Παράδοτε
756 1625 859 1657 αὑτὸν,

70 1675 147 1710 φησὶ,
167 1672 208 1705 τῷ
225 1671 354 1705 Σατανᾷ,
382 1672 432 1698 ἵνα
457 1671 491 1698 τὸ
516 1671 634 1706 πνεῦμα
657 1671 753 1706 σωθῇ.
783 1672 861 1703 Τινὲς

71 1722 120 1756 μὲν
139 1720 187 1746 οὖν
205 1719 316 1752 δαίμονι
328 1718 444 1752 κάτοχον
468 1718 595 1751 γενέσθαι
609 1718 655 1744 τὸν
674 1717 861 1753 πορνεύσαντα

69 1768 192 1802 ὶέγουσι,
217 1765 289 1796 τινὲς
307 1765 336 1791 δὲ
356 1764 436 1791 νόσου
459 1764 573 1799 μάστιγι
590 1764 732 1798 ἐκδοθῆναι
747 1773 754 1780 υ
772 1765 861 1790 καίτοι

70 1811 100 1843 ἐξ
114 1809 208 1837 αὐτῶν
221 1809 275 1835 τῶν
285 1808 353 1843 πρὸς
370 1807 530 1843 Κορινθίους
551 1807 717 1834 Ἐπιστολῶν
729 1807 861 1841 λυομένου

70 1856 117 1883 τοῦ
137 1855 305 1889 ἀμφιϐόλου,
320 1854 368 1880 καὶ
385 1853 553 1888 δηλουμένου
570 1853 611 1879 ὅτι
629 1855 658 1879 τὺ
674 1853 862 1887 παραδοθῆναι

70 1903 110 1938 τῷ
135 1902 247 1936 Σατανᾷ
270 1899 453 1935 ἀφορισθῆναί
469 1900 539 1931 ἐστι,
564 1900 611 1925 καὶ
627 1900 675 1934 τῆς
688 1899 742 1925 τῶν
758 1899 862 1925 πιστῶν

72 1949 184 1983 μερίδος
211 1947 430 1982 ἐκχηρυχθῆναι.
466 1946 511 1972 Ὲν
539 1945 587 1980 μὲν
611 1946 665 1980 γὰρ
688 1947 721 1980 τῇ
753 1946 862 1981 πρώτῃ,

69 1994 134 2019 ἔνθα
151 1993 199 2018 καὶ
215 1991 404 2026 παραδοθῆναι
420 1991 457 2025 τῷ
475 1991 582 2025 Σατανᾷ
601 1991 645 2016 τὸν
663 1991 864 2026 ἀμαρτὴσαντα

70 2038 248 2070 κατεδίκασε,
265 2037 330 2072 φησί
344 2045 352 2053 ·
368 2037 423 2063 Καὶ
443 2036 528 2071 ὑμεῖς
544 2037 766 2071 πεφυσιωμένοι
781 2037 863 2069 ἐστὲ,

70 2085 120 2111 καὶ
138 2083 209 2118 οὐχὶ
231 2082 355 2117 μᾶλλον
379 2082 579 2116 ἐπενθήσατε,
611 2083 663 2109 ἵνα
692 2081 804 2117 ἐξαρθῇ
830 2083 864 2115 ἐξ

69 2130 156 2164 ὑμῶν
171 2130 188 2156 ὁ
215 2129 248 2154 τὸ
272 2128 361 2163 ἔργον
377 2128 464 2155 τοῦτο
490 2129 627 2160 ποιήσας.
648 2128 684 2154 Τὸ
698 2128 736 2160 δὲ,
752 2128 864 2163 ἐξαρθῇ

70 2176 104 2208 ἐξ
116 2174 214 2210 ὑμῶν,
229 2173 254 2199 τί
269 2173 334 2200 ἄλλο
344 2173 420 2200 ἐστὶν
438 2173 454 2207 ἢ
467 2173 521 2205 ὅτι,
540 2173 584 2199 ἵνα
599 2174 704 2208 ὲκκοπῇ
721 2174 768 2199 καὶ
784 2174 864 2200 ἁλλο-

70 2221 177 2256 τριωθῇ
202 2218 251 2252 ἀφ’
277 2218 374 2253 ὑμῶν;
403 2219 584 2245 Ἐκκόπτεται
611 2219 639 2245 δὲ
667 2219 682 2245 6
705 2220 864 2255 ἁφορισθεὶς

71 2268 117 2293 καὶ
133 2266 171 2300 μὴ
190 2267 223 2300 τῇ
247 2265 302 2291 τῶν
320 2265 426 2292 πιστῶν
441 2264 640 2299 συνενούμενος
657 2265 752 2300 μοίρᾳ.
776 2266 822 2292 Ἐν
837 2266 865 2292 δὲ

70 2314 102 2346 τῇ
118 2311 236 2345 δευτέρᾳ
264 2309 410 2344 Ἐπιστολῇ
431 2317 498 2343 φησι
511 2317 518 2322 ·
536 2310 696 2343 Κιιρώσατε
712 2312 756 2342 εις
771 2310 866 2338 αὑτὸν

69 2357 206 2391 ἀγάπην.
224 2356 286 2386 Πῶς
301 2355 347 2381 οὖν
363 2356 431 2390 πρὸς
449 2357 494 2381 τὸν
509 2355 734 2390 δαιμονιζόμενον
753 2356 866 2390 ἔμελλον

72 2402 202 2436 κυρῶσαι
217 2401 328 2435 ἀγάπην
342 2409 349 2416 ·
363 2400 379 2435 ἦ
405 2401 474 2435 πρὸς
488 2400 534 2426 τὸν
553 2400 635 2427 πάθει
651 2401 764 2436 λέπρας,
784 2400 800 2436 ἦ
813 2403 868 2428 τινὶ

72 2446 190 2481 τοιούτῳ
211 2445 494 2480 ταλαιπωρούμενον;
520 2445 669 2473 Ἐλεείσοαι
692 2445 746 2482 γὰρ
767 2445 870 2481 μᾶλλον

71 2491 194 2526 ὠφειλεν
217 2492 231 2516 ὁ
259 2489 331 2517 οὕτω
360 2491 484 2526 πάσχων,
515 2491 576 2526 οὐχὶ
608 2491 757 2526 μισεῖσθαι.
790 2491 871 2517 Ἀλλά

72 2537 155 2563 τοίτο
173 2536 253 2570 ἔλεγε
275 2536 397 2568 πάντως,
418 2537 460 2562 ὅτι
487 2538 536 2563 Ὃν
559 2537 756 2572 ἀπεστράφητε
777 2537 822 2564 διὰ
841 2537 871 2563 τδ

72 2584 241 2617 ἁμάρτημα,
254 2582 301 2608 καὶ
314 2581 364 2616 τῆς
385 2581 551 2618 Ἐκκλησίας
566 2582 779 2618 ἧλλοτριώσατε,
793 2583 870 2615 δέξα-

75 2630 120 2654 σθε
138 2629 233 2658 πάλιν,
249 2629 294 2654 ἵνα
313 2628 350 2663 μὴ
364 2629 397 2664 τῇ
419 2629 604 2664 περισσοτέρᾳ
627 2629 699 2665 λύπῃ
714 2629 868 2665 καταποθῇ.

76 2676 129 2701 Καὶ
155 2673 318 2708 ἐρμηνεύει,
340 2673 377 2704 ὡς
405 2674 471 2707 γοῦν
491 2674 610 2709 εἴρηται,
637 2675 718 2706 αὐτὸς
736 2675 832 2702 ἑαυτὸν
857 2676 871 2701 6

81 2721 256 2751 ‘arzésmlog,
275 2721 323 2746 καὶ
335 2719 490 2755 σαφηνίζει.
509 2720 540 2746 Εἰ
555 2719 584 2745 δή
598 2728 639 2751 τις
654 2719 870 2756 φιλονεικότερον

75 2768 247 2796 ἀνθίσταται,
262 2765 384 2791 πεισάτω
396 2765 490 2792 τοῦτον
508 2767 522 2791 ό
537 2766 616 2799 σοφὸς
627 2763 704 2796 οὗτος
717 2766 764 2791 καὶ
780 2768 866 2800 μέγας

113 2824 120 2838 ³
138 2826 224 2854 onr.
247 2833 272 2859 ν,
286 2825 314 2851 ὅ.
380 2825 390 2838 ¹
402 2824 470 2852 Ibid.
485 2824 514 2853 2.
563 2823 607 2851 ³11
625 2825 684 2852 Cor.
704 2832 732 2857 tt,
748 2825 774 2852 8.

914 1538 1047 1560 Ierserere
1063 1533 1190 1565 orationi,
1213 1540 1244 1559 ac
1261 1537 1364 1560 certam
1379 1534 1556 1566 quorumdam
1576 1535 1703 1568 quaestio-

912 1587 974 1607 nem
1001 1580 1132 1607 solvere:
1166 1587 1280 1615 magnus
1308 1579 1455 1614 Apostolus
1482 1581 1515 1607 ad
1548 1580 1703 1607 Coriuth'os

911 1627 1045 1660 scribens,
1073 1632 1101 1654 et
1124 1627 1159 1654 de
1186 1634 1230 1659 eo,
1249 1627 1296 1662 qui
1320 1635 1379 1654 cum
1409 1635 1525 1655 noverca
1557 1627 1705 1655 fornicatus

912 1671 1000 1699 fuerat
1023 1673 1158 1699 disserens
1180 1681 1186 1699 :
1206 1672 1330 1704 Tradite,
1350 1673 1457 1708 inquit,
1483 1673 1570 1708 ipsum
1587 1673 1703 1703 Satanan

912 1722 940 1744 ut
961 1718 1070 1752 spiritus
1085 1718 1173 1745 salvus
1199 1718 1247 1752 ﬁat
1271 1719 1290 1746 ί.
1313 1717 1426 1750 Quidam
1463 1719 1542 1753 igitur
1576 1719 1706 1746 daemonis

912 1764 1039 1797 potestati
1076 1763 1222 1790 obnoxium
1264 1762 1441 1790 fornicarium
1485 1763 1583 1791 factum
1623 1765 1706 1791 fuisse

914 1809 1020 1841 dicunt;
1036 1808 1144 1844 quidam
1155 1816 1220 1836 vero
1244 1809 1331 1836 morbi
1359 1809 1463 1844 ﬂagello
1479 1809 1617 1836 traditum.
1647 1809 1706 1836 εει·-

914 1860 1000 1882 terum
1023 1862 1056 1881 ex
1094 1854 1215 1888 ipsismct
1240 1854 1272 1881 ad
1309 1854 1463 1881 Corinthios
1496 1854 1622 1888 Epistolis
1653 1855 1707 1882 sul-

917 1900 990 1927 vitur
1008 1900 1153 1932 dubitatio,
1171 1905 1198 1927 et
1218 1900 1384 1933 declaratur,
1415 1901 1485 1934 quod
1503 1901 1570 1927 tradi
1588 1899 1705 1931 Saturn»,

914 1950 956 1972 est
973 1945 1108 1980 segregari
1137 1951 1164 1972 ct
1177 1953 1190 1972 a
1209 1950 1281 1972 coetu
1295 1945 1413 1972 fidelium
1429 1946 1562 1972 abdicari.
1579 1944 1607 1972 ln
1623 1946 1705 1980 priori

915 1998 1033 2025 namque
1059 1991 1103 2018 ubi
1128 1990 1210 2018 etiam
1227 1998 1288 2018 eum
1303 1990 1347 2024 qui
1365 1990 1516 2024 deliquerat
1533 1990 1640 2017 Satanae
1654 1995 1709 2017 tra-

916 2038 1032 2064 dendum
1052 2036 1230 2072 adiudicavit,
1268 2035 1303 2062 Et
1325 2044 1382 2069 vos,
1407 2036 1504 2071 inquit,
1528 2037 1617 2070 inﬂati
1632 2037 1707 2068 estis,

916 2088 939 2108 et
955 2090 1006 2109 non
1019 2083 1103 2117 magis
1123 2082 1222 2109 luctum
1238 2081 1380 2114 habuistis,
1399 2087 1426 2108 ut
1442 2082 1553 2108 tollatur
1576 2090 1608 2108 ea;
1626 2082 1706 2113 vobis,

916 2127 959 2161 qui
973 2126 1021 2152 hoc
1032 2134 1096 2161 qpus
1110 2126 1171 2161 fecit
1189 2125 1209 2152 ‘.
1223 2125 1291 2153 Illud
1305 2132 1411 2160 nempe,
1423 2125 1545 2158 tollatur,
1560 2126 1623 2159 quid
1637 2125 1709 2152 aliud

919 2172 1065 2206 signiﬁcat,
1083 2179 1163 2206 quam
1179 2175 1208 2198 ut
1228 2170 1380 2203 excidatur,
1397 2170 1554 2205 alienusque
1579 2171 1710 2198 habeatur

921 2225 935 2244 a
953 2218 1050 2245 vobis?
1067 2217 1208 2244 Exciditur
1225 2223 1289 2243 vero
1308 2216 1465 2250 quicunque
1479 2222 1647 2250 segregatur,
1660 2224 1709 2243 nec

921 2262 948 2289 in
973 2269 1088 2289 numero
1115 2261 1234 2288 ﬁdelium
1260 2264 1426 2288 recensetur.
1451 2260 1479 2287 lu
1505 2261 1621 2288 secunda
1646 2267 1710 2287 vero

920 2308 1041 2344 Epistola
1057 2308 1114 2336 haec
1130 2307 1220 2339 habet,
1240 2307 1397 2335 Canservate
1412 2315 1473 2342 erga
1486 2307 1572 2341 ipsum
1593 2307 1710 2333 cliarita-

921 2359 972 2381 tem
987 2353 1008 2381 ⁸.
1021 2354 1073 2387 Qui
1088 2353 1336 2390 igiturcharitatem
1351 2361 1413 2388 erga
1428 2357 1554 2380 vexatum
1565 2361 1578 2379 ιι
1589 2353 1712 2380 dtetnoue

923 2401 1110 2428 conservatori
1130 2399 1244 2427 iuissent
1257 2408 1263 2426 :
1276 2399 1318 2427 vel
1332 2406 1395 2434 erga
1411 2399 1486 2426 illum
1504 2398 1550 2434 qui
1567 2398 1651 2432 lepra,
1668 2397 1711 2424 vel

919 2446 1052 2482 ejusmodi
1068 2445 1122 2473 alio
1142 2445 1235 2473 morbo
1252 2445 1445 2480 premeretur?
1461 2443 1566 2471 Etenim
1587 2443 1711 2470 misereri

920 2492 1012 2526 potius
1028 2492 1068 2519 sic
1094 2491 1196 2524 aﬂ‘ecti,
1221 2499 1302 2526 quam
1323 2490 1399 2518 illum
1421 2490 1513 2517 odisse
1530 2497 1578 2524 par
1592 2493 1643 2515 est.
1659 2488 1712 2514 Sed

923 2538 975 2565 hoc
1004 2537 1084 2572 plane
1103 2537 1276 2572 signiﬁcavit,
1306 2541 1336 2564 ut
1358 2544 1440 2571 quem
1466 2536 1571 2563 scilicet
1594 2535 1711 2561 aversati

926 2584 992 2612 estis
1009 2584 1044 2611 ob
1067 2591 1177 2616 noxam,
1194 2588 1221 2610 et
1245 2588 1323 2611 extra
1340 2582 1489 2610 Ecclesiam
1507 2581 1638 2616 eiecistis,
1666 2582 1714 2606 ad-

926 2629 1040 2657 mittatis
1070 2629 1179 2662 iterant,
1207 2637 1241 2658 ne
1262 2637 1277 2656 a
1298 2628 1383 2656 nimio
1402 2628 1494 2655 dolore
1524 2626 1713 2654 absorbeatur.

925 2674 1008 2708 Ergo,
1027 2679 1056 2702 ut
1070 2675 1173 2702 dictum
1188 2679 1238 2708 est,
1253 2675 1311 2710 ipse
1328 2681 1356 2701 sc
1371 2673 1518 2707 Apostolus
1538 2671 1667 2705 explicat,
1682 2676 1714 2695 ac

924 2722 1054 2750 declarat.
1081 2721 1159 2755 Quod
1195 2721 1218 2748 si
1257 2721 1319 2756 quis
1348 2719 1544 2747 contentiosius
1574 2721 1715 2751 repugnet,

929 2768 997 2795 tlccti
1015 2775 1043 2794 se
1059 2768 1178 2802 patiatur
1197 2767 1230 2794 ab
1253 2767 1304 2793 hoc
1334 2764 1447 2799 sapienti
1467 2769 1493 2791 et
1513 2770 1610 2798 magno
1626 2761 1716 2794 Patre,
