1914 3077
232 151 284 181 till

859 151 998 182 TIIEC‘D.
1019 151 1220 182 BALSAMON

1800 150 1857 180 Si?

228 209 448 237 animadvertens
473 208 607 242 quomodo
631 207 675 236 hic
693 208 785 236 verbis
812 208 875 239 illis.
907 208 1014 235 Salano:

1067 207 1164 244 Πατὴρ
1196 207 1378 243 προσσχόντα.
1409 207 1481 238 ὅπως
1506 206 1640 241 ἐχρήσατο
1672 206 1790 232 ἐνταῦθα
1806 207 1859 241 τῷ,

230 255 345 281 traditus
371 258 424 285 est,
448 261 513 280 usus
531 253 613 280 inierit
630 261 637 280 :
656 253 869 287 segregationem
899 261 930 280 ac
949 253 1016 280 relc-

229 301 365 335 gationrm
388 307 402 326 a
419 303 489 326 cmtu
508 299 624 325 ﬁdelium
643 299 749 326 Satanae
778 299 948 326 traditionem
968 308 1016 326 no-

231 348 349 374 minans.
379 346 430 378 Qui
461 346 533 372 enim
560 354 573 371 a
601 345 717 372 ﬁdelium
732 346 870 372 consortio
887 345 1015 372 exclusus

228 397 282 423 est,
301 400 352 418 non
371 392 485 424 amplius
499 391 554 426 60
566 392 651 417 sancti
667 391 783 424 Spiritus
799 392 911 425 gratiam
931 398 1015 425 penes

229 438 348 469 seipsunt
367 436 457 466 habet,
473 442 566 461 Vcrnm
585 436 627 460 illa
651 436 781 468 Spoliatus
795 442 846 461 cst.
870 435 921 467 Qui
952 442 1015 461 vero

229 482 263 508 ab
279 482 328 508 hac
344 481 429 514 gratia
450 480 559 511 excidit,
576 480 682 507 Saturne
697 481 820 507 traditur.
833 478 883 507 Ubi
896 487 1014 514 namque

230 526 304 553 illum
335 526 426 552 divina
445 526 532 559 gratia
558 525 688 551 nudatum
713 525 837 550 inimicus
863 524 1013 556 olli-tulerit,

231 570 319 604 ipsum
339 569 450 599 invadit,
464 569 542 601 «ique
556 568 680 602 deinceps
698 567 860 593 dominatur.
877 567 951 598 Quod
969 573 1016 593 eo-

229 617 290 641 dt-m
303 615 383 641 etiam
401 614 479 641 modo
489 614 604 640 Joannes
617 613 833 648 Chrysnstonnts,
844 611 870 637 in
881 619 1016 638 commen-

230 661 306 687 tariis
321 660 347 686 in
364 659 507 692 Epistolam
520 658 553 684 ad
564 657 745 690 Timotheum,
760 657 951 690 interpretatus
963 662 1014 686 est.

270 704 387 731 ΑΙιΙδΤ.
400 704 592 734 Mascnlorunt,
608 703 818 736 animaliumque
833 708 1014 737 corruptores|

229 756 256 778 et
273 751 391 778 maechos
405 756 463 784 post
478 757 564 776 annos
580 748 752 783 quindecim;
771 749 921 781 homicidae,
934 756 1016 776 vene-

229 797 285 828 Iici,
314 804 344 822 ac
367 796 515 822 idololatra:
538 799 598 828 post
636 795 740 828 viginti,
773 795 850 829 juxta
876 795 1015 829 antiquam

229 841 343 868 fortnam
361 841 552 875 suscipientnr.
569 838 742 874 Perapicuus.

511 885 628 913 CANON
650 885 713 912 VIII.

265 931 315 965 Qui
358 932 393 958 ob
431 932 598 958 iracundiam
635 930 724 957 securi
767 928 896 956 adversus
938 937 1016 956 uxo-

232 987 289 1006 rem
307 985 382 1006 Suam
395 984 462 1003 usus
479 980 530 1008 est,
549 979 590 1002 est
607 973 755 1002 homlclda.
769 973 853 1000 Recte
867 978 956 1000 autem
972 980 1016 1000 me

232 1022 409 1051 admonuisti,
425 1025 451 1048 et
468 1021 506 1047 uti
533 1024 607 1046 tuam
626 1019 789 1052 sapientiam
806 1018 909 1051 decuit,
929 1022 958 1044 ut
977 1017 1016 1043 fn-

231 1069 290 1096 sius
313 1068 346 1094 de
363 1068 404 1094 his
421 1066 549 1096 dicerem,
569 1068 709 1098 propterea
730 1063 800 1097 quod
818 1063 901 1089 multa
919 1063 945 1089 in
968 1069 1016 1088 vo-

232 1113 359 1140 luntariis
373 1116 400 1138 et
415 1110 607 1137 involuntariis
630 1109 802 1135 discrimina.
820 1107 865 1134 Est
882 1108 953 1133 enim
970 1107 1013 1133 in-

1067 253 1207 288 Πειρεδόθη
1221 253 1260 287 τῷ
1286 253 1402 288 Σατανᾷ,
1429 254 1474 279 τον
1501 252 1654 286 ἀφορισμὸν
1681 253 1727 278 καὶ
1747 254 1855 288 τὴνέκη

1069 305 1175 324 πτωσιν
1191 299 1240 330 τῆς
1257 298 1327 324 κατά
1347 298 1401 323 τῶν
1424 298 1528 323 πιστῶν
1546 297 1690 329 ξυναυλίας
1707 298 1859 332 παράδοσιν

1068 344 1136 379 προς
1153 344 1199 370 τὸν
1216 343 1341 370 Σατανᾶν
1365 344 1514 377 ὀνομάσας.
1539 343 1568 369 ’0
1589 343 1642 377 γὰρ
1659 342 1791 374 ἐκκοπεὶς
1809 345 1859 377 τῆς

1068 389 1165 423 μοίρας
1180 388 1234 414 τῶν
1250 389 1352 414 πιστῶν
1366 388 1458 414 οὐκέτι
1474 389 1522 421 τὴν
1535 387 1583 413 τοῦ
1602 388 1681 420 ἁγίου
1699 388 1860 422 [lvi-3.1.110;

1066 434 1147 468 χάριν
1164 433 1220 468 ἔχει
1237 434 1302 468 παρ’
1315 433 1420 468 ἑαυτῷ,
1438 432 1494 459 ἀλλ’
1513 432 1720 467 ἀπαιγυμνοῦται
1738 434 1857 467 ταύτης·

1067 477 1252 509 ὲκπεπτωκὼς
1277 478 1455 511 παραδίδοται
1476 478 1514 512 τῷ
1537 477 1652 512 Σατανᾷ.
1676 476 1782 511 Γυμνδν
1802 480 1857 513 γὰρ

1066 522 1114 557 τῆς
1131 522 1206 552 Θείας
1219 523 1333 558 χάριτος
1350 522 1430 548 αὑτὸν
1454 522 1541 557 εὑρὼν
1557 523 1571 548 6
1587 522 1693 557 ἐχθρὸς,
1711 523 1856 557 παραλαμ-

1066 567 1143 594 6άνει
1169 568 1261 599 αὐτὴν,
1289 567 1337 594 καὶ
1363 567 1486 602 κυριεύει
1516 567 1610 593 λοιπὸν
1640 568 1734 594 αὑτοῦ.
1766 569 1817 594 Καὶ
1843 569 1857 594 6

1067 613 1185 647 χρυσοῦς
1202 613 1229 639 δὲ
1244 612 1292 648 τὴν
1315 613 1437 646 γλῶτταν
1457 612 1591 646 Ἰωάννης,
1613 612 1794 647 ἐξηγούμενος
1808 614 1858 647 τὴν

1067 659 1134 693 πρὸς
1156 659 1288 693 Τιμόθεον
1307 659 1476 694 Ἐπιστολὴν,
1493 658 1577 688 οὕτως
1595 658 1751 692 ἡρμήνευσε
1766 658 1857 685 τοῦτο.

1066 704 1177 731 ΔΡΙΣΤ.
1203 705 1443 740 ’Δρῤενοφθόρους,
1460 704 1506 730 καὶ
1522 704 1704 738 ζωοφθορους,
1731 705 1778 730 καὶ
1795 712 1858 738 μοι-

1067 750 1130 786 χοὺς
1143 771 1151 783 ,
1173 749 1430 776 πεντεκαιδεκαετίι
1445 757 1453 765 ο
1482 749 1530 775 καὶ
1549 751 1624 782 φονεῖ
1642 768 1649 780 ,
1671 750 1718 774 καὶ
1745 758 1859 783 φαρμα-

1067 796 1132 826 κοὺς
1146 815 1153 827 ,
1182 796 1229 821 καὶ⁸
1255 794 1470 829 εἰδωλολάτρας,
1509 794 1684 826 είκοσαετῐα,
1712 795 1786 820 κατὰ
1807 794 1856 819 τὶν

1067 841 1152 867 παλαι
1166 840 1261 872 τύπον,
1274 840 1431 871 είσδὲξεται.
1445 838 1557 872 Σαφής.

1371 883 1490 911 ΚᾹΝΩΝ
1504 881 1545 910 H'.

1109 930 1138 956 Ὅ
1165 930 1245 966 ἀξίνῃ
1274 929 1350 964 παρὰ
1380 931 1427 955 τὸν
1457 928 1543 963 θυμὸν
1572 927 1643 955 κατὰ
1674 929 1723 963 τῆς
1757 928 1858 956 ἑαυτοῦ

1063 977 1186 1011 γαμετῆς
1211 976 1382 1011 χρησάμενος
1409 974 1506 1010 φονεῠς
1535 975 1603 1000 ἐστι.
1634 974 1732 1005 Καλῶς
1757 975 1784 1000 δέ
1819 981 1854 1010 με

1065 1021 1221 1056 ὑπέμνησας
1242 1022 1287 1047 καὶ
1308 1021 1390 1052 ἀξίως
1413 1021 1461 1054 τῆς
1483 1019 1595 1046 σεαυτοῦ
1615 1019 1746 1050 συνέσεως
1766 1020 1855 1047 εἰπεῖν

1065 1068 1127 1101 περὶ
1144 1067 1245 1092 τούτων
1263 1067 1435 1102 πλατύτερον·
1456 1066 1521 1092 διότι
1545 1065 1639 1091 πολλαὶ
1660 1066 1688 1091 ἐν
1703 1066 1760 1095 τοῖς
1775 1065 1856 1090 ἑκου-

1066 1113 1132 1143 σίοις
1158 1113 1204 1138 καὶ
1232 1113 1367 1142 ἀκουσίοις
1396 1111 1531 1146 διαφοραί.
1558 1110 1698 1137 Ἀκοὺσιον
1725 1110 1774 1144 μὲν
1798 1110 1855 1144 γὰρ

230 1157 415 1184 voluntarium
438 1155 561 1184 omnino,
582 1157 608 1180 et
625 1153 702 1186 longe
724 1160 738 1178 a
756 1153 872 1178 consilio
887 1151 946 1185 (-jus
966 1151 1012 1185 qui

1066 1159 1122 1183 ἐστι
1136 1157 1272 1188 παντελῶς
1286 1158 1332 1182 καὶ
1350 1157 1443 1191 πῦρρω
1458 1156 1503 1182 τοῦ
1521 1154 1702 1190 κατάρξαντος
1714 1155 1755 1185 τὺ.
1771 1155 1854 1181 ἀκον-

231 1201 343 1235 incepit.
358 1203 504 1230 remotum,
524 1198 588 1225 dum
609 1198 789 1231 lapisjacitur
804 1197 830 1223 in
852 1204 946 1223 canem
969 1199 1015 1222 aut

231 1247 368 1276 arborem.
383 1245 516 1271 hominem
541 1244 682 1277 attingere.
699 1241 869 1276 Propositum
882 1242 952 1269 enim
966 1241 1016 1268 fuit

230 1291 346 1319 bestiam
382 1290 541 1324 propulsare
563 1292 610 1314 aut
638 1288 756 1313 fructum
786 1292 915 1314 excutere
937 1296 943 1314 :
968 1288 1014 1314 sed

231 1338 315 1365 Ictum
330 1337 441 1364 fortuito
461 1336 544 1363 subiit
559 1336 605 1369 qui
629 1334 767 1360 transiens
784 1333 915 1365 occurrit,
931 1340 1016 1367 quare

233 1383 284 1410 hoc
304 1382 516 1408 involuntarinm
535 1385 588 1407 est.
608 1378 640 1404 Et
656 1379 721 1405 illud
741 1385 847 1411 quoque
863 1378 1016 1403 involunta-

232 1428 303 1454 rium
328 1430 380 1458 est,
405 1426 428 1453 si
453 1427 514 1459 quis
532 1425 626 1450 volens
648 1423 766 1456 aliquem
785 1422 930 1455 castigare,
957 1421 1015 1447 loro

231 1472 274 1497 vol
288 1471 364 1505 virga
379 1478 432 1497 non
446 1470 514 1496 dura
533 1476 594 1496 cum
614 1468 755 1502 percutiat,
777 1467 910 1493 moriatur
926 1471 1014 1492 autem

231 1517 278 1551 qui
292 1523 440 1550 percussus
455 1520 506 1542 est.
523 1513 697 1548 Propositntn
714 1512 786 1539 enim
805 1512 848 1538 hic
858 1511 1015 1538 considera-

231 1564 287 1592 tur,
404 1560 467 1593 quia
493 1562 649 1593 peccantem
673 1557 810 1589 corrigere
833 1556 934 1587 voluit,
959 1562 1013 1581 non

231 1605 399 1637 interimere.
418 1603 586 1630 Recensetur
601 1607 628 1630 et
644 1602 708 1628 illud
731 1602 802 1628 inter
819 1602 1013 1632 involuntaria,

231 1657 294 1676 cum
311 1649 373 1682 quis
395 1649 420 1674 in
437 1656 525 1682 pugna
541 1649 659 1681 aliquem
675 1647 748 1680 ligno
766 1647 807 1673 vel
824 1655 905 1673 manu
928 1647 1015 1681 repel-

232 1695 303 1725 lens,
319 1702 372 1720 non
386 1700 467 1727 parce
482 1693 508 1718 in
521 1693 670 1726 prmeipttas
686 1696 777 1726 partes
796 1693 879 1718 ictum
895 1695 1013 1725 torquet,

232 1743 263 1766 ut
275 1747 337 1766 eum
356 1739 444 1769 lzetlat,
467 1745 519 1764 non
535 1743 564 1764 ut
585 1737 697 1763 omnino
718 1735 872 1763 interﬁciat.
893 1735 945 1763 Sed
964 1737 1015 1764 hoc

232 1784 342 1818 quidem
355 1783 461 1809 accedit
475 1783 507 1808 ad
521 1782 715 1808 voluntarium.
732 1781 782 1813 Qui
795 1781 867 1807 enim
879 1781 1013 1814 ejusmodi

233 1829 277 1857 ins
292 1832 416 1854 rumento
432 1828 465 1853 ad
491 1835 520 1854 se
535 1826 735 1853 defendendum
759 1834 826 1853 usus
841 1830 893 1857 cst,
910 1827 951 1853 vel
967 1826 1013 1860 qui

233 1881 287 1900 nou
304 1880 385 1907 parce
408 1872 490 1898 ictum
514 1871 620 1902 inﬂixit,
645 1871 729 1904 liquet
749 1878 810 1897 eum
834 1870 894 1896 ideo
911 1870 1014 1896 homini

233 1926 287 1945 non
303 1917 469 1952 pepercisse,
485 1917 556 1950 quod
578 1916 617 1942 ira
638 1916 726 1942 victus
744 1916 835 1941 fuerit.
859 1914 903 1942 Sic
925 1919 952 1941 et
968 1915 1013 1949 qui

233 1963 306 1997 gravi
327 1963 408 1997 ligno,
431 1966 458 1988 et
473 1961 518 1995 qui
537 1960 624 1994 lapide
646 1960 765 1992 majore,
781 1966 861 1993 quam
879 1966 928 1992 pro
949 1958 1014 1984 viri-

233 2008 285 2037 Lus
296 2008 432 2038 humanis,
446 2015 512 2033 usus
529 2009 581 2036 est,
594 2006 620 2032 in
637 2005 827 2032 involuntariis
842 2007 1013 2035 numeratur,

234 2057 265 2081 υι
288 2054 333 2088 qui
355 2052 427 2078 aliud
447 2051 574 2082 voluerit,
599 2050 672 2076 aliud
687 2050 791 2077 fecerit.
810 2048 875 2075 Nam
897 2057 952 2082 pra:
974 2048 1015 2074 ira

234 2099 318 2125 ictum
338 2098 417 2123 talem
435 2097 536 2127 intulit,
554 2100 582 2122 ut
597 2096 679 2122 etiam
698 2101 860 2128 percussum
878 2093 1015 2120 interfice-

234 2148 291 2176 ret;
311 2150 474 2177 quarnquarn
492 2141 561 2167 forte
575 2141 602 2167 in
619 2140 709 2166 animo
732 2139 847 2165 habebat
866 2146 927 2165 eum
950 2146 1015 2165 con-

234 2193 332 2218 terere,
355 2195 409 2214 non
427 2191 517 2213 autent
533 2185 644 2211 omnino
668 2184 834 2210 interimere.
852 2183 903 2216 Qui
924 2187 1014 2210 autent

233 2241 297 2260 ense
315 2233 357 2259 vel
375 2233 472 2268 quavis
496 2238 525 2257 re
545 2229 628 2256 simili
653 2236 720 2255 usus
737 2232 789 2259 est,
812 2229 912 2254 nullam
935 2228 1015 2255 habet

233 2278 435 2307 excusationem
449 2286 456 2303 :
472 2279 499 2302 et
523 2275 651 2304 maxime,
673 2274 720 2308 qui
740 2274 858 2300 securim
877 2273 1014 2307 iaculatus

233 2328 286 2351 est.
304 2322 476 2349 Manifestum
497 2323 539 2347 cst
556 2319 627 2346 enim
644 2319 718 2344 illum
735 2326 816 2345 manu
835 2326 888 2344 non
904 2326 1015 2352 percus-

233 2369 315 2399 sisse,
335 2369 370 2394 ita
386 2371 415 2393 ut
433 2367 517 2392 ictum
538 2365 571 2390 ad
593 2364 734 2390 arbitrium
753 2364 886 2390 moderari
902 2368 1012 2397 posset:

191 2402 196 2406 '
234 2413 281 2442 scd
296 2413 434 2446 iaculatus
451 2414 502 2440 est,
527 2410 563 2435 ita
589 2413 618 2434 ut
637 2412 663 2434 et
681 2408 811 2442 gravitate
827 2407 890 2434 ferri
908 2411 934 2434 et
957 2407 1014 2433 acie

233 2462 261 2485 et
275 2461 349 2484 motu
361 2464 376 2482 e
389 2456 546 2489 longinquo,
556 2454 626 2480 ictus
639 2453 793 2479 uccessario
809 2453 915 2479 lethalis
928 2453 1011 2478 lierct.
1031 2469 1050 2494 Β

236 2504 341 2529 Rursus
361 2504 450 2527 autem
469 2500 580 2526 OlnllllIO
593 2502 634 2526 est
651 2498 844 2528 voluntarium,
862 2504 893 2522 ac
911 2497 1012 2522 nullam

234 2547 339 2574 habens
359 2545 566 2575 dubitationem,
582 2543 653 2578 quod
672 2543 701 2569 Iit
724 2551 738 2568 a
756 2543 918 2572 latronibus,
944 2545 969 2567 et
986 2541 1012 2567 in

236 2591 341 2619 bellicis
365 2590 578 2617 incursionibus.
606 2588 637 2616 Ili
659 2588 731 2615 enim
754 2592 864 2622 propter
883 2588 1013 2621 pecunias

239 2641 409 2673 interimunt,
433 2643 560 2667 caventes
584 2646 618 2666 ne
638 2638 835 2666 convincantur
851 2647 856 2665 :
873 2643 900 2666 et
921 2640 968 2674 qui
990 2641 1017 2668 in

241 2686 318 2714 bcllis
338 2685 370 2712 ad
385 2684 485 2711 cazdcm
499 2683 633 2713 feruntur,
655 2681 697 2708 his
718 2688 767 2707 nec
781 2684 894 2713 terrere,
910 2689 958 2709 nec
972 2689 1016 2709 ca.

241 2731 352 2765 stigare.
371 2729 416 2756 scd
432 2727 605 2755 adversarios
621 2725 775 2752 interﬁcere
793 2729 884 2758 aperte
897 2727 1018 2760 proposi.

241 2780 296 2801 ltttn
317 2779 367 2801 cst.
381 2774 467 2807 Atque
486 2771 591 2798 etiamsi
605 2770 666 2804 quis
681 2774 788 2804 propter
803 2770 921 2804 aliquam
936 2771 1016 2797 aliam

240 2827 350 2845 causam
373 2818 510 2843 curiosum
531 2816 704 2849 pharmacurn
723 2814 874 2847 miscuerit,
890 2819 916 2842 et
933 2816 1018 2843 inter-

1065 1202 1176 1228 τίσαντα
1270 1201 1342 1227 λίθον
1367 1201 1412 1226 ἐπὶ
1433 1201 1500 1226 κὺνα
1526 1201 1542 1235 ἦ
1566 1201 1683 1235 δένδρον,
1705 1199 1853 1234 ἀνθρώπω

1065 1247 1164 1280 τυχεῖν.
1180 1245 1210 1271 'H
1233 1246 1281 1280 μὲν
1304 1245 1356 1279 γὰρ
1377 1245 1448 1279 ὁρμὴ
1470 1242 1503 1278 ἦν
1524 1244 1554 1269 τὸ
1573 1244 1665 1279 θηρίον
1686 1244 1855 1278 ἀμύνασθαι,

1066 1289 1081 1325 ἢ
1102 1291 1146 1315 τὸν
1165 1290 1268 1324 καρπον
1287 1290 1454 1315 κατασείεται⁸
1477 1288 1564 1322 ὑπέϐη
1584 1287 1611 1314 δὲ
1634 1288 1795 1322 αὐτομάτως
1821 1289 1854 1323 τῇ

1066 1335 1154 1370 πληγῇ
1170 1336 1239 1361 κατά
1255 1335 1369 1369 πάροδον
1385 1336 1398 1361 ὁ
1411 1334 1586 1370 παραπεσὼν·
1601 1334 1670 1360 ὥστε
1685 1335 1714 1360 τὺ
1732 1334 1856 1360 τοιοῦτον

1065 1381 1200 1407 ἀκούσιον.
1229 1381 1366 1406 Ἀκούσιον
1391 1381 1481 1415 μέντοι
1509 1381 1555 1407 καὶ
1578 1381 1605 1406 εἴ
1625 1387 1666 1411 τις
1691 1380 1856 1414 βουλόμενος

1065 1426 1225 1461 ἐπιστρέψαι
1236 1427 1306 1458 τινὰ,
1325 1427 1416 1461 ἱμάντι
1430 1427 1446 1461 ἢ
1464 1427 1553 1461 ῥάϐδῳ
1570 1426 1605 1461 μὴ
1620 1426 1724 1460 σκληρᾷ
1739 1426 1854 1456 τύπτοι.

1065 1471 1188 1506 ἀποθάνῃ
1204 1471 1231 1497 δὲ
1245 1472 1258 1497 6
1275 1472 1450 1506 τυπτόμενος.
1468 1472 1499 1498 Ἠ
1518 1472 1572 1507 γὰρ
1593 1471 1720 1506 πρόθεσις
1735 1471 1857 1498 ἐνταῦθα

1067 1517 1215 1545 σκοπεῖται.
1231 1516 1271 1542 ὅτι
1287 1516 1428 1551 βελτιῶσαι
1445 1517 1573 1551 ἠϐούλετο
1586 1517 1630 1543 τὸν
1649 1516 1856 1552 ἁμαρτάνοντα,

1065 1562 1114 1587 οὐκ
1131 1562 1243 1588 ἀνελεῖν.
1261 1563 1303 1588 Ἐν
1317 1564 1372 1593 τοῖς
1385 1563 1520 1593 ἀκουσίως
1533 1562 1591 1588 ἐστὶ
1607 1563 1715 1588 κάκεῖνο
1740 1578 1748 1591 .
1814 1562 1854 1593 τὸ,

1065 1607 1231 1641 ἀμυνόμενόν
1243 1616 1302 1633 τινα
1319 1608 1348 1634 ὲν
1367 1608 1439 1642 μάχῃ
1457 1607 1554 1642 ξύλῳῆ
1573 1607 1658 1643 χειρὶ,
1675 1606 1792 1640 ἀςειδῶς
1808 1608 1857 1634 ἐπὶ

1064 1651 1097 1676 τὰ
1110 1651 1204 1685 καίρια
1214 1652 1263 1686 τὴν
1277 1651 1382 1687 πληγὴν
1396 1652 1527 1684 ἐνεγκεῖν,
1543 1650 1612 1676 ὥστε
1624 1651 1746 1677 κακῶσαι
1760 1651 1856 1682 αὑτὸν,

1064 1696 1112 1730 οὐχ
1123 1696 1192 1722 ὥστε
1205 1697 1342 1729 παντελῶς
1358 1696 1471 1723 ἀνελεῖν.
1484 1696 1564 1722 ’Λλλά
1579 1696 1656 1722 τοῦτο
1670 1695 1719 1730 ήδη
1738 1703 1857 1730 προσεγι

1064 1741 1134 1774 γίζει
1154 1741 1193 1776 τῷ
1212 1742 1336 1777 ἑκουσίῳ.
1361 1742 1389 1768 '0
1409 1742 1462 1776 γὰρ
1481 1741 1600 1776 τοσούτῳ
1617 1741 1790 1776 χρησάμενος
1809 1741 1857 1776 ὀρ·

1063 1785 1137 1819 γάνῳ
1153 1785 1219 1820 πρὸς
1232 1786 1347 1820 ἄμυναν.
1361 1785 1377 1820 ἢ
1394 1786 1408 1811 6
1421 1785 1458 1819 μὴ
1475 1785 1663 1819 πεφεισμένως
1678 1784 1727 1818 τὴν
1745 1784 1855 1818 πληγὴν

1064 1830 1221 1864 ἐπαγαγὼν,
1242 1831 1320 1864 δῆλός
1339 1831 1406 1862 ἐστι,
1426 1829 1469 1856 διὰ
1484 1830 1514 1855 τὸ
1536 1828 1721 1864 κεκρατῆσθαι
1739 1829 1792 1855 ὑπὸ
1807 1829 1854 1855 τοῦ

1065 1875 1174 1906 πάθους,
1190 1875 1305 1908 ἀφειδῶν
1316 1875 1362 1900 τοῦ
1377 1873 1529 1909 ἀνθρώπου.
1552 1874 1668 1909 Ὀμοίως
1685 1874 1733 1900 καὶ
1749 1874 1764 1900 ὁ
1782 1873 1854 1908 ξύλῳ

1065 1919 1150 1954 βαρεῖ,
1167 1920 1212 1945 καὶ
1226 1921 1239 1945 6
1256 1919 1322 1954 λίθῳ
1344 1919 1445 1954 μείζονι
1460 1919 1508 1952 τῆς
1522 1919 1661 1953 δυνάμεως
1676 1919 1725 1952 τῆς
1746 1919 1854 1954 ἀνθρω-

1065 1964 1143 1998 πίνης
1158 1965 1337 1999 χρησάμενος,
1353 1965 1408 1994 τοῖς
1426 1964 1561 1994 ἀκουσίοις
1574 1963 1760 1999 ἐναριομεῑται
1770 1985 1778 1994 ,
1789 1964 1854 1990 ἄλλο

1066 2009 1113 2043 μέν
1130 2017 1155 2035 τι
1251 2009 1439 2044 προελόμενος,
1463 2009 1525 2035 ἄλλο
1543 2008 1571 2034 δέ
1587 2017 1612 2034 τι
1636 2009 1761 2043 ποιήσας.
1786 2008 1853 2035 Ύπδ

1063 2053 1117 2088 γὰρ
1132 2052 1178 2080 τοῦ
1200 2054 1284 2088 θυμοῦ
1306 2053 1430 2088 τοιαύτην
1453 2054 1551 2088 ἤνεγκε
1575 2053 1623 2088 τὴν
1645 2053 1762 2088 πληγὴν,
1780 2053 1852 2080 ὥστε

1064 2099 1166 2124 ἀνελεῖν
1189 2099 1233 2125 τὸν
1261 2099 1406 2134 πληγέντα·
1429 2099 1516 2125 καίτοι
1546 2099 1562 2133 ή
1589 2098 1690 2133 σπουδὴ
1714 2096 1748 2132 ἦν
1776 2098 1851 2132 αὐτῷ

1064 2143 1205 2177 συντρίψαι
1215 2143 1304 2177 τυχὸν,
1316 2143 1375 2176 οὐχὶ
1386 2143 1413 2168 δὲ
1427 2143 1474 2168 καὶ
1488 2142 1625 2173 παντελῶς
1639 2143 1807 2169 θανατῶσαι.
1823 2143 1850 2167 ‘U

1065 2188 1155 2221 μέντοι
1173 2188 1242 2220 ξίφει
1262 2187 1442 2222 χρησάμενος,
1459 2187 1474 2221 ἢ
1494 2187 1615 2220 ᾡτινιοῦν
1633 2186 1758 2220 τοιούτῳ,
1779 2187 1850 2212 056:-

1065 2232 1128 2267 μίαν
1150 2232 1205 2267 ἔχει
1232 2233 1405 2268 παραίτησιψ
1433 2233 1479 2258 καὶ
1507 2233 1622 2267 μάλιστα
1643 2233 1658 2257 ό
1681 2231 1731 2267 τὴν
1753 2232 1849 2267 ἀξίνην

1063 2277 1215 2308 ἀκοντίσας.
1227 2278 1280 2303 Καὶ
1290 2278 1342 2312 γὰρ
1355 2277 1413 2303 οὐδὲ
1426 2277 1479 2303 ἀπὸ
1492 2276 1582 2311 χειρὸς
1594 2276 1718 2310 φαίνεται
1731 2276 1847 2312 πὶήξας,

1063 2321 1133 2347 ὥστε
1154 2322 1184 2347 τὸ
1205 2321 1300 2356 μέτρον
1321 2322 1371 2354 τῆς
1390 2321 1497 2356 πληγῆς
1520 2321 1562 2346 ἐπ’
1586 2320 1658 2354 αὑτῷ
1681 2317 1767 2352 εἶναι,
1791 2321 1848 2347 ἀλλ’

1063 2367 1211 2400 ὴκόντισεν,
1231 2366 1300 2392 ὥστε
1321 2367 1367 2393 καὶ
1389 2367 1428 2401 τῷ
1449 2367 1524 2401 βάρει
1543 2366 1589 2392 τοῦ
1609 2365 1733 2400 σιδήρου,
1753 2367 1801 2392 καὶ
1815 2367 1846 2401 τῇ

1063 2412 1149 2446 ἀκμῇ,
1176 2411 1222 2437 καὶ
1244 2413 1277 2446 τῇ
1299 2411 1343 2438 διὰ
1365 2411 1491 2436 πλείστου
1513 2411 1592 2445 φορᾷ,
1616 2409 1739 2444 ὀλεθρίαν
1763 2411 1848 2443 ἀναγ-

1065 2457 1148 2487 καίως
1176 2456 1224 2491 τὴν
1256 2456 1360 2490 πληγὴν
1386 2456 1522 2489 γενέσθαι.
1543 2455 1679 2481 Ἐκούσιον
1709 2455 1738 2480 δὲ
1768 2456 1847 2482 πάλιν

1065 2501 1212 2532 παντελῶς,
1229 2502 1274 2527 καὶ
1290 2501 1416 2534 οὐδεμίαν
1436 2500 1597 2535 ἀμφιΰολίαν
1619 2500 1689 2534 ἕχον,
1711 2497 1768 2526 οἷον
1791 2501 1847 2525 ἐστι

1063 2545 1093 2571 τὸ
1105 2545 1158 2571 τῶν
1172 2545 1275 2580 λῃστῶν
1291 2545 1336 2571 καὶ
1349 2545 1378 2571 τὸ
1398 2544 1451 2570 τῶν
1465 2543 1617 2579 πολεμικῶν
1633 2544 1747 2577 ἐφόδων.
1767 2542 1846 2570 Οὗτοι

1065 2589 1113 2623 μὲν
1133 2589 1185 2624 γὰρ
1202 2588 1244 2614 διὰ
1265 2589 1391 2623 χρήματα
1413 2587 1567 2623 ἀναιροῦσι,
1585 2588 1630 2613 τὸν
1648 2587 1761 2622 ἔλεγχον
1781 2589 1846 2615 ἀπο-

1067 2635 1221 2671 φεύγοντες·
1236 2634 1261 2660 οῐ
1275 2643 1304 2660 τε
1319 2634 1347 2659 ὲν
1363 2634 1418 2664 τοῖς
1438 2632 1564 2667 πολέμοις
1580 2631 1625 2657 ἐπὶ
1643 2630 1739 2664 φόνους
1757 2630 1847 2664 ἐρχονα

1067 2689 1121 2710 ται.
1143 2679 1202 2705 οὔτε
1227 2678 1355 2713 φοϐῆσαι,
1380 2676 1442 2703 οὔτε
1467 2675 1640 2710 σωφρονίσαι,
1665 2673 1722 2699 ἀλλ’
1745 2673 1848 2699 ἀνελεῖν

1066 2734 1128 2756 τους
1144 2724 1360 2758 ἐναντιουμένους
1453 2722 1484 2747 ἐκ
1505 2720 1550 2746 τοῦ
1566 2718 1680 2753 φανεροῦ
1701 2717 1847 2752 προαιρού-

1069 2778 1152 2804 μενοι.
1172 2769 1225 2795 Καὶ
1241 2769 1340 2803 μέντοι,
1356 2767 1407 2794 κᾶν
1421 2767 1454 2793 δι’
1470 2766 1552 2801 ἄλλην
1563 2764 1622 2790 τινὰ
1636 2764 1724 2790 αἰτίαν
1737 2764 1847 2798 περίερ-

1066 2822 1113 2847 γον
1141 2813 1284 2848 φάρμακον
1311 2821 1352 2844 τις
1374 2813 1521 2847 ἐγκεράσῃ.
1553 2811 1633 2845 ἀνέλῃ
1657 2810 1695 2841 δὲ,
1727 2809 1847 2835 ἑκούσιον
