1914 3077
55 146 106 178 62)

559 147 600 179 IN
616 148 734 180 EPIST.
748 149 778 179 S.
800 147 940 179 BASILH
961 148 1182 180 CANONICAM
1202 150 1226 181 I.

1635 150 1695 180 στιν

54 202 136 233 θείοις
154 201 263 237 ὕμνοις,
285 203 354 230 ἀλλὰ
371 204 476 238 ἀργεῖν.
499 203 546 231 Ἐκ
563 206 667 232 τούτων
692 205 738 232 καὶ
750 206 842 242 ἡμεῖς,

904 214 1020 242 quoque,
1037 207 1136 242 inquit,
1160 215 1218 242 quae
1240 207 1271 234 ad
1283 206 1424 242 Cyriacum
1455 205 1601 241 pertinent,
1633 205 1687 230 dis-

52 249 147 282 φησὶν,
164 249 371 284 οἰκονομοῦντες
395 251 429 276 τὰ
446 251 517 278 κατὰ
545 252 591 278 τὸν
622 253 773 287 κυριακὸν,
801 253 847 279 καὶ

53 295 220 330 ἐπιστρέψαι
235 295 315 322 αὐτὸν
334 297 373 327 εἷς
391 296 441 331 τὴν
467 298 628 333 ἐκκλησίαν,
679 299 787 333 ὣμοσεν
801 301 847 334 ἐγ-

54 342 214 376 καρτερεῖν,
231 342 440 376 ὲπιτρέποντες,
453 344 482 369 οὗ
499 344 614 378 δόξομεν
643 345 718 380 παρὰ
731 347 847 377 κανόνας

56 389 155 417 ποιεῖν.
168 387 230 414 οὐδὲ
250 389 355 420 ἐκεῖνος
375 390 558 423 παραϐαίνειν
570 391 616 418 τὸν
628 392 710 427 ὅρκον
727 394 846 428 κριθείη.

61 432 296 468 Ἐπανερχόμενος
311 435 365 470 γὰρ
394 435 468 462 δοκεῖ
501 437 651 472 φυλάσσειν
679 439 725 465 τὸν
754 439 847 474 ὅρκον,

52 479 94 505 ὅτι
109 479 173 505 οὐδὲ
188 480 350 514 πρόσκειται
365 481 404 516 τῷ
420 481 508 517 ὅρκῳ,
526 483 586 510 οὐδὲ
604 483 671 518 πρὸς
689 484 776 520 βραχῦ
785 485 849 512 ἀνα-

55 525 195 559 χωρήσειν
210 526 257 551 τοῦ
278 526 363 560 ἀγροῦ
381 527 435 553 τῶν
449 527 600 556 Μινδάνων.
620 529 691 562 Ὅρα
716 529 763 556 οὖν
790 530 848 562 πῶς

55 571 86 596 ἑκ
100 571 151 603 τῆς
164 571 220 597 τῶν
239 573 370 606 ῥημάτων
379 573 531 605 ἐξετάσεως
552 575 599 600 καὶ
611 576 848 611 κατασκοπήσεως

56 616 209 651 ἔθήρευσεν
225 619 238 645 ό
262 619 339 652 ἅγιος
363 620 436 652 νοῦν,
460 621 532 647 ὥστε
549 621 585 656 μὴ
602 621 690 648 δοκεῖν
707 623 848 656 ἐπιορκεῖν

55 661 101 686 τὸν
116 661 268 695 ὀμόσαντα.
286 663 381 691 Ταῦτα
397 666 446 700 μὲν
457 663 504 692 οὖν
531 665 596 700 περ)¹
612 666 669 693 ,τοῦ
695 667 848 703 Κυριακοῢ.

60 707 91 734 'U
105 706 134 733 δὲ
146 708 278 742 Σεῦῆρος,
294 710 466 744 αἰτιώμενος,
483 713 523 738 ὅτι
544 712 583 744 είς
609 713 696 748 ἀγρὸν
719 713 848 750 ἀλλοτρία

58 752 243 780 ὑποτελοῦντα
258 754 350 791 ὲνορίᾳ
365 756 580 792 ἐχειροτόνησεν,
592 758 669 792 ἔλεγε
684 759 754 786 κατὰ
762 759 849 794 λήθην

56 798 137 824 τοῦτο
150 799 278 832 τοιῆσαι,
294 801 431 835 ἀγνοήσας
447 802 534 844 ξτέρῳ
550 804 596 830 τὸν
614 804 702 838 ὰγρὺν
735 805 847 831 ὑποκεῖ-

59 843 133 870 σθαι.
159 843 237 870 Ἐπεὶ
252 844 308 877 οὖν,
326 847 403 881 φησὶ,
423 848 472 882 τὴν
492 847 577 883 λήθην
592 850 785 884 προϐάλλεται,
811 851 851 878 δςῖ

57 890 140 916 αὑτὸν
158 891 374 926 συγχωρηθῆναι
388 894 433 919 καὶ
450 894 489 925 εἰς
505 894 554 928 τὴν
579 895 670 928 κρίσιν
696 897 849 932 ἀναρτῆσαι

58 936 142 962 αὐτὸν
159 936 208 962 τοῦ
225 937 304 964 Θεοῦ.
321 938 384 965 ’Ὁτι
401 939 455 974 γὰρ
465 942 514 966 οὐκ
526 941 609 975 ἐσμὲν
622 942 849 976 καρδιογνῶσται,

56 981 116 1007 ἀλλ’
130 981 170 1013 ὡς
185 982 332 1018 ἀκούομεν,
354 985 495 1019 κρίνομεν,
522 986 612 1021 δῶμεν
637 988 686 1023 τὴν
709 988 851 1023 ἐκδίκησιν

55 1027 96 1062 τῷ
116 1027 187 1062 Θεῷ,
208 1031 488 1065 συγγ·,ο›μονήσαντες
517 1032 561 1059 διὰ
586 1033 635 1068 τὴν
659 1033 758 1068 λήθην,
789 1034 851 1070 ἥτις

57 1073 117 1099 ἐστὶ
135 1074 222 1105 πάθος
238 1074 418 1109 ἀνθρώπινον.
441 1077 495 1103 Καὶ
511 1077 545 1104 τὰ
565 1078 615 1112 μὲν
629 1078 677 1105 τοῦ
694 1080 807 1112 κανόνος
820 1081 850 1106 ἐν

55 1119 176 1152 τούτοις.
197 1120 233 1147 Σὺ
249 1121 276 1147 δὲ
288 1122 425 1156 ἀνάγνωθι
439 1123 470 1149 τὸ
496 1122 531 1158 ιη’
545 1132 607 1159 κεφ.
633 1123 680 1151 τοῦ
698 1124 732 1160 ιγ’
760 1126 850 1153 τίτλον

56 1165 105 1191 τοῦ
116 1166 254 1199 παρόντος
272 1169 475 1203 συντάγματος,
499 1170 595 1197 καὶτὰ
627 1171 668 1202 είς
691 1172 741 1204 τήν
764 1172 853 1208 ἑρμη-

54 1211 134 1238 νείαν
149 1212 232 1238 αὐτοῦ
242 1213 385 1248 γραφέντα
401 1214 483 1249 χάριν
497 1215 735 1251 ἀναψηλαφήσεως
750 1217 850 1251 ὅρκων.

58 1259 127 1294 Ἐχι
144 1259 173 1286 δὲ
191 1260 238 1287 ἐπὶ
250 1262 361 1296 μνήμης
378 1262 424 1288 καὶ
438 1261 469 1288 τὺ
484 1261 562 1296 παρὰ
587 1261 633 1288 τοῦ
648 1262 727 1297 ἁγίου
743 1263 851 1299 ὁρισθὲν

54 1306 140 1341 χάριν
152 1306 199 1332 τοῦ
212 1308 437 1342 παρεμπεσῆντος
452 1308 558 1341 φάκτου
574 1308 622 1335 ἐπὶ
636 1310 669 1344 τῇ
694 1311 851 1346 χειροτονίᾳ

54 1351 105 1378 τοῦ
120 1352 276 1388 Κυριακοῦ,
292 1353 340 1380 καὶ
361 1354 394 1389 τῇ
409 1354 543 1390 γενομένῃ
562 1355 638 1389 παρὰ
653 1355 748 1382 τούτου
771 1356 851 1390 δῆθεν

57 1398 201 1433 ἐπιορκία.
219 1399 274 1425 Kal.
289 1400 443 1434 σημείωσαι
460 1400 501 1426 ὅτι
527 1400 574 1428 διὰ
587 1401 682 1428 τούτου
717 1403 851 1437 συγγινώ-

55 1451 184 1477 σκονται,
201 1445 238 1476 ὡς
253 1444 351 1478 ἔοικεν,
369 1445 394 1472 οἱ
410 1447 480 1473 κατὰ
497 1455 573 1478 τ;νας
591 1448 793 1483 πατριαρχικὰς
806 1448 850 1475 ἐκ-

59 1489 180 1524 κλησίας
197 1491 403 1525 ἱερουργοῦντες
428 1492 559 1527 ἐγχώριοι
583 1493 733 1528 ἀρχιερεῖς.
748 1493 781 1520 El
796 1495 851 1530 γὰρ

57 1535 108 1585 μὴ⁸
117 1536 149 1562 τὺ
160 1538 212 1572 τῆς
227 1537 338 1570 ἀγνοίας
359 1538 506 1573 πρόϐλημα
524 1538 658 1574 ἐϐοήθησε
673 1539 711 1574 τῷ
727 1541 851 1576 Σεδήρῳ,
865 1557 886 1585 c

56 1580 201 1618 καθῃρέθη
219 1583 318 1615 ἇν,διὲι
334 1583 363 1609 τὸ
381 1583 446 1618 παρ’
459 1584 567 1619 ὲνορίαν
588 1585 700 1620 ποιῆσαι
728 1595 849 1621 χειροτο-

56 1627 131 1655 νίαν.
148 1628 216 1662 Περὶ
239 1629 266 1655 δὲ
287 1629 383 1665 ἱερέων
393 1630 499 1665 ψευδῶς
518 1632 753 1666 μαρτυρησάντων
767 1633 852 1666 ανάγ-

57 1673 127 1699 νωθι
143 1673 192 1709 τὴν
209 1677 252 1706 ος⁹
269 1675 376 1709 Νεαρὰν
391 1675 437 1701 τοῦ
465 1675 599 1710 βασιλέως
625 1676 709 1712 κυροῦ
737 1677 852 1710 Λέοντος

56 1719 106 1746 τοῦ
120 1720 282 1755 Φιλοσόφου,
299 1722 538 1756 διαλαμϐάνουσαν
562 1724 612 1755 ὡς,
633 1724 657 1749 εί
676 1723 725 1757 μὲν
740 1724 851 1759 ἔνορκον

55 1767 300 1803 ψευδομαρτυρίαν
338 1770 447 1804 ποιήσει
482 1771 495 1796 ὁ
528 1770 628 1806 ἱερεὺς,
667 1770 850 1805 καθαιρεῖται,

53 1814 164 1849 Ὀρκου
187 1815 215 1840 δὲ
250 1815 287 1849 μὴ
321 1815 595 1850 παραζευγνυμὲνου,
627 1816 787 1850 ἀφορίζεται
803 1817 850 1843 ἐπὶ

53 1861 154 1894 τριετῆ
175 1861 270 1895 χρόνον
288 1863 328 1893 εἰς
353 1863 546 1898 μοναστήριον,
559 1863 607 1890 καὶ
629 1862 716 1894 οὕτως
730 1864 771 1894 είς
800 1863 849 1899 τὴν

54 1906 128 1932 ἰδίαν
144 1906 222 1938 τάξιν
235 1907 464 1935 ἀποκαθίσταται.

92 1952 309 1993 ΖΩΝΛΡ.Ἰίνὲς
323 1954 362 1985 si;
384 1953 414 1980 τὸ
438 1955 660 1990 χειροτονηθῆναι
686 1956 850 1992 καλούμενοι

55 1996 215 2031 ὲξὼμνυντο
231 1997 268 2033 μὴ
297 1998 494 2032 καταδέξασθαι
521 2000 572 2036 τὴν
587 2001 766 2035 χειροτονίαν.
781 2002 851 2032 Τοὺς

54 2042 104 2069 οὖν
118 2043 259 2075 τοιούτους
287 2043 361 2078 λέγει
380 2044 394 2071 ὁ
406 2045 495 2072 κανὼν
513 2046 551 2080 μὴ
567 2046 624 2073 δεῖν
645 2047 850 2080 ἀναγκάζεσθαι

55 2090 210 2124 ἐπιορκεῖν.
225 2089 374 2127 Κᾶνδοκῇ.
392 2092 484 2127 φησιν,
500 2092 603 2124 ὲξεῖναι
615 2094 671 2125 τοῖς
683 2094 730 2128 ἀφ’
745 2094 849 2121 ἑαυτῶν

54 2136 202 2170 ὀμόσασιν,
231 2137 247 2172 ἢ
273 2136 373 2172 δεσμόν
383 2146 443 2164 τινα
475 2139 581 2170 ἑαυτοῖς
597 2137 851 2173 ὲπιϐαλοῦσιν,οἷον

58 2183 96 2217 μὴ
112 2183 213 2217 φαγεῖν
227 2183 323 2218 κρέας,
337 2184 353 2219 ἦ
368 2184 406 2220 μὴ
420 2185 492 2211 πιεῖν
507 2182 591 2216 οἶνον,
606 2185 623 2220 ἢ
639 2185 676 2220 μὴ
685 2186 745 2212 τόδε
760 2187 776 2222 ἢ
791 2186 850 2213 τόδε

899 258 1056 286 pensantes,
1069 258 1094 280 et
1111 254 1300 288 permittentes
1326 257 1352 280 ut
1372 253 1463 279 redeat
1482 252 1514 278 ad
1529 251 1690 280 ecclesiam,

899 299 925 325 iu
940 306 992 333 qua
1007 306 1036 326 se
1052 306 1229 333 perseverare
1255 299 1367 333 juravit,
1394 305 1445 325 non
1463 297 1617 324 videbimur
1644 297 1686 323 fa-

899 352 961 372 cere
970 350 1067 379 praeter
1078 353 1206 377 canones,
1218 353 1267 372 nec
1282 344 1520 379 illejusjurandum
1534 343 1694 378 transgredi-

899 391 1034 419 videbitur
1053 399 1060 419 :
1081 397 1220 419 revertens
1244 391 1315 418 cnim
1330 391 1437 418 videtur
1463 398 1572 418 servare
1596 390 1686 424 jusju-

900 435 1029 470 randum,
1052 437 1115 470 quia
1136 436 1313 471 jurijuraudo
1336 436 1473 471 adjectum
1500 444 1552 462 non
1577 440 1627 466 est,
1658 443 1687 462 sc

900 489 953 509 non
972 483 1005 509 ad
1030 483 1112 510 breve
1132 488 1237 518 tempus
1265 490 1442 510 excessurum
1469 490 1502 510 ex
1528 490 1592 517 agro
1618 482 1687 509 illin-

900 528 1042 555 dauorum.
1060 528 1114 564 67
1127 527 1193 555 Vide
1219 535 1282 562 ergo
1309 529 1446 562 quomodo
1475 535 1507 553 ex
1545 527 1686 553 verborum

900 574 1099 601 examinatione
1121 578 1148 601 et
1158 574 1378 602 consideratione
1392 578 1502 601 sanctus
1521 573 1687 600 sententiam

902 624 1023 651 venatur,
1042 620 1294 654 utisqnijuravit,
1322 628 1374 647 non
1402 621 1524 647 videatur
1554 619 1687 654 pejernre.

902 665 963 692 Haec
975 673 1039 700 ergo
1060 666 1092 693 de
1124 666 1249 701 Cyriucu.
1274 666 1390 694 Severus
1421 671 1511 694 autem
1535 671 1688 696 accusatus,

902 711 974 745 quod
994 712 1020 738 in
1040 719 1145 746 agrum,
1161 712 1205 746 qui
1222 717 1279 739 erat
1291 711 1337 738 alii
1362 712 1465 747 regioni
1484 711 1632 746 subjectus,
1645 719 1690 738 or-

902 759 1031 790 dinasset,
1049 758 1155 785 dicebat
1170 766 1199 785 se
1216 759 1267 785 hoc
1279 757 1418 785 oblivione
1440 758 1547 788 fecisse.
1565 758 1690 785 nescien-

903 810 955 830 tem
971 812 1063 838 agrum
1092 804 1136 831 alii
1167 812 1227 831 esse
1255 805 1419 839 subjectum.
1450 804 1583 837 Quoniam
1612 811 1690 839 ergo,

904 850 1000 884 inquit,
1030 850 1062 876 ad
1089 850 1129 877 sui
1158 850 1343 878 defensionem
1370 850 1550 886 ignorantiam
1580 849 1689 883 allegat,

902 899 1009 929 oportet
1027 896 1051 922 ei
1066 895 1179 930 ignosci,
1198 903 1314 930 eumque
1329 896 1376 923 Dei
1394 896 1496 931 judicio
1513 895 1666 930 relinquere
1680 905 1686 921 :

903 948 962 967 cum
981 940 1051 967 enim
1069 941 1190 967 cordiqu
1216 942 1372 976 cognitores
1390 949 1443 968 nou
1467 949 1572 972 smnus,
1597 940 1644 967 sed
1662 945 1691 965 ut

903 987 1038 1020 audimus,
1051 987 1215 1022 judicamus,
1230 988 1323 1015 demus
1339 987 1393 1015 Deo
1409 987 1568 1020 vindictam,
1590 986 1690 1013 condo-

904 1038 999 1060 nantes
1014 1038 1123 1067 propter
1145 1033 1328 1065 oblivionem,
1345 1041 1405 1067 quae
1420 1038 1463 1060 est
1488 1033 1634 1059 humanum
1650 1032 1691 1058 vi-

905 1079 982 1106 lium.
1001 1080 1034 1106 Et
1054 1087 1142 1106 canon
1160 1079 1268 1114 quidem
1287 1080 1312 1106 iu
1330 1079 1373 1107 his
1389 1079 1523 1107 consistit.
1541 1078 1582 1105 T..u
1602 1082 1689 1104 autem

903 1124 962 1160 lege
988 1132 1048 1159 cap.
1066 1125 1098 1152 18
1114 1145 1119 1156 ,
1135 1132 1196 1159 cap.
1212 1125 1246 1152 l5
1275 1125 1314 1151 tit.
1334 1125 1367 1152 l3
1381 1125 1522 1160 prasentis
1542 1124 1650 1158 operis,
1664 1129 1692 1150 et

904 1179 963 1205 qua:
979 1171 1004 1198 in
1021 1171 1078 1206 ejus
1105 1172 1327 1206 interpretatione
1339 1171 1438 1206 scripta
1458 1177 1519 1198 sunt
1535 1171 1567 1197 de
1591 1174 1690 1197 tracta-

903 1217 977 1244 tione
990 1216 1220 1251 juramentorum.
1238 1216 1279 1243 Tu
1297 1220 1387 1244 autem
1407 1217 1478 1244 habe
1505 1216 1531 1242 in
1558 1215 1691 1242 memoria

903 1262 929 1289 id
944 1269 1061 1297 quoque,
1079 1262 1182 1297 quoda
1209 1267 1305 1289 sancto
1334 1262 1464 1296 scriptum
1491 1266 1533 1288 est
1559 1261 1593 1288 de
1619 1260 1691 1287 facto

903 1309 975 1342 quod
991 1308 1087 1335 incidit
1101 1309 1129 1335 in
1146 1309 1317 1336 ordinatione
1333 1308 1452 1344 Cyriaci,
1469 1313 1497 1335 et
1526 1309 1558 1335 de
1572 1307 1693 1343 perjurio

902 1354 974 1388 quod
988 1353 1023 1381 ab
1033 1361 1066 1382 eo
1075 1354 1250 1382 commissum
1259 1360 1300 1382 est
1318 1364 1324 1381 :
1340 1360 1366 1381 et
1380 1359 1442 1381 nota
1454 1354 1525 1388 quod
1536 1358 1689 1388 propterea,

904 1403 933 1427 ut
947 1404 989 1427 est
1013 1400 1169 1433 verisimile,
1197 1400 1347 1435 ignoscitur
1362 1400 1480 1434 regionis
1510 1400 1691 1430 antistitibus.

903 1446 948 1480 qui
967 1446 994 1473 iu
1025 1447 1187 1480 quibusdam
1214 1447 1439 1481 patriarchalibus
1468 1446 1591 1474 ecclesiis
1614 1454 1693 1473 sacra

904 1491 1052 1519 celebrant.
1066 1491 1122 1519 Nisi
1145 1493 1218 1520 enim
1242 1493 1400 1528 ignorantiae
1416 1496 1562 1526 przrtextus
1589 1491 1695 1519 Severo

904 1538 1035 1565 auxilium
1052 1538 1169 1571 tulisset,
1189 1539 1330 1574 depositus
1347 1544 1429 1571 esset,
1444 1539 1515 1572 quod
1529 1539 1599 1566 ultra
1613 1546 1691 1565 suam

906 1584 1047 1611 dioecesim
1076 1585 1275 1613 ordinationem
1303 1585 1424 1613 fecisset.
1450 1584 1488 1612 De
1507 1584 1693 1612 sacerdotibus

906 1629 1081 1658 autemfalso
1107 1631 1267 1662 testiﬁcatis,
1302 1631 1360 1664 lege
1395 1630 1567 1664 imperatoris
1591 1629 1692 1656 domini

906 1673 1003 1702 Leonis
1020 1674 1156 1709 Sapientis
1182 1676 1314 1702 novellam
1331 1675 1374 1708 76,
1391 1683 1452 1710 quae
1478 1676 1610 1705 continet,
1621 1674 1694 1708 quod

906 1722 928 1748 si
957 1721 1086 1748 sacerdos
1117 1721 1213 1749 falsum
1240 1721 1425 1749 testimonium
1451 1721 1556 1755 juratns
1584 1721 1710 1749 dixerit»

906 1768 1057 1802 deponitur.
1076 1768 1151 1801 Quod
1166 1769 1187 1794 si
1202 1769 1393 1803 jusjurandum
1411 1775 1464 1795 non
1481 1768 1641 1798 accesserit,
1666 1768 1694 1796 in

907 1815 1102 1841 monasterium
1119 1815 1152 1841 ad
1177 1815 1322 1841 triennium
1348 1819 1500 1851 separetur,
1531 1818 1558 1841 et
1575 1815 1614 1841 sic
1640 1814 1694 1850 pri-

906 1861 977 1889 stino
991 1861 1078 1888 ordini
1095 1862 1263 1890 restituatur.

941 1951 1066 1980 ZONAR.
1083 1952 1197 1987 Quidam
1210 1953 1297 1980 vocati
1310 1958 1338 1980 ut
1350 1953 1552 1985 ordinarentur,
1566 1952 1694 1986 jurarunt

906 2007 936 2027 se
955 1999 1153 2027 ordinationem
1181 2008 1234 2027 non
1264 2000 1440 2028 admissuros.
1467 1999 1604 2034 Ejusmodi
1630 2005 1693 2032 ergo

906 2045 1041 2077 homines,
1058 2045 1096 2072 ait
1109 2052 1207 2077 canon,
1224 2053 1276 2073 non
1291 2052 1353 2073 esse
1369 2046 1401 2073 ad
1419 2045 1566 2080 perjurium
1584 2044 1696 2078 adigen—

905 2091 963 2118 dos.
986 2091 1100 2119 Etiamsi
1125 2092 1267 2126 videatur,
1285 2093 1382 2126 inquit,
1401 2092 1482 2118 licere
1509 2091 1552 2122 iis,
1574 2091 1619 2125 qui
1643 2097 1693 2116 sua

905 2142 1002 2172 sponte
1023 2137 1160 2173 jurarunt,
1184 2143 1232 2165 aut
1247 2139 1355 2172 aliquod
1373 2137 1508 2165 vinculum
1524 2137 1574 2164 sibi
1595 2137 1695 2171 injece—

905 2188 986 2216 runt;
1007 2185 1079 2211 velut
1096 2183 1231 2211 abstinere
1251 2192 1265 2211 a
1284 2184 1428 2217 carnibus,
1449 2188 1495 2210 aut
1516 2191 1530 2210 a
1556 2183 1627 2216 vino,
1648 2187 1695 2209 aut

56 2230 184 2262 ποιῆσαι,
203 2227 279 2254 λύειν
314 2229 397 2255 πάλιν
425 2229 474 2264 ἀφ’
498 2229 605 2256 ἑαυτῶν
620 2230 666 2256 τὸν
677 2231 786 2266 δεσμὸν.
804 2232 849 2258 καὶ

906 2230 957 2256 hoc
970 2229 1013 2257 vel
1032 2229 1095 2256 illml
1111 2230 1254 2263 omittere;
1270 2230 1408 2257 vinculum
1423 2229 1487 2257 illud
1505 2237 1612 2256 rursum
1627 2237 1692 2263 pro-

55 2273 105 2300 τοῦ
121 2275 209 2308 ὅρκου
233 2273 422 2307 ἀφίστασθαιι
450 2273 515 2301 ἀλλ’
543 2276 575 2301 ἐκ
599 2275 699 2310 πείρας
713 2276 851 2311 ἐμάθομεν

55 2319 96 2344 ὅτι
111 2319 137 2344 οἱ
149 2318 389 2353 παρορκήσαντες,
422 2319 505 2354 ἤγουν
520 2319 545 2345 οί
570 2319 645 2354 παρὰ
668 2320 733 2351 τοὺς
753 2320 850 2354 ὅρκους

56 2366 238 2399 ποιήσαντες,
264 2365 315 2391 οὐκ
334 2364 517 2398 εὖδοκοῢνται,
537 2365 599 2391 ἀντὶ
612 2365 672 2398 τοῦ,
694 2366 724 2392 οὑ
743 2365 851 2400 θελητοὶ

53 2411 94 2445 τῷ
104 2409 167 2446 Θεῷ
180 2411 260 2441 εἰσιν,
273 2410 289 2445 ἢ
305 2410 355 2437 οὐκ
365 2411 506 2445 εὐδόκιμοι
525 2411 611 2447 αὐτῷ,
630 2412 660 2437 οὑ
675 2412 697 2437 δ’
708 2412 851 2447 εὐάρεστοι

55 2457 211 2492 κρίνονται.
227 2458 274 2482 Δεῖ
291 2457 329 2488 δὲ,
344 2459 439 2492 φησὶν,
453 2457 499 2484 ἐπὶ
525 2457 581 2484 τῶν
603 2457 731 2484 τοιούτων
749 2458 796 2484 καὶ
821 2459 851 2484 τὸ

55 2502 128 2536 εἶδος
145 2503 195 2530 τοῦ
213 2503 296 2538 ὅρκου
314 2506 442 2530 σκοπεῖν·
458 2504 559 2537 εἴτουν,
584 2506 608 2531 εἰ
622 2506 689 2531 θεὸν
709 2506 851 2540 ὠνόμασεν

55 2550 182 2584 ὀμνύων,
207 2549 224 2584 ἢ
238 2549 302 2576 ἄλλο
319 2558 356 2582 τι,
374 2552 420 2576 καὶ
446 2550 480 2576 τὰ
503 2551 612 2586 ῥήματα
627 2550 675 2577 τοῦ
688 2550 850 2585 ὀμόσαντος,

57 2597 106 2623 καὶ
129 2596 182 2630 τὴν
203 2595 325 2622 διάθεσιν
352 2597 399 2630 ἀφ’
431 2594 463 2631 ἦς
491 2595 594 2630 ὤμοσε,
622 2597 670 2623 καὶ.
697 2596 746 2628 τὰς
781 2597 852 2623 κατὰ

56 2643 156 2668 λεπτὸν
173 2644 205 2669 ὲν
219 2644 274 2673 τοῖς
299 2643 402 2677 ῥήμασι
425 2645 593 2678 προσθήκας.
613 2644 692 2674 Εἰκὸς
706 2644 760 2678 γάρ
777 2645 852 2670 ἐστιν

57 2690 91 2715 ἐκ
108 2690 160 2724 τῆς
176 2688 225 2714 τοῦ
255 2688 337 2722 ὅρκου
370 2690 524 2723 ποιότητος,
543 2693 589 2716 καὶ
606 2691 638 2715 ὲκ
651 2693 704 2715 τῶν
720 2689 851 2726 ῥημάτων

56 2735 151 2760 καὶέκ
167 2734 218 2768 τῆς
250 2735 395 2766 διαθέσεως
412 2743 418 2750 ⁸
443 2736 563 2770 εἰτυχὸν
593 2738 625 2762 ἐκ
659 2736 850 2770 μικροψυχίας,

57 2780 109 2806 καὶ
121 2780 171 2805 οὐκ
186 2779 346 2814 ἑξαμέτρου
358 2779 469 2814 γνώμης
493 2779 595 2814 ὤμοσε,
610 2781 774 2807 καταλαὸεῖν
789 2781 852 2812 τοὺς

59 2824 244 2854 σκοποῦντας,
264 2824 301 2858 μὴ
317 2824 469 2851 κωλύεσθαι
487 2825 532 2851 τὸν
547 2825 684 2859 ὀμόσαντα
702 2826 852 2859 ἀποστῆναι

59 2870 108 2897 τοῦ
124 2871 217 2905 ὅρκου.
237 2870 268 2896 ΕΞ
282 2870 320 2904 δὲ,
339 2871 441 2898 τούτων
476 2872 680 2906 σκοπουμένων,
704 2872 753 2898 οὐκ
779 2872 852 2898 ἔστιν

905 2276 963 2310 pria
987 2276 1150 2303 auctoritate
1175 2276 1334 2308 dissolvere,
1353 2281 1380 2303 et
1402 2283 1416 2302 a
1433 2275 1610 2311 jurejurando
1628 2277 1695 2302 deti-

905 2329 987 2348 cere:
1008 2326 1195 2349 verumtamen
1214 2322 1380 2358 erperieutia
1403 2322 1560 2353 didicimus,
1584 2329 1631 2348 eos
1649 2322 1692 2356 qui

905 2368 1088 2403 perjurarunt,
1105 2369 1154 2395 hoc
1170 2373 1222 2400 est,
1235 2368 1280 2403 qui
1293 2373 1385 2396 contra
1401 2368 1428 2394 id
1439 2368 1508 2402 quod
1521 2368 1693 2403 juraverunt,

905 2414 1044 2448 quippiam
1067 2413 1201 2446 fecerunt,
1225 2422 1277 2441 non
1299 2415 1415 2449 placere,
1431 2415 1482 2442 hoc
1500 2419 1558 2447 est,
1585 2415 1695 2441 minime

905 2463 1030 2490 acceptos
1045 2466 1106 2485 esse
1122 2459 1187 2489 Deo,
1209 2458 1250 2484 vel
1276 2458 1483 2493 haudquaquam
1503 2458 1610 2493 probos,
1626 2457 1694 2483 ami-

905 2511 1005 2538 cosque
1024 2505 1057 2530 ab
1085 2504 1143 2537 ipso
1165 2504 1295 2538 judicari.
1317 2503 1429 2538 Oportet
1453 2511 1528 2536 Vero,
1547 2503 1642 2537 inquit,
1668 2502 1693 2528 in

906 2549 980 2576 hisce
998 2548 1150 2575 hominibus
1173 2556 1258 2583 genus
1273 2556 1379 2582 quoque
1400 2546 1579 2582 jurisjurandi
1604 2547 1693 2573 tonsi»

906 2596 1011 2628 derare,
1026 2595 1147 2623 Deumne
1162 2595 1457 2630 appellaveritjurans,
1474 2603 1506 2621 an
1526 2594 1599 2621 aliud
1617 2594 1694 2627 quid-

908 2643 988 2676 piam.
1009 2647 1063 2668 tum
1081 2641 1199 2676 jurantis
1215 2642 1307 2673 verba,
1332 2642 1469 2676 animique
1491 2639 1615 2666 affectant
1640 2645 1694 2674 quo

906 2689 1017 2722 juravit,
1041 2697 1073 2716 ac
1095 2689 1214 2715 minutas
1235 2696 1356 2724 quasque
1379 2687 1530 2714 additiones
1547 2686 1574 2713 in
1590 2686 1692 2714 verbis.

908 2733 1049 2761 Probabile
1061 2735 1132 2761 enim
1146 2738 1197 2766 est,
1211 2742 1243 2761 ex
1256 2733 1436 2768 jurisjurandi
1451 2733 1546 2764 forma,
1559 2739 1592 2759 ex
1604 2732 1694 2760 verbis

908 2780 1026 2814 pariter,.
1040 2785 1066 2807 et
1079 2788 1112 2808 ex
1130 2781 1212 2808 animi
1231 2780 1383 2810 affectione.
1408 2780 1431 2807 si
1451 2779 1521 2806 forte
1538 2786 1572 2806 ex
1586 2777 1695 2813 pusilla-

909 2827 1043 2858 nimitate,
1057 2835 1110 2854 non
1127 2832 1219 2854 autem
1233 2835 1265 2854 ex
1281 2827 1415 2853 constanti
1435 2825 1572 2861 proposito
1583 2824 1693 2859 iuravit,

908 2871 1072 2906 deprehendi
1091 2880 1169 2907 posse
1185 2873 1218 2900 ab
1233 2872 1277 2905 iis,
1297 2871 1341 2907 qui
1360 2872 1489 2900 attentius
1504 2871 1694 2906 cogitaverim,

1588 2936 1623 2948 Δ
