1914 3077
63 131 117 162 62-)

570 132 611 163 ΙΝ
626 133 744 164 EPIST.
759 134 788 164 Β.
812 132 951 163 BASlLll
972 133 1193 165 CANONICAM
1212 135 1237 166 Ι.

1645 135 1706 164 630·

62 187 148 218 Θείοις
165 186 274 221 ὕμνοις,
296 188 364 215 ἀλλὰ
381 188 486 223 ἀργεῖν.
510 188 556 216 Ἐκ
574 191 677 217 τούτων
702 190 749 217 καὶ
761 190 853 226 ἡμεῖς,

914 199 1031 226 quoque,
1047 192 1146 227 inquit,
1171 199 1229 226 qum
1250 192 1282 219 ad
1294 191 1435 226 Cyriacum
1465 190 1611 226 pertinent,
1643 190 1697 215 dis-

60 234 158 267 φησιν,
175 234 381 269 οἰκονομοῦντες
406 236 440 261 τὰ
456 236 527 263 κατὰ
556 237 602 263 τὸν
633 238 784 272 κυριακὸν,
811 238 857 264 καὶ

60 280 230 314 ἐπιστρέψαι
246 280 326 307 αὐτὸν
345 282 384 311 εἰς
401 281 451 316 τὴν
477 283 639 317 ἐκκλησίαν,
690 284 797 318 ὤμοσεν
811 286 857 319 ἐγ-

62 327 224 360 καρτερεῖν,
241 327 450 361 ἐπιτρέτιοντες,
463 328 493 354 οὐ
510 329 624 363 δόξομεν
653 331 729 365 παρὰ
741 332 858 362 κανόνας

63 373 166 402 ποιεῖν,
177 372 241 399 οὐδὲ
260 373 365 404 ἐκεῖνος
385 375 568 408 παραϐαίνειν
580 375 626 403 τδν
639 376 720 412 ὅρκον
737 378 857 413 κριθείη.

69 417 306 453 Ἑπανερχόμενος
321 419 375 454 γὰρ
404 420 478 447 δοκεῖ
512 422 662 456 φυλάσσειν
690 423 735 449 τὸν
764 424 857 459 ὅρκον,

60 463 106 489 ὅτι
121 463 184 490 οὐδὲ
199 465 361 498 πρόσκειται
376 466 415 501 τῷ
431 466 518 502 ὅρκῳ,
536 467 596 494 οὐδὲ
615 468 682 502 πρὸς
699 469 786 505 βραχὺ
795 470 859 497 ἀνα-

63 510 206 544 χωρήσειν
220 511 267 536 τοῦ
288 510 374 545 ἀγροῦ
391 511 445 538 τῶν
459 512 611 541 Μινδάνων.
630 514 701 547 "Optat
726 514 774 541 οὖν
801 515 858 547 πῶς

62 556 98 580 ἑκ
112 555 162 588 τῆς
175 556 230 582 τῶν
249 557 380 591 ῥημάτων
390 558 542 590 ἐξετάσεως
563 559 610 585 καὶ
622 561 858 596 κατασκοπήσεως

64 601 219 636 ὲθήρευσεν
235 604 249 629 ό
272 603 349 636 ἆγιος
373 605 445 636 νοῦν,
470 605 542 632 ὥστε
560 606 596 641 μὴ
613 605 701 633 δοκεῖν
717 608 859 641 ἐπιορκεῖν

62 646 112 671 τὸν
127 646 278 680 ὀμόσαντα.
297 648 391 676 Ταῦτα
407 651 456 684 μὲν
467 648 514 677 οὗν
542 650 607 685 περὶ
622 651 680 678 .τοῦ
706 652 858 688 Κυριακοῠ.

67 692 102 718 ‘U
117 691 145 718 δέ
158 692 288 727 Σεῦῆρος,
304 694 476 729 αἰτιώμενος,
493 697 534 723 ὅτι
554 697 593 728 είς
620 697 706 732 ἀγρὸν
730 698 859 735 ἀλλοτρίᾳ

66 737 253 765 ὑποτελοῦντα
268 740 361 775 ἐνορίᾳ
375 741 590 777 ἐχειροτόνησεν,
602 743 679 777 ἔλεγε
694 744 764 770 κατὰ
773 744 859 779 λήθην

64 782 148 809 τοῦτο
161 784 288 817 τοιῆσαι,
305 786 441 820 ἀγνοήσας
458 786 544 828 ξξὲρῳ
561 789 607 815 τὸν
624 789 712 823 ἀγρδν
745 790 858 816 ὑποκεῖ-

67 828 144 854 σθαι.
170 828 248 855 Ἐπεὶ
263 828 318 862 οὖν,
336 832 414 866 φησὶ,
434 833 483 867 τὴν
502 833 588 868 λήθην
602 834 796 869 προϐάλλεται,
821 836 861 862 δεῖ

65 875 152 901 αὑτὸν
169 877 384 911 συγχωρηθῆναι
398 879 444 904 καὶ
461 879 500 910 εἰς
515 878 564 913 τὴν
590 880 681 913 κρίσιν
706 881 859 916 ἀναρτῆσαι

67 920 153 946 αὐτὸν
170 921 218 947 τοῦ
235 921 315 949 Θεοῦ.
332 923 394 949 Ὀτι
412 924 524 959 γὰρούκ
536 926 619 959 ἐσμὲν
632 926 859 961 καρδιογνῶσται,

66 966 127 992 ἀλλ’
141 966 180 998 ὡς
196 967 342 1002 ἀκούομεν,
364 969 506 1004 κρίνομεν,
532 971 622 1005 δῶμεν
647 973 697 1007 τὴν
720 973 862 1008 ἐκδίκησιν

64 1012 107 1047 τῷ
127 1011 198 1046 Θεῷ,
218 1016 498 1050 συγγειωμονήσαντες
527 1017 571 1043 διὰ
596 1017 645 1053 τὴν
670 1018 768 1053 λήθην,
800 1019 861 1055 ἥτις

66 1057 128 1083 ἐστὶ
145 1058 232 1090 πάθος
248 1059 428 1094 ἀνθρώπινον.
452 1061 506 1088 Καὶ
521 1062 555 1088 τὰ
576 1063 626 1097 μέν
640 1063 688 1090 τοῦ
705 1065 817 1096 κανόνος
830 1065 861 1091 ἐν

65 1103 186 1136 τούτοις.
207 1105 244 1132 Σὺ
259 1105 286 1132 δὲ
298 1106 436 1140 ἀνάγνωθι
450 1108 481 1134 τὸ
507 1107 541 1143 ιη’
555 1117 618 1143 κεφ.
643 1108 691 1136 τοῦ
709 1109 742 1144 ιγ’
771 1111 860 1138 τίτλον

65 1150 115 1176 τοῦ
127 1151 265 1183 παρόντος
282 1154 485 1188 συντάγματος,
509 1155 556 1181 καὶ
572 1155 605 1181 τὰ
637 1155 678 1187 είς
701 1157 751 1189 τὴν
775 1157 862 1192 ἑρμη-

63 1195 144 1223 νείαν
159 1197 242 1223 αὐτοῦ
252 1197 395 1232 γραφέντα
411 1199 493 1234 χάριν
508 1199 746 1236 ἀναψηλαφήσεως
760 1202 860 1236 ὅρκων.

67 1243 138 1279 Ἔχε
155 1244 183 1271 δέ
202 1245 247 1271 ent
259 1247 371 1280 μνήμης
389 1246 435 1272 καὶ
448 1246 479 1272 τδ
494 1246 571 1281 παρὰ
596 1246 642 1273 τοῦ
658 1247 738 1281 ἁγίου
753 1248 862 1283 ὁρισθὲν

63 1291 150 1325 χάριν
163 1290 210 1317 τοῦ
222 1292 448 1327 παρεμπεσοντος
462 1292 568 1326 φάκτου
583 1293 632 1320 ἐπὶ
646 1294 679 1328 τῇ
704 1295 861 1330 χειροτονίᾳ

63 1335 116 1363 τοῦ
130 1336 286 1372 Κυριακοῦ,
302 1338 349 1364 καὶ
371 1339 405 1374 τῇ
420 1339 553 1374 γενομένῃ
571 1339 647 1374 παρὰ
663 1340 758 1366 τούτου
781 1340 861 1375 δῆθεν

66 1383 210 1418 ἐπιορκία.
230 1384 284 1410 Καὶ
299 1385 453 1419 σημείωσαι
470 1384 511 1411 ὅτι
537 1385 583 1413 διὰ
596 1386 693 1412 τούτου
727 1388 861 1422 συγγινώ-

65 1436 194 1461 σκονται,
211 1429 248 1461 ὠς
263 1429 360 1463 ἔοικεν,
379 1430 404 1456 οῖ
421 1432 490 1457 κατα
507 1440 582 1463 τ.νας
601 1433 803 1467 πατριαρχικᾶς
815 1433 860 1459 ἐκ·

69 1474 190 1509 κλησίας
207 1475 414 1510 ἱερουργοῦντες
438 1476 568 1512 ἐγχώριοι
593 1477 742 1513 ἀρχιερεῖς.
758 1478 790 1505 El
806 1479 861 1515 γὰρ

66 1520 118 1570 μὴ.
127 1520 159 1546 τὸ
169 1522 222 1570 τῆς
236 1521 347 1554 ἀγνοίας
369 1522 516 1557 πρόϐλημα
534 1522 668 1559 ἐϐοήθησε
683 1524 720 1559 τῷ
737 1525 861 1560 Σεϐήρῳ,
875 1541 897 1570 c

66 1565 211 1602 καθῃρέθη
228 1567 272 1600 ἃν,
283 1567 327 1594 διὰ
343 1568 373 1594 τὸ
391 1568 456 1603 παρ’
469 1569 577 1603 ἐνορίαν
598 1570 710 1604 ποιῆσαι
738 1579 858 1606 χειροτο-

67 1612 142 1639 νίαν.
158 1612 227 1646 Περὶ
249 1613 277 1639 δέ
297 1615 393 1650 ἱερέων
402 1614 509 1649 ψευδῶς
529 1616 763 1651 μαρτυρησάντων
778 1617 862 1650 ἀνάγ-

68 1657 137 1684 νωθι
153 1657 202 1693 τὴν
220 1662 262 1690 ος¹
278 1659 386 1694 Νεαρὰν
400 1660 448 1686 τοῦ
475 1659 608 1694 βασιλέως
634 1661 719 1697 κυροῦ
747 1662 862 1694 Λέοντος

67 1704 116 1731 τοῦ
130 1705 292 1740 Φιλοσόφου.
309 1706 548 1741 διαλαμῆἀνουσαν
571 1708 622 1740 ὡς,
643 1708 667 1734 εἰ
686 1708 735 1742 μὲν
750 1708 862 1743 ἔνορκον

65 1752 310 1788 ψευδομαρτυρίαν
348 1755 457 1789 ποιήσει
492 1756 505 1781 ὁ
538 1754 638 1791 ἱερεὺς,
677 1754 860 1790 καθαιρεῖται.

65 1799 175 1834 Ὀρκου
197 1799 225 1825 δὲ
260 1800 297 1834 μὴ
331 1800 605 1835 παραζευγνυμένου,
636 1800 797 1834 ἀφορίζεται
813 1801 860 1827 ἐπὶ

65 1846 164 1879 τριετῆ
185 1846 280 1879 χρόνον
298 1847 338 1878 εὶς
364 1848 556 1883 μοναστήριον,
569 1847 617 1874 καὶ
638 1847 725 1879 οὕτως
740 1849 780 1879 εἰς
810 1848 859 1883 τὴν

65 1890 139 1917 ἰδίαν
148 1891 232 1923 γτάξιν
245 1892 474 1920 ἀποκαθίσταται.

104 1936 319 1969 ΖΩΝᾹΡ.Τινές
333 1938 372 1970 ei;
394 1938 424 1964 τδ
448 1940 670 1975 χειροτονηθῆναι
695 1941 860 1976 καλούμενοι

66 1981 225 2016 ὲξώμνυντο
241 1982 278 2017 μὴ
307 1983 505 2016 καταδέξασθαι
531 1984 582 2020 τὴν
596 1986 775 2020 χειροτονίαν.
791 1986 860 2017 Τοὺς

66 2026 115 2053 οὖν
129 2028 269 2059 τοιούτους
297 2028 370 2062 λέγει
390 2029 404 2055 ὁ
416 2029 506 2056 κανὼν
524 2030 562 2065 μὴ
578 2030 634 2057 δεῖν
655 2031 860 2065 ἀναγκάζεσθαι

67 2074 220 2109 ἐπιορκεῖν.
235 2074 384 2111 Κᾶνβοκῇ.
401 2077 494 2112 φησὶν,
510 2077 612 2109 ἐξεῖναι
624 2078 681 2110 τοῖς
693 2078 740 2112 ἀφ’
755 2079 859 2106 ἐαυτῶν

66 2120 212 2154 ὀμόσασιν,
240 2121 256 2156 ἢ
283 2121 383 2156 δεσμόν
393 2131 453 2149 τινα
485 2123 591 2154 ἑαυτοῖς
607 2122 861 2158 ὲπιόαλοῦσιν,οῖον

34 2163 36 2166 ’
69 2167 107 2202 μὴ
123 2168 223 2201 φαγεῖν
237 2167 333 2203 κρέας,
347 2169 363 2203 ἢ
378 2168 416 2205 μὴ
430 2170 502 2195 πιεῖν
517 2167 600 2202 οῐνον,
616 2170 633 2205 ἢ
649 2169 686 2205 μὴ
695 2171 755 2197 τόδε
770 2171 786 2206 ἦ
801 2171 860 2198 τόδε

910 243 1066 271 pensantes,
1080 243 1106 265 et
1122 238 1310 273 permittentes
1337 242 1363 264 ut
1382 238 1474 264 redeat
1493 237 1525 264 ad
1540 235 1699 266 ecclesiam,

910 285 1003 318 inqua
1018 291 1047 311 se
1063 291 1239 318 perseverare
1266 283 1378 318 juravit,
1404 291 1455 310 non
1474 283 1627 309 videbimur
1654 281 1696 308 fa-

910 337 972 357 cere
981 335 1078 364 pratter
1088 338 1216 362 canones,
1229 338 1278 357 nec
1293 329 1530 363 illejusjurandum
1544 328 1705 363 transgredi.

910 376 1045 404 videbitur
1064 384 1070 404 :
1091 381 1230 404 revertens
1255 376 1326 403 enitn
1341 376 1448 403 videtur
1473 384 1583 403 servare
1607 375 1697 410 jusju-

911 420 1039 455 randum,
1063 421 1126 456 quia
1147 421 1323 456 jurijurando
1346 421 1484 456 adjectum
1511 429 1562 447 non
1588 426 1638 451 est,
1668 428 1697 447 se

911 474 964 494 non
982 467 1015 494 ad
1041 468 1123 494 breve
1143 473 1248 503 tempus
1276 475 1452 495 excessurum
1479 475 1512 495 ex
1538 475 1603 502 agro
1628 467 1698 494 liliu-

911 513 1053 540 danorum.
1070 513 1124 548 67
1137 512 1204 540 Vide
1230 520 1293 547 ergo
1320 513 1456 548 quomodo
1485 520 1518 538 ex
1556 512 1697 538 terborum

911 559 1109 586 examinatione
1132 563 1159 586 et
1169 559 1388 586 consideratione
1402 563 1512 586 sanctus
1531 558 1697 585 sententiam

912 609 1033 636 venatur,
1053 605 1175 638 utisqni
1192 605 1305 638 juravil,
1332 613 1384 632 non
1413 606 1534 632 videatur
1565 605 1697 639 pejerare.

913 649 973 677 Haec
985 658 1050 685 ergo
1070 651 1102 678 (lc
1135 651 1259 686 Cyriacu.
1285 651 1401 678 Severus
1431 657 1521 678 autem
1546 657 1699 682 accusatus,

912 696 984 729 quod
1004 697 1030 722 in
1050 704 1156 731 agrum,
1172 697 1216 731 qtti
1233 701 1290 724 erat
1302 697 1347 724 alii
1373 697 1475 732 regioni
1494 697 1643 731 subjectus,
1655 705 1701 724 or-

912 743 1042 775 dinasset,
1060 743 1166 770 dicebat
1181 751 1210 770 se
1227 744 1278 770 hoc
1290 743 1428 770 obliVione
1451 743 1557 772 fecisse,
1575 743 1701 770 nescien-

913 795 965 815 tem
982 797 1074 823 agrum
1103 789 1146 816 alii
1178 797 1237 816 esse
1265 789 1430 824 subjectum.
1460 789 1593 822 Quoniam
1622 796 1700 824 ergo,

914 834 1010 869 inquit,
1041 835 1073 861 ad
1100 835 1140 862 sui
1168 835 1353 863 defensionem
1381 835 1560 871 ignorantiam
1590 834 1699 868 allegat,

912 884 1019 913 oportet
1038 881 1061 906 ei
1076 881 1189 915 ignosci,
1208 888 1324 915 etnnqne
1340 881 1387 908 Dei
1404 881 1506 916 judicio
1523 880 1696 914 relinquere:

914 933 973 952 cum
991 925 1061 952 enim
1079 925 1201 952 cordiunt
1226 927 1382 960 cognitores
1400 934 1453 953 non
1478 933 1582 957 sumus,
1608 926 1655 952 sed
1672 929 1701 950 ut

913 972 1048 1005 audimus,
1062 972 1225 1006 judicamus,
1240 973 1333 1000 demus
1350 972 1403 1000 Deo
1419 973 1578 1005 vindictam,
1600 971 1700 998 condo-

914 1024 1009 1044 nantes
1025 1022 1134 1052 propter
1156 1018 1339 1050 oblivionem,_
1356 1026 1415 1052 quae
1431 1023 1473 1045 est
1499 1018 1644 1045 humanum
1660 1017 1701 1043 vi-

915 1064 992 1091 lium.
1011 1064 1044 1091 Et
1065 1071 1152 1091 canon
1170 1064 1278 1099 quidem
1297 1065 1322 1091 in
1340 1064 1383 1092 his
1399 1064 1534 1092 consistit.
1551 1063 1592 1090 Tu
1611 1067 1700 1090 autem

914 1109 972 1144 lege
998 1117 1058 1144 cap.
1076 1109 1109 1136 18
1124 1130 1130 1140 .
1145 1117 1206 1144 cap.
1222 1110 1256 1136 15
1285 1110 1324 1136 tit.
1344 1110 1377 1137 i3
1391 1110 1532 1144 ptaesenlis
1553 1110 1660 1143 operis.
1674 1114 1702 1135 et

914 1164 973 1190 qua:
989 1156 1015 1183 in
1031 1155 1089 1191 ejus
1115 1157 1337 1191 interpretatione
1350 1156 1449 1191 scripta
1468 1162 1529 1183 sunt
1545 1157 1578 1183 tle
1601 1159 1700 1182 tracta-

914 1202 987 1229 tione
1000 1201 1230 1236 juramentorum.
1248 1201 1289 1228 Tu
1307 1205 1398 1229 autem
1417 1201 1487 1228 habe
1515 1201 1541 1228 in
1569 1200 1701 1227 memoria

913 1247 939 1274 id
954 1254 1071 1282 quoque,
1089 1247 1192 1282 quoda
1219 1252 1315 1274 sancto
1344 1247 1475 1282 scriptum
1502 1251 1543 1273 est
1569 1246 1603 1273 de
1629 1245 1700 1272 facto

913 1293 985 1327 quod
1001 1293 1097 1320 incidit
1112 1293 1139 1320 in
1156 1294 1327 1321 ordinatione
1343 1293 1462 1329 Cyriaci,
1479 1298 1507 1320 et
1536 1294 1568 1320 de
1581 1292 1703 1328 periurio

912 1338 984 1373 quod
999 1338 1033 1366 ab
1043 1346 1076 1366 eo
1085 1339 1260 1367 commissum
1269 1345 1310 1366 est
1328 1349 1334 1366 :
1350 1344 1377 1366 et
1390 1344 1452 1366 nota
1463 1339 1535 1373 quod
1546 1343 1700 1373 propterea,

913 1388 943 1411 ut
957 1388 999 1412 est
1023 1385 1180 1418 verisimile,
1207 1385 1357 1420 ignoscitur
1372 1385 1490 1419 regionis
1520 1385 1701 1415 antistitibus,

913 1431 958 1465 qui
977 1431 1004 1457 in
1036 1431 1197 1465 quibusdam
1224 1431 1450 1466 patriarcbalibus
1478 1431 1601 1459 ecclesiis
1623 1438 1703 1458 sacra

914 1476 1062 1503 celebrant.
1077 1476 1132 1503 Nisi
1155 1477 1228 1504 enitn
1252 1477 1410 1513 ignorantia:
1426 1481 1571 1511 przrtextus
1599 1475 1705 1503 Severo

914 1522 1045 1549 auxilium
1062 1523 1179 1556 tulisset,
1199 1523 1339 1559 depositus
1357 1529 1439 1556 esset,
1454 1524 1525 1557 quod
1539 1524 1608 1550 ultra
1623 1531 1701 1551 suam

916 1569 1057 1596 dioecesim
1085 1569 1285 1597 ordinationem
1313 1570 1434 1597 fecisset.
1460 1569 1498 1597 De
1517 1569 1704 1597 sacerdotibus

916 1613 1092 1642 autem-falso
1117 1615 1276 1646 testilicatis,
1312 1615 1370 1649 lege
1405 1615 1577 1649 imperatoris
1601 1615 1703 1641 domini

915 1657 1013 1687 Leonis
1030 1659 1166 1695 Sapientis
1192 1661 1324 1687 novellam
1341 1660 1384 1693 76,
1401 1668 1462 1695 quae
1488 1661 1620 1690 continet,
1632 1659 1703 1693 quod

916 1706 937 1732 si
966 1706 1096 1733 sacerdos
1127 1706 1224 1734 falsum
1249 1706 1434 1734 testiinonium
1460 1706 1566 1740 juratns
1594 1706 1702 1734 dixerit.

916 1753 1068 1787 deponitur.
1086 1753 1161 1786 Quod
1176 1754 1197 1780 si
1212 1753 1403 1788 jusjurandum
1421 1760 1474 1779 non
1491 1753 1651 1783 accesserit,
1676 1753 1704 1780 itt

917 1799 1112 1827 monasterium
1129 1799 1162 1826 ad
1186 1800 1331 1826 triennium
1358 1804 1510 1835 separetur,
1541 1803 1568 1826 et
1585 1799 1624 1826 sic
1650 1799 1704 1834 pri-

916 1846 986 1873 stino
1001 1846 1088 1873 ordini
1105 1847 1272 1874 restituatur.

951 1936 1076 1965 ZONAR.
1093 1937 1207 1972 Quidam
1220 1938 1306 1965 vocati
1319 1943 1348 1965 ut
1359 1938 1562 1970 ordinarentur,
1576 1937 1704 1970 jurarunt

916 1991 946 2012 se
965 1984 1163 2012 ordinationem
1191 1993 1244 2012 non
1274 1984 1450 2012 admissuroa.
1476 1984 1613 2019 Ejusmodi
1639 1990 1703 2017 ergo

916 2029 1051 2062 homines,
1068 2030 1106 2056 ait
1119 2037 1216 2062 canon.
1234 2038 1286 2058 non
1301 2037 1363 2058 esse
1378 2031 1411 2058 ad
1428 2029 1576 2065 perjurinm
1594 2030 1706 2063 adigeth

915 2076 973 2103 dos.
996 2075 1110 2104 Etiamsi
1135 2077 1272 2111 videatur,
1295 2077 1391 2111 inquit,
1410 2077 1492 2104 licere
1518 2076 1562 2107 iis.
1584 2076 1629 2110 qui
1653 2083 1702 2102 sua

915 2127 1012 2157 sponte
1032 2122 1170 2157 jurarunt,
1194 2128 1243 2150 aut
1257 2123 1365 2158 aliquod
1383 2122 1518 2150 vinculum
1533 2122 1584 2149 sibi
1605 2121 1705 2156 injece-

915 2173 996 2202 runt;
1017 2169 1089 2195 velut
1106 2169 1240 2196 abstinere
1261 2177 1275 2196 a
1294 2170 1437 2202 carnibus,
1459 2173 1505 2195 aut
1526 2176 1540 2195 a
1566 2169 1637 2200 vino,
1658 2172 1705 2194 aut

68 2214 195 2246 ποιῆσαι,
212 2212 288 2238 λύειν
324 2213 407 2240 πάλιν
435 2213 485 2248 ἀφ’
508 2214 615 2240 ἑαυτῶν
630 2215 675 2241 τὸν
687 2215 796 2250 δεσμὸν.
814 2217 860 2243 καὶ

915 2214 967 2241 hoc
979 2213 1022 2242 vel
1042 2214 1105 2241 illud
1120 2215 1264 2248 omittere;
1280 2215 1418 2242 vinculum
1434 2214 1498 2242 illud
1516 2222 1623 2241 rursutn
1637 2222 1702 2248 pro-

68 2257 115 2284 τοῦ
132 2259 219 2293 ὅρκου
243 2258 431 2291 ἀφίστασθαι·
461 2257 525 2285 ἀλλ’
553 2260 585 2285 ἐκ
609 2260 709 2294 πείρας
722 2261 861 2295 ἐμάθομεν

67 2303 107 2328 ὅτι
122 2303 399 2337 οἱπαρορκήσαντες,
432 2303 515 2338 ἦγουν
530 2304 555 2330 ot
580 2304 655 2339 παρὰ
677 2304 743 2336 τοὺς
763 2305 861 2339 ὅρκους

67 2350 247 2383 ποιήσαντες,
274 2349 325 2375 οὐκ
343 2348 528 2382 εὐδοκοῦνται,
547 2350 608 2376 ἀντὶ
622 2349 682 2383 τοῦ,
704 2350 734 2376 οὺ
753 2350 861 2385 θελητοὶ

65 2395 104 2430 τῷ
115 2394 177 2430 Θεῷ
190 2395 269 2426 εἰσιν,
282 2394 298 2429 ἢ
314 2395 365 2421 οὐκ
375 2395 516 2429 εὐδόκιμοι
535 2395 620 2432 αὐτῷ,
639 2396 669 2421 οὐ
685 2396 707 2422 δ’
718 2396 860 2432 εὐάρεστοι

67 2442 221 2476 κρίνονται.
237 2442 283 2466 Δεῖ
300 2440 339 2473 δὲ,
354 2443 449 2476 φησιν,
462 2442 509 2468 ἐπὶ
535 2442 590 2468 τῶν
613 2442 741 2469 τοιούτων
759 2443 806 2469 καὶ
832 2443 861 2469 τὸ

68 2487 138 2520 εἶδος
155 2488 205 2514 τοῦ
223 2488 306 2523 ὅρκου
323 2490 452 2515 σκοπεῖν·
468 2489 569 2521 εἴτουν,
594 2490 618 2515 εί
632 2490 698 2516 Θεὸν
719 2491 861 2525 ὠνόμασεν

68 2534 192 2569 ὀμνύων,
217 2533 234 2568 ῆ
248 2534 312 2560 ἄλλο
328 2543 366 2566 τι,
384 2536 430 2560 καὶ
456 2535 490 2560 τὰ
512 2535 622 2570 ῥήματα
637 2535 684 2561 τοῦ
698 2535 860 2570 ὀμόσαντος,

69 2581 116 2608 καὶ
140 2581 193 2614 τὴν
212 2579 334 2606 διάθεσιν
361 2581 409 2614 ἀφ’
440 2578 472 2616 ἧς
500 2580 604 2614 ὤμοσε,
631 2582 679 2607 καὶ
706 2581 756 2612 τὰς
791 2581 862 2608 κατὰ

68 2627 167 2653 λεπτὸν
184 2628 214 2652 ἐν
228 2628 284 2657 τοῖς
308 2628 412 2661 ῥήμασι
435 2629 602 2663 προσθήκας,
624 2629 702 2659 Εἰκὸς
716 2629 769 2663 γάρ
786 2630 861 2655 ἐστιν

70 2674 101 2699 ἐκ
118 2674 170 2707 τῆς
186 2672 235 2698 τοῦ
265 2673 347 2706 ὅρκου
380 2674 534 2707 ποιότητος,
553 2677 599 2700 καὶ
615 2675 648 2700 ἐκ
660 2677 713 2700 τῶν
730 2674 860 2711 ῥημάτων

70 2719 161 2744 καὶέκ
178 2718 229 2751 τῆς
260 2719 405 2750 διαθέσεως
421 2728 427 2734 ·
453 2720 572 2754 εἱτυχὺν
603 2722 634 2746 ἐκ
668 2720 860 2755 μικροψυχίας,

70 2764 119 2790 καὶ
131 2763 182 2790 οὐκ
198 2763 226 2795 ἐξ
238 2764 356 2798 ἀμέτρου
368 2763 479 2798 γνώμης
503 2763 604 2799 ὤμοσε,
619 2765 783 2792 καταλαϐεῖν
799 2766 862 2797 τοὺς

72 2808 255 2839 σκοποῦντα-τ,
274 2808 311 2842 μὴ
327 2808 478 2836 κωλύεσθαι
497 2809 541 2835 τὸν
557 2809 694 2843 ὀμόσαντα
711 2810 862 2844 ἀποστῆναι

71 2853 118 2880 τοῦ
134 2855 228 2889 ὅρκου.
248 2854 278 2880 Εἰ
292 2854 330 2888 δὲ,
349 2855 450 2881 τούτων
486 2857 689 2891 σκοπουμένων,
713 2856 763 2882 οὐκ
788 2856 862 2883 ἔστιν

915 2261 973 2295 pria
997 2261 1160 2288 auctoritate
1184 2261 1344 2293 dissolvere,
1363 2266 1390 2288 et
1412 2268 1426 2287 a
1443 2260 1620 2296 jurejurando
1639 2261 1705 2287 deli-

915 2313 997 2334 cere:
1018 2311 1205 2334 verumtamen
1224 2307 1390 2342 ettperietttia
1414 2307 1570 2337 didicimus,
1595 2313 1641 2333 eos
1659 2306 1703 2340 qui

915 2353 1098 2388 perjurarunt,
1114 2353 1163 2380 hoc
1179 2357 1232 2385 est,
1245 2353 1290 2388 qui
1303 2357 1396 2380 contra
1411 2353 1438 2379 id
1449 2353 1518 2387 quod
1531 2353 1703 2387 juraverunt,

914 2399 1053 2433 quippiam
1076 2398 1210 2430 fecerunt,
1234 2407 1287 2426 non
1309 2400 1426 2433 placere,
1441 2400 1492 2426 hoc
1509 2404 1568 2431 est,
1595 2399 1705 2425 minime

914 2448 1040 2475 acceptos
1055 2450 1115 2470 esse
1132 2443 1196 2475 Deo,
1219 2443 1260 2469 vel
1285 2443 1493 2478 haudquaquam
1513 2441 1620 2477 probos,
1636 2442 1704 2469 ami-

915 2496 1015 2523 cosque
1033 2490 1067 2515 ab
1095 2489 1152 2522 ipso
1175 2488 1305 2523 judicari.
1327 2488 1439 2523 Oportet
1462 2495 1537 2520 vero,
1557 2488 1652 2522 inquit,
1678 2487 1703 2514 in

915 2534 990 2560 hisce
1007 2533 1160 2560 hominibus
1183 2540 1267 2568 genus
1283 2540 1389 2567 quoque
1410 2532 1589 2566 iurisiurandi
1614 2533 1703 2559 tonsi.

915 2581 1020 2613 derare.
1035 2581 1157 2608 Deumne
1171 2580 1466 2615 appellaveritjurans,
1483 2588 1516 2606 an
1535 2579 1609 2606 aliud
1626 2580 1704 2613 quid-

917 2627 998 2660 piam.
1019 2631 1073 2653 tum
1090 2626 1209 2661 jurantis
1225 2626 1316 2658 verba,
1341 2626 1478 2660 animique
1500 2625 1625 2652 aﬂ‘cctum
1650 2631 1704 2659 quo

915 2674 1026 2707 jnravit,
1050 2681 1082 2700 ac
1104 2674 1224 2700 minutas
1245 2681 1365 2708 quasque
1388 2672 1540 2699 additiones
1557 2672 1584 2699 in
1600 2671 1702 2699 verbis.

918 2718 1058 2745 Probabile
1070 2719 1141 2745 enim
1156 2723 1207 2750 est,
1220 2726 1253 2746 ex
1265 2719 1444 2753 jurisjurandi
1460 2718 1556 2751 forma,
1568 2725 1602 2745 ex
1615 2717 1704 2745 verbis

917 2765 1036 2798 paritem.
1049 2769 1075 2791 et
1089 2773 1121 2792 ex
1139 2765 1222 2792 anitni
1241 2764 1393 2796 aﬂectione,
1417 2765 1440 2793 si
1460 2764 1531 2792 forte
1548 2772 1581 2792 ex
1595 2762 1706 2799 pusilla-

918 2811 1052 2842 nimitate.
1067 2819 1119 2838 non
1136 2817 1228 2839 autem
1243 2820 1274 2839 ex
1290 2812 1425 2839 constanti
1444 2809 1703 2846 propositojuravit,

917 2857 1081 2891 deprehendi
1100 2865 1179 2891 posse
1195 2857 1228 2884 ab
1243 2857 1287 2890 iis,
1307 2858 1351 2892 qui
1369 2858 1498 2886 attentius
1513 2855 1703 2892 cogitaverim,
