1914 3077
63 149 110 180 6Ξ)
561 148 602 180 ΙΝ
617 150 735 181 EPIST.
749 151 779 181 S.
802 149 942 180 B.\SlLll
963 150 1184 182 CANONICAM
1204 152 1228 182 Ι.

1637 152 1697 182 630'

63 204 138 235 Θείοις
154 203 264 239 ὕμνοις,
287 205 355 232 ἀλλὰ
372 206 478 240 ἀργεῖν.
501 205 548 233 Ἐκ
564 208 668 234 τούτων
693 207 740 234 καὶ⁸
751 207 843 243 ἡμεῖς,

905 216 1022 243 quoque,
1038 209 1138 244 inquit,
1162 216 1220 244 quae
1241 209 1273 236 ad
1284 208 1426 244 Cyriarutn
1456 207 1602 243 pertinent,
1634 207 1689 233 dis-

61 251 148 284 φησὶν,
164 251 372 286 οἰκονομοῦντες
397 253 431 278 τὰ
447 253 518 280 κατὰ
547 253 593 280 τὸν
623 255 775 289 Κυριακδν,
802 255 848 281 καὶ

61 297 220 331 ἐπιστρέψαι
236 297 317 324 αὑτὸν
336 299 375 328 εἰς
392 298 442 333 τὴν
469 300 630 334 ἐκκλησίαν,
681 300 788 335 ὤμοσεν
803 303 848 335 ὲγ‹

62 344 214 377 καρτερεῖν,
231 344 441 378 ἐπιτρέποντες,
454 345 484 371 οὐ
501 346 615 380 δόξομεν
645 347 720 382 παρὰ
732 349 849 380 κανόνας

63 391 156 418 ποιεῖν.
168 390 231 416 οὐδὲ
251 391 357 421 ἐκεῖνος
376 391 559 425 ⁴παραϐαίνειν
571 393 617 420 τὸν
630 394 711 429 ὁρκον
728 395 848 430 κριθείη,

67 435 298 470 Ἑπανερχόμενος
312 436 366 471 γὰρ
395 437 470 464 δοκεί
503 439 652 473 φυλάσσειν
681 441 726 466 τὸν
755 441 848 476 ὅρκον,

59 481 97 506 ὅτι
111 481 173 507 οὐδὲ
188 482 352 516 πρόσκειται
367 483 406 518 τῷ
422 483 509 519 ὅρκῳ,
527 485 587 511 οὐδὲ
606 485 673 519 πρὸς
690 486 777 521 βραχὺ
786 487 850 513 ἁνα-

60 527 196 561 χωρήσειν
210 528 258 553 τοῦ
279 528 365 562 ἀγροῦ
382 528 436 555 τῶν
451 529 602 558 Μινδάνων.
621 531 692 564 Ὀρα
718 531 765 558 οὖν
791 532 850 564 πῶς

60 573 88 597 ὲκ
103 573 151 605 τῆς
164 573 221 599 τῶν
240 574 371 608 ῥημάτων
381 575 533 607 ἐξετάσεως
554 576 601 602 καὶ
612 577 849 612 κατασκοπήσεως

61 618 210 653 ἑθήρευσεν
225 621 240 646 ὁ
264 620 340 654 am;
364 622 437 653 νοῦν,
461 622 533 649 ὥστε
550 623 587 658 μὴ
603 623 692 650 δοκεῖν
708 625 850 658 ἐπιορκεῖν

59 663 102 688 τὸν
116 663 270 697 ὀμόσαντα.
288 665 382 693 Ταῦτα
398 667 448 701 μὲν
459 665 505 694 οὖν
533 667 598 702 περὶ
613 668 670 695 ¹τοῢ
697 669 849 704 Κυριακοῠ.

63 709 93 735 'U
107 708 134 735 δὲ
146 709 280 745 Σεϐῆρος,
295 712 468 746 αἰτιώμενος,
484 714 524 740 ὅτι
545 714 585 745 είς
611 714 697 749 ἀγρὸν
721 715 850 752 ἀλλοτρίᾳ

62 755 245 782 ὑποτελοῦντα
259 757 352 793 ὲνορίᾳ
366 758 581 794 ἐχειροτόνησεν,
593 759 670 793 ἔλεγε
685 761 755 787 κατὰ
764 761 850 796 λήθην

60 800 136 826 τοῦτο
149 801 279 834 τοιῆσαι,
296 803 433 837 ἀγνοήσας
449 803 535 845 ξέρῳ
552 805 598 831 τὸν
615 805 703 840 ἀγρδν
735 807 849 833 ὑποκεῖ-

62 845 132 871 σθαι.
158 845 238 872 Ἐπεὶ
254 845 310 879 οὖν,
327 849 405 883 φησὶ,
425 850 474 884 τὴν
494 849 579 884 λήθην
593 851 786 886 προὸἁλλεται,
812 853 852 879 δςῖ

60 892 140 918 αὐτὸν
157 893 376 928 συγχωρηθῆναι
389 896 436 921 καὶ
452 896 491 927 εξς
506 895 555 930 τὴν
581 897 672 930 κρίσιν
698 898 850 933 ἀναρτῆσαι

61 937 141 963 αὑτὸν
159 938 209 964 τοῦ
225 938 306 966 Θεοῦ.
323 940 385 966 Ὀτι
403 941 457 976 γὰρ
467 943 516 967 οὐκ
528 943 610 976 ἐσμὲν
623 943 850 978 καρδιογνῶσται,

60 983 169 1015 ἀλλ’ὡς
185 984 334 1019 ἀκούομεν,
355 986 497 1021 κρίνομεν,
523 988 614 1022 δῶμεν
638 989 687 1024 τὴν
711 989 852 1024 ἐκδίκησιν

116 1029 187 1064 Θεῷ,
209 1033 489 1066 συγγιωμονήσαντες
519 1033 562 1060 διὰ
587 1034 636 1069 τὴν
661 1034 759 1070 λὴοην,
791 1036 852 1071 ἥτις

61 1075 118 1100 ἐστὶ
133 1075 223 1107 πάθος
239 1076 419 1111 ἀνθρώπινον.
443 1078 497 1105 Καὶ
512 1079 546 1105 τὰ
567 1080 616 1114 μὲν
631 1079 679 1106 τοῦ
695 1082 808 1113 κανόνος
821 1082 852 1108 ὲν

60 1121 176 1153 τούτοις.
198 1122 234 1149 Σὺ
250 1122 278 1149 δὲ
290 1123 427 1157 ἀνάγνωθι
441 1125 472 1150 τὸ
498 1124 532 1160 ιη’
546 1134 608 1160 κεφ.
634 1125 682 1152 τοῦ
699 1125 733 1160 ιγ’
762 1127 851 1154 τίτλον

60 1167 105 1193 τοῦ
117 1168 256 1200 παρόντος
274 1171 476 1204 συντάγματος,
501 1172 548 1198 καὶ
563 1172 596 1198 τὰ
629 1172 670 1204 εις
692 1173 742 1205 τὴν
766 1173 853 1209 ἑρμη-

58 1212 133 1240 νείαν
149 1214 234 1240 αὐτοῦ
244 1215 387 1249 γραφέντα
403 1215 484 1251 χάριν
499 1216 737 1252 ἀναψηλαφήσεως
751 1219 851 1253 ὅρκων.

61 1260 127 1296 Ἐχι
144 1261 174 1288 δὲ
192 1262 239 1288 ἐπὶ
251 1264 363 1297 μνήμης
380 1263 426 1289 καὶ
439 1263 470 1289 τδ
485 1263 562 1298 παρὰ
587 1263 634 1290 τοῦ
649 1263 729 1298 ἁγίου
745 1265 852 1300 ὁρισθὲν

57 1308 139 1342 χάριν
153 1307 201 1334 τοῦ
214 1309 438 1343 παρεμπεσῆντος
453 1309 559 1343 φάκτου
575 1310 623 1337 ἐπὶ
637 1311 670 1345 τῇ
695 1312 853 1347 χειροτονίᾳ

57 1353 106 1380 τοῦ
120 1353 278 1389 Κυριακοῠ,
294 1354 341 1381 καὶ
362 1356 396 1390 τῇ
410 1356 544 1391 γενομένῃ
562 1356 639 1391 παρὰ
655 1356 749 1383 τούτου
772 1357 852 1392 δῆθεν

59 1400 202 1435 ἐπιορκία.
221 1401 276 1426 Καὶ
291 1402 444 1435 σημείωσαι
461 1401 502 1428 ὅτι
528 1402 574 1430 διὰ
587 1402 684 1429 τούτου
718 1404 853 1438 συγγινώ-

58 1453 185 1478 σκονται,
203 1446 240 1478 ὼς
255 1446 352 1480 ἔοικεν,
370 1447 395 1473 oi
411 1449 480 1474 κατά
497 1457 574 1480 τ.νας
592 1450 794 1484 πατριαρχικὰς
807 1450 852 1476 ἐκ-

61 1491 181 1526 κλησίας
198 1492 404 1527 ίερουργοῦντες
429 1493 559 1529 ἐγχώριοι
584 1494 734 1529 ἀρχιερεῖς.
750 1494 782 1522 El
797 1497 852 1532 γὰρ

60 1537 109 1586 μὴΔ
117 1537 150 1564 τὸ
160 1539 214 1586 τῆς
228 1538 339 1571 ἀγνοίας
360 1539 507 1574 πρόϐλημα
525 1539 659 1576 ὲόοήθησε
675 1541 712 1576 τῷ
728 1542 852 1577 Σεϐήρῳ,
866 1558 887 1586 c

58 1582 202 1619 καθῃρέθη
220 1584 319 1617 ἇν,διὰ
335 1585 364 1611 τὸ
382 1585 447 1620 παρ’
460 1586 568 1620 ὲνορίαν
589 1586 701 1621 ποιῆσαι
729 1596 850 1623 χειροτο-

59 1629 132 1656 νίαν.
149 1629 218 1663 Περὶ
241 1630 268 1656 δὲ
289 1631 384 1666 ἱερέων
394 1631 500 1666 ψευδῶς
520 1633 754 1668 μαρτυρησάντων
769 1635 853 1668 ἀνάγ-

59 1674 128 1700 νωθι
143 1675 193 1710 τὴν
211 1678 254 1708 ος·¹
270 1676 377 1711 Νεαρὰν
391 1676 439 1703 τοῦ
466 1676 600 1711 βασιλέως
626 1677 710 1713 κυροῦ
738 1679 852 1711 Λέοντος

58 1721 107 1748 τοῦ
121 1722 283 1757 Φιλοσόφου,
301 1723 538 1758 διαλαμϐάνουσαν
562 1725 612 1757 ὡς,
634 1725 659 1750 εί
677 1724 726 1758 μὲν
741 1725 852 1760 ἔνορκον

57 1769 301 1804 ψευδομαρτυρίαν
339 1771 448 1806 ποιήσει
483 1772 497 1797 ὁ
528 1771 629 1807 ἱερεὺς,
668 1771 850 1807 καθαιρεῖται.

56 1815 166 1851 ’Ὁρκου
189 1816 217 1842 δὲ
251 1817 288 1851 μὴ
322 1817 596 1852 παραζευγνυμένου,
627 1817 788 1851 ἀφορίζεται
804 1818 851 1844 ἐπὶ

56 1862 156 1896 τρίετῆ
177 1863 271 1896 χρὸνον
290 1864 330 1894 εἰς
355 1864 548 1900 μοναστήριον,
560 1864 608 1890 καὶ
630 1864 716 1896 οὕτως
731 1865 772 1896 είς
801 1864 850 1900 τὴν

57 1907 130 1933 ἰδίαν
146 1908 224 1940 τάξιν
237 1909 466 1936 ἀποκαθίσταται.

95 1953 311 1985 ΖΩΝΛΡ.Τινὲς
324 1955 364 1986 si;
385 1955 416 1981 τὸ
439 1956 662 1992 χειροτονηθῆναι
687 1957 851 1993 καλούμενοι

57 1998 217 2032 ὲξώμνυντο
233 1998 270 2034 μὴ
298 1999 496 2033 καταδέξασθαι
523 2001 573 2037 τὴν
588 2003 767 2036 χειροτονίαν.
782 2003 851 2034 Τοὺς

56 2043 107 2071 οὖν
121 2044 260 2076 τοιούτους
289 2045 362 2078 λέγει
381 2046 395 2072 ὁ
407 2046 497 2073 κανὼν
515 2047 553 2082 μὴ
569 2048 625 2074 δεῖν
646 2048 851 2082 ἀναγκάζεσθαι

57 2091 212 2125 ἐπιορκεῖν.
226 2091 375 2128 Κᾶνλδοκῇ.
393 2093 485 2128 φησὶν,
501 2093 603 2125 ἐξεῖναι
616 2096 672 2127 τοῖς
684 2095 731 2129 ἀφ’
746 2096 850 2122 ἑαυτῶν

57 2137 204 2171 ὀμόσασιν,
232 2138 248 2173 ἢ
274 2137 374 2173 δεσμόν
385 2147 445 2165 τινα
476 2140 582 2171 ἑαυτοῖς
598 2139 852 2175 ὲπιϐαλοῠσιν,οἶον

60 2184 100 2219 μὴ
115 2184 215 2218 φαγεῖν
228 2184 324 2220 κρέας,
338 2185 354 2220 ἢ
370 2185 408 2221 μὴ
421 2186 494 2212 πιεῖν
508 2183 591 2219 οῐνον,
607 2186 624 2222 ἦ
640 2186 677 2222 μὴ
686 2187 746 2214 τόδε
761 2188 777 2223 ἢ
792 2188 852 2214 τόδε

901 260 1057 288 pensantes,
1071 260 1096 282 et
1113 255 1301 290 permittentes
1327 259 1354 282 ut
1373 255 1465 281 redeat
1484 254 1516 280 ad
1531 252 1692 282 ecclesiam,

901 302 993 335 inqua
1009 308 1038 328 se
1054 308 1230 335 perseverare
1257 300 1369 334 juravit.
1395 307 1446 327 non
1465 299 1618 325 videbimur
1645 298 1687 325 fa-

900 354 963 374 cere
972 352 1068 381 prmter
1079 354 1208 379 canones,
1220 355 1269 374 nec
1284 346 1521 380 illejusjurandum
1535 345 1695 380 transgredi-

900 393 1036 420 videbitur
1055 401 1061 420 :
1082 398 1221 421 revertens
1246 393 1317 420 enim
1332 393 1438 420 videtur
1464 400 1574 420 servare
1598 392 1687 426 jusju-

901 438 1030 471 randum,
1054 439 1116 472 quia
1138 438 1313 473 jurijuraudo
1337 438 1474 473 adjecmm
1502 446 1553 464 nott
1579 443 1628 468 est.
1659 445 1688 464 se

902 491 955 510 non
973 484 1006 511 ad
1032 485 1114 511 breve
1134 490 1239 519 tempus
1267 491 1443 512 excessurum
1470 492 1503 512 ex
1529 492 1594 518 agro
1619 484 1688 511 illin-

902 530 1044 557 danoruut.
1061 530 1115 565 67
1128 529 1195 557 Vide
1220 537 1284 564 ergo
1311 530 1447 564 quomodo
1476 537 1509 555 ex
1547 529 1688 556 verborum

902 576 1100 602 examinatione
1122 580 1150 602 et
1160 576 1379 603 consideratione
1393 580 1503 603 sanctus
1522 575 1688 602 sententiam

903 625 1024 652 venatur,
1044 622 1166 655 utisqui
1183 622 1295 655 juravit,
1323 630 1375 649 non
1404 623 1525 649 videatur
1555 621 1688 656 pejerare.

903 666 964 694 Haec
976 675 1040 702 ergo
1061 668 1094 694 de
1126 667 1249 703 Cyriaco.
1275 668 1392 695 Severus
1422 673 1512 695 autent
1536 673 1690 698 accusatus,

903 713 975 747 quod
995 714 1021 740 in
1041 721 1146 748 agrum,
1163 714 1206 748 qui
1223 719 1281 741 erat
1293 713 1338 740 alii
1363 714 1466 749 regioni
1485 713 1633 748 subjectus,
1646 721 1692 740 or—

903 761 1032 792 dinnsset,
1050 759 1156 787 dicebat
1172 767 1200 787 se
1217 761 1268 787 hoc
1280 760 1420 787 oblivione
1442 760 1548 790 fecisse.
1566 760 1692 787 nescien-

904 811 956 832 tem
973 813 1065 840 agrum
1093 806 1137 832 alii
1168 814 1228 833 esse
1256 806 1420 841 subjectum.
1451 806 1584 839 Quoniam
1613 813 1691 841 ergo,

905 851 1001 885 inquit,
1031 852 1063 878 ad
1091 852 1131 878 sui
1159 852 1344 879 defensionem
1372 853 1552 888 ignorantiam
1581 851 1690 885 allegat,

903 901 1011 930 oportet
1028 897 1052 924 ei
1067 897 1180 932 ignosci,
1199 905 1315 932 eumque
1331 897 1377 925 Dei
1395 897 1497 933 jttdicio
1514 897 1667 931 relinquere
1681 906 1687 923 :

905 949 964 968 cum
982 942 1052 969 eniut
1070 942 1191 969 eordiunt
1217 943 1373 977 cognitores
1391 951 1444 970 tton
1468 950 1573 974 smnus,
1599 942 1645 969 sed
1663 946 1692 967 ut

904 989 1039 1022 audimus,
1053 989 1216 1023 judicamus,
1231 990 1324 1017 demus
1340 989 1394 1016 Deo
1409 989 1569 1022 vindictam,
1591 988 1691 1015 condo-

906 1040 1000 1061 nantes
1016 1039 1124 1069 propter
1146 1035 1330 1067 oblivioncm,_
1346 1043 1406 1069 quae
1421 1040 1464 1062 est
1489 1035 1635 1062 humanum
1651 1034 1692 1059 vi-

906 1081 983 1108 tium.
1002 1081 1035 1108 Et
1056 1089 1143 1108 canon
1161 1081 1269 1115 quidem
1288 1081 1313 1108 itt
1331 1081 1374 1108 Itis
1390 1081 1524 1108 consistit.
1542 1079 1583 1107 Tu
1603 1084 1691 1106 autem

905 1126 963 1161 lege
989 1134 1049 1161 cap.
1067 1126 1100 1153 18
1115 1147 1121 1157 ,
1136 1134 1197 1160 cap.
1213 1127 1246 1153 15
1276 1127 1316 1153 tit.
1334 1127 1368 1154 l5
1382 1127 1523 1161 praesentis
1544 1126 1651 1160 operis,
1665 1131 1693 1152 et

905 1181 964 1207 qua:
981 1173 1006 1200 in
1022 1173 1080 1207 ejus
1106 1173 1328 1208 interpretatione
1341 1173 1440 1208 scripta
1458 1179 1520 1200 sunt
1536 1173 1569 1199 de
1592 1176 1691 1198 tracta-

905 1219 978 1246 tione
991 1218 1221 1252 juramenlorum.
1239 1218 1279 1246 Tu
1298 1222 1389 1246 autem
1409 1218 1479 1245 habe
1505 1218 1532 1244 in
1560 1217 1692 1244 memoria

904 1264 930 1290 id
945 1271 1063 1298 quoque,
1080 1264 1182 1299 quoda
1210 1269 1306 1291 sancto
1335 1264 1465 1298 scriptum
1492 1269 1534 1290 est
1560 1263 1594 1290 de
1620 1262 1692 1289 facto

904 1310 976 1343 quod
992 1309 1088 1337 incidit
1103 1310 1130 1337 in
1147 1311 1318 1338 ordlnatione
1334 1310 1453 1346 Cyriaci,
1470 1315 1497 1337 et
1527 1311 1559 1336 de
1573 1308 1694 1345 perjurio

904 1355 975 1390 quod
990 1355 1024 1382 ab
1034 1363 1067 1383 eo
1076 1356 1251 1384 commissum
1260 1362 1301 1383 cst
1319 1366 1325 1383 :
1341 1361 1368 1383 et
1381 1360 1443 1382 nota
1454 1356 1526 1390 quod
1537 1360 1690 1390 propterea,

905 1405 934 1428 ut
948 1405 990 1428 est
1014 1401 1170 1434 verisimile,
1198 1401 1348 1436 ignoscitur
1363 1402 1481 1436 regionis
1511 1401 1692 1432 antistitibus.

904 1447 950 1482 qui
968 1447 995 1474 itt
1027 1448 1188 1481 quibusdam
1215 1448 1440 1482 patriarchalibtts
1469 1448 1592 1475 ecclesiis
1614 1455 1694 1474 saera

905 1492 1053 1520 celebrant.
1067 1493 1123 1520 Nisi
1146 1494 1219 1521 euint
1243 1494 1401 1529 ignorantiae
1417 1497 1562 1527 prmtextus
1589 1492 1696 1520 Severo

905 1539 1036 1566 auxilium
1053 1539 1170 1572 tulisset,
1190 1540 1330 1575 depositus
1348 1545 1430 1572 esset,
1445 1540 1516 1574 quod
1530 1540 1599 1567 ultra
1614 1548 1692 1567 suam

907 1585 1048 1612 dioecesim
1077 1586 1276 1614 ordinationem
1304 1586 1425 1614 feciSSet.
1451 1585 1489 1614 De
1508 1586 1694 1613 sacerdotibus

907 1634 997 1658 autem
1009 1630 1082 1659 falso
1108 1632 1268 1663 testiﬁcatis,
1303 1632 1361 1665 lege
1396 1631 1568 1666 imperatoris
1592 1631 1694 1657 domini

907 1674 1004 1703 Lcouis
1021 1676 1158 1711 Sapientis
1183 1677 1315 1704 novellam
1332 1676 1376 1709 76,
1393 1684 1453 1712 quae
1479 1677 1611 1707 continet,
1622 1676 1694 1710 quod

907 1723 928 1749 si
958 1723 1087 1750 sacerdos
1118 1723 1214 1751 falsum
1240 1723 1426 1750 testimonium
1451 1722 1557 1756 juratns
1585 1722 1693 1750 dixerit.

907 1769 1058 1803 deponitur.
1077 1769 1153 1803 Quod
1167 1771 1188 1796 si
1203 1770 1394 1804 jusjurandum
1412 1777 1465 1796 non
1482 1769 1642 1800 accesserit,
1667 1769 1695 1797 in

908 1816 1103 1843 monasterium
1121 1816 1153 1842 ad
1178 1816 1322 1842 triennium
1348 1820 1501 1852 separetur,
1532 1820 1558 1842 et
1576 1815 1615 1842 sic
1641 1815 1695 1850 pri-

907 1862 978 1890 stino
992 1863 1079 1890 ordini
1096 1863 1263 1891 restituatur.

942 1953 1068 1982 ZONAR.
1084 1954 1198 1988 Quidam
1211 1955 1298 1981 vocati
1310 1959 1339 1981 ttt
1350 1954 1553 1986 ordinarentur,
1567 1953 1695 1987 juraruut

907 2008 937 2028 se
956 2001 1154 2028 ordinationem
1182 2009 1236 2029 non
1265 2001 1441 2029 admissuros.
1467 2000 1604 2035 Ejusmodi
1630 2006 1694 2033 ergo

907 2046 1042 2078 homines,
1058 2047 1097 2073 ait
1110 2054 1208 2078 canon,
1225 2054 1277 2074 non
1291 2054 1354 2074 esse
1369 2047 1402 2074 ad
1420 2046 1567 2081 perjurium
1585 2046 1696 2079 adigen-

907 2092 964 2119 dos.
987 2092 1101 2120 Etiamsi
1126 2093 1264 2127 videatur,
1286 2094 1382 2127 inquit,
1401 2093 1483 2120 licere
1510 2092 1553 2123 iis,
1575 2092 1620 2126 qui
1644 2099 1694 2118 sua

906 2143 1003 2173 sponte
1024 2139 1162 2174 jurarunt,
1185 2144 1237 2166 aut
1248 2139 1356 2174 aliquod
1374 2138 1509 2166 vinculum
1525 2138 1575 2165 sibi
1596 2137 1696 2172 injcce—

906 2189 987 2218 runt;
1008 2186 1080 2212 velut
1097 2185 1232 2213 abstinere
1252 2193 1266 2212 a
1285 2185 1429 2218 carnibus,
1450 2189 1496 2211 aut
1517 2192 1531 2211 a
1557 2184 1628 2216 vino,
1649 2188 1696 2210 aut

59 2230 187 2263 ποιῆσαι,
204 2228 279 2255 λύειν
316 2229 398 2256 πάλιν
427 2230 476 2264 ἀφ’
500 2231 606 2257 ἑαυτῶν
621 2231 666 2258 τὸν
678 2232 787 2267 δεσμὸν.
805 2233 850 2260 καὶ

907 2231 958 2258 hoc
971 2230 1014 2258 vel
1032 2231 1096 2258 illud
1111 2231 1255 2264 omittere;
1271 2231 1409 2258 vinculum
1424 2230 1488 2258 illud
1506 2238 1613 2257 rursum
1627 2238 1692 2264 pro-

58 2274 108 2301 τοῦ
125 2275 211 2309 ὅρκου
234 2275 401 2308 ἀφίστασθαι
415 2283 422 2291 ·
452 2274 517 2302 ἀλλ’
544 2277 576 2302 ὲκ
600 2277 700 2311 πείρας
714 2277 852 2312 ἐμάθομεν

57 2320 100 2345 ὃτι
115 2319 141 2345 οἱ
153 2319 390 2354 παρορκήσαντες,
423 2320 506 2355 ἤγουν
521 2320 546 2346 oi
571 2321 646 2355 παρὰ
669 2321 734 2353 τοὺς
754 2322 852 2356 ὅρκους

57 2366 238 2400 ποιήσαντες,
265 2366 317 2392 οὐκ
334 2365 518 2399 εὖδοκοῦνται,
538 2366 600 2393 ἀντὶ
613 2366 673 2400 τοῦ,
695 2367 725 2393 οὺ
744 2367 852 2402 Θελητοὶ

56 2412 97 2446 τῷ
108 2410 169 2446 Θεῷ
182 2412 260 2443 εἰσιν,
274 2411 289 2446 ἢ
306 2411 356 2438 οὐκ
366 2412 507 2446 εὐδόκιμοι
526 2412 612 2448 αὐτῷ,
631 2413 660 2438 οὺ
676 2413 698 2439 δ’
709 2413 852 2448 εὐάρεστοι

58 2458 212 2493 κρίνονται.
228 2459 274 2483 Δεῖ
291 2457 330 2490 δὲ,
345 2460 440 2493 φησὶν,
454 2458 500 2485 ἐπὶ
525 2459 582 2484 τῶν
604 2459 732 2486 τοιούτων
750 2460 797 2486 καὶ
822 2460 852 2485 τὸ

58 2504 132 2536 εἶδος
149 2504 197 2531 τοῦ
214 2505 297 2539 ὅρκου
315 2507 443 2531 σκοπεῖν·
459 2505 560 2538 εἴτουν,
585 2507 608 2532 εἰ
623 2507 689 2533 Θεὸν
710 2507 852 2542 ὠνόμασεν

58 2551 184 2585 ὀμνύων,
209 2550 225 2585 ἦ
239 2550 304 2577 ἄλλο
319 2560 357 2583 τι,
375 2553 421 2577 καὶ
448 2551 481 2577 τὰ
504 2552 613 2587 ῥήματα
628 2552 675 2578 τοῦ
689 2552 851 2586 ὀμόσαντος,

60 2598 110 2624 καὶ
133 2597 185 2631 τὴν
204 2596 325 2623 διάθεσιν
353 2597 400 2631 ἀφ’
432 2594 463 2632 ἧς
491 2597 595 2630 ὤμοσε,
623 2599 670 2624 καὶ
698 2598 747 2629 τὰς
783 2598 853 2624 κατὰ

59 2644 160 2670 λεπτὸν
176 2644 206 2669 ὲν
220 2645 275 2674 τοῖς
300 2644 403 2677 ῥήμασι
427 2645 594 2679 προσθήκας.
614 2645 693 2675 Εἰκὸς
707 2645 760 2680 γάρ
778 2647 852 2672 ἐστιν

60 2692 94 2716 ὲκ
111 2690 162 2724 τῆς
178 2689 226 2715 τοῦ
256 2689 338 2723 ὅρκου
371 2691 525 2724 ποιότητος,
544 2694 590 2716 καὶ
607 2692 639 2716 ὲκ
652 2694 705 2717 τῶν
721 2691 851 2728 ῥημάτων

60 2735 110 2762 καὶ
121 2735 154 2761 ἐκ
170 2735 220 2768 τῆς
251 2735 397 2767 διαθέσεως
413 2744 419 2750 ·
445 2737 469 2761 εἰ
484 2737 564 2770 τυχὸν
594 2738 626 2762 ἐκ
659 2737 851 2772 μικροψυχίας,

61 2781 112 2806 καὶ
123 2780 175 2806 οὐκ
189 2780 217 2811 ἐξ
230 2780 347 2815 ἀμέτρου
359 2780 471 2814 γνώμης
495 2780 596 2815 ὤμοσε,
611 2783 774 2809 καταλαόεῖν
790 2783 853 2814 τοὺς

62 2825 246 2855 σκοποῦντας.
265 2825 301 2859 μὴ
318 2824 471 2851 κωλύεσθαι
488 2825 533 2851 τὸν
548 2826 685 2860 ὀμόσαντα
702 2827 853 2861 ἀποστῆναι

63 2870 110 2898 τοῦ
126 2872 220 2905 ὅρκου.
239 2871 269 2896 El
283 2871 321 2905 δὲ,
340 2871 442 2898 τούτων
477 2872 681 2907 σκοπουμένων,
705 2873 754 2899 οὐκ
779 2873 853 2899 ἔστιν

907 2278 964 2312 pria
988 2278 1152 2305 auctoritate
1175 2277 1335 2309 dissolvere,
1354 2282 1381 2304 et
1403 2284 1417 2303 a
1433 2276 1611 2312 jurejurando
1629 2278 1695 2303 deti-

906 2330 988 2350 cere:
1009 2327 1196 2350 verumtamen
1214 2323 1381 2359 ettpet'ieutia
1404 2323 1560 2354 didicimus,
1585 2330 1631 2349 eos
1649 2323 1693 2357 qui

906 2370 1089 2404 perjurarunt,
1105 2370 1154 2396 hoc
1170 2374 1222 2401 est,
1236 2369 1281 2404 qui
1293 2374 1386 2397 contra
1402 2369 1428 2395 id
1439 2369 1509 2404 quod
1521 2369 1694 2404 juraverunt.

906 2415 1044 2450 quippiam
1067 2414 1201 2447 fecerunt,
1225 2423 1278 2442 non
1300 2416 1416 2450 placere,
1431 2416 1483 2443 hoc
1500 2421 1559 2448 est,
1585 2415 1696 2442 minime

906 2465 1031 2492 acceptos
1046 2467 1106 2486 esse
1122 2459 1188 2491 Deo,
1210 2459 1250 2486 vel
1277 2459 1484 2494 haudquaquam
1503 2459 1610 2494 probos,
1627 2458 1695 2484 ami-

905 2512 1006 2539 cosque
1024 2506 1058 2532 ab
1086 2505 1143 2538 ipso
1166 2505 1296 2539 jttdicari.
1318 2504 1429 2539 Oportet
1453 2511 1529 2537 vero,
1548 2504 1643 2538 inquit,
1668 2502 1694 2528 in

907 2550 981 2577 hisce
999 2550 1151 2577 hominibus
1174 2557 1258 2584 genus
1274 2557 1380 2584 quoque
1401 2547 1580 2582 jurisjurandi
1605 2547 1694 2573 (onst:

906 2597 1011 2629 derare,
1027 2597 1148 2625 Deuntne
1162 2597 1458 2631 appellaveritjurans,
1474 2604 1507 2622 an
1527 2595 1600 2622 aliud
1617 2593 1695 2627 quid-

908 2644 988 2677 piam.
1010 2648 1064 2670 tutn
1082 2643 1199 2678 jurantis
1216 2643 1308 2674 verba,
1332 2643 1470 2676 animique
1491 2640 1615 2667 aﬂ‘eetum
1640 2645 1695 2673 quo

907 2690 1017 2724 juravit,
1042 2698 1074 2717 ac
1095 2690 1215 2717 minutas
1235 2697 1357 2725 quasque
1379 2687 1531 2715 additiones
1548 2687 1575 2714 in
1591 2686 1693 2714 verbis.

909 2736 1049 2763 Probabile
1061 2736 1133 2763 enim
1147 2740 1198 2767 est,
1211 2743 1243 2762 ex
1256 2733 1435 2768 jurisjurandi
1451 2732 1546 2765 forma,
1559 2740 1593 2759 ex
1605 2732 1696 2760 verbis

909 2782 1027 2816 pariter,
1041 2787 1066 2809 et
1079 2790 1112 2809 ex
1130 2782 1213 2808 animi
1232 2780 1384 2810 affectione,
1408 2780 1431 2807 si
1451 2779 1522 2806 forte
1539 2787 1572 2806 ex
1587 2777 1697 2814 pusilla-

910 2829 1043 2859 nimitate,
1058 2836 1111 2855 non
1127 2833 1220 2855 autent
1234 2836 1265 2854 ex
1281 2826 1415 2854 constanti
1435 2826 1573 2861 proposito
1584 2825 1694 2860 juravit,

909 2873 1072 2908 deprehendi
1091 2881 1170 2907 posse
1186 2873 1219 2900 ab
1234 2873 1278 2906 iis,
1298 2873 1342 2908 qui
1360 2873 1490 2900 attentius
1505 2871 1695 2908 cogitaverim,
