1914 3077
61 143 110 172 ῐῖ33

360 198 480 224 ΚΑΝΩΝ
497 197 547 227 ι;ι’.

66 245 91 270 '0
115 244 143 269 δὲ
158 244 205 270 τὸν
220 243 348 270 ἀκούσιον
372 245 490 279 ποιήσας
519 245 599 278 φόνον
612 245 770 279 ἀρκούντως
785 245 844 278 ἐξε-

92 290 224 325 πλήρωσε
249 291 299 325 τὴν
323 290 402 324 δίκην
417 292 445 317 ἐν
459 292 515 322 τοῖς
543 291 639 317 ἕνδεκα
662 291 746 319 ἔτεσι.
762 291 846 326 Δῆλον

93 335 148 370 γὰρ
159 336 200 361 ὅτι
217 336 264 362 ἐπὶ
295 336 350 362 τῶν
376 336 536 371 πληγέντων
549 337 582 363 τὰ
605 337 727 368 Μωσέως
753 346 846 372 παρα-

91 381 264 414 τηρήσομεν.
284 382 339 408 Kal.
357 381 402 407 τὸν
441 382 640 409 κατακλιθέντα
653 383 704 417 μὲν
719 383 764 409 ἐπὶ
792 383 846 410 τῶν

94 427 214 459 πληγῶν
233 427 267 458 ἃς
283 428 374 460 ἔλασε,
395 428 543 461 βαδίσαντα
557 429 585 455 δὲ
598 429 680 456 πάλιν
693 430 738 455 ἐπὶ
757 429 847 464 ῥάϐδῳ

94 472 192 503 αὑτοῦ,
223 474 253 499 οὐ
280 473 445 508 λογισάμεθα
473 475 679 508 πεςονεῦσθαι·
708 475 773 501 εἰδὲ
798 475 846 502 καὶ

92 517 144 542 οὐκ
159 517 292 551 ἐξανέστη
315 518 384 551 μετὰ
408 519 457 550 τὰς
489 519 607 554 πληγὰς,
622 519 680 546 ἀλλ’
695 518 741 545 οὖν
753 520 792 554 τῷ
809 520 847 555 μὴ

98 564 266 597 προελέσθαι
287 565 367 591 αὐτὸν
382 565 523 598 ἀνελεῖν,ό
548 567 690 600 τυπτήσας
716 566 848 603 φονευτὴς

94 612 157 646 μὲν,
177 611 235 638 ἀλλ’
252 613 380 645 ἀκούσιος
395 613 437 640 διὰ
455 613 503 648 τὴν
519 613 661 647 πρόθεσιν.

94 699 193 725 ΒΑΔΣ.
209 698 239 725 ’0
261 699 299 730 νζ¹
323 699 412 725 κανὼν
438 699 486 726 toﬁ
517 699 596 732 ἁγίου
627 700 722 727 τούτου
735 701 842 736 Πατρδς

60 746 106 771 ἐπὶ
141 745 211 771 δέκα
222 745 334 780 χωρίζει
357 745 421 776 τοὺς
445 745 573 772 ἀκούσιον
587 745 667 778 φόνον
680 747 849 778 ποιήσαντας

60 791 125 825 ρῖῆς
140 791 192 816 τῶν
204 791 283 817 θείων
294 791 474 825 ἁγιασμάτων
492 791 678 826 μεταλήψεως.
689 793 719 818 '0
736 792 764 818 δὲ
775 801 848 827 παρ-

57 837 94 863 ὼν
126 836 219 863 κανών
245 845 321 871 φησι,
350 836 396 862 τὸν
421 838 457 873 μὴ
485 837 563 870 μόνον
594 838 640 863 ἐπὶ
663 837 730 864 δέκα
763 838 847 869 ἔτεσι,

59 883 127 908 ἀλλὰ
152 883 262 912 ἕνδεκα.
300 883 337 918 μὴ
371 883 540 917 μετασχόντα
582 883 636 910 τῶν
669 884 848 918 ἀτιασμάτων

60 927 192 954 ἀκούσιον
228 928 361 962 φονευτὴν
386 930 418 954 ὲκ
439 928 601 964 περιουσίας
623 929 758 963 δέχεσθαι.
784 927 850 955 Εἶτα

62 973 229 1007 προστίθησι
256 973 293 1007 μὴ
310 973 475 1000 ἀπεντεῦθεν
489 974 525 1005 ὡς
536 974 620 1007 φονέα
639 973 850 1008 κατακρίνεσθαι

59 1020 106 1045 τὶν
120 1020 262 1053 πλήξαντά
286 1029 356 1052 τινα,
377 1020 428 1046 κᾶν
454 1021 565 1056 καιρίαν
579 1021 716 1055 ἐπήνεγκε
729 1020 847 1054 πληγὴν,

63 1066 99 1099 μὴ
131 1066 178 1092 ἐπὶ
215 1065 308 1099 σκοπῷ
337 1066 427 1100 μέντοι
459 1066 550 1100 φόνου.
581 1066 652 1092 Am
678 1066 741 1101 χρὴ,
772 1066 848 1100 φησὶ,

59 1111 131 1137 κατὰ
140 1111 188 1138 τόν
212 1111 359 1138 Μωσαῖκὸν
377 1112 468 1146 νόμον,
494 1112 640 1146 προσέχειν
664 1112 711 1138 ἐπὶ
725 1111 765 1146 τῷ
783 1112 850 1146 πλη-

59 1156 146 1188 γέντι·
173 1156 221 1182 καὶ
237 1157 261 1182 εἰ
280 1156 329 1190 μὲν
361 1156 430 1190 μετὰ
455 1156 485 1181 τὺ
513 1155 711 1189 κατακλιθῆναι
739 1157 771 1181 ὲκ
800 1155 850 1190 τῆς

60 1203 171 1236 πληγῆς
185 1203 254 1236 προς
271 1203 366 1236 ὑγείαν
394 1203 424 1228 οὐ
441 1202 604 1236 προέκοψεν,
622 1202 689 1228 ἀλλὰ
706 1201 848 1236 ἐτελεύτη-

60 1257 117 1280 σεν,
131 1249 162 1280 ἐξ
176 1249 299 1282 ἀνάγκης
332 1249 493 1275 ὑποκεῖσθαι
507 1249 551 1275 τὸν
579 1248 719 1283 πλήξαντα
800 1247 849 1274 τοῦ

60 1294 192 1320 ἀκουσίου
221 1293 303 1327 φόνου
326 1294 498 1328 ὲγκλήματι³
528 1294 596 1321 εἰδὲ
621 1294 719 1329 ἀνέστη
741 1294 773 1319 ὲκ
800 1293 849 1327 τῆς

59 1339 179 1372 πληγῆς.
200 1339 247 1364 καὶ
273 1338 472 1373 περιεπάτησεν
499 1338 544 1364 ἐπὶ
565 1339 597 1373 τῇ
625 1338 715 1373 ῥάϐδῳ
753 1337 848 1370 αὑτοῦ,

60 1385 146 1417 ἤγουν
159 1386 196 1418 μὴ
222 1383 332 1414 τελείως
354 1383 499 1419 ἀπηλλάγη
523 1384 573 1418 τῆς
603 1383 755 1416 ἀσθενείας,
789 1380 849 1409 εἶτα

59 1430 192 1461 ἀπέθανε,
212 1431 248 1464 μὴ
259 1429 413 1463 λογίζεσθαι
430 1430 475 1455 τδν
491 1430 631 1465 πλήξαντα
656 1430 748 1464 φονέα.
767 1430 849 1456 Ὥστε

62 1476 220 1510 στεμεὶωσαι
237 1477 283 1502 καὶ
305 1476 359 1502 ἀπο
383 1475 489 1508 τούτου,
510 1475 602 1506 καθὼς
619 1477 732 1510 εἴπομεν
749 1476 795 1502 καὶ
821 1476 850 1501 ἐν

552 144 591 174 1N
613 143 732 174 EPIST.
747 143 777 174 S.
797 142 938 173 BASILII
957 144 1174 175 CANONICAM
1196 146 1220 175 ι.

862 199 886 227 Δ

1204 199 1319 228 CANON
1340 201 1385 228 XI.

897 245 948 278 Qui
965 251 1054 273 autem
1074 246 1281 274 involuntariam
1297 249 1396 274 caedem
1417 247 1492 279 fecit,
1511 248 1537 274 in
1559 248 1685 275 undt-citn

933 292 1014 318 annis
1027 291 1132 318 abunde
1146 291 1249 325 judicio
1262 292 1403 319 satisfecit.
1419 293 1526 320 Clarum
1542 299 1583 320 est
1597 294 1685 325 enim,

932 337 1002 371 quod
1019 338 1044 363 in
1064 337 1095 364 iis
1108 338 1155 372 qui
1169 339 1288 372 percussi
1302 344 1374 369 sunt,
1390 347 1449 373 quas
1464 339 1549 366 voluit
1567 338 1687 374 Moyses.

934 383 1150 415 observabimus,
1168 389 1196 409 nt
1216 391 1276 410 eum
1294 385 1412 417 quidem.
1429 384 1473 417 qtti
1495 389 1603 419 propter
1626 385 1687 418 pla-

934 436 993 463 gas.
1016 437 1083 463 quas
1105 431 1220 463 accepit,
1240 430 1377 459 decubuit,
1396 438 1488 457 rursus
1505 436 1593 457 antem
1609 431 1686 465 virga

934 481 982 501 sua
999 475 1108 502 innixus
1123 475 1281 505 ambulavit,
1299 474 1419 501 occisum
1435 482 1494 501 esse
1511 482 1563 501 non
1581 481 1688 508 reputa-

936 519 1023 546 bituus
1045 528 1052 546 :
1067 519 1108 546 sin
1125 523 1214 546 autem
1241 524 1301 552 post
1327 520 1395 546 ictus
1411 527 1462 546 non
1479 521 1607 552 surrexit,
1625 528 1686 546 cum

934 573 994 592 eum
1013 570 1101 591 tamen
1120 565 1201 592 nollet
1227 565 1378 592 interficere
1399 565 1442 599 qni
1460 566 1621 595 verberavit,
1645 571 1687 592 cst

933 611 1040 646 quidem
1057 611 1202 644 homicida,
1220 611 1267 637 sed
1285 610 1483 637 involuntarius
1498 616 1606 645 propter
1621 618 1687 645 pro-

935 661 1064 688 posttum.

935 700 1035 728 BALS.
1064 701 1310 736 Quinquagesimus
1335 702 1467 735 septimus
1493 708 1578 728 canon
1605 701 1686 734 huius

900 748 984 774 sancti
999 747 1088 774 Patris
1105 755 1162 778 eos.
1179 747 1225 781 qui
1245 747 1451 774 involuntariatn
1467 749 1565 774 caedem
1586 748 1687 779 fecere,

901 793 993 820 decem
1007 793 1085 820 annis
1100 800 1113 820 a
1127 793 1279 819 divinorum
1293 798 1524 820 sacramentorum
1541 794 1688 828 participa-

902 837 974 864 tione
988 842 1106 871 separat.
1124 838 1246 865 Prazsens
1259 843 1348 865 autent
1363 845 1449 865 canon
1465 838 1539 869 dicit,
1553 846 1627 868 eum,
1640 839 1686 872 qni

902 891 955 910 non
970 883 1055 910 solum
1074 884 1218 917 decennio,
1232 885 1279 912 sed
1294 885 1374 912 etiam
1391 884 1516 911 undecim
1534 884 1621 915 annis,
1639 891 1689 910 sa-

901 929 1050 957 cramentis
1072 937 1124 956 non
1147 929 1367 962 communicavit,
1389 929 1598 955 iuvuluntariuln
1615 929 1688 956 occi-

901 982 988 1001 sorem
1005 975 1071 1001 satis
1095 982 1231 1009 superque
1251 974 1358 1001 fecisse.
1377 974 1479 1001 Deinde
1495 974 1597 1006 adjicit,
1624 981 1687 1000 eum

901 1027 953 1047 non
979 1019 1040 1047 ideo
1061 1024 1090 1046 ut
1113 1020 1276 1047 homicidam
1295 1020 1482 1051 condemnari,
1506 1020 1551 1054 qui
1570 1020 1688 1053 aliquem

901 1065 1046 1098 percussit,
1064 1065 1172 1092 etiamsi
1196 1065 1321 1092 lcthalem
1347 1065 1450 1100 plagam
1471 1065 1611 1098 indixerit,
1634 1073 1688 1092 non

905 1115 994 1136 tamen
1018 1117 1079 1137 cum
1101 1110 1240 1137 occidendi
1261 1111 1399 1145 proposito
1418 1119 1424 1137 :
1443 1111 1488 1138 sed
1512 1116 1629 1144 oportet,
1651 1111 1690 1138 in-

900 1155 967 1190 quit.
977 1156 1124 1183 secundum
1136 1156 1220 1191 legem
1233 1156 1389 1187 Mosaicam,
1401 1157 1469 1190 ejus,
1482 1157 1526 1191 qui
1543 1164 1688 1190 percussus

901 1207 952 1229 est.
966 1202 1098 1228 rationem
1117 1201 1228 1234 habere,
1244 1206 1281 1232 et.
1297 1202 1319 1228 si
1335 1207 1476 1236 postquam
1491 1202 1524 1228 ab
1539 1203 1593 1228 ictu
1608 1203 1689 1228 det-u-

902 1248 970 1279 ltuit,
983 1255 1037 1274 non
1052 1247 1200 1279 convaluit,
1215 1249 1261 1275 sed
1278 1253 1402 1274 mortuus
1414 1252 1466 1278 est,
1479 1247 1501 1274 is
1516 1247 1563 1281 qui
1581 1254 1691 1280 percus-

900 1294 937 1320 sit
945 1293 1131 1320 involuntarite
1140 1294 1221 1320 cmdis
1230 1293 1353 1324 crimine,
1363 1293 1525 1323 necessario.
1536 1293 1688 1319 tenebitur:

901 1341 942 1367 sin
963 1345 1052 1366 autem
1080 1340 1114 1366 ab
1131 1340 1184 1366 ἰυιιι
1206 1340 1336 1370 surrexit,
1358 1344 1385 1365 et
1409 1339 1482 1373 virga
1507 1346 1555 1365 sua
1579 1339 1689 1364 innixus

901 1386 1062 1416 ambulavit,
1077 1386 1130 1412 hoc
1145 1391 1197 1417 est,
1213 1393 1266 1412 non
1284 1385 1402 1419 perfecte
1416 1393 1430 1411 a
1450 1385 1543 1411 morbo
1561 1388 1603 1411 est
1621 1384 1688 1410 libo—

903 1437 989 1462 ratus.
1003 1432 1101 1458 deinde
1117 1436 1238 1458 mortuus
1254 1435 1315 1463 est;
1330 1438 1390 1457 eum
1405 1431 1450 1464 qtti
1472 1430 1616 1464 percussit,
1635 1436 1687 1456 non

903 1478 1022 1512 reputari
1050 1482 1078 1504 ut
1096 1477 1268 1504 homicidam.
1291 1477 1382 1510 Quare
1402 1482 1465 1503 nula
1487 1477 1566 1503 etiam
1588 1483 1619 1502 ex
1638 1476 1689 1502 hoc

60 1522 99 1555 τῷ
120 1525 147 1555 η’
171 1521 264 1547 κανόνι
280 1541 287 1553 ,
311 1521 357 1547 τὸν
391 1521 517 1548 ἀκούσιον
544 1522 624 1555 φόνον
652 1523 682 1548 ὲκ
711 1522 758 1548 τοῦ
783 1522 847 1547 ἀπο-

907 1524 1129 1559 μιοῐιιοάιιιοᾶιιιῐι
1148 1523 1266 1550 diximus
1281 1526 1309 1550 et
1324 1523 1349 1548 in
1365 1529 1424 1549 can.
1442 1522 1458 1549 8
1474 1521 1684 1549 involuntariam

60 1568 227 1601 τελέσματος
255 1567 463 1602 ἀναφαίνεσθαι.

63 1616 112 1648 τὴν
137 1614 245 1649 πληγὴν
274 1613 524 1647 περιεργαζόμεθα,
542 1614 596 1640 εἴτε
621 1614 708 1648 μικρὰ
725 1614 847 1647 γέγονεν,

63 1660 118 1685 εἴτε
149 1660 267 1693 μεγάλη,
295 1659 362 1685 ἀλλὰ
392 1659 439 1684 τὸν
461 1660 493 1684 ἐκ
510 1659 560 1694 τῆς
584 1659 691 1693 πληγῆς
712 1659 846 1686 θάνατον’

63 1705 185 1737 ὦσπερό
199 1704 322 1735 ἑκούσιος
347 1705 428 1738 φόνος
451 1705 482 1730 ἐκ
513 1705 597 1738 μόνης
622 1705 671 1738 τῆς
692 1704 848 1739 προθέσεως

64 1751 271 1783 κατακρίνεται,
301 1750 353 1776 κᾶν
385 1750 421 1784 μὴ
452 1750 539 1784 προϐῇ
570 1750 757 1783 ἀποτέλεσμα,
789 1751 848 1786 ἦτοι

64 1799 187 1827 θάνατος.
209 1797 368 1831 Σημείωσαι
388 1796 416 1822 δὲ
435 1796 489 1822 ἀπὸ
520 1796 567 1822 τοῦ
584 1796 718 1830 παρόντος
736 1798 847 1827 κανόνος

63 1844 105 1870 ὅτι
120 1844 167 1869 ἐπὶ
177 1842 225 1868 τοῦ
244 1843 373 1868 ἀκουσίου
392 1841 583 1875 φόνου-κακῶς
604 1850 676 1873 τινες
690 1842 848 1876 πολυπραγ-

65 1889 174 1925 μονοῦσι
201 1891 272 1916 atati
295 1889 374 1915 ποίαν
403 1889 510 1923 ἡμέραν
531 1889 547 1922 ἡ
573 1888 664 1923 πληγὴ
698 1887 848 1922 ὲπηνέχθη,

63 1939 107 1962 καὶ
123 1937 191 1968 μετὰ
209 1935 295 1963 πόσας
309 1936 416 1970 ἡμέρας
442 1934 648 1969 ἐπηκολούθησε
662 1935 700 1968 τῷ
717 1935 848 1967 πληγέντι

63 1983 77 2008 ὸ
98 1983 223 2012 θάνατος.
242 1981 302 2008 Κᾶν
326 1981 381 2016 γὰρ
400 1981 483 2012 πολὺς
507 1981 629 2015 παρῆλθε
645 1980 713 2015 μετὰ
742 1980 848 2015 πληγὴν

65 2029 168 2062 κτιρξς,
189 2029 264 2060 ὅμως
285 2028 312 2053 δὲ
333 2029 364 2053 ἐκ
382 2028 432 2062 τῆς
470 2027 558 2057 αἰτίας
578 2026 671 2053 ἔθανεν
688 2028 701 2052 ὁ
719 2026 768 2061 τὴν
781 2027 848 2060 πλη-

66 2076 116 2108 γὴν
140 2074 271 2104 ὑποστὰς.
293 2073 369 2099 οὐδὲν
393 2070 475 2108 ἦττον
505 2073 633 2106 γενέσθαι
662 2073 779 2107 λέγομεν
803 2073 848 2099 τὸν

68 2120 194 2147 ἀκούσιον
219 2120 309 2153 φόνον.
349 2119 501 2152 Ἀνὰγνωθι
537 2119 584 2144 καὶ
613 2118 656 2144 τὸν
687 2121 711 2152 η’
748 2118 848 2144 κανόνα

65 2167 110 2193 τοῦ
138 2166 216 2200 ἁγίου
247 2164 342 2191 τούτου
364 2163 493 2199 Πατρὺς,
534 2165 581 2190 καιὶ
612 2164 662 2198 τὴν
689 2163 842 2198 ἑρμηνείαν

503 1567 554 1592 Διὰ
589 1567 668 1593 τοῦτο
695 1567 749 1602 γὰρ
786 1567 848 1593 οὐδὲ

66 2222 148 2241 α-δῖου

100 2258 222 2285 ΖΩΝΑΡ.
246 2257 385 2284 Ἀκοὺσιόν
413 2264 455 2287 τις
489 2255 601 2290 ἐποίησε
633 2254 724 2288 φόνον,
746 2254 793 2281 καὶ
805 2254 851 2280 ἓν·

65 2307 126 2332 δεκι
153 2304 291 2331 διεσίὸασε
315 2303 429 2338 χρόνους
460 2301 662 2336 ἀφωρισμένος.
703 2300 848 2336 Ἠρωτήθη

66 2353 111 2381 οὖν
127 2355 140 2380 ὁ
154 2353 233 2386 ἅγιος
245 2352 328 2386 είχρὴ
361 2351 475 2385 λυθῆναι
487 2349 568 2376 αὑτὸν
595 2349 641 2375 τοῦ
653 2348 754 2383 δεσμοῦ
771 2355 777 2363 ³
800 2348 849 2374 καὶ

65 2399 232 2433 ἀπεκρίνατ’)
256 2397 297 2423 ὅτι
313 2398 341 2422 ἐν
364 2397 420 2427 τοῖς
447 2395 545 2422 ἕνδεκα
574 2394 663 2420 ἔτεσιν
687 2393 848 2427 ἀρκούντως

66 2445 237 2478 ἐξεπλήρωσε
266 2441 316 2478 τὴν
340 2442 429 2476 δίκην,
457 2442 541 2476 ήγουν
562 2441 611 2474 τὴν
632 2439 780 2474 τιμωρίαν.
809 2437 851 2464 Τὰ

67 2492 94 2518 δὲ
109 2491 202 2517 ἕνδεκα
238 2488 286 2522 ἔτη
319 2486 406 2520 εἶπεν,
436 2489 483 2522 οὐχ
500 2487 536 2517 ὡς
549 2485 670 2518 τοσούτῳ
701 2485 789 2521 χρόνῳ
803 2484 850 2511 τοῦ

67 2538 200 2568 ἀκουσίως
213 2535 394 2571 φονεύσαντος
424 2534 637 2568 ἔπιτιμωμένου·
654 2533 778 2560 δεκαετία
792 2532 847 2566 γὰρ

69 2582 214 2613 ότοεοῦεος
240 2581 402 2614 ἐπιτιμᾶται
435 2580 506 2606 κατὰ
537 2579 583 2606 τὸν
607 2579 644 2610 νζ¹
673 2578 774 2605 κανόνα
801 2576 849 2603 τοῦ

71 2628 184 2664 μεγάλου
201 2627 296 2653 τούτου
316 2626 432 2660 Πατρός·
447 2626 504 2651 ἀλλ’
526 2625 563 2656 ὡς
579 2624 652 2651 οὕτω
669 2623 715 2650 τοῦ
745 2623 848 2657 φάκτου

70 2675 182 2709 ἔχοντος.
211 2669 280 2698 Εἶτά
308 2679 391 2706 φησιν
405 2672 445 2697 ὅτι
461 2672 490 2697 ἐν
503 2672 558 2702 τοῖς
577 2670 706 2704 πληγεῖσι
719 2669 767 2695 καὶ
781 2669 848 2694 ἀπο-

71 2718 176 2746 θανοῦσι
198 2716 443 2750 παρατηρήσομεν,
471 2715 530 2749 ἢτοι
551 2713 849 2748 παραφυλάξομεν,τδν

71 2764 147 2797 νόμον
173 2761 221 2787 τδν
249 2760 407 2792 Μωοαῖκὺν,
431 2760 505 2792 ὅστις
526 2760 610 2794 ὥρισε
638 2760 685 2785 τὸν
713 2757 850 2794 πληγέντα

73 2808 144 2844 παρά
165 2815 239 2839 τινος
252 2808 299 2833 καὶ
312 2806 509 2834 κατακλιθέντα
532 2806 576 2833 διὰ
593 2806 641 2837 τὰς
657 2805 777 2840 πληγὰς,
800 2805 850 2831 ὲὰν

75 2855 138 2882 μετὰ
147 2854 234 2881 ταῦτα
249 2853 393 2887 ἐξαναστῇ,
409 2854 456 2880 καὶ
472 2853 646 2887 περιπατήσῃ
660 2851 745 2886 ὲπὶτῇ
761 2851 850 2886 ρἀῦδῳ

865 2188 888 2216 1)

901 1571 1000 1598 eadem
1017 1577 1049 1596 ex
1063 1568 1160 1596 effectu
1185 1569 1304 1596 ostendi.
1326 1568 1473 1602 Propterea
1496 1567 1568 1595 enim
1588 1575 1637 1594 nec
1655 1567 1689 1593 de

901 1617 954 1643 ictu
972 1616 1137 1648 laboramus,
1161 1623 1194 1642 an
1216 1615 1253 1642 sit
1268 1622 1379 1649 parvus,
1402 1622 1436 1641 an
1454 1621 1577 1647 magnus,
1593 1613 1639 1640 sed
1655 1614 1688 1640 de

900 1666 987 1690 morte
1002 1669 1061 1696 qua:
1080 1669 1113 1688 ex
1128 1662 1182 1688 ictu
1198 1661 1341 1695 processit,
1358 1664 1387 1686 ut
1401 1660 1489 1687 caedes
1504 1659 1656 1686 voluntaria
1671 1666 1686 1685 a

900 1708 1037 1742 proposito
1051 1707 1109 1733 solo
1121 1706 1267 1739 jndicatur,
1283 1704 1388 1731 etiamsi
1405 1704 1516 1731 ell'ectus
1533 1704 1589 1731 sive
1603 1710 1680 1729 mors

901 1754 1011 1781 minime
1025 1757 1165 1787 sequatur.
1189 1751 1255 1778 Nola
1277 1755 1367 1778 autem
1388 1758 1421 1778 ex
1437 1751 1562 1785 prtesenti
1579 1757 1684 1777 canone

900 1800 971 1835 quod
987 1800 1015 1827 in
1031 1800 1103 1826 caede
1121 1797 1300 1825 involuutaria
1324 1797 1444 1823 nonnulli
1462 1796 1517 1831 69
1532 1795 1602 1822 male
1622 1800 1686 1822 sunt

900 1847 1012 1874 nimium
1030 1845 1143 1875 curiosi,
1159 1847 1310 1878 qumrentes
1325 1849 1378 1876 quo
1393 1843 1436 1869 die
1453 1845 1612 1868 vulneratus
1632 1845 1685 1873 est,

900 1896 927 1919 et
951 1895 1012 1925 post
1035 1895 1101 1925 quot
1124 1890 1181 1916 dies
1205 1897 1276 1919 eum.
1299 1889 1344 1922 qui
1372 1895 1515 1922 percussus
1537 1894 1589 1919 est,
1615 1895 1687 1913 mors

899 1941 1044 1965 consecuta
1059 1941 1100 1964 est
1115 1945 1122 1963 :
1135 1936 1186 1963 etsi
1203 1935 1274 1962 enim
1289 1935 1396 1970 longum
1413 1941 1517 1969 tempus
1530 1939 1588 1968 post
1603 1935 1685 1961 ictum

899 1982 1068 2018 praeterierit,
1078 1989 1110 2009 ex
1119 1982 1167 2009 hac
1179 1986 1266 2009 tamen
1278 1989 1356 2008 causa
1367 1987 1486 2008 mortuus
1496 1986 1536 2008 est
1548 1981 1592 2015 qni
1607 1981 1687 2006 lt‘ltllll

899 2030 1036 2061 sustinuit,
1052 2029 1135 2056 nihilo
1149 2028 1237 2055 secius
1264 2028 1361 2055 factam
1378 2035 1438 2056 esse
1453 2027 1566 2054 dicimus
1587 2026 1688 2053 eadem

899 2075 1121 2103 involuntariaxn.
1150 2074 1220 2109 Lege
1243 2078 1272 2101 et
1297 2081 1428 2100 canonem
1456 2074 1472 2101 8
1495 2073 1574 2107 hujus
1599 2071 1688 2099 sancti

899 2121 997 2153 Patris,
1012 2125 1039 2148 et
1054 2121 1114 2155 ejus
1131 2119 1396 2155 interpretationem.

938 2248 1064 2278 ZONAR.
1086 2248 1298 2276 lnvolnntariam
1316 2247 1378 2282 quis
1397 2247 1497 2274 caedem
1514 2246 1642 2281 patravit.
1657 2253 1689 2273 ac

904 2297 1027 2324 undecim
1044 2303 1129 2322 annos
1153 2293 1283 2328 transegit
1300 2297 1469 2327 segregatus.
1492 2293 1610 2327 [togatus
1638 2291 1688 2319 fuit

903 2350 967 2378 ergo
978 2346 1086 2369 sanctus
1100 2341 1152 2373 vir,
1165 2349 1197 2366 an
1210 2341 1287 2367 illum
1301 2347 1332 2367 eo
1344 2340 1450 2366 vinculo
1463 2339 1530 2366 solvi
1542 2344 1687 2373 oporteat:

904 2387 1093 2421 responditque
1108 2385 1233 2413 undecim
1249 2393 1383 2412 annorum
1400 2385 1489 2419 spatio
1503 2385 1570 2411 satis
1586 2384 1690 2419 suppli-

903 2434 939 2461 cii
963 2433 1055 2465 luisse,
1072 2433 1140 2460 satis
1163 2439 1316 2467 pcenarum.
1340 2431 1471 2459 Undecint
1496 2438 1577 2465 porro
1605 2425 1689 2456 anno's

904 2480 982 2511 dixit,
1006 2487 1058 2506 non
1083 2478 1153 2513 quod
1174 2482 1250 2504 tanto
1278 2483 1409 2510 tempore,
1436 2477 1481 2510 qui
1508 2476 1688 2503 involttnturie

904 2526 1013 2557 occidit,
1028 2525 1159 2560 puniatur
1177 2532 1185 2551 :
1201 2523 1361 2550 decennium
1378 2530 1495 2556 namque
1512 2522 1586 2548 hisce
1602 2520 1689 2548 homi-

903 2571 993 2602 nibus,
1009 2569 1234 2604 quinquagesimo
1251 2568 1366 2601 septimo
1380 2574 1483 2593 canone
1502 2565 1581 2598 hujus
1598 2564 1686 2598 magni

903 2618 1002 2649 Patris,
1022 2617 1112 2644 multae
1137 2616 1245 2643 nomine
1263 2615 1438 2642 constitutum
1457 2617 1499 2639 est
1521 2620 1528 2639 :
1546 2612 1592 2639 sed
1616 2611 1686 2645 quod

903 2666 939 2692 ita
956 2671 1015 2692 sese
1031 2670 1072 2690 res
1086 2664 1112 2690 in
1124 2663 1176 2689 hoc
1191 2661 1300 2689 homine
1319 2660 1440 2687 haberet.
1461 2657 1561 2684 Deinde
1575 2656 1685 2688 asserit,

903 2713 930 2740 in
947 2712 981 2739 iis
995 2711 1040 2745 qui
1056 2710 1175 2746 percussi
1187 2716 1218 2735 ac
1234 2708 1331 2736 mortui
1349 2709 1422 2738 sunt,
1440 2703 1621 2733 retinendam.
1636 2703 1687 2729 hoc

903 2763 944 2787 est
961 2757 1121 2786 servandam
1140 2763 1200 2784 esse
1215 2754 1362 2782 Mosaicam
1379 2753 1476 2786 legem,
1491 2757 1551 2784 qua;
1568 2749 1687 2777 decrevit

904 2805 1052 2835 hominem,
1077 2802 1121 2838 qui
1145 2810 1159 2828 a
1185 2801 1310 2836 quopiam
1337 2805 1481 2833 percussus
1498 2801 1548 2828 cst,
1573 2802 1688 2830 moxque

910 2850 1048 2884 decubuit,
1065 2849 1086 2877 si
1104 2853 1195 2883 postea
1214 2854 1229 2875 ο
1248 2844 1349 2874 lectulo
1362 2842 1514 2872 surrexerit
1528 2841 1686 2869 ambulave-
