1912 3076
46 127 112 160 673

522 129 565 160 IN
579 130 709 161 rEPlST.
727 131 755 162 S.
776 131 921 162 BASlLlI
942 132 1164 162 CANONICAM
1186 134 1226 165 ll.

1635 135 1687 166 δτι

92 185 219 213 ΖΩΧΔΡ.
238 185 301 212 Ἐὰν
317 193 358 216 τις
382 184 516 219 παρθένον
534 174 722 220 ἀμνήστευτον
739 186 849 222 φθείρῃ,

939 185 1065 213 ZONAR.
1082 186 1111 214 Si
1131 187 1192 221 quis
1209 187 1339 222 virginem
1357 188 1407 216 sibi
1428 196 1480 216 non
1496 189 1686 224 desp0nsat2un

49 234 105 258 καὶ
117 233 186 258 κατα
202 232 252 266 τὴν
269 231 373 267 φθορὰν
390 231 427 263 ὡς
446 231 557 266 συζὺγῳ
571 231 644 267 αὐτῇ
672 232 784 267 χρῆται,
811 231 850 267 τῷ

51 279 112 312 μὲν
142 279 192 312 τῆς
223 279 326 313 φθορᾶς
367 277 497 313 ἐπιτιμίῳ
526 277 713 311 ὑποκείσεται,
742 277 790 313 τὴν
822 277 852 304 δὲ

50 325 181 358 γυναῖκα
196 324 247 350 οὐκ
260 323 479 359 ἀφαιρεθήσεται
491 331 497 338 ·
515 323 636 358 δηλονότι
648 324 696 351 ἐὰν
722 325 748 350 οἱ
763 325 851 358 γονεῖς

53 370 163 404 αὐτῆς.
181 367 222 401 οἷς
239 369 390 401 ὐπεξουσία
409 370 479 401 ἐστὶ,
492 369 698 404 καταδέχωνται
724 369 773 404 τὴν
793 371 851 404 μετ’

53 416 171 442 ἐκείνου
187 415 347 450 συνοίκησιν
358 415 405 441 τοῦ
420 415 542 448 γυναίου.
559 415 588 442 Ei
612 415 667 450 γὰρ
692 415 791 441 ἐκεῖνοι
821 415 850 442 οὐ

54 461 219 496 βούλονται,
242 461 289 488 καὶ
311 461 511 496 κολασθήσεται
539 460 610 487 κατὰ
639 461 685 487 τῖν
713 461 852 488 πολιτικὸν

53 508 157 542 νόμον,
172 509 196 533 εί
213 508 348 541 παρθένος
365 504 400 543 ἦν
418 507 434 542 ἠ
449 507 596 542 φθαρεῖσα.

90 553 207 580 ΑΡΙΣΤ.
231 554 280 585 ’ος
305 553 362 588 ἔχει
376 554 425 588 τὴν
443 552 476 588 ἢν
491 552 614 588 ἔφθειρε,
627 552 852 588 συγχωρούμενος

53 601 149 635 ἔχειν,
166 600 197 627 τὸ
215 600 353 635 ἐπιτίμιον
368 598 513 633 γνώσεται.

97 647 198 677 Ὅστις
211 645 338 681 βούλεται
351 647 469 680 γυναῖκα
482 645 564 681 ἔχειν,
581 646 615 681 ἢν
632 647 686 683 πρὸ
700 649 746 676 τοῦ
762 650 853 684 γάμου

56 690 218 725 διέφθειρε,
237 691 486 726 συγχωρηθήσεται
505 691 633 727 κατέχειν
657 694 760 729 αὐτήνο
781 695 811 722 τὸ
824 696 854 723 δὲ

55 735 110 761 ἐπὶ
128 736 163 770 τῇ
177 735 269 771 φθορᾷ
285 735 423 770 ἐπιτίμιον
441 735 543 763 εἴσεται
554 737 583 762 ἑν
604 737 752 773 τέσσαρσιν
764 741 854 768 ἐνιαυ-

57 782 143 812 τοῖς·
179 780 272 812 καθὼς
314 782 343 807 ἐν
377 780 415 815 τῷ
432 781 574 816 ἐἰκοστῷ
606 782 727 819 δευτέρῳ
761 787 854 814 κανόνι

58 826 184 862 ἐγράφη-

338 873 456 902 manu
474 876 546 911 Kq'.

67 917 103 944 'll
121 918 236 953 πορνεία
254 926 341 954 γαμος
354 916 403 947 οὐκ
418 920 504 954 ἔστιν,
522 923 580 950 ἀλλ’
594 924 656 951 οὐδὲ
668 925 758 959 γάμου
771 926 853 962 ἀρχή.

100 963 186 990 Ὥστε
202 965 249 991 ἐὰν
297 965 410 992 δυνατὸν
426 967 488 1000 τοὺς
513 970 584 996 κατὰ
599 971 729 1006 πορνείαν
753 979 856 998 συναπη

99 1009 237 1043 τομένους
279 1011 459 1046 χωρίζεσθαι,
497 1014 578 1042 τοῦτο
617 1016 781 1049 κράτιστον·
808 1017 856 1044 ἐὰν

98 1056 128 1082 δὲ
160 1056 315 1091 στέργωσιν
340 1058 371 1084 ὲκ
404 1059 503 1091 παντὸς
540 1061 642 1096 τρόπου
668 1061 698 1088 τὺ
736 1063 856 1089 συνοικέ-

103 1109 174 1132 σιον,
201 1103 232 1127 τὸ
259 1101 309 1136 μὲν
333 1102 381 1137 τῆς
409 1104 538 1138 πορνείας
564 1106 703 1139 ἐπιτίμιον
725 1106 858 1141 γνωριζέ-

98 1155 205 1179 τωσαν,
234 1147 409 1180 ἁφιέσθωσαν
436 1148 474 1182 δὲ,
497 1149 540 1176 ἵνα
571 1150 608 1186 μὴ
633 1151 723 1186 χεῖρόν
756 1160 783 1177 τι
811 1152 857 1186 γέ-

100 1200 192 1227 νηται.

98 1238 202 1265 ΒΛΛΣ.
224 1238 315 1265 Εἰπὼν
328 1240 341 1265 ὁ
366 1239 444 1274 ἆγιος
457 1241 482 1266 τί
502 1241 606 1276 ὀφείλει
620 1241 745 1276 γίνεσθαι
759 1243 798 1275 εἰς
812 1242 856 1269 τὸν

64 1284 222 1319 φθείραντα
239 1285 387 1320 παρθένον,
405 1287 507 1321 ἀρτίως
527 1288 662 1314 ὑποτυποῖ
678 1289 724 1315 καὶ
740 1289 773 1315 τὰ
791 1290 855 1324 περὶ

63 1331 122 1358 τῶν
138 1332 322 1359 συνελθόντων
337 1334 486 1368 πορνικῶς·
502 1334 548 1360 καί
566 1343 649 1369 φησιν
659 1336 699 1361 ὅτι
711 1336 728 1370 ἠ
743 1336 857 1371 πορνεία

63 1376 130 1402 οὔτε
144 1378 235 1412 γάμος
266 1377 415 1411 λογίζεται,
441 1379 503 1405 οὔτε
529 1380 618 1414 γάμου
640 1380 762 1416 ἀφορμὴ,
786 1381 856 1408 ὥστε

65 1421 276 1455 ἀναγκάζεσθαι
295 1423 409 1458 Θάτερον
435 1424 472 1459 τῷ
498 1425 585 1460 ἑτέρῳ
609 1426 792 1453 συνάπτωθαι
807 1435 858 1460 γα-

66 1465 170 1499 μικώς.
191 1467 274 1493 Ἀλλὰ
290 1467 402 1502 ἄριστον
415 1469 465 1503 μέν
483 1470 539 1496 ἐστι
554 1470 720 1505 χωρίζεσθαι
745 1471 855 1504 αὐτοὺς,

905 232 1251 268 εοτιιιροτίι,οειιιιθ’ροει
1277 240 1396 268 stuprum
1430 235 1533 261 illatum
1561 240 1688 270 tanquam

904 277 1020 312 conjuge
1035 279 1136 312 utitur;
1154 279 1240 314 stupri
1254 279 1360 313 quidem
1377 279 1463 314 pceuis
1476 280 1528 307 erit
1543 281 1688 314 obnoxius,

905 330 958 350 non
989 327 1078 350 tamen
1101 324 1135 351 ab
1156 332 1188 351 eo
1212 325 1307 352 mulier
1334 325 1493 353 auferetur:
1514 327 1536 354 si
1563 327 1690 355 videlicet

904 369 989 402 ipsius
1007 375 1144 404 parentes,
1162 378 1276 405 quorum
1293 371 1334 398 illa
1349 376 1386 398 est
1403 373 1429 398 in
1449 376 1592 406 potestate,
1609 373 1688 399 femi-

905 421 966 440 nam
983 422 1043 441 cum
1060 415 1106 442 illo
1127 417 1267 443 traducere
1280 417 1361 443 vitam
1378 417 1480 444 sinunt.
1497 418 1601 445 Etenim
1615 419 1636 446 si
1650 420 1690 447 illi

907 459 1002 491 nolint,
1017 461 1144 495 punietur
1159 467 1286 495 praaterea
1301 462 1417 489 civilium
1436 463 1522 497 legum
1537 466 1654 497 decreto,
1668 465 1691 493 si

906 505 980 541 virgo
995 511 1065 539 crat,
1084 515 1142 540 quae
1155 513 1279 542 corrupta
1299 508 1359 536 fuit.

945 554 1060 582 ARIST.
1075 555 1126 589 Qui
1142 563 1202 582 eam
1218 556 1298 582 habet
1320 564 1399 591 quam
1419 558 1552 593 corrupit,
1572 560 1690 594 permis-

906 611 952 630 sus
964 602 1064 629 habere
1084 609 1168 636 pinum
1183 601 1353 635 subjiciatur.

941 649 1103 683 Quicunque
1130 647 1271 675 mulierem
1288 656 1368 682 quatit
1398 653 1461 676 ante
1487 650 1689 677 matrimonium

907 695 1024 728 vitiavit,
1046 695 1145 722 habere
1161 696 1245 729 cupit,
1275 695 1298 721 ei
1326 695 1405 721 istam
1435 695 1554 722 detinere
1581 697 1691 731 permit-

907 747 989 769 tctur.
1021 741 1055 768 At
1084 741 1170 775 stupri
1195 739 1355 775 supplicium
1388 745 1429 767 cst
1457 746 1576 775 quatuor
1600 743 1689 774 annis,

907 787 1134 822 quemadmodum
1153 786 1179 813 in
1204 786 1335 813 vicesimo
1352 787 1474 814 secundo
1493 794 1596 814 canone
1622 789 1692 815 scri-

909 837 982 867 ptum
998 837 1064 860 est.-

1184 878 1298 906 CANON
1320 878 1417 906 XXVI.

907 921 1061 950 Fornicatio
1076 930 1128 950 non
1144 927 1184 950 est
1210 923 1427 956 matrimonium,
1443 922 1490 950 sed
1507 931 1556 951 nec
1582 923 1689 951 initium

941 969 1119 997 matrimonii.
1133 968 1222 1002 Quare
1233 969 1254 996 si
1270 969 1327 996 fieri
1344 970 1438 1004 possit,
1450 973 1477 997 ut
1491 970 1536 1004 qui
1548 978 1594 1005 per
1607 970 1691 997 forni-

941 1017 1076 1044 cationem
1098 1015 1237 1049 conjuncti
1259 1020 1320 1042 sunt
1337 1021 1508 1050 srpnrentur,
1527 1016 1552 1042 id
1575 1020 1617 1042 est
1634 1024 1692 1043 me-

942 1061 994 1089 lius
1011 1070 1017 1088 :
1035 1061 1075 1088 sin
1091 1065 1179 1088 autem
1193 1061 1231 1088 eis
1249 1061 1360 1088 omnino
1386 1060 1489 1095 placeat
1514 1061 1690 1094 consortium,

942 1107 1128 1134 fornicationis
1144 1107 1252 1141 quidem
1270 1114 1378 1141 pinnam
1396 1110 1564 1141 agnoscant;
1590 1115 1623 1135 ue
1648 1115 1692 1135 se-

943 1157 1072 1188 parentur
1086 1157 1189 1184 autent.
1205 1160 1239 1180 ne
1254 1152 1318 1187 quid
1333 1152 1452 1179 deterius
1468 1152 1583 1180 accidat.

945 1242 1043 1271 BALS.
1061 1242 1208 1278 Postquam
1225 1242 1294 1270 dixit
1321 1247 1430 1270 sanctus
1455 1242 1519 1277 quid
1547 1242 1588 1270 eis
1612 1243 1692 1272 debet

909 1289 976 1322 fieri,
991 1289 1034 1323 qui
1054 1289 1183 1323 virginem
1203 1293 1337 1322 stnprant,
1349 1296 1418 1314 nunc
1427 1288 1546 1315 deCt‘l‘llll
1558 1289 1590 1315 de
1602 1289 1634 1315 iis
1646 1290 1692 1323 qui

908 1336 935 1362 in
954 1335 1156 1362 fornicationem
1170 1334 1309 1366 coierunt;
1331 1340 1358 1360 et
1374 1334 1450 1364 dicit.
1464 1333 1535 1368 quod
1549 1333 1692 1361 fornicatio

907 1388 956 1409 nec
968 1381 1169 1407 matrimonium
1184 1380 1310 1410 habetur,
1327 1387 1377 1406 nec
1388 1380 1556 1406 matrimonii
1571 1382 1690 1412 occasio,

908 1431 936 1453 ut
946 1426 1013 1453 alter
1023 1425 1101 1453 alteri
1116 1425 1413 1460 necessariojuugatnr,
1426 1425 1472 1451 sed
1483 1425 1613 1457 optimum
1632 1426 1692 1459 qui-

908 1471 967 1498 dem
985 1475 1025 1498 est
1038 1479 1084 1498 cos
1094 1472 1227 1505 separari,
1241 1478 1295 1498 non
1313 1478 1387 1505 perm
1401 1471 1430 1496 tti
1443 1470 1544 1498 scilicet
1559 1471 1629 1498 inter
1644 1479 1691 1498 eus

66 1513 154 1546 ἡγουν
170 1512 208 1547 μὴ
231 1515 516 1550 παραχωρεῖσθαιτὴν
531 1516 614 1550 μέσον
629 1516 718 1543 αὐτῶν
732 1517 855 1552 γαμικὴν

913 1517 1075 1544 intercedere
1085 1516 1308 1543 matrimonialetn
1321 1516 1551 1550 conjunctionem,
1564 1517 1692 1551 quoniam

67 1561 232 1592 συνάφειαν.
249 1560 289 1586 ὅτι
303 1560 438 1595 ἐκθεσμος
453 1562 500 1587 καὶ
512 1562 676 1596 κατάκριτὸς
690 1563 765 1590 ἐστιν
781 1563 794 1588 ὁ
807 1563 853 1589 τοῦ

64 1606 190 1631 τοιούτου
204 1605 295 1649 γάμζου
311 1605 453 1640 θεμέλιος·
471 1606 495 1632 εἰ
512 1606 539 1633 δὲ
558 1607 719 1641 στέργουσιν
734 1609 855 1642 ἀπαραι-

64 1651 159 1686 τήτως
181 1653 228 1678 καὶ
254 1651 338 1686 ἄμφω
365 1652 417 1688 τὴν
449 1653 611 1687 συμϐίωσιν,
630 1653 668 1688 μὴ
697 1654 855 1690 ἀνεχόμενοι

65 1697 113 1722 τοῦ
133 1697 182 1723 ἀπ’
199 1698 323 1733 ἀλλήλων
342 1699 494 1734 χιυρισμοῦ,
511 1699 735 1734 ἐπιτιμάσθωσαν
748 1700 797 1735 μὲν
818 1701 856 1732 ὠς

65 1744 284 1778 πορνεύσαντες,
324 1745 599 1780 παραχωρείσθωσαν
638 1745 666 1772 δὲ
710 1748 854 1779 συνοικεῖν,

66 1790 111 1816 ινα
123 1792 161 1824 μὴ
177 1791 268 1824 χεῖρόν
285 1800 310 1816 τι
327 1792 449 1825 γένηται,
462 1791 556 1826 ἤγουν,
574 1791 616 1817 ἵνα
629 1792 665 1826 μὴ
682 1791 856 1825 διαζυγέντες

67 1836 153 1862 πάλιν
168 1836 257 1871 λάθρα
275 1836 458 1871 πορνεύσωσι,
471 1837 629 1869 τουτέστιν,
643 1836 687 1862 ἵνα
700 1837 737 1871 μὴ
752 1837 856 1870 ἑτέροις

67 1881 257 1915 συναφθέντες
279 1882 437 1916 προσώποις
452 1883 502 1909 οὐκ
519 1882 682 1917 ἐπιμείνωσι
697 1882 733 1916 τῷ
747 1882 856 1917 νομίμῳ

65 1928 162 1962 γάμῳ,
178 1927 246 1953 ἀλλὰ
264 1928 387 1962 μοιχείαν
397 1927 584 1962 ἐργάσωνται,
600 1927 616 1962 ἢ
644 1927 687 1953 ἴνα
701 1927 737 1962 μὴ
752 1926 853 1953 κωλυὸ-

69 1980 149 2006 μενοι
177 1972 400 2006 διαχειρίσωνται
421 1972 536 2002 ἑαυτοὺς
565 1971 609 1998 διὰ
635 1971 664 1998 τὸ
684 1971 732 1998 τοῦ
756 1970 856 2006 ἔρωτος

65 2017 193 2049 διακαές.
213 2017 305 2044 Ταῦτα
322 2018 350 2044 δὲ
364 2017 456 2053 χώραν
473 2016 556 2053 εἶχον,
568 2017 606 2048 ὡς
615 2017 677 2052 ἐμοὶ
692 2016 775 2048 δοκεῖ,
788 2017 854 2043 ὅταν

68 2063 227 2090 συναι·.έσει
252 2064 320 2100 μόνῃ
336 2065 349 2090 ὀ
367 2065 456 2098 γάμος
486 2063 650 2094 συνίστατο,
682 2063 712 2089 οὐ
739 2062 790 2097 μὴν
810 2062 857 2088 καὶ

68 2110 192 2144 σήμερον
205 2104 217 2141 ,’
228 2111 293 2136 ὅταν
308 2110 352 2136 διὰ
372 2109 520 2144 ἱερολογίας
535 2109 582 2135 καὶ
593 2108 667 2139 θείας
679 2107 858 2143 μεταλήψεως

67 2156 114 2180 τοῦ
146 2155 275 2189 σώματος
295 2155 342 2181 καὶ
365 2155 480 2190 αἵματος
511 2154 559 2180 τοῦ
586 2153 703 2188 Χριστοῦ
730 2155 743 2179 ὁ
768 2153 857 2187 γάμος

909 1564 1041 1591 nefarium
1053 1567 1133 1590 estet
1151 1561 1336 1589 damnandum
1353 1561 1449 1600 harum
1465 1563 1618 1596 nuptiarum
1632 1562 1693 1590 fun-

909 1609 1068 1636 damentum
1087 1617 1093 1634 :
1115 1608 1155 1635 sin
1184 1612 1273 1635 autem
1290 1608 1329 1634 cis
1348 1607 1385 1634 ita
1406 1607 1512 1642 placeat
1529 1609 1589 1635 vitae
1604 1609 1692 1635 socie-

910 1659 961 1687 tas,
978 1659 1008 1680 ut
1024 1661 1038 1681 ο
1061 1661 1089 1681 sc
1105 1653 1222 1681 invicem
1238 1654 1377 1681 discedere
1395 1654 1445 1681 sibi
1468 1658 1605 1689 nequeant
1631 1661 1694 1689 per-

909 1699 1198 1735 snadere,puuiantur
1228 1700 1335 1734 quidem
1361 1705 1390 1726 ut
1426 1700 1622 1734 fornicatores;
1653 1701 1693 1728 eis

909 1752 1001 1773 autem
1019 1745 1099 1773 simul
1115 1745 1238 1772 habitare
1251 1746 1432 1780 permittatur,
1449 1754 1481 1773 ne
1494 1748 1557 1780 quid
1574 1747 1693 1774 deteritts

909 1792 1025 1823 accidat,
1039 1791 1095 1827 84
1109 1799 1142 1818 ne
1155 1791 1259 1818 sc‘licet
1285 1792 1402 1825 separati
1428 1799 1521 1819 rursus
1540 1792 1690 1819 clanculum

910 1837 1087 1869 fornicentur,
1103 1837 1154 1864 hoc
1170 1842 1222 1870 est,
1240 1845 1272 1864 ue
1288 1837 1348 1863 aliis
1369 1837 1491 1871 personis
1510 1838 1647 1871 conjuncti
1665 1839 1691 1864 in

910 1882 1030 1918 legitimo
1045 1882 1218 1909 matrimonio
1234 1890 1287 1909 non
1304 1888 1491 1917 permaneant,
1517 1883 1563 1910 scd
1588 1883 1693 1910 adulte-

910 1929 980 1955 rium
1003 1928 1185 1961 committant,
1203 1928 1244 1955 vel
1266 1936 1300 1955 ne
1331 1928 1458 1962 prohibiti
1485 1929 1534 1955 sibi
1557 1928 1693 1956 violentas

911 1981 1007 2001 manus
1024 1973 1141 2000 inferant
1155 1977 1265 2008 propter
1277 1974 1378 2000 amoris
1392 1973 1602 2002 Vehementiam.
1626 1973 1689 2001 [lace

911 2024 1012 2051 autem.
1029 2024 1058 2045 ut
1074 2018 1138 2045 mihi
1154 2018 1288 2051 ridentur,
1304 2018 1392 2045 locutn
1406 2018 1570 2051 habuerunt,
1583 2020 1692 2054 quando

910 2063 968 2091 solo
996 2071 1127 2091 consensu
1151 2063 1364 2090 contrahebatur
1391 2064 1605 2097 matrimonium,
1638 2073 1691 2091 non

911 2115 999 2137 autem
1011 2110 1092 2136 etiam
1114 2109 1193 2136 hodie
1207 2111 1315 2144 quando
1331 2117 1378 2143 per
1405 2116 1511 2136 sacrum
1534 2110 1649 2137 oflicinm
1666 2116 1693 2137 ct

911 2156 1029 2183 divinam
1044 2155 1166 2190 corporis
1183 2160 1208 2182 et
1222 2155 1364 2190 sanguinis
1380 2155 1481 2182 Christi
1507 2156 1693 2191 participatio-

68 2200 241 2227 συνίσταται.
262 2200 322 2232 Πῶς
338 2201 392 2236 γὰρ
405 2201 429 2227 οἱ
445 2199 657 2235 ἐπιτιμηθέντες
673 2199 716 2225 διὰ
730 2199 779 2233 τὴν
790 2206 855 2233 πορ-

913 2209 970 2229 nent
989 2202 1187 2228 matrimonium
1214 2201 1397 2228 constituitur.
1417 2201 1557 2234 Quomodo
1573 2202 1644 2229 enim
1661 2203 1692 2235 ii,

69 2246 155 2277 νείαν,
176 2246 224 2272 καὶ
251 2246 304 2272 τῶν
327 2246 506 2281 ἁγιασμάτων
526 2245 563 2281 μὴ
585 2245 855 2280 μεταλαμϐάνοντες,

68 2291 200 2326 γαμικῶς
222 2291 349 2326 ἀλλήλοις
365 2292 554 2322 συνέλθωσιν;
574 2291 604 2317 El
624 2291 652 2317 δὲ
675 2291 768 2326 εἴπῃς,
787 2290 857 2325 μετὰ

68 2339 98 2362 το
114 2336 314 2371 ἑπιτιμηθῆναι
323 2337 386 2368 τοὺς
399 2336 603 2371 πορνεύσαντας
617 2336 662 2362 ἐπὶ
679 2336 727 2373 ὅλῃ
739 2335 855 2372 τριετίᾳ,

70 2383 108 2417 μὴ
141 2384 304 2418 πορνεῦσαι,
341 2383 393 2409 οὐκ
424 2382 613 2418 ὲμποδισθήσῃ
654 2383 856 2417 παραχωρῆσαι

68 2429 182 2460 τούτους
202 2430 271 2464 μετὰ
298 2429 347 2464 τὴν
374 2429 498 2463 τριετίαν
523 2428 647 2463 νομίμως
674 2427 864 2462 συναφθῆναι..

73 2474 267 2509 Ἐρωτὴσειδέ
289 2483 349 2507 τις,
364 2475 414 2502 Διὰ
436 2475 462 2501 τί
475 2475 524 2509 τὴν
544 2474 596 2509 μὲν
624 2473 759 2509 παρθένον
788 2474 857 2508 μετᾶ

67 2522 120 2552 τὴν
136 2521 243 2555 φθορὰν
255 2521 426 2555 διορίζεταιὸ
439 2521 517 2555 ἅγιος
530 2520 654 2556 νομίμως
668 2520 857 2546 συνάπτεσθαι

68 2566 107 2601 τῷ
116 2567 224 2601 φθορεῖ,
238 2567 299 2598 τοὺς
314 2567 341 2593 δὲ
353 2567 557 2602 πορνεύσαντας
569 2567 689 2597 εὐκόλως
710 2565 856 2601 μίγνυσθαι

67 2613 199 2648 γαμικῶς
225 2614 255 2639 οὐ
274 2615 449 2649 παραχωρεῖ,
480 2613 548 2641 ἀλλὰ
578 2613 647 2648 μετᾶ
674 2613 854 2646 διαστίξεως;

69 2660 166 2690 Λύσις.
193 2659 250 2693 Τὴν
267 2660 317 2693 μὲν
333 2659 468 2695 παρθένον
487 2660 553 2691 ἴσως
578 2659 648 2694 μετὰ
671 2659 719 2693 τὴν
749 2658 853 2693 φθορὰν

67 2705 157 2736 οὐδεὶς
177 2704 346 2739 αἱρετίσεται
369 2705 438 2740 πρὸς
454 2705 544 2739 γάμον
569 2704 673 2734 λαϐεῖν,
699 2704 746 2730 καὶ
775 2704 799 2729 εἱ
819 2703 856 2738 μὴ

69 2750 261 2786 παραχωρηθῇ
277 2751 316 2785 τῷ
339 2751 436 2786 φθορεῖ
461 2750 633 2785 γαμηθῆναι,
650 2749 857 2785 περιλειφθήσε-

67 2807 114 2824 ται
134 2798 236 2832 ἄτιμος
263 2797 311 2823 καὶ
335 2797 428 2828 ἐλέους
443 2797 518 2829 ἀξία·
537 2798 553 2832 ἡ
570 2797 597 2822 δὲ
620 2796 800 2830 πορνευθεῖσα
825 2796 854 2821 οὗ

69 2843 219 2879 ζημιοῦται
231 2842 371 2876 τοσοῖτον,
385 2844 432 2870 ἐὰν
444 2843 480 2878 μὴ
492 2843 604 2878 γαμηθῇ
622 2842 661 2877 τῷ
675 2842 853 2877 πορνεύσαντι

910 2246 1007 2281 quibus
1023 2246 1207 2273 fornicationis
1222 2252 1300 2279 paena
1317 2245 1436 2281 injuncta
1453 2251 1504 2282 est,
1529 2254 1578 2273 nec
1603 2255 1695 2274 sacra-

910 2300 1061 2320 mentorum
1078 2291 1152 2318 fuere
1169 2291 1326 2326 participes,
1342 2292 1411 2318 inter
1421 2300 1450 2319 se
1459 2293 1695 2321 matrimontaliter

910 2337 1107 2366 convenerint?
1129 2337 1205 2371 Quod
1235 2338 1258 2365 si
1276 2336 1387 2370 dixeris,
1414 2343 1556 2373 postquam
1588 2340 1622 2367 iis
1649 2342 1694 2375 qui

910 2385 1034 2412 fornicati
1052 2389 1115 2411 sunt
1133 2392 1210 2418 pcena
1228 2384 1346 2418 injuncta
1373 2384 1456 2412 fuerit
1483 2389 1538 2413 toto
1566 2385 1692 2418 triennio.

911 2439 944 2458 ne
958 2431 1137 2462 fornicentur.
1160 2438 1212 2457 non
1240 2431 1392 2465 prohiberis
1415 2431 1454 2458 eis
1481 2432 1642 2465 concedere,
1665 2437 1694 2459 ut

913 2482 972 2511 post
991 2476 1135 2504 triennium
1159 2476 1279 2511 legitimo
1296 2477 1467 2504 matrimonio
1484 2477 1692 2512 conjungantur.

911 2522 1121 2558 lnterrogaverit
1145 2527 1234 2549 autem
1248 2521 1393 2556 quispiam,
1409 2522 1464 2549 Cur
1480 2522 1609 2557 virginem
1635 2524 1694 2557 qni-

911 2569 970 2595 detu
989 2573 1049 2602 post
1065 2573 1188 2601 stuprum
1205 2567 1327 2594 decernit
1344 2572 1453 2594 sanctus
1469 2567 1613 2601 stupratori
1630 2567 1690 2601 legi-

912 2615 975 2642 time
990 2613 1125 2648 conjungi,
1138 2620 1183 2640 eos
1198 2618 1288 2639 autem
1307 2612 1353 2646 qui
1374 2612 1500 2639 fornicati
1516 2617 1579 2638 sunt
1598 2613 1692 2638 matri-

911 2661 1003 2688 monio
1021 2660 1099 2686 facile
1112 2658 1235 2694 conjungi
1255 2666 1308 2686 non
1337 2658 1410 2690 sinit,
1440 2657 1490 2684 nisi
1517 2665 1577 2685 cum
1598 2657 1688 2684 distin-

909 2706 1008 2733 ctione.
1033 2705 1147 2732 Solutio.
1170 2703 1307 2739 Virginem
1332 2703 1438 2738 quidem
1455 2706 1515 2737 post
1541 2702 1564 2729 ei
1583 2702 1690 2730 allatum

910 2757 1033 2786 stuprum
1048 2758 1127 2777 nemo
1141 2750 1258 2777 fortasse
1276 2749 1345 2776 volet
1362 2749 1388 2775 in
1404 2748 1605 2775 matrimonium
1620 2750 1693 2776 acci-

910 2804 984 2832 pere,
998 2799 1026 2824 et
1041 2796 1090 2822 nisi
1108 2795 1144 2822 illi
1160 2795 1332 2830 permittatur
1341 2794 1419 2828 eiqui
1433 2794 1566 2828 stupravit
1580 2794 1691 2824 nubere.

891 2842 1042 2868 'dcdccore
1058 2839 1153 2867 aﬂecta
1176 2847 1209 2867 ac
1236 2838 1397 2866 miserabilis
1422 2838 1600 2873 relinquetur.
1629 2839 1693 2872 Qua:
