1912 3076
237 98 291 153 διδ

865 124 1003 158 ΤΗΕΟΙ).
1025 126 1226 158 BALSAMON

1807 124 1855 158 816

240 195 293 214 una
309 195 384 215 caro.
412 187 506 224 Itaque
525 196 574 224 per
588 196 700 217 uxorem
729 197 808 217 soror
837 190 870 217 ad
898 191 948 218 viri
968 192 1008 218 atii

1074 190 1090 224 ἡ
1102 188 1202 224 ἁδελςρὴ
1216 188 1284 223 πρὸς
1295 187 1343 224 τὴν
1359 186 1405 215 τοῦ
1418 187 1512 223 ἀνδρὸς
1524 188 1675 224 οἰκειότητα
1692 190 1853 223 μεταϐαίνει,

238 233 350 260 nitatem
382 234 495 261 transit.
526 234 761 267 Quemadmodum
797 236 870 263 enim
895 240 1023 271 ,matrcm

238 278 331 306 uxoris
353 286 407 306 non
440 284 572 313 assumet,
599 288 687 315 neque
710 280 792 308 filiam
819 281 934 314 uxoris,
961 290 1022 316 pro-

236 327 328 358 pterea
343 324 416 359 quod
436 333 524 360 neque
552 332 630 353 suam
660 326 747 361 ipsius
779 331 909 359 matrem,
934 335 1022 361 nequc

236 375 313 395 suam
331 369 417 403 ipsius
435 369 536 403 tiliam;
563 370 600 397 ita
626 378 676 398 nec
703 373 797 399 uxoris
814 379 948 403 sororem,
962 380 1022 405 pro-

235 417 328 449 pterea
343 415 416 450 quod
437 423 525 449 neque
553 423 629 443 suam
645 416 730 450 ipsius
752 424 882 444 sororem.
910 417 943 444 Et
963 417 1021 444 vice

234 467 325 492 versa,
342 467 431 495 neque
454 461 533 488 uxori
551 461 643 488 licchit
662 468 723 488 sese
737 460 787 488 viri
815 461 939 488 altinibus
955 469 1021 488 con-

232 504 357 540 jungere.
388 505 457 532 Sunt
475 506 546 533 enim
570 506 697 541 utrinque
716 507 869 533 communia
883 507 1018 534 allinitatis

231 551 305 585 jura.
339 550 395 586 Ego
420 558 500 585 porro
524 552 635 578 cuilibet
668 551 701 578 de
739 552 842 585 nuptiis
865 553 1018 579 consulenti

234 595 378 629 testiﬁcor,
394 597 536 631 praeterire
558 598 671 632 lignram
688 597 769 632 hujus
781 597 885 630 mundi,
910 602 937 624 et
951 601 1019 625 tem~

233 648 285 675 pus
296 641 377 669 breve
390 649 462 674 esse,
490 641 522 669 Ut
535 643 579 677 qui
596 643 690 669 [tabent
713 650 806 669 uxores
822 647 947 677 (unquam
967 651 1018 669 non

233 687 355 714 habentes
366 688 419 714 sint
446 686 466 715 '.
482 687 558 721 Quod
573 689 596 715 si
611 689 677 715 mihi
692 696 832 723 perperam
845 689 915 723 legat
933 689 1016 715 illud:

233 731 349 760 Crescite
360 737 384 760 et
401 733 615 768 multiplicamini
640 733 650 748 ²
671 744 677 760 :
697 734 772 760 rideo
792 733 878 768 legum
895 737 1016 768 tempora

232 785 288 805 non
304 778 516 806 discernentem.
532 779 732 807 Fornicationis
750 779 899 806 remedium
916 781 1017 814 nuptiae

231 822 368 854 secundm,
386 830 442 850 non
461 823 571 851 occasio
598 823 725 851 lascivizn.
751 822 780 849 Si
805 830 834 850 se
858 831 912 850 non
929 825 1017 851 conti-

231 870 307 900 nent,
323 868 436 902 nubant,
448 868 536 905 inquit
560 870 580 903 ',
598 876 653 896 non
669 876 732 897 vero
743 873 769 897 et
784 868 917 897 nubentes
930 869 1016 905 legem

230 914 342 942 violent.

309 959 357 988 lsti
373 963 473 994 autem,
492 969 608 996 quorum
626 963 734 992 animus
752 965 817 994 vitio
835 966 1014 1002 turpitudinis

230 1006 322 1041 lippus
335 1010 387 1039 est,
407 1014 441 1034 nc
457 1008 490 1034 ad
509 1012 634 1036 naturam
650 1010 758 1045 quidem
774 1013 935 1048 reSpiciunt,
955 1021 1015 1048 qua:

227 1052 285 1086 jam
309 1052 374 1080 olim
393 1053 503 1088 generis
527 1054 638 1081 nomina
658 1055 799 1084 discrevit.
816 1058 855 1085 Ex
871 1067 924 1094 qua
941 1058 1013 1086 enim

229 1097 393 1131 cognatione
408 1101 488 1125 natos
507 1099 702 1133 appellabunt?
719 1101 878 1137 Fratresne,
892 1112 927 1131 an
948 1112 1014 1132 con-

228 1140 357 1169 sobrinos
389 1142 549 1170 vocabunt?
576 1143 711 1178 siquidem
741 1154 840 1174 nomen
870 1151 1013 1183 utrumque

227 1186 269 1214 eis
295 1185 332 1214 ob
355 1186 545 1215 confusionem
575 1190 711 1224 congruit.
738 1190 777 1218 Ne
797 1191 900 1227 facias,
920 1201 936 1221 ο
961 1194 1011 1221 ho-

227 1238 288 1265 mo,
316 1231 427 1259 amitam
454 1240 598 1261 novercam
631 1234 794 1269 infantium;
822 1245 872 1265 nec
898 1247 957 1274 qua:
985 1239 1011 1266 in

226 1275 324 1303 matris
345 1275 407 1303 loco
429 1275 521 1304 fovere
539 1277 629 1310 debet,
645 1286 705 1306 eam
726 1280 900 1309 amulatione
916 1282 1012 1317 impla-

227 1320 309 1348 cabili
336 1322 498 1350 armaveris.
516 1321 583 1349 Nam
610 1323 698 1350 solum
723 1332 902 1353 novercarum
927 1335 1012 1362 genus

226 1367 307 1393 etiam
323 1371 387 1402 post
403 1371 520 1396 mortem
535 1368 627 1396 odium
644 1377 676 1397 ac
690 1370 861 1398 inimicitiam
877 1373 1010 1401 extendit.

225 1412 295 1445 lmo,
312 1413 359 1440 alii
387 1413 491 1441 inimici
514 1415 628 1442 mortuis
644 1416 872 1451 reconciliantur;
889 1426 1011 1447 novercae

226 1458 319 1486 odisse
339 1462 402 1493 post
423 1462 538 1487 mortem
563 1459 707 1494 incipiunt.
734 1460 846 1489 Summa
873 1463 1009 1492 dictorum

225 1503 283 1530 hare
298 1507 340 1531 est
358 1513 365 1531 :
385 1503 413 1530 Si
438 1505 501 1540 quis
526 1505 645 1540 legitime
668 1506 778 1540 nuptias
795 1509 913 1542 appetit,
937 1513 1010 1536 totus

224 1547 301 1575 orbis
322 1551 458 1576 terrarum
484 1553 580 1584 patet:
602 1550 644 1577 sin
668 1550 780 1579 libidine
798 1552 958 1587 impellitur,
975 1555 1009 1582 ob

224 1591 251 1619 id
266 1592 353 1627 magis
367 1593 448 1620 etiam
463 1594 636 1626 excludatur,
654 1595 687 1621 Ut
706 1595 790 1622 discat
806 1605 851 1624 vas
863 1606 939 1625 suum
952 1608 1010 1634 pos-

223 1637 309 1664 sidere
323 1638 351 1664 in
373 1639 583 1673 sanctiﬁcatione
599 1646 623 1667 et
641 1641 738 1667 honore
749 1660 756 1671 .
770 1650 820 1668 non
841 1643 868 1669 in
887 1646 1008 1677 passione

223 1683 348 1711 desiderii
364 1683 375 1700 ‘
390 1703 397 1710 .
413 1684 454 1712 Me
467 1685 544 1720 plura
565 1685 657 1714 dicere
672 1691 814 1721 parantem
831 1689 928 1717 modus
950 1691 1007 1725 cpi-

223 1729 302 1757 stola;
315 1729 436 1758 cohibet.
456 1730 559 1759 Precor
575 1735 676 1765 autem,
696 1737 724 1760 ut
739 1733 780 1760 vel
797 1738 890 1761 nostra
913 1735 1007 1764 admo~

221 1775 291 1803 nitio
307 1776 404 1804 vitium
428 1781 558 1812 superet,
586 1778 627 1805 vel
642 1786 696 1806 non
720 1784 813 1815 serpat
841 1781 868 1808 in
885 1786 1004 1810 nostram

221 1821 360 1856 regionem
380 1822 433 1850 hoc
453 1823 608 1858 piaculum;
627 1824 674 1852 sed
691 1824 718 1852 in
734 1825 834 1860 quibus
856 1826 1004 1855 admissum

220 1871 262 1894 e‘st
275 1867 353 1901 locis,
370 1868 397 1896 in
412 1868 455 1896 his
472 1873 640 1903 permaneat.
851 1872 855 1876 '

249 2100 346 2128 BALS.
382 2101 469 2136 Magni
501 2100 589 2130 Patris
622 2104 654 2131 ad
684 2103 830 2132 Diodorum
863 2106 996 2140 cpistola,

210 2147 315 2174 etiamsi
329 2147 403 2174 omni
422 2147 554 2182 sapientia
569 2153 596 2176 et
609 2156 672 2176 vcra
687 2149 840 2184 eloquentia
857 2152 934 2185 plena
949 2153 996 2184 sit,

210 2197 234 2218 et
259 2192 375 2226 Spiritus
400 2193 486 2220 sancti
507 2201 599 2220 vocem
615 2194 690 2228 edit;
705 2183 793 2222 tamen
813 2183 864 2223 non
888 2201 930 2223 cst
947 2183 997 2224 hoc
1012 2183 1033 2211 υ

209 2244 328 2272 tempore
339 2240 492 2273 quaerenda.
509 2239 634 2266 Decernit
652 2240 723 2267 enim
741 2249 774 2268 ne
789 2241 814 2268 in
830 2242 995 2270 matrimonii

209 2284 366 2311 societatem
392 2284 452 2311 dua:
481 2292 590 2314 sorores
610 2293 625 2313 a
650 2287 775 2321 quopiam
809 2288 994 2323 accipiantur,

208 2330 278 2364 quod
301 2330 345 2357 Dei
362 2331 448 2365 gratia
464 2331 544 2358 hodie
561 2339 595 2358 ne
611 2332 636 2359 iu
653 2338 768 2361 mentem
786 2334 893 2368 quidem
908 2334 979 2362 homi
993 2350 997 2354 -

209 2377 250 2403 nis
265 2376 412 2403 Christiani
429 2377 502 2404 venit
515 2396 522 2409 ,
537 2382 564 2404 et
580 2382 723 2412 propterea
738 2385 787 2407 nec
802 2380 934 2414 ampliore
953 2380 994 2407 in-

208 2422 400 2457 terpretatione
417 2429 485 2457 opus
507 2422 611 2450 habuit.
629 2423 703 2451 llahe
719 2429 808 2452 autem
832 2426 903 2453 hanc
925 2426 994 2453 divi-

209 2477 269 2496 nam
282 2467 426 2503 cpistolam
442 2468 549 2496 assidue
571 2469 595 2496 in
617 2470 758 2497 memoria.
775 2471 831 2499 Etsi
849 2471 920 2499 enim
945 2472 970 2499 id
985 2492 991 2502 .

208 2516 280 2551 quod
294 2515 322 2542 in
340 2522 371 2542 ea
384 2514 523 2542 deﬁnitum
540 2519 591 2548 est,
606 2523 659 2543 non
674 2520 819 2552 tractatur;
833 2525 892 2553 qua:
905 2523 995 2545 tamen

208 2564 234 2590 in
253 2569 284 2590 ea
313 2560 588 2596 comprehenduntur,
615 2562 826 2596 epicheremata,
853 2564 996 2598 cinthyme-

207 2613 290 2641 mata,
308 2613 335 2636 et
353 2607 599 2643 epenlhymemata,
614 2608 655 2634 vcl
673 2608 761 2642 potius
777 2617 943 2645 qitaecuuquc
961 2618 994 2639 ex

208 2654 298 2683 Veteri
316 2654 516 2690 (Testamento)
533 2658 559 2681 et
577 2661 609 2681 ex
624 2662 721 2690 Inagno
735 2655 857 2690 apostolo
875 2655 956 2683 Paulo
968 2662 995 2684 et

208 2701 356 2736 composita
372 2705 400 2729 et
413 2699 538 2736 opposita
553 2699 681 2733 fuerunt,
701 2701 727 2728 in
748 2701 806 2728 aliis
820 2702 908 2730 causis
925 2703 994 2730 mul-

1080 235 1122 265 Ὡς
1137 234 1190 269 γὰρ
1209 234 1312 269 μητέρα
1325 234 1451 267 γυναικὸς
1469 234 1499 259 οὐ
1513 233 1636 268 λήψεται,
1650 234 1710 260 οὐδὲ
1724 234 1854 271 θυγατέρα

1072 280 1121 314 τῆς
1137 279 1275 313 γυναικὸς,
1299 279 1365 305 διότι
1383 279 1448 314 μηδὲ
1471 279 1520 314 τὴν
1539 279 1635 305 ἑαυτοῦ
1653 280 1770 315 μητέρα,
1794 281 1854 315 μηδὲ

1072 324 1120 359 τὴν
1135 324 1231 350 ἑαυτοῦ
1248 323 1383 359 θυγατέρα
1397 332 1403 338 ·
1418 323 1503 355 οὕτως
1519 324 1572 350 οὐδ’
1589 323 1707 358 ἀδελφὴν
1722 325 1853 358 γυναικὸς,

1072 369 1137 395 διότι
1149 369 1215 404 μηδὲ
1234 369 1350 404 ἀδελφὴν
1365 369 1470 396 ἑαυτοῦ.
1481 369 1535 395 Καὶ
1549 369 1578 395 τὸ
1593 369 1739 401 ἀνάπαλιν,
1754 370 1814 396 οὐδὲ
1824 372 1852 405 τῇ
1893 389 1894 402 ς

1072 415 1182 448 γυναικὶ
1206 414 1312 447 ἐξέσται
1336 416 1391 445 τοῖς
1413 414 1523 445 οἰκείοις
1537 414 1584 440 τοῦ
1601 414 1699 450 ἀνδρὸς
1715 417 1851 442 συνοικεῖν.
1893 429 1894 432 η

1072 460 1155 486 Κοινὰ
1180 460 1233 495 γὰρ
1260 461 1302 486 ἐπ’
1321 460 1483 495 ἀμφοτέρων
1510 460 1560 495 τῆς
1587 460 1749 494 συγγενείας
1773 461 1809 487 τὰ
1821 461 1852 488 δί-

1071 512 1145 530 καια.
1170 504 1241 538 Ἐγὼ
1253 505 1280 531 δὲ
1310 505 1390 531 παντὶ
1407 505 1446 539 τῷ
1473 505 1538 540 περὶ
1563 505 1652 540 γάμου
1673 505 1853 542 βουλευομένῳ

1070 549 1298 586 διαμαρτύρομαι,
1325 551 1366 577 ὅτι
1391 550 1508 585 παράγει
1521 550 1551 577 τδ
1580 551 1675 586 σχῆμα
1689 551 1735 577 τοῦ
1755 552 1851 587 κόσμου

1069 595 1174 628 τούτου,
1193 596 1240 622 καὶ
1262 597 1275 622 ὁ
1299 595 1394 631 καιρὸς
1408 596 1622 630 συνεσταλμένος
1634 596 1718 628 ἐστὶν,
1729 597 1796 623 Ἵνα
1809 596 1852 622 και

1068 642 1095 667 οἱ
1111 641 1232 674 ἔχοντες
1242 640 1385 675 γυναῖκας
1403 640 1442 673 ὡς
1453 640 1496 675 μὴ
1513 640 1636 674 ἔχοντες
1645 639 1733 668 ὦσιν.
1757 641 1851 667 Ἐὰνδέ

1069 691 1114 719 μοι
1143 685 1373 720 παραναγινώσκῃ
1397 685 1438 717 τὺ,
1463 685 1636 716 Αὺξάνεσθε
1665 686 1713 712 καί
1744 687 1850 719 πληθύι

1066 732 1171 757 νεσθε·
1187 729 1326 764 καταγελῶ
1340 729 1386 756 τοῦ
1403 729 1457 756 τῶν
1470 730 1635 765 νομοθεσιῶν
1657 732 1722 761 τοὺς
1742 733 1851 766 καιροὺς

1068 774 1105 809 μὴ
1138 775 1328 810 διακρίνοντος.
1358 775 1487 810 Πορνείας
1509 776 1669 810 παραμυθία
1691 777 1706 803 ὀ
1731 776 1851 812 δεύτερος

1066 820 1164 855 γάμος,
1192 821 1243 848 οὐκ
1268 821 1372 855 ἐφόδιον
1385 823 1426 853 είς
1441 822 1594 856 ἀσέλγειαν.
1609 823 1640 849 El
1654 823 1705 849 οὐκ
1722 824 1851 858 ἐγκαρτε-

1067 864 1201 901 ρεύονται,
1225 866 1444 900 γαμησάτωσαν,
1471 866 1554 902 φησίν
1567 875 1573 882 ·
1604 867 1665 902 οὐχὶ
1686 867 1717 893 δὲ
1737 868 1785 894 καὶ
1805 876 1852 902 γα-

1066 910 1179 946 μοῦντες
1192 912 1445 947 παρανομείτωσαν.

1142 957 1173 984 οι
1186 957 1214 983 δὲ
1228 957 1287 984 οὐδὲ
1302 958 1368 993 πρὸς
1378 958 1429 994 τὴν
1441 957 1520 993 φύσιν
1535 958 1747 991 ἀποϐλέπουσιν,
1768 960 1792 985 oi
1805 960 1851 995 τὴν

1063 1002 1150 1037 ψυχὴν
1166 1001 1307 1037 λημῶντες
1331 1002 1370 1037 τῷ
1388 1003 1468 1029 πάθει
1481 1003 1530 1038 τῆς
1544 1003 1666 1038 ἀτιμίας,
1691 1004 1778 1031 πάλαι
1798 1006 1851 1031 δια-

1064 1047 1195 1082 κρίνασαν
1219 1046 1269 1078 τὰς
1294 1047 1339 1072 τοῦ
1367 1047 1461 1080 γένους
1489 1048 1684 1083 προσηγορίας.
1706 1049 1755 1075 Ἐκ
1776 1050 1850 1080 ποίας

1063 1092 1118 1127 γὰρ
1131 1092 1288 1126 συγγενείας
1301 1091 1364 1123 τοὺς
1376 1092 1555 1127 γεννηθέντας
1566 1094 1849 1129 προσαγορεύσουσ;ν;

1070 1138 1212 1172 ’Δδελφοὺς
1227 1138 1323 1170 αὐτοὺς
1342 1137 1463 1174 ἀλλήλων
1479 1138 1495 1174 ἢ
1510 1139 1637 1174 ἀνεψιοὺς
1650 1140 1849 1176 προσεροῦσινς

1065 1184 1207 1220 ἀμφότερα
1222 1184 1277 1219 γὰρ
1299 1184 1390 1215 αὐτοῖς
1410 1185 1595 1220 προσαρμόσει
1615 1186 1658 1212 διὰ
1680 1186 1730 1221 τὴν
1751 1187 1849 1222 σύγχυ-

1065 1237 1114 1256 σιν.
1133 1230 1178 1264 Μὴ
1202 1230 1327 1265 ποιήσῃς,
1347 1226 1369 1255 ὦ
1389 1226 1528 1266 ἄνθρωπε,
1547 1232 1595 1266 τὴν
1613 1231 1689 1258 Θείαν
1717 1234 1850 1267 μητρυιὰν

1062 1274 1116 1301 τῶν
1138 1275 1254 1310 νηπίων·
1282 1276 1348 1311 μηδὲ
1374 1276 1422 1311 τὴν
1447 1277 1475 1302 ὲν
1501 1276 1602 1311 μητρὸς
1633 1277 1708 1308 τάξει
1741 1277 1850 1304 θάλπειν

1062 1319 1228 1353 ὀφείλουσαν,
1247 1320 1347 1356 ταύτην
1364 1321 1513 1356 ὲφοπλίσῃς
1530 1323 1589 1353 ταῖς
1611 1322 1784 1356 ἀμειλίκτοις
1804 1322 1849 1358 ζη-

1061 1363 1209 1396 λοτυπίαις.
1228 1365 1314 1393 Μόνον
1333 1365 1387 1401 γὰρ
1409 1366 1438 1392 τὸ
1459 1366 1536 1400 γένος
1631 1366 1686 1394 τῶν
1710 1368 1849 1404 μητρυιιῖιν

1061 1409 1108 1435 καὶ
1124 1409 1191 1443 μετὰ
1209 1410 1322 1437 θάνατον
1343 1411 1448 1437 ἐλαύνει
1471 1412 1519 1447 τὴν
1534 1412 1633 1447 ἔχθραν
1645 1421 1651 1427 ·
1668 1413 1772 1448 μᾶλλον
1785 1414 1813 1440 δὲ
1827 1415 1849 1440 οι

1063 1454 1110 1489 μὲν
1127 1454 1215 1486 ἄλλως
1239 1455 1361 1491 πολέμιοι
1384 1458 1441 1488 τοῖς
1465 1458 1606 1492 τεθνηκόσι
1628 1459 1807 1486 σπένδονται·
1825 1461 1849 1486 al

1059 1500 1087 1525 δὲ
1108 1501 1238 1536 μητρυιαὶ
1252 1500 1298 1526 τοῦ
1318 1500 1412 1535 μίσους
1429 1501 1497 1536 μετὰ
1518 1501 1563 1528 τὸν
1578 1502 1692 1529 θάνατον
1710 1504 1848 1539 ἄρχονται.
1893 1511 1894 1514 ‘

1060 1546 1211 1579 Κεφάλαιον
1224 1545 1251 1572 δὲ
1264 1545 1316 1572 τῶν
1333 1547 1496 1582 εἰρημένων,
1507 1548 1537 1574 Ei
1555 1548 1604 1583 μὲν
1619 1548 1694 1584 νόμῳ
1704 1558 1750 1581 τις
1765 1551 1850 1586 ὁρμί-

1059 1600 1102 1618 ται
1117 1591 1184 1626 πρὸς
1205 1590 1249 1618 τὸν
1268 1591 1365 1627 γάμον,
1380 1593 1501 1627 ἧνοικται
1524 1595 1597 1620 πᾶσα
1610 1595 1626 1629 ὴ
1642 1595 1793 1635 οἰκουμένη
1803 1604 1810 1611 ·
1827 1598 1850 1622 εἰ

1058 1636 1085 1663 δὲ
1106 1636 1231 1672 ἐμπαθὴς
1253 1637 1324 1672 αὐτῷ
1346 1639 1361 1673 ἡ
1393 1638 1504 1673 σπουδὴ,
1529 1638 1571 1665 διὰ
1593 1639 1673 1666 τοῦτο
1697 1641 1746 1666 καὶ
1771 1641 1849 1667 πλέοι

1057 1681 1273 1716 ἀποκλεισθήτω,
1289 1682 1350 1708 Ἵνα
1366 1682 1446 1717 μάθῃ
1467 1683 1499 1709 τὸ
1520 1683 1628 1710 ἑαυτοῦ
1645 1685 1761 1718 σκεῦος
1780 1685 1849 1713 κτᾶ-

1057 1728 1126 1754 σθαι
1151 1727 1185 1753 ἐν
1207 1726 1342 1761 ἁγιασμῷ
1366 1727 1414 1753 καὶ
1440 1727 1518 1762 τιμῇ,
1529 1729 1572 1762 μὴ
1591 1729 1625 1756 ἐν
1642 1730 1730 1757 πάθει
1747 1731 1848 1760 ἐπιθυ-

1054 1772 1134 1806 μίας.
1151 1772 1264 1799 Πλείονόι
1280 1779 1313 1807 με
1330 1773 1419 1806 λέγειν
1434 1773 1597 1809 ὡρμημένον
1619 1775 1650 1802 τὸ
1675 1776 1778 1812 μέτρον
1801 1778 1847 1804 ἑπ-

1056 1817 1112 1852 ἑχει
1182 1813 1245 1852 Δτῆς
1259 1817 1410 1852 ἐπιστολῆς.
1431 1817 1551 1853 Εὗχομαι
1567 1819 1594 1845 δὲ
1609 1820 1625 1854 ἢ
1644 1820 1693 1854 τὴν
1716 1821 1847 1857 παραίνε-

1058 1871 1099 1889 σιν
1117 1863 1194 1897 ἡμῶν
1215 1863 1388 1898 ἰσχυροτέραν
1408 1864 1455 1890 τοῦ
1476 1864 1579 1896 πάθους
1598 1865 1808 1902 ἀποδειχθῆναι,
1828 1867 1845 1902 ἢ

1060 1907 1096 1942 μὴ
1113 1907 1280 1943 ἐπιδημῆσαι
1294 1910 1325 1943 τῇ
1343 1909 1463 1944 ἡμετέρα
1548 1910 1578 1936 τὸ
1596 1909 1661 1944 ἄγος
1675 1909 1756 1937 τοῦτο
1766 1920 1772 1926 ·
1787 1911 1844 1938 ἀλλ’

1057 1953 1086 1980 ὃν
1099 1950 1137 1984 οἷς
1152 1953 1184 1979 ἂν
1202 1953 1333 1990 ἐτολμήθη
1348 1954 1439 1986 τόποις
1455 1955 1639 1991 ἐναπομεῖναι.

1084 2104 1185 2136 ΒΑΛΣ.
1207 2108 1239 2135 Ἦ
1257 2108 1325 2144 πρὸς
1341 2109 1475 2145 Διόδωρον
1504 2108 1633 2145 ἐπιστολὴ
1652 2108 1702 2137 τοῦ
1721 2112 1842 2145 μεγάλου

1052 2154 1175 2190 Πατέρος
1190 2155 1241 2182 κᾶν
1252 2155 1343 2191 πάσης
1359 2148 1456 2190 σοφίας
1471 2156 1520 2182 καὶ
1543 2155 1664 2191 ἀληθοῦς
1696 2157 1842 2192 ῥητορείας

1049 2201 1230 2237 πεπλησμένη
1244 2202 1313 2234 ἐστὶ,
1329 2203 1377 2229 καὶ
1394 2203 1444 2238 τὴν
1459 2203 1588 2238 κιννύραν
1617 2203 1665 2231 τοῦ
1704 2206 1841 2239 παναγίου

1049 2246 1210 2280 Πνεύματος
1238 2247 1498 2284 ὑποφθεγγίζηται,
1526 2249 1584 2275 ἀλλ’
1616 2251 1666 2276 οὐκ
1696 2249 1755 2276 ἔστι
1792 2251 1841 2284 ζη-

1048 2294 1133 2329 τητέα
1163 2295 1192 2321 ὲν
1203 2295 1264 2326 ταῖς
1276 2296 1431 2330 παρούσαις
1458 2296 1586 2332 ἡμέραις.
1622 2297 1762 2333 ὀροθετεῖ
1787 2299 1841 2333 γὰρ

1049 2337 1150 2373 μηδένα
1176 2338 1326 2374 λαμϐάνειν
1358 2341 1428 2375 πρὸς
1463 2342 1608 2368 κοινωνίαν
1638 2342 1730 2376 γάμου
1762 2343 1839 2369 ἀδ;λ-

1048 2385 1100 2419 φὰς
1113 2384 1170 2418 δύο,
1197 2386 1264 2421 ὅπερ
1281 2387 1348 2412 Θεοῦ
1376 2387 1467 2422 χάριτι
1500 2389 1619 2424 σήμερον
1653 2388 1713 2415 οὐδὲ
1738 2389 1778 2421 sl;
1794 2390 1837 2415 tv-

1049 2430 1167 2465 θύμησιν
1203 2431 1272 2463 ὅλως
1302 2432 1412 2467 ἔρχεται
1436 2433 1582 2467 ἀνθρώπου
1600 2434 1837 2468 Χριστιανοῦ,καὶ

1047 2474 1090 2500 διὰ
1106 2475 1186 2501 τοῦτο
1197 2476 1258 2502 οὐδὲ
1277 2477 1402 2508 πλείονος
1423 2477 1571 2513 ἑρμηνείας
1602 2479 1709 2514 ἐδεήθη.
1728 2479 1795 2515 Ἐχε
1812 2480 1840 2506 δὲ

1046 2519 1149 2555 ταύτην
1165 2520 1214 2556 τὴν
1230 2521 1306 2548 θείαν
1319 2522 1467 2557 ἐπιστολὴν
1483 2523 1618 2558 διηνεκῶς
1646 2524 1693 2550 ἐπὶ
1715 2526 1837 2560 μνήμης.

1048 2566 1108 2593 Κᾶν
1122 2566 1177 2602 γὰρ
1191 2567 1221 2594 τὸ
1241 2567 1400 2604 ὀροθέτημα
1421 2569 1525 2604 ταύτης
1557 2570 1588 2596 οὺ
1627 2572 1837 2606 τρακταῖζεται,

1047 2611 1115 2638 ἀλλὰ
1130 2612 1164 2639 τὰ
1177 2613 1206 2639 ὲν
1221 2613 1307 2649 ταύτῃ
1328 2613 1524 2649 περιεχόμενα,
1558 2608 1777 2651 ἐπιχειρήματα,
1795 2618 1836 2642 ἐν·

1047 2657 1198 2694 θυμήματά
1214 2668 1243 2686 τε
1261 2660 1307 2687 καὶ
1337 2660 1556 2696 ὲπενθυμήματα
1587 2661 1633 2688 καὶ
1658 2663 1761 2697 μᾶλλον
1789 2663 1838 2688 Ec:

1047 2705 1101 2731 ἀπό
1113 2714 1142 2732 τε
1159 2706 1209 2741 τῆς
1230 2707 1352 2739 Παλαιᾶς
1366 2707 1414 2734 καὶ
1448 2707 1494 2734 τοῦ
1525 2707 1647 2743 μεγάλου
1686 2708 1836 2736 ἀποστόλου

255 2843 262 2860 ¹
279 2845 288 2874 Ι
304 2844 369 2872 Cor.
385 2853 434 2878 vn,
452 2845 497 2872 29.
539 2840 548 2855 ¹
567 2845 635 2873 Gen.
650 2843 733 2877 1,28;
756 2853 792 2878 Ix,
813 2847 839 2874 l.
879 2844 1008 2876 ³1(ῖοι·,·

1076 2849 1101 2877 9.
1140 2849 1149 2863 ⁸
1172 2850 1181 2878 Ι
1199 2849 1296 2880 Thess.
1317 2859 1354 2885 tv,
1368 2853 1396 2880 6.
