1912 3076
38 146 94 179 817

514 149 557 182 ΙΝ
572 150 694 181 EPlST.
712 151 742 182 S.
761 146 907 182 BASILII
930 151 981 182 AD
1000 151 1217 185 DIODORUM.

1621 152 1674 183 8l8

39 205 154 232 Παύλου
175 205 358 240 συνετέθησάν
372 214 402 233 τε
417 197 466 233 καὶ
502 207 680 244 ἀνετέθησαν,
707 208 834 244 μεγάλως
850 234 852 239 γ

905 216 948 236 um
966 207 1119 236 conferunt.
1135 208 1203 236 Nota
1219 213 1307 236 autem
1319 215 1350 236 ex
1365 216 1407 241 ea,
1417 208 1487 242 quod
1502 207 1677 236 ecclesiasticr

41 252 222 280 συντελοῦσιν
238 253 284 279 ἐπὶ
308 253 417 289 ἑτέραις
435 253 592 281 ὑποθέσεσι.
619 254 777 290 Σημεῑωσαι
803 254 836 290 δὴ

40 298 97 325 ἀπὸ
125 298 231 333 ταύτης
241 299 282 325 ὃτι
297 300 344 326 καὶ
365 299 400 326 τὰ
415 299 527 335 ἄγραφα
543 300 760 334 ἐκκλησιαστικὰ
777 299 837 335 ἔθη,

43 344 83 376 ὡς
97 345 124 370 al
138 344 275 380 ἔγγραφοι
292 345 415 377 κανόνες,
430 344 461 371 τὸ
478 345 717 381 ἀπαρεγχείρητον
733 346 837 381 ἔχουσι·

42 390 90 416 καὶ
111 390 155 417 ὅτι
176 391 235 421 ταῖς
253 391 414 420 Μωσαῖκατς
430 390 603 424 νομοθεσίαις
621 390 765 426 προσέχειν
789 391 840 417 οὐκ

891 254 972 282 etiam
989 252 1041 282 nDn
1060 254 1152 289 scripti
1171 262 1270 288 mores,
1290 255 1360 283 sicut
1375 255 1466 290 scripti
1482 262 1618 286 canones,
1637 262 1681 281 re~

895 299 976 327 tutari
987 299 1044 327 “non
1061 305 1172 335 possunt
1184 309 1191 333 ;
1202 305 1229 328 et
1242 302 1312 336 quod
1326 301 1397 336 leges
1412 300 1537 328 mosaicze
1553 308 1606 327 non
1619 305 1682 327 sunt

895 343 1075 373 attemlc'ndze.
1093 346 1160 373 Nota
1177 347 1257 373 etiam
1275 346 1357 373 multa
1370 346 1420 373 alia
1435 353 1466 373 ex
1484 347 1535 373 hac
1558 345 1681 379 epistola,

897 399 955 425 qua:
970 396 1032 419 sunt
1051 393 1184 428 imprimis
1200 394 1352 421 necessaria
1373 398 1399 420 et
1414 393 1528 420 maxime
1544 393 1629 420 utilia.

45 437 208 472 ὀφείλομεν.
217 437 273 463 Καὶ
281 437 363 472 ἕτερα
377 437 406 464 δὲ
417 437 501 464 πολλὰ
516 438 746 473 παρασημείωσαι
757 440 790 465 ὲκ
803 437 905 474 ταύτης
923 441 972 475 τῆς
988 440 1144 475 ἐπιστολῆς,
1154 440 1356 475 ἀναγκαιότατα
1368 449 1396 467 τε
1408 440 1454 467 καὶ
1468 439 1677 475 χρησιμώτατα.

86 483 212 510 ΖΩΝΑΡ.
233 483 470 518 Προκαταστήσας
484 483 521 518 (ιι)
543 484 675 518 τὸνλόγον
705 485 719 511 ὁ
748 484 838 518 ἅγιος,

45 528 95 555 καὶ
111 528 149 560 ὡς
165 530 194 555 ὲν
206 527 279 564 ἄλλῳ
311 529 450 564 προσώπῳ
475 529 578 564 τρέψας
604 530 650 556 τὸν
683 530 840 565 γράψαντα,

45 575 94 601 νῦν
114 575 165 601 καὶ
179 575 247 610 πρὸς
263 575 420 611 ἀνατροπὴν
433 575 479 602 τοῦ
495 576 660 612 γράμματος
674 577 774 612 χωρεῖ’
791 576 839 602 καὶ

47 620 161 655 πρῶτον
177 621 229 656 μὲν
251 620 282 646 τὸ
293 620 353 652 ἔθος
369 621 551 656 προϐάλλεται
580 624 628 648 καὶ
652 622 737 657 νόμου
754 621 841 649 δῦνα-

52 674 100 701 μιν
119 666 196 700 ἔχειν
212 666 306 702 φησὶν,
323 667 362 698 ὼς
374 667 430 693 τῶν
443 666 554 702 θεσμῶν
568 668 628 703 ἦτοι
657 669 713 695 τῶν
734 676 843 703 νενομι-

53 712 176 747 σμένων,
192 713 248 739 τῶν
265 713 436 748 δεδογμένων
449 714 501 740 ὑπὸ
513 714 600 748 ἁγίων
618 715 735 750 ἀνδρῶν,
755 723 844 750 παρα-

49 758 216 791 δεδομένων.
243 759 301 785 Καὶ
318 759 332 785 ὁ
345 759 486 791 πολιτικὸς
501 759 530 786 δὲ
544 760 627 795 νόμος
640 760 671 787 τὸ
701 761 844 796 κρατῆσαν

54 803 116 835 ἔθος
132 804 218 838 νόμου
236 804 353 840 δύναμιν
369 804 441 840 ἔχειν
465 805 655 833 διακελεύεται
669 815 676 823 ·
721 807 774 834 κᾶν
806 806 845 842 μὴ

52 850 106 876 ὑπὸ
124 850 211 884 ἁγίων
223 850 329 886 ἀνδρῶν
357 851 392 878 τὰ
424 853 609 887 νενομισμένα
639 853 697 884 τοῖς
722 853 845 884 πολίταις

52 880 307 932 ἐδογματίσθησάν.
324 897 395 932 Φησὶ
406 897 461 932 γὰρ
487 880 589 933 ίίιὸλίον
611 897 633 933 β’
652 880 707 925 των
731 880 845 926 Βασι).ι;
861 880 882 910 Β

50 942 121 973 κῶν,
134 941 218 977 τίτλῳ
231 945 268 975 α’,
279 950 343 977 κεφ.
362 942 412 978 λβ’,
427 943 491 978 περὶ
504 940 541 970 ὧν
554 944 691 980 έγγραφος
709 944 740 971 οὔ
757 945 846 972 κεῖται

52 987 139 1022 νόμος
158 988 384 1022 παραφυλάττειν
400 989 483 1016 δεῖτὸ
500 989 561 1022 ἔθος
594 991 642 1017 καὶ
670 990 722 1027 τὴν
763 991 846 1026 συνή-

51 1033 143 1067 Θειαν,
158 1034 205 1061 καὶ
226 1034 262 1062 τὰ
276 1035 349 1070 ἑξῆς.
376 1036 431 1062 Καὶ
458 1034 554 1068 αὖθις·
577 1036 684 1064 Παλαιὰ
716 1037 846 1072 συνήθεια

50 1081 113 1107 ἀντὶ
127 1080 211 1115 νόμου
223 1081 396 1114 φυλάττεται.
410 1082 464 1109 Καὶ
482 1082 563 1110 πάλιν
573 1091 580 1099 ·
601 1083 633 1111 Ἦ
652 1085 746 1118 μακρᾶ
766 1084 848 1118 συνῆ.

51 1126 114 1153 Oeta
143 1126 204 1153 ἀντὶ
217 1126 299 1162 νόμου
325 1129 432 1162 κρατεῖ,
452 1128 481 1155 ὲν
499 1126 540 1162 οἷς
561 1128 611 1155 οὺχ
638 1128 714 1155 ἐστιν
745 1129 846 1165 ἐγγρα-

51 1181 113 1207 ῳος.
157 1172 238 1204 Ἕθος
268 1173 297 1200 δὲ
323 1173 398 1207 λέγει
423 1175 437 1201 ὁ
455 1174 534 1208 ἅγιος
554 1171 633 1206 οὗτος
647 1175 677 1201 τὸ
694 1175 722 1202 ὲν
732 1177 764 1210 τῇ
786 1176 849 1202 Ἐκ·

54 1218 159 1254 κλησίᾳ
170 1219 380 1254 ὲνεργούμενον.
404 1219 469 1247 Ἐὰν
498 1221 553 1255 γάρ
570 1229 612 1252 τις
624 1220 702 1247 δυσὶν
718 1221 849 1256 ἀδελφαῖς

54 1264 190 1298 άοέσμως
206 1264 303 1300 μιχθῇ,
316 1265 411 1300 φησὶν,
443 1265 473 1292 οὐ
505 1265 639 1300 πρότερον
666 1266 849 1302 παραδέχεται

54 1311 98 1341 εἰς
123 1310 302 1346 Ἐκκλησίαν,
315 1311 388 1346 ειμὴ
403 1311 566 1347 χωρισθεῖεν
593 1311 641 1338 ἀπ’
670 1311 797 1348 ἀλλήλων
824 1313 850 1339 οἱ

55 1354 134 1381 οὕτω
144 1355 312 1390 μιανθέντες,
323 1355 362 1387 ὼς
378 1356 445 1390 μηδὲ
457 1356 550 1390 γάμου
581 1356 628 1382 τοῦ
657 1356 780 1384 τοιούτου
799 1357 851 1392 μῦ·

56 1409 125 1432 σσυς
141 1400 330 1435 λογιζομένου.
346 1402 407 1429 Κᾶν
423 1400 469 1429 οὗν
482 1402 547 1429 ἄλλο
563 1411 589 1429 τι
604 1402 655 1430 οὐκ
672 1403 782 1439 εἴχομεν
812 1404 851 1431 sl—

58 1448 135 1478 πεῖν,
145 1447 225 1473 τοῦτο
236 1446 266 1473 τὸ
280 1446 339 1479 ἔθος
348 1447 430 1483 ἢρκει
447 1448 487 1480 εις
498 1448 658 1483 ἀποτροπὴν
681 1448 729 1476 τοῦ
748 1449 847 1476 κακοῦ.

63 1492 145 1519 Ἐπεὶ
158 1492 199 1526 δὲ,
213 1493 308 1528 φησὶν,
326 1494 340 1520 ὁ
356 1495 547 1529 συνηγορήσας
558 1494 604 1521 διὰ
633 1495 684 1530 τῆς
706 1495 851 1531 ἐπιπολῆς

57 1539 196 1573 τῷκαιῷ,
212 1539 252 1574 τῷ
275 1539 383 1574 παλαιῷ
402 1540 543 1575 ἐχρήσατο
553 1540 640 1575 νᾶμῳ,
669 1540 708 1576 τῷ
732 1541 850 1576 λέγοντι,

58 1585 199 1612 Γυναῖκα
213 1585 260 1611 ἐπ’
279 1585 399 1621 ἀδελφῇ
415 1586 511 1619 αὐτῆς
531 1587 569 1613 οὐ
581 1586 668 1621 λήψῃ
680 1587 853 1622 κάντίζηλον

56 1632 259 1666 ἀποκαλύψαι
273 1632 497 1670 ἀσχημοσύνην
510 1633 619 1667 αὐτῆς,
632 1632 676 1660 ἔτι
691 1633 788 1668 ζώσης
801 1635 854 1661 αὑ·

56 1677 117 1711 τῆς
134 1683 142 1691 ⁶
165 1677 317 1704 iuvre-305v
338 1678 504 1713 συνήγαγεν,
522 1678 564 1705 ὅτι
579 1680 765 1714 συγχωρεῖται
779 1679 851 1715 λαμυ

57 1725 156 1751 Εάνειν
171 1724 378 1759 τελευτησάσης
394 1725 444 1759 τὴν
460 1725 581 1760 ἀδελφὴν
598 1725 684 1760 αὐτῆς
698 1734 704 1742 ·

59 1771 114 1805 μὲν
130 1771 144 1797 ὁ
163 1771 242 1805 ἅγιος
254 1771 343 1806 λέγει,
357 1772 397 1798 ὅτι
412 1772 462 1798 ὅσα
477 1771 585 1806 ὁνόμος
625 1771 712 1807 λέγει,
751 1774 808 1804 τοῖς
826 1773 854 1799 ἐν

57 1817 99 1852 τῷ
114 1817 189 1852 νόμῳ
203 1817 288 1844 λαλεῖ.
306 1817 336 1843 Εἰ
357 1817 412 1852 γὰρ
435 1817 472 1852 μὴ
487 1817 566 1844 τοῦτο
580 1817 628 1843 καὶ
645 1818 853 1853 περιτμηθητό-

63 1862 150 1898 μεθα,
174 1863 274 1890 καὶτὰ
310 1863 438 1890 Σάϐϐατα
469 1861 635 1898 φυλάξομεν,
665 1865 713 1890 καὶ
745 1863 855 1898 βρωμάι

745 1726 853 1762 πρῶτον

62 1919 121 1937 των
141 1910 279 1945 διαφόρων
298 1910 473 1945 ἀφεξόμεθα²
492 1911 521 1936 οὗ
534 1910 589 1944 γὰρ
601 1910 655 1937 τῶν
679 1909 856 1944 mpetrare-Sv-

61 1965 120 1984 των
133 1956 200 1992 ἡμῖν
220 1956 317 1991 ἡδονὰς
338 1956 508 1990 άνθεξόμεθα
533 1957 565 1982 ὲκ
577 1955 624 1982 τοῦ
650 1954 782 1982 παλαιοῦο
802 1955 857 1980 τῶν

60 2002 91 2028 δὲ
113 2001 183 2036 βαρύ
199 2010 226 2028 τι
239 2001 355 2036 ἑχόντων
365 2001 531 2036 ἀφεξόμεθα,
550 2001 597 2028 καὶ
611 2001 644 2036 τῇ
664 2000 708 2027 διὰ
721 1992 776 2027 τοίἷ
791 2000 858 2035 Χρι-

63 2048 131 2074 στοῦ
147 2048 213 2082 ἡμῖν
230 2047 339 2083 δοθείσῃ
367 2047 509 2082 ἐλευθερίᾳ
519 2047 580 2073 τότε
595 2045 856 2082 προσδραμούμεοα.

69 2093 102 2120 Ὀ
115 2095 171 2129 γὰρ
197 2093 244 2120 τοῦ
266 2093 385 2128 Χριστοῦ
405 2094 488 2127 νόμος
503 2091 690 2127 ἠλευθέρωσεν
707 2092 780 2126 ἡμᾶς
805 2091 859 2117 τῶν

64 2140 176 2176 βαρέων
191 2139 238 2166 τοῦ
253 2140 349 2174 νόμου,
376 2139 429 2165 τῶν
443 2138 491 2173 τῆς
507 2138 659 2173 περιτομῆς
677 2137 789 2172 δηλαδὴ,
812 2138 859 2164 καὶ

60 2187 115 2221 τῆς
134 2186 190 2213 τῶν
202 2185 402 2220 κεκωλυμένων
428 2184 582 2220 βρωμάτων
605 2185 720 2220 ἀποχῆς,
744 2183 790 2209 τοῦ
814 2183 859 2210 τὸν

62 2230 202 2266 γονορρυῆ
226 2229 381 2264 ἀκάθαρτον
409 2229 561 2265 κρίνεσθαι,
582 2229 630 2255 καὶ
654 2229 699 2255 τὸν
719 2227 857 2263 ἁψάμενον
871 2226 897 2256 D

63 2275 177 2312 νεκροῦ,
206 2276 254 2302 καὶ
279 2274 325 2302 τὸν
349 2274 536 2310 λεπρωοέντα,
561 2274 608 2301 καὶ
631 2274 719 2302 ἄλλων
742 2274 860 2302 πολλῶν.

69 2322 246 2359 Ἦρωτήθην,
264 2322 358 2358 φησὶν,
369 2323 392 2348 εί
409 2322 565 2357 γέγραπται
581 2321 730 2357 λαμϐάνειν
744 2321 862 2355 γυναῖκα

64 2371 110 2398 ἐπ’
127 2369 242 2404 ἀδελφῇ,
253 2369 338 2405 ἤγουν
353 2369 376 2395 εἰ
393 2369 443 2404 τῆς
458 2367 588 2402 γυναικὸς
600 2368 700 2400 αὐτοὺς
716 2366 765 2403 τὴν
782 2367 860 2395 ἀδελ-

65 2419 122 2453 φὴν
149 2417 238 2450 ἔξεστι
269 2416 420 2452 λαμϐάνειν
446 2417 520 2443 τινίσ
539 2417 586 2443 καὶ
606 2414 683 2442 εἶπον
697 2417 738 2442 ὃτι
768 2416 798 2442 οὗ
814 2416 861 2450 γέ-

64 2471 203 2499 γραπται.
217 2464 308 2497 Ὅπερ
328 2463 375 2490 καὶ
400 2462 499 2498 ἀληθές
515 2463 599 2494 ἐστιν,
623 2461 691 2488 ἀλλὰ
713 2461 761 2488 καὶ
773 2462 863 2495 ἀσφα-

65 2511 124 2542 λές.
144 2510 182 2536 Τὸ
200 2509 228 2536 δὲ
246 2509 450 2543 συλλογίζεσθαι
465 2509 495 2535 τὸ
516 2507 664 2542 σιωπηθὲν,
689 2508 772 2543 ἤγουν
800 2507 862 2534 ἐπεὶ

66 2558 81 2583 ὀ
97 2556 182 2591 νόμος
195 2552 284 2588 εἶπεν,
303 2554 355 2587 ὅτι,
374 2556 415 2582 Οὐ
428 2554 515 2588 λήψῃ
534 2553 664 2588 γυναῖκα
678 2553 724 2579 ἐπ’
741 2552 860 2587 ἀδελφῇ

67 2600 166 2635 αὐτῆς
183 2600 354 2636 ἀντζζηλον,
368 2600 417 2627 καὶ
429 2601 479 2627 ’ἑτι
494 2599 591 2632 ζώσης
610 2598 716 2633 αὐτῆς,
745 2598 860 2625 ἀκόλου-

68 2647 117 2675 04v
131 2648 218 2679 ἐστιν,
235 2647 275 2673 ὅτι
294 2648 362 2682 μετὰ
376 2647 491 2674 θάνατον
508 2647 538 2672 οὔ
552 2646 686 2673 κωλύεται
713 2645 763 2680 τὴν
782 2645 860 2671 ἀδελ-

69 2694 124 2729 φὴν
141 2694 192 2727 τῆς
207 2694 337 2726 γυναικὸς
352 2693 516 2727 λαμϐάνειν,
532 2693 568 2724 ὡς
587 2692 687 2728 μηκέτι
718 2692 768 2726 τῆς
783 2691 863 2726 ζηλο-

70 2740 175 2770 τυπίας
196 2740 330 2774 ἐσομένης
345 2748 352 2755 ’
368 2740 447 2766 τοῦτο
459 2759 466 2770 .
482 2740 560 2774 φησι,
576 2739 606 2765 τὸ
634 2737 747 2765 τοιαῦτα
771 2738 860 2771 λέγειν

71 2786 236 2820 νομοθετεῖν
249 2786 308 2812 ἐστι
324 2787 370 2812 καὶ
389 2786 505 2817 οἰκείους
517 2785 690 2818 συνεισάγειν
707 2784 818 2819 νόμους,
833 2784 861 2810 οὺ

72 2832 107 2860 τὰ
124 2831 174 2858 τοῦ
191 2831 275 2866 νόμου
303 2831 394 2865 λέγειν
412 2840 418 2846 ·
437 2833 460 2858 εἰ
478 2831 531 2866 γὰρ
547 2830 639 2865 δῶμεν
664 2831 731 2865 μετᾶ
749 2831 863 2857 Οάιατον

130 2883 135 2896 ¹
161 2880 251 2906 Levii.
271 2889 350 2911 X\"ll,
375 2882 416 2908 18.

928 486 1054 514 ZONAR.
1070 486 1137 514 Cum
1155 491 1267 514 sanctus
1280 494 1431 514 sermonem
1449 489 1636 520 pra-parasset,
1654 490 1680 512 et

891 531 1014 565 epistolae
1041 533 1202 566 scriptorem
1230 536 1358 566 tanquam
1381 532 1407 558 in
1432 531 1511 558 aliam
1537 537 1682 565 persOnam

892 577 1029 610 vertisset,
1044 585 1117 605 nunc
1130 582 1156 605 et
1169 578 1202 605 ad
1215 577 1531 612 scripticonl‘utationem
1547 576 1681 610 procedit.

895 621 928 648 Et
953 622 1042 656 pritno
1065 622 1172 656 quidem
1197 622 1417 650 consuetudinem
1441 620 1544 655 objicit.
1568 627 1683 654 eamque

894 664 960 700 legis
976 666 1029 693 vim
1044 666 1144 694 habere
1158 667 1266 699 asserit,
1280 667 1406 701 quoniam
1420 666 1489 693 ritus
1503 666 1559 693 sive
1569 669 1682 697 statuta,

894 718 909 737 a
926 711 1026 740 sanctis
1038 711 1167 740 Patribus
1184 713 1294 740 decreta
1306 733 1314 746 ,
1330 712 1428 740 tradita
1442 716 1515 739 sunt.
1526 712 1595 744 Quin
1614 711 1683 739 civi-

893 758 927 786 lis
959 760 1039 786 etiam
1070 759 1113 787 lex
1142 760 1331 795 praevalentem
1365 759 1590 786 consuetudinem
1616 758 1683 793 legis

895 804 967 833 vires
980 805 1080 833 habere
1092 805 1170 841 Jubet
1186 814 1193 833 :
1212 805 1275 833 licet
1291 813 1352 841 quae
1363 804 1469 832 civibus
1486 804 1606 831 instituta
1621 809 1684 831 sunt

896 858 948 879 non
964 858 979 878 a
994 851 1096 879 sanctis
1111 851 1176 878 viris
1192 851 1300 878 decreta
1315 851 1423 878 fuerint.-
1446 849 1518 878 Dicit
1533 850 1604 878 enim
1618 849 1687 876 liber

898 904 928 929 tl,
943 898 984 925 tit.
998 897 1094 932 l,cap.
1109 897 1144 924 32
1160 896 1268 925 Basilio.
1283 906 1289 924 :
1306 896 1342 925 De
1353 897 1451 931 quibus
1464 896 1562 930 scripta
1577 896 1617 923 lex
1633 902 1686 922 non

897 948 997 976 exstat,
1017 943 1045 971 in
1069 943 1112 971 his
1132 951 1236 972 morem
1253 947 1280 972 et
1303 943 1526 972 consuetudinem
1548 941 1687 970 custodire

898 993 1014 1023 oportet,
1024 993 1052 1017 et
1061 996 1121 1024 qua:
1134 993 1294 1024 sequuntur.
1313 988 1392 1024 142
1415 988 1447 1016 Et
1463 995 1570 1016 rursum
1587 996 1595 1015 :
1609 987 1688 1015 Anti-

899 1041 951 1069 qua
963 1037 1130 1062 consuetudo
1145 1041 1194 1069 pro
1205 1033 1264 1070 lege
1279 1034 1438 1062 custoditur.
1449 1032 1516 1060 ltem
1529 1041 1536 1060 :
1553 1032 1686 1060 Diuturna

899 1080 1068 1109 consuetudo
1082 1087 1131 1115 pro
1145 1081 1205 1116 lege
1221 1080 1327 1108 obtinet
1339 1100 1346 1113 ,
1367 1080 1395 1108 in
1413 1079 1510 1115 quibus
1529 1078 1572 1107 lex
1588 1079 1689 1114 scripta

900 1126 1000 1154 deﬁcit.
1018 1126 1068 1155 Hic
1081 1130 1171 1154 autem
1185 1131 1294 1154 sanctus
1307 1127 1390 1154 Pater
1403 1124 1623 1154 consuetudinem
1638 1132 1688 1152 vo—

899 1175 954 1204 cat,
970 1171 1040 1206 quod
1059 1172 1086 1199 in
1102 1171 1222 1200 Ecclesia
1241 1171 1312 1200 valet
1327 1180 1335 1200 :
1350 1171 1378 1200 Si
1403 1172 1464 1206 quis
1478 1171 1550 1199 enim
1572 1171 1688 1201 duabus.

899 1216 1012 1252 inquit.
1040 1217 1181 1246 sororibus
1215 1217 1354 1253 illegitime
1386 1217 1605 1250 commisceatur,
1637 1223 1689 1244 non

900 1262 976 1297 prius
989 1262 1016 1289 in
1032 1261 1182 1291 Ecclesiam
1205 1263 1354 1298 recipitur,
1379 1263 1433 1291 nisi
1456 1264 1501 1298 qui
1529 1264 1582 1291 hoc
1610 1263 1692 1290 modo

902 1309 1130 1343 contaminamur,
1153 1317 1168 1337 a
1194 1317 1224 1338 se
1252 1310 1369 1344 invicem
1395 1313 1692 1346 separentur,'utpote

901 1355 972 1390 qttod
992 1363 1079 1391 neque
1099 1356 1302 1384 matrimonium
1316 1360 1421 1384 tantum
1436 1356 1524 1384 scelus
1539 1360 1690 1390 repntelur.

902 1402 1030 1436 Quamvis
1051 1402 1140 1436 itaque
1155 1402 1222 1430 nihil
1235 1402 1307 1430 aliud
1325 1402 1414 1430 dicere
1436 1402 1611 1432 haberemus,
1635 1402 1692 1430 hate

903 1449 1070 1476 consuetudo
1082 1447 1153 1475 malo
1168 1448 1212 1476 isti
1229 1448 1376 1476 evertendo
1390 1448 1499 1477 sutlicit.
1515 1447 1692 1483 Quandoqui-

902 1493 963 1521 dem
979 1498 1069 1521 autem
1086 1493 1130 1528 qui
1153 1493 1203 1522 hoc
1227 1493 1338 1527 malum,
1369 1494 1465 1529 inquit,
1489 1501 1536 1528 per
1550 1493 1691 1528 epistolam

905 1540 1036 1574 defendit,
1052 1540 1136 1568 veteri
1150 1539 1207 1575 lege
1222 1541 1308 1568 utitur
1329 1540 1454 1569 dicente:
1468 1539 1606 1568 Mulierem
1622 1539 1694 1567 zelo-

906 1593 994 1622 typum
1010 1595 1088 1621 super
1098 1595 1214 1616 sororem
1225 1586 1282 1622 ejus
1296 1594 1348 1615 non
1361 1586 1471 1623 accipies
1481 1588 1514 1615 ad
1527 1586 1694 1614 revelandam

905 1634 1094 1668 turpitudinem
1112 1634 1179 1669 ejus,
1196 1635 1253 1669 ipsa
1279 1634 1366 1661 adhuc
1386 1634 1501 1662 uivente’
1516 1642 1523 1667 ;
1548 1637 1575 1660 et
1596 1633 1696 1660 exinde

905 1680 1016 1715 colligit,
1033 1681 1103 1714 quod
1115 1681 1173 1716 ejus
1189 1680 1336 1707 demortuae
1353 1687 1475 1708 sororem
1493 1680 1616 1715 accipere
1630 1686 1694 1706 con-

906 1725 1022 1752 ceditur.
1041 1725 1132 1752 Primo
1148 1725 1255 1759 quidem
1281 1729 1393 1752 sanctus
1412 1725 1460 1758 ait,
1480 1724 1552 1760 quod
1563 1731 1694 1759 quaecun-

906 1779 959 1805 que
975 1771 1016 1797 lcx
1035 1771 1110 1803 dicit,
1129 1771 1161 1798 iis
1177 1778 1235 1805 qua:
1253 1774 1318 1799 sunt
1334 1771 1360 1798 in
1383 1771 1442 1806 lege
1466 1771 1549 1802 dicit;
1573 1770 1694 1805 alioquin

907 1818 977 1845 enim
996 1822 1022 1844 et
1037 1817 1276 1849 circuntcidcmur.
1297 1822 1324 1844 et
1338 1817 1457 1845 Sabbata
1474 1817 1692 1849 observabimus,

908 1869 934 1890 τι
955 1871 967 1890 a
986 1864 1067 1890 variis
1080 1863 1148 1891 cibis
1168 1863 1375 1891 abstinebimus.
1397 1863 1490 1899 Neque
1510 1864 1581 1891 enim
1596 1870 1630 1891 ex
1646 1871 1694 1890 vc-

909 1910 958 1937 teri
983 1917 1032 1937 nos
1054 1910 1111 1944 lege
1136 1909 1338 1938 continebimus
1354 1910 1388 1937 ab
1414 1910 1447 1938 iis
1464 1917 1524 1945 quas
1545 1899 1697 1944 voluptates

909 1957 985 1983 nobis
1000 1955 1151 1983 conferunt.
1167 1955 1206 1982 Ab
1222 1956 1255 1983 iis
1265 1959 1368 1990 autem,
1384 1963 1443 1991 qua:
1457 1964 1538 1992 grave
1554 1956 1654 1991 aliquid
1670 1956 1696 1983 in

909 2010 938 2030 se
951 2001 1101 2035 continent,
1117 2001 1326 2035 abstinebimus;
1344 2006 1370 2030 et
1391 2002 1424 2029 ad
1441 2002 1593 2030 libertatem
1620 2002 1698 2030 nobis

910 2057 958 2084 per
977 2048 1117 2076 Christum
1140 2055 1298 2077 concessam
1319 2053 1383 2077 tunc
1397 2048 1595 2084 confugiemus.
1617 2048 1708 2076 Nant-c

910 2103 963 2130 que
978 2095 1019 2122 lcx
1037 2094 1136 2123 Christi
1151 2095 1185 2122 ab
1201 2095 1245 2128 iis,
1263 2103 1323 2130 qua:
1337 2095 1363 2122 in
1379 2095 1437 2129 lege
1451 2095 1542 2130 gravia
1558 2098 1632 2126 sunt,
1649 2101 1699 2121 nos

910 2141 1051 2174 liberavit;
1067 2149 1080 2168 a
1099 2141 1309 2169 circumcisione
1326 2141 1439 2173 scilicet,
1454 2141 1488 2168 ab
1501 2140 1663 2168 abstinentia
1680 2148 1697 2167 ι

912 2188 1055 2222 prohibitis
1068 2187 1148 2220 cibis,
1165 2189 1196 2214 ah
1211 2195 1244 2215 eo
1260 2187 1567 2222 immundojudicando,
1583 2187 1630 2222 qui
1651 2185 1700 2213 llu-

912 2242 974 2261 xutn
994 2234 1107 2262 seminis
1123 2240 1219 2268 passus
1235 2238 1293 2264 est.
1308 2230 1354 2268 qui
1371 2237 1506 2260 mortuutn
1524 2232 1631 2267 tetigit,
1652 2232 1700 2267 qui

911 2279 983 2314 lepra
1003 2279 1118 2307 inlectus
1132 2285 1174 2307 est
1188 2300 1196 2313 ,
1212 2283 1239 2308 et
1255 2279 1316 2307 aliis
1331 2287 1413 2315 quam
1429 2279 1564 2314 plurimis.
1580 2278 1699 2306 Interro-

912 2331 989 2360 gatus
1002 2333 1072 2358 sum,
1088 2325 1186 2360 inquit,
1203 2325 1386 2360 an/scriptum
1400 2325 1436 2353 sit
1454 2325 1577 2359 accipere
1588 2332 1699 2352 uxorem

913 2371 945 2398 ad
970 2378 1110 2405 sororem;
1128 2371 1254 2398 nimirum
1280 2379 1313 2398 an
1338 2370 1420 2398 liceat
1437 2371 1553 2406 cuipiam
1579 2377 1700 2398 sororem

913 2416 1006 2444 uxoris
1021 2423 1077 2443 suae
1092 2417 1207 2449 ducere;
1222 2421 1249 2442 et
1262 2416 1317 2443 dixi
1332 2423 1383 2443 non
1400 2415 1530 2451 scriptum
1546 2422 1616 2449 esse;
1629 2415 1702 2450 quod

916 2470 1010 2490 verum
1028 2467 1082 2495 est;
1098 2467 1179 2497 atque
1195 2463 1276 2490 etiam
1293 2466 1390 2490 tutum.
1407 2462 1445 2491 Ex
1461 2470 1492 2490 eo
1507 2468 1597 2490 autent
1609 2482 1615 2494 ,
1629 2461 1702 2495 quod

917 2517 969 2536 non
987 2509 1089 2536 dictum
1106 2513 1157 2541 est,
1173 2508 1318 2536 illationem
1341 2508 1440 2541 facere,
1463 2515 1558 2542 nempe
1574 2507 1703 2542 quoniam

916 2555 956 2583 lex
973 2555 1054 2588 dicit,
1068 2556 1141 2590 quod
1159 2554 1220 2583 Non
1243 2556 1354 2590 accipies
1372 2563 1479 2582 uxorem
1496 2554 1645 2589 zelotypum
1668 2552 1703 2580 ad

914 2610 1030 2629 sororem
1044 2603 1137 2636 ipsius,
1154 2602 1210 2634 ipsa
1224 2603 1302 2629 etiam
1314 2602 1399 2629 adhuc
1414 2602 1522 2634 vivente,
1534 2607 1704 2635 consequens

915 2653 956 2674 est
972 2649 1043 2682 quod
1059 2654 1119 2683 post
1141 2653 1254 2676 mortem
1276 2656 1398 2676 sororem
1416 2647 1509 2675 uxoris
1526 2647 1625 2674 ducere
1649 2654 1704 2673 non

917 2694 1085 2728 prohibetur,
1105 2699 1134 2721 ut
1158 2694 1291 2729 zelotypia
1310 2694 1425 2728 amplius
1437 2692 1504 2720 'non
1528 2692 1630 2725 futura,
1652 2692 1704 2719 hoc

918 2740 1015 2773 inquit,
1033 2740 1106 2772 talia,
1122 2740 1224 2767 scilicet
1239 2740 1329 2767 dicere
1344 2743 1384 2767 est
1400 2740 1485 2773 legem
1501 2738 1583 2770 ferre,
1597 2743 1624 2764 et
1639 2745 1704 2773 pro-

920 2786 992 2819 prius
1007 2784 1079 2819 leges
1093 2786 1276 2818 introducere,
1293 2793 1345 2812 non
1359 2793 1389 2813 ea
1404 2793 1463 2821 qum
1479 2789 1540 2812 sunt
1562 2784 1628 2818 legis
1644 2791 1705 2819 pro-

922 2831 1002 2858 l‘crrc.
1023 2831 1050 2858 Si
1068 2830 1164 2858 demus
1174 2831 1258 2863 cnim,
1272 2836 1332 2865 post
1350 2837 1463 2860 mortem
1478 2831 1571 2859 uxoris
1585 2839 1705 2857 Sttml‘t‘nl

108 2931 144 2961 (ut)
160 2929 227 2954 Hunc
239 2929 470 2960 interpretationem
482 2929 550 2954 dedit
565 2928 716 2959 Betercgius
732 2928 756 2953 in
770 2927 834 2952 notis
848 2934 878 2952 ex
894 2926 977 2952 codice
989 2926 1192 2953 Amerbachiauo.
1207 2924 1276 2950 Ευιτ.
