1894 3072
35 168 92 198 ιΠ

422 167 463 196 1N
480 168 600 199 EPIST.
619 170 649 199 S.
665 168 859 199 GREGORH
880 170 1043 201 NYSSENI
1060 172 1111 201 AD
1132 172 1312 204 LETOlUM.

1620 176 1672 206 e78

36 226 84 250 τον
100 223 156 249 τὼν
170 222 316 257 ἐπιτιμίων
344 222 440 256 καιρὸν
462 222 502 256 τῷ
523 223 711 257 οἰκονομοῦντι
737 223 782 250 τὸν
797 224 825 250 ἐν

901 230 1050 258 otestatem,
1070 225 1092 252 si
1106 225 1202 253 viderit
1219 227 1396 261 pmuitentem
1413 227 1508 254 uberes
1532 227 1668 262 preuiten-

36 270 169 304 μετανοίᾳ
197 268 342 304 γενόμενον
371 268 491 299 δίδωσιν,
507 269 531 294 εί
562 267 656 302 βλέπει
672 268 718 295 τὸν
739 277 826 304 μετα-

35 315 153 342 νοοῦντα
188 315 310 350 δαψιλεῖς
343 315 407 347 τοὺς
438 317 490 350 τῆς
520 316 668 350 μετανοίας
703 316 828 351 καρποὺς

35 363 255 397 ὲνδεικνὺμενον.
282 363 311 389 '0
332 363 360 389 δὲ
383 363 524 395 ἀκούσιος,
557 363 635 398 φησὶ,
658 363 739 397 φόνος
762 371 828 396 συγ-

36 409 160 442 γνωστὸς
179 409 229 442 μὲν
243 408 352 443 ἐκρίθη.
368 409 399 434 οὐ
417 409 470 442 μὴν
494 409 655 441 ὲπςιινετὶς,
676 409 760 443 ἤγουν
778 409 829 435 οὐκ

35 455 163 486 ἀνεκτὶς,
178 453 250 480 ὥστε
268 454 314 480 καὶ
332 453 422 488 πάντη
446 452 516 480 εἶναι
543 454 752 488 ἀνεπιτίμητος,
769 454 828 480 Κᾶν

35 501 93 535 γὰρ
107 500 246 531 ἀκουσίως
273 509 316 531 τις
333 500 452 536 φονεύσῃ
478 500 632 536 ἄνθρωπον,
654 500 718 526 οὔτε
748 501 828 535 ίερωα

37 547 126 582 σύνης
143 546 279 578 τεύξεται,
293 546 342 572 καὶ
360 545 514 581 ἀπόϐλητος
527 546 631 581 ταύτης
648 547 686 578 ὡς
701 547 739 580 τῷ
754 547 826 580 φόνῳ

38 593 168 629 μιανθεὶς
194 592 298 619 ἔσεται.
311 592 415 627 Χρόνον
432 593 461 618 δὲ
479 592 516 627 τῷ
530 592 664 627 ἐπιτιμίῳ
677 593 725 619 τοῦ
745 593 830 619 ἀκου-

37 638 98 664 σίου
113 637 195 672 φόνου
210 636 285 671 λέγει
297 636 438 671 τετάχθαι,
452 637 513 668 ὅσος
534 638 563 664 ὲν
578 638 611 671 τῇ
626 636 692 672 ψιλῇ
714 637 830 673 πορνείᾳ

36 683 160 718 ἐτάχθη·
187 683 246 710 ἔστι
273 683 302 710 δὲ
333 679 424 716 οὗτος,
450 683 522 709 κατὰ
544 682 641 709 τοῦτον
663 683 710 709 τὸν
740 682 829 716 ἆγιον,

37 730 119 756 ἐννέα
136 728 196 764 ἐτη.
209 729 298 764 Ψιλὴν
312 729 341 756 δὲ
365 728 507 765 πορνείαν,
526 729 576 763 τὴν
593 729 634 760 εἰς
655 730 773 762 γυναῖκα
791 729 829 764 μὴ

37 776 156 811 ἔχουσαν
175 775 260 810 ἄνδρα¹
277 775 415 811 ὠνόμασε,
435 776 500 807 τοὺς
522 775 634 812 χρόνους
648 775 676 802 δὲ
691 775 746 802 τῶν
765 776 828 802 ὲπι-

38 822 139 854 τιμίων
148 820 232 848 είπὼν
249 820 292 854 ἐφ’
308 821 415 856 ἑκάστῳ
430 820 659 856 πλημμελήματι,
673 819 721 847 νῦν
743 828 830 855 προσ*

39 867 152 902 τίθησιν
183 868 235 899 ὅτι,
252 868 277 894 ει
298 868 376 894 οὔπω
396 867 410 893 ὁ
427 865 604 901 ἐπιτιμηθεὶς
626 865 770 900 ἐπλήρωσε
782 865 830 891 τὸν

39 911 89 938 τοῦ
113 913 254 948 ἐπιτιμίου
278 913 388 948 καιρὸν,
404 911 464 940 ἀλλ’
490 910 531 937 ἔτι
553 910 746 945 ἀφωρισμένος
772 909 830 935 ἐστὶ

39 960 89 986 καὶ
107 957 258 985 κινδυνεύει
279 958 381 990 θανεῖν,
403 956 508 992 ὥρισαν
535 956 560 982 oi
588 955 711 991 Πατέρες
735 955 832 989 φιλαν-

41 1003 272 1041 θρωπευσάμενοι
295 1003 341 1030 τὸν
370 1002 493 1030 τοιοῦτον
517 1001 662 1037 μετασχεῖν
677 1001 733 1028 τῶν
753 1002 831 1035 ἅγια-

41 1051 170 1085 σμάτων,
195 1050 238 1076 ινα
262 1049 300 1085 μὴ
324 1050 508 1085 ἐστερημένος
522 1057 569 1076 του
593 1048 699 1083 ὲφοδίου
727 1047 832 1084 ἀπέλθῃ

40 1095 113 1129 πρὸς
134 1094 183 1129 τὴν
199 1094 308 1130 μακρὰν
333 1094 502 1128 ἀποδημίαν.
521 1093 631 1126 Ἐφὸδια
654 1093 683 1119 δὲ
705 1092 832 1126 λέγονται

39 1140 78 1167 τὰ
97 1141 143 1167 ἐπὶ
162 1142 194 1174 τῇ
212 1140 263 1174 ὀδῷ
281 1141 337 1170 τοῖς
362 1140 485 1166 ὁδεύουσι
506 1139 726 1174 συμϐαλλόμενα.
751 1138 832 1172 Μέγα

40 1187 69 1213 δὲ
91 1185 295 1221 συμϐάλλὶσθαι
310 1186 366 1217 τοῖς
383 1186 490 1217 πιστοῖς
509 1184 669 1211 πιστεύεται
682 1184 735 1210 τῶν
756 1185 834 1218 ἁγιτιε

43 1233 158 1267 σμὰτων
175 1233 191 1268 ἡ
209 1232 328 1267 μέθεξις.
342 1232 373 1258 Εἰ
389 1232 417 1258 δὲ
434 1231 497 1266 περὶ
510 1231 560 1265 τὴν
580 1229 653 1265 ζωὴν
669 1229 834 1257 κινδυνεύων

40 1279 56 1305 ὸ
86 1280 115 1305 ἐν
142 1279 274 1312 ἐπιτιμίῳ
297 1278 428 1313 ἀξιωθείη
455 1277 509 1303 τῶν
535 1275 615 1302 θείων
639 1275 760 1309 δωρεῶν,
776 1274 835 1302 εἶτα

41 1325 155 1360 ἐκψύγῃ
177 1325 222 1352 τὸν
245 1325 365 1352 κίνδυνον
391 1325 438 1351 καὶ
463 1325 641 1360 ἀναρρωσοῇ,
661 1322 740 1354 αὖθις
761 1323 838 1349 ἀκοις

42 1371 167 1404 νὼνητος
183 1370 269 1402 ἔσται,
288 1371 338 1397 καὶ
352 1372 380 1397 ὲν
400 1370 498 1406 ἐκείνῳ
515 1371 646 1405 στήσεται
666 1369 705 1405 τῷ
727 1368 836 1404 saepe,

42 1417 73 1444 ἰν
94 1414 116 1451 ᾧ
127 1414 163 1453 ἧν
176 1417 224 1444 καὶ
238 1417 291 1451 πρὸ
305 1417 352 1444 τοῦ
375 1417 509 1451 κινδύνου,
527 1418 627 1454 μέχρις
641 1416 674 1444 ἂν
690 1417 704 1444 ό
714 1416 811 1452 χρόνος
823 1416 837 1442 ὁ

43 1463 216 1499 τεταγμένος
230 1463 400 1500 ἑκμετρηθῇ.

355 1552 479 1582 ΚΔΝΩΝ
494 1554 539 1589 (τ’.

90 1596 128 1623 Τὸ
141 1595 169 1622 δὲ
186 1591 253 1626 εἶδος
268 1594 316 1629 τῆς
330 1594 565 1630 εἰδωλολατρείαςο
582 1594 652 1621 οὕτω
665 1595 718 1630 γὰρ
733 1595 832 1630 ὀνομά-

53 1645 94 1676 ζει
107 1643 158 1677 τὴν
170 1640 323 1673 πλεονεξίαν
336 1641 349 1667 ὁ
366 1640 435 1672 θεῖος
451 1640 621 1671 Ἀπόστολος·
630 1641 678 1666 οὐκ
692 1638 749 1666 οἴδα
759 1641 832 1672 ὅπως

53 1686 239 1722 ἀθεράπευτον
251 1685 302 1711 ὑπὸ
316 1684 369 1711 τῶν
382 1684 510 1719 Πατέρων
520 1684 596 1719 ἡμῶν
610 1683 760 1720 περιώφθη.
779 1685 832 1712 Καί

53 1733 93 1759 τοί
107 1740 140 1765 γε
153 1731 226 1757 δοκεῖ
240 1730 270 1756 τὸ
280 1730 396 1756 τοιοῦτον
411 1730 493 1756 κακὸν
504 1730 553 1764 τῆς
566 1729 658 1764 τρίτης
672 1730 700 1756 ἐν
714 1731 746 1764 τῇ
759 1730 831 1765 ψυχῇ

52 1776 245 1805 καταστάσεως
262 1774 346 1804 πάθος
360 1772 437 1800 εἶναι.
453 1774 504 1800 Καὶ
516 1775 569 1809 γὰρ
581 1775 708 1809 λογισμὸς
724 1774 774 1809 τῆς
785 1774 831 1801 τοῦ

52 1821 136 1849 καλοῦ
153 1821 266 1856 κρίσεως
284 1820 456 1854 ἁμαρτάνων,
469 1819 498 1845 ὲν
516 1820 548 1854 τῇ
561 1819 611 1855 ὕλῃ
623 1819 653 1845 τὸ
672 1819 752 1845 καλὸν
763 1817 832 1846 εἶναι

52 1865 227 1901 φαντάζεται,
234 1865 263 1890 οὺ
273 1864 339 1898 πρὸς
351 1864 380 1889 τὸ
388 1863 466 1889 ἄῡλον
476 1863 632 1890 ἀναϐλέπων
641 1864 746 1895 κάλλος,
758 1865 805 1890 καὶ
815 1865 830 1899 ἡ

52 1910 186 1944 ἐπιθυμία
196 1909 262 1944 πρὸς
271 1908 303 1934 τὰ
314 1909 388 1935 κέτω
398 1907 497 1943 ρεἰ,τοῢ
504 1908 617 1943 ἀληθοῦς
627 1908 737 1942 ὀρεκτοῦ
745 1909 831 1944 ἀποῤ-

54 1954 165 1989 ῥέουσα.
184 1951 237 1978 Καὶ
251 1952 268 1985 ἡ
289 1951 436 1985 φιλόνεικος
458 1959 487 1977 τε
510 1952 555 1978 καὶ
565 1951 689 1987 θυμώδης
704 1951 832 1983 διάθεσις,

53 1998 155 2028 πολλὰς
170 1998 201 2023 ὲκ
212 1997 259 2030 τῆς
274 1996 398 2031 τοιαύτης
413 1996 546 2031 ἁμαρτίας
562 1996 611 2027 τὰς
624 1996 749 2032 ἀφορμὰς
767 1996 833 2031 λαμ.⁴

56 2051 143 2078 σάνει.
162 2051 215 2076 Καὶ
227 2050 255 2076 τὸ
267 2050 324 2076 ὅλον
338 2050 433 2080 εἰπεῖν,
452 2049 590 2082 συμφωνεί
605 2048 621 2083 ἡ
635 2046 746 2081 τοιαύτη
760 2046 836 2076 νόσος

55 2096 96 2130 τῷ
112 2094 282 2129 ἀποστολικῷ
307 2095 355 2129 τῆς
377 2094 530 2126 πλεονεξίας
553 2094 618 2128 ὅρῳ.
643 2091 672 2118 '0
690 2091 744 2127 γὰρ
768 2090 841 2121 θεῖος

58 2140 231 2172 Ἀπόστολος,
242 2140 271 2166 οὐ
285 2140 363 2174 μόνον
379 2139 460 2174 αὐτὴν
476 2137 704 2172 είδωλολατρείαν,
719 2135 785 2162 ἀλλὰ
794 2134 841 2161 καὶ

59 2186 140 2223 ῥίζαν
154 2186 261 2215 πάντων
281 2185 332 2211 τῶν
345 2184 437 2211 κακῶν
455 2184 626 2218 ἀπεφήνατο·
657 2182 704 2208 καὶ
723 2181 797 2214 ὅμως
811 2179 841 2206 τδ

59 2230 181 2258 τοιοῦτον
195 2228 262 2260 εἶδος
285 2229 417 2264 παρώφθη
435 2229 482 2262 τῆς
505 2228 581 2273 νόσου
603 2224 841 2273 ἀνεπίσκεῖτόνμτε
863 2245 884 2273 D

60 2277 110 2303 καὶ
128 2275 298 2311 ἀτημέλητον
307 2284 313 2290 ·
328 2275 366 2301 διὸ
379 2274 425 2300 καὶ
436 2272 575 2304 πλεονάζει
589 2271 657 2298 κατὰ
672 2270 720 2302 τὰς
731 2270 843 2303 Ἐκκλη-

62 2322 136 2353 σίας,
153 2321 182 2347 τὸ
191 2319 309 2346 τοιοῦτον
320 2318 446 2354 ἀρῤώστη
451 2326 498 2353 μα,
512 2317 558 2344 καὶ
569 2316 654 2347 οὐδεὶς
667 2316 729 2347 τοὺς
745 2315 790 2341 ἐπὶ
799 2313 844 2340 τὸν

62 2366 165 2400 κλῆρον
177 2364 325 2398 ἀγομένους
337 2361 554 2398 περιεργάζεται.
571 2360 666 2395 μήπως
683 2358 721 2392 τῷ
734 2357 845 2390 τοιούτῳ

62 2411 130 2436 εἴδει
145 2410 193 2444 τῆς
205 2408 422 2443 είδωλολατρείας
436 2405 662 2441 κατεμιάνθησαν.
689 2402 768 2429 Ἀλλὰ
782 2401 846 2436 περὶ

66 2456 117 2490 μὲν
132 2454 242 2486 τούτων,
264 2453 307 2480 διὰ
326 2453 356 2479 τὸ
372 2452 514 2487 παρεῖσθαι
531 2452 585 2482 τοῖς
603 2449 739 2483 Πατρᾶσιν
756 2448 772 2482 ὴ
778 2447 844 2481 μῶν,

65 2501 162 2536 ἀρκεῖν
177 2498 314 2535 ἡγούμεθα
331 2498 369 2533 τῷ
382 2497 501 2532 δημοσίῳ
518 2496 568 2530 τῆς
581 2493 751 2524 διδασκαλίας
765 2492 844 2526 λόγῳ.

65 2548 142 2576 ὅπως
160 2545 193 2571 ἂν
218 2541 272 2570 οἷόν
292 2552 322 2571 τε
345 2541 377 2580 ᾗ.
394 2542 552 2578 θεραπεύειν
564 2561 570 2572 ,
590 2540 683 2574 ὥσπερ
702 2538 763 2565 τινὰ
776 2537 846 2572 πάθη

66 2590 240 2625 ηληθωρικὰ,
252 2590 300 2620 τὰς
315 2588 505 2619 πλεονεκτικὰς
519 2586 672 2622 ἀρρωστίας
687 2584 729 2610 διὰ
745 2583 790 2609 τοῦ
803 2582 847 2609 λόη

67 2645 118 2669 γον
134 2635 320 2669 καθαίροντας.
343 2634 433 2667 Μάνην
445 2633 473 2659 δὲ
487 2633 535 2666 τὴν
550 2631 653 2664 κλοπὴν
667 2629 712 2656 καὶ
724 2628 772 2663 τὴν
782 2636 849 2662 τυμ-

68 2679 219 2714 ϐωρυχίαν,
238 2678 284 2705 καὶ
299 2678 346 2712 τὴν
362 2676 510 2712 ἱεροσυλίαν
533 2675 605 2709 πάθη
626 2672 778 2707 νομίζομεν,
805 2669 847 2696 διὰ

68 2725 100 2751 τὸ
110 2725 197 2755 οὕτως
209 2725 240 2750 ὲκ
252 2723 300 2758 τῆς
317 2723 370 2749 τῶν
385 2722 512 2756 Πατέρων
529 2718 686 2749 ἀκολουθίας
700 2716 748 2751 τὴν
764 2715 851 2750 παρά-

69 2769 145 2796 δοσιν
159 2769 225 2802 ὴμῖν
240 2768 303 2804 περὶ
322 2768 414 2794 τούτου
435 2765 568 2801 γενέσθαι.
596 2764 650 2791 Καί
664 2763 704 2789 τοι
725 2771 757 2797 γε
778 2760 853 2795 παρὰ

105 2843 114 2860 ¹
135 2842 237 2877 Ephes.
260 2851 288 2875 ν,
303 2843 329 2870 5.
368 2845 378 2859 ’
393 2843 403 2870 1
421 2843 544 2870 Timoth.
562 2849 600 2874 vl,
615 2841 657 2868 10.

884 270 926 296 tia:
946 269 1049 309 fructus
1062 271 1214 299 ostendere.
1232 271 1414 299 luvoluntaria
1439 277 1528 299 autem
1540 293 1547 306 ,
1572 273 1671 307 inquit,

880 317 967 344 cmdes
988 318 1065 345 venia
1094 318 1202 352 quidem
1235 319 1314 354 digna
1329 319 1450 354 iudicata
1479 325 1533 352 est,
1555 321 1601 347 sed
1618 328 1671 348 ιιοιι

880 362 1024 396 laudanda,
1050 370 1096 390 seu
1127 371 1179 390 non
1202 363 1238 390 ita
1264 364 1427 396 tolerabilis,
1442 369 1472 391 ut
1495 365 1529 392 sit
1553 365 1586 392 ab
1599 366 1672 393 omni

880 408 1012 443 supplicio
1023 408 1160 441 immunis;
1170 408 1256 443 siquis
1267 410 1338 435 enim
1349 410 1527 437 involuntarie
1536 410 1671 437 hominem

881 455 1059 488 interfecerit,
1078 462 1127 482 nec
1137 455 1318 482 sacerdotium
1336 460 1507 489 assequetur,
1529 461 1565 489 et,
1580 461 1607 483 ut
1626 457 1672 491 qui

881 501 1026 529 homicidio
1041 501 1074 527 sit
1087 501 1214 535 pollutus,
1228 508 1260 527 eo
1275 500 1406 536 ejicietur.
1419 501 1609 528 Involuntariaa
1623 509 1674 528 au-

881 552 933 574 tem
954 548 1034 574 caedis
1048 554 1135 582 pmme
1152 552 1255 581 tempus
1269 554 1329 574 esse
1339 547 1413 577 dicit,
1424 552 1552 582 quantum
1567 548 1594 574 in
1610 547 1674 574 sim-
1691 534 1703 543 .

881 591 944 626 plici
962 591 1144 618 fornicatione
1157 595 1288 618 statutum
1310 596 1363 618 est.
1380 591 1526 618 Estautem
1551 592 1613 619 illud
1630 600 1675 620 se-

881 637 997 664 cundum
1016 636 1088 663 hunc
1104 641 1238 668 sanctum,
1254 642 1348 662 novem
1360 643 1503 664 annorum.
1519 636 1674 672 Simplicem

882 688 971 711 autem
984 683 1191 710 {ornicationem
1213 682 1379 714 nominavit,
1404 690 1464 717 quae
1485 683 1512 710 in
1534 683 1673 710 mulierem

882 731 970 757 virum
994 738 1047 757 non
1069 729 1211 757 habentem
1222 728 1411 757 committitur.
1426 727 1574 762 Postquam
1585 733 1675 756 autem

882 776 951 803 dixit
967 783 1054 811 parum
1070 780 1176 810 tempus
1195 776 1222 803 in
1234 783 1394 811 unoquoque
1409 780 1530 811 peccato,
1543 782 1615 802 nunc
1626 775 1673 801 ad.

880 821 1039 857 jicit:quod
1047 821 1069 849 si
1084 821 1118 855 is,
1135 822 1180 856 qui
1194 828 1272 856 paena
1288 821 1402 849 affectus
1414 826 1466 854 est,
1483 821 1601 848 nondum
1615 827 1675 854 per-

884 869 947 897 fecit
962 873 1068 904 tempus
1084 868 1264 903 pcenitentiaa,
1281 869 1328 896 sed
1349 873 1390 896 est
1401 866 1492 896 adhuc
1507 871 1674 902 segregatus,

881 920 909 943 et
926 915 951 943 in
966 922 1062 950 magno
1076 914 1138 941 vitae
1153 914 1272 950 periculo
1294 919 1427 947 versatur,
1446 918 1598 942 statuerunt
1625 913 1674 940 Pa-

884 965 938 989 tres
949 960 1092 988 clementia
1105 963 1224 991 utentes,
1238 964 1268 987 ut
1284 959 1307 986 is
1320 959 1355 987 sit
1366 963 1599 987 sacramentorum
1615 966 1674 993 par-

884 1007 978 1041 ticeps.
998 1013 1032 1033 ne
1043 1006 1140 1034 viatico
1155 1013 1252 1034 carens
1266 1007 1293 1033 in
1307 1006 1413 1041 longam
1431 1005 1674 1041 peregrinationem

884 1051 1172 1079 abeat.Diciturautem
1187 1050 1326 1082 viaticum,
1339 1051 1409 1085 quod
1419 1050 1452 1077 iis
1465 1051 1510 1085 qui
1522 1050 1674 1085 lslviaui

886 1098 981 1125 ineunt
995 1097 1022 1124 in
1031 1097 1073 1123 via
1083 1101 1125 1124 est
1136 1096 1350 1124 utile.Fide|ibus
1365 1101 1453 1122 autem
1468 1095 1544 1123 Valde
1554 1095 1674 1122 conferre

885 1144 1005 1171 creditur
1020 1148 1252 1170 sacramentorum
1272 1141 1451 1176 participatio.
1474 1140 1520 1167 Sin
1538 1145 1626 1167 autem
1642 1140 1674 1171 is,

885 1189 927 1216 cui
951 1196 1029 1223 poena
1049 1188 1173 1222 imposita
1187 1192 1239 1220 cst,
1267 1187 1293 1213 in
1308 1187 1369 1214 vitae
1401 1186 1549 1220 periculum
1567 1186 1674 1212 veniens

885 1235 984 1262 divinis
1007 1234 1085 1262 donis
1099 1233 1195 1268 dignus
1216 1233 1323 1260 habitus
1346 1232 1437 1265 lucril,
1457 1231 1553 1259 deinde
1568 1230 1674 1266 pericu-

886 1281 940 1308 lum
953 1280 1077 1314 eﬂ‘ugerit
1091 1285 1118 1306 et
1136 1278 1291 1311 revaluerit,
1307 1286 1403 1306 rursus
1421 1278 1474 1305 erit
1492 1277 1676 1305 excommuni-

886 1331 984 1360 catus;
1012 1331 1040 1354 et
1063 1326 1090 1353 in
1115 1325 1161 1352 illo
1178 1325 1262 1360 gradu
1283 1325 1380 1356 stabit,
1405 1324 1432 1351 iu
1451 1331 1504 1358 quo
1519 1329 1578 1350 crat
1597 1324 1675 1351 etiam

888 1378 951 1399 ante
965 1372 1125 1406 periculum,
1149 1371 1236 1398 donec
1255 1373 1434 1405 praestitutum
1451 1374 1556 1404 tempus
1575 1369 1675 1396 dimen-

888 1426 948 1446 sum
963 1417 1053 1446 fuerit.

1200 1539 1315 1567 CANON
1331 1539 1374 1568 Vl.

852 1567 875 1599 Ο
921 1587 1014 1614 Altera
1026 1591 1116 1614 autent
1132 1585 1291 1614 idololatriae
1304 1587 1410 1620 species
1420 1586 1470 1622 (sic
1484 1585 1556 1613 enim
1571 1585 1676 1613 divinus

892 1632 1040 1668 Apostolus
1070 1631 1212 1658 avaritiam
1237 1631 1399 1666 appellat‘),
1434 1632 1528 1659 nescio
1543 1631 1677 1667 quomodo

894 1678 995 1712 absque
1027 1677 1079 1704 ulla
1112 1684 1198 1711 pinnae
1234 1676 1337 1704 medela
1364 1684 1379 1704 a
1409 1677 1534 1715 Pall’ihus
1565 1683 1674 1713 praeter-

894 1725 978 1752 missa
1004 1724 1050 1752 sit.
1075 1723 1156 1758 Atqui
1174 1723 1226 1751 hoc
1241 1724 1344 1750 malum
1364 1724 1475 1758 quidem
1493 1725 1601 1752 videtur
1619 1731 1678 1752 esse

895 1771 977 1798 trium
1012 1770 1098 1797 animi
1135 1769 1362 1797 constitutionum
1400 1769 1517 1798 ati'ectio.
1550 1771 1616 1797 Nam
1654 1777 1678 1798 et

895 1815 975 1849 ratio,
993 1817 1027 1844 ab
1040 1817 1100 1851 ejus
1114 1816 1185 1850 quod
1210 1815 1350 1850 pulchrum
1371 1821 1412 1844 est
1425 1817 1527 1852 judicio
1539 1817 1678 1848 aberrans,

896 1870 957 1892 esse
971 1863 998 1890 in
1014 1862 1126 1889 materia
1139 1862 1211 1896 quod
1236 1861 1379 1896 pulchrum
1405 1869 1447 1891 est
1461 1864 1612 1896 existimat,
1628 1871 1678 1891 nou

896 1909 931 1938 ad
947 1908 1177 1944 pulchritudinem
1199 1915 1213 1934 a
1229 1909 1345 1935 materia
1363 1915 1517 1943 separamm
1534 1911 1679 1945 aspiciens,

897 1961 923 1983 et
935 1955 1100 1983 desiderium
1114 1954 1146 1980 ad
1163 1959 1195 1980 ea
1210 1960 1270 1987 quae
1289 1958 1353 1981 sunt
1367 1955 1499 1983 inferiora
1519 1956 1678 1988 inclinatur,

898 2003 932 2030 ab
944 2009 977 2030 eo
1002 2001 1072 2036 quod
1086 2008 1151 2028 vere
1180 2002 1221 2026 cst
1250 2000 1428 2033 expetendum
1462 2002 1594 2030 dilabeus.
1622 2001 1679 2029 Jau'

903 2050 968 2069 vero
980 2047 1006 2069 et
1025 2043 1195 2070 contentiosa
1209 2042 1387 2077 animosaque
1398 2043 1495 2069 anima:
1521 2043 1627 2070 affectio
1648 2051 1680 2071 ex

906 2087 957 2114 hac
984 2091 1094 2122 peccato
1115 2088 1214 2115 multas
1240 2088 1399 2114 occasiones
1424 2088 1530 2122 accipit.
1555 2087 1587 2114 Et
1609 2092 1638 2114 ut
1654 2089 1680 2116 in

906 2133 1061 2159 universum
1075 2132 1172 2164 dicam,
1185 2132 1229 2159 hic
1244 2132 1355 2159 morbus
1377 2139 1438 2158 cum
1454 2132 1601 2166 apostolica
1616 2140 1681 2158 ava-

905 2178 975 2204 ritiae
993 2177 1150 2205 deﬁnitione
1163 2177 1308 2204 consentit.
1324 2176 1437 2204 Divinus
1448 2177 1519 2204 enim
1534 2178 1681 2212 Apostolus

905 2229 964 2249 eam
979 2229 1032 2249 non
1049 2222 1136 2250 solum
1161 2222 1354 2254 idololatriam,
1383 2222 1430 2249 sed
1453 2222 1534 2249 etiam
1560 2222 1681 2248 omnium

904 2267 1039 2293 malorum
1057 2267 1175 2294 radicem
1190 2266 1375 2302 pronuntiavit
1396 2267 1431 2299 ';
1464 2270 1490 2293 et
1517 2270 1606 2293 tamen
1626 2266 1681 2293 hz-c

905 2311 992 2338 morbi
1013 2312 1128 2346 species,
1151 2312 1352 2340 inconsiderata
1372 2315 1399 2338 et
1426 2313 1530 2346 absque
1548 2311 1605 2338 ulla
1621 2311 1681 2343 ejus

905 2362 971 2382 cura
989 2356 1170 2389 praetermissa
1186 2360 1227 2383 est
1240 2365 1247 2382 τ
1260 2363 1313 2390 quo
1323 2356 1361 2385 ﬁt.
1376 2361 1405 2382 ut
1417 2355 1461 2382 hic
1475 2355 1586 2382 morbus
1603 2355 1681 2381 valde

906 2400 932 2426 in
949 2399 1068 2427 Ecclesia
1085 2401 1224 2432 redundet,
1245 2407 1268 2428 et
1290 2409 1369 2428 nemo
1381 2401 1406 2427 in
1424 2401 1456 2427 iis
1470 2400 1516 2435 qui
1529 2400 1561 2426 ad
1578 2400 1681 2426 clerum

905 2444 1086 2474 adducuntur.
1108 2446 1230 2480 inquirit,
1251 2453 1315 2472 num
1334 2446 1379 2480 qui
1404 2453 1436 2472 eo
1452 2445 1610 2472 idololatriae
1633 2451 1678 2479 ge-

905 2499 970 2518 nere
983 2491 1075 2526 polluti
1087 2491 1151 2518 sint.
1165 2491 1216 2519 Sed
1232 2491 1265 2518 de
1279 2492 1313 2521 iis
1325 2491 1445 2526 quidem,
1461 2491 1588 2525 quoniam
1614 2490 1640 2517 id
1666 2496 1681 2516 a

905 2536 1031 2564 Patribus
1045 2537 1255 2571 praetermissum
1278 2541 1331 2567 est.
1349 2537 1471 2564 sufﬁcere
1486 2537 1614 2563 existimo
1630 2543 1682 2569 ναι

905 2582 974 2609 blica
1000 2582 1131 2609 doctrina:
1151 2583 1265 2613 ratione.
1292 2589 1323 2608 ea
1345 2581 1481 2616 quomodo
1507 2580 1563 2607 ﬁeri
1593 2582 1683 2614 potest

907 2632 1012 2657 curare,
1024 2625 1106 2653 veluti
1118 2625 1249 2660 quosdam
1267 2626 1376 2652 morbos
1389 2633 1421 2652 ex
1435 2624 1581 2658 repletione
1596 2627 1680 2654 ortos,

907 2671 1075 2705 inexplebilis
1095 2671 1214 2698 avaritia:
1238 2670 1395 2698 aliectiones
1429 2669 1551 2696 oratione
1568 2675 1683 2702 purgan-

907 2719 955 2742 tes.
970 2715 1061 2742 Solum
1079 2721 1168 2743 autem
1184 2715 1294 2747 furtum,
1306 2719 1332 2743 et
1347 2715 1533 2749 sepulcrorum
1556 2713 1681 2741 elt‘ossio-

906 2767 978 2791 nem,
991 2764 1017 2787 et
1032 2760 1203 2795 sacrilegium
1219 2759 1283 2786 vitia
1299 2759 1496 2791 existimamus,
1516 2756 1588 2792 quod
1609 2756 1647 2784 sic
1665 2763 1681 2784 α
