1894 3072
56 170 117 203 913

600 170 640 201 ΙΝ
665 171 836 201 CANONES
851 172 1043 203 TIMOTHEI
1065 174 1174 205 ALEX.

1632 182 1691 214 914'-

57 232 135 259 xat’
149 233 260 268 αὐτοὺς
276 235 464 271 interrog-mc
476 259 482 269 ,
503 238 574 272 ὅπερ
593 240 610 266 ό
629 241 701 273 Θεὸς
717 241 851 276 ὑποϐάλῃ

906 240 974 275 quod
993 242 1019 268 in
1033 250 1083 269 usu
1097 247 1135 270 est
1155 243 1253 278 vimque
1267 244 1373 274 obtinet.
1395 245 1466 273 Nam
1485 254 1543 274 cum
1558 245 1591 274 iis
1605 248 1641 275 ait
1656 248 1685 275 tu

56 287 116 306 σοι
131 302 138 313 ,
164 281 252 309 τοῦτο
273 284 402 317 ποίησον
413 305 420 317 ,
437 288 591 323 πανταχοῦ
608 288 681 322 πρὸς
696 289 728 315 τὸ
746 288 856 322 ἐπέχον

57 325 283 362 ὀδηγούμενος.
304 330 368 357 Ἐπὶ
388 331 442 365 reip
456 331 515 358 τῶν
528 334 627 360 τόπων
638 333 792 368 τυγχάνων
802 334 855 366 τὰς

57 370 190 404 γνώμας
205 373 304 399 αὐτῶν
311 374 432 408 μᾶλλον
444 375 553 403 εἰδέναι
568 377 706 405 δύνασαι.

99 415 202 443 ΒΛΛΣ.
225 418 350 453 Μάξιμὸς
377 429 435 452 τις,
452 421 490 453 ὡς
513 423 663 458 παρανόμῳ
686 424 767 459 γάμῳ
793 433 856 451 συν-

57 461 167 494 αφθεὶς
179 464 295 496 γυναικὶ,
308 466 449 500 ἀφωρίσϐη
464 468 509 494 καὶ
520 468 569 503 τῆς
583 469 716 501 συνάξεως
726 470 775 505 τῆς
787 470 855 505 μετὰ

56 506 119 552 τῶν
151 509 255 535 πιστῶν
278 510 396 545 εἴργετο.
417 512 446 539 '0
463 513 490 540 δὲ
515 513 606 548 ἔλεγεν
620 534 627 547 ,
648 515 689 541 ὃτι
712 515 741 542 ὲν
759 516 855 552 ἀγνοίᾳ

57 551 181 586 ἐποίησε
194 554 224 580 τὸ
243 555 411 591 παράνομον,
426 559 472 585 καὶ
488 558 597 594 ἕτοιμός
618 561 691 586 ἐστιν
705 561 853 596 ἀποστῆναι

56 596 110 623 τοῦ
127 598 230 633 γάμου.
249 599 328 626 τοῦτο
341 602 388 628 καὶ
401 602 451 636 τῆς
465 603 593 637 γυναικὸς
609 604 785 640 βουλομένης·
807 605 854 632 καὶ

57 641 160 676 ἐζήτει
190 644 370 679 ἀφιστάμενος
386 647 522 682 δεχθῆναι.
539 648 611 683 Πρὸς
629 649 713 676 ταῦτα
739 647 785 676 οὖν
802 649 853 685 ἔφη

59 687 74 712 ὁ
90 687 226 722 Θεόφιλος
236 710 243 722 ,
254 690 292 721 ὡς
310 691 342 717 ἂν
357 692 486 724 ἐξετάσας
498 694 637 729 εὑρήσεις,
646 695 686 721 ὅτι
700 696 732 721 ὲκ
745 696 854 730 συμφώ-

58 741 122 764 νου,
139 733 201 760 ἀντὶ
213 735 260 761 τοῦ
279 736 311 762 ὲκ
329 738 420 772 κοινῆς
433 738 531 773 βουλῆς
543 759 549 771 ,
565 739 724 773 ἀφίστανται
738 740 782 766 τοῦ
805 741 853 774 γά-

61 785 118 812 μου
135 798 143 809 ,
164 779 212 805 καλΙ
235 780 285 806 οὐκ
312 781 455 815 ἀπατῶσι,
480 783 621 810 δεκαετίαν
647 785 854 819 συνοικήσαντες

59 822 196 858 ἀλλήλοις
206 846 214 857 ,
229 825 358 862 δυσχερὲς
373 827 438 859 ἴσως
455 829 488 855 ἂν
502 829 636 863 λογίζοιτο
651 830 742 862 αὐτοῖς
761 831 778 865 ἡ
795 830 852 857 διά-

59 867 158 901 ζευξις
168 890 175 901 ,
190 871 237 897 καὶ
253 872 356 907 μήποτε
373 873 523 901 ἀπατῶσιν.
536 874 568 900 Et
584 876 710 907 σκοπεῖς,
731 874 790 901 ἀντὶ
805 874 852 900 τοῦ

906 287 981 320 locis,
999 295 1088 315 eorum
1104 294 1200 317 mentes
1215 290 1308 318 melius
1322 300 1399 319 nosse
1411 298 1492 326 pater.

940 416 1036 444 BALS.
1050 417 1181 446 Maximus
1197 419 1305 453 quidam
1319 440 1327 452 ,
1343 424 1373 447 ut
1400 420 1495 448 illicito
1510 422 1683 451 matrimonio

905 462 1010 488 mulieri
1026 463 1189 496 coniunctus
1205 469 1359 499 segregatus
1377 465 1474 498 fuerat.
1496 471 1522 494 et
1537 474 1551 493 a
1566 475 1682 502 congre-

904 507 1012 541 satione
1024 514 1085 534 cum
1103 508 1227 536 ﬁdelibus
1240 510 1442 544 prohibebatur.
1459 510 1483 538 Is
1499 519 1562 538 vero
1577 512 1683 540 dicebat

905 558 934 578 se
946 559 994 586 per
1010 552 1190 587 ignorantiam
1205 554 1302 582 fecisse
1314 561 1410 582 contra
1423 556 1505 591 leges,
1518 562 1545 584 et
1559 564 1683 593 paratum

904 604 964 624 esse
980 597 1014 624 ab
1039 597 1091 625 hoc
1113 601 1286 628 matrimonio
1302 601 1428 629 recedere
1442 622 1449 634 .
1474 603 1586 631 muliere
1601 603 1690 630 etiam

904 644 1010 671 volente
1024 654 1031 675 ;
1045 648 1072 672 et
1089 647 1197 680 petebat
1208 667 1214 678 ,
1228 651 1258 674 ut
1271 648 1305 674 ab
1320 655 1350 675 ea
1366 648 1514 676 abscedens
1529 650 1684 677 admittere~

907 693 962 716 tur.
977 689 1018 716 Ad
1035 689 1092 718 haec
1103 698 1167 726 ergo
1182 691 1247 719 dicit
1262 691 1438 727 Theophilus,
1456 694 1526 728 quod
1545 694 1567 721 si
1592 695 1682 730 inqui-

905 741 967 760 rens
979 733 1115 761 inveneris
1131 743 1178 762 eos
1189 743 1220 763 ex
1237 744 1371 764 consensu
1382 758 1388 769 ,
1406 738 1456 764 hoc
1473 742 1529 770 est.
1546 740 1683 766 communi

903 779 1034 811 consilio,
1057 787 1072 807 a
1088 781 1260 809 matrimonio
1289 782 1437 814 absislere,
1465 787 1490 810 et
1507 791 1560 810 non
1579 784 1681 816 fallere,

903 832 964 852 cum
980 825 1073 853 decem
1090 827 1168 854 annis
1185 827 1265 854 simul
1290 828 1485 861 cohabitarint,
1501 829 1616 856 diilicilis
1631 830 1683 856 for-

904 877 952 897 san
969 870 1003 898 iis
1027 871 1175 899 existimari
1193 877 1284 906 posset
1307 881 1321 900 a
1339 880 1368 901 se
1392 874 1506 901 invicem
1523 874 1681 908 disjunctio.

59 915 85 955 εἱ
104 915 221 949 κρίνεις“
235 917 302 951 μετὰ
316 918 371 944 τῶν
385 919 595 955 κατηχουμένων
615 920 714 951 αὐτοὺς
728 920 851 947 ἵστασθαι

904 919 928 941 et
941 923 975 942 ne
990 915 1094 943 fallant.
1110 916 1138 943 Si
1155 917 1319 948 consideras.
1337 918 1388 945 boc
1404 922 1455 951 est,
1473 918 1496 946 si
1513 919 1620 953 judicas
1634 928 1687 948 eos

59 954 133 991 τέως
145 980 152 990 ,
172 962 255 996 ἤγουν
272 963 339 998 πρὸς
355 963 385 990 τὸ
398 964 495 999 παρὸν,
507 964 593 996 οὕτως
611 965 692 991 αὐτὸν
708 965 850 999 οἰκονόμη-

60 1013 120 1031 σον.
147 1005 179 1031 Et
193 1006 220 1032 δὲ
235 1009 319 1039 νοεῖς,
337 1010 418 1044 φησὶν
431 1029 437 1041 ,
454 1009 494 1036 ὅτι
519 1010 589 1037 κατὰ
613 1010 720 1044 ἀπάτην
744 1010 850 1044 λέγουσι

60 1049 163 1079 ταῦτα.
182 1053 228 1078 καὶ
241 1053 281 1079 ὅτι
299 1053 338 1079 ἐτι
363 1054 466 1082 δέονται
487 1055 608 1090 στύψεως
620 1075 628 1087 ,
649 1056 707 1090 ἦτοι
720 1055 852 1090 αὐστηρο-

61 1095 153 1131 τέρων
179 1098 338 1132 ἐπιτιμίων,
353 1100 465 1136 ποίησον
481 1101 549 1136 ὅπερ
564 1101 597 1128 ἂν
618 1101 633 1127 ό
650 1101 715 1133 Θεὸς
729 1101 850 1136 ὑποϐάλῃ

61 1148 116 1172 σοι,
135 1142 198 1168 ἀντὶ
211 1142 257 1168 τοῦ
272 1144 390 1180 ὲνηχήσῃ
403 1145 442 1181 τῷ
457 1146 578 1181 λογισμῷ
596 1155 643 1173 σου
655 1166 662 1178 ,
678 1147 745 1181 ὅπερ
760 1147 774 1172 ὁ
787 1146 851 1178 Θεὸς

61 1186 214 1222 ἑνθυμήσει
228 1197 267 1221 σε,
280 1190 415 1225 πανταχοῦ
431 1191 498 1225 πρὸς
507 1191 536 1217 τὸ
551 1191 647 1225 ἐπέχον
660 1190 755 1225 ὁδηγού
761 1198 850 1225 μενος,

61 1231 124 1264 ἦτοι
142 1233 211 1268 πρὸς
223 1233 253 1260 τὸ
265 1235 429 1270 ἐπικρατοῦν
444 1236 460 1271 ἢ
478 1237 508 1262 τὸ
521 1237 692 1271 κατεπεῖγον.

904 964 977 987 stare
993 960 1092 988 debere
1108 969 1169 989 cum
1186 963 1405 995 calechumenis.
1423 972 1513 997 nunc,
1539 965 1564 991 id
1591 969 1633 992 est
1654 965 1682 992 in

904 1007 1046 1040 praesentia
1057 1026 1064 1038 .
1081 1008 1120 1035 sic
1138 1015 1184 1035 eos
1209 1008 1346 1044 dispenso.
1362 1009 1438 1042 Quod
1456 1011 1478 1037 si
1506 1011 1680 1043 intellexeris.

905 1051 1004 1084 inquit,
1018 1052 1089 1086 quod
1104 1061 1150 1087 per
1163 1055 1284 1082 fraudem
1302 1056 1357 1082 inec
1370 1056 1463 1082 dicunt
1479 1076 1485 1088 ,
1499 1061 1525 1083 et
1542 1057 1614 1091 quod
1635 1057 1683 1084 λιι-ο

904 1094 956 1122 huc
971 1096 1118 1124 acerbitate
1128 1098 1259 1133 indigent.
1272 1107 1319 1126 seu
1331 1101 1515 1129 acerbioribus
1527 1102 1624 1136 poenis,
1639 1101 1682 1129 iac

901 1140 974 1175 quod
991 1141 1060 1169 Deus
1076 1143 1123 1170 tibi
1140 1145 1306 1179 suggesserit
1317 1167 1323 1178 ,
1339 1145 1390 1173 hoc
1401 1151 1458 1178 est,
1473 1151 1526 1174 tua:
1541 1147 1622 1174 menti
1639 1147 1682 1175 in-

901 1186 1044 1220 spiraverit
1056 1207 1063 1218 ,
1082 1189 1154 1222 quod
1170 1190 1196 1215 in
1211 1191 1330 1218 animum
1346 1191 1489 1219 immiserit
1509 1192 1594 1224 Deus,
1612 1200 1682 1220 sem-

901 1239 949 1266 per
964 1232 990 1259 id
1003 1234 1074 1268 quod
1085 1238 1126 1262 est
1141 1236 1167 1261 in
1181 1241 1229 1262 usu
1240 1240 1266 1264 et
1276 1237 1346 1271 quod
1358 1237 1430 1264 vires
1441 1238 1542 1265 obtinet
1554 1245 1681 1274 sequens.

901 1276 928 1305 id
945 1282 998 1311 est,
1014 1280 1086 1314 quod
1105 1281 1192 1316 magis
1207 1285 1248 1310 est
1262 1286 1349 1309 ratum
1365 1290 1395 1310 ac
1413 1283 1540 1311 validum.

455 1371 568 1415 ΤΟΥ
599 1370 782 1415 ΑΥΤΟΥ
812 1336 973 1430 ΜΞΝᾼ
998 1369 1301 1431 ΕΠΙΣΚΟΠῼ.

711 1469 789 1505 175
797 1471 950 1501 EIUSDEM

614 1536 796 1580 ΜΕΝίΕ
832 1535 1143 1583 EPISCOPO.

102 1649 234 1683 Νόμιιιον
254 1647 372 1682 πρᾶγμα
394 1647 593 1680 πεποιήκασιν
609 1649 636 1675 οι
656 1649 851 1683 πρεσϐύτεροι

937 1647 1000 1675 Rem
1016 1647 1116 1680 iustam
1139 1647 1252 1681 fecerant
1271 1637 1416 1681 presbyteri
1434 1647 1461 1674 in
1478 1646 1587 1674 Gemino
1602 1655 1695 1682 pagoP

65 1694 101 1721 ἑν
113 1694 230 1728 Γεμίνφ
242 1693 279 1727 τῇ
295 1693 390 1728 κώμῃ,
407 1695 433 1720 εὶ
446 1694 586 1727 ἀληθεύει
599 1693 619 1727 ἠ
638 1694 802 1728 κομίζουσα
817 1694 850 1721 τὸ

67 1739 185 1774 γράμμα
210 1739 391 1771 Εῐισταθοῦς.
410 1739 520 1765 Φάσκει
546 1739 616 1773 γὰρ,
642 1739 687 1765 ὅτι
705 1739 851 1772 Κυράδιον

66 1783 234 1812 ἀδικοῦσαν
249 1783 297 1810 καὶ
320 1783 362 1817 μὴ
384 1783 578 1816 βουλομένην
599 1783 773 1810 ἀναστεῖλαι
794 1783 851 1818 τὴν

67 1830 198 1861 ἀδῖκΙαν,
213 1829 359 1863 ἐχώρισαν
373 1829 428 1862 τῆς
438 1829 602 1861 συνάξεως.
618 1829 733 1862 Ἐπειδὴ
748 1829 852 1856 τοίνυν

68 1873 159 1908 εὗρον
168 1894 174 1903 .
196 1875 235 1906 ὡς
249 1874 281 1900 τὸ
297 1873 405 1907 ἑαυτῆς
417 1874 511 1901 κακὸν
526 1875 732 1908 θεραπεύουσα
740 1875 849 1906 ,βούλε-

69 1928 114 1947 ται
136 1920 340 1954 συναχθῆναι,
355 1921 485 1953 θέλησον
507 1920 733 1953 παρασκευάσαι
755 1920 852 1954 αὐτὴν

69 1966 233 1993 ἀποθέσθαι
261 1964 378 1999 πρῶτον
392 1965 448 1998 τὴν
465 1965 593 1998 ἀδικίαν,
613 1966 660 1992 καὶ
678 1965 780 1992 πεῖσαι
800 1974 851 1999 με-

69 2011 214 2044 τανοῆσαι
228 2030 235 2041 .
249 2011 288 2037 ἵν’
302 2011 394 2044 οὕτως
404 2030 410 2042 ,
426 2011 452 2037 εί
466 2011 594 2044 συνίδῃς
617 2011 661 2037 ὅτι
685 2011 764 2045 νόμῳ
778 2010 850 2037 Θεσῦ

69 2056 264 2091 προσέρχεται
277 2056 333 2089 τῆς
343 2056 498 2089 συνάξεως
511 2056 680 2090 ὀρεγομένη,
689 2056 852 2091 ἐπιτρέψῃς

69 2103 165 2135 αὐτὴν
175 2102 250 2135 μετὰ
262 2102 320 2128 τῶν
334 2101 416 2128 λαῶν
428 2101 621 2134 συνάγεσθαι.

105 2147 201 2173 ΒΑΛΣ.
215 2146 333 2173 Γυναῖκά
347 2155 407 2173 τινα
419 2146 552 2181 Κυράδιον
567 2145 714 2180 λεγομένην
731 2147 777 2172 καὶ
793 2146 852 2173 ἁδι-

70 2193 170 2219 κοῦσαν
185 2194 209 2219 οἱ
223 2194 252 2218 ὲν
263 2193 368 2228 Γεμίνῳ
384 2192 561 2228 πρεσϐύτεροι
574 2191 714 2228 ἀφώρισαν
727 2193 776 2228 τῆς
789 2193 852 2219 Ἐκ-

70 2238 181 2272 κλησίας
191 2259 198 2269 ,
219 2238 254 2273 μὴ
269 2238 440 2272 ἀπεχομένην
457 2237 505 2272 τῆς
517 2237 631 2268 ἀδικίας.
648 2237 680 2263 Ἡ
699 2237 737 2268 δὲ,
751 2237 794 2263 διὰ
806 2237 851 2263 τὸν

71 2283 230 2318 ἁφορισμὺν,
248 2284 401 2318 ὑπισχνεῖτο
416 2283 582 2318 Θεμπεῦσαι
595 2283 643 2317 τὴν
661 2282 767 2309 ἀδικίαν
780 2303 788 2314 ,
805 2283 851 2309 καὶ

70 2329 149 2364 ἦθελε
166 2329 302 2364 δεχθῆναι.
314 2329 414 2365 Γράφει
425 2327 470 2355 οὖν
489 2329 502 2355 ὁ
518 2328 646 2361 Θεόφιλος
656 2328 723 2363 πρὸς
737 2329 781 2354 τὸν
800 2328 850 2362 τῆς

71 2374 161 2410 χώρας
178 2375 324 2401 ἐπίσκοπον
336 2394 342 2405 ,
358 2375 399 2401 ῦτι
414 2374 627 2408 Παρασκεύασον
654 2374 736 2408 αὐτὴν
754 2373 851 2400 ἀποθέ-

73 2419 133 2446 σθαι
149 2419 254 2454 πρῶτον
268 2419 317 2453 τὴν
333 2418 447 2450 ἀδικίαν,
462 2419 544 2453 ἧγουν
558 2417 703 2445 ἀποδοῦναι
720 2417 738 2444 ἃ
753 2417 851 2449 ἀδίκως

73 2465 212 2499 ἐκτήσατο,
224 2465 269 2491 καὶ
285 2465 463 2499 μετανοῆσαι,
480 2465 540 2491 ἀντὶ
555 2464 602 2491 τοῦ
624 2464 669 2490 ὲπὶ
682 2465 714 2499 τῇ
729 2463 851 2498 ἁμαρτίᾳ

72 2511 120 2546 τῆς
141 2509 247 2541 ἀδικίας
265 2510 496 2545 μεταμεληθῆναι,
509 2510 557 2536 καὶ
572 2509 698 2544 δεηθῆναι
721 2509 768 2535 τοῦ
784 2508 849 2535 Θεοῦ

73 2555 202 2589 ἀφεθῆναι
217 2555 283 2589 αὐτῇ
299 2555 328 2581 τὸ
345 2555 505 2590 ἁμάρτημα.
521 2554 575 2581 Καὶ
596 2553 681 2580 ταῦτα
700 2554 850 2589 ποιησάσης

75 2599 174 2633 αὐτῆς,
190 2600 213 2625 εί
233 2599 356 2634 συνίδῃς,
380 2600 518 2630 τουτέστι,
540 2598 612 2633 γνῷς
630 2599 670 2625 ὃτι
690 2599 765 2634 νόμῳ
785 2598 852 2624 Θεοῦ

75 2645 264 2679 προσέρχεται,
285 2644 367 2679 ἤγουν
384 2644 535 2679 συνειδήσει
547 2643 634 2679 ἀγαθῇ
651 2645 687 2679 μὴ
703 2644 851 2679 ἀνεχομένη

75 2689 235 2725 κεχωρίσθαι
251 2689 300 2724 τῆς
313 2689 366 2715 τῶν
389 2689 491 2715 πιστῶν
509 2689 658 2720 συνάξεως,
671 2688 714 2715 διὰ
728 2688 773 2714 τὸν
786 2688 852 2714 Θεὸν

77 2737 122 2761 καὶ
136 2734 171 2770 μὴ
186 2735 218 2761 δι’
235 2734 365 2769 αἰσχύνην
377 2733 538 2769 ἀνθρώπων,
555 2734 614 2760 τότε
626 2733 769 2768 ἐπίτρεψον
782 2733 850 2767 αὐτῇ

77 2779 123 2814 τὴν
136 2779 203 2814 μετά
217 2779 270 2806 τῶν
285 2779 387 2806 πιστῶν
399 2778 471 2806 λαῶν
488 2777 595 2810 σύναξιν
617 2778 662 2804 καὶ
680 2778 807 2804 σύστασιν
821 2777 851 2802 ὲν

77 2825 130 2855 τοίς
148 2823 256 2859 ὕμνοις,

901 1694 924 1721 εἰ
939 1701 1026 1721 verum
1050 1693 1115 1719 dicit
1127 1712 1134 1724 ,
1149 1700 1206 1726 qua:
1230 1691 1313 1726 defert
1331 1692 1432 1719 litteras
1452 1691 1595 1719 Euelathii.
1612 1692 1686 1720 Dicit

900 1738 981 1769 enim.
1002 1737 1069 1773 quod
1084 1736 1228 1771 Cyradium
1241 1736 1378 1771 facientem
1395 1737 1531 1771 injuriam,
1544 1745 1589 1764 nec
1605 1737 1636 1764 ab
1652 1745 1682 1764 ea

900 1783 1024 1810 desinere
1039 1783 1174 1812 volentem.
1187 1790 1203 1809 ιι
1216 1783 1395 1808 communione
1406 1787 1601 1814 separaverunt.
1613 1782 1683 1814 Quia

900 1837 961 1863 ergo
978 1828 1082 1858 inueni.
1104 1827 1172 1862 quod
1196 1835 1243 1854 suo
1261 1826 1331 1853 malo
1355 1834 1453 1853 curamt
1475 1827 1600 1854 adhibens
1627 1827 1682 1854 vult

901 1874 1092 1901 communicare
1105 1893 1113 1904 ,
1128 1873 1169 1907 fac
1184 1880 1216 1899 ea
1239 1872 1278 1899 ita
1290 1880 1318 1899 se
1340 1876 1490 1905 comparet,
1509 1876 1538 1898 ut
1554 1873 1684 1906 injuriam

900 1919 1012 1954 primum
1028 1918 1156 1952 deponat.
1179 1922 1203 1945 et
1225 1917 1402 1952 paenitentiam
1417 1925 1492 1952 agere
1515 1919 1541 1944 in
1565 1918 1695 1945 animum‘

901 1964 1021 1997 inducat,
1035 1969 1062 1990 ut
1078 1964 1102 1990 si
1115 1964 1154 1991 sic
1167 1963 1336 1994 intellexerit,
1353 1962 1422 1997 quod
1437 1963 1545 1994 accedil,
1564 1971 1680 1990 commu-

901 2010 1003 2036 nionem
1017 2009 1179 2041 desideratas,
1191 2009 1327 2044 permittat
1341 2009 1365 2035 οἱ
1379 2012 1408 2035 ιιι
1420 2016 1477 2035 cum
1490 2009 1590 2041 populis
1605 2016 1679 2035 com-

900 2055 1022 2082 municet.

937 2141 1034 2169 BALS.
1053 2141 1189 2168 Mulierem
1205 2140 1349 2175 quamdam
1363 2160 1370 2172 ,
1391 2148 1451 2175 quae.
1465 2140 1610 2173 Cyradium
1633 2148 1681 2175 ap-

902 2187 1068 2222 pellabatur,
1084 2191 1110 2213 ct
1124 2186 1251 2220 iniuriam
1269 2190 1331 2213 ante
1346 2185 1460 2213 iaciebat
1475 2205 1481 2216 ,
1497 2186 1542 2219 qui
1559 2189 1637 2212 erant
1653 2187 1683 2212 in

902 2233 1015 2260 Gemino
1030 2232 1177 2267 presbyteri
1202 2232 1237 2258 ab
1252 2231 1371 2258 Ecclesia
1391 2235 1597 2266 separaverunt,
1618 2238 1685 2257 cum

903 2279 937 2305 ab
956 2278 1054 2311 injuria
1068 2285 1122 2304 non
1136 2277 1294 2305 abstineret.
1310 2276 1355 2303 llla
1369 2284 1433 2303 vero
1461 2280 1569 2310 propter
1588 2283 1678 2310 segre-

902 2323 1038 2358 gationem
1055 2323 1232 2357 pollicebatur
1251 2330 1280 2350 se.
1295 2322 1401 2356 injuriae
1415 2321 1563 2349 remedium
1581 2321 1678 2348 allatu-

903 2375 960 2395 ram
976 2387 983 2399 ,
999 2372 1025 2394 et
1041 2367 1074 2394 ad
1089 2367 1306 2394 communionem
1327 2366 1433 2393 admitti
1448 2367 1562 2392 volebat.
1580 2366 1680 2393 Scribit

903 2421 968 2448 ergo
988 2413 1155 2448 Theophilus
1168 2413 1201 2441 ad
1215 2413 1371 2448 episcopum
1387 2412 1521 2447 regionis:
1536 2411 1590 2439 Fac
1609 2417 1637 2439 ut
1649 2419 1682 2439 ea

903 2459 1020 2493 primum
1034 2460 1150 2494 deponat
1166 2459 1310 2493 injuriam‘.
1326 2457 1376 2485 hoc
1388 2461 1445 2490 est,
1460 2457 1554 2484 reddat
1578 2464 1609 2483 ea
1622 2464 1682 2491 qua:

902 2503 1003 2538 injuste
1020 2503 1162 2538 acquisivit
1172 2523 1179 2535 ,
1193 2507 1220 2531 et
1233 2502 1419 2538 ptenitentinm
1445 2505 1523 2536 agat,
1540 2501 1565 2528 id
1577 2505 1618 2528 est
1630 2522 1637 2533 .
1651 2509 1681 2529 se

904 2549 1030 2583 iniuriam
1047 2548 1145 2576 fecisse
1164 2556 1234 2583 aegre
1260 2547 1343 2579 ierat,
1358 2550 1385 2574 et
1400 2546 1483 2573 Deum
1500 2550 1559 2573 oret
1575 2549 1604 2572 ut
1629 2546 1681 2573 sibi

904 2597 1013 2628 peccata
1029 2593 1226 2621 condonentur.
1240 2592 1273 2619 Et
1289 2600 1351 2620 cum
1366 2592 1423 2619 haec
1439 2591 1544 2622 iecerit,
1559 2591 1581 2617 si
1599 2591 1679 2617 intel-

903 2638 1013 2670 iexeris,
1027 2638 1078 2665 hoc
1094 2642 1136 2666 est
1147 2659 1154 2671 ,
1175 2638 1197 2665 si
1209 2637 1369 2672 cognoveris
1380 2656 1388 2669 ,
1404 2635 1476 2670 quod
1493 2635 1549 2670 lege
1572 2634 1617 2661 Dci
1636 2641 1680 2661 ac-

903 2682 991 2716 cedit,
1020 2690 1066 2711 seu
1089 2682 1160 2710 bona
1174 2681 1360 2713 conscientia,
1388 2688 1448 2715 qua:
1474 2687 1527 2706 non
1545 2679 1596 2706 fert
1613 2685 1642 2705 se
1665 2685 1680 2704 a

904 2728 1022 2755 ﬁdelium
1033 2728 1223 2755 communione
1231 2735 1290 2755 esse
1299 2729 1460 2760 separatam,
1468 2728 1578 2759 propter
1584 2722 1665 2749 Deum
1671 2741 1685 2754 ,γ

903 2777 930 2800 et
946 2779 999 2800 non
1014 2778 1123 2807 propter
1136 2772 1274 2799 hominum
1289 2771 1417 2807 pudorem
1430 2790 1436 2802 ,
1449 2774 1514 2796 tunc
1526 2769 1552 2796 ei
1568 2768 1680 2803 pennit-

906 2823 945 2845 les
957 2825 1018 2845 cum
1038 2817 1162 2845 lldelibus
1175 2818 1281 2854 populis
1298 2816 1498 2846 communicare
1517 2819 1543 2843 et
1558 2814 1585 2842 in
1602 2813 1680 2850 hym-

905 2863 947 2890 nis
958 2863 1116 2891 consistere.
