1894 3072
846 138 984 171 ΤΗΕΟΙ).
997 137 1198 170 BALSAMON

285 201 1244 216 ...Μ

1788 131 1837 164 515

1247 198 1830 213 ῃ.ρν

379 261 617 325 ΒΕΑΤΙ
666 259 954 324 NOSTRI
1003 255 1290 320 PATRIS
1339 254 1665 318 CYRILLI

753 354 1017 384 AllClIlEPlSCOPl
1034 351 1283 382 ALEXANDRINI.

691 416 885 451 EPISTOLA
910 414 1117 447 CANONICA
1136 413 1177 444 IN
1199 410 1360 445 HYMNIS.

1004 484 1042 491 ..α-

754 523 822 550 ΊῸΥ
840 522 886 550 ΕΝ
905 520 1017 548 ΔΙἸΟΙΣ
1033 519 1167 547 ΠΛΤΡΟΣ
1185 518 1286 547 HMON

392 585 680 630 ΚΥΡΙΛΛΟΥ
717 582 1184 627 ΑΡΧΙΕΠΙΣΚΟΠΟΥ
1220 562 1644 627 ΑΛΕΞΑΝΔΡΕΙΑΣ

667 656 841 684 ΕΠΙΣΤΟΛΗ
865 654 1050 682 ΚΛΝΟΝΙΚΗ
1072 654 1117 681 ΕΝ
1137 653 1213 681 ΤΟΙΣ
1234 653 1378 682 ΥΜΝΟΙΣ.

244 735 363 772 Cyrinus
380 733 414 761 ad
433 733 583 762 Domuum.

245 798 420 834 Unaquaeque
444 805 487 825 res
503 802 608 830 nostra,
624 798 732 833 quando
750 798 845 826 ordine
865 799 995 826 canonico
1007 801 1028 827 Α

208 850 284 872 recta
297 843 437 879 procedit,
456 843 561 870 nullum
576 843 687 878 quidem
710 844 737 871 in
754 844 834 871 nobis
850 844 996 872 tumultum

210 889 363 925 ingenerat,
388 893 415 916 et
431 897 445 916 a
464 889 659 916 nonnullorum
676 889 866 916 maledicentia
879 889 977 916 liberat
988 910 996 922 ,

210 936 253 963 γει
269 935 361 970 potius
374 942 471 962 eorum
494 935 541 970 qui
555 935 664 970 sapiunt
685 935 793 962 laudem
811 936 890 962 nobis
906 935 998 963 conci-

208 979 267 1006 liat.
281 979 348 1012 Quis
362 979 435 1006 enim
451 986 505 1006 non
517 979 606 1006 obviis
618 999 625 1010 ,
639 983 669 1006 ut
685 980 772 1011 aiunt,
792 979 864 1007 ulnis
880 979 998 1015 excipiat

210 1026 244 1053 de
261 1025 397 1060 aliquibus
424 1025 557 1059 prolatam
591 1025 770 1057 sententiam,
795 1033 855 1060 quae
872 1033 923 1053 nec
945 1026 999 1053 huc

209 1077 262 1097 nec
282 1070 347 1096 illuc
365 1069 532 1096 inclinetur?
548 1069 594 1096 Vel
610 1070 747 1104 quomodo
760 1078 814 1097 non
830 1070 865 1098 sit
878 1071 912 1098 ab
925 1071 999 1099 omni

209 1115 424 1150 reprehensione
442 1115 573 1145 alienum.
594 1115 635 1143 vel
655 1116 746 1150 potius
760 1123 925 1152 magnopere
942 1117 1002 1145 lau-

213 1162 344 1194 dandum,
358 1162 380 1188 si
397 1165 469 1188 recte
487 1167 514 1189 et
525 1161 598 1196 juste
612 1161 769 1196 iudicetur?

247 1207 281 1234 Et
291 1207 347 1234 inec
355 1206 465 1241 quidem
479 1214 552 1234 nunc
564 1206 653 1233 scribo
664 1207 696 1233 ad
708 1207 836 1241 pietatem
846 1211 930 1239 tuam,
941 1216 1001 1243 qua;

215 1250 241 1276 in
278 1251 374 1278 litteris
409 1251 442 1278 ad
528 1258 571 1277 me
587 1255 615 1278 et
631 1251 865 1286 religiosissimum
889 1252 998 1281 fratrem

213 1299 334 1324 nostrum
347 1299 374 1323 et
384 1296 574 1330 coepiscopum
592 1295 715 1323 Proelum
728 1297 827 1329 missis,
844 1297 1001 1333 episcopum

212 1342 325 1375 quidem
347 1341 491 1371 nominet.
515 1341 650 1376 imprimis
679 1342 755 1377 pium
784 1350 816 1370 ac
843 1343 1003 1378 religiosum

212 1386 323 1413 Petrum
341 1395 349 1412 :
369 1394 432 1414 cum
452 1385 510 1421 ipse
526 1387 700 1419 lamentetur,
726 1394 809 1422 seque
829 1388 863 1415 ab
880 1388 1004 1417 Ecclesia

213 1431 266 1458 sibi
282 1431 413 1458 attributa
428 1435 527 1466 prmter
549 1431 684 1459 rationem
705 1432 822 1466 ejectum
838 1440 898 1460 esse
919 1433 1002 1462 dicat.

1085 728 1220 765 Κύριλλος
1235 730 1303 761 πρὸς
1321 730 1435 766 Δόμνον.

1079 798 1202 825 ’Ἕκαστα
1221 797 1275 823 τῶν
1302 796 1363 824 καθ’
1386 797 1460 833 ἡμᾶς
1485 797 1659 832 πραγμάτων
1680 796 1747 822 ὅταν
1770 795 1833 822 εὗεδ

1042 843 1159 879 φέρηται
1170 841 1316 876 κανονικῆς
1331 842 1471 874 εὐταξίας,
1501 841 1598 867 οὐδένα
1617 841 1668 875 μὲν
1683 841 1752 876 ἡμῖν
1768 840 1836 867 ἐντί-

1041 897 1100 916 κτει
1113 887 1235 923 θόρυϐον,
1253 888 1418 914 ἀπαλλάττει
1434 888 1462 914 δὲ
1473 887 1577 922 καὶτῆς
1590 887 1666 923 παρά
1679 896 1763 913 τινων
1776 887 1835 914 δυσ-

1043 934 1157 969 φημίας,
1176 934 1274 968 μᾶλλον
1284 933 1312 960 δὲ
1326 933 1372 960 καὶ
1387 934 1435 965 τὰς
1451 933 1526 967 παρὰ
1540 933 1594 959 τῶν
1614 931 1645 960 εὖ
1662 933 1834 967 φρονούντων

1043 981 1181 1016 εὐφημίας
1193 981 1259 1016 ἡμῖν
1277 979 1411 1015 προξενεῖ.
1427 979 1475 1010 Τίς
1488 979 1543 1014 γὰρ
1557 979 1608 1005 οὐκ
1624 979 1659 1005 ἂν
1673 979 1834 1012 ἀποδέξαιτο

1042 1028 1131 1063 ψῆφον
1145 1025 1324 1062 ἀπροσκλινῆ,
1337 1026 1414 1060 εἴπερ
1430 1025 1463 1052 ἂν
1477 1025 1578 1059 γίνοιτο
1593 1025 1670 1060 παρὰ
1683 1034 1769 1052 τινων
1781 1034 1787 1057 ;
1802 1025 1834 1051 Ἤ

1045 1073 1104 1104 πῶς
1117 1073 1147 1099 τὺ
1159 1073 1261 1108 κρίνειν
1271 1071 1358 1107 ὀρθῶς
1371 1071 1418 1098 καὶ
1433 1071 1553 1106 ἐννόμως
1569 1071 1618 1097 οὐκ
1631 1071 1833 1106 ἀνεπίπληκτον

1044 1119 1129 1151 ἔσται,
1148 1118 1248 1154 μᾶλλον
1262 1118 1289 1145 δὲ
1302 1118 1401 1149 παντὸς
1413 1118 1522 1144 ἐπαίνου
1539 1117 1654 1152 μεστόνς

1081 1208 1136 1235 Καὶ
1150 1207 1235 1234 ταῦτα
1254 1206 1351 1242 γράφω
1373 1206 1432 1232 νυνὶ
1452 1206 1484 1240 τῇ
1502 1206 1534 1241 σῇ
1552 1205 1710 1241 Osos-56m}.
1733 1206 1764 1232 ἐν
1783 1207 1834 1236 rei;

1045 1254 1144 1289 ἑαυτῆς
1157 1253 1301 1289 γράμμασι
1316 1254 1370 1284 τοῖς
1389 1251 1508 1278 σταλεῖσι
1527 1251 1592 1286 πρὸς
1607 1252 1656 1286 ἐμέ
1678 1260 1707 1277 τε
1730 1252 1779 1277 καὶ
1794 1251 1835 1277 τὶν

1046 1299 1193 1327 ὁσιώτατον
1205 1299 1252 1326 καὶ
1265 1299 1472 1326 θεοσεϐέστατον
1485 1297 1598 1331 ἀδελφὸν
1613 1297 1693 1332 ἡμῶν
1709 1299 1758 1324 καὶ
1775 1306 1837 1323 σπιν-

1046 1347 1195 1373 επίσκοπον
1222 1344 1360 1380 Πρόκλον,
1390 1344 1539 1370 ἐπίσκοπον
1563 1344 1614 1378 μὲν
1646 1344 1837 1378 ὀνομαζοὺσης

1047 1390 1090 1418 τὸν
1106 1390 1300 1416 εὐλαϐέστατον
1313 1389 1358 1414 καὶ
1369 1388 1574 1422 θεοφιλέστατον
1587 1388 1689 1423 Πέτρον
1699 1397 1705 1403 ³
1717 1389 1804 1414 αὐτοῦ
1813 1389 1838 1414 ἱὲ

1047 1437 1195 1468 κλαίοντος,
1218 1435 1265 1462 καὶ
1285 1435 1334 1469 τῆς
1357 1434 1554 1468 ὲκνεμηθεισης
1577 1434 1650 1468 αὐτῷ
1671 1434 1838 1469 Ἑκκλησίας

213 1477 279 1504 Erat
292 1481 383 1504 autem
403 1481 617 1504 consentaneum
632 1482 663 1504 ut
678 1478 718 1504 vel
733 1477 879 1512 sacerdotii
902 1486 1002 1506 nomen
1015 1494 1032 1521 Ε

1066 1481 1211 1518 ςαραλόγως
1225 1479 1383 1515 κεκινῆσθαι
1396 1479 1529 1513 λέγοντος.
1545 1477 1598 1506 Ἦν
1613 1480 1635 1505 δ’
1653 1480 1807 1506 ἀκόλουθον
1825 1479 1838 1513 ἦ

214 1529 276 1548 cum
288 1529 316 1548 re
324 1521 448 1552 haberet.
461 1521 514 1553 vel,
528 1521 550 1547 si
561 1529 614 1548 non
629 1526 688 1548 erat
696 1521 794 1557 dignus
806 1526 836 1549 nt
844 1523 923 1550 altari
936 1531 1005 1558 prae-

215 1573 298 1600 esset,
308 1575 360 1595 nec
372 1568 430 1602 ipsa
440 1567 551 1601 quidem
563 1568 736 1606 episcopatus
746 1569 889 1596 vocatione
905 1569 1004 1604 dignus

215 1613 375 1640 haberetur.
393 1612 446 1640 Sed
460 1613 487 1639 id
502 1612 616 1640 fortasse
632 1613 704 1647 quod
716 1613 787 1644 dico,
799 1614 899 1641 durum
907 1622 968 1643 esse
976 1620 1004 1643 et

215 1659 359 1686 cbaritatis
371 1666 471 1694 expers
489 1658 637 1686 videbitur.
655 1659 709 1686 Res
723 1663 814 1687 autem
831 1667 926 1688 revera
947 1668 1003 1689 non

216 1706 254 1732 ita
267 1712 295 1732 se
314 1705 405 1732 habet.
423 1704 477 1731 Nos
489 1705 562 1732 enim
581 1704 654 1732 senis
670 1705 765 1740 utique
784 1705 908 1739 misereri
923 1711 1002 1741 puta—

216 1758 288 1783 mus,
301 1751 324 1777 si
343 1751 431 1778 solum
449 1751 473 1777 ei
491 1757 590 1777 nomen
611 1749 803 1785 reliquerimus
819 1758 826 1782 ;
849 1750 896 1778 sed
916 1751 1003 1778 multo

217 1797 315 1824 melius
327 1801 386 1823 erat
402 1796 474 1823 aliud
489 1803 597 1831 quoque
607 1796 790 1823 considerare.
805 1796 875 1823 Dicit
888 1797 962 1824 enim
973 1805 1004 1825 se

217 1850 294 1869 suam
305 1842 414 1876 quidem
432 1849 512 1876 posse
524 1849 633 1869 causam
648 1841 773 1876 probare,
791 1846 818 1868 at
839 1841 1006 1872 defensionis

219 1891 327 1922 tempus
338 1887 390 1914 sibi
403 1895 458 1914 non
476 1894 536 1914 esse
548 1887 641 1914 datum
655 1907 662 1920 ,
674 1894 726 1914 nec
741 1887 908 1914 auditionem
921 1895 1005 1915 cano-

218 1933 309 1959 nicam
331 1931 383 1959 sibi
407 1931 493 1959 fuisse
510 1939 678 1959 concessam.
694 1931 743 1959 Sin
763 1928 854 1959 autem
872 1932 925 1959 tale
937 1932 1005 1967 quid

218 1978 321 2005 factum
346 1981 429 2009 esset,
445 1979 504 2013 ipsa
523 1982 645 2005 actorum
666 1977 810 2012 productio
833 1986 896 2006 eum
910 1978 1005 2006 convi-

219 2024 303 2051 cisset
318 2032 395 2051 reum
416 2023 604 2059 impositorum
620 2023 671 2058 ipsi
690 2023 835 2051 criminum
846 2045 853 2056 ,
867 2032 919 2052 nec
933 2028 1006 2052 esset

220 2069 295 2104 quod
320 2077 349 2097 se
374 2069 474 2104 injuria
498 2068 627 2096 allectum
657 2073 838 2103 quereretur;
863 2070 905 2097 vel
930 2073 1006 2097 certe

220 2114 375 2141 absolutum
389 2121 450 2141 eum
465 2114 719 2146 declarans,rursus
729 2113 890 2142 concederet
901 2118 1008 2150 utprae-

1046 1527 1077 1554 ’τὸ
1096 1527 1144 1561 τῆς
1160 1526 1309 1562 ἱερωσύνης
1330 1526 1416 1560 ὀνομα
1438 1525 1506 1560 μετὰ
1521 1525 1567 1551 τοῦ
1585 1525 1751 1560 πράγματος
1767 1526 1840 1560 ἔχειν

1048 1573 1139 1603 αὐτὸν,
1150 1573 1232 1607 ἤγουν
1248 1572 1324 1606 εἴπερ
1336 1570 1372 1606 μὴ
1386 1569 1419 1606 ἦν
1435 1571 1509 1604 ἄξιος
1521 1571 1568 1597 τοῦ
1581 1572 1749 1604 προεστάναι
1764 1572 1839 1597 ῦεὶιλυ

1050 1617 1258 1652 θυσιαστηρίου,
1279 1616 1340 1652 μηδ’
1364 1616 1431 1651 αὐτῇ
1448 1616 1579 1650 τιμᾶσθαι
1602 1618 1634 1651 τῇ
1661 1618 1758 1650 κλήσει
1792 1616 1841 1650 τῆς

1049 1662 1211 1696 ἐπισκοπῆς.
1237 1661 1307 1687 ’Λλλ¹
1333 1661 1398 1692 ἴσως
1416 1660 1516 1692 δόξειεν
1539 1661 1572 1688 ἂν
1591 1662 1623 1696 τῇ
1644 1663 1676 1695 σῇ
1701 1661 1841 1695 Osee-asia

1051 1706 1165 1741 σκληρὸς
1187 1703 1257 1732 εἷναί
1271 1713 1312 1736 τις
1328 1706 1374 1731 καὶ
1395 1705 1576 1740 ἀφιλάλληλος
1595 1706 1608 1732 ό
1623 1706 1688 1740 παρ’
1708 1705 1778 1739 ἐμοῦ
1799 1706 1842 1731 λέ-

1050 1761 1106 1787 γος.
1126 1753 1203 1787 Ἔχει
1219 1751 1247 1777 δὲ
1266 1751 1315 1786 οὐχ
1331 1751 1416 1782 οὓτως
1437 1751 1507 1777 κατὰ
1530 1751 1561 1777 τὸ
1576 1751 1687 1785 ἀληθές,
1713 1752 1840 1786 Ἐλεῆσαι

1048 1797 1103 1832 γὰρ
1117 1797 1186 1832 τάχα
1201 1804 1252 1822 που
1266 1796 1414 1831 νομιζομεν
1430 1796 1475 1822 τὸν
1490 1796 1649 1831 πρεσϐύτην
1664 1797 1751 1832 μόνην
1766 1797 1839 1831 αὐτῷ

1048 1843 1098 1877 τὴν
1113 1841 1207 1876 κλῆσιν
1220 1841 1335 1875 ἀφέντες
1346 1849 1353 1855 ·
1373 1840 1470 1876 μακρῷ
1484 1840 1513 1867 δὲ
1526 1839 1560 1876 ἦν
1582 1841 1695 1875 ἄμεινον
1714 1842 1839 1876 ἐννοῆσαι

1049 1887 1096 1914 καὶ
1110 1886 1140 1913 τὸ
1150 1886 1254 1921 ἕτερον.
1276 1885 1377 1912 Φάσκει
1390 1885 1445 1920 γὰρ
1457 1886 1486 1911 οὺ
1497 1885 1628 1911 δύνασθαι
1645 1886 1695 1920 μὲν
1706 1888 1838 1921 συστῆναι

1048 1934 1081 1967 τῇ
1100 1932 1189 1967 οἰκείᾳ
1202 1930 1352 1966 ὑπολήψει·
1367 1931 1398 1957 οὑ
1413 1930 1504 1957 λαϐεῖν
1519 1931 1547 1957 δὲ
1560 1931 1656 1966 καιρὸν
1675 1932 1838 1966 ἀπολογίας,

1049 1978 1111 2004 οὔτε
1131 1979 1184 2013 μὴν
1204 1977 1335 2012 ἀκρόασιν
1359 1976 1432 2012 αὐτῷ
1451 1976 1619 2012 προτεθῆναι
1633 1978 1796 2013 κανονιχήν.
1812 1979 1839 2004 Ei

1049 2023 1071 2050 δ’
1088 2024 1209 2058 ἐγεγόνει
1233 2032 1259 2050 τι
1279 2022 1410 2053 τοιοῦτον,
1431 2022 1499 2057 αὑτὴ
1526 2022 1579 2049 τῶν
1595 2023 1806 2058 ὑπομνημάτων
1824 2025 1838 2058 ἡ

1052 2070 1179 2101 σύστασις
1190 2068 1329 2104 διήλεγξεν
1341 2068 1374 2094 ἇν
1381 2068 1462 2095 abte»;
1472 2068 1488 2103 ἢ
1497 2069 1594 2095 ἁλόντα
1604 2069 1660 2099 τοῖς
1667 2069 1838 2104 αἰτιάμασιν,

1050 2116 1069 2152 ἢ
1078 2116 1171 2151 ἔνοχον
1183 2113 1412 2148 ἁποπεφασμένον
1427 2114 1474 2140 καὶ
1488 2114 1563 2141 οὐδὲν
1581 2113 1679 2149 ἔχοντα
1692 2113 1790 2141 λοιπον
1805 2115 1839 2140 εί-

220 2164 293 2188 esset
316 2159 444 2188 Ecelesiaa
463 2167 523 2195 qua:
539 2160 578 2187 illi
600 2160 721 2194 subjecta
741 2160 802 2188 fuit.
826 2161 895 2189 Cum
915 2166 1006 2191 autem
1017 2173 1032 2200 (ς

1066 2164 1112 2190 πεῖν
1128 2162 1165 2194 ὡς
1187 2160 1363 2196 ἠδικημένον,
1385 2161 1470 2196 ἧγουν
1492 2160 1633 2195 ἐλεύθερον
1653 2160 1838 2194 ἀποφήνασα,

221 2206 290 2232 nihil
308 2206 408 2233 factum
424 2206 460 2233 sit
476 2205 610 2241 ejusmodi
624 2225 630 2237 ,
646 2205 680 2233 de
695 2213 725 2233 re
743 2205 853 2241 quidem
873 2207 926 2234 alta
940 2214 1007 2236 voce

221 2251 356 2284 queritur,
365 2254 393 2277 et
401 2250 601 2278 intolerabilem
609 2250 736 2286 injuriam
746 2258 774 2278 se
781 2250 849 2278 dicit
857 2251 1006 2286 accepisse,

222 2306 250 2329 et
261 2301 353 2334 imque
365 2303 480 2334 ejectum
494 2306 564 2329 esse,
580 2297 711 2332 adjiciens
728 2305 785 2324 rem
803 2304 912 2324 onmem
929 2295 1007 2323 fami-

222 2347 317 2374 liarem
329 2352 405 2372 suam
417 2344 568 2378 ademptam
580 2343 632 2370 sibi
649 2343 742 2370 fuisse.

257 2489 314 2516 Tua
326 2489 416 2522 itaque
433 2487 572 2518 sanctitas,
589 2486 765 2514 considerans
776 2490 804 2514 et
819 2485 892 2521 quod
904 2484 1006 2512 divinis

221 2535 371 2565 eanonibus
386 2534 519 2561 sancitum
533 2537 584 2565 est,
598 2537 625 2559 et
644 2532 714 2567 quod
728 2532 855 2560 Ecclesiae
867 2531 1005 2562 convenit,

221 2583 309 2618 iisque
324 2580 369 2616 qui
391 2584 454 2607 sunt
480 2579 506 2606 in
527 2587 604 2606 sacro
625 2578 778 2605 ministerio
793 2577 903 2609 initiati,
916 2581 1004 2605 etno-

220 2633 337 2656 strarum
350 2630 479 2662 przeterea
494 2625 645 2652 litterarum
658 2623 791 2650 rationem
801 2622 914 2654 ducens,
927 2623 1005 2650 sistat

220 2673 295 2700 senis
311 2672 444 2707 lacrymas
458 2679 464 2703 ;
480 2674 508 2696 ct
529 2669 550 2696 si
571 2668 760 2703 velitquidem
777 2675 839 2695 cum
855 2667 888 2695 iis
901 2667 1005 2702 judicio

220 2716 383 2745 contendere
394 2715 439 2750 qui
451 2715 565 2742 crimina
579 2714 605 2741 in
618 2721 680 2740 eum
696 2712 850 2743 intendunt,
864 2711 935 2746 apud
946 2719 1007 2738 san-

221 2764 342 2790 ctitatem
359 2766 432 2789 tuum
457 2768 508 2796 pro
527 2767 601 2787 more
620 2760 707 2794 litiget
719 2779 726 2790 ,
745 2766 798 2785 una
812 2757 917 2785 scilicet
937 2757 1006 2784 assi-

221 2807 356 2835 stentibus
371 2807 415 2842 qui
433 2806 482 2834 tibi
499 2805 615 2833 subsunt
632 2804 783 2840 episcopis,
798 2803 852 2830 nisi
870 2802 939 2830 forte
955 2802 1004 2829 ali-

221 2859 289 2888 qucs
306 2856 410 2878 recusat
422 2856 449 2877 ut
470 2855 619 2884 suspectos.
639 2849 748 2876 Nullum
770 2848 841 2874 enim
859 2845 1006 2881 religiosis-

1051 2208 1130 2235 πάλιν
1147 2206 1231 2234 ὲδίδου
1254 2206 1284 2233 τὸ
1300 2205 1465 2241 προεστάναι
1481 2205 1530 2239 τῆς
1550 2205 1734 2240 Ἐκκλησίας,
1757 2206 1775 2240 ἢ
1797 2205 1839 2232 καί

1052 2254 1103 2282 ὑπὸ
1114 2254 1191 2289 χεῖρα
1208 2252 1304 2287 γέγονε
1322 2252 1372 2287 τὴν
1393 2251 1486 2278 αὐτοῦ.
1502 2251 1616 2282 Οὐδενὸς
1629 2251 1658 2277 δὲ
1679 2252 1840 2286 πεπραγμέ-

1057 2304 1102 2322 νου
1117 2295 1248 2326 τοιούτου,
1266 2293 1389 2329 καταὸοᾷ
1404 2301 1450 2320 τον
1473 2300 1633 2327 πραγματος
1645 2311 1652 2322 ,
1667 2301 1717 2318 και
1738 2294 1842 2320 ἀδικίαν

1056 2340 1192 2375 ἀφόρητον
1205 2338 1352 2374 ὑποστῆναι
1367 2347 1445 2373 φησι,
1454 2338 1502 2364 καὶ
1510 2337 1638 2372 ἁθέσμως
1651 2339 1840 2374 ὲκῦεόλῆσῧαι,

1057 2385 1239 2420 προσεπὰγων
1263 2385 1305 2411 ὅτι
1331 2385 1380 2411 καὶ
1393 2384 1505 2419 ἡρπάγη
1530 2383 1620 2410 πάντα
1644 2383 1679 2410 τὰ
1709 2384 1842 2420 προσόντα

1056 2431 1130 2466 αὐτῷ
1144 2431 1195 2466 χρή
1200 2439 1283 2466 ματα.

1099 2478 1130 2504 'H
1142 2477 1175 2512 σὴ
1185 2475 1328 2512 τοιγαροῦν
1335 2476 1452 2511 ὁσιότης,
1461 2475 1587 2502 ἐννοοῦσα
1593 2475 1640 2502 καὶ
1651 2475 1681 2501 τὸ
1692 2477 1749 2506 τοῖς
1765 2476 1841 2506 Oeten;

1058 2524 1152 2551 κανόσι
1166 2522 1270 2555 δοκοῦν,
1285 2523 1332 2549 καὶ
1345 2522 1375 2548 τὸ
1391 2521 1495 2557 πρέπον
1510 2522 1542 2556 τῇ
1565 2520 1715 2556 Ἐκκλησία
1731 2522 1777 2547 καὶ
1793 2522 1843 2550 τοῖς

1057 2570 1234 2604 τεταγμένοις
1249 2570 1289 2600 είς
1307 2568 1383 2604 ἱερὰν
1394 2568 1565 2603 λειτουργίαν
1579 2575 1585 2581 ”
1601 2566 1641 2593 ἔτι
1655 2575 1685 2593 τε
1701 2568 1770 2602 πρὸς
1786 2566 1843 2592 τοιῖι⁵

1056 2623 1123 2647 τοις,
1141 2615 1188 2641 καὶ
1207 2614 1243 2641 τὰ
1267 2615 1332 2649 παρ’
1359 2613 1438 2648 ἡμῶν
1461 2611 1653 2647 δυσωπηθεῖσα
1676 2612 1842 2646 γράμματα,

1059 2660 1184 2696 πηεὰτω
1207 2658 1254 2686 τοῦ
1278 2658 1434 2694 πρεσϐύτου
1464 2657 1494 2684 τὸ
1520 2657 1647 2692 δάκρυον.
1672 2657 1727 2682 Καὶ
1746 2658 1771 2682 εί
1799 2657 1844 2691 μὲν

1023 2692 1044 2719 ι)
1058 2692 1144 2733 ἕλοιτο
1165 2692 1328 2732 δικάπιασθαι
1358 2705 1426 2740 πρὸς
1443 2705 1504 2736 τοὺς
1525 2705 1678 2737 ἐπάγοντας
1695 2702 1772 2737 αὐτῷ
1798 2703 1843 2734 τὰς

1058 2753 1158 2785 αἰτίας,
1170 2750 1322 2784 δικαζέσθω
1335 2750 1406 2777 κατὰ
1415 2750 1446 2776 τὸ
1453 2750 1548 2780 ειωῡδς
1558 2749 1604 2775 ἐπὶ
1615 2749 1663 2783 τῆς
1678 2748 1842 2777 Beneﬁcia;-

1059 2798 1257 2833 συμπαρόντων
1283 2796 1404 2831 δηλονότι
1428 2796 1481 2822 τιῖιν
1511 2796 1561 2821 ὑπὸ
1579 2794 1627 2827 τὴν
1656 2793 1741 2825 αὐτῆς
1769 2795 1842 2827 χεῖρα

1688 2839 1845 2875 παρτιιτςῖτό

1059 2845 1274 2871 Θεῆςεϐεττίιτων
1294 2844 1451 2868 itm-After:
1466 2850 1470 2854 '
1487 2841 1563 2871 ἐκτίς
1581 2842 1602 2866 ;Ξ
