1894 3072
65 139 122 170 ίιΞΙ

506 145 547 176 ΙΝ
569 145 690 176 EPIST.
710 145 740 176 S.
761 145 914 176 CYRILLI
934 147 985 177 AD
1005 147 1113 178 EPISC
1143 148 1263 180 AFRIC.

1651 147 1702 178 922

63 198 251 232 πράγμαιτιν,
266 195 303 226 ὧν
315 199 348 226 ἄν
359 208 402 232 τις
417 200 519 236 πολλὴν
541 201 686 236 ποιήσαιτο
715 201 862 236 καταϐοὴν,

916 203 967 230 hoc
980 207 1031 235 est,
1045 211 1106 238 qure
1124 203 1213 238 digna:
1228 207 1291 231 sunt
1313 205 1345 231 de
1362 202 1460 239 quibus
1478 202 1656 234 exclametnr,
1675 208 1702 230 nt

62 244 220 270 τουτέστιν
243 245 328 277 ἀξίων
354 246 553 278 καταϐοᾶσθαι,
570 247 607 278 ὡς
638 248 677 281 μὴ
703 247 864 282 τηραύστων

61 289 224 323 ἀκρίϐειαν
239 291 285 316 καὶ
301 291 461 318 ἀκολουθίαν
483 292 717 327 ἑκκλησιαστικήν
729 301 736 308 “
749 292 766 327 ἦ
785 292 815 318 τὺ
827 289 864 319 ὧν

62 336 181 370 πολλήν
193 344 236 367 τις
253 338 385 372 ποήσαιτο
401 338 547 373 καταϐοὴν,
566 338 630 373 περὶ
645 338 700 364 τῶν
715 344 864 373 παραιτου-

65 382 167 415 μένων
180 383 281 416 μᾶλλον
294 383 420 419 εἰρῆσθαι
432 384 605 420 νοηθήσεται,

714 549 829 593 ΤΟΥ

919 257 980 284 quae
996 249 1207 277 ecclesiasticam
1223 250 1422 277 accurationcm
1437 255 1464 278 et
1480 250 1700 285 consequentiam

910 294 972 321 'non
983 300 1110 322 servent:
1128 295 1169 322 vel
1183 295 1246 322 illud
1264 303 1271 322 2
1284 295 1320 322 De
1334 295 1432 329 quibus
1453 295 1562 322 multam
1583 295 1644 328 quis
1657 303 1703 321 vx-

917 340 1105 367 clainationem
1126 340 1238 373 fecerit;
1253 340 1285 367 de
1308 341 1340 368 iis
1363 340 1408 376 qui
1436 341 1591 368 renuntiant
1616 341 1702 375 potius

919 385 972 413 dici
988 385 1164 421 intelligetur.

128 475 1671 490 ..___—__—______________

874 550 1064 594 ΑΥΤΟΥ

435 633 512 660 ΤΟΙΣ
539 633 633 661 ΚΑΤΑ
649 633 782 661 ΛΙΒΥΗΝ
806 634 865 662 ΚΔΙ
884 633 1111 662 ΠΕΝΤΑΠΟΔΙΝ
1131 634 1346 663 ΕΠΙΣΚΟΠΟῙΣ.

689 774 771 810 1⁷8
793 777 1059 822 EJUSDEM

397 868 591 900 EPL'SCOPIS
629 870 697 907 QUI
718 869 818 900 SUNT
855 869 897 900 IN
933 869 1047 899 LIBYA
1079 869 1128 900 ET
1161 869 1385 900 PENTAPOLL

117 963 228 995 Παντὸς
241 963 288 990 τοῦ
304 963 440 998 χρησίμου
454 964 502 990 καὶ
517 964 666 998 ἀναγκαίου
683 967 752 1001 πρὸς
767 967 864 994 οἰκοδο-

947 970 1100 1007 Cujuslibet
1114 969 1164 1001 rei,
1187 976 1247 1004 quae
1261 968 1295 996 ad
1311 967 1475 1003 populorum
1489 966 1696 999 :ediiicationem

78 1011 135 1045 μὴν
154 1010 210 1036 τῶν
235 1009 319 1043 λαῶν,
337 1009 478 1041 τελοῦντος
501 1010 529 1036 δὲ
544 1011 591 1038 xu).
612 1012 652 1042 είς
665 1012 798 1047 ὑπόληψιν
814 1013 869 1040 τῶν

75 1058 168 1091 ἁγίων
195 1057 375 1091 Ἐκκλησιῶν,
391 1057 518 1091 φροντίδα
533 1059 667 1085 ποιεῖσθαι
685 1059 748 1094 χρή.
766 1059 868 1094 Γέγρα-

77 1111 146 1129 πται
158 1103 224 1137 γὰρ,
234 1103 275 1128 ὅτι
289 1115 298 1128 ι
313 1102 443 1134 Εὑλαϐεἶς
452 1104 552 1130 ποιεῖτε
562 1104 624 1136 τοὺς
635 1105 708 1136 υίους
724 1105 842 1140 Ἰσραήλ.
856 1115 865 1132 ι

74 1148 277 1182 Μοναστηρὶων
289 1147 378 1173 τοίνυν
394 1148 512 1184 Πατέρες
528 1149 582 1175 τῶν
599 1151 669 1176 κατὰ
683 1150 730 1184 τὴν
743 1150 869 1184 Θηϐαίων

77 1191 226 1225 ἐπαρχίαν,
236 1191 331 1228 ἄνδρες
341 1193 463 1225 εὐλαϐεῖς
479 1195 525 1219 καὶ
539 1194 590 1220 οὐκ
601 1193 776 1229 ἀθαύμαστον
791 1193 865 1228 ἕχον-

75 1245 124 1268 τες
135 1234 287 1270 πολιτείαν,
299 1238 421 1270 ἐλθόντες
435 1240 463 1265 ὲν
480 1238 678 1275 Ἀλεξανδρείᾳ,
694 1238 865 1274 ἐρωτώμενοι

76 1281 146 1316 παρ’
160 1282 228 1316 ἐμοῦ
243 1284 292 1317 τὴν
303 1283 470 1310 κατάστασιν
482 1284 536 1310 τῶν
549 1285 646 1311 αὐτόσε
666 1284 863 1320 μοναστηρίων,

76 1327 231 1362 ἐδίδασκον,
248 1328 289 1355 ὃτι
306 1322 526 1361 σκανδαλίζονται
539 1329 632 1357 πολλοὶ
649 1330 693 1356 διὰ
705 1331 755 1364 τὴν
773 1330 865 1356 τοιαύ-

75 1382 127 1409 την
141 1373 243 1401 αἰτίαν.

111 1419 222 1446 Nemori
234 1421 425 1456 γεγαμηκότες
441 1421 514 1453 τινες
530 1421 577 1448 καὶ
588 1419 644 1448 οἷον
658 1421 688 1453 ἐξ
703 1421 794 1448 αὐτῶν
815 1429 865 1448 κα-

75 1465 212 1497 ταϐάντες
234 1466 288 1493 τῶν
304 1467 468 1502 νυμφώνων,
494 1468 700 1502 συναρπάζουσί
716 1475 793 1498 τινας
808 1467 864 1493 τῶν

75 1511 291 1546 θεοφιλεστάτων
309 1513 476 1543 ἐπισκόπων,
493 1513 540 1540 καὶ
554 1512 660 1544 οὐδενος
675 1512 746 1547 τάχα
761 1521 811 1539 που
829 1511 864 1538 τὰ

76 1556 137 1583 κατ’
153 1556 253 1587 αὐτοὺς
277 1557 523 1590 καταγγέλλοντος,
539 1556 756 1592 χειροτονοῦνται
770 1556 865 1592 κληρι-

76 1602 131 1635 κοὶ,
149 1602 234 1636 ἤγουν
249 1602 439 1638 πρεσϐύτεροι.
460 1603 568 1637 Ἔτεροι
591 1602 621 1629 δέ
635 1611 707 1634 τινες
727 1602 756 1636 ἐξ
774 1602 864 1630 αὐτῶν

75 1646 130 1673 τῶν
151 1647 342 1681 μοναοτηρίων
367 1648 404 1678 ὡς
423 1647 535 1674 ἄτακτοι
551 1647 761 1682 ἐκϐαλλόμενοι,
780 1646 862 1674 πάλιν

76 1692 257 1726 ὑποτρέχουσι
268 1693 316 1724 τὰς
328 1693 500 1727 χειροτονίας,
516 1693 562 1718 καὶ
573 1693 712 1728 γενόμενοι
726 1693 861 1728 κληρικοὶ,

75 1737 246 1772 εἰσέρχονται
269 1738 315 1763 καὶ
337 1738 365 1763 ὲν
391 1737 481 1768 αὐτοῖς
507 1738 564 1768 τοῖς
590 1738 781 1772 μοναστηρίοις
801 1737 862 1765 ὅθεν

75 1782 263 1816 ὲκϐἐϐληνται,
277 1782 324 1808 xu).
338 1782 477 1817 βούλονται
490 1783 666 1817 προσφέρειν,
680 1784 727 1809 καὶ
736 1783 786 1809 ὅσα
798 1783 862 1819 κλη-

76 1829 162 1862 ρικοῖς
179 1827 239 1858 ἒοος
253 1827 388 1862 πληροῦν,
410 1827 456 1854 καὶ
469 1827 555 1855 ταῦτα
567 1828 632 1864 δρᾷν
643 1848 651 1860 ,
672 1829 709 1859 ὡς
723 1829 770 1855 καί
786 1838 861 1861 τινας

76 1872 128 1898 τῶν
144 1873 250 1899 εἰδότων
265 1874 362 1905 αὐτοὺς
377 1874 568 1908 παραιτεῖσθαι
585 1875 633 1900 xu).
651 1874 700 1905 τὰς
718 1875 842 1907 συνάξεις
853 1896 859 1908 ,

77 1918 122 1944 καὶ
139 1918 176 1952 μὴ
191 1918 333 1952 ἀνέχεσθαι
346 1920 483 1945 κοινωνεῖν
496 1919 725 1952 λειτουργούντων
737 1919 859 1946 ἐκείνων.

117 1963 224 1998 Ἐπειδὴ
236 1965 324 1990 τοίνυν
335 1965 402 2000 πρὶς
413 1965 568 2000 οἰκοδομὴν,
582 1966 619 1997 ὡς
629 1965 706 2000 ἔφην,
719 1965 773 1990 τῶν
788 1965 860 1991 λαῶν

76 2010 163 2036 πάντα
177 2010 230 2045 χρὴ
242 2010 409 2045 πράττεσθαι
420 2010 485 2045 παρ’
495 2011 584 2046 ἡμῶν,
598 2010 764 2045 ὲπιτηρείτω
774 2010 861 2037 ταῦτα

77 2056 92 2089 ἡ
106 2056 244 2082 θεοσέϐεια
260 2056 337 2091 ὑμῶν
349 2065 355 2070 “
379 2057 427 2084 καὶ
443 2058 466 2082 εί
487 2057 577 2091 μέλλει
592 2065 634 2088 τις
649 2055 860 2091 χειροτονεῖσθαι

76 2100 213 2135 κληρικὸς,
233 2101 459 2136 περιεργαζέσθω
473 2101 518 2128 τὸν
536 2101 592 2136 βίον
607 2100 700 2132 αὑτοῦ,
717 2101 764 2127 καὶ
779 2101 857 2127 πότε-

77 2145 123 2179 ρόν
136 2153 200 2171 ποτε
217 2147 339 2182 γαμετὴν
354 2146 409 2182 ἔχει
423 2147 439 2182 ἢ
452 2146 493 2178 οὒ,
514 2147 560 2173 καὶ
572 2147 630 2178 πῶς
650 2146 696 2174 καὶ
714 2147 778 2172 πότε
789 2147 860 2181 ἠγά-

75 2199 148 2224 γετο,
167 2192 249 2218 καὶεί
265 2193 301 2228 μή
316 2193 357 2224 τίς
371 2194 428 2220 ἐστι
443 2193 497 2219 τῶν
514 2193 734 2227 ἐκϐαλλομένων,
757 2193 773 2227 ἢ
793 2193 860 2227 παρ’

77 2239 166 2272 ἑτέρου
182 2237 391 2264 θεοσεϐεστάτου
405 2239 566 2269 ἐπισκόπου,
581 2239 597 2274 ἢ
614 2239 645 2264 ὲκ
664 2238 858 2273 μοναστηρίου,

914 1017 989 1045 milis
1004 1021 1056 1049 est,
1071 1020 1099 1043 et
1109 1014 1272 1046 necessaria,
1287 1019 1315 1041 et
1327 1014 1360 1040 ad
1379 1018 1533 1041 sanctarum
1547 1012 1627 1039 etiam
1643 1011 1695 1038 Ec-

914 1062 1062 1089 clesiarum
1090 1060 1317 1088 existimationem
1340 1059 1462 1090 confert,
1487 1066 1552 1085 cura
1579 1057 1695 1092 gerenda

914 1111 965 1133 est.
981 1106 1119 1140 Scriptum
1138 1108 1179 1131 est
1195 1105 1289 1141 enim}:
1309 1113 1317 1129 ι
1337 1104 1451 1131 Sanctos
1473 1103 1552 1129 facite
1575 1102 1645 1128 lilios
1659 1101 1698 1127 ls-

914 1150 969 1177 rael
985 1150 1003 1176 ¹.
1019 1158 1029 1174 ι
1050 1149 1144 1176 Patres
1162 1148 1253 1182 itaque
1268 1148 1495 1175 monasteriorum
1514 1155 1574 1181 qua:
1591 1151 1654 1172 sunt
1669 1145 1696 1172 in

916 1193 1109 1221 Thebanorum
1128 1193 1269 1230 provincia
1280 1212 1288 1226 ,
1303 1193 1354 1220 viri
1368 1193 1405 1228 pii
1421 1201 1452 1220 ac
1466 1193 1563 1223 sancti,
1580 1200 1611 1220 ac
1630 1191 1696 1219 satis

915 1238 1105 1266 admirabilem
1124 1239 1188 1266 vita:
1202 1238 1317 1265 formam
1336 1243 1364 1266 et
1379 1238 1577 1265 institutionem
1595 1237 1698 1264 haben-

915 1289 957 1312 tes
967 1305 973 1317 ,
990 1292 1052 1312 cum
1067 1284 1259 1312 Alexandriam
1273 1284 1422 1316 venissent,
1443 1292 1458 1311 a
1471 1292 1514 1311 me
1537 1282 1697 1318 interrogati

915 1329 949 1357 de
960 1329 1189 1357 monasteriorum
1205 1337 1265 1364 quae
1279 1329 1336 1356 illic
1348 1333 1412 1356 sunt
1426 1328 1631 1360 constitutione,
1647 1327 1697 1355 do-

914 1379 1031 1403 cuerunt
1043 1375 1143 1402 multos
1159 1374 1260 1402 offendi
1275 1377 1385 1409 propter
1399 1374 1469 1401 hanc
1489 1381 1608 1400 causam.

950 1420 1066 1453 Quidam
1085 1420 1132 1455 qui
1151 1427 1249 1447 uxores
1267 1424 1393 1448 recenter
1407 1419 1555 1451 duxerunt,
1568 1423 1595 1446 et
1605 1426 1639 1446 ex
1655 1418 1697 1454 ip-

913 1467 952 1494 sis
969 1466 1055 1494 veluti
1071 1466 1197 1494 thalamis
1211 1466 1325 1501 egressi,
1349 1466 1455 1501 aliquos
1466 1474 1501 1494 ex
1515 1465 1698 1493 sanctissimis

913 1510 1048 1545 episcopis
1057 1510 1231 1545 arripiunt,et
1238 1511 1314 1538 nullo
1323 1510 1357 1538 de
1364 1510 1405 1538 eis
1412 1510 1506 1545 utique
1513 1510 1696 1542 renuntiante,

914 1556 1080 1583 ordinantur
1094 1555 1187 1583 clerici
1202 1563 1250 1583 seu
1264 1556 1425 1592 presbyteri.
1445 1555 1536 1591 Aliqui
1550 1558 1640 1582 autem
1650 1554 1697 1581 alii

913 1609 947 1629 ex
963 1601 1031 1636 ipsis
1057 1602 1249 1634 monasteriis,
1270 1607 1301 1628 ut
1318 1601 1473 1628 immodesti
1494 1601 1697 1635 insolentesque

913 1640 1005 1683 eiecti,
1020 1655 1117 1674 rursus
1132 1647 1318 1674 ordinationes
1330 1645 1458 1682 captanti?
1473 1651 1500 1674 et
1515 1646 1577 1674 facti
1593 1645 1696 1677 clerici.

913 1693 941 1719 in
958 1699 989 1719 ca
1005 1692 1061 1727 ipsa
1074 1691 1238 1718 monasteria
1252 1691 1443 1726 ingrediuntur
1458 1699 1491 1718 ex
1504 1691 1605 1726 quibus
1618 1691 1697 1726 ejecti

913 1741 988 1769 sunt,
1006 1742 1034 1764 et
1047 1737 1317 1764 voluntoblationem
1338 1745 1417 1772 agerc
1466 1740 1494 1763 et
1529 1744 1560 1763 ea
1606 1736 1697 1763 omnia

915 1783 1003 1810 facere
1021 1791 1082 1818 quae
1096 1791 1155 1810 mos
1168 1788 1211 1809 est
1224 1782 1343 1814 clericis,
1357 1785 1388 1809 u‘.
1400 1782 1483 1809 etiam
1500 1781 1583 1816 aliqui
1597 1790 1694 1808 eorum

913 1828 960 1862 qui
976 1828 1049 1862 ipsos
1063 1832 1174 1859 norunt,
1189 1835 1302 1863 synaxcs
1315 1827 1447 1859 dcvitent,
1458 1832 1486 1854 ct
1495 1827 1698 1854 communicare

914 1876 941 1901 in
961 1875 1082 1901 animum
1096 1882 1151 1901 non
1165 1875 1295 1901 inducant
1307 1874 1362 1901 illis
1376 1873 1607 1901 ministrantibus.

949 1964 1083 1997 Quoniam
1096 1971 1160 1998 ergo
1177 1962 1210 1990 ad
1225 1961 1444 1993 aedificationem,
1457 1967 1486 1989 ut
1499 1961 1564 1994 dixi,
1580 1961 1696 2001 populo-

914 2017 985 2042 rum,
1001 2009 1092 2036 omnia
1106 2016 1121 2035 a
1133 2008 1214 2035 nobis
1233 2007 1356 2035 facienda
1373 2013 1453 2040 sunt,
1469 2007 1526 2035 haec
1540 2012 1629 2034 vestra
1648 2007 1698 2034 ob-

914 2059 1004 2083 servet
1018 2054 1120 2089 pietas;
1135 2058 1164 2081 et
1176 2053 1197 2088 si
1211 2057 1252 2080 est
1265 2053 1376 2088 quidem
1390 2053 1439 2080 ord
1447 2053 1472 2080 in
1479 2053 1696 2083 andusclcricus,

913 2101 946 2129 de
960 2101 1016 2128 vita
1030 2101 1090 2135 ejus
1104 2100 1234 2135 inquirat,
1246 2103 1274 2127 et
1288 2107 1322 2126 an
1334 2107 1446 2126 uxorem
1457 2099 1566 2131 habeat,
1581 2107 1616 2125 an
1630 2106 1696 2129 non,

913 2152 940 2176 et
954 2155 1071 2182 quonam
1091 2147 1171 2173 modo
1186 2146 1273 2178 duxit,
1293 2150 1321 2173 et
1337 2145 1487 2178 abstinuit,
1504 2149 1532 2172 et
1549 2145 1571 2172 si
1585 2153 1640 2172 non
1656 2150 1699 2172 est

913 2193 1012 2228 aliquis
1026 2201 1060 2220 ex
1075 2193 1108 2219 iis
1125 2192 1172 2227 qui
1185 2192 1265 2227 ejecti
1279 2196 1342 2218 sunt
1357 2199 1372 2218 a
1386 2191 1558 2219 sanctissimo
1568 2192 1697 2226 episcopo

913 2239 955 2266 vel
967 2246 1000 2265 ex
1015 2238 1179 2265 monasterio
1193 2245 1200 2263 :
1213 2241 1277 2263 tunc
1291 2237 1312 2263 si
1328 2236 1482 2271 inculpatus
1495 2237 1622 2263 inventus
1636 2236 1696 2263 fuc-

77 2283 121 2310 χαὶ
145 2282 204 2309 τότε
228 2283 432 2318 χειροτονείτω,
452 2283 612 2318 ἀδιάϐλητον
628 2282 783 2318 εὑρεθέντα.
805 2283 859 2318 Τηο

916 2284 959 2315 rit,
972 2283 1089 2311 ordinet.
1110 2283 1148 2310 Ita
1165 2283 1238 2310 enim
1256 2287 1284 2310 et
1299 2287 1422 2310 nostram
1438 2283 1632 2310 conscientiam
1644 2291 1696 2318 pu-

79 2329 195 2365 ρὴσομεν
209 2329 262 2364 γὰρ
278 2329 347 2355 οὕτω
362 2330 408 2355 καὶ
420 2329 450 2355 τὸ
468 2329 572 2356 ἑαυτῶν
592 2330 710 2360 συνειδὸς
727 2328 857 2364 καθαρὸν,

78 2374 123 2401 καὶ
144 2373 303 2408 ἀδιάϐλητον
326 2374 375 2409 τὴν
392 2375 467 2409 ἱερὰν
488 2375 536 2401 καὶ
553 2375 653 2410 σεπτὴν
678 2373 856 2408 λειτουργίαν.

83 2419 144 2445 Ἐὰν
166 2418 193 2444 δὲ
210 2419 349 2454 χωρισμὸν
368 2419 535 2454 ὐπομείνωσί
557 2428 628 2451 τινες
653 2419 859 2454 ὲπιτιμηῡέντες

77 2465 251 2500 πταισμάτων
264 2466 354 2497 ἕνεκα,
369 2465 428 2492 εἶτα
445 2465 563 2501 μέλλωσι
579 2466 707 2501 τελευτᾷν
726 2465 859 2501 κατηχού-

80 2519 151 2546 μενοι
164 2511 247 2543 ὄντες,
265 2511 498 2546 βαπτιζέσθωσαν.
513 2513 560 2538 καὶ
577 2513 613 2547 μὴ
634 2512 858 2547 ἀποδημείτωσαν

78 2557 130 2584 τῶν
144 2557 318 2591 ἀνθρωπίνων
338 2559 467 2594 ἀμέτοχοι
481 2559 529 2593 τῆς
552 2559 673 2593 χάριτος,
689 2559 770 2593 ἤγουν
783 2560 856 2585 ἀκοι-

79 2603 197 2638 νώνητοι.
214 2605 292 2630 Δοκεῖ
305 2606 359 2640 γὰρ
373 2605 516 2640 προσέχειν
530 2604 578 2631 καὶ
590 2604 669 2630 τοῦτο
677 2606 732 2635 τοῖς
744 2604 862 2639 τῆςῈκ-

79 2650 189 2684 ulmis;
207 2650 328 2685 θεσμοῖς.
348 2650 518 2685 Προσείπατε
542 2649 590 2684 τὴν
611 2650 677 2684 παρ’
698 2650 760 2683 ὑμῖν
783 2650 860 2676 ἀδελ-

79 2697 178 2731 φὸτητα
190 2704 196 2710 ·
217 2697 287 2730 ὑμᾶς
301 2697 317 2731 ἡ
341 2697 390 2722 σὺν
406 2697 470 2731 ἡμῖν
496 2698 524 2722 ἐν
541 2696 635 2731 Κυρίῳ
652 2696 862 2730 προσαγορεύει.

114 2746 206 2775 “MSS.
223 2746 258 2772 Τὸ
274 2745 450 2780 ἀκοινώνητοι
474 2744 590 2771 ἐνταῦοα
609 2745 624 2770 ό
642 2744 717 2777 ᾶγιος
733 2743 762 2768 οὐ
778 2742 857 2774 μόνον

83 2794 142 2829 περὶ
155 2794 201 2827 τῆς
214 2793 294 2825 ἁγίας
312 2792 489 2827 μεταλήψεως
517 2790 600 2823 λέγει,
619 2790 649 2815 οὐ
667 2789 721 2823 γὰρ
741 2787 857 2820 ἀξιωοή-

84 2849 169 2867 ama:
183 2839 236 2864 τῶν
256 2839 335 2865 Θείων
353 2839 510 2873 μυπτηρίων
525 2837 578 2872 πρὸ
591 2835 638 2863 τοῦ
652 2835 840 2870 βαπτίσματος
850 2841 858 2851 ο

125 2889 221 2918 ‘Josuc
237 2900 281 2925 ιιι,
302 2892 343 2921 l5.

913 2336 970 2357 ram
987 2329 1221 2358 conservabimus.
1242 2333 1270 2356 et
1289 2328 1457 2363 inculpatum
1479 2337 1586 2356 sacrum
1600 2337 1632 2356 ac
1651 2336 1697 2355 ve-

913 2375 1033 2403 nerabile
1044 2375 1214 2410 mysterium.
1225 2375 1271 2402 Sin
1281 2379 1372 2402 autem
1387 2375 1600 2410 segregationem
1612 2373 1696 2409 aliqui

912 2421 1093 2449 sustinuerint
1108 2426 1220 2456 propter
1232 2422 1326 2456 lapsus
1338 2422 1438 2456 puniti,
1453 2422 1552 2449 deinde
1571 2422 1624 2449 sint
1637 2429 1696 2448 mo-

914 2467 992 2494 rituri
1007 2466 1168 2494 exsistentes
1179 2467 1380 2500 catechumeni,
1388 2467 1569 2502 baptizentur,
1579 2472 1606 2494 et
1620 2475 1653 2494 ne
1661 2467 1696 2494 ab

913 2512 1041 2540 humanis
1058 2512 1194 2539 excedant
1218 2512 1315 2547 gratia:
1337 2520 1390 2540 non
1411 2513 1557 2548 participes
1570 2533 1576 2544 ,
1591 2512 1696 2539 scilicet

910 2558 1103 2585 communione
1125 2562 1259 2585 carentes.
1282 2558 1397 2586 Videtur
1418 2559 1492 2585 enim
1511 2559 1563 2585 hoc
1587 2564 1696 2592 quoque

911 2604 1039 2632 Ecclesia:
1052 2604 1243 2631 consuetudini
1263 2604 1412 2632 adhazrerc.
1424 2604 1544 2631 Salutate
1559 2611 1619 2630 eam
1636 2611 1697 2638 qua:

909 2655 952 2678 est
966 2649 1039 2685 apud
1060 2657 1109 2677 vos
1123 2650 1322 2677 fraternitatem
1340 2659 1348 2683 ς
1361 2657 1422 2685 qua;
1432 2649 1574 2676 nobiscum
1587 2653 1628 2676 est
1650 2657 1697 2676 vos

912 2696 938 2722 in
958 2695 1073 2721 Domino
1089 2695 1201 2722 salutat.

948 2739 1045 2766 BALS.
1060 2737 1254 2767 Communione
1270 2743 1364 2763 carere
1386 2738 1496 2762 sanctus
1519 2733 1563 2761 hic
1580 2742 1632 2762 non
1652 2741 1698 2762 so-

911 2785 966 2813 lum
982 2783 1047 2811 dicit
1059 2785 1091 2811 de
1102 2789 1195 2811 sancta
1208 2781 1415 2818 participatione
1427 2789 1434 2813 ;
1449 2787 1535 2814 neque
1549 2780 1621 2807 enim
1635 2785 1696 2807 ante

912 2831 1074 2867 baptismum
1089 2830 1185 2858 divinis
1197 2828 1333 2864 mysteriis
1347 2827 1420 2864 digni
1435 2826 1607 2856 habebuntur
1620 2835 1627 2854 :
1646 2827 1693 2854 sui
