1894 3072
254 153 313 186 9437
883 148 1024 180 THEOD.
1045 148 1247 180 BALSAMDN
1833 151 1869 182 918

253 210 288 238 Et
304 210 403 238 mentis
415 217 494 244 mgna
511 209 688 244 pharmacunt
703 207 826 236 Psalmos
838 214 943 239 sacros,

253 256 409 284 Salomonis
425 256 507 283 etiam
525 260 581 284 tres
599 256 694 287 libros,
709 254 869 286 Parmmias,

254 302 448 334 Ecclesiasten,
463 303 635 330 canticorum
647 302 772 329 Cantica.

252 349 302 377 llis
321 354 360 376 ter
371 356 518 384 quaternos
532 351 616 384 junge
629 350 684 383 jam
698 354 774 376 vates
788 347 881 381 simul,

253 395 365 428 Oscam,
381 401 407 423 et
422 397 516 428 Amos,
530 401 613 430 alque
627 395 767 422 Michaeam
784 395 907 429 insuper,

253 441 445 476 Quartumque
462 441 528 475 loel,
545 441 674 474 Abdiam,
689 440 800 474 Ionam,
815 445 908 476 typum

253 488 366 516 Reversi
384 489 419 516 ad
436 496 518 516 auras
534 489 614 516 tertio
628 495 644 516 a
659 488 734 515 letho
747 487 803 519 die.

253 536 374 568 Nahum.
388 536 564 571 Abacucque,
577 535 624 571 qui
637 535 699 562 loco
712 541 785 562 nono
802 533 913 565 insidet.

255 581 435 616 Sopltoniam,
451 585 478 609 et
494 581 635 616 Aggaaum,
652 579 827 612 Zachariam.
846 579 984 610 ultimum,

255 627 362 655 Nomen
377 618 478 663 duplex
495 628 539 655 cui
553 632 606 659 est,
621 627 746 662 angelum
764 625 936 652 Malacbiam.

253 673 319 700 Pest
333 674 383 701 hos
398 674 536 709 prophetae
549 674 625 702 disce
639 673 686 708 qui
708 673 764 700 sint
780 676 900 708 quatuor
914 680 921 698 :

254 719 314 748 Non
331 720 454 755 trepidus
469 728 516 748 ore
531 720 637 756 primus
654 724 697 748 est.
713 719 811 751 Isaias,

254 767 330 794 Alter
344 766 480 794 Jeremias
501 766 661 798 condolens,
680 771 706 793 et
723 765 858 801 mysticus

255 812 382 840 Ezechiel
398 812 472 846 inde,
486 817 514 840 et
526 813 622 840 ultimo
638 812 730 839 Daniel
745 813 815 843 loco,

255 859 413 895 Rebusque.
429 860 509 887 dictis
527 865 553 887 et
565 859 659 892 simul,
674 859 742 886 mire
758 865 852 893 sagax.

256 906 327 935 Sunt
341 907 388 942 qui
407 907 528 934 libellum
545 906 589 934 bis
606 906 734 940 copulent
749 909 850 932 sancta:
867 903 1001 931 Estheris.

291 953 369 981 Nunc
385 954 442 989 jam
459 954 588 982 Recentis
603 953 699 980 audias
717 951 793 979 Pacti
811 952 896 978 libros
911 958 918 977 :

257 1000 447 1035 Evangelistas
464 1003 583 1035 quatuor
604 1002 694 1027 solum
710 1005 787 1033 cape.

257 1047 402 1075 Matth-usus
417 1055 514 1075 omnes
531 1047 628 1079 anteit,
644 1047 757 1074 Marcus
774 1044 878 1076 statim.

257 1095 404 1129 Lucasque
417 1095 555 1129 sequitur,
570 1098 668 1128 quarta
684 1092 780 1120 loanni
796 1092 879 1119 datur

259 1139 360 1172 Sedes;
379 1144 406 1166 at
421 1139 484 1166 aliis
497 1144 538 1167 est
553 1140 639 1174 prior,
657 1139 680 1166 si
694 1138 819 1173 dogmata

259 1185 383 1219 Spectes.
401 1184 519 1213 Vocatur
534 1186 597 1220 jure
609 1193 672 1213 nam
690 1184 804 1212 tonitrui

258 1230 354 1258 Proles
372 1239 378 1258 :
396 1230 443 1258 Dei
458 1239 521 1258 nam
537 1231 655 1259 maxime
673 1232 795 1259 insonuit
810 1230 908 1266 Λόγον.

258 1276 340 1304 Luca:
355 1284 464 1312 quoque
477 1277 578 1305 librum
588 1278 699 1313 jungito
712 1277 757 1305 his
770 1284 880 1305 rursum
894 1277 1021 1309 alterunt,

258 1324 455 1358 Apostolorum
473 1323 555 1352 Gesta
570 1325 617 1360 qui
636 1325 698 1353 t'use
709 1325 799 1353 canit.

258 1371 408 1399 Electionis
425 1371 496 1399 adde
513 1379 574 1405 vas,
593 1372 767 1407 Apostolum,

259 1415 312 1450 Qui
325 1424 413 1451 praeco
427 1417 545 1445 celebris
559 1418 681 1453 gentium
701 1425 811 1454 semper
826 1417 890 1451 fuit,

259 1464 431 1499 Scripsitque
446 1464 514 1492 scite
529 1463 648 1492 Litteras
666 1465 879 1500 quatuordecim

261 1509 302 1538 Ad
315 1509 501 1543 Christianos,
517 1510 626 1538 civibus
641 1509 735 1538 Bome
751 1510 871 1544 unicam,

263 1556 382 1583 Bimaris
396 1555 522 1583 Corinthi
536 1555 647 1591 scripsit
663 1556 696 1583 ad
712 1556 786 1584 cives
799 1556 880 1588 duas.

262 1600 366 1628 Calatis
385 1605 412 1628 et
428 1608 511 1628 unam
526 1601 613 1634 misit,
629 1609 768 1636 unamque
782 1602 881 1629 incolis

263 1646 376 1681 Ephesi,
390 1646 522 1681 Philippis
534 1651 561 1674 et
575 1647 698 1674 Colossis
713 1648 833 1680 unicam,

264 1694 468 1723 Thessalonica:
485 1693 593 1721 civibus
607 1695 696 1727 binas,
711 1695 780 1722 duas

264 1740 419 1773 Timotheo,
434 1745 462 1768 et
477 1747 559 1767 unam
573 1748 636 1768 cum
653 1741 715 1768 Tito
734 1740 899 1776 Philemoni,

267 1784 556 1821 Unamque'llebraais
570 1787 699 1822 denique,
724 1795 807 1823 atque
826 1790 896 1816 hanc
918 1789 1055 1825 ultimam,

265 1833 381 1865 Quidam
399 1832 461 1860 licet
486 1832 541 1859 sint
558 1833 604 1868 qui
621 1833 730 1860 notham
749 1834 820 1861 hanc
835 1841 897 1863 esse
918 1841 1054 1870 asserant,

264 1878 367 1906 Errare
382 1879 455 1906 ducti
470 1888 477 1906 :
491 1883 547 1906 tota
562 1887 624 1906 nam
641 1878 755 1907 Paulum
771 1881 853 1915 sapit.

265 1925 361 1953 Restat
378 1926 527 1953 catholicas
542 1925 662 1954 Litteras
678 1927 767 1954 dicam
782 1932 810 1955 ut
824 1928 883 1955 tibi.

264 1969 321 1997 llas
338 1978 398 1998 csse
415 1975 518 2006 septem
536 1971 665 1999 dictitant
680 1973 791 2007 quidam
810 1982 818 2000 :
839 1979 940 2010 negant

265 2015 368 2042 Debere
382 2017 493 2050 qunlam
510 2016 614 2051 suscipi
628 2017 719 2052 plures
733 2018 820 2046 tribus

265 2060 379 2089 Joannis
395 2069 488 2094 unam,
503 2061 579 2090 Petri
594 2068 621 2090 et
633 2062 727 2092 Jacobi
745 2065 866 2093 unicam.

265 2107 381 2136 Joannis
395 2109 440 2135 alii
455 2113 510 2137 tres
523 2110 630 2142 volunt,
643 2110 722 2138 binas
736 2111 810 2138 Petri

266 2154 371 2190 Recipi,
390 2154 504 2183 ctJuda:
518 2157 673 2191 septimam.
692 2157 810 2186 Rursum
829 2158 941 2192 librum,

266 2201 373 2228 Arcana
389 2210 478 2229 rerum
497 2202 597 2237 detegit
611 2204 657 2238 qui
673 2204 803 2239 plurima,

268 2247 385 2280 Quidam
402 2249 577 2276 inserendum
593 2250 687 2277 Codiei
702 2258 781 2278 sacro
794 2257 922 2279 asserunt
938 2261 945 2279 :

268 2292 386 2321 Nuthunt
402 2303 462 2323 esse
478 2296 568 2331 major
582 2304 646 2332 pars
662 2298 700 2325 ait
716 2305 824 2325 rursum
841 2299 935 2327 altera.

269 2339 363 2367 Canon
381 2340 425 2369 hic
439 2343 540 2370 sacrati
552 2348 644 2371 certus
654 2347 696 2371 est
713 2344 873 2373 voluminis.

1063 207 1085 235 Α
1100 206 1225 242 Ψαλμῶν
1237 215 1266 234 τε
1281 207 1381 242 βίϐλον,
1397 207 1516 243 sums;
1529 207 1621 243 ψυχῆς
1639 208 1718 240 ἄκος,

1098 253 1180 288 Τρεῖς
1195 253 1217 280 δ’
1233 253 1266 280 αὖ
1281 254 1454 288 Σολομῶντος
1469 254 1517 281 τοῦ
1533 254 1627 289 σοφοῦ,
1645 254 1809 288 Παροιμίιξ,

1104 301 1331 336 Ἐκκλησιαστὴν.
1348 299 1444 337 ⁷ᾼσμά
1457 310 1487 328 τε
1500 301 1554 328 τῶν
1568 302 1706 337 ᾀσμάτων.

1098 347 1218 379 Ταύταις
1235 350 1375 384 προφήτας
1394 350 1537 384 προστίθει
1552 349 1616 381 τοὺς
1631 348 1746 380 δώδεκα,

1104 394 1185 429 Ὠσηὲ
1198 395 1319 429 πρῶτον,
1338 393 1388 422 εἴτ’
1408 395 1499 431 ’Δμὼς
1511 396 1557 422 τὸν
1569 396 1707 430 δεύτερον,

1098 440 1228 476 Μιχαίαν,
1250 442 1338 477 Ἰωήλ,
1360 442 1480 472 Ἀσδίαν,
1499 444 1546 470 καὶ
1559 443 1606 469 τὸν
1618 443 1704 470 τύπον

1105 487 1198 515 Ἰωνᾶν
1213 488 1297 515 αὑτοῦ
1314 488 1361 516 τοῦ
1378 489 1530 525 τριημέρου
1544 489 1660 521 πάθους.

1099 533 1198 568 Ναοὺμ
1212 533 1272 568 μετ’
1286 533 1396 566 αὐτοὺς,
1418 534 1587 568 'AGGsxobp,
1606 533 1658 562 εἶτ’
1672 535 1767 562 ἔννατι

1098 579 1241 613 Σοφονίαν,
1267 580 1393 614 ’Δγγαίόν
1416 589 1445 607 τε
1461 580 1510 608 καὶ
1526 580 1677 616 Ζαχαρίαν,

1099 625 1239 662 Διώνυμόν
1253 636 1283 654 τε
1297 627 1412 662 ἅγγελον
1423 627 1580 663 Μαλαχίαν.

1099 672 1168 700 Μεθ’
1183 673 1230 705 οὓς
1247 674 1390 709 προφήτας
1411 673 1529 708 μάνθανε
1543 675 1607 706 τοὺς
1618 675 1771 710 τέσσαρας,

1100 719 1315 755 Παρρησιαστὴν
1329 720 1375 745 τὸν
1393 720 1480 755 μέγαν
1499 720 1626 753 Ἡσαΐαν,

1106 763 1242 800 Ἰερεμίαν
1258 773 1287 791 τε
1301 766 1445 800 συμπαθῆ,
1460 767 1507 792 καὶ
1526 767 1669 800 μυστικὸν,

1106 811 1246 847 Ἰεζεχιὴλ,
1264 812 1378 847 ἔσχατον
1396 814 1425 839 δὲ
1444 814 1555 848 Δανιὴλ,

1102 857 1156 884 Τδν
1170 858 1256 885 αὐτὸν
1268 859 1360 893 ἔργοις
1373 860 1421 885 καὶ
1432 859 1525 893 λόγοις
1541 861 1710 893 σοφώτατον.

1103 904 1215 936 Τούτοις
1230 906 1462 940 προσεγκρίνουσι
1477 906 1528 941 τὴν
1552 907 1653 942 Ἑσθήρ
1667 916 1754 939 τινες.

1138 952 1244 987 Καινῆς
1260 953 1398 988 Διαθήκης
1416 953 1476 989 ὥρα
1490 962 1535 988 μοι
1548 954 1657 989 βιδλους
1672 955 1775 989 λέγειν.

1103 998 1307 1032 Εὐαγγελιστὰς
1320 1000 1456 1035 τέσσαρας
1469 999 1548 1035 δέχου
1567 1001 1676 1034 μόνους,

1103 1043 1254 1078 Ματθαῖον,
1270 1042 1329 1072 εἷτα
1343 1046 1469 1082 Μάρκον,
1483 1044 1505 1080 ᾧ
1518 1048 1627 1074 Λουκᾶν
1645 1048 1740 1083 τρίτον

1106 1091 1249 1126 Προσθεὶς,
1267 1092 1380 1128 ἀρίθμει
1396 1093 1442 1120 τδν
1459 1094 1587 1129 Ἰωάννην
1604 1096 1696 1131 χρόνῳ

1104 1137 1251 1172 Τέταρτον,
1271 1139 1338 1165 ἀλλὰ
1355 1139 1464 1174 πρῶτον
1478 1140 1540 1174 ὕψει
1555 1141 1712 1176 δογμάτων.

1104 1184 1240 1218 Βροντῆς
1253 1185 1308 1220 γὰρ
1320 1186 1388 1212 υἱὸν
1400 1186 1496 1213 τοῦτον
1510 1187 1624 1218 εέκότως
1638 1188 1728 1220 καλῶ,

1104 1231 1242 1265 Μέγιστον
1253 1233 1396 1266 ἡχήσαντα
1415 1232 1454 1268 τῷ
1471 1233 1539 1260 Θεοῦ
1556 1234 1647 1269 Λόγῳ.

1104 1278 1188 1312 Δέχου
1200 1277 1229 1303 δὲ
1247 1277 1338 1312 βίϐλον
1354 1279 1448 1306 Δουκᾶ
1463 1280 1510 1306 καὶ
1524 1280 1573 1316 τὴν
1591 1281 1736 1316 δευτερον,

1105 1323 1160 1359 Τὴν
1180 1324 1234 1351 τῶν
1251 1324 1406 1352 καθολικῶν
1422 1326 1740 1361 Πράξεων·ἁποστόλων,

1104 1369 1142 1396 τὸ
1158 1369 1269 1404 σκεῦος
1284 1370 1348 1406 ἑξῆς
1365 1372 1506 1407 προστίθει
1522 1373 1577 1406 τῆς
1593 1374 1738 1409 ἐκλογῆς,

1105 1415 1158 1442 Τὸν
1172 1415 1228 1443 τῶν
1244 1415 1329 1443 ἐθνῶν
1344 1417 1464 1452 κήρυκα,
1485 1417 1530 1444 τὸν
1543 1418 1696 1445 ἀπόστολον

1106 1461 1222 1494 Παῦλον,
1238 1461 1328 1496 σοφῶς
1342 1462 1487 1498 γράψαντα
1502 1466 1563 1496 ταῖς
1582 1465 1757 1500 Ἐκκλησίαις

1112 1507 1273 1539 Ἐπιπολὰς
1284 1507 1326 1540 δὶς
1340 1508 1422 1541 ἑπτὰ,
1443 1509 1587 1545 Ῥωμαίων
1605 1511 1684 1546 μιαν,

1104 1551 1143 1591 ’ῌ
1158 1555 1212 1590 χρὴ
1228 1555 1374 1582 συνάπτειν
1392 1556 1460 1591 πρὸς
1477 1557 1638 1592 Κορινθίους
1653 1558 1712 1590 δύο,

1106 1600 1161 1636 Τὴν
1168 1601 1236 1636 πρὸς
1243 1601 1365 1634 Γαλάτας
1376 1611 1417 1635 τι,
1424 1603 1472 1629 καὶ
1480 1603 1530 1639 τὴν
1543 1604 1612 1639 πρὸς
1625 1604 1779 1639 Ἐφεσίους,
1791 1604 1840 1640 μεθ’
1848 1604 1864 1636 ξι

1105 1647 1162 1682 Τὴν
1179 1648 1208 1674 ἐν
1225 1648 1379 1680 Φιλίπποις,
1396 1646 1459 1675 εἶτα
1472 1649 1520 1684 τὴν
1540 1652 1741 1688 γεγραμμένην

1106 1693 1304 1726 Κολοσσαεῦσι,
1321 1694 1549 1722 Θεοσαλονικεῦσι
1564 1696 1622 1728 δύο,

1107 1739 1158 1766 Δύο
1178 1740 1316 1776 Τιμοθέῳ,
1333 1741 1405 1776 Τίτῳ
1421 1742 1449 1768 δὲ
1468 1743 1515 1768 καὶ
1527 1743 1670 1777 Φιλήμονι,

1107 1784 1180 1811 Μίαν
1197 1785 1329 1820 ἑκατιρῳ,
1348 1787 1394 1813 καὶ
1410 1788 1477 1822 πρὸς
1503 1787 1646 1822 Ἐϐραίους
1663 1789 1738 1822 μίαν.

1107 1832 1184 1863 Τινὲς
1198 1832 1226 1859 δέ
1241 1841 1308 1867 φασι
1321 1833 1370 1868 τὴν
1382 1834 1448 1869 πρὸς
1472 1834 1616 1869 Ἐὕραίους
1629 1834 1721 1866 νόθον,

1107 1879 1164 1905 Οὐκ
1181 1878 1211 1905 εὖ
1227 1879 1367 1913 λέγοντες·
1387 1881 1487 1915 γνησία
1502 1881 1558 1916 γὰρ
1572 1883 1590 1917 ἡ
1606 1883 1695 1917 χάρις.

1107 1921 1180 1957 Εἶεν,
1197 1924 1223 1951 τι
1236 1924 1346 1959 λοιπ6ν;
1362 1926 1522 1953 Καθολιχῶν
1543 1927 1712 1955 Ἐπιστολῶν

1108 1970 1187 2002 Τινὲς
1201 1970 1251 2006 μὲν
1266 1971 1337 1998 ἑπτά
1351 1980 1446 2006 φασιν,
1458 1973 1483 1999 ol
1506 1973 1534 2000 δὲ
1548 1975 1622 2008 τρεῖς
1639 1974 1726 2008 μόνας

1108 2017 1215 2052 Χρῆναι
1227 2017 1364 2052 δέχεσθαι,
1383 2018 1434 2053 τὴν
1454 2019 1584 2046 Ἰακώϐου
1602 2021 1680 2055 μίαν,

1108 2064 1181 2091 Μίαν
1195 2064 1224 2091 δὲ
1239 2065 1354 2100 Πέτρου,
1372 2065 1422 2101 τὴν
1437 2066 1462 2092 τ’
1487 2066 1610 2094 Ἰωάννου
1629 2068 1706 2103 μίαν.

1108 2111 1185 2142 Τινὲς
1201 2110 1230 2137 δὲ
1245 2111 1295 2142 τὰς
1313 2113 1400 2146 τρεῖς,
1421 2112 1469 2139 καὶ
1487 2114 1556 2147 πρὸς
1573 2115 1671 2145 αὑταῖς
1683 2115 1732 2146 τὰς

1110 2157 1214 2193 Πέτρου
1232 2157 1364 2192 δέχονται,
1378 2158 1428 2192 τὴν
1444 2159 1530 2186 Ἰούδα
1544 2160 1566 2186 δ’
1583 2161 1714 2196 ἑϐδόμην.

1110 2203 1166 2238 τὴν
1179 2203 1201 2230 δ’
1228 2204 1412 2240 Ἀποκάλυψιν
1428 2205 1478 2240 τὴν
1502 2206 1627 2233 Ἰωάννου
1644 2209 1726 2234 πάλιν

1114 2251 1191 2283 Τινὲς
1210 2253 1259 2287 μὲν
1278 2253 1462 2289 ὲγκρίνουσιν,
1480 2255 1504 2281 οἱ
1522 2256 1629 2286 πλείους
1643 2256 1671 2282 δέ
1686 2266 1716 2290 γε

1113 2299 1200 2326 Νόθον
1214 2299 1348 2334 λέγουσιν.
1366 2299 1450 2333 Οὗτος
1466 2303 1666 2336 ἁψευδέστατος

1114 2346 1211 2374 Κανὼν
1226 2347 1259 2374 ἂν
1270 2348 1313 2384 εἴη
1331 2348 1385 2376 τῶν
1398 2349 1586 2377 θεοπνεύστων
1605 2351 1733 2386 Γραῖὦν,
