1894 3072
71 125 128 158 953

485 123 677 154 RESPONSA
698 125 749 154 AD
771 125 1140 157 INTERROGATIONES
1160 126 1281 158 MARCI

1631 129 1684 163 954

69 184 265 219 οίκουμενικοῦ
293 185 462 220 πατριάρχου
481 185 575 220 κυρίου
595 185 741 225 Γεωργίου.
756 181 806 211 Ὧν
822 184 855 211 τὰ

910 191 996 212 annos
1011 189 1107 220 augeat
1123 186 1193 214 Deus
1208 187 1235 213 in
1249 187 1352 213 dierum
1367 185 1572 221 longitudinem.
1589 186 1681 214 Mense

70 232 122 266 ἑτιιι
138 231 248 263 αὐξανεῐ
267 232 280 258 ὁ
300 231 365 262 Θεὸς
387 232 426 262 είς
445 230 604 266 μακρότητα
633 231 754 265 ἡμερῶν.
779 230 853 265 Μηνὶ

69 277 248 312 Φεϐρουαρίῳ
277 277 464 311 ὲπινεμήσεως
480 280 524 309 ιγ’,
551 277 598 302 καὶ
623 276 690 303 ἑτῶν
712 276 780 311 μετὰ
803 276 853 310 τὴν

71 322 214 356 σάρκωσιν
233 320 279 347 τοῦ
299 320 403 355 Κυρίου
420 321 467 347 καὶ
485 320 553 346 Θεοῦ
570 320 617 346 καὶ
632 320 754 354 Σωτῆρος
777 319 854 354 ἡμῶν

69 366 162 401 Ἰησοῦ
173 366 303 401 Χριστοῦ,
322 364 400 400 ⁴ασγ’.

116 413 291 445 Ἐρώτησις.
304 413 336 438 Δί
360 412 424 447 περὶ
440 412 474 438 τὰ
495 412 563 447 μέρη
581 411 632 446 τῆς
654 410 854 446 Ἀλεξανδρείας

72 460 121 486 καὶ
133 459 189 485 τῶν
207 457 401 492 Ἰεροσολύμων
415 457 668 491 ἁναγινωσκόμεναι
679 456 853 491 λειτουργίαι,

72 507 121 532 καὶ
133 504 279 538 λεγόμεναι
302 503 492 538 συγγραφῆναι
516 502 590 536 παρὰ
611 501 664 528 τῶν
681 501 766 535 ἁγίων
784 503 852 527 ἀπο-

74 551 189 581 στόλων,
220 548 348 575 Ίακὼϐου
378 547 425 575 τοῦ
456 547 628 580 ἀδελφοθέου,
653 548 699 573 καὶ
728 547 852 580 Μάρκου,

71 596 168 624 δεκταί
180 597 231 622 είσι
244 597 277 631 τῇ
291 596 357 629 ἁγίᾳ.
369 595 416 621 καὶ
429 594 558 629 καθολικῇ
581 594 738 628 Ἐκκλησία,
755 593 771 628 ἢ
787 592 817 619 οὗ
829 600 836 624 ;

108 644 176 670 Ἀρι.
204 642 233 668 ’0
248 642 336 677 μέγας
358 639 506 671 ἀπόστολος
520 639 637 671 Παῦλος,
661 640 675 666 ό
690 639 745 665 τῶν
771 637 855 672 ἁγίων

79 688 252 723 Ἔκκλησιῶν
266 686 312 713 τοῦ
326 685 393 712 Θεοῦ
408 686 499 720 ῥήτωρ
512 686 558 711 καὶ
571 684 740 722 διδάσκαλος,
756 685 855 719 Κοριν-

72 734 142 765 θίοις
155 732 329 765 ἐπιστέλλων,
347 731 427 766 φησίν
439 738 446 745 ·
466 731 598 765 Ἀδελφοὶ,
617 730 769 766 παρακαλῶ
783 731 855 766 ὑμᾶς

70 779 117 805 διὰ
132 779 179 804 τοῦ
196 778 327 812 ὀνόματος
341 778 387 804 τοῦ
402 777 503 811 Κυρίου
521 776 598 811 ήμῶν
615 776 701 811 Ἰησοῦ
727 775 854 810 Χριστοῦ,

74 826 120 852 ῐνα
134 825 164 851 τὸ
183 824 251 850 αὐτὸ
266 824 363 858 λέγητε
381 823 490 854 πάντες,
508 821 555 849 καὶ
570 822 607 857 μὴ
667 823 696 847 ἐν
719 821 783 856 ὑμῖν
797 821 855 855 σχί-

74 879 170 906 σματα
185 879 190 884 ·
208 868 256 905 ἦτε
270 870 297 895 δὲ
311 869 523 904 κατηρτισμένοι
549 869 578 894 ὲν
595 868 633 903 τῷ
652 868 725 902 αὐτῷ
738 867 789 900 νοῒ,
808 869 854 894 καὶ

71 917 102 942 ὲν
113 918 146 950 τῇ
161 916 229 949 αὐτῇ
243 915 348 951 γνώμῃ.
360 914 451 949 Φαμὲν
464 914 563 945 τοίνυν,
575 913 612 944 ὡς
627 913 689 939 οὔτε
705 914 758 940 ἀπὸ
779 913 854 945 θείας

72 962 199 996 Γραφῆς,
215 960 277 987 οὒτε
295 960 348 986 ἀπὸ
365 960 475 990 κανόνος
494 959 694 1000 εκφωνηθέντος
711 958 855 990 συνοδικῶς

71 1004 297 1039 ἀνεδιδάχθημεν,
307 1003 503 1038 ἱεροτελεστίαν
520 1003 572 1028 ὑπὸ
588 1002 636 1029 τοῦ
650 1003 726 1035 ἁγίου
742 1002 856 1029 ἀποστό-

74 1051 122 1077 λου
141 1051 255 1084 Μάρκου
272 1048 470 1084 παραδοθῆναι·
490 1048 568 1083 μόνος
588 1048 615 1074 δὲ
629 1049 643 1074 ὁ
657 1046 695 1082 λβ¹
709 1047 796 1073 κανὼν
806 1049 856 1082 τῆς

72 1097 104 1122 ὲν
120 1095 159 1129 τῷ
180 1094 309 1129 Τρούῖλῳ
333 1094 379 1120 τοῦ
407 1093 527 1128 μεγάλου
555 1092 687 1119 παλατίου
719 1092 855 1127 συστάσης

71 1140 155 1172 ἁγίας
172 1141 220 1166 καὶ
247 1140 439 1174 οίκουμενικῆς
469 1139 589 1170 συνόδου,
610 1138 694 1173 φησὶν
730 1139 782 1165 ὑπὸ
808 1139 855 1165 τοῦ

72 1186 155 1221 ἁγίου
170 1185 298 1212 Ἰακώϐου
313 1186 360 1212 τοῦ
374 1185 536 1219 ἁδελφοθέου
552 1184 685 1220 μυστικὴν
701 1185 855 1220 ἱερουργίαν

73 1231 248 1265 συντεθῆναι.
258 1229 287 1257 '0
301 1231 390 1265 μέντοι
402 1230 444 1256 πε¹
456 1229 546 1257 κανὼν
556 1231 611 1257 τῶν
625 1231 710 1265 ἁγίων
728 1232 775 1258 καὶ
787 1240 857 1258 παν-

73 1277 211 1311 ευφήμων
230 1276 397 1307 ἀποστόλων,
413 1275 461 1302 καὶ
486 1276 500 1302 ὸ
514 1275 552 1302 νθ¹
568 1275 658 1303 κανὼν
679 1277 727 1311 τῆς
744 1278 773 1304 ὲν
785 1278 856 1304 Λαο-

71 1321 162 1357 δικείᾳ
177 1321 297 1353 συνόδου,
310 1321 547 1356 ἁπαριθμούμενοι
570 1321 605 1347 τὰ
629 1322 770 1355 ὀφείλοντα
792 1323 855 1358 παρ’

73 1365 143 1400 ἡμῖν
166 1364 357 1392 πολιτεύεσθαι
396 1364 486 1400 βιϐλία
505 1366 555 1399 τῆς
579 1366 701 1397 Παλαιᾶς
719 1367 857 1402 Διαθήκης

73 1410 124 1437 καὶ
155 1409 205 1444 τῆς
229 1410 345 1444 Καινῆς,
377 1411 424 1436 καὶ
456 1409 527 1437 αὐτὰ
552 1410 584 1446 δὴ
614 1410 647 1437 τὰ
680 1411 856 1444 ἁποστολικὰ,

77 1456 240 1491 ἱερουργίας
251 1455 297 1482 τοῦ
313 1455 390 1489 ἁγίου
409 1454 536 1482 Ἰακώϐου
552 1455 568 1490 ἢ
583 1455 630 1482 τοῦ
654 1455 732 1490 ἁγίου
743 1456 857 1491 Μάρκου

905 227 1062 262 Februario,
1090 230 1246 258 indietionis
1276 231 1316 264 i5,
1344 233 1407 258 anni
1427 236 1487 266 post
1516 231 1681 258 incarnatio-

904 282 965 301 nem
993 275 1112 309 Domini,
1138 281 1165 304 et
1195 276 1250 309 Dei,
1268 281 1295 303 ct
1323 277 1476 304 Servatoris
1504 276 1590 304 nostri
1619 274 1681 305 Jesu

904 321 1015 354 Christi,
1031 321 1109 348 1205.

941 411 1024 438 Inter.
1038 412 1062 438 Ι.
1077 411 1141 445 ουκ
1153 412 1181 439 in
1197 412 1318 447 partibus
1330 413 1501 440 Alexandria!
1512 417 1538 440 et
1555 413 1681 441 Hieroso-

905 457 1045 492 lymogum.
1057 457 1181 492 leguntur
1195 457 1320 492 liturgiae,
1337 461 1364 485 et
1379 459 1540 492 conscriptae
1555 459 1682 486 dicuntur

906 502 990 530 fuisse
1014 509 1029 529 a
1049 503 1152 538 sanctis
1175 503 1319 538 apostolis,
1338 503 1439 531 Jacobo
1457 503 1541 531 fratre
1567 505 1682 536 Domini,

905 552 932 574 et
952 547 1053 580 Marco,
1072 549 1234 582 recipienda
1249 553 1315 577 sunt
1340 556 1355 577 a
1378 557 1473 578 sancta
1498 555 1525 577 et
1550 551 1684 579 catholica

906 591 1037 623 Ecclesia,
1054 600 1139 620 necne
1152 593 1164 619 7

940 636 1001 664 Res.
1024 637 1136 672 Magnus
1157 638 1299 673 apostolus
1318 637 1430 671 Paulus,
1456 643 1612 666 sanctarum
1638 641 1684 668 Del

906 679 1089 708 Eeclesiarum
1105 686 1199 708 orator
1212 688 1238 709 et
1260 682 1368 717 doctor,
1389 683 1421 710 ad
1444 683 1602 712 Corinthios
1618 686 1688 713 scri-

905 725 983 758 bens,
1010 726 1049 752 ait
1067 734 1074 752 :
1091 725 1212 759 Fratres,
1236 726 1351 756 obsecro
1379 735 1427 755 vos
1449 735 1499 763 per
1518 738 1617 758 nomen
1635 731 1688 759 Do-

905 770 971 796 mini
987 770 1072 797 nostri
1092 769 1156 798 Jesu
1180 770 1297 804 Christi,
1322 775 1351 799 ut
1378 773 1445 800 idem
1461 775 1559 803 dicatis
1580 783 1686 809 omnes,

907 823 956 842 nec
980 817 1035 843 sint
1063 816 1089 842 in
1115 816 1191 845 vobis
1215 817 1328 845 dissidia
1350 818 1432 847 :silis
1462 826 1551 848 autem
1575 829 1687 856 compo-

907 861 951 888 siti
970 862 977 881 i
996 861 1090 888 eadem
1108 867 1208 896 mente,
1233 862 1381 898 eademque
1398 864 1545 893 voluntate.
1566 866 1688 895 Dicimus

907 907 995 942 igitur,
1024 915 1075 935 nos
1103 916 1192 943 neque
1219 915 1235 936 a
1258 916 1337 937 sacra
1371 909 1527 946 Scriptura,
1559 919 1647 947 neque
1671 920 1687 940 a

905 961 1010 982 canone
1039 955 1168 989 synodice
1198 957 1282 989 edito,
1309 957 1421 986 edoctos
1461 958 1546 986 fuisse
1578 966 1687 987 sacrum

906 997 1087 1025 ministerium
1104 998 1111 1023 i
1133 1007 1148 1026 a
1168 999 1196 1026 S.
1213 1001 1337 1034 apostolo
1357 999 1449 1028 Marco
1471 1001 1613 1028 traditum.
1637 1001 1687 1028 So—

905 1045 948 1071 lus
963 1043 1035 1070 enim
1051 1043 1085 1070 52
1106 1051 1193 1072 canon
1219 1049 1320 1072 sanctae
1341 1049 1368 1073 et
1394 1046 1569 1074 (καυτηεηίοω
1592 1047 1688 1082 synodi

906 1094 1006 1116 coactae
1021 1089 1047 1116 in
1063 1088 1157 1117 Trullo
1170 1091 1260 1126 magni
1272 1092 1377 1126 palatii,
1397 1092 1435 1118 ait
1449 1100 1463 1118 a
1478 1092 1507 1120 S.
1518 1091 1622 1120 Jacobo
1639 1092 1689 1120 Dei

906 1134 991 1163 fratre
1014 1137 1157 1171 mysticum
1187 1138 1351 1165 sacriﬁcium
1378 1138 1464 1167 fuisse
1495 1139 1687 1174 compositura.

904 1179 1030 1208 Attamen
1048 1181 1083 1209 85
1101 1189 1188 1210 canon
1212 1188 1370 1211 sanctorum
1387 1189 1414 1211 et
1435 1184 1508 1211 omni
1525 1185 1602 1212 laude
1620 1185 1691 1212 cele—

905 1225 996 1253 brium
1030 1227 1235 1262 Apostolorum,
1273 1233 1299 1257 et
1342 1228 1378 1257 59
1407 1237 1495 1257 canon
1530 1229 1691 1258 Laodicenaa

907 1271 1014 1307 synodi,
1030 1278 1221 1301 enumerantes
1241 1273 1347 1302 Veteris
1367 1273 1535 1301 Testamenti
1564 1280 1590 1302 et
1610 1274 1690 1309 Novi,

907 1316 1036 1352 ipsosque
1049 1319 1215 1353 apostolicos
1242 1319 1338 1352 libros,
1357 1320 1403 1355 qui
1425 1320 1452 1347 in
1468 1327 1517 1348 usu
1535 1321 1615 1348 nobis
1629 1328 1692 1348 esse

908 1363 1018 1396 debent,
1035 1364 1136 1391 nullam
1152 1364 1278 1392 sacriﬁcii
1294 1365 1307 1385 ι
1328 1366 1415 1393 sancti
1431 1365 1524 1392 Jacobi
1539 1367 1582 1393 vel
1601 1367 1690 1393 sancti

907 1409 991 1436 Marci
1015 1410 1180 1437 mentionem
1209 1409 1323 1437 faciunt.
1339 1410 1432 1445 Neque
1457 1411 1539 1438 etiam
1556 1411 1690 1439 catholica

910 1454 1076 1482 sanctissimi
1095 1459 1122 1482 et
1146 1456 1308 1483 cecumenici
1325 1455 1416 1484 throni
1438 1455 1690 1491 Constantinopolis

76 1501 174 1536 μνείαν
191 1500 258 1531 ὅλως
281 1500 311 1527 οὑ
336 1499 487 1527 ποιοῦνται.
510 1500 589 1528 Ἀλλὰ
616 1501 663 1528 καὶ
683 1501 700 1537 ή
729 1501 855 1537 καθολικῆ

910 1500 1032 1528 Ecclesia
1048 1500 1103 1527 ullo
1117 1501 1196 1528 modo
1214 1509 1259 1529 eas
1276 1502 1401 1536 liturgias
1418 1502 1551 1537 agnoscit.
1567 1502 1693 1530 Pronun-

80 1546 236 1581 Ἐκκλησία
254 1545 300 1572 τοῦ
317 1546 471 1580 ἁγιωτάτου
487 1547 534 1572 καὶ
551 1546 741 1582 οἱκουμενικοῠ
766 1547 859 1582 θρόνου

74 1593 128 1626 τῆς
144 1592 457 1623 Κωνσταντινουπόλεως
475 1592 529 1619 οὐδ’
555 1593 623 1624 ὅλως
648 1592 750 1625 ταύτας
771 1594 861 1629 ὲπιγι-

74 1637 188 1664 νώσκει.
204 1637 385 1672 Ψηφιξόμεθα
398 1635 443 1664 οὖν
453 1638 490 1673 μὴ
503 1636 572 1664 εῖναι
583 1638 680 1671 δεκτὰς
692 1639 786 1670 αὐτάς.
802 1639 862 1666 Κᾶν

75 1684 132 1718 γὰρ
146 1682 279 1717 ἐγένοντο,
293 1683 440 1714 παντελοῦς
451 1681 588 1719 ἀπραξίας
600 1683 859 1720 κατεψηφίσθησαν,

75 1729 115 1760 ὼς
137 1729 187 1755 καὶ
210 1728 276 1754 ἄλλα
297 1728 392 1756 πολλά,
413 1729 465 1754 Καὶ
492 1729 570 1764 δῆλον
581 1730 655 1756 ἐστιν
682 1730 736 1757 ἀπὸ
750 1730 797 1757 τοῦ
820 1729 861 1758 πε¹

77 1774 192 1805 κανόνος
202 1774 254 1800 τῶν
263 1775 348 1808 ἁγίων
366 1774 414 1801 καὶ
433 1775 618 1810 πανευιρήμων
634 1776 799 1810 ἀποστόλων,
816 1778 861 1804 καὶ

77 1820 126 1847 τοῦ
148 1819 170 1855 β’
202 1820 313 1851 κανόνος
335 1821 383 1855 τῆς
408 1821 437 1847 ὲν
456 1820 495 1856 τῷ
513 1821 638 1856 Τρούλλῳ
666 1821 713 1848 τοῦ
743 1823 860 1857 μεγάλου

79 1866 214 1893 παλατίου
230 1867 365 1901 συστάσης
375 1866 456 1900 ἁγίας
469 1867 516 1893 καὶ
530 1867 723 1902 οίκουμενικῆς
740 1869 860 1897 συνόδου.

84 1912 115 1937 '0
134 1912 185 1946 μὲν
198 1911 286 1945 γὰρ,6
311 1911 488 1944 ἀποστολικδς
511 1912 621 1947 δηλαδὴ,
640 1912 787 1947 διορίζεται
812 1914 862 1946 τὰς

78 1956 126 1983 τοῦ
140 1957 297 1991 Κλήμεντος
309 1957 355 1983 δύο
371 1957 525 1989 ἐπιστολὰς,
541 1958 589 1984 ιιιαῖ¹
601 1958 650 1990 τὰς
669 1958 799 1992 διαταγὰς
808 1959 862 1987 τῶν

78 2001 152 2028 ὀκτὼ
162 2001 272 2036 βιϐλίων
286 2001 368 2028 αὐτοῦ
387 2002 624 2035 ἀναγινώσκεσθαι
649 2003 708 2037 μὲν,
728 2004 765 2039 μὴ
779 2004 863 2039 δημο-

80 2048 222 2075 σιεύεσθαι
238 2048 278 2081 δὲ,
299 2048 341 2075 διὰ
351 2048 385 2075 τὰ
397 2049 425 2075 ὲν
437 2049 532 2080 αὑταῖς
546 2050 667 2084 μυστικά
678 2058 685 2066 ·
702 2051 716 2077 ό
736 2050 764 2077 δὲ
791 2051 862 2078 θέλει

910 1547 1012 1574 tiamus
1026 1546 1120 1580 igitur,
1136 1554 1190 1574 non
1202 1554 1263 1575 esse
1279 1547 1328 1575 has
1343 1548 1521 1583 recipiendas.
1536 1547 1567 1575 Et
1585 1548 1608 1577 si
1618 1548 1691 1578 enim

910 1593 945 1621 ab
960 1593 994 1620 iis
1021 1593 1100 1620 facta:
1114 1593 1178 1625 sint,
1205 1593 1239 1621 ab
1265 1594 1340 1621 omni
1364 1602 1414 1622 usu
1437 1601 1535 1622 vacare
1548 1594 1688 1631 iubentur,

911 1644 940 1666 ut
950 1643 977 1666 et
993 1639 1046 1667 alia
1063 1638 1158 1665 multa.
1182 1637 1265 1673 quue
1287 1639 1461 1667 manifestum
1483 1644 1524 1668 est
1544 1649 1576 1668 ex
1598 1641 1633 1669 85
1646 1649 1692 1669 ca-

911 1693 983 1713 none
998 1689 1155 1713 sanctorum
1172 1690 1198 1713 et
1218 1685 1423 1713 benedictorum
1447 1687 1652 1720 apostolorum,‘
1664 1692 1692 1714 et

909 1730 928 1757 2
951 1737 1055 1757 canone
1073 1733 1174 1757 sancta
1201 1733 1228 1756 et
1252 1729 1428 1757 oecumenica:
1443 1729 1538 1764 synodi
1554 1729 1581 1757 in
1598 1729 1691 1758 Trullo

910 1776 1001 1810 magni
1035 1775 1128 1810 palatii
1160 1779 1260 1802 coacta
1293 1783 1301 1802 :
1331 1774 1399 1801 alter
1417 1774 1501 1807 enim,
1525 1775 1693 1810 apostolicus

910 1821 1059 1853 videlicet,
1090 1821 1185 1848 delinit
1224 1821 1291 1847 duas
1316 1819 1464 1847 Clementis
1489 1820 1639 1854 epistolas.
1665 1826 1692 1848 et

912 1865 1129 1901 dispositionesl
1155 1872 1216 1893 octo
1240 1865 1370 1893 librorum
1397 1866 1467 1900 ejus,
1492 1866 1543 1901 legi
1571 1866 1692 1901 quidem,

911 1919 1006 1939 verum
1035 1918 1088 1938 non
1114 1911 1246 1946 evulgari,
1263 1911 1298 1938 ob
1323 1918 1422 1938 arcana
1441 1918 1502 1946 quae
1523 1911 1551 1939 iu
1572 1911 1606 1939 iis
1629 1915 1694 1939 sunt

912 1956 1051 1984 recondita
1066 1965 1072 1984 :
1090 1956 1159 1984 alter
1184 1961 1274 1982 autem
1290 1956 1347 1983 vult
1371 1963 1419 1983 eas
1442 1964 1529 1991 neque
1543 1956 1605 1992 legi,
1627 1964 1694 1991 pro-

912 2007 1003 2039 pterea
1020 2003 1093 2038 quod
1116 2002 1150 2030 iis
1167 2002 1258 2037 spuria
1280 2001 1402 2037 quaedam
1426 2002 1510 2029 multa
1526 2006 1553 2030 et
1567 2009 1581 2029 ι
1594 2002 1694 2037 pietate

913 2049 1002 2076 aliena
1017 2048 1176 2083 interposita
1201 2048 1256 2075 sint
1281 2047 1315 2075 ab
1337 2047 1482 2075 hareticis.
1510 2047 1692 2081 Quamobrem

79 2092 183 2122 ταύτας
203 2092 270 2127 μηδὲ
287 2092 531 2127 ἀναγινώσκεσθαι,
553 2093 597 2121 διὰ
616 2093 646 2120 τὸ
665 2095 851 2130 παρεντεθῆνα

913 2102 1008 2123 omnes
1034 2093 1165 2122 ECclesiaa
1189 2093 1234 2121 Dei
1263 2095 1339 2128 sequi
1357 2093 1459 2121 debent
1488 2101 1590 2121 morem
1615 2101 1693 2121 novat

80 2137 179 2167 αὐταῖς
194 2137 269 2171 παρὰ
289 2137 449 2172 ἑτεροδόξων
470 2137 554 2165 πολλά
575 2146 636 2165 τινα
654 2139 731 2173 νόθα,
745 2141 791 2167 καὶ
813 2140 855 2176 τῆς

914 2140 1017 2173 Romae,
1043 2138 1171 2167 nimirum
1199 2137 1458 2173 Constantinopolis,
1473 2144 1499 2166 et
1525 2146 1602 2166 sacra
1619 2139 1692 2167 cele-

83 2182 228 2214 εὐσεϐείας
236 2169 376 2218 ’ἀλλότρι-ια.
388 2183 438 2210 Διά
448 2191 489 2210 τοι
496 2183 575 2210 τοῦτο
581 2185 627 2211 καὶ
634 2169 769 2219 ὀφείλουσι
776 2186 813 2212 πᾶ
818 2169 855 2212 σὲιᾷ

915 2187 995 2215 brare
1019 2186 1094 2222 juxta
1123 2185 1283 2213 traditiones
1311 2192 1470 2219 magnorum
1495 2185 1636 2212 doctorum
1664 2188 1692 2212 et

81 2229 110 2255 αί
141 2228 291 2263 Εκκλησίαι
303 2228 349 2255 τοῦ
364 2228 430 2256 Θεοῦ
448 2229 602 2256 ἀκολουθεῖν
615 2229 653 2264 τῷ
667 2230 722 2257 ἔθει
736 2231 785 2266 τῆς
799 2232 855 2264 νέας

915 2234 1090 2261 luminarium
1117 2233 1237 2270 pietatis,
1262 2231 1349 2259 sancti
1372 2231 1483 2259 Joannis
1505 2230 1692 2267 Chrysoslomi

87 2273 210 2308 Ῥώμης,
224 2273 282 2309 ἦτοι
294 2273 343 2308 τῆς
356 2274 682 2306 Κωνσταντινουπόλεως·
700 2275 746 2302 καὶ
759 2277 855 2312 ίερουρ·

914 2284 942 2308 et
967 2280 1056 2307 sancti
1071 2279 1174 2307 Basilii.
1189 2278 1235 2304 Ait
1251 2278 1323 2305 enim
1337 2276 1379 2304 ’Μ
1407 2282 1498 2312 caput,
1516 2285 1524 2305 l
1544 2277 1585 2305 tit.
1602 2277 1619 2303 2
1642 2277 1690 2304 lib.

80 2321 141 2353 γεῖν
156 2319 227 2346 κατὰ
242 2320 291 2350 τὰς
303 2319 465 2354 παραδόσεις
481 2319 535 2346 τῶν
552 2320 678 2354 μεγάλων
694 2321 855 2348 διδασκάλω

915 2324 1070 2351 Basilicon:
1088 2322 1126 2349 De
1149 2322 1248 2357 quibus
1266 2322 1366 2356 scripta
1383 2322 1424 2349 lex
1438 2329 1493 2349 non
1507 2327 1557 2354 est,
1578 2329 1692 2355 morem,

81 2367 130 2392 καὶ
142 2366 295 2400 φωστήρων
328 2366 378 2400 τῆς
407 2365 558 2398 εὐσεϐείας,
572 2365 617 2392 τοῦ
634 2366 712 2400 ἁγίου
738 2367 855 2395 Ἰωάννοι

915 2378 972 2405 quo
986 2369 1070 2396 Roma
1085 2369 1182 2400 utitur,
1196 2368 1296 2395 servari
1314 2372 1431 2402 oportet.

81 2412 129 2439 τοῦ
146 2411 341 2447 Χρυσοστόμου
353 2412 399 2438 καὶ
412 2411 457 2438 τοῦ
482 2411 559 2445 ἁγίου
573 2411 722 2438 Βασιλείου.
738 2413 806 2447 Φησὶ
820 2414 874 2451 γὰρ
889 2415 918 2442 τὺ
938 2418 981 2450 μα’
996 2414 1142 2448 κεφάλαιον
1156 2412 1202 2439 τοῦ
1227 2415 1251 2438 α’
1265 2413 1355 2439 τίτλου
1390 2412 1437 2438 τοῦ
1466 2412 1488 2447 β’
1510 2412 1611 2448 βιϐλίου
1636 2413 1692 2440 τῶν

82 2458 246 2486 Βασιλικῶν·
276 2459 345 2493 Περὶ
374 2455 411 2485 ὧν
442 2458 578 2494 ἔγγραφος
602 2459 632 2486 οὐ
651 2460 740 2486 κεῖται
769 2459 860 2495 νόμος,
876 2461 1098 2498 παραφυλάττειν
1111 2460 1151 2486 δεῖ
1160 2459 1189 2486 τδ
1200 2459 1271 2491 ἔθος,
1282 2455 1332 2494 ᾦή
1347 2458 1440 2493 Ῥώμη
1457 2459 1596 2494 κέχρηται.

124 2503 284 2539 Ἐρώτησις
302 2503 343 2536 β’.
368 2504 462 2531 Βιϐλία
485 2503 601 2539 διάφορα
630 2503 803 2539 εὑρίσκονται
820 2504 855 2535 είς

956 2505 1041 2532 Inter.
1066 2504 1095 2531 2.
1117 2502 1192 2530 Varii
1220 2504 1394 2537 reperiuntur
1426 2503 1499 2534 libri,
1523 2503 1550 2530 in
1574 2504 1690 2532 orienta-

82 2550 133 2582 τὰς
157 2549 321 2581 ἁνατολικὰς
346 2550 394 2577 καὶ
420 2550 524 2581 νοτίους
551 2549 660 2585 χώρας·
687 2550 789 2577 καὶτὰ
815 2550 855 2586 μὲι

918 2551 991 2578 libus
1006 2555 1033 2577 et
1050 2549 1276 2576 meridionalibus
1288 2548 1447 2584 regionibus
1466 2557 1473 2575 :
1491 2552 1518 2575 et
1537 2549 1581 2575 alii
1603 2551 1693 2577 nomi-

84 2595 264 2629 ὀνομάζονται
280 2595 452 2622 Διδασκαλίαι
471 2595 526 2622 τῶν
541 2596 626 2629 ἁγίων
650 2595 816 2628 ἀποστόλων,
830 2595 855 2622 τε

917 2601 1020 2623 nantur
1045 2596 1181 2630 Prmcepta
1207 2598 1366 2622 sanctorum
1392 2594 1576 2629 apostolorum
1606 2602 1613 2621 :
1636 2595 1692 2628 alii,

84 2641 123 2672 δὲ,
143 2641 267 2675 Ὀράσεις
282 2641 329 2668 τοῦ
344 2641 422 2675 ἁγίου
438 2634 554 2668 Παύλου.
572 2641 680 2676 Ἐρωτῶ
694 2641 740 2668 οὖν
755 2641 855 2676 είόφείι

919 2641 1047 2669 Visiones
1067 2641 1155 2669 sancti
1172 2640 1261 2668 Pauli.
1284 2639 1383 2674 Quaero
1398 2647 1433 2668 an
1450 2639 1477 2668 hi
1495 2639 1574 2668 nobis
1590 2640 1694 2675 legendi

85 2686 167 2721 λομεν
184 2686 379 2720 ἀναγινώσκειν
393 2686 463 2714 αὐτά
475 2695 483 2717 ς
916 2686 994 2713 sint?

715 2764 832 2792 VARIE
859 2764 1062 2793 LECTIONES.

124 2803 327 2846 icouqlulinati.
368 2811 374 2838 i
399 2820 501 2840 sacram
524 2811 718 2839 mremoniam.
758 2811 1042 2840 isacmcwrimoniw.
1079 2810 1291 2846 lnrwceptionu.
