1894 3072
215 125 268 158 959

867 124 917 153 ΤΗ
925 123 1001 154 ΕΟΠ

1064 125 1272 157 \LSAMONIS
1792 127 1836 158 900

219 191 390 217 contractum
407 185 533 220 inivcrat,
551 186 609 214 sine
626 183 822 220 impedimento
838 185 1001 218 sacrabitur,

1064 185 1086 212 ιδ
1106 185 1271 220 τελευτῆσαν
1292 183 1496 220 ἐμνηστεύσατο
1508 183 1636 218 γύναιονς
1656 183 1834 218 ἀπαρεμποδι-

218 238 248 261 ut
263 233 308 269 qui
326 233 450 267 bigatnus
462 240 514 259 non
533 236 686 259 censeatur.

253 278 337 307 Inter.
353 279 379 307 8.
395 278 422 305 Si
450 278 578 305 sacerdos
604 281 701 304 tonsus
729 276 820 307 fuerit,
844 281 1005 303 concessum

216 325 268 351 erit
282 325 305 351 ei
322 329 381 358 post
399 328 540 350 tonsuram
558 321 724 354 sacriﬁcare,
740 322 846 348 annon?

254 369 311 397 Res.
330 370 398 395 Cum
411 369 548 396 secundus
566 375 653 394 canon
669 373 770 394 sancta:
786 372 812 394 et
829 367 1006 395 mcumenicat

217 417 312 452 synodi
329 420 432 442 coactae
452 417 478 441 in
499 414 675 441 sanctissimo
697 413 794 440 throno
808 412 1004 440 Constantino-

218 464 286 496 polis
316 462 374 488 haec
399 461 559 487 nontinatim
587 460 746 494 pronuntiet
771 467 778 488 :
811 458 922 486 Etiamsi
950 458 1004 485 huc

218 516 304 542 usque
322 506 445 533 nonnulli
461 505 608 537 antistites,
624 505 670 539 qui
690 505 722 530 ad
739 504 935 531 monachorum
956 503 1005 530 Ita-

218 555 306 581 liituut
331 551 544 582 descenderant,
563 555 592 577 ιιι
607 552 633 578 itt
651 550 799 585 episcopali
819 550 927 584 fastigio
946 557 1005 576 ina-

218 604 322 627 ηθιθιιι,
351 599 403 626 νὶιιι
428 598 611 624 adhibuerunt
637 605 644 623 :
667 601 694 623 et
716 604 778 623 cum
802 596 853 622 hoc
870 596 1002 628 facerent,

217 645 332 679 neglecti
347 647 410 670 sunt
429 651 436 669 :
451 648 542 669 sancta
557 647 646 668 tamen
669 646 693 668 et
716 641 875 668 universalis
892 641 947 668 haec
959 647 1004 674 sy-

218 691 317 719 nodus.
338 690 407 715 hanc
425 687 617 723 negligentiam
635 694 744 721 qucque
758 687 909 720 corrigens.
926 689 952 712 et
969 685 1003 712 ad

217 736 287 762 ritus
304 735 505 762 ecclesiasticos
525 733 595 760 hanc
615 732 798 759 inordinatam
814 732 946 759 actionem
962 738 1003 758 re-

215 782 322 813 digens,
353 781 449 807 statuit
475 784 504 807 ut
527 780 549 807 si
574 780 636 814 quis
660 779 816 814 episcopus,
839 779 880 806 vel
902 778 1002 813 aliquis

215 827 286 852 alius
319 833 352 852 ex
382 824 529 859 pontiﬁcali
550 824 690 858 dignitate,
716 823 833 850 voluerit
861 823 895 850 ad
918 823 1000 849 vitam

1059 238 1130 262 στως
1146 230 1336 265 ίερωθήσεται,
1351 230 1388 260 ὡς
1405 229 1443 264 μὴ
1459 228 1633 263 λογιζόμενος
1648 229 1776 263 δίγαμος.

1098 276 1255 309 Ἐρώτησις
1266 279 1303 309 η’.
1327 276 1429 311 ’ῐερεὺς
1445 275 1492 301 ἐὰν
1514 275 1655 310 ἀποκαρῇ,
1674 275 1836 310 ἔκχωρηθείη

1024 340 1028 343 -
1059 321 1211 356 ἱερουργεῖν
1228 321 1296 355 μετὰ
1311 322 1361 356 τὴν
1375 322 1540 356 ἁπὸκαρσιν,
1557 321 1573 356 ἢ
1587 320 1638 354 ol't;

1097 367 1158 393 Ἀπ.
1181 367 1235 393 Τοῦ
1252 366 1273 402 β’
1295 367 1407 398 κανόνος
1419 367 1468 401 τῆς
1486 367 1515 393 ὲν
1541 366 1580 401 τῷ
1595 366 1745 402 ἁγιωτάτῳ
1762 366 1837 401 θρόνῳ

1054 413 1103 448 τῆς
1117 413 1432 444 Κωνσταντινουπόλεως
1449 412 1584 446 συστάσης
1599 412 1682 444 ἁγίας
1698 413 1746 438 καὶ
1761 414 1836 438 οἰκου-

1056 458 1171 493 μενικῆς
1185 459 1295 485 συνόδου
1308 457 1395 484 ταῦτα
1405 458 1477 484 κατὰ
1491 458 1566 492 ῥῆμα
1580 457 1742 489 διεξιόντος·
1759 458 1787 483 ΕΞ
1799 459 1836 484 xa‘t

1056 502 1137 537 μέχρι
1150 501 1197 528 τοῦ
1218 503 1266 528 νῦν
1286 503 1351 529 ἔνιοι
1367 503 1421 529 τῶν
1437 503 1601 538 ἀρχιερέων,
1617 503 1659 533 είς
1674 501 1707 528 τὸ
1724 503 1778 528 τῶν
1791 511 1836 536 μο-

1054 548 1144 582 ναχῶν
1168 548 1309 580 κατιόντες
1330 549 1434 584 σχῆμα,
1461 550 1490 575 ὲν
1508 548 1547 584 τῷ
1562 549 1609 583 τῆς
1637 550 1836 584 ἀρχιερωσύνης

1054 594 1191 626 ἐϐιάζοντο
1210 594 1348 629 διαμένειν
1371 594 1444 629 ὕψει,
1455 614 1462 621 .
1474 613 1484 622 .
1495 613 1503 622 .
1514 614 1522 622 .
1532 613 1539 621 .
1552 615 1559 622 .
1571 615 1577 621 .
1592 595 1653 621 ἀλλ’
1672 595 1722 622 οὖν
1743 598 1759 630 ἡ
1782 597 1837 630 ἁγία

1054 639 1102 666 καὶ
1117 640 1294 675 οἰκουμενικὴ
1307 641 1415 672 σύνοδος
1431 639 1512 677 αὕτη,
1525 642 1571 668 καὶ
1584 641 1665 668 τοῦτο
1675 642 1837 677 ῥυθμίζουσι

1053 685 1083 712 τὺ
1107 686 1266 721 παρόραμα,
1290 686 1338 713 καὶ
1361 687 1431 722 πρὸς
1450 687 1512 727 τορς
1539 687 1788 722 ἐκκλησιαστικοὺς
1801 689 1835 715 θε-

1054 731 1141 766 σμοὺς
1156 731 1205 767 τὴν
1223 732 1341 759 ἄτακτον
1353 733 1457 765 ταύτην
1473 733 1648 766 ἑπανάγουσα
1660 735 1772 768 πρᾶξιν,
1780 734 1838 769 ὦρι-

1054 785 1099 804 σεν
1112 777 1155 804 ῐνα
1166 778 1193 804 ετ
1204 786 1244 809 τις
1261 779 1411 810 ἐπίσκοπος
1426 779 1442 814 ἧ
1454 787 1496 811 τις
1507 779 1586 810 ἄλλος
1595 779 1643 805 τοῦ
1652 780 1839 815 ἀρχιερατικοῦ

1053 822 1209 858 ἀξιώματος
1233 823 1302 859 πρὸς
1323 824 1370 850 τὸν
1388 825 1534 859 μοναχικδν
1555 824 1681 859 θελήσειε
1708 826 1839 852 κατελθεῖν

217 873 395 898 monasticam
415 869 593 903 descendere,
609 871 649 897 vel
665 870 832 904 ptcnilcutiaa
852 869 940 896 locum
953 869 1001 895 iut-

1064 856 1181 902 Βίονίκαὶ
1192 870 1237 896 τὸν
1249 856 1298 905 τῆς
1312 856 1553 905 μετανοίας-τόπον
1566 856 1781 906 ἀναπληρῶσαι,
1797 881 1840 907 μη-

217 918 300 950 ptcre,
330 923 363 942 ne
390 916 507 950 amplius
532 915 661 941 antistitis
688 915 848 949 dignitatem
881 917 1002 948 usurpet.

216 963 412 989 Muttachorutn
443 961 513 988 enim
541 960 740 995 professiones,
768 959 948 995 subiectionis
978 963 1004 986 et

216 1008 339 1035 d:scendi
360 1007 518 1041 cupiditatis
543 1007 674 1033 rationein
700 1006 812 1037 habent,
838 1013 891 1032 tton
911 1009 1003 1032 autem

216 1055 348 1081 doctrinae
366 1053 405 1079 vel
425 1053 557 1086 primatus
579 1061 585 1078 :
610 1059 659 1078 nec
674 1052 744 1078 alios
763 1059 886 1087 pascere,
911 1051 958 1078 sed
974 1057 1003 1077 se

216 1100 290 1134 pasci
308 1099 480 1133 prolitcntur.
509 1097 542 1124 Et
560 1098 630 1129 ideo,
655 1097 885 1131 quemadmodunt
905 1097 1004 1132 praedi-

216 1151 290 1171 ctum
318 1149 371 1176 est,
401 1144 574 1170 decernimus
607 1147 635 1168 ut
662 1150 740 1169 nemo
764 1150 869 1175 eorum,
901 1142 947 1176 qui
975 1142 1002 1168 in

216 1190 397 1224 episcopalem
424 1193 618 1224 pastorumque
647 1189 799 1222 catalogum
821 1189 924 1215 relatus
950 1193 1002 1220 est,

216 1235 249 1262 ad
266 1243 372 1266 eorum,
385 1234 431 1268 qui
446 1238 595 1268 pascuntur
609 1238 635 1260 et
652 1239 734 1268 agunt
748 1234 949 1269 pmnitentiam,
961 1234 1002 1261 lo-

216 1288 277 1307 cum
293 1288 322 1307 se
345 1280 479 1306 demittat.
499 1279 526 1306 Si
549 1279 611 1314 quis
626 1285 715 1306 autent
740 1281 791 1307 hoc
809 1280 898 1307 facere
920 1287 1003 1308 ausus

216 1327 310 1358 fuerit,
326 1330 386 1361 [mal
401 1326 636 1353 denuntiationem
654 1330 681 1352 et
695 1326 905 1353 declarationem
923 1325 1003 1360 hujus

215 1375 294 1400 edita:
309 1374 461 1402 St'lllelllltﬁ.
479 1374 535 1406 ipse
550 1374 596 1407 qui
613 1373 733 1407 seipsum
751 1372 899 1406 episcopali
917 1372 1003 1407 gradu

217 1422 342 1454 privam,
360 1427 412 1445 non
431 1419 549 1452 amplius
564 1419 598 1445 ad
613 1418 744 1453 priorem,
757 1426 838 1452 quatit
854 1417 934 1445 factis
957 1418 1002 1445 de-

220 1466 336 1499 SlilC'dl-lli
357 1465 452 1491 habuit
467 1465 625 1499 dignitatem
645 1469 803 1491 revertetur.
815 1464 1003 1499 Comprehen-

216 1512 292 1537 ditur
315 1517 404 1537 atttem
428 1515 454 1537 et
478 1515 539 1537 ante
560 1510 641 1543 hujus
668 1509 922 1544 promulgationem,
947 1518 1002 1537 non

216 1558 304 1583 solum
321 1565 379 1584 eos.
393 1557 439 1591 qui
456 1557 535 1582 altari
554 1547 688 1588 serviunt,
715 1555 899 1584 subdiaconus
925 1556 1001 1583 vide-

217 1603 281 1629 licet
296 1602 425 1629 diaconos
441 1607 468 1628 et
489 1602 662 1634 sacerdotes;
679 1601 725 1628 sed
739 1602 911 1628 etantistites
928 1602 1003 1636 ipsos

216 1649 296 1675 etiam
319 1652 382 1683 pust
397 1654 537 1675 tonsuram
552 1648 717 1674 sacriﬁcare.
735 1647 802 1674 Cum
826 1648 908 1680 igitur
929 1647 1002 1675 anti-

217 1694 295 1720 stites
311 1702 372 1720 cum
387 1694 519 1729 gratitate
545 1694 676 1720 canonica
696 1701 710 1719 a
729 1692 882 1720 sacerdotio
898 1693 1003 1721 abalie-

217 1748 271 1766 nati
288 1741 353 1772 sint,
373 1746 514 1775 propterea
529 1740 602 1774 quod
623 1745 684 1775 post
703 1744 844 1767 tonsuram
858 1740 892 1767 ad
911 1740 1002 1767 locum

215 1785 413 1820 discip':lt)|‘utll
439 1790 465 1812 et
490 1785 681 1819 pmttitentimn
708 1785 849 1818 vetterint,
883 1786 1002 1820 indeque

215 1831 297 1858 alieni
325 1830 388 1856 l'acti
414 1830 515 1857 fuerint
543 1830 675 1864 dignitate
695 1829 820 1858 doctoria
843 1831 1001 1858 sacerdotes

214 1876 338 1909 munitio,
362 1880 389 1903 et
411 1876 457 1910 qui
481 1876 642 1909 simpliciter
664 1876 744 1902 altari
774 1876 896 1903 serviunt
918 1877 1001 1904 etiam

218 1926 279 1956 post
308 1926 449 1948 tonsuram
470 1921 539 1947 citra
561 1920 784 1954 impedimentum
814 1921 1001 1956 operabunlur

216 1974 276 2000 quae
302 1967 335 1992 ad
359 1967 479 2001 ipsorttnt
501 1966 601 2000 gradus
624 1966 770 2000 pertinent.
798 1965 866 1993 Nam
888 1970 915 1994 et
938 1970 1002 1994 ante

217 2017 358 2038 tonsuram
380 2013 491 2046 pariter,
509 2019 542 2038 ac
556 2015 617 2046 post
632 2011 753 2038 eamdem
770 2011 878 2039 fuerant
891 2017 918 2040 et
936 2015 1002 2039 sunt

215 2057 342 2091 diseipuli
360 2061 393 2083 et.
405 2056 531 2091 subjecti.

252 2101 335 2129 Inter.
351 2102 378 2129 9.
401 2102 429 2128 Si
446 2102 532 2129 laictts
559 2102 585 2129 in
605 2103 708 2130 somnis
729 2102 894 2138 imaginatus
908 2103 1000 2138 fuerit,

217 2153 338 2175 ntcretur
349 2155 381 2174 eo
397 2149 441 2175 die
455 2148 606 2175 divinarum
625 2148 871 2176 sanctiﬁcatiouum
887 2151 1000 2185 partici-

1055 916 1113 942 κέτι
1131 915 1224 943 λοιπὸν
1236 916 1285 951 τῆς
1301 916 1497 952 ἀρχιερατικῆς
1514 917 1690 952 ἀντιποιῆται
1707 919 1797 952 ἀξίας.
1811 920 1840 945 Δί

1055 961 1109 997 γὰρ
1120 962 1173 988 τῶν
1195 962 1319 997 μοναχῶν
1342 962 1475 997 συνθῆκαι
1491 963 1630 997 ὑποταγῆς
1646 963 1740 999 ἔχουσι
1758 964 1840 999 λόγον,

1055 1008 1102 1034 καὶ
1112 1008 1272 1043 μαθητείας,
1283 1008 1340 1034 ἀλλ’
1355 1009 1415 1044 οὐχὶ
1423 1008 1595 1040 διδασκαλίας
1605 1010 1653 1036 καὶ
1665 1010 1838 1045 προεδρςίας·

1054 1052 1115 1079 οὐδὲ
1127 1053 1282 1087 ποιμαίνειν
1296 1053 1402 1085 ἄλλους,
1418 1053 1485 1080 ἀλλὰ
1501 1054 1696 1089 ποιμαίνεσθαι
1712 1056 1841 1089 inanil-

1054 1098 1155 1126 λονται.
1163 1099 1219 1130 Διὸ,
1230 1099 1300 1126 καθὰ
1307 1099 1481 1135 προείρηται,
1493 1100 1658 1135 θεσπίζομεν
1672 1102 1774 1136 μηκέτι
1787 1102 1840 1128 τινὰ

1053 1144 1107 1171 τῶν
1119 1146 1148 1171 ὲν
1159 1145 1346 1181 ἀρχιερατικῷ
1357 1145 1501 1180 καταλόγῳ
1512 1146 1559 1172 καὶ
1570 1146 1710 1181 ποιμένων
1722 1147 1842 1179 ἐξεταζο-

1056 1192 1144 1226 μένων
1156 1193 1195 1223 εις
1207 1192 1256 1226 τὴν
1268 1191 1322 1218 τῶν
1338 1192 1558 1226 ποιμαινομένων
1576 1193 1623 1219 καὶ
1641 1193 1842 1226 μετανοούντων

1053 1236 1146 1272 χώραν
1153 1237 1248 1264 ἑαυτὸν
1260 1236 1465 1269 καταὸιῧάζειν.
1475 1237 1506 1263 El
1514 1237 1543 1264 δέ
1553 1246 1595 1269 τις
1608 1237 1689 1264 τοῦτο
1700 1239 1842 1273 τολμήσειε

1055 1283 1157 1318 πρᾶξαι
1167 1283 1235 1318 μετὰ
1245 1283 1292 1318 τὴν
1305 1283 1460 1317 ὲκφώνησιν
1473 1284 1520 1310 καὶ
1529 1283 1675 1318 διᾴγνωσιν
1684 1285 1735 1319 τῆς
1742 1284 1790 1310 νῦν
1800 1286 1842 1310 ὲκ-

1054 1327 1253 1363 πεφωνημένης
1264 1324 1368 1362 ψήφου,Γ
1381 1328 1461 1359 αὐτὸς
1479 1319 1575 1354 ἐαυτῖν
1586 1328 1632 1355 τοῦ
1650 1329 1843 1364 ἀρχιερατικοῦ

1053 1372 1245 1408 ἀποστερήσας
1261 1372 1377 1408 βαθμοῦ,
1395 1367 1487 1399 οὐκέτι
1503 1373 1571 1406 πρὸς
1584 1373 1614 1399 τὺ
1631 1375 1769 1410 πρότερον
1781 1376 1845 1409 ὅπερ

1054 1419 1168 1453 ὴθέτησε
1181 1418 1225 1444 διὰ
1239 1419 1292 1445 τῶν
1305 1419 1393 1453 ἔργων
1405 1419 1513 1453 ἀξίωμα
1525 1419 1741 1454 ὲπαναο-τρέψει.
1755 1421 1845 1446 Κατα-

1054 1458 1223 1499 λαμϐάνετᾶι
1234 1464 1261 1491 δὲ
1276 1465 1328 1500 πρὸ
1344 1465 1393 1499 τῆς
1405 1466 1586 1500 ὲκφωνήσεως
1599 1465 1695 1492 τούτου
1715 1466 1753 1501 μὴ
1769 1461 1845 1502 μδνον

1055 1511 1118 1541 τοὺς
1142 1510 1188 1536 τοῦ
1211 1511 1344 1545 βήματος,
1369 1511 1453 1545 ἤγουν
1478 1511 1683 1542 ὑποδιακόνους,
1705 1512 1846 1542 διακόνους

1056 1556 1104 1582 καὶ
1119 1557 1211 1591 ἱερεῖς,
1230 1555 1298 1582 ἀλλὰ
1319 1557 1366 1583 καὶ
1386 1557 1486 1588 αὐτοὺς
1501 1558 1565 1588 τοὺς
1580 1558 1723 1593 ἀρχιερεῖς
1743 1559 1847 1594 ἱερουρ-

1056 1603 1115 1636 γεῖν
1132 1602 1178 1628 καὶ
1195 1602 1266 1637 μετὰ
1280 1602 1329 1637 τὴν
1350 1602 1514 1637 ἀπόκαρσιν.
1525 1601 1594 1629 ’Τῶν
1607 1603 1674 1637 γοῦν
1694 1605 1847 1639 ἀρχιερέων

1058 1648 1116 1682 μετ’
1134 1648 1293 1682 ὲμὸριθείας
1307 1648 1452 1683 κανονικῆς
1466 1649 1498 1674 ὲκ
1510 1648 1561 1682 τῆς
1581 1649 1733 1684 ἱερωσύνης
1746 1650 1847 1682 time;-

1057 1692 1206 1727 νωθὲντων,
1223 1694 1267 1721 διὰ
1294 1695 1324 1720 τὸ
1349 1695 1418 1730 μετὰ
1445 1694 1495 1729 τὴν
1523 1695 1680 1730 ἀπόκαρσιν
1695 1696 1737 1725 εις
1766 1697 1848 1723 τόπον

1058 1741 1253 1776 μαθητιώντων
1276 1740 1324 1766 καὶ
1344 1741 1549 1774 μετανοούντων
1573 1741 1671 1773 ἐλθεῖν,
1697 1742 1847 1768 κάντεῦθεν

1055 1786 1312 1822 ἀπαλλοτριωθῆναι
1326 1786 1373 1813 τοῦ
1388 1786 1580 1814 διδασκαλικοῦ
1594 1787 1766 1822 ἀξιώματος,
1782 1789 1848 1815 πάν-

1054 1841 1109 1865 τως
1126 1833 1151 1859 οἱ
1170 1833 1252 1867 ἱερεῖς
1264 1833 1312 1859 καὶ
1327 1832 1421 1864 ἁπλῶς
1436 1833 1460 1858 οἱ
1479 1832 1525 1858 τοῦ
1541 1832 1664 1867 βήματος
1680 1833 1847 1868 ἀπαρεμπο-

1054 1869 1152 1910 δίστως
1174 1878 1222 1905 καὶ⁸
1245 1877 1314 1912 μετὰ
1336 1878 1387 1913 τὴν
1415 1877 1569 1913 ἁπόκαρσιν
1595 1877 1630 1905 τὰ
1652 1878 1709 1904 τῶν
1735 1879 1848 1914 βαθμῶν

1054 1925 1232 1960 ἑνεργήσουοι
1252 1924 1354 1952 δίκαια.
1372 1924 1426 1951 Καὶ
1441 1923 1493 1959 πρὸ
1515 1924 1563 1958 τῆς
1582 1923 1770 1960 ἀποκάρσεως
1796 1928 1848 1959 γὰρ

1054 1970 1197 2002 ὡσαύτως,
1227 1971 1276 1996 καὶ
1302 1969 1371 2006 μετὰ
1394 1969 1443 2006 τὴν
1470 1970 1623 2005 ἀπόκαρσιν
1646 1971 1774 2007 μαθηταὶ
1803 1972 1849 1999 καὶ

1055 2015 1236 2042 ὑποτακτικοὶ
1249 2013 1320 2051 ἦσαν
1335 2016 1382 2042 καὶ
1398 2015 1462 2043 εἰσί.

1095 2109 1258 2143 Ἐρώτησις
1274 2107 1308 2136 θ’.
1334 2108 1437 2140 Δαῖκδς
1465 2108 1513 2135 ἐὰν
1537 2107 1695 2144 φαντασθῇ,
1716 2109 1848 2142 ἀξιωθείη

1055 2154 1212 2191 αὐθημερὸν
1229 2155 1279 2190 τῆς
1291 2155 1346 2181 τῶν
1361 2155 1441 2181 θείων
1462 2154 1643 2189 ἁγιασμάτων
1664 2155 1816 2188 μεθέξεως,
1831 2155 1847 2189 ἢ

217 2195 366 2228 pullutiem,
381 2194 488 2220 necne?
501 2193 533 2220 Et
548 2201 581 2221 an
595 2195 735 2228 sacerdos,
752 2195 798 2229 qui
811 2195 881 2223 idem
900 2203 1000 2231 passus

1064 2199 1083 2226 ιῦ
1095 2209 1103 2234 ;
1117 2201 1164 2226 καὶ
1177 2200 1266 2235 ἱερεὺς
1277 2201 1324 2227 ἐὰν
1334 2200 1486 2235 φαντασθῇ,
1499 2200 1674 2235 ιερουργήσει
1688 2202 1753 2227 κατ’
1765 2201 1849 2235 αὐτὴν

215 2245 267 2271 est,
280 2248 356 2266 sacra
374 2239 510 2271 conﬁt-iet,
531 2240 637 2266 necne?

254 2286 314 2312 lies.
329 2286 474 2313 Antistites
490 2286 592 2320 (inquit
611 2293 690 2313 sacra
710 2285 865 2321 Scriptura)
884 2287 956 2315 dona
974 2292 1002 2316 et

216 2333 321 2360 hostias
337 2332 465 2363 olfercns,
481 2332 515 2358 ab
532 2332 688 2359 hominibus
702 2333 810 2367 accipit,
826 2338 853 2360 et
871 2335 1002 2368 quemad-

217 2378 326 2405 modum
352 2377 430 2404 uﬂ'ert
451 2377 504 2404 Deo
525 2385 573 2411 pro
596 2377 705 2411 populo,
728 2378 768 2404 sic
788 2383 814 2404 et
834 2386 882 2413 pro
898 2380 999 2414 seipso.

216 2423 282 2450 Nam
303 2428 330 2450 et
349 2431 411 2450 eum
438 2423 535 2457 premit
556 2423 674 2450 carnalis
694 2423 861 2452 inﬁrmitatis
882 2426 999 2459 pondus.

217 2468 316 2496 Verum
336 2474 364 2496 et
384 2476 432 2504 per
455 2468 546 2495 Mosen
569 2468 638 2495 dixit
653 2468 794 2500 Dominus,
817 2469 909 2497 Mundi
926 2478 1002 2498 mun-

215 2516 280 2542 dum
295 2515 404 2542 adeant.
423 2513 555 2541 Maculam
571 2518 661 2541 autettt
674 2514 778 2541 habens
791 2515 817 2541 in
831 2516 932 2547 anima,
950 2517 1001 2544 sub

217 2561 307 2588 velum
324 2568 412 2588 nteum
428 2568 481 2588 non
506 2560 684 2595 ingredietur,
700 2567 749 2587 ttcc
764 2560 796 2586 ad
811 2561 896 2588 altare
910 2569 1000 2589 ttteum

215 2607 456 2647 appropinquabit.
475 2606 551 2634 Unde
567 2610 594 2634 et
614 2611 668 2633 tres
690 2607 856 2633 sattctissimi
881 2608 1001 2642 patriar-

215 2655 273 2681 chae
289 2654 382 2681 throni
400 2653 590 2685 Alexandria,
609 2656 721 2679 sanctus
743 2651 887 2687 Dionysius
904 2653 995 2681 videli-

215 2705 258 2727 cet
275 2699 429 2727 rescribens
446 2699 478 2726 ad
501 2699 645 2726 Basilidem
659 2698 828 2733 episcopum,
843 2703 869 2726 et
885 2707 1000 2735 magnus

215 2746 393 2778 Athanasius,
406 2746 527 2781 regulam
542 2745 722 2780 praescribeus
739 2745 872 2772 monacho
889 2747 1000 2775 cuidam

217 2794 314 2820 Amnm
329 2793 533 2828 cognominato,
549 2795 577 2819 et
594 2796 705 2819 sanctus
725 2790 894 2822 Timotheus,
911 2793 944 2821 de
970 2802 999 2822 re

214 2838 369 2875 hujusmodi
393 2839 590 2874 respondentes
607 2837 780 2873 quibusdattt,
804 2837 848 2871 qui
864 2837 939 2872 ipsos
957 2840 1000 2867 iit-

1054 2246 1104 2281 τὴν
1115 2246 1225 2281 ἡμέραν
1239 2245 1285 2272 τοῦ
1297 2246 1469 2281 φαντασμοῡ,
1490 2245 1506 2280 ἢ
1522 2244 1552 2272 οὗ
1568 2254 1575 2278 ;

1097 2292 1163 2319 Ἀρι,
1187 2292 1215 2318 '0
1233 2292 1397 2327 προσφέρων
1422 2291 1500 2327 (φησὶ
1515 2291 1545 2317 τὸ
1568 2291 1691 2327 Γράμμα
1710 2293 1743 2319 τὸ
1764 2293 1846 2327 ἱερὸν)

1054 2337 1129 2373 δῶρα
1151 2339 1198 2364 καὶ
1218 2338 1314 2369 θυσίας
1339 2337 1535 2372 ἅρχιερεὺς,ὲξ
1559 2337 1716 2372 ἀνθρώπων
1741 2339 1848 2374 λαμϐά-

1054 2392 1138 2416 νεται,
1155 2384 1202 2410 καὶ
1218 2383 1310 2415 καθὼς
1327 2383 1449 2418 περὶτοῦ
1466 2382 1531 2409 λαοῦ
1550 2384 1703 2419 προσφέρει
1718 2385 1759 2419 τῷ
1777 2385 1847 2418 Θεῷ,

1051 2429 1124 2455 οὓτω
1137 2429 1170 2464 δὴ
1185 2430 1232 2456 καὶ
1247 2429 1312 2464 περὶ
1329 2427 1441 2455 ἑαυτοῦ·
1454 2429 1515 2455 ἐπεὶ
1530 2429 1578 2455 καὶ
1591 2429 1667 2464 αὐτῷ
1682 2430 1771 2465 βάρος
1784 2439 1848 2466 σαρ-

1051 2475 1133 2510 κικῆς
1146 2475 1288 2505 ἀσθενείας
1315 2475 1462 2501 ἐπίκειται.
1486 2474 1565 2501 ’Δλλά
1589 2475 1637 2501 καὶ
1661 2475 1708 2502 διὰ
1724 2477 1849 2507 Μωσέως

1051 2519 1129 2549 εἷπεν
1143 2524 1156 2549 ό
1175 2523 1287 2558 Κύριος,
1301 2522 1334 2549 Ol
1349 2522 1464 2556 καθαροὶ
1480 2522 1518 2556 τῷ
1528 2522 1643 2558 καθαρῷ
1657 2525 1848 2557 προσίτωσαν,

1056 2567 1087 2594 '0
1105 2567 1134 2594 δὲ
1162 2567 1256 2603 μῶμον
1280 2566 1350 2601 ἔχων
1369 2569 1440 2594 κατὰ
1462 2567 1563 2602 ψυχὴν,
1577 2569 1647 2602 πρὸς
1674 2568 1706 2595 τὸ
1719 2569 1846 2596 καταπέ-

1051 2612 1146 2648 τασμά
1161 2621 1212 2648 μου
1225 2612 1274 2638 οὐκ
1290 2611 1487 2645 εἰσελεύσεται,
1499 2612 1546 2638 καὶ
1563 2612 1630 2647 πρὸς
1645 2613 1677 2639 τδ
1693 2613 1849 2648 θυσιαστή-

1055 2660 1112 2696 ριόν
1145 2668 1197 2692 μου
1224 2659 1274 2686 οὐκ
1298 2660 1403 2694 ὲγγιεῖο
1428 2659 1490 2686 ὅθεν
1512 2660 1560 2686 καὶ
1587 2661 1663 2695 τρεῖς
1694 2660 1849 2695 ἁγιώτατοι

1053 2707 1223 2742 πατριάρχαι
1240 2705 1286 2732 τοῦ
1303 2705 1400 2741 θρόνον
1416 2705 1467 2740 τῆς
1494 2705 1710 2741 ’Δλεξανδρείαω
1725 2708 1740 2733 ό
1767 2707 1848 2740 ᾱγιος

1053 2752 1191 2783 Διονύσιος
1204 2746 1315 2787 δηὶῖαδὴ,
1329 2751 1506 2786 ἀντιγράφων
1523 2751 1590 2786 πρὸς
1603 2751 1768 2787 Βασιλιίδην
1784 2751 1847 2778 ἐπὶ·

1053 2806 1164 2830 σκοπον,
1182 2798 1196 2823 ὁ
1221 2797 1308 2832 μέγας
1328 2796 1488 2828 Ἀθανάσιος
1504 2796 1654 2829 κανονίξων
1669 2797 1733 2824 τινὰ
1760 2805 1846 2832 μονα-

1052 2842 1110 2877 χὸν,
1129 2841 1229 2876 Ἀμοῦν
1241 2841 1489 2877 ἐπονομαζόμενον,
1511 2841 1557 2868 καὶ
1570 2841 1584 2868 ό
1602 2842 1680 2876 ἅγιος
1695 2842 1844 2877 Τιμόθεος,
