1894 3072
209 139 262 174 96‘]

813 138 832 165 Ἰ
839 136 865 165 l-l
873 135 952 166 EOD.
976 132 1213 164 BALSAMUNIS

1769 128 1816 161 968

207 210 362 236 censemus,
377 210 431 231 non
445 200 724 230 excommunicationi
737 203 842 226 tantum
855 202 882 225 et
896 198 974 232 depo-

1033 195 1112 230 ἡμείς
1137 190 1313 227 ψηφιζόμεθα
1330 191 1368 228 μὴ
1384 191 1463 226 μόνον
1488 189 1636 226 ἀφορισμῷ
1650 189 1700 216 καὶ
1723 190 1813 217 καθαι-

205 243 300 279 sitioni
316 248 502 283 subjiciendos
519 248 604 274 laicos
632 250 658 273 et
682 246 795 273 clericos
810 248 873 271 vota
902 243 984 271 simul

204 297 335 324 facientes
348 295 374 322 in
393 294 606 321 orlhodoxorum
621 292 663 319 vel
684 291 872 318 haereticorum
893 290 983 318 eccle-

204 343 256 375 sia,
284 345 330 368 aut
350 341 508 375 ubicunque
528 343 590 365 vota
617 345 678 365 cum
694 337 733 364 eis
750 337 829 364 simul
852 335 983 362 facientes

204 388 346 420 solemnia,
377 390 404 413 et
436 385 597 413 sacerdotali
624 391 710 416 more,
734 388 779 410 aut
797 382 878 408 etiam
892 381 982 408 cibum

203 433 284 461 simul
299 436 449 464 sumentes,
464 439 556 459 verum
573 434 601 457 et
625 430 732 465 gravius
744 428 875 459 coerceri.
906 428 983 461 juxta

203 479 358 506 divinorum
383 486 518 506 canonum
533 478 724 512 praedictorum
740 480 871 503 tenorem.
896 473 983 501 Loco-

203 532 263 552 rum
288 525 360 552 enim
373 524 506 559 angustia»
519 527 546 550 et
562 522 752 550 haereticorum
766 519 924 553 multitudo,
935 527 982 547 or-

202 569 326 597 thodoxae
340 570 399 597 fidei
419 577 470 596 non
480 572 588 597 mutant
599 567 791 602 integritatem.

243 617 327 643 Inter.
348 616 392 642 l5.
408 615 514 649 Captivi
535 613 623 640 Latini
640 617 667 640 et
686 612 732 638 alii
749 611 782 638 ad
806 613 916 638 nostras
940 617 982 637 ac-

202 662 302 690 cedunt
319 660 469 688 catholicas
486 658 628 690 ecclesias,
639 661 666 684 ct
682 657 827 692 participes
852 655 908 682 ﬁeri
931 663 980 690 po-

202 710 305 736 stulant
322 707 476 733 divinarum
495 704 745 733 sanetilicationum
768 713 775 731 :
793 703 864 731 scire
888 703 979 736 velim,

201 761 235 780 an
252 753 303 779 hoc
313 752 353 779 eis
363 749 566 778 concedendum
582 749 628 777 sit.

235 840 295 868 Res.
315 839 366 873 Qui
379 847 433 867 non
445 843 487 867 est
498 846 615 867 mecum.
632 843 727 866 contra
740 846 781 865 me
798 843 848 871 cst,
867 837 978 873 (inquit,

200 885 321 913 divinum
336 883 524 919 Evangelium)
539 888 565 911 et
581 884 626 918 qui
652 891 706 910 non
734 883 838 918 colligit
861 890 977 913 mecum,

198 931 338 966 dispergit.
353 930 486 964 Quoniam
497 930 579 964 igitur
593 934 655 956 ante
679 937 766 956 annos
779 929 887 959 multos.
904 928 977 956 occi-

198 976 315 1004 dentalis
330 977 460 1003 Ecclesiae
488 976 601 1011 (Romae,
632 975 755 1010 inquam)
770 975 886 1002 celebris
913 982 978 1001 con-

198 1026 297 1049 ventus
312 1021 415 1050 divisus
432 1026 472 1049 est
491 1022 524 1048 ab
540 1022 655 1048 aliorum
684 1024 802 1054 quatuor
818 1023 975 1047 sanctorum

197 1068 409 1102 patriarcharum
428 1067 542 1101 spiritali
557 1067 761 1102 communione,
778 1070 805 1093 et
826 1066 859 1092 ad
886 1073 976 1092 mores

197 1113 376 1148 institutaque
391 1112 512 1144 divertit,
531 1120 545 1139 a
569 1112 703 1139 catholica
730 1111 863 1143 Ecclesia,
890 1115 917 1137 et
942 1110 976 1137 ab

197 1157 355 1184 orthodoxis
367 1158 454 1184 aliena
473 1166 480 1184 :
496 1165 577 1191 quam
591 1157 626 1184 ob
637 1164 746 1184 causam
761 1163 848 1190 neque
864 1155 934 1190 Papa
949 1157 975 1182 in

196 1202 296 1229 divitiis
311 1202 555 1230 sacrificationibus
570 1207 583 1227 1
601 1202 738 1230 communi
753 1202 974 1236 patriarchalium

196 1248 337 1275 nominum
356 1249 486 1276 relatione
512 1248 609 1282 dignus
631 1248 748 1276 habetur
776 1256 783 1274 :
813 1255 866 1274 non
897 1247 976 1274 debet

195 1292 349 1321 Latinicum
375 1302 460 1329 genus
483 1301 564 1321 manu
592 1294 755 1321 sacerdotali
779 1301 827 1328 per
844 1293 935 1320 divina
949 1297 975 1320 et

195 1339 366 1367 immaculata
398 1340 525 1375 mysteria
561 1339 736 1372 sanetitieari,
768 1339 820 1366 nisi
857 1339 975 1373 deponat

194 1385 282 1419 prius,
299 1393 328 1412 se
343 1392 358 1412 a
373 1384 504 1412 Latinicis
527 1385 661 1413 institutis
685 1389 712 1412 et
729 1384 974 1412 eonsuetndinilms

195 1429 397 1461 abstenturnm,
414 1434 441 1457 et
454 1430 603 1458 secundum
621 1438 739 1458 canones
752 1431 902 1458 instructus
917 1429 976 1456 fue-

194 1474 240 1507 rit,
251 1478 279 1502 et
294 1476 453 1504 orthodoxis
468 1476 638 1511 adaequatus.

229 1561 316 1589 Inter.
331 1562 374 1589 16.
391 1562 548 1590 Divinarum
561 1563 807 1590 sanetilicationum
822 1562 972 1596 assumptio

194 1606 338 1634 arbitraria
354 1611 395 1635 est
420 1607 559 1634 monachis
572 1607 708 1639 omnibus,
722 1607 828 1635 clericis
844 1612 870 1634 et
887 1607 972 1641 laicis,

195 1652 241 1687 qui
258 1661 312 1680 non
324 1656 388 1680 sunt
403 1653 535 1688 prohibiti
552 1662 559 1681 :
581 1659 610 1681 ut
624 1653 749 1688 quotidie
770 1652 826 1681 fere
846 1661 894 1688 per
913 1661 973 1681 eam

194 1697 361 1725 sanctiﬁcari
381 1697 498 1732 possint.
513 1697 552 1725 An
568 1702 598 1725 ut
614 1698 665 1725 sub
690 1697 808 1733 pondere
832 1698 948 1725 libratur
961 1702 972 1717 ²

193 1743 312 1770 munus?
327 1742 378 1770 Sed
395 1748 423 1770 et
436 1744 463 1770 in
479 1743 522 1774 iis,
538 1743 584 1778 qui
599 1743 631 1770 ad
646 1743 884 1779 congregationem
905 1751 972 1771 con<

193 1788 317 1820 veniunt,
342 1788 531 1816 necessitatem
548 1788 630 1816 habet
648 1789 711 1816 boni
735 1789 917 1825 participatio,
937 1798 972 1818 an

193 1832 337 1860 arbitraria
352 1836 405 1866 est,
424 1837 450 1860 et
466 1837 616 1868 spontanea
630 1834 641 1860 ?

227 1919 289 1947 lies.
304 1920 537 1954 Quemadmodum
565 1923 622 1958 lege
638 1927 770 1950 statutum
786 1928 826 1951 est
838 1929 863 1956 ι,
881 1923 971 1960 dignis

191 1965 250 1994 dari
279 1966 447 2002 dignitates,
476 1968 516 1996 sic
539 1973 644 2006 sancta,
669 1968 782 1997 sanctis.
811 1968 972 2003 Quicunque

192 2012 275 2048 igitur
287 2021 335 2048 per
346 2014 407 2041 vitae
421 2013 615 2048 integritatem,
633 2014 703 2042 viam
727 2015 778 2043 sibi
794 2015 828 2043 ad
847 2014 969 2042 divinam

191 2059 427 2093 participationem
451 2059 670 2093 complanarunt,
692 2060 752 2087 sine
777 2060 970 2095 impedimento

192 2103 378 2131 admittentur.
394 2104 488 2140 Neque
502 2106 574 2132 enim
591 2106 616 2132 hi
633 2106 745 2133 omnino
760 2114 832 2138 eam,
859 2112 889 2133 ut
912 2113 968 2133 rem

191 2149 340 2181 quamlibet
364 2150 455 2182 aliam,
478 2150 684 2184 aggrediemur,
708 2151 729 2178 si
755 2151 848 2186 gratiae
875 2150 969 2177 altitu-

1037 240 1110 275 ρέσει
1136 237 1386 265 καθυποῆἁλλεσθαι
1404 237 1466 268 τοὺς
1484 236 1595 267 λαῑκούς
1609 245 1638 262 τε
1654 236 1702 262 καὶ
1724 236 1812 270 xli-‘9'.-

1035 284 1109 315 κοὺς,
1125 282 1340 316 συνευχομένους
1357 283 1386 308 ὲν
1405 282 1538 316 ἐκκλησίᾳ
1551 281 1702 316 ὸρθοδόξων
1715 282 1732 315 ἦ
1746 282 1813 314 αἱρε-

1034 329 1128 359 τικῶν,
1145 329 1161 364 ἢ
1176 328 1345 362 ὁπουδήποτε
1375 328 1587 362 συνευχομένους
1608 328 1703 358 αὐτοῖς
1720 328 1812 361 ἱερατι-

1035 373 1101 406 κῶς,
1116 372 1132 408 ἢ
1158 372 1211 408 μὴν
1229 372 1274 399 καὶ
1299 372 1503 401 συνεσθίοντας·
1533 370 1600 398 ἀλλὰ
1617 372 1664 397 καὶ
1689 372 1766 405 μειςό
1782 381 1813 402 ως

1034 418 1205 451 κολάζεσθαι,
1223 418 1293 444 κατὰ
1311 417 1360 453 τὴν
1375 417 1429 443 τῶν
1444 416 1582 452 ῥηθέντων
1603 417 1683 443 θείων
1700 418 1812 443 κανόνων

1035 463 1191 499 περίληψιν.
1209 463 1239 490 Ἦ
1253 463 1308 498 γὰρ
1322 463 1487 496 στενοχωρία
1499 462 1552 488 τῶν
1566 462 1668 493 τόπων,
1683 470 1720 488 κα
1744 464 1757 488 ὁ
1768 463 1813 488 τῶν

1035 511 1179 544 αἱρετικῶν
1191 509 1348 544 πληθυσμδς
1360 509 1408 543 τῆς
1421 508 1558 543 ὀρθοόόξου
1579 509 1699 539 πίστεως
1713 510 1743 534 οὐ
1757 518 1814 542 μετ-

1033 555 1134 591 ἠμειψε
1149 555 1198 590 τὴν
1215 555 1264 581 ἀκε
1270 555 1408 589 ραιότητα.

1067 600 1230 634 Ἐρώτησις
1262 604 1303 628 ιε’.
1329 599 1502 634 Δίχμάλιυτοι
1535 600 1644 625 Λατῖνοι
1680 600 1729 624 καὶ
1758 600 1811 625 ἓτε-

1035 655 1076 681 ροι
1095 645 1324 681 παρουσιάζουσιν
1346 647 1386 676 είς
1422 646 1471 676 τὰς
1496 645 1643 675 “enim;
1669 645 1813 679 ἐκκλησίας

1031 692 1120 727 ἡμῶν,
1137 693 1184 719 καὶ
1206 691 1316 725 ζητοῦσι
1335 691 1494 726 μεταλαϐεῖν
1507 692 1560 718 τῶν
1575 691 1656 717 θείων
1678 691 1812 724 ἁγιασμά-

1031 748 1095 767 των.
1129 739 1161 765 Εἰ
1195 738 1260 773 γοῦν
1284 738 1452 773 ὲκχιυρητέον
1476 737 1555 763 τοῦτό
1584 738 1655 768 ἐστι,
1681 737 1812 772 ζητοῦμεν

1033 784 1139 819 μαθεῖν.

1073 830 1138 856 Ἀπ.
1161 829 1190 855 '0
1211 829 1248 864 μὴ
1278 829 1315 856 ὢν
1332 831 1393 864 μετ’
1423 830 1501 864 ἐμοῦ,
1525 830 1585 857 κατ’
1607 830 1676 865 ἐμοῦ
1693 831 1753 857 ἐστι
1778 831 1813 865 (τὸ

1031 874 1102 901 θεῖον
1118 875 1217 910 ἔφησεν
1235 875 1411 908 Εὑαγγέλιον)
1427 883 1433 890 ⁸
1454 876 1499 901 καὶ
1517 877 1530 902 ὁ
1546 875 1582 911 μὴ
1607 876 1735 909 συνάγων
1761 876 1812 911 μετ’

1029 921 1106 955 ἐμοῦ,
1125 921 1275 956 σκορπίζει.
1298 921 1373 947 Ἐπεὶ
1386 921 1432 947 οὖν
1450 921 1502 956 πρὸ
1515 922 1618 956 χρόνων
1634 922 1742 948 πολλῶν
1765 924 1812 948 ἁπ-

1027 967 1138 1002 εσχίσθη
1154 968 1202 1002 τῆς
1215 967 1325 1002 δυτικῆς
1336 967 1501 1002 Ἐκκλησίας
1517 967 1576 1002 (τῆς
1593 967 1705 1002 Ῥώμης
1716 967 1812 1002 φαμὲν)

1026 1013 1056 1040 τὸ
1073 1013 1243 1048 περιώνυμον
1260 1013 1397 1047 ἄθροισμα
1412 1014 1443 1039 ἐκ
1458 1013 1506 1048 τῆς
1522 1013 1576 1038 τῶν
1594 1013 1698 1048 ἑτέρων
1715 1013 1813 1040 τεσσά-

1029 1066 1082 1093 ρων
1107 1058 1192 1092 ἁγίων
1220 1058 1397 1093 πατριαρχῶν
1429 1058 1617 1092 πνευματικῆς
1652 1058 1812 1087 κοινωνίας,

1029 1105 1075 1131 καὶ
1091 1103 1283 1139 ἀπεσχοινίσθη
1303 1104 1371 1138 πρδς
1393 1104 1440 1138 ἔθη
1465 1104 1510 1130 καὶ
1534 1103 1660 1138 δόγματα
1680 1104 1730 1137 τῆς
1749 1103 1812 1129 καθ’

1025 1149 1119 1184 ολικῆς
1134 1149 1295 1184 Ἐκκλησίας
1319 1149 1366 1175 καὶ
1381 1149 1434 1175 τῶν
1449 1148 1595 1182 ὀρθοδόξων
1609 1149 1750 1183 ἀλλότρια.
1769 1148 1812 1175 Διὰ

1026 1195 1080 1230 γὰρ
1106 1193 1185 1221 τοῦτο
1219 1194 1280 1220 οὔτε
1314 1195 1342 1220 ὲν
1368 1195 1429 1225 ταῖς
1461 1194 1546 1225 θείαις
1585 1195 1812 1229 ίεροτελεστξαις.

1026 1241 1119 1275 κοινῆς
1149 1241 1202 1267 τῶν
1243 1240 1452 1276 πατριαρχικῶν
1489 1240 1629 1275 ὀνομάτων
1675 1241 1813 1276 άναφορὶς

1025 1287 1039 1312 ὁ
1054 1286 1147 1316 πάπας
1172 1286 1298 1320 ἠξίωται,
1324 1286 1375 1312 οὐκ
1392 1285 1492 1320 ὀφείλει
1516 1285 1591 1318 γένος
1620 1286 1767 1312 Λατωικδυ
1786 1287 1814 1312 ἐι

1025 1332 1115 1366 χειρὸς
1142 1332 1281 1367 ιερατικῆς
1296 1331 1340 1358 διὰ
1361 1332 1415 1358 τῶν
1431 1331 1510 1358 θείων
1532 1332 1578 1357 καὶ
1596 1331 1740 1366 ἁχράντων
1764 1342 1813 1366 μυσ

1026 1377 1143 1412 στηρίων
1167 1377 1351 1410 ἁγιάζεσθαιε
1379 1377 1403 1403 εί
1429 1378 1467 1412 μὴ
1492 1377 1646 1411 κατάθηται
1680 1380 1814 1412 προτερον

1024 1424 1173 1457 ἀπέχεσθαι
1181 1424 1236 1450 τῶν
1245 1423 1397 1451 Λατινικῶν
1405 1424 1545 1459 δογμάτων
1554 1431 1583 1448 τε
1591 1423 1638 1449 καὶ
1650 1424 1814 1457 συνηθειῶν,

1025 1469 1072 1494 καὶ
1095 1469 1166 1496 κατὰ
1191 1470 1308 1501 κανόνας
1330 1469 1485 1504 κατηχηθῇ,
1510 1469 1557 1496 καὶ
1583 1469 1638 1500 τοῖς
1658 1468 1814 1503 ὀρθοδὰξοις

1025 1513 1153 1549 ἐξισωθῇ.

986 1543 1009 1573 c
1047 1543 1219 1593 ⁷Ἐζριίίινηονις
1231 1563 1280 1592 ις’.
1303 1559 1336 1586 Ἢ
1359 1560 1412 1586 τῶν
1431 1559 1511 1586 θείων
1526 1559 1708 1594 ἅγιασμάτων
1725 1560 1814 1594 μετά-

1024 1604 1104 1640 ληψις
1129 1605 1288 1640 αὐθαίρετός
1303 1606 1361 1632 ἔστι
1376 1606 1443 1632 πᾶσι
1468 1607 1524 1636 τοῖς
1551 1605 1588 1641 μὴ
1607 1605 1814 1638 κεκωλυμένοις

1025 1651 1151 1685 μοναχοίς
1177 1651 1316 1685 κληρικοῖς
1329 1659 1358 1677 τε
1375 1651 1422 1677 καὶ
1443 1650 1546 1682 λαῖκοῖς
1557 1658 1564 1666 ⁸
1581 1650 1652 1677 ὥστε
1678 1650 1816 1677 δύνασθαι

1023 1695 1133 1727 τούτους
1154 1695 1214 1722 καθ’
1237 1696 1354 1730 ἑκάστην
1369 1696 1462 1731 σχεδὸν
1474 1696 1508 1722 δι’
1526 1696 1609 1729 αὐτῆς
1632 1696 1814 1729 ἁγιάζεσῦαι·

1023 1740 1040 1776 ἢ
1053 1740 1090 1772 ὡς
1106 1741 1158 1767 ὑπὸ
1174 1741 1297 1776 στάθμης
1315 1741 1520 1775 ζυγοστατεῖται
1532 1741 1561 1767 τὺ
1573 1741 1710 1776 δώρημα;
1729 1742 1814 1768 Ἀ).λά

1023 1787 1141 1819 καὶτοῖς
1166 1787 1267 1813 τούτων
1291 1787 1517 1821 ἐκκλησιάζουσιν
1533 1788 1728 1821 ἀναγκαστική
1752 1789 1813 1813 ἐστι

1022 1832 1070 1859 τοῦ
1088 1832 1190 1866 ἁγαῦοῢ
1206 1834 1222 1868 ή
1238 1832 1398 1867 μετάληψις,
1414 1832 1430 1867 ἢ
1448 1833 1612 1868 προαιρετέα
1626 1834 1674 1859 καὶ
1693 1832 1812 1859 αὐτοκέ-

1022 1877 1132 1909 λευστος
1142 1886 1149 1910 ;

1060 1924 1121 1950 Ἀπ.
1146 1923 1189 1954 Ὧς
1205 1922 1358 1958 νενόμισται
1371 1922 1489 1954 δίδοσθαι
1504 1924 1558 1954 τοῖς
1573 1923 1659 1955 ἀξίοις
1677 1923 1712 1950 τὰ
1730 1923 1812 1956 ἀξιώ-

1023 1977 1105 2004 ματα,
1121 1968 1191 1996 οὕτω
1205 1969 1319 2000 καὶτοῖς
1341 1969 1429 2002 ἁγίοις
1444 1969 1476 1996 τὰ
1494 1969 1568 2002 ᾇγια.
1586 1969 1667 1995 Ὀσοι
1683 1969 1751 2002 γοῦν
1763 1970 1810 1996 διὰ

1020 2014 1193 2050 καθαρότητα
1217 2015 1274 2049 βίον
1302 2014 1352 2048 τῆς
1376 2014 1451 2046 θείας
1477 2014 1655 2049 μεταλήψεως
1681 2016 1732 2049 τὴν
1747 2016 1810 2042 ὁδὸν

1020 2061 1112 2091 αὐτοῖς
1135 2060 1321 2094 ἐξωμάλισαν,
1344 2060 1592 2095 ἀπαρεμποδίστως
1616 2061 1808 2095 δεχοήσονται.

1020 2106 1130 2136 Πάντως
1148 2106 1202 2140 γὰρ
1223 2105 1285 2132 οὐδὲ
1309 2105 1385 2132 αὐτοὶ
1407 2105 1507 2139 ταύτης
1529 2104 1566 2135 ὡς
1589 2106 1706 2140 τυχαὲας
1725 2115 1810 2132 κατα-

1019 2151 1195 2185 τολμήσουσι,
1211 2151 1407 2182 κατανοοῦντες
1422 2152 1452 2177 τὸ
1466 2150 1532 2184 ὕψος
1553 2151 1602 2186 τῆς
1620 2153 1744 2187 χάριτος,
1761 2154 1808 2178 καὶ

191 2193 281 2220 dinem
315 2195 509 2228 considerent,
544 2200 570 2224 et
599 2197 760 2224 sacramenti
802 2196 966 2230 magnitudi-

1033 2196 1066 2222 ὀὗ
1083 2197 1234 2232 μυστηρίου
1247 2197 1276 2222 τὺ
1293 2196 1418 2231 μέγεθος.

191 2245 264 2264 nem.

223 2282 288 2316 Cogi
299 2288 388 2311 autem
397 2292 558 2320 quemquam
567 2285 671 2313 divinas
686 2286 914 2315 sanctificationes
924 2295 969 2315 as-

190 2334 307 2360 sumere,
334 2337 386 2356 non
411 2331 520 2364 placuit.
539 2330 596 2359 Etsi
621 2332 692 2359 enim
717 2333 800 2367 aliqui
822 2334 970 2367 apostolico

189 2373 207 2401 9
228 2381 333 2402 canone
357 2375 409 2407 usi,
435 2376 486 2410 (sic
509 2377 657 2412 inquieute,
683 2377 844 2414 Quicunque
873 2379 968 2407 ﬁdeles

189 2419 381 2454 ingrediuntur
398 2425 426 2448 et
449 2422 603 2457 Scripturas
630 2423 753 2455 audiunt.
770 2424 796 2451 in
814 2425 969 2460 precatione

190 2468 279 2492 autem
300 2469 328 2493 et
354 2473 433 2494 sacra
460 2470 650 2496 communione
672 2476 724 2496 non
750 2473 918 2504 permanent,
939 2474 968 2497 ut

189 2509 318 2538 Ecclesiae
341 2511 529 2540 confusionem
557 2513 711 2546 alierentes,
728 2515 864 2549 segregari
887 2521 967 2548 opor~

189 2556 239 2591 tet)
255 2556 339 2584 velint
359 2564 417 2589 eos,
432 2558 477 2593 qui
492 2559 519 2585 in
533 2558 676 2586 ecclesiam
694 2559 869 2591 conveniunt,
886 2560 967 2587 etiam

189 2600 288 2629 invitos
311 2603 371 2638 cogi
395 2603 502 2630 divinas
523 2610 632 2630 sumere
662 2604 891 2632 sanctiﬁcationcs
917 2612 968 2632 nos

188 2649 279 2674 tamen
302 2654 434 2676 canonem
458 2655 511 2676 non
536 2648 576 2676 sic
599 2648 818 2683 interpretamur.
844 2649 966 2677 Etenim

188 2688 281 2718 lideles
297 2691 405 2726 quidem
422 2693 455 2721 ad
480 2693 559 2722 linem
574 2701 660 2729 usque
673 2693 756 2734 divini
784 2688 919 2727 sacriﬁcii,
940 2698 967 2722 et

1063 2286 1282 2317 Ἀναγκαστικῶς
1293 2286 1321 2313 δέ
1336 2295 1410 2318 τινας
1421 2287 1475 2313 τῶν
1490 2287 1568 2314 θείων
1584 2288 1807 2322 μεταλαμϐάνειν

1024 2331 1201 2365 ἁγιασμάτων
1215 2332 1244 2358 οὺ
1260 2332 1395 2359 δέδοκται,
1410 2333 1467 2359 Κᾶν
1480 2333 1532 2368 γάρ
1544 2342 1615 2365 τινες
1632 2335 1670 2368 τῷ
1690 2336 1805 2361 (limato-

1023 2377 1091 2412 λικῷ
1103 2376 1124 2403 θ’
1136 2377 1226 2404 κανόνι
1236 2378 1414 2413 χρησαμένοι,
1425 2378 1474 2413 (τῷ
1486 2378 1557 2405 οὕτω
1564 2379 1684 2412 λέγοντιο
1699 2381 1806 2410 Πάντας

1020 2424 1084 2455 τοὺς
1092 2424 1224 2456 εἰσιόντας
1232 2425 1343 2456 πιστοὺς
1352 2425 1460 2451 καὶτῶν
1469 2425 1586 2460 Γραφῶν
1598 2426 1804 2461 ἀκροωμένους,

1021 2469 1060 2504 μὴ
1077 2470 1284 2504 παραμένοντας
1297 2470 1326 2497 δὲ
1347 2472 1380 2506 τῇ
1396 2472 1533 2506 προσευχῇ
1549 2472 1596 2497 και
1611 2473 1645 2506 τῇ
1658 2471 1727 2506 ἁγίᾳ
1754 2480 1803 2506 με·

1019 2514 1146 2550 ταλήψει,
1172 2515 1210 2546 ὡς
1241 2516 1355 2548 ἀταξίαν
1380 2516 1561 2551 ἐμποιοῦντας
1590 2517 1624 2552 τῇ
1656 2517 1803 2552 Ἐκκλησία

1022 2560 1198 2595 ἀφορίζεσθαι
1213 2560 1280 2597 δεῖ),
1298 2561 1404 2588 θέλουσι
1429 2562 1457 2588 δὲ
1479 2563 1541 2593 τοὺς
1572 2561 1804 2595 ἐκκλησιάζοντας

1020 2607 1074 2633 τῶν
1084 2606 1163 2632 θείων
1177 2607 1397 2642 μεταλαμϐάνειν
1411 2607 1590 2642 ἁγιασμὰτων
1607 2607 1654 2633 καὶ
1666 2607 1783 2638 dmino;
1794 2614 1802 2621 '

1020 2648 1077 2678 ἀλλ’
1093 2652 1157 2686 ἡμῖν
1171 2652 1242 2678 οὕτω
1260 2653 1294 2678 τὰ
1310 2652 1358 2680 τοῦ
1378 2653 1488 2683 κανόνος
1512 2653 1562 2678 οὐκ
1587 2652 1799 2686 ἐκλαμεάνετω..

1026 2696 1232 2731 Ἐκκλησιάζειν
1251 2698 1300 2732 μὲν
1312 2698 1366 2733 γὰρ
1387 2698 1450 2730 τοὺς
1466 2698 1578 2730 πιστοὺς
1599 2698 1683 2735 μέχρι
1707 2696 1802 2727 τέλους

833 2772 947 2801 νΑιιιιΕ
966 2773 1166 2803 LECTIONES.

224 2824 240 2846 1
253 2822 280 2850 in
295 2824 380 2852 sacris
399 2827 566 2855 caerimoniis.
607 2832 619 2847 ι
635 2827 703 2856 velut
719 2827 754 2854 ad
766 2827 866 2856 lancem
880 2830 1051 2862 panderetur.
1096 2836 1108 2851 ο
1124 2837 1195 2857 more
1212 2836 1348 2866 nuptum
1373 2837 1421 2859 ut.
