1894 3072
65 181 124 213 969

497 180 687 210 RESPONSA
708 181 757 210 Δί)
780 179 1145 212 INTERROGATIONES
1165 182 1296 215 MARCI.

1634 184 1688 216 970

59 243 113 277 τῆς
143 243 220 274 θείας
247 243 453 278 ἱεροτελεστίας.
483 244 529 270 καὶ
556 245 606 278 τῆς
622 243 776 274 τελευταίας
805 242 844 269 τοί

904 242 1005 269 uitimze
1020 243 1198 269 sacriﬁcantis
1212 241 1378 277 precationis
1403 241 1686 276 rcmunerationlsque

60 289 273 324 ἱερουργοῦντος
285 289 376 323 εὐχῆς,
406 289 453 316 καὶ
479 290 525 315 τοῦ
539 289 686 324 ἀντιδώρου
702 289 753 323 τῆς
769 297 852 321 μετα-

59 332 186 367 λήψεως,
211 333 409 368 ,ψηφιζόμεθασ
431 333 480 359 καὶ
510 334 566 364 τοῖς
587 332 658 360 οὕτω
685 334 721 368 μὴ
746 334 851 360 ποιοῦσι

58 379 113 413 τὴν
123 380 156 405 ὲκ
173 378 220 405 τοῦ
235 379 346 410 κανόνος
363 379 520 413 ὲπισείομεν
537 380 735 413 ἀγανάκτησιν.
760 380 852 406 Μετα-

58 423 215 458 λαμϐάνειν
229 424 258 451 δὲ
273 424 371 455 αὐτοὺς
385 424 436 450 οὐκ
452 424 654 458 ἀναγκάζομεν,
672 424 716 451 διὰ
738 424 786 459 τὴν
802 425 852 459 τῆς

59 469 246 504 συνειδήσεως
261 469 387 503 βάσανον.
406 469 574 503 Προσεκτέον
589 467 646 500 οὖν,
658 469 728 496 κατὰ
739 469 789 504 τὴν
804 469 850 495 τοῦ

59 515 195 548 ῥηθέντος
219 515 330 544 κανόνος
352 514 508 549 περίληψιν,
538 515 576 550 μὴ
606 515 782 545 ἀσυντάκτως
817 515 851 542 ἑκ

58 561 115 593 τῆς
141 560 298 594 ἱερουργίας
325 560 476 594 ὑποχωρεῖν
503 561 566 591 τοὺς
597 560 848 595 ἐκκλησιάζοντας·

58 605 122 631 ἀλλ’
133 604 195 630 ἐπεὶ
209 604 276 639 αὕτη
293 603 325 630 ἐκ
336 612 366 630 τε
383 605 432 639 τῆς
449 603 568 636 Παλαιᾶς
583 603 720 639 Διαθήκης
733 605 780 630 καὶ
793 604 844 638 τῆς

57 651 136 681 Νέας
154 651 195 680 εἰς
217 650 280 684 μίαν
305 649 457 683 ταυτότητα
476 649 668 684 μεγαλύνεται,
701 651 748 676 καὶ
765 649 848 684 μέχρι

59 695 116 730 μὲν
129 695 181 730 τῆς
195 695 251 722 τῶν
271 695 357 729 ἁγίων
379 695 554 729 Εὑαγγελίων
576 694 780 729 ἁνακηρύξεως,
799 694 849 729 τῆς

57 743 210 776 Δαυῖτικῆς
225 742 339 776 κινύρας
364 741 398 767 τὰ
415 741 622 776 ψαλτῳδήματα
634 740 680 767 τοῦ
699 740 847 776 μυστηρίου

57 787 111 822 τὴν
125 786 241 820 δύναμιν
262 785 425 820 ἁγιάζουσι·
444 786 513 821 μετὰ
530 786 559 812 δὲ
576 785 679 820 ταύτην
702 785 752 820 τῆς
774 786 850 813 ὰναι-

58 833 168 867 μάκτου
181 832 276 864 θυσίας
290 833 444 866 ἀνοίγονται
457 832 490 859 τὰ
505 831 650 867 προαύλια,
666 831 849 866 ἐπιτρέποντα

58 880 108 905 καὶ
121 879 180 909 τοῖς
190 878 348 913 ἀρχιερεῦσι
362 878 392 905 τὸ
406 878 455 912 μὲν
473 877 628 912 ὲπωμάδιον
646 877 800 912 ὼμοφόριον
816 877 846 904 τὸ

57 926 100 956 εἰς
127 924 212 950 τύπον
237 924 284 950 τοῦ
308 923 395 958 ἀμνοῦ
417 923 628 958 καλλιτεχνηϐὲν
655 922 843 954 ἀποτίθεσθαι,

58 970 299 1006 μεταχειρίζεσθαι
310 971 338 997 δὲ
350 970 398 997 τοῦ
412 969 529 1005 ἀληθοῦς
541 969 588 996 καὶ
599 969 730 1001 ζωοποιοῦ
743 968 843 1003 Ἀμνοῦ

58 1017 89 1043 τὸ
104 1017 255 1052 μυστήριον
265 1023 273 1032 ·
289 1016 313 1042 εί
333 1016 382 1051 μὲν
398 1017 422 1042 οί
436 1015 662 1052 ἐκκλησιάζοντες
681 1014 762 1046 εὐθὺς
777 1014 846 1049 μετὰ

56 1063 94 1089 τὰ
115 1063 182 1096 ἇγια
214 1061 382 1096 Εὑαγγέλια,
407 1061 577 1096 αὐθαιρέτως
610 1060 846 1094 ὑποχωρήσουσιν,

56 1109 110 1134 οὐκ
125 1107 330 1143 αῑτιαθήσονται
345 1115 354 1123 ·
373 1107 398 1134 εί
417 1107 446 1133 δὲ
471 1107 539 1141 μετὰ
565 1107 615 1140 τὴν
637 1105 777 1140 καταρχὴν
797 1105 846 1139 τῆς

57 1153 231 1187 ἁναιμάκτου
247 1152 341 1183 θυσίας
354 1151 402 1179 καὶ
420 1152 568 1186 μυστικῆς,
595 1151 632 1182 ὼς
658 1151 772 1178 ἄτακτοι
798 1150 846 1177 καὶ

57 1197 254 1224 σκανδαλισταὶ
269 1198 381 1228 δικαίως
393 1197 637 1232 ὰφορισθήσονται.

100 1242 263 1277 Ἐρώτησις
279 1242 322 1273 ιζ’.
351 1243 382 1269 Ol
413 1242 481 1277 μετὰ
501 1241 548 1268 τοῦ
573 1242 725 1277 ἀρχιερέως
740 1241 758 1276 ἢ
776 1241 846 1276 μετὰ

56 1288 105 1314 τοῦ
116 1288 211 1322 ἱερέως
226 1287 496 1323 συλλειτουργοῠντες
505 1287 634 1318 διάκονοι,
648 1287 843 1322 ἀπαραιτήτως

57 1332 283 1368 μεταλαμϐάνειν
293 1332 458 1366 ὀφείλουσιν,
473 1331 491 1366 ἢ
511 1331 559 1364 οὖς

102 1378 170 1405 'Az.
190 1378 220 1404 Ὀ
231 1377 256 1411 η’
272 1377 364 1404 κανὼν
374 1376 429 1404 τῶν
441 1377 527 1411 ἁγίων
544 1376 699 1403 ἀποστόλων
710 1376 780 1403 οὕτω
793 1385 845 1411 φη-

56 1424 112 1455 σὶν,
142 1423 176 1450 El
190 1431 233 1454 τις
259 1423 419 1455 ἰπίσκοπος,
435 1423 451 1457 ἢ
467 1422 663 1458 πρεσϐύτερος,
680 1422 696 1457 ἢ
710 1421 841 1454 διάκονος,

57 1469 138 1504 ῆτοῦ
159 1470 312 1502 καταλόγου
338 1469 385 1495 τοῦ
412 1468 563 1502 ἱερατικοῦ,
581 1468 740 1502 προσφορᾶς
770 1475 844 1501 γινο-

58 1514 146 1549 μένης
162 1512 200 1549 μὴ
215 1512 365 1549 μεταλάϐῃ,
380 1512 430 1547 τὴν
442 1512 531 1539 αἰτίαν
541 1511 656 1540 είπάτω.
669 1511 726 1539 Καὶ
753 1511 800 1538 ἐὰν

57 1558 181 1593 εὖλογος,
198 1559 377 1604 συγγνώμης
400 1557 570 1604 τυγχανέτω.
588 1557 619 1584 Εἰ
645 1557 673 1584 δὲ
696 1556 735 1592 μὴ
757 1556 842 1591 λέγει,
856 1572 878 1604 C

57 1603 242 1639 ἀφοριζέσθω,
257 1604 295 1635 ὡς
321 1603 406 1634 αῐτιος
421 1603 523 1638 βλάϐης
547 1603 689 1637 γινόμενος
709 1603 749 1638 τῷ
775 1603 842 1638 λαῷ,

58 1649 107 1676 καὶ
127 1648 255 1675 ὑπόνοιαν
282 1648 400 1683 ποιήσας
428 1647 499 1674 κατὰ
531 1648 579 1674 τοῦ
611 1647 844 1683 προσενέγκαντος

57 1695 97 1726 ὡς
116 1693 154 1728 μὴ
181 1693 267 1727 ὑγιῶς
297 1692 537 1727 προσενεγκόντος.
570 1693 783 1728 Παρατηρητέον
798 1692 844 1720 οὖν

58 1740 121 1772 τοὺς
133 1739 326 1771 ὑποδιακόνους
350 1738 399 1765 καὶ
413 1739 476 1770 τοὺς
495 1737 646 1771 διακόνους,
673 1738 721 1764 καὶ
744 1738 844 1773 μᾶλλον

58 1786 122 1817 τοὺς
154 1785 393 1820 χειραπτήσαντας
432 1782 654 1818 μεταλαμϐάνειν
685 1782 739 1809 τῶν
765 1782 844 1809 Θείων

57 1831 240 1866 ἁγιασμάτων
257 1837 264 1844 ’
280 1830 297 1864 ἢ
319 1829 374 1865 μὴν
397 1829 448 1864 τὴν
476 1828 566 1855 αίτίαν
580 1828 672 1862 λέγειν
698 1827 732 1854 δι’
749 1827 784 1863 ἢν
798 1827 843 1854 τοῦ

58 1875 162 1910 ἀγαοοῦ
177 1874 273 1901 τούτου
282 1874 452 1909 ἀπέστησαν.
467 1872 554 1900 Τοῦτο
567 1873 621 1908 γὰρ
635 1873 673 1907 μὴ
693 1872 844 1905 ποιοῦντες,

57 1921 290 1957 ἁφορισθήσονται
319 1919 391 1947 κατὰ
415 1919 465 1946 civ
490 1919 537 1946 τοῦ
566 1918 698 1954 ῥηθέντος
734 1918 845 1950 κανόνος

57 1965 216 2000 περίληψιν.

93 2010 257 2046 Ἐρώτησις
269 2009 316 2044 ιη’.
332 2009 484 2036 ’Δκίνδυνόν
511 2010 570 2036 ἐστι
592 2009 715 2044 γίνεσθαι
728 2009 778 2044 τὴν
791 2009 846 2036 τῶν

56 2059 141 2087 θείων
167 2057 347 2092 ἁγιασμάτων
368 2057 486 2084 διάδοσιν
513 2058 560 2084 καὶ
595 2057 748 2092 μετάληψιν
777 2057 846 2092 μετὰ

56 2105 165 2141 ψυχροῦ
193 2104 265 2131 οἴνου
283 2103 331 2130 καὶ
350 2102 463 2134 ὕδατος·
481 2103 498 2137 ἢ
514 2103 705 2139 ἀπαραίτητόν
720 2104 778 2129 ἐστι
797 2103 846 2129 καὶ

59 2152 121 2179 ζέον
139 2150 213 2186 ὕδωρ
234 2149 304 2177 κατὰ
313 2149 360 2176 τὸν
374 2149 470 2184 καιρὸν
485 2148 535 2182 τῆς
555 2147 734 2183 μεταλήψεως
750 2148 792 2179 είς
808 2147 842 2174 τὰ

59 2199 127 2233 ἅγια
141 2196 266 2232 βάλλειν;

101 2242 168 2271 'Az.
189 2242 244 2269 Τοῦ
263 2240 302 2277 λβ¹
328 2240 441 2272 κανόνος
472 2240 522 2274 τῆς
541 2240 570 2266 tv
597 2239 637 2275 τῷ
652 2240 780 2275 Τρού).λῳ
798 2241 845 2268 τοῦ

60 2288 183 2325 μεγάλου
193 2287 326 2314 παλατίου
342 2286 480 2319 συστάσης
492 2285 574 2319 ἁγίας
597 2286 644 2313 καὶ
657 2287 847 2322 οῑκουμενικῆς

59 2335 172 2362 συνόδου
201 2333 362 2369 καθαιρέσει
391 2331 644 2364 καθυποϐάλλοντος
664 2332 727 2364 τοὺς
751 2333 788 2367 μὴ
803 2341 843 2359 τι-

59 2380 201 2411 λιιοῦντας
213 2378 244 2404 τὸ
271 2377 344 2404 θεῖον
363 2377 411 2404 καὶ
423 2377 501 2412 ἅγιον
513 2377 642 2413 ποτήριον
661 2377 691 2409 ἐξ
712 2377 784 2404 οίνου
800 2378 848 2404 καὶ

61 2425 170 2456 ὕδατος,
189 2423 349 2458 αίρισιῶται
366 2431 441 2452 τινες
452 2423 502 2450 οὸκ
512 2422 655 2457 ἀνέχονται
668 2422 774 2457 βάλλειν
787 2422 848 2455 ζέον

60 2471 100 2502 είς
115 2470 146 2497 se
161 2470 239 2504 ἆγιον
251 2469 298 2496 καὶ
314 2469 384 2495 θετον
393 2468 540 2504 ποτήριον·
553 2468 616 2494 Ὀτι
631 2467 718 2502 (φασὶ)
735 2468 768 2495 τὰ
783 2469 848 2503 περὶ

59 2517 155 2549 τούτου
173 2515 212 2550 τῷ
226 2515 320 2542 κανόνι
333 2514 363 2541 οὐ
379 2513 573 2549 διελήιρθησαν.
594 2513 735 2540 Ἀκούουσι
750 2513 791 2546 δὲ,
805 2515 846 2541 ὅτι

60 2564 90 2589 τὸ
119 2562 182 2594 ζέον
204 2560 244 2595 τῷ
273 2561 343 2596 ἁγίῳ
377 2560 476 2594 αἵματι
500 2559 711 2596 προστιθέμενον
737 2560 787 2596 τὴν
814 2561 848 2587 δι’

64 2606 161 2637 ὕδατος
189 2605 237 2631 καὶ
255 2604 327 2631 οίνου
346 2603 444 2630 ἕνωσιν
470 2603 518 2631 τοῦ
544 2603 624 2638 ἁγίου
649 2605 779 2640 ποτηρίου
799 2605 848 2632 οὐκ

62 2651 182 2678 ἀλλοιοι-
195 2651 254 2678 ἐπεὶ
270 2649 337 2684 μηδὲ
352 2649 448 2684 ἔτερόν
476 2658 502 2676 τι
519 2650 594 2683 παρὰ
617 2650 647 2676 τὸ
677 2650 748 2685 ὓδωρ
775 2651 844 2679 ἐστι.

61 2698 193 2725 Βάλλεται
209 2696 238 2723 δὲ
269 2697 309 2726 εἰς
343 2695 532 2730 πληροφορίαν
556 2695 603 2722 τοῦ
632 2694 702 2722 εἶναι
727 2697 846 2728 ζωοποιὰ

61 2744 95 2769 τὰ
107 2741 243 2777 ῥεύσαντα
261 2741 315 2767 ἀπὸ
329 2741 378 2775 τῆς
387 2741 468 2774 ἁγίας
486 2739 606 2774 πλευρᾶς
621 2741 668 2767 τοῦ
689 2742 791 2778 Κυρίου
801 2743 848 2769 καὶ

62 2788 129 2816 Θεοῦ
141 2788 188 2814 καὶ
200 2787 325 2821 Σωτῆρος
340 2787 418 2821 ἡμῶν
442 2785 529 2819 ’1ησοῦ
558 2786 688 2820 Χριστοῦ,
702 2787 772 2813 κατὰ
802 2787 847 2813 τὴν

62 2835 159 2870 καιρὸν
174 2834 221 2861 τοῦ
233 2833 369 2867 σωτηρίου
385 2832 486 2863 πάθους
502 2831 594 2863 αὐτοῦ,
607 2833 636 2858 τὸ
645 2830 712 2866 αἷμα
725 2833 846 2867 δηλονότι

64 2882 110 2908 καὶ
125 2880 156 2906 τδ
167 2879 255 2912 ὕδωρ*
275 2879 355 2905 ἅτινα
369 2877 533 2912 ὲξὲῥρευσαν
551 2878 645 2909 ζέοντα
666 2878 703 2909 ὡς
719 2879 750 2905 ὲκ
776 2879 843 2910 ζωο-

227 2929 361 2959 ΡΑτῐιοι..
381 2930 439 2959 (in.
465 2928 669 2960 CXXXVIII.

904 287 1295 323 participationis,interesse
1327 286 1453 314 concioni
1486 287 1586 314 debere
1618 295 1684 314 cen-

904 341 1007 361 semus.
1024 333 1056 360 Et
1079 333 1112 360 iis
1127 353 1135 365 .
1159 332 1206 366 qui
1226 332 1266 359 sic
1281 340 1333 360 non
1361 333 1474 364 faciunt,
1499 333 1613 359 canonis
1641 333 1684 360 in-

903 379 1088 415 dignationem
1122 379 1264 406 vibramus
1291 387 1298 405 :
1325 379 1490 413 participare
1516 383 1606 406 autem
1636 385 1684 406 eos

903 432 957 453 non
983 426 1116 461 cogimus.
1137 425 1172 452 ob
1196 424 1371 452 conscientiae
1395 429 1571 452 tormentum.
1589 423 1684 452 Anim-

902 471 1096 498 advertendum
1114 471 1207 506 igitur,
1221 470 1299 505 juxta
1316 469 1438 503 praedicti
1463 470 1577 497 canonis
1605 473 1684 497 teno-

901 525 970 547 rem.
1006 525 1040 544 ne
1065 517 1111 551 qui
1144 516 1291 544 conventui
1316 516 1462 546 intersunt,
1492 515 1645 543 inordinate
1667 524 1683 544 a

901 563 1035 590 sacrificio
1065 566 1247 590 revertantur.
1265 561 1318 589 Sed
1337 569 1400 589 cum
1419 561 1509 595 ipsum
1534 569 1568 588 ex
1592 562 1684 589 Veteri

899 607 1030 643 Novoque
1055 607 1228 635 Testamento
1251 607 1310 642 pari
1333 607 1414 634 modo
1440 606 1639 641 magniﬁcetur.
1656 611 1683 634 et

900 653 934 680 ad
954 653 1140 681 recitationem
1152 653 1262 687 quidem
1282 660 1369 686 usque
1382 656 1538 681 sanctorum
1563 651 1684 687 Evange-

900 699 1010 730 liorum.
1026 699 1160 726 Davidica:
1176 699 1288 726 cithara:
1302 699 1424 726 carmina
1449 699 1613 726 sacramenti
1634 706 1682 726 ce-

899 743 1004 771 lebrent
1018 748 1178 778 potestatem
1196 751 1203 769 :
1219 747 1311 777 postea
1323 747 1413 771 autem
1426 743 1574 770 incruenta
1589 743 1682 770 hostia

899 789 1059 823 aperiantur
1074 788 1221 821 vestibula,
1247 788 1417 816 antistitibus
1433 789 1618 824 permittentia
1633 796 1682 816 su-

898 833 1114 868 perhumeralem
1130 834 1257 860 amictum
1277 833 1423 868 deponere.
1443 833 1489 867 qui
1508 833 1569 868 agni
1596 833 1682 868 figura

898 877 1037 913 eleganter
1051 877 1200 905 fabricalua
1220 880 1272 908 est.
1286 881 1313 904 ct
1329 881 1447 904 tractare
1461 877 1518 904 veri
1528 877 1682 911 viviﬂeique

861 912 882 940 Β
896 924 966 958 Agni
981 928 1180 951 sacramentum
1197 931 1205 950 :
1224 924 1247 950 si
1263 923 1371 958 quidem
1383 923 1413 955 ii.
1427 922 1474 958 qui
1489 922 1516 950 in
1531 930 1681 959 congrega-

897 970 998 997 tionem
1013 972 1209 1000 convenerunt,
1228 968 1318 996 statim
1334 974 1396 1003 post
1418 971 1513 995 sancta
1535 966 1682 1002 Evangelia

897 1018 993 1048 sponte
1014 1014 1167 1046 discedant,
1189 1021 1244 1041 non
1272 1014 1456 1048 culpabuntur
1472 1022 1479 1041 :
1497 1012 1545 1040 sed
1568 1012 1592 1040 si
1619 1015 1683 1047 post

897 1061 1046 1088 incruenta;
1058 1060 1234 1096 mysticteque
1247 1060 1361 1087 victimae
1376 1060 1550 1095 principium.
1563 1063 1593 1086 ut
1606 1058 1681 1086 inor-

896 1106 981 1133 dinati
993 1110 1021 1133 et
1034 1105 1185 1133 offensores
1197 1106 1271 1141 iuste
1289 1105 1609 1133 excommunicabuntur.

930 1242 1014 1270 Inter.
1031 1242 1075 1270 I7.
1092 1241 1143 1275 Qui
1163 1248 1226 1269 cum
1242 1240 1373 1276 pontiﬁce
1388 1240 1430 1267 vel
1446 1238 1589 1266 sacerdote
1604 1245 1680 1265 com-

896 1289 1053 1316 ministrant
1087 1288 1207 1318 diaconi,
1240 1287 1341 1314 debent
1374 1286 1441 1313 citra
1475 1283 1679 1312 excusationem

895 1334 1117 1361 communionem
1132 1340 1284 1364 assumere.
1304 1332 1419 1360 annon?

928 1380 990 1407 Rea.
1007 1379 1103 1407 Canon
1127 1380 1143 1406 8
1171 1382 1329 1406 sanctorum
1353 1379 1539 1413 apostolorum
1565 1378 1606 1405 sic
1621 1378 1680 1404 ait:

895 1425 923 1451 Si
948 1424 1011 1459 quis
1035 1424 1192 1458 episcopus,
1219 1423 1372 1459 presbyter.
1400 1424 1442 1451 vel
1469 1424 1614 1455 diaconus.
1637 1426 1682 1453 νηὶ

893 1476 926 1496 ex
942 1468 1102 1496 sacerdotali
1119 1469 1252 1503 catalogo.
1274 1469 1345 1496 facta
1369 1469 1507 1497 oblatione
1534 1477 1587 1496 non
1604 1477 1681 1497 com-

893 1515 1082 1547 municaverit,
1102 1522 1213 1543 causam
1233 1515 1306 1542 dicat
1320 1523 1327 1541 :
1343 1518 1371 1542 et
1383 1516 1406 1543 si
1425 1515 1573 1550 probabilis
1587 1515 1680 1546 fuerit.

893 1560 1000 1587 veniam
1015 1565 1199 1595 consequetur
1214 1569 1222 1593 ;
1239 1561 1282 1588 ain
1310 1568 1376 1588 vero
1393 1561 1494 1592 minus.
1512 1564 1680 1596 segregetur.

895 1610 925 1632 ut
941 1605 987 1640 qui
1006 1606 1107 1641 popqu
1121 1605 1282 1634 offensionis
1297 1613 1378 1634 causa
1395 1607 1440 1638 sit.
1457 1611 1484 1634 et
1497 1607 1680 1641 suspicionem

895 1650 1000 1678 dederit
1013 1650 1144 1678 adversus
1157 1659 1232 1683 eum,
1245 1651 1292 1686 qui
1312 1651 1422 1683 obtulit.
1438 1651 1517 1686 quasi
1531 1659 1585 1678 non
1600 1651 1681 1686 digne

894 1696 1033 1723 obtulerit.
1046 1697 1249 1724 Observandum
1265 1696 1397 1731 igitur.ut
1411 1696 1616 1728 subdiacoui,et
1624 1697 1682 1724 dia-

895 1742 957 1769 coni
969 1747 996 1769 et
1006 1743 1096 1777 potius
1106 1749 1182 1770 sacra
1192 1745 1400 1774 contrectantes.
1411 1741 1518 1769 divinas
1529 1741 1679 1769 sanctifica-

896 1787 983 1814 tiones
998 1790 1158 1819 assumant,
1176 1786 1217 1813 vel
1234 1791 1307 1813 certe
1318 1793 1428 1813 causam
1442 1786 1583 1817 dicant,ob
1599 1793 1680 1819 quam

896 1839 928 1859 eo
941 1831 1013 1859 bono
1023 1831 1223 1858 abstinuerunt.
1234 1831 1265 1858 Id
1281 1831 1353 1858 enim
1371 1831 1394 1859 si
1413 1839 1467 1858 non
1480 1831 1593 1863 faciant.
1603 1831 1680 1865 juxta

896 1877 1019 1912 prazdicti
1034 1878 1148 1905 canonis
1165 1882 1285 1905 tenorem
1304 1877 1625 1904 excommunicabuntur.

933 2012 1016 2040 Inter.
1033 2012 1075 2040 l8.
1088 2012 1129 2040 An
1145 2012 1203 2040 sine
1222 2011 1344 2047 periculo
1359 2011 1512 2038 divinarum
1526 2010 1681 2038 sanctifica-

897 2059 1001 2087 tionum
1015 2058 1172 2086 distributio
1193 2063 1220 2086 et
1235 2059 1385 2092 assumptio
1408 2057 1474 2084 fiant
1495 2064 1556 2084 cum
1583 2055 1681 2091 frigido

896 2106 960 2133 vino
983 2109 1010 2132 et
1023 2112 1093 2140 aqua
1111 2114 1118 2132 :
1138 2112 1173 2132 an
1198 2106 1257 2132 sine
1282 2104 1460 2132 excusatione
1475 2110 1544 2137 aqua
1572 2102 1679 2129 fervens

898 2151 1112 2186 participationis
1126 2154 1247 2185 tempore
1258 2151 1285 2177 in
1299 2154 1394 2177 sancta
1410 2149 1446 2176 sit
1462 2147 1612 2175 mittenda?

861 2236 885 2264 υ
932 2239 992 2266 Res.
1008 2238 1075 2265 Cum
1089 2238 1124 2265 32
1136 2245 1222 2265 canon
1238 2241 1340 2265 sancta:
1348 2241 1374 2264 et
1385 2236 1562 2264 mcumenicae
1571 2236 1679 2271 synodi.

896 2288 1001 2311 coactat
1016 2284 1043 2310 in
1060 2282 1153 2310 'l'rullo
1171 2282 1262 2318 magni
1278 2282 1381 2317 palatii.
1399 2281 1561 2316 depositioni
1592 2281 1679 2314 subji-

897 2329 951 2356 ciat
976 2336 1035 2360 eos.
1061 2328 1108 2362 qui
1132 2328 1253 2354 divinum
1277 2331 1305 2355 et
1324 2331 1450 2354 sanctum
1476 2327 1603 2361 poculum
1626 2334 1679 2354 non

897 2377 1060 2400 consecrant
1074 2380 1107 2399 ex
1122 2373 1186 2400 vino
1199 2378 1226 2400 et
1243 2379 1313 2407 aqua
1330 2380 1338 2404 ;
1353 2371 1503 2400 hatresiotae
1525 2371 1607 2405 aliqui
1626 2379 1680 2398 non

897 2418 1038 2452 patiuntur
1054 2418 1170 2446 calidam
1187 2417 1291 2445 infundi
1307 2417 1334 2445 in
1358 2422 1482 2445 sanctum
1508 2421 1534 2444 et
1556 2417 1679 2444 divinum

897 2463 1043 2497 poculum,
1071 2462 1150 2496 Quia.
1183 2464 1322 2498 inquiunt.
1348 2463 1382 2490 de
1409 2470 1442 2490 eo
1481 2461 1548 2491 nihil
1575 2469 1680 2489 canone

898 2509 1122 2544 comprehensum
1152 2513 1205 2537 est.
1233 2509 1356 2536 Audiunt
1385 2512 1487 2540 autem,
1530 2508 1679 2535 ferventem

897 2559 993 2582 sancto
1006 2567 1011 2570 υ
1021 2555 1146 2590 sanguini
1169 2555 1300 2585 additam.
1326 2555 1454 2581 unionem
1476 2561 1552 2587 aqua:
1571 2558 1598 2579 et
1625 2552 1679 2578 vini

897 2602 986 2629 sancti
1017 2601 1111 2628 calicis
1134 2608 1188 2628 non
1215 2605 1332 2631 mutare,
1361 2600 1424 2635 quia
1460 2603 1557 2634 pra-ter
1582 2605 1679 2631 aquam

899 2647 967 2675 nihil
980 2651 1021 2674 est
1034 2646 1117 2674 aliud.
1133 2645 1287 2673 lnfunditur
1309 2650 1411 2677 autem,
1439 2649 1467 2671 ut
1491 2644 1596 2670 vivilica
1619 2651 1680 2670 esse

897 2698 1014 2724 constet,
1029 2701 1089 2728 qua
1103 2693 1190 2720 fluunt
1203 2701 1217 2719 e
1233 2697 1325 2719 sancto
1340 2692 1423 2718 latere
1439 2691 1555 2722 Domini,
1572 2693 1599 2716 ct
1616 2689 1679 2720 Dei'.

898 2745 925 2766 et
941 2739 1094 2766 Servatoris
1112 2739 1197 2765 nostri
1209 2737 1272 2764 Jesu
1288 2737 1399 2764 Christi.
1415 2740 1535 2768 tempore
1549 2735 1679 2762 salutaris

898 2785 1032 2820 passionis
1062 2785 1142 2819 ejus.
1165 2784 1322 2817 sanguinem
1353 2781 1475 2809 videlicet
1504 2785 1530 2808 ct
1561 2788 1679 2815 aquam.

898 2839 957 2865 qua:
985 2830 1113 2857 ferventia
1136 2829 1307 2860 cmuxerunt,
1323 2828 1396 2855 velut
1422 2835 1455 2854 ex
1477 2827 1586 2854 vivificn
1605 2827 1680 2853 dciii-

899 2881 961 2905 cato
978 2883 1092 2911 corpore
1117 2875 1234 2903 vivifica.
1250 2875 1300 2908 Qui
1319 2875 1360 2902 sic.
1384 2874 1466 2909 igitur
1483 2882 1538 2902 non
1566 2873 1678 2905 faciunt.

1489 2925 1522 2954 3|
