1894 3072
77 161 133 190 973

504 160 700 191 IlESl‘ONSA
721 159 772 189 AD.
792 158 1162 190 lNTEBROGATlUN‘ES
1184 160 1314 193 MARCI.

1646 162 1697 192 9'4

119 221 281 254 Ἐρώτησις
292 225 345 248 κη’.
364 222 487 254 Ἔξεστιν
502 225 541 256 είς
553 224 700 260 διαφόρους
712 224 860 260 ἐκκλησίας

946 225 1121 260 Interrogatio
1132 225 1176 252 2i.
1187 225 1225 251 An
1238 223 1397 258 possitqnis
1411 222 1437 249 in
1449 222 1563 249 diversis
1575 222 1699 249 ecclesiis

77 266 257 302 κληρωθῆναι
270 276 340 299 τινα,
358 268 374 302 ἢ
392 268 439 300 οὓς

120 314 187 340 'Aot.
202 311 286 340 Εἶπεν
307 315 336 339 ὲν
359 314 533 348 Εὐαγγελίοις
547 316 560 342 ό
576 315 686 351 Κύριος,
707 313 800 346 Οὐδεὶς
819 314 864 341 δύη

76 366 159 384 νιται
174 359 234 384 δυσὶ
243 358 346 393 κυρίοις
358 359 503 386 δουλεύειν.
514 358 567 387 Τοῦ
577 362 630 396 γὰρ
638 361 696 391 ὲνδς
710 361 861 392 ἀνθέξεται,

76 405 125 430 καὶ
146 405 192 431 τοῦ
204 405 296 440 ἑτέρου
321 407 532 441 καταφρονήσει.
550 407 631 434 Ὀθεν
642 408 687 434 καὶ
702 409 715 434 ὀ
730 411 758 433 ιε’
774 407 864 433 κανὼν

75 452 128 484 τῆς
144 451 225 484 ἁγίας
247 451 295 478 καὶ
310 451 501 486 οἱκουμενικῆς
518 452 539 485 ξ’
565 453 674 479 συνόδου
695 453 781 480 ταῦτα
794 452 864 479 κατὰ

77 498 157 530 ρἦα
172 496 292 529 διέξεισι,
311 496 448 532 Κληρικὶις
463 497 568 524 ἀπδτοῦ
579 499 710 532 παρόντος
728 498 764 533 μὴ
780 506 864 525 κατοι-

75 539 220 565 eameam
257 540 285 565 ὲν
311 540 386 566 δυσὶν
422 540 592 576 ἐκκλησίαις.
621 542 784 577 Ἑμπορείας
811 543 865 578 γὰρ

76 584 127 610 καὶ
148 583 371 619 αἰσχροκερδείας
403 585 467 611 ἴδιον
484 585 572 618 τοῦτο,
590 586 636 612 καὶ
653 586 790 621 ἀλλότριον
818 588 865 613 ὲκ-

77 629 278 663 κλησιαστικῆς
292 630 444 664 συνηθείας.
463 630 634 666 Ἦκούσαμεν
657 632 710 667 γὰρ
732 632 761 663 ἐξ
781 631 866 666 αὐτῆς

76 677 129 710 τῆς
142 677 283 712 Κυριακῆς
301 677 381 711 άγίας
393 677 495 712 φωνῆς,
515 678 556 705 ὅτι
572 679 602 705 οὒ
620 679 732 706 δύναταί
747 687 789 710 τις
807 679 866 706 δυσὶ

77 723 186 758 κυρεοις
201 723 335 750 δουλεύειν
350 732 357 739 ·
372 724 389 759 ἢ
413 724 467 759 γὰρ
494 725 540 751 τὸν
558 725 606 751 ἕνα
624 726 745 760 μισήσει,
758 726 805 752 καὶ
821 725 867 752 τὸν

76 770 175 804 ἕτερον
196 768 334 804 ἀγαπήσει
355 776 362 783 ·
381 770 396 804 ἢ
422 769 467 796 τοῦ
490 770 548 805 ἐνὸς
571 770 725 804 ἀνθέξεται,
747 771 793 797 καὶ
820 770 865 797 τοῦ

77 814 177 849 ἑτέρου
194 815 405 850 καταφρονήσει.
435 815 567 847 Ἕκαστος
578 812 635 848 οὖν,
650 815 721 843 κατὰ
733 817 782 850 τὴν
800 817 867 843 ἀπο-

78 860 209 894 στολικὴν
231 860 333 893 φωνὴν,
357 862 386 887 ἐν
413 857 435 894 ᾧ
461 860 575 896 ἐκλήθη,
600 862 627 887 ὲν
649 861 737 896 τούτῳ
763 861 866 896 ὀφείλει

79 904 185 939 μένειν,
212 904 259 931 καὶ
290 905 482 940 προσεδρεύειν
510 906 540 932 ὲν
567 906 616 941 μιᾷ
639 906 798 942 Ἐκκλησία.
823 906 865 932 Τὰ

76 950 136 985 γὰρ
164 950 198 977 δι’
220 951 444 986 αἰσχροκέρδειαν
461 952 592 986 γινόμενα
611 953 656 979 ἐπὶ
683 953 737 980 τῶν
764 953 865 988 ἐκκλη-

75 996 230 1022 σιαστικῶν
244 997 424 1031 πραγμάτων,
439 997 566 1033 ἀλλότρια
585 998 633 1024 τοῦ
649 998 715 1024 Θεοῦ
733 999 866 1033 καθεστή-

77 1050 156 1068 nam.
174 1042 243 1076 Πρὸς
257 1041 286 1068 δὲ
298 1042 347 1077 τὴν
359 1043 405 1069 τοῦ
423 1042 481 1077 βίου
505 1043 599 1070 τούτου
613 1044 708 1079 χρείαν
722 1045 866 1079 ἐπιτηδεύ-

79 1086 156 1121 ματά
186 1087 238 1113 εἱσι
260 1087 386 1122 διάφορα.
408 1088 453 1120 Ἐξ
472 1088 562 1114 αὐτῶν
581 1087 627 1115 οὖν
649 1088 727 1120 εἴτις
747 1089 867 1124 βούλοιτο

77 1132 114 1158 τὰ
138 1132 255 1167 χρειώδη
283 1133 328 1159 τοῦ
364 1133 491 1168 σώματος
518 1134 680 1170 ποριξέσθω.
700 1135 772 1169 Ἔφη
787 1135 867 1170 γὰρὸ

84 1177 260 1209 Ἀπόστολος.
276 1178 342 1209 Ταῖς
354 1179 460 1213 χρεὲαις
470 1187 520 1214 μου
533 1180 579 1206 καὶ
594 1181 650 1211 τοῖς
662 1179 721 1206 οὖσι
730 1180 788 1214 μετ’
800 1179 866 1214 ἐμοῦ

77 1223 256 1258 ὑπηρέτησαν
266 1225 293 1250 αἱ
302 1225 389 1260 χεῖρες
398 1222 489 1252 αὗται.
498 1225 711 1261 Παρατηρητέον
719 1224 765 1253 οὖν
774 1226 808 1252 τά
821 1227 867 1253 τοῦ

912 271 1029 298 clericus
1045 270 1176 301 ordinari,
1194 277 1279 297 necne
1293 269 1305 295 ?

948 312 1009 343 Res.
1028 315 1100 342 Dixit
1117 316 1144 342 in
1161 315 1313 350 Evangeliis
1338 315 1480 346 Dominus,
1506 313 1589 340 thro
1612 317 1700 347 potest

914 360 1020 387 duobus
1033 360 1150 387 dominis
1160 361 1272 387 servire.
1288 359 1354 385 Nam
1366 359 1412 386 uni
1424 359 1580 390 adlmrebit,
1593 362 1619 384 et
1633 360 1700 385 alte-

914 414 973 434 rum
1001 406 1200 440 aspernabitur.
1226 405 1304 433 Unde
1332 409 1359 432 et
1385 411 1472 431 canon
1503 404 1535 431 15
1561 409 1662 431 sanctae
1675 409 1700 430 et

916 450 1092 478 tacutnenica‘
1109 451 1125 477 7
1142 450 1237 486 synodi
1265 450 1322 477 iure
1351 449 1384 476 ad
1410 450 1518 476 verbum
1549 449 1698 483 exprimit:

915 497 1036 525 Clericus
1053 497 1087 524 ab
1106 497 1157 524 hoc
1177 497 1304 530 deinceps
1324 499 1445 530 tempore
1467 496 1493 521 in
1524 494 1629 522 duabus
1655 503 1700 521 cc-

915 543 1006 571 clesiis
1026 550 1081 570 non
1105 542 1255 570 collocetur
1273 550 1279 567 :
1296 541 1347 568 hoc
1363 542 1434 568 enim
1451 545 1491 567 est
1509 540 1700 575 negotiationis

915 594 942 617 et
953 590 1040 624 turpis
1057 589 1123 616 lucri
1136 589 1286 623 proprium,
1306 588 1333 614 et
1349 587 1383 614 ab
1395 586 1577 614 ecclesiastica
1589 593 1701 612 consuc—

917 634 1009 661 tudine
1039 633 1169 660 alienum.
1192 633 1233 660 Ab
1258 633 1316 667 ipsa
1336 633 1406 659 enim
1422 632 1528 658 Domini
1546 639 1610 658 voce
1627 633 1702 658 audi-

918 678 1017 710 vimus,
1031 686 1084 705 non
1097 685 1178 714 posse
1191 678 1346 713 qttcmpiam
1363 677 1470 704 duobus
1482 677 1599 704 dominis
1616 678 1702 705 servi-

919 732 947 752 re
962 733 969 752 :
987 724 1028 752 vel
1043 731 1126 751 untnn
1142 723 1205 750 odio
1221 723 1340 755 habebit,
1353 727 1381 749 et
1391 722 1506 749 alterum
1523 722 1615 755 diliget
1632 731 1639 755 ;
1662 724 1701 749 vel

919 777 1002 797 unum
1014 769 1203 803 amplectetur,
1213 769 1362 796 etaltcrum
1374 768 1500 802 negligat.
1512 767 1700 802 Unusquisque

919 823 994 850 ergo,
1010 819 1039 842 ut
1058 823 1110 842 vox
1128 819 1169 841 est
1185 814 1345 849 apostolica,
1362 814 1388 840 in
1407 822 1450 845 eo,
1470 814 1496 840 in
1515 821 1569 848 quo
1589 818 1700 840 vocatus

919 866 972 892 est.
997 861 1076 888 debet
1099 867 1219 893 manere,
1245 864 1271 887 et
1296 860 1321 886 in
1349 866 1402 887 una
1426 859 1546 887 Ecclesia
1570 859 1699 886 assidere.

916 907 980 939 Qua:
992 907 1063 933 enim
1077 910 1185 941 propter
1198 909 1278 941 tttrpe
1290 906 1395 932 lucrum
1409 905 1477 932 liunt
1491 905 1518 932 in
1534 904 1701 932 ecclesiasti-

917 952 958 979 cis
976 951 1103 986 negotiis,
1119 958 1150 978 ea
1169 958 1182 978 a
1197 950 1252 978 Deo
1268 954 1331 978 sunt
1346 951 1442 978 aliena.
1461 950 1499 976 Ad
1517 949 1599 984 hujus
1611 953 1701 976 autem

919 999 980 1025 vitae
994 1005 1071 1025 usum
1087 1002 1151 1024 sunt
1165 997 1272 1024 diversa
1287 996 1386 1024 studia.
1400 995 1438 1023 Ex
1459 996 1491 1024 iis
1506 1003 1580 1030 ergo,
1601 995 1624 1023 si
1641 995 1703 1030 quis

917 1045 992 1076 velit,
1006 1051 1036 1070 ea
1050 1051 1110 1078 qua:
1121 1047 1184 1070 sunt
1196 1044 1303 1077 corpori
1313 1043 1344 1069 ad
1359 1051 1436 1069 usum
1453 1041 1614 1072 necessaria,
1628 1049 1703 1068 com-

919 1093 1004 1123 paret.
1025 1088 1096 1114 Dixit
1113 1088 1185 1114 enim
1207 1087 1365 1123 Apostolus,
1388 1086 1489 1114 Usibus
1510 1087 1587 1118 uicis,
1607 1090 1633 1112 ct
1667 1086 1700 1113 iis

921 1134 967 1169 qui
983 1141 1088 1161 mecum
1114 1137 1187 1165 sunt,
1207 1133 1482 1160 subministraverunt
1504 1138 1600 1158 manus
1626 1138 1702 1158 mean.

918 1179 1124 1208 Observandum
1143 1180 1236 1214 igitur,
1259 1183 1286 1206 ttt
1305 1179 1347 1205 hic
1371 1185 1457 1205 canon
1475 1178 1619 1204 inviolatus
1634 1184 1704 1204 cou-

920 1230 1044 1253 scrvetur
1061 1233 1067 1251 ε
1084 1231 1180 1259 magna
1196 1225 1268 1251 enim
1289 1223 1340 1250 fuit
1357 1223 1438 1258 hujus
1455 1223 1632 1257 contemptio.

74 1270 154 1296 θείου
179 1271 271 1296 τούτου
291 1272 401 1302 κανόνος
423 1272 612 1307 συντηρεῖσοαι
626 1272 869 1307 ἀπαρεγχείρητον
884 1270 971 1306 ¹πολλὴ
988 1271 1041 1306 γὰρ
1055 1271 1166 1304 γέγονεν
1184 1269 1265 1296 αὐτοῦ
1284 1270 1496 1304 καταφρόνησις.

121 1315 277 1349 Ἐρώτησις
291 1315 348 1349 φιβ’.
375 1317 499 1352 ’Λρχαϊον
515 1316 575 1348 ἔθος
594 1317 632 1349 είς
648 1317 698 1351 τὴν
713 1317 766 1344 τῶν
788 1318 865 1344 Ἀλε-

76 1359 216 1395 ξινδρέων
230 1361 364 1395 ἐκράτησε
380 1360 482 1396 χώραν,
498 1361 559 1393 τοὺς
580 1361 762 1392 τελευτῶντας
786 1362 866 1396 lapsi;

75 1406 126 1432 καὶ
141 1405 279 1440 ἀρχιερεῖς
292 1400 336 1433 διὰ
363 1407 443 1440 ἁγίου
457 1406 543 1442 μύρου
559 1407 694 1442 χρίεσθαι,
722 1408 770 1434 καὶ
789 1408 868 1433 ἔντα-

76 1451 228 1485 φιάζεσθαι
243 1460 250 1467 ο
265 1453 311 1478 καὶ
321 1452 457 1486 ζητοῦμεν
472 1453 567 1486 μαθεῖν
580 1453 603 1478 εί
617 1452 868 1487 ἀπροκριμάτιστον

75 1497 159 1524 τοῦτό
172 1498 258 1524 ἐστιν.

113 1543 177 1570 Ἀπ.
193 1541 376 1576 Εὐαγγελικόν
400 1542 459 1569 ἐστι
472 1542 667 1577 παράγγελμα,
680 1541 753 1575 ἅπαξ
771 1541 868 1576 βαπτί-

77 1588 175 1620 ζεσθαι
187 1589 248 1620 τοὺς
271 1588 470 1620 πιστεύσαντας
495 1590 533 1620 είς
548 1588 578 1615 τδ
593 1588 680 1623 ὄνομα
696 1588 742 1615 τοῦ
763 1587 868 1623 Πατρδς

75 1634 125 1660 καὶ
136 1632 184 1660 τοῦ
197 1631 260 1659 Υἱοῦ
277 1633 324 1659 καὶ
338 1633 384 1659 τοῦ
398 1633 475 1666 ἁγίου
490 1633 658 1670 Πνεύματος.
672 1634 721 1661 Διά
737 1642 777 1660 τοι
790 1634 868 1660 τοῦτο

75 1678 126 1706 καὶ
144 1680 157 1705 ὁ
176 1678 220 1713 μζ¹
244 1678 333 1706 κανὼν
354 1679 408 1705 τῶν
431 1679 517 1712 ἁγίων
542 1680 697 1707 ἀποστόλων
711 1679 798 1707 ταῦτά
812 1688 862 1715 φη·

76 1733 133 1756 σιν,
159 1724 323 1756 Ἐπίσκοπος
345 1725 360 1760 ἢ
385 1724 570 1760 πρεσϐύτερος
585 1726 630 1752 τὸν
648 1726 720 1752 κατὰ
737 1725 869 1760 ἀλήθειαν

75 1770 176 1804 ἔχοντα
191 1769 331 1804 βάπτισμα
346 1769 393 1796 ἐὰν
412 1770 516 1798 ἄνωθεν
539 1770 668 1806 βαπτίσῃ,
691 1771 708 1806 ἢ
721 1771 766 1798 τὸν
785 1779 870 1806 μεμο-

74 1815 215 1850 λυσμένον
229 1816 306 1850 παρὰ
329 1816 384 1842 τῶν
402 1815 509 1842 ἀσεϐῶν
524 1816 561 1851 μὴ
583 1816 714 1852 βαπτίσῃ,
729 1816 869 1852 καθαιρεί-

77 1860 138 1887 σθω
152 1869 160 1876 ·
177 1860 215 1892 ὡς
232 1860 318 1895 γελῶν
341 1861 387 1888 τὸν
415 1861 530 1897 σταυρὸν
552 1862 661 1888 καὶτὸν
691 1862 737 1888 τοῦ
767 1862 868 1896 Κυρίου

73 1907 206 1938 θάνατον,
224 1907 271 1934 καὶ
289 1907 327 1942 μὴ
341 1907 487 1942 διακρίνων
503 1907 593 1942 ἱερέας
608 1907 797 1943 ψευδοῖερὲων.
814 1908 869 1934 Καὶ

74 1954 90 1980 ό
116 1955 154 1987 ιη’
169 1952 260 1978 κανὼν
283 1953 332 1987 τῆς
351 1953 380 1978 ἐν
407 1953 571 1990 Καρθαγένῃ
595 1953 702 1979 συνόδου
728 1953 812 1980 ταῦτα
831 1953 869 1979 διλ-

72 1999 189 2031 (iactv,
209 1997 272 2024 Ἐάν
291 2007 332 2029 τις
348 1997 477 2033 κληρικὸς
488 1998 791 2035 χειροτονῆται,ὁφείλει
803 1999 870 2026 ὐπο-

75 2045 284 2080 μιμνήσκεσθαι
305 2045 368 2076 τοὺς
382 2045 461 2079 ὄρους
484 2045 629 2079 φυλάττειν
649 2053 656 2060 '
675 2046 721 2071 καὶ
744 2045 787 2072 ἵνα
812 2046 869 2077 τοῖς

74 2090 188 2123 σέλμασι
203 2088 259 2115 τῶν
290 2088 479 2116 ἀποθανόντων
503 2089 662 2125 εὐχαριστία
679 2090 717 2125 μὴ
739 2090 860 2123 διδῶται,

74 2134 146 2170 μηδὲ
165 2135 318 2169 βάπτισμα.
332 2134 363 2160 Οἱ
385 2134 451 2167 γοῦν
481 2134 526 2161 διὰ
552 2134 638 2169 μύρου
656 2135 779 2170 χρίοντες
805 2136 867 2167 τοὺς

69 2180 261 2211 τελευτῶντας
278 2179 359 2215 ίερεῖς
382 2179 429 2206 καὶ
454 2179 601 2214 ἀρχιερεῖς,
620 2178 637 2215 ἢ
664 2181 774 2214 ἑτέρους
794 2181 869 2212 τινὰς
885 2176 907 2203 1)

70 2227 122 2252 καὶ
137 2225 226 2256 οὕτως
253 2224 471 2260 ἐνταφιάζοντες,
503 2225 623 2260 μεγάλης
650 2224 704 2251 εἰσὶ
732 2226 868 2257 κολάσεως

71 2272 148 2304 ἄξιοι
163 2278 169 2284 ·
187 2270 203 2305 ἦ
218 2269 254 2301 ὡς
268 2269 519 2304 καταγινώσκοντες
539 2269 594 2303 τῶν
617 2270 802 2305 βαπτιζόντων
818 2271 864 2305 ὁρ-

71 2317 193 2349 θοδόξων
208 2316 317 2347 αὐτοὺς.
333 2316 349 2351 ἦ
371 2316 408 2348 ὡς
437 2315 473 2350 μὴ
501 2315 687 2351 πληροφορίαν
705 2316 813 2351 ἔχοντες
827 2316 868 2343 ἐν-

70 2361 152 2396 τελῆ,
167 2362 223 2392 τοῖς
247 2360 397 2396 ὀρθοδόξοις
415 2359 483 2387 εἶναι
502 2360 612 2392 τούτους
637 2360 792 2393 κοινωνοὺς,
820 2361 865 2388 καὶ

71 2408 129 2442 προ
142 2406 332 2442 κατακρίσεως
350 2406 568 2442 κατακρίνοντες.

116 2451 282 2486 Ἐρώτησις
310 2450 365 2486 κγ’.
396 2451 591 2486 Λελωΰημένος
619 2452 635 2486 ἦ
663 2451 863 2488 ἑτερόφθαλμος

70 2494 204 2530 ἀξιωθείη
216 2494 321 2530 βαθμοῦ
337 2495 492 2530 ἱερατικοῦ;
507 2493 523 2530 ἢ
543 2495 556 2522 ὁ
570 2496 640 2530 μετὰ
654 2495 701 2531 τὴν
715 2497 864 2532 ἱερωσύνην

70 2540 238 2574 καταπειθὴς
268 2540 399 2574 γεγονὼς,
428 2541 529 2567 ὲσεῐται
562 2541 608 2567 καὶ
629 2541 697 2576 μετὰ
725 2541 755 2568 τὸ
779 2542 863 2574 πάθος

71 2585 239 2622 ἱερουργῶν,
254 2586 269 2621 ἢ
286 2585 332 2618 οῦς

115 2635 184 2661 Ἀπ.
201 2633 254 2660 Καὶ
279 2630 371 2660 ἄλλοτε
392 2632 505 2667 εἴπομεν
519 2630 572 2659 ἀπὸ
589 2632 636 2658 ’τοῦ
660 2633 808 2661 Μωσαῖκοῦ
821 2635 864 2661 νό-

72 2688 125 2714 μου
143 2678 207 2709 τοὺς
218 2677 354 2708 τοιούτους
369 2676 409 2709 εὶς
424 2676 574 2713 ἱερωσύνην
587 2677 624 2712 μὴ
632 2678 856 2712 προῦιὸἀζεσοαι-

73 2724 107 2750 '0
119 2724 147 2750 δὲ
167 2722 205 2755 οξ
219 2723 309 2750 κανὼν
325 2724 379 2750 τῶν
394 2723 477 2756 ἁγίων
493 2724 538 2750 καὶ
548 2724 733 2759 πανευφήμων
746 2725 859 2751 ἀποστό-

69 2771 126 2796 λων
140 2769 228 2797 ταῦτά
243 2778 335 2805 φησιν·
355 2769 387 2795 Εἴ
401 2778 441 2801 τις
460 2769 597 2805 ἀνάπηρος
653 2771 697 2797 τὸν
710 2771 859 2805 ὀφθαλμὸν,

957 1316 1134 1350 Interrogatio
1150 1313 1194 1341 22.
1211 1314 1295 1341 Vetus
1310 1313 1478 1341 consuetudo
1500 1314 1526 1340 in
1543 1313 1705 1340 Alexandri-

921 1370 1018 1389 norum
1044 1362 1155 1396 regione
1182 1360 1309 1392 obtinuit,
1334 1364 1364 1386 ut
1386 1359 1484 1386 mortui
1507 1359 1662 1386 sacerdotes
1675 1362 1703 1386 et

924 1407 1066 1442 pontiﬁces
1079 1411 1175 1433 sancto
1189 1410 1358 1440 ungerentur
1370 1409 1521 1440 unguento,
1533 1409 1559 1433 et
1576 1405 1610 1432 ila
1626 1413 1704 1438 sepe~

922 1450 1047 1478 lirentur.
1071 1451 1113 1477 An
1134 1450 1199 1477 illud
1219 1453 1296 1477 extra
1319 1450 1506 1485 praeiudicium
1530 1450 1575 1481 sit,
1600 1450 1705 1476 discere

881 1498 902 1529 C
918 1498 1055 1532 cupimus.

954 1543 1015 1572 Res.
1030 1543 1221 1579 Evangelicum
1236 1546 1279 1570 est
1296 1546 1472 1577 praeceptum.
1489 1545 1571 1569 semel
1586 1549 1644 1574 eos,
1656 1543 1704 1577 qui

920 1590 1104 1617 crediderunt.
1120 1589 1254 1624 baptizari
1269 1589 1296 1615 in
1311 1589 1419 1615 nomine
1432 1588 1532 1618 Patris,
1547 1593 1571 1615 et
1591 1587 1663 1620 Filii,
1677 1592 1706 1616 et

920 1630 1040 1670 Spiritus
1054 1636 1153 1663 sancti.
1167 1634 1208 1662 Ob
1220 1641 1280 1662 eam
1294 1642 1351 1662 rem
1367 1633 1437 1661 0147
1448 1641 1535 1661 canon
1547 1639 1703 1661 sanctorum

920 1680 1106 1715 apostolorum
1130 1680 1187 1707 haec
1199 1680 1287 1714 inquit
1303 1688 1310 1706 :
1327 1678 1477 1713 Episcopus
1496 1679 1536 1706 vel
1553 1679 1705 1714 presbyter,

919 1733 992 1758 eum,
1002 1726 1117 1760 quivere
1130 1726 1209 1753 habet
1224 1725 1401 1760 baptismum,
1416 1725 1439 1751 si
1454 1724 1486 1750 de
1498 1724 1601 1758 integro
1618 1725 1707 1759 bapti-

919 1772 1031 1804 zaverit,
1051 1772 1092 1799 vel
1105 1772 1127 1798 si
1139 1779 1212 1803 eum,
1225 1770 1271 1806 qui
1299 1770 1331 1797 ab
1348 1770 1438 1804 impiis
1448 1769 1569 1802 pollutus
1585 1774 1635 1800 est,
1651 1777 1705 1797 non

925 1817 1113 1852 baptizaverit,
1127 1817 1288 1851 deportatur,
1306 1819 1336 1842 ut
1352 1815 1399 1849 qui
1416 1815 1528 1842 irrideat
1547 1822 1660 1842 mortem
1678 1821 1702 1842 et

919 1871 1028 1891 crucem
1045 1863 1196 1894 Domini.et
1207 1871 1260 1891 non
1273 1863 1412 1890 discernat
1426 1862 1582 1890 sacerdotes
1599 1870 1613 1889 a
1631 1862 1706 1889 falsis

919 1909 1118 1937 sacerdotibus.
1143 1909 1175 1936 Et
1200 1909 1232 1935 l8
1259 1916 1346 1936 canon
1374 1907 1470 1944 synodi
1490 1908 1706 1942 Cat-haginensis

919 1955 977 1982 haec
1006 1954 1134 1990 exprimit
1149 1963 1157 1982 :
1175 1953 1202 1981 Si
1231 1954 1293 1988 quis
1315 1954 1432 1981 clericus
1459 1953 1610 1984 ordinetur,
1627 1953 1706 1980 debet

920 2000 1071 2032 admoneri,
1087 2005 1116 2027 ut
1127 2004 1218 2027 servet
1229 1999 1337 2027 decreta
1352 2007 1360 2032 ;
1377 2003 1403 2026 et
1416 2003 1444 2026 ut
1458 2003 1628 2025 mortuorum
1644 2005 1706 2024 cor—

921 2046 1034 2082 poribus
1047 2045 1221 2073 Eucharistia
1239 2052 1294 2072 non
1309 2045 1399 2077 detur,
1412 2051 1463 2071 nec
1480 2044 1642 2078 baptismus.
1653 2042 1705 2075 Qui

919 2093 1002 2126 igitur
1025 2095 1164 2127 unguento
1188 2090 1324 2118 deliﬂiunt
1345 2096 1468 2118 tnortuos
1487 2089 1654 2120 sacerdotes,
1678 2093 1706 2116 et

918 2138 1070 2174 pontiﬁces,
1089 2142 1135 2164 aut
1153 2137 1221 2164 alios
1241 2137 1364 2171 quosvis,
1385 2141 1412 2164 et
1427 2137 1468 2164 sic
1485 2135 1630 2171 sepeliunt,
1647 2142 1705 2161 ma-

922 2189 973 2217 gna
989 2185 1054 2208 sunt
1075 2181 1256 2215 castigatione
1278 2180 1363 2215 digni,
1384 2179 1426 2207 vel
1451 2183 1480 2205 ιιι
1500 2181 1704 2206 contemnentes

922 2227 1100 2258 orthodoxos,
1123 2227 1168 2260 qui
1187 2234 1234 2254 eos
1251 2226 1424 2261 baptizarunt
1443 2234 1450 2257 ;
1479 2225 1520 2252 vel
1543 2228 1572 2251 ut
1597 2225 1704 2260 plenam

922 2280 975 2299 non
993 2272 1124 2300 habentes
1149 2272 1377 2303 testiﬁcationem.
1394 2270 1465 2306 quod
1482 2271 1508 2297 hi
1530 2277 1592 2297 cum
1610 2269 1705 2297 ortho-

920 2314 997 2345 doxis
1010 2317 1111 2345 fuerint
1124 2318 1283 2353 participes,
1302 2321 1329 2344 et
1345 2321 1407 2344 ante
1421 2316 1554 2351 judiciqu
1566 2315 1705 2359 .condem-

921 2367 1028 2390 nantes.

953 2454 1036 2481 Inter.
1059 2454 1104 2481 25.
1132 2454 1242 2481 Mancus
1263 2459 1309 2481 aut
1329 2455 1491 2481 monoculus
1521 2453 1703 2481 liabebitttrne

918 2501 1002 2536 gradu
1019 2498 1181 2528 sacerdotali
1195 2500 1313 2534 dignus?
1325 2504 1371 2526 aut
1382 2500 1427 2534 qui
1444 2503 1504 2534 post
1519 2498 1703 2527 sacerdotium

921 2547 1063 2574 mutilatus
1071 2551 1122 2579 est,
1136 2547 1344 2581 pennitteturuc
1369 2550 1429 2580 post
1440 2546 1534 2572 vitium
1548 2544 1704 2573 sacrilicare

920 2592 1035 2619 annon?

956 2637 1014 2664 Res.
1024 2636 1056 2663 Et
1067 2636 1130 2663 alibi
1143 2636 1274 2670 diximus,
1287 2637 1337 2665 hos
1349 2638 1381 2664 ad
1394 2636 1574 2665 sacerdotium
1587 2635 1703 2663 Mosaica

923 2689 971 2715 ego
985 2689 1038 2708 non
1051 2680 1216 2715 promoveri.
1235 2680 1328 2708 Canon
1344 2686 1433 2708 autem
1450 2681 1484 2708 77
1499 2682 1657 2708 sanctorum
1674 2685 1704 2707 et

916 2726 1122 2753 bcnedictorum
1152 2726 1338 2760 apostolorum
1359 2726 1417 2753 hac
1442 2727 1479 2752 ait
1497 2734 1504 2752 :
1523 2726 1550 2753 Si
1576 2725 1638 2761 quis
1661 2729 1702 2754 vol

917 2772 998 2798 oeulo
1031 2772 1143 2799 orbatus
1169 2771 1210 2798 vel
1235 2771 1338 2799 feruore
1361 2773 1479 2799 oblmsus
1499 2778 1521 2804 ο,
1544 2772 1702 2808 episcopatu

705 2817 821 2845 VARLE
842 2817 1040 2846 LECTIONES.

111 2866 124 2881 ί
140 2862 178 2888 vel
200 2870 276 2888 cruce
299 2863 387 2889 ltt'sus.
