1894 3072
196 149 248 181 97.)

852 149 901 179 ΤΗ
907 149 988 180 ΕΟῘ).
1015 150 1061 178 B'A
1069 150 1131 179 LSA
1138 148 1254 179 MONIS

1770 150 1817 181 976

198 214 287 236 autem
301 209 398 243 dignus
415 208 459 240 sit,
477 209 531 236 ﬁat.
550 208 608 242 Mn
625 209 696 236 enim
713 209 838 244 corporis
853 209 982 236 damnum

1041 209 1053 244 ἢ
1069 209 1099 235 τδ
1111 209 1204 242 σκέλος
1219 210 1420 245 πεπληγμένος,
1437 209 1509 242 ἄξιος
1525 211 1552 237 δέ
1568 211 1641 236 ἐστιν
1653 209 1815 244 ἐπισκοπῆς,

197 263 259 282 eum
280 255 383 290 polluit,
406 255 452 282 scd
476 256 573 282 anima:
591 255 752 290 inquinatio.
779 255 812 282 Et
840 255 873 281 78
895 263 982 282 canon

198 301 356 328 eorumdem
386 306 542 328 sanctorum
568 302 752 336 apostolorum
776 301 815 329 sic
833 301 979 335 loquitur:

198 346 249 377 Qui
263 349 353 372 autem
371 350 412 373 est
426 345 526 373 surdus
543 351 570 373 et
589 353 688 378 caecus,
710 354 743 374 ne
773 347 808 374 sit
825 347 982 381 episcopus,

197 399 252 418 non
268 395 298 418 ut
316 391 443 426 pollutus,
460 390 507 418 sed
528 399 560 418 ne
574 391 761 418 ecclesiastica
781 392 981 425 impediantur.

190 437 360 471 "Quicunque
375 437 458 472 igitur
468 437 626 464 morborum
643 438 796 472 aliquorum
817 437 881 464 vitio
895 437 984 472 prohi-

198 482 246 508 liili
275 481 376 508 fuerint
401 482 610 509 sacerdotalium
626 482 758 517 graduum
776 482 839 516 jura
854 483 980 517 exsequi.

200 527 373 560 ordinatione
387 526 460 561 digni
476 534 529 554 non
547 527 730 554 habebuntur.
750 527 800 560 Qui
815 532 905 555 autem
923 531 985 561 post

198 572 399 598 ordinationem
427 571 467 599 sic
490 572 560 599 male
584 572 673 599 aﬂ'ecti
695 576 770 604 sunt,
796 580 874 600 sacra
894 572 984 600 facere

198 616 294 642 morbo
308 622 361 642 non
378 614 571 648 impediuntur.
588 614 622 642 Et
637 617 674 642 ita
692 616 827 643 imbecilla
842 616 984 643 constituti

201 658 367 692 valetudine,
396 658 480 686 libere
511 659 715 688 sacriﬁcabunt.
744 660 791 688 Dei
813 661 984 695 praeconibus

163 702 166 708 ⁴
200 704 271 731 enim
295 704 405 738 placuit,
427 712 475 739 per
492 706 691 733 mutilationem
705 706 829 740 corporis
843 714 858 732 a
880 706 982 733 sacriﬁ~

156 749 164 786 χ
199 749 306 777 catione
331 757 385 776 non
412 750 550 784 prohiberi
569 759 743 785 quemquam.
761 751 838 784 Quod
860 752 884 779 si
898 752 983 778 morbi

154 788 157 794 ’
199 794 319 821 debitum
329 794 420 822 ofﬁcio
433 794 577 822 sacerdotii
591 795 627 822 sit
641 796 843 830 impedimento,
858 803 984 823 exercere

200 839 457 876 desinetaegrotans,
467 847 483 866 a
493 839 623 874 dignitate
636 844 724 867 tamen
735 848 789 867 non
803 841 967 867 alienabitur
975 861 982 872 ,

200 884 266 918 quin
289 885 384 918 potius
413 883 585 912 miserandus
610 886 674 918 erit,
705 892 736 912 ac
759 886 850 919 priore
876 885 983 919 quidem

200 931 302 957 honore
318 930 435 962 fruetur,
448 930 558 958 habebit
575 937 663 958 autem
680 932 760 958 etiam
776 939 836 966 qua:
856 932 889 958 ad
902 932 984 959 vitam

200 976 406 1003 sustentandam
429 976 574 1008 suﬂiciant,
590 981 617 1004 et
638 977 753 1011 reliqua,
771 976 847 1010 juxta
866 977 983 1011 priorem

201 1021 440 1048 consuetudinem.

238 1065 319 1091 Inter.
337 1065 382 1091 24.
400 1065 441 1092 An
457 1065 595 1096 sacerdos,
613 1070 654 1092 vet
669 1066 801 1093 diaconus
816 1086 824 1098 ,
841 1069 898 1094 sine
913 1067 985 1099 peri-

201 1111 263 1136 rqu
278 1110 322 1136 ﬁat
340 1111 549 1143 nummularius,
563 1112 603 1138 vel
619 1112 852 1144 commcrciarius,
869 1112 909 1139 vel
927 1119 985 1139 me-

200 1156 288 1188 dicus,
303 1156 343 1183 vel
359 1155 521 1190 astrologus,
538 1157 645 1183 necne?

237 1199 295 1227 Rea.
320 1201 414 1227 Canon
433 1205 590 1228 sanctorum
605 1205 632 1228 et
647 1201 721 1228 omni
739 1201 818 1229 laude
840 1202 984 1229 beatorum

201 1245 388 1279 apostolorum
399 1265 405 1277 ,
419 1245 475 1272 haec
489 1245 576 1280 inquit
589 1254 594 1272 :
605 1245 817 1280 Episcopus,vel
833 1246 984 1281 presbyter,

200 1290 241 1317 vel
259 1290 391 1318 diaconus
404 1291 541 1319 seculares
558 1299 638 1319 curas
653 1300 707 1319 non
720 1293 853 1327 suscipiat
865 1301 872 1321 :
883 1293 984 1328 alioqui

200 1336 361 1370 deponatur.
379 1336 463 1364 Nemo
478 1337 550 1364 enim
567 1341 657 1372 potest
673 1338 779 1366 duobus
793 1337 911 1366 dominis
927 1345 984 1365 ser-

199 1381 267 1408 vire.
288 1380 321 1408 Et
339 1381 369 1409 8|
393 1389 479 1409 canon
494 1382 560 1409 dicit
585 1390 592 1408 :
619 1381 752 1416 Diximus,
777 1390 830 1410 non
858 1387 985 1418 oportere

200 1427 369 1462 episcopum,
390 1427 432 1454 vel
448 1428 647 1463 presbyterum,
667 1427 785 1463 seipsnm
805 1428 838 1455 ad
860 1429 984 1463 publicas

201 1473 454 1500 administrationes
482 1474 634 1504 demittere.
662 1475 709 1501 sed
734 1475 761 1501 in
788 1475 984 1502 ecalesiasticis

203 1519 317 1553 negotiis
332 1520 445 1546 versari.
460 1520 546 1547 Nemo
574 1521 646 1547 enim
671 1524 761 1554 potest
775 1520 882 1547 duobus
898 1521 985 1547 domi-

202 1564 245 1591 nis
261 1564 375 1594 servire.
391 1565 543 1592 secundum
568 1565 740 1592 Dominicum
755 1565 880 1592 verbum.

242 1608 287 1637 Vel
310 1617 374 1644 ergo
391 1611 427 1636 ita
450 1618 504 1637 non
524 1610 611 1637 facere
640 1611 846 1644 persuadeatur,
872 1611 913 1638 vel
938 1611 987 1637 dr-

203 1659 332 1689 ponatur.
355 1656 388 1681 Et
414 1662 502 1682 canon
536 1655 551 1682 6
571 1655 675 1690 .synodi
698 1655 920 1690 Carthaginensis
940 1656 987 1683 dc-

204 1700 280 1733 linit,
307 1708 340 1727 ex
363 1700 463 1737 infami
491 1700 535 1727 vel
561 1700 634 1735 turpi
661 1701 768 1735 negotio
797 1705 920 1728 sacratos
948 1701 990 1728 vi-

202 1751 276 1772 ctum
301 1753 353 1772 non
377 1752 544 1779 comparare.
572 1746 605 1772 Et
625 1753 711 1773 canon
740 1745 774 1772 i0
802 1745 921 1780 ejusdem
944 1754 988 1781 sy-

197 1791 268 1819 nodi
295 1791 328 1818 ad
355 1791 542 1818 institutiones
568 1799 711 1826 puerorum
736 1797 761 1818 et
784 1791 987 1826 Scripturarum

205 1837 347 1864 lectionem
379 1836 478 1863 debere
508 1841 617 1871 paratos
646 1845 706 1864 esse
734 1837 848 1863 clericos
877 1836 988 1868 deﬁnit,

205 1887 231 1908 et
252 1890 305 1910 non
334 1882 477 1909 mundanis
495 1887 521 1909 et
539 1882 715 1909 saecularibus
747 1882 820 1909 curis
848 1882 989 1918 occupari.

206 1929 253 1956 Est
270 1936 333 1955 vero
356 1928 437 1954 etiam
458 1928 544 1962 jussio
563 1928 572 1946 ί
600 1928 691 1962 inclyti
719 1928 909 1962 imperatoris,
941 1927 989 1954 do-

207 1974 272 2000 mini
297 1973 429 2000 Manuelis
451 1973 598 2005 Comneni,
623 1973 694 2000 edita
719 1981 812 2000 mense
824 1972 989 2004 Novembri,

203 2020 303 2047 indict.
330 2020 372 2051 i5,
391 2019 425 2046 ad
445 2018 627 2053 quorumdam
652 2019 812 2046 clericorum
837 2019 990 2045 nummula-

209 2065 308 2091 riorum
330 2064 542 2098 suggestionem,
569 2064 708 2097 insinuata
735 2064 762 2090 in
777 2068 883 2091 secreto
899 2063 993 2090 dome-

208 2110 337 2136 sticorum
358 2110 381 2140 Β,
413 2116 506 2136 mense
524 2108 679 2140 Novembri,
702 2108 795 2136 indict.
817 2108 861 2141 15,
884 2111 911 2135 et
935 2108 992 2135 hmo

207 2154 359 2189 expressim
386 2154 570 2188 praecipiens:
596 2153 635 2179 Ad
660 2160 838 2187 quoscunque
862 2159 991 2187 pervene-

1033 255 1160 288 γινὲσθω.
1176 257 1212 282 Οὐ
1227 257 1280 291 γὰρ
1295 256 1367 291 λὼὃη
1384 256 1508 291 σώματος
1523 257 1603 282 αὐτὸν
1626 255 1741 289 μιαίνει,
1753 255 1813 282 ἀλλὰ

1032 299 1120 334 ψυχῆς
1136 300 1280 334 μολυσμὸς.
1311 301 1363 326 Καὶ
1374 302 1388 327 ὸ
1401 304 1440 335 οη¹
1458 301 1547 327 κανὼν
1562 301 1615 327 τῶν
1629 301 1721 327 αὐτῶν
1736 301 1812 334 ἁγίων

1033 345 1190 372 ἀποστόλων
1207 345 1277 371 οὕτω
1304 345 1424 377 διέξεισι,
1451 346 1548 379 lno-pb;
1571 346 1616 371 καὶ
1635 345 1750 378 τυφλὸς,
1775 345 1806 379 μὴ

1033 390 1149 424 γινέσθω
1168 391 1315 421 ἐπίσκοπος
1329 399 1335 406 ·
1349 392 1397 426 οὺχ
1414 391 1451 421 ὡς
1479 390 1678 425 μεμιασμένος,
1706 390 1813 415 ἀλλ’ἵνα

1035 435 1072 469 μὴ
1086 435 1120 460 τὰ
1146 435 1358 469 ὲκκλησιαστικὰ
1376 434 1627 470 παρεμποδίζοιντο.
1640 435 1674 460 Ὂ
1685 442 1727 460 σοι
1736 435 1814 459 τοίνυν

1035 481 1067 506 ὲκ
1084 480 1186 511 πάθους
1203 481 1426 516 ἀρρωστημάτων
1448 480 1528 506 τινῶν
1544 479 1690 514 ίερατικῶν
1711 479 1814 513 βαθμῶν

1034 525 1154 560 ἐνεργεῖν
1167 526 1335 552 κεκώλυνται
1351 526 1442 552 δίκαια
1457 525 1624 560 χειροτονίας
1640 525 1692 550 οὐκ
1705 524 1815 558 ἀξιωθή-

1035 579 1136 597 σοντοιι.
1151 572 1182 597 Οί
1207 571 1235 597 δὲ
1250 571 1317 606 μετὰ
1341 571 1389 605 τὴν
1410 570 1582 606 χειροτονίαν
1595 569 1667 596 οὕτω
1691 569 1815 600 παθόντες

1034 616 1138 648 κακῶς,
1153 617 1203 642 οὐκ
1215 616 1404 650 ἐμποδίζονται
1420 615 1465 642 διὰ
1487 615 1537 649 τὴν
1555 615 1632 640 νόσον
1660 614 1815 648 ἱερουργεῖν,

1035 661 1082 688 καὶ
1095 661 1186 692 οὕτως
1205 661 1356 697 ἀρρώστως
1380 661 1497 695 ἔχοντες,
1511 659 1659 690 ἀκωλύτως
1676 659 1816 694 ἱερουργή-

1036 715 1122 735 σουσι.
1145 707 1208 738 Τοῖς
1228 707 1287 741 λγὰρ
1305 705 1465 741 θεοκήρυξιν
1493 705 1577 737 εδοξε,
1600 703 1645 730 διὰ
1658 704 1750 738 λώϐην
1769 703 1816 729 σώ-

1037 761 1120 787 ματος
1140 752 1190 786 τῆς
1205 752 1360 788 ἱερουργίας
1372 751 1433 778 τινὰ
1454 751 1491 785 μὴ
1506 749 1669 776 κωλύεσθαι.
1683 749 1715 775 Ei
1731 749 1759 774 δὲ
1771 749 1816 782 τῆς

1036 798 1171 831 ίερατείας
1182 798 1211 823 τὸ
1222 797 1381 832 σπούδασμα
1393 796 1532 831 ἐμποδίζει
1541 796 1590 829 τῆς
1603 794 1682 822 νόσου
1692 793 1724 820 τδ
1738 794 1816 828 6:911;-

1036 853 1084 877 μα,
1109 843 1159 878 τῆς
1189 843 1326 878 ἐνεργείας
1350 842 1519 876 παυθήσεται
1552 842 1566 866 ὁ
1592 839 1688 871 νοσῶν,
1719 839 1766 865 τοῦ
1791 839 1817 865 δὲ

1000 878 1021 906 Β
1036 888 1188 923 ἀξιώματος
1206 889 1256 915 οὐκ
1281 888 1526 924 ἀλλοτριωθήσεται
1539 894 1546 901 ·
1568 886 1635 912 ἀλλὰ
1657 885 1758 921 μᾶλλον
1777 887 1817 911 οἱ-

1035 933 1259 968 κτειρηθήσεται,
1289 933 1336 960 καὶ
1363 932 1511 959 ἀπολαύσει
1532 931 1582 966 μὲν
1607 931 1657 965 τῆς
1685 931 1818 965 προτέρας

1035 979 1127 1013 τιμῆς,
1137 979 1191 1011 ἕξει
1206 979 1234 1005 δὲ
1248 979 1294 1005 καὶ
1309 977 1343 1004 τὰ
1357 978 1423 1012 πρὸς
1434 977 1596 1011 ζωέιρκειαν,
1612 975 1660 1001 καὶ
1681 975 1716 1002 τὰ
1730 975 1817 1008 λοιπὰ,

1036 1023 1107 1050 κατὰ
1120 1023 1167 1058 τὴν
1184 1023 1318 1057 προτέραν
1336 1022 1491 1057 συνήθειαν.

1077 1069 1237 1102 Ἐρώτησις
1254 1067 1307 1095 κδ’.
1332 1068 1492 1098 Ἀκινδύνως
1508 1068 1613 1101 γίνεται
1624 1067 1714 1101 ἱερεὺς
1730 1066 1746 1100 ἢ
1767 1066 1819 1092 διὰ·

1035 1123 1113 1146 κονος
1127 1115 1324 1149 καταλλάκτης,
1349 1114 1364 1148 ἢ
1387 1113 1613 1148 κομμερκιάριος,
1635 1113 1652 1147 ἢ
1676 1113 1780 1147 ἰατρὸς,
1803 1111 1818 1145 ἢ

1036 1159 1207 1194 ἀστρολόγος,
1222 1159 1238 1193 ἢ
1250 1158 1279 1185 οὔ
1291 1168 1299 1192 ;

1076 1205 1141 1230 ’Aa.
1166 1203 1194 1230 ‘0
1211 1202 1236 1235 ς’
1252 1202 1341 1229 κανὼν
1365 1202 1420 1229 τῶν
1449 1201 1533 1235 ἁγίων
1558 1201 1606 1228 καὶ
1634 1201 1819 1236 πανευφήμυν

1036 1249 1190 1275 ἀποστόλων
1211 1248 1296 1275 ταῦτά
1313 1255 1406 1282 φησιν·
1437 1248 1612 1279 Ἐπίσκοπος,
1634 1247 1650 1281 ἢ
1673 1246 1820 1280 πρεσϐύτε-

1037 1303 1093 1330 ρος,
1108 1295 1124 1329 ἢ
1138 1294 1260 1325 διάκονος
1275 1293 1408 1328 κοσμικὰς
1420 1293 1563 1328 φροντίδας
1578 1291 1616 1327 μὴ
1632 1291 1822 1326 ἁναλαμΰανέ-

1035 1350 1075 1368 τω
1087 1349 1093 1356 ·
1106 1343 1130 1368 ει
1142 1341 1170 1368 δὲ
1184 1342 1231 1377 μὴ.
1245 1341 1437 1376 καθαιρείσθω.
1450 1341 1550 1373 ᾗΟὑδεὶς
1565 1341 1619 1375 γὰρ
1632 1340 1744 1366 δύναται
1762 1340 1821 1365 δυσὶ

1035 1387 1138 1421 κυρίοις
1148 1386 1292 1413 δουλεύειν.
1307 1387 1361 1413 Καὶ
1376 1388 1390 1413 ὁ
1403 1385 1447 1413 πα¹
1464 1386 1552 1413 κανὼν
1567 1383 1654 1418 εἶπεν,
1668 1386 1708 1411 ὅτι
1719 1386 1756 1411 Οὔ
1770 1385 1823 1419 χρὴ

1035 1432 1215 1466 ἐπίσκοπον-ἢ
1236 1432 1421 1466 πρεσϐύτερον
1444 1432 1567 1458 καθιέναι
1590 1431 1688 1457 ἑαυτὸν
1713 1431 1752 1461 εἰς
1777 1429 1821 1462 δη.

1037 1476 1168 1511 μοσιακὰς
1177 1477 1332 1511 διοικήσεις,
1348 1476 1415 1502 ἀλλὰ
1427 1476 1635 1510 προσευκαιρεῖν
1647 1475 1706 1505 ταῖς
1723 1474 1823 1507 ἐκκλησ

1039 1523 1191 1553 σιαστικαῖς
1207 1521 1322 1557 χρείαις.
1337 1522 1431 1553 Οὐδεὶς
1449 1521 1503 1556 γὰρ
1518 1521 1630 1547 δύναται
1641 1521 1701 1547 δυσὶ
1715 1520 1821 1555 κυρίοις

1038 1567 1183 1598 δουλεύειν,
1201 1567 1271 1593 κατὰ
1286 1567 1334 1600 τὴν
1355 1567 1495 1602 Κυριακὴν
1514 1566 1713 1599 παραγγελίαν.

1074 1612 1107 1637 Ἢ
1125 1611 1258 1637 πειθέσθω
1274 1611 1319 1637 οὖν
1335 1611 1412 1636 τοῦτο
1428 1611 1464 1645 μὴ
1481 1612 1576 1642 ποιεῖν,
1593 1611 1609 1646 ἢ
1625 1609 1822 1644 καθαιρείσθω.

1038 1658 1093 1685 Καὶ
1112 1659 1126 1684 ὸ
1149 1656 1174 1689 ς’
1191 1657 1279 1684 κανὼν
1309 1657 1356 1691 τῆς
1373 1658 1402 1683 ἐν
1421 1657 1584 1692 Καρθαγὲνῃ
1608 1656 1718 1683 συνόδου
1738 1657 1823 1690 διορί-

1039 1702 1134 1735 ζεται,
1165 1702 1218 1728 ἀπὸ
1250 1702 1347 1736 ἀτίμου
1383 1702 1399 1736 ἢ
1431 1702 1543 1736 αίαχροῦ
1573 1702 1736 1736 πράγματος
1762 1702 1824 1731 τοὺς

1039 1747 1202 1782 ἱερωμένους
1226 1748 1327 1782 τροφὴν
1352 1747 1388 1782 μὴ
1417 1747 1585 1782 πορίζεσθαι.
1613 1747 1667 1773 Καὶ
1692 1746 1707 1771 ὁ
1734 1750 1749 1771 ι’

1039 1793 1091 1819 νὼν
1120 1792 1170 1827 τῆς
1199 1793 1284 1827 αὐτῆς
1319 1792 1427 1818 συνόδου
1457 1792 1524 1827 πρὸς
1552 1790 1727 1821 διδασκαλίας
1760 1791 1824 1817 παί-

1039 1838 1090 1864 δων
1119 1839 1166 1865 καὶ
1191 1838 1343 1872 ἀνάγνωσιν
1363 1837 1484 1872 Τραφῶν
1508 1838 1632 1872 ἑτοίμους
1661 1834 1732 1862 εἶναι
1762 1836 1826 1865 τοὺς

1040 1883 1185 1919 κληρικοὺς
1223 1883 1391 1918 διορίζεται,
1429 1883 1476 1908 καὶ
1515 1882 1550 1916 μὴ
1588 1883 1736 1915 κοσμικαῖς
1777 1882 1825 1906 καὶ

1041 1928 1180 1964 βιωτικαῖς
1212 1929 1346 1964 φροντίσιν
1375 1927 1586 1962 ὲνασχολεῖσθαι.
1609 1926 1688 1952 Ἔστι
1719 1927 1748 1952 δὲ
1782 1926 1827 1952 καὶ

1041 1974 1205 2009 πρόσταγμα
1222 1973 1268 1999 τοῦ
1293 1972 1559 2007 ἀοιδίμουβασιλέως
1583 1971 1679 2007 κυρίου
1698 1971 1828 2005 Μανουὴὶ

1041 2019 1089 2045 τοῦ
1110 2019 1273 2054 Κομνηνοῢ,
1299 2018 1436 2053 ἐξενεχθὲν
1467 2018 1516 2052 μὲν
1543 2018 1613 2044 κατὰ
1642 2017 1715 2051 μῆνα
1741 2016 1828 2050 Νοέμ-

1038 2065 1129 2100 ὃριον,
1152 2066 1337 2099 ὲπινεμήσεως
1362 2067 1403 2095 ιε’,
1423 2063 1468 2089 ἐπὶ
1496 2064 1647 2098 ὑπομνήσει
1662 2063 1747 2089 τινῶν
1763 2063 1829 2096 κλη-

1044 2109 1127 2144 ρικῶν
1149 2109 1358 2135 καταλλακτῶν·
1379 2108 1569 2143 καταστρωθὲν
1593 2108 1622 2133 ἐν
1644 2108 1683 2141 τῷ
1707 2107 1828 2141 cape-.19

1043 2155 1096 2180 τῶν
1124 2154 1280 2183 οίκειακῶν,
1307 2154 1378 2179 κατὰ
1409 2154 1481 2187 μῆνα
1506 2153 1670 2187 Νοέμὸριον,
1695 2153 1828 2185 ἐπινεμή-

1774 1755 1824 1771 κα-

208 2201 265 2228 rint
279 2208 310 2230 ex
330 2200 467 2237 emptione
485 2199 553 2226 tales
575 2198 819 2225 nummulariarum
835 2205 987 2225 mensarum

1045 2207 1112 2230 σεως
1148 2197 1196 2229 ιε’,
1229 2198 1275 2224 καὶ
1305 2197 1389 2224 ταῦτα
1424 2197 1511 2231 ῥητῶς
1547 2197 1827 2231 παρακελευόμενον·

208 2247 340 2278 taberna‘,
363 2245 507 2280 imperium
528 2252 617 2271 meum
635 2247 792 2278 potestatem
811 2243 857 2270 dat
872 2242 990 2270 transfe-

207 2291 284 2318 rendi
296 2299 343 2319 eas
357 2291 385 2318 in
396 2290 537 2317 honestam
552 2294 579 2316 et
597 2291 744 2317 Hommtam
763 2297 918 2324 personam,
933 2297 993 2324 qua:

209 2335 461 2363 occurrerit.Vobis
476 2335 560 2367 enim,
572 2335 671 2362 sacrati
684 2343 744 2362 cum
759 2336 830 2369 sitis,
849 2335 929 2363 talem
949 2343 992 2362 ar-

209 2387 263 2410 tem
279 2390 404 2409 exercere
421 2389 475 2409 non
494 2381 575 2412 licet.
598 2382 662 2416 quia
689 2390 739 2408 nec
758 2382 872 2416 potestis
892 2389 992 2409 conve-

209 2428 295 2455 nienti
311 2427 490 2461 castigatione
514 2427 648 2457 coerceri.
662 2427 684 2454 si
700 2427 764 2461 quid
783 2431 882 2461 praeter
896 2426 994 2461 pratic-

210 2471 322 2499 ctoriam
345 2471 530 2498 deﬁnitionem
557 2470 676 2502 faciatis,
701 2478 763 2498 cum
791 2471 852 2498 sitis
881 2471 993 2498 sacrati.

211 2516 371 2551 Quicunque
389 2517 470 2551 igitur
486 2520 603 2543 vestrum
620 2517 766 2551 emptione,
781 2523 809 2543 ut
824 2517 925 2544 dictum
940 2522 993 2548 est,

213 2563 261 2589 has
287 2562 476 2597 acquisierint,
509 2561 605 2595 dignas
626 2563 658 2589 ad
678 2563 833 2597 praefectum
858 2562 995 2589 adducant

213 2615 355 2643 personas,
372 2613 428 2635 tum
444 2613 474 2634 ut
490 2608 613 2634 admittat
627 2615 683 2640 eas,
697 2612 753 2634 tum
769 2612 797 2634 ut
814 2610 995 2635 mensularios

214 2661 264 2689 pro
281 2654 347 2688 ipsis
362 2654 446 2688 gratis
465 2656 492 2679 et
513 2653 615 2686 absque
632 2653 831 2680 consuetudine
851 2654 994 2681 dationevc

1045 2244 1137 2276 Ὅσοις
1165 2243 1308 2279 περιῆλθον
1337 2243 1365 2276 ἐξ
1387 2243 1534 2277 ἀγορασίας
1559 2243 1593 2268 τὰ
1618 2242 1734 2269 τοιαῦτα
1763 2250 1829 2268 κατ-

1044 2290 1192 2317 αλλακτικὰ
1222 2289 1436 2325 τραπεζοτόπια,
1461 2288 1566 2314 δίδωσιν
1589 2288 1682 2314 ἄδειαν
1704 2289 1720 2322 ἡ
1754 2289 1830 2323 βασι-

1045 2336 1104 2362 λεία
1117 2344 1166 2370 μου
1188 2334 1367 2369 ἐναλλαγῆναι
1383 2334 1469 2360 ταῦτα
1496 2334 1534 2364 εἱς
1558 2333 1628 2366 ἆπερ
1644 2333 1678 2360 ἂν
1693 2334 1828 2369 εὑρήσετε

1046 2380 1173 2414 ἀξιόλογα
1188 2380 1232 2406 καὶ
1256 2379 1397 2414 Ῥωμαϊκὰ
1414 2378 1652 2414 πρόσωπα.ΎμΞς
1665 2378 1733 2412 γὰρ,
1753 2379 1830 2412 ἱερωο

1050 2425 1145 2460 μένους
1163 2425 1243 2455 ὂντας
1267 2424 1317 2458 τὴν
1333 2423 1460 2458 τοιαύτην
1479 2424 1634 2457 ἐπιστήμην
1651 2423 1829 2457 μετέρχεσθαι

1046 2472 1095 2497 οὐκ
1116 2471 1262 2505 ἐνδέχεται,
1284 2470 1325 2496 ὅτι
1342 2469 1402 2496 οὐδὲ
1424 2469 1536 2496 δυνατὸν
1555 2469 1771 2495 ἀναστέλλεσθαι
1788 2467 1829 2493 διὰ

1045 2516 1226 2551 προσήκοντος
1263 2515 1464 2550 σωφρονισμοῦ,

1045 2562 1120 2597 παρὰ
1135 2562 1181 2588 τὸν
1197 2561 1347 2597 ὲπαρχικδν
1373 2561 1496 2596 ὁρισμὸν,
1515 2561 1558 2586 διὰ
1571 2560 1601 2586 τὸ
1623 2558 1694 2586 εἶναι
1717 2558 1827 2594 ἱερωμέ-

1048 2617 1119 2639 νους.
1136 2608 1213 2634 Ὅσοι
1227 2608 1273 2634 οὖν
1285 2607 1315 2640 ἐξ
1330 2607 1406 2642 ὑμῶν
1423 2607 1454 2639 ἐξ
1472 2606 1631 2641 ἁγορασίας,
1647 2606 1685 2638 ὡς
1709 2607 1829 2641 εἴρηται.

1047 2653 1133 2680 ταῦτα
1147 2654 1290 2689 κέκτησθε,
1305 2653 1569 2689 προσκομισᾱτωσαν
1595 2652 1725 2686 ἀξιόλογα
1742 2650 1827 2686 πρόσ-

1507 2515 1625 2549 όπηνίκα
1671 2523 1696 2540 τι
1729 2514 1828 2539 ποιεῖτε

861 2749 973 2777 VAle
1006 2750 1204 2777 LECTKWES.

263 2834 270 2854 ί
285 2834 407 2861 edictum.

446 2835 458 2854 ⁸
473 2834 583 2860 relatum
602 2835 625 2859 ill
643 2835 808 2860 St't'l’t‘iftl'iltlll
823 2842 906 2860 rerum
918 2834 1096 2868 Prit‘vlllil'ilill.’
