  <div class='ocr_page' id='page_1' title='image "/cluster/home/n/w/nwhite01/storage/ocr_20150623/138/njp.32101077773123/582.png"; bbox 0 0 1894 3072; ppageno 0'>
   <div class='ocr_carea' id='block_1_1' title="bbox 72 102 128 134">
    <p class='ocr_par' dir='ltr' id='par_1_1' title="bbox 72 102 128 134">
     <span class='ocr_line' id='line_1_1' title="bbox 72 102 128 134; baseline 0.036 -2"><span class='ocrx_word' id='word_1_1' title='bbox 72 102 128 134; x_wconf 68' lang='lat'><strong>985</strong></span> 
     </span>
    </p>
   </div>
   <div class='ocr_carea' id='block_1_2' title="bbox 486 103 1286 136">
    <p class='ocr_par' dir='ltr' id='par_1_2' title="bbox 486 103 1286 136">
     <span class='ocr_line' id='line_1_2' title="bbox 486 103 1286 136; baseline 0.004 -3"><span class='ocrx_word' id='word_1_2' title='bbox 486 103 677 134; x_wconf 68' lang='lat' dir='ltr'><strong>RESPONSA</strong></span> <span class='ocrx_word' id='word_1_3' title='bbox 700 105 750 135; x_wconf 80' lang='lat' dir='ltr'><strong>AD</strong></span> <span class='ocrx_word' id='word_1_4' title='bbox 772 103 1138 136; x_wconf 75' lang='lat' dir='ltr'><strong>INTERROGATIONES</strong></span> <span class='ocrx_word' id='word_1_5' title='bbox 1158 104 1286 136; x_wconf 80' lang='lat' dir='ltr'><strong>MARCL</strong></span> 
     </span>
    </p>
   </div>
   <div class='ocr_carea' id='block_1_3' title="bbox 1627 106 1680 136">
    <p class='ocr_par' dir='ltr' id='par_1_3' title="bbox 1627 106 1680 136">
     <span class='ocr_line' id='line_1_3' title="bbox 1627 106 1680 136; baseline 0 0"><span class='ocrx_word' id='word_1_6' title='bbox 1627 106 1680 136; x_wconf 67' lang='lat'><strong>936</strong></span> 
     </span>
    </p>
   </div>
   <div class='ocr_carea' id='block_1_4' title="bbox 68 162 855 201">
    <p class='ocr_par' dir='ltr' id='par_1_4' title="bbox 68 162 853 200">
     <span class='ocr_line' id='line_1_4' title="bbox 68 162 853 200; baseline 0.003 -10"><span class='ocrx_word' id='word_1_7' title='bbox 68 172 125 190; x_wconf 81' lang='grc' dir='ltr'><strong>νων</strong></span> <span class='ocrx_word' id='word_1_8' title='bbox 145 162 296 194; x_wconf 80' lang='grc' dir='ltr'>κανονικῶς</span> <span class='ocrx_word' id='word_1_9' title='bbox 306 164 426 196; x_wconf 74' lang='grc' dir='ltr'>λύοντες,</span> <span class='ocrx_word' id='word_1_10' title='bbox 441 164 553 198; x_wconf 52' lang='grc' dir='ltr'>λέγομεν</span> <span class='ocrx_word' id='word_1_11' title='bbox 568 167 618 197; x_wconf 77' lang='grc' dir='ltr'>ὅτι,</span> <span class='ocrx_word' id='word_1_12' title='bbox 634 167 647 191; x_wconf 82' lang='grc' dir='ltr'>ὁ</span> <span class='ocrx_word' id='word_1_13' title='bbox 660 168 707 200; x_wconf 77' lang='grc' dir='ltr'><strong>μὲν</strong></span> <span class='ocrx_word' id='word_1_14' title='bbox 724 168 754 192; x_wconf 80' lang='grc' dir='ltr'><strong>ἐκ</strong></span> <span class='ocrx_word' id='word_1_15' title='bbox 778 175 853 200; x_wconf 86' lang='grc' dir='ltr'>γενε-</span> 
     </span>
    </p>
   </div>
   <div class='ocr_carea' id='block_1_5' title="bbox 911 162 1680 201">
    <p class='ocr_par' dir='ltr' id='par_1_5' title="bbox 911 167 1680 201">
     <span class='ocr_line' id='line_1_5' title="bbox 911 167 1680 201; baseline 0.004 -8"><span class='ocrx_word' id='word_1_16' title='bbox 911 171 1009 198; x_wconf 86' lang='lat' dir='ltr'><strong>ventes,</strong></span> <span class='ocrx_word' id='word_1_17' title='bbox 1030 167 1146 194; x_wconf 79' lang='lat' dir='ltr'><strong>dicimus</strong></span> <span class='ocrx_word' id='word_1_18' title='bbox 1162 176 1236 200; x_wconf 83' lang='lat' dir='ltr'><strong>eum,</strong></span> <span class='ocrx_word' id='word_1_19' title='bbox 1254 169 1299 201; x_wconf 87' lang='lat' dir='ltr'><strong>qui</strong></span> <span class='ocrx_word' id='word_1_20' title='bbox 1320 176 1381 195; x_wconf 86' lang='lat' dir='ltr'><strong>cum</strong></span> <span class='ocrx_word' id='word_1_21' title='bbox 1397 175 1413 195; x_wconf 89' lang='lat' dir='ltr'><strong>a</strong></span> <span class='ocrx_word' id='word_1_22' title='bbox 1429 168 1569 196; x_wconf 81' lang='lat' dir='ltr'><strong>nativitate</strong></span> <span class='ocrx_word' id='word_1_23' title='bbox 1586 170 1680 196; x_wconf 88' lang='lat' dir='ltr'><strong>ortho-</strong></span> 
     </span>
    </p>
   </div>
   <div class='ocr_carea' id='block_1_6' title="bbox 69 209 853 246">
    <p class='ocr_par' dir='ltr' id='par_1_6' title="bbox 69 209 853 246">
     <span class='ocr_line' id='line_1_6' title="bbox 69 209 853 246; baseline 0.004 -11"><span class='ocrx_word' id='word_1_24' title='bbox 69 211 120 243; x_wconf 75' lang='grc' dir='ltr'>τῆς</span> <span class='ocrx_word' id='word_1_25' title='bbox 146 209 186 235; x_wconf 83' lang='grc' dir='ltr'>ὢν</span> <span class='ocrx_word' id='word_1_26' title='bbox 205 209 340 244; x_wconf 80' lang='grc' dir='ltr'>ὀρθόδοξος</span> <span class='ocrx_word' id='word_1_27' title='bbox 354 231 361 242; x_wconf 86' lang='grc'>,</span> <span class='ocrx_word' id='word_1_28' title='bbox 395 210 463 244; x_wconf 81' lang='grc' dir='ltr'>μετὰ</span> <span class='ocrx_word' id='word_1_29' title='bbox 483 212 609 243; x_wconf 68' lang='grc' dir='ltr'>γυναικὸς</span> <span class='ocrx_word' id='word_1_30' title='bbox 632 213 769 246; x_wconf 81' lang='grc' dir='ltr'>αἱρετικῆς</span> <span class='ocrx_word' id='word_1_31' title='bbox 792 221 853 238; x_wconf 81' lang='grc' dir='ltr'>συν-</span> 
     </span>
    </p>
   </div>
   <div class='ocr_carea' id='block_1_7' title="bbox 68 255 853 291">
    <p class='ocr_par' dir='ltr' id='par_1_7' title="bbox 68 255 853 291">
     <span class='ocr_line' id='line_1_7' title="bbox 68 255 853 291; baseline 0.003 -10"><span class='ocrx_word' id='word_1_32' title='bbox 68 256 180 288; x_wconf 68' lang='grc' dir='ltr'>αφθεὶς,</span> <span class='ocrx_word' id='word_1_33' title='bbox 199 256 248 281; x_wconf 85' lang='grc' dir='ltr'>οὐκ</span> <span class='ocrx_word' id='word_1_34' title='bbox 263 255 388 290; x_wconf 81' lang='grc' dir='ltr'><strong>ἀξιωθείη</strong></span> <span class='ocrx_word' id='word_1_35' title='bbox 405 255 577 290; x_wconf 76' lang='grc' dir='ltr'>κληρώσεως,</span> <span class='ocrx_word' id='word_1_36' title='bbox 595 258 618 282; x_wconf 83' lang='grc' dir='ltr'><strong>εί</strong></span> <span class='ocrx_word' id='word_1_37' title='bbox 636 256 671 291; x_wconf 83' lang='grc' dir='ltr'>μὴ</span> <span class='ocrx_word' id='word_1_38' title='bbox 689 257 734 282; x_wconf 68' lang='grc' dir='ltr'>καὶ</span> <span class='ocrx_word' id='word_1_39' title='bbox 749 258 810 288; x_wconf 79' lang='grc' dir='ltr'>τοὺς</span> <span class='ocrx_word' id='word_1_40' title='bbox 825 258 853 283; x_wconf 82' lang='grc' dir='ltr'>ἐν</span> 
     </span>
    </p>
   </div>
   <div class='ocr_carea' id='block_1_8' title="bbox 69 301 852 335">
    <p class='ocr_par' dir='ltr' id='par_1_8' title="bbox 69 301 852 335">
     <span class='ocr_line' id='line_1_8' title="bbox 69 301 852 335; baseline 0.003 -9"><span class='ocrx_word' id='word_1_41' title='bbox 69 301 109 335; x_wconf 80' lang='grc' dir='ltr'>τῷ</span> <span class='ocrx_word' id='word_1_42' title='bbox 129 301 198 335; x_wconf 82' lang='grc' dir='ltr'>οτκῳ</span> <span class='ocrx_word' id='word_1_43' title='bbox 213 301 295 327; x_wconf 78' lang='grc' dir='ltr'>αὑτοῦ</span> <span class='ocrx_word' id='word_1_44' title='bbox 309 301 416 334; x_wconf 78' lang='grc' dir='ltr'>ποιήσει</span> <span class='ocrx_word' id='word_1_45' title='bbox 427 301 580 335; x_wconf 74' lang='grc' dir='ltr'>ὀρθοδόξους</span> <span class='ocrx_word' id='word_1_46' title='bbox 594 301 769 335; x_wconf 81' lang='grc' dir='ltr'>Χριστιανούς</span> <span class='ocrx_word' id='word_1_47' title='bbox 781 310 789 318; x_wconf 66' lang='grc' dir='ltr'><strong>ν</strong></span> <span class='ocrx_word' id='word_1_48' title='bbox 813 303 852 328; x_wconf 78' lang='grc' dir='ltr'>ὅτι</span> 
     </span>
    </p>
   </div>
   <div class='ocr_carea' id='block_1_9' title="bbox 69 344 852 379">
    <p class='ocr_par' dir='ltr' id='par_1_9' title="bbox 69 344 852 379">
     <span class='ocr_line' id='line_1_9' title="bbox 69 344 852 379; baseline -0.001 -8"><span class='ocrx_word' id='word_1_49' title='bbox 69 346 119 371; x_wconf 66' lang='grc' dir='ltr'><strong>καὶ</strong></span> <span class='ocrx_word' id='word_1_50' title='bbox 147 346 197 379; x_wconf 77' lang='grc' dir='ltr'>τῆς</span> <span class='ocrx_word' id='word_1_51' title='bbox 225 344 451 379; x_wconf 81' lang='grc' dir='ltr'>ὲκκλησιαστικῆς</span> <span class='ocrx_word' id='word_1_52' title='bbox 475 345 677 379; x_wconf 75' lang='grc' dir='ltr'><strong>κεχωρισμένος</strong></span> <span class='ocrx_word' id='word_1_53' title='bbox 706 346 763 371; x_wconf 77' lang='grc' dir='ltr'>ἐστὶ</span> <span class='ocrx_word' id='word_1_54' title='bbox 792 354 852 372; x_wconf 87' lang='grc' dir='ltr'>συν-</span> 
     </span>
    </p>
   </div>
   <div class='ocr_carea' id='block_1_10' title="bbox 69 389 854 425">
    <p class='ocr_par' dir='ltr' id='par_1_10' title="bbox 69 389 854 425">
     <span class='ocr_line' id='line_1_10' title="bbox 69 389 854 425; baseline -0.001 -8"><span class='ocrx_word' id='word_1_55' title='bbox 69 391 170 422; x_wconf 74' lang='grc' dir='ltr'><strong>άξεως,</strong></span> <span class='ocrx_word' id='word_1_56' title='bbox 184 390 221 420; x_wconf 76' lang='grc' dir='ltr'><strong>ὡς</strong></span> <span class='ocrx_word' id='word_1_57' title='bbox 235 391 266 425; x_wconf 82' lang='grc' dir='ltr'>τῇ</span> <span class='ocrx_word' id='word_1_58' title='bbox 281 389 326 416; x_wconf 80' lang='grc' dir='ltr'><strong>τοῦ</strong></span> <span class='ocrx_word' id='word_1_59' title='bbox 342 389 458 424; x_wconf 78' lang='grc' dir='ltr'><strong>Χριστοῦ</strong></span> <span class='ocrx_word' id='word_1_60' title='bbox 477 390 562 424; x_wconf 89' lang='grc' dir='ltr'>μερίδι</span> <span class='ocrx_word' id='word_1_61' title='bbox 583 390 738 424; x_wconf 76' lang='grc' dir='ltr'><strong>συμπλέξας</strong></span> <span class='ocrx_word' id='word_1_62' title='bbox 756 390 854 425; x_wconf 75' lang='grc' dir='ltr'>κλῆρον</span> 
     </span>
    </p>
   </div>
   <div class='ocr_carea' id='block_1_11' title="bbox 68 434 854 470">
    <p class='ocr_par' dir='ltr' id='par_1_11' title="bbox 68 434 854 470">
     <span class='ocr_line' id='line_1_11' title="bbox 68 434 854 470; baseline 0 -8"><span class='ocrx_word' id='word_1_63' title='bbox 68 435 244 470; x_wconf 80' lang='grc' dir='ltr'>ἁμαρτωλόν.</span> <span class='ocrx_word' id='word_1_64' title='bbox 281 435 309 461; x_wconf 91' lang='lat'><strong>&#39;0</strong></span> <span class='ocrx_word' id='word_1_65' title='bbox 335 435 364 461; x_wconf 84' lang='grc' dir='ltr'>δὲ</span> <span class='ocrx_word' id='word_1_66' title='bbox 390 435 551 469; x_wconf 83' lang='grc' dir='ltr'>αἱρεσιώτης</span> <span class='ocrx_word' id='word_1_67' title='bbox 576 434 614 461; x_wconf 85' lang='grc' dir='ltr'>ὢν</span> <span class='ocrx_word' id='word_1_68' title='bbox 635 436 667 462; x_wconf 81' lang='grc' dir='ltr'>ἐκ</span> <span class='ocrx_word' id='word_1_69' title='bbox 691 436 854 470; x_wconf 74' lang='grc' dir='ltr'>σπαργάνων</span> 
     </span>
    </p>
   </div>
   <div class='ocr_carea' id='block_1_12' title="bbox 68 479 851 516">
    <p class='ocr_par' dir='ltr' id='par_1_12' title="bbox 68 479 851 516">
     <span class='ocr_line' id='line_1_12' title="bbox 68 479 851 516; baseline -0.001 -8"><span class='ocrx_word' id='word_1_70' title='bbox 68 481 173 511; x_wconf 78' lang='grc' dir='ltr'>αὐτῶν,</span> <span class='ocrx_word' id='word_1_71' title='bbox 187 480 235 506; x_wconf 77' lang='grc' dir='ltr'><strong>ἐὰν</strong></span> <span class='ocrx_word' id='word_1_72' title='bbox 254 481 301 515; x_wconf 81' lang='grc' dir='ltr'><strong>τὴν</strong></span> <span class='ocrx_word' id='word_1_73' title='bbox 311 479 449 515; x_wconf 79' lang='grc' dir='ltr'>ὀρθόδοξον</span> <span class='ocrx_word' id='word_1_74' title='bbox 463 481 552 507; x_wconf 77' lang='grc' dir='ltr'>πίστιν</span> <span class='ocrx_word' id='word_1_75' title='bbox 563 481 718 516; x_wconf 70' lang='grc' dir='ltr'>προέληται,</span> <span class='ocrx_word' id='word_1_76' title='bbox 731 482 851 514; x_wconf 76' lang='grc' dir='ltr'><strong>δικαίως,</strong></span> 
     </span>
    </p>
   </div>
   <div class='ocr_carea' id='block_1_13' title="bbox 67 525 853 561">
    <p class='ocr_par' dir='ltr' id='par_1_13' title="bbox 67 525 853 561">
     <span class='ocr_line' id='line_1_13' title="bbox 67 525 853 561; baseline 0.001 -9"><span class='ocrx_word' id='word_1_77' title='bbox 67 527 119 552; x_wconf 71' lang='grc' dir='ltr'>ἐὰν</span> <span class='ocrx_word' id='word_1_78' title='bbox 136 525 190 551; x_wconf 80' lang='grc' dir='ltr'><strong>ἀπό</strong></span> <span class='ocrx_word' id='word_1_79' title='bbox 206 533 278 556; x_wconf 87' lang='grc' dir='ltr'>τινος</span> <span class='ocrx_word' id='word_1_80' title='bbox 303 525 396 559; x_wconf 80' lang='grc' dir='ltr'>ἐτέρου</span> <span class='ocrx_word' id='word_1_81' title='bbox 420 526 499 559; x_wconf 79' lang='grc' dir='ltr'>λόγου</span> <span class='ocrx_word' id='word_1_82' title='bbox 522 526 571 552; x_wconf 82' lang='grc' dir='ltr'>οὐκ</span> <span class='ocrx_word' id='word_1_83' title='bbox 591 526 781 560; x_wconf 77' lang='grc' dir='ltr'><strong>ἐμποδίζηται,</strong></span> <span class='ocrx_word' id='word_1_84' title='bbox 797 535 853 561; x_wconf 89' lang='grc' dir='ltr'>χει-</span> 
     </span>
    </p>
   </div>
   <div class='ocr_carea' id='block_1_14' title="bbox 71 570 854 607">
    <p class='ocr_par' dir='ltr' id='par_1_14' title="bbox 71 570 854 607">
     <span class='ocr_line' id='line_1_14' title="bbox 71 570 854 607; baseline 0 -9"><span class='ocrx_word' id='word_1_85' title='bbox 71 572 197 607; x_wconf 77' lang='grc' dir='ltr'>ροτονίας</span> <span class='ocrx_word' id='word_1_86' title='bbox 218 571 345 605; x_wconf 77' lang='grc' dir='ltr'><strong>ἀξιωθείη</strong></span> <span class='ocrx_word' id='word_1_87' title='bbox 375 572 522 606; x_wconf 73' lang='grc' dir='ltr'><strong>ἱερατικῆς.</strong></span> <span class='ocrx_word' id='word_1_88' title='bbox 541 573 573 598; x_wconf 89' lang='grc' dir='ltr'>Τί</span> <span class='ocrx_word' id='word_1_89' title='bbox 591 573 645 606; x_wconf 80' lang='grc' dir='ltr'>γὰρ</span> <span class='ocrx_word' id='word_1_90' title='bbox 672 570 754 604; x_wconf 70' lang='grc' dir='ltr'><strong>οἶδας,</strong></span> <span class='ocrx_word' id='word_1_91' title='bbox 773 573 854 607; x_wconf 82' lang='grc' dir='ltr'>φησὶν</span> 
     </span>
    </p>
   </div>
   <div class='ocr_carea' id='block_1_15' title="bbox 69 616 854 652">
    <p class='ocr_par' dir='ltr' id='par_1_15' title="bbox 69 616 854 652">
     <span class='ocr_line' id='line_1_15' title="bbox 69 616 854 652; baseline -0.001 -8"><span class='ocrx_word' id='word_1_92' title='bbox 69 618 86 644; x_wconf 80' lang='grc' dir='ltr'><strong>ὁ</strong></span> <span class='ocrx_word' id='word_1_93' title='bbox 115 617 203 651; x_wconf 82' lang='grc' dir='ltr'>μέγας</span> <span class='ocrx_word' id='word_1_94' title='bbox 231 616 400 646; x_wconf 80' lang='grc' dir='ltr'>Ἀπόστολος.</span> <span class='ocrx_word' id='word_1_95' title='bbox 419 616 465 642; x_wconf 79' lang='grc' dir='ltr'><strong>ἐὰν</strong></span> <span class='ocrx_word' id='word_1_96' title='bbox 481 618 494 643; x_wconf 82' lang='grc' dir='ltr'>ὁ</span> <span class='ocrx_word' id='word_1_97' title='bbox 520 617 613 649; x_wconf 81' lang='grc' dir='ltr'>πιστὸς</span> <span class='ocrx_word' id='word_1_98' title='bbox 638 617 779 652; x_wconf 82' lang='grc' dir='ltr'>μεταγάγῃ</span> <span class='ocrx_word' id='word_1_99' title='bbox 804 617 854 651; x_wconf 81' lang='grc' dir='ltr'><strong>τὴν</strong></span> 
     </span>
    </p>
   </div>
   <div class='ocr_carea' id='block_1_16' title="bbox 69 661 854 696">
    <p class='ocr_par' dir='ltr' id='par_1_16' title="bbox 69 661 854 696">
     <span class='ocr_line' id='line_1_16' title="bbox 69 661 854 696; baseline 0 -8"><span class='ocrx_word' id='word_1_100' title='bbox 69 662 188 688; x_wconf 74' lang='grc' dir='ltr'>ἄπιστον</span> <span class='ocrx_word' id='word_1_101' title='bbox 201 661 315 694; x_wconf 77' lang='grc' dir='ltr'><strong>σύζυγον</strong></span> <span class='ocrx_word' id='word_1_102' title='bbox 326 661 407 687; x_wconf 78' lang='grc' dir='ltr'>αὑτοῦ</span> <span class='ocrx_word' id='word_1_103' title='bbox 422 661 489 696; x_wconf 72' lang='grc' dir='ltr'>πρὸς</span> <span class='ocrx_word' id='word_1_104' title='bbox 503 661 551 696; x_wconf 85' lang='grc' dir='ltr'><strong>τὴν</strong></span> <span class='ocrx_word' id='word_1_105' title='bbox 574 663 681 695; x_wconf 71' lang='grc' dir='ltr'>πίστεως</span> <span class='ocrx_word' id='word_1_106' title='bbox 700 662 793 694; x_wconf 83' lang='grc' dir='ltr'>Καλῶς</span> <span class='ocrx_word' id='word_1_107' title='bbox 809 661 854 689; x_wconf 79' lang='grc' dir='ltr'><strong>οὖν</strong></span> 
     </span>
    </p>
   </div>
   <div class='ocr_carea' id='block_1_17' title="bbox 70 705 854 741">
    <p class='ocr_par' dir='ltr' id='par_1_17' title="bbox 70 705 854 741">
     <span class='ocr_line' id='line_1_17' title="bbox 70 705 854 741; baseline 0.003 -9"><span class='ocrx_word' id='word_1_108' title='bbox 70 707 142 736; x_wconf 85' lang='grc' dir='ltr'>ὁείς</span> <span class='ocrx_word' id='word_1_109' title='bbox 158 705 208 740; x_wconf 84' lang='grc' dir='ltr'>τὴν</span> <span class='ocrx_word' id='word_1_110' title='bbox 235 705 374 740; x_wconf 76' lang='grc' dir='ltr'>ὀρθόδοξον</span> <span class='ocrx_word' id='word_1_111' title='bbox 402 707 490 732; x_wconf 81' lang='grc' dir='ltr'>πίστιν</span> <span class='ocrx_word' id='word_1_112' title='bbox 518 706 602 733; x_wconf 76' lang='grc' dir='ltr'>ἐλθὼν</span> <span class='ocrx_word' id='word_1_113' title='bbox 629 707 682 734; x_wconf 79' lang='grc' dir='ltr'><strong>ἀπὸ</strong></span> <span class='ocrx_word' id='word_1_114' title='bbox 708 707 854 741; x_wconf 77' lang='grc' dir='ltr'>θρησκείας</span> 
     </span>
    </p>
   </div>
   <div class='ocr_carea' id='block_1_18' title="bbox 71 751 854 788">
    <p class='ocr_par' dir='ltr' id='par_1_18' title="bbox 71 751 854 788">
     <span class='ocr_line' id='line_1_18' title="bbox 71 751 854 788; baseline 0.001 -10"><span class='ocrx_word' id='word_1_115' title='bbox 71 751 236 786; x_wconf 83' lang='grc' dir='ltr'>αίρετικῶν,</span> <span class='ocrx_word' id='word_1_116' title='bbox 255 751 323 776; x_wconf 85' lang='grc' dir='ltr'>κατὰ</span> <span class='ocrx_word' id='word_1_117' title='bbox 340 751 454 782; x_wconf 76' lang='grc' dir='ltr'><strong>κανόνας</strong></span> <span class='ocrx_word' id='word_1_118' title='bbox 473 751 600 787; x_wconf 81' lang='grc' dir='ltr'><strong>ἀξιωθείη</strong></span> <span class='ocrx_word' id='word_1_119' title='bbox 616 752 769 787; x_wconf 75' lang='grc' dir='ltr'>ἀξιώματος</span> <span class='ocrx_word' id='word_1_120' title='bbox 783 754 854 788; x_wconf 75' lang='lat' dir='ltr'><strong>lepa-</strong></span> 
     </span>
    </p>
   </div>
   <div class='ocr_carea' id='block_1_19' title="bbox 70 796 854 832">
    <p class='ocr_par' dir='ltr' id='par_1_19' title="bbox 70 796 854 832">
     <span class='ocr_line' id='line_1_19' title="bbox 70 796 854 832; baseline 0.004 -10"><span class='ocrx_word' id='word_1_121' title='bbox 70 796 162 828; x_wconf 78' lang='grc' dir='ltr'>τικοῦ,</span> <span class='ocrx_word' id='word_1_122' title='bbox 183 796 233 823; x_wconf 77' lang='grc' dir='ltr'><strong>κᾶν</strong></span> <span class='ocrx_word' id='word_1_123' title='bbox 252 796 290 832; x_wconf 84' lang='grc' dir='ltr'>μὴ</span> <span class='ocrx_word' id='word_1_124' title='bbox 311 796 552 832; x_wconf 64' lang='grc' dir='ltr'>ὁρθοδοξῆσωσινὴ</span> <span class='ocrx_word' id='word_1_125' title='bbox 576 798 644 832; x_wconf 84' lang='grc' dir='ltr'>γυνὴ</span> <span class='ocrx_word' id='word_1_126' title='bbox 665 798 757 824; x_wconf 76' lang='grc' dir='ltr'>καὶτὰ</span> <span class='ocrx_word' id='word_1_127' title='bbox 772 799 854 826; x_wconf 79' lang='grc' dir='ltr'>τέκνα</span> 
     </span>
    </p>
   </div>
   <div class='ocr_carea' id='block_1_20' title="bbox 71 841 166 867">
    <p class='ocr_par' dir='ltr' id='par_1_20' title="bbox 71 841 166 867">
     <span class='ocr_line' id='line_1_20' title="bbox 71 841 166 867; baseline 0 0"><span class='ocrx_word' id='word_1_128' title='bbox 71 841 166 867; x_wconf 79' lang='grc' dir='ltr'>αὐτοῦ.</span> 
     </span>
    </p>
   </div>
   <div class='ocr_carea' id='block_1_21' title="bbox 116 882 854 922">
    <p class='ocr_par' dir='ltr' id='par_1_21' title="bbox 116 882 854 922">
     <span class='ocr_line' id='line_1_21' title="bbox 116 882 854 922; baseline 0.004 -10"><span class='ocrx_word' id='word_1_129' title='bbox 116 887 217 920; x_wconf 85' lang='grc' dir='ltr'>Ἐρώτ.</span> <span class='ocrx_word' id='word_1_130' title='bbox 251 886 300 919; x_wconf 81' lang='grc' dir='ltr'><strong>λβ’.</strong></span> <span class='ocrx_word' id='word_1_131' title='bbox 343 887 603 922; x_wconf 80' lang='grc' dir='ltr'>Ἀπροκριμάτιστόν</span> <span class='ocrx_word' id='word_1_132' title='bbox 633 888 689 914; x_wconf 74' lang='grc' dir='ltr'>ἐστι</span> <span class='ocrx_word' id='word_1_133' title='bbox 721 882 854 916; x_wconf 81' lang='grc' dir='ltr'>τελεῖσθαι</span> 
     </span>
    </p>
   </div>
   <div class='ocr_carea' id='block_1_22' title="bbox 70 932 855 969">
    <p class='ocr_par' dir='ltr' id='par_1_22' title="bbox 70 932 855 969">
     <span class='ocr_line' id='line_1_22' title="bbox 70 932 855 969; baseline 0.003 -11"><span class='ocrx_word' id='word_1_134' title='bbox 70 932 177 959; x_wconf 81' lang='grc' dir='ltr'>τέκνων</span> <span class='ocrx_word' id='word_1_135' title='bbox 191 932 323 966; x_wconf 77' lang='grc' dir='ltr'>ἀναδοχὰς</span> <span class='ocrx_word' id='word_1_136' title='bbox 347 933 391 959; x_wconf 73' lang='grc' dir='ltr'>διὰ</span> <span class='ocrx_word' id='word_1_137' title='bbox 407 934 535 969; x_wconf 77' lang='grc' dir='ltr'><strong>Λατίνων,</strong></span> <span class='ocrx_word' id='word_1_138' title='bbox 556 935 715 969; x_wconf 78' lang='grc' dir='ltr'><strong>Ἀρμενίων,</strong></span> <span class='ocrx_word' id='word_1_139' title='bbox 739 935 855 962; x_wconf 70' lang='lat' dir='ltr'><strong>Moveo:-</strong></span> 
     </span>
    </p>
   </div>
   <div class='ocr_carea' id='block_1_23' title="bbox 71 977 855 1016">
    <p class='ocr_par' dir='ltr' id='par_1_23' title="bbox 71 977 855 1016">
     <span class='ocr_line' id='line_1_23' title="bbox 71 977 855 1016; baseline 0.004 -13"><span class='ocrx_word' id='word_1_140' title='bbox 71 977 174 1012; x_wconf 85' lang='grc' dir='ltr'>λητῶν,</span> <span class='ocrx_word' id='word_1_141' title='bbox 199 977 397 1010; x_wconf 85' lang='grc' dir='ltr'>Νεστοριανῶν,</span> <span class='ocrx_word' id='word_1_142' title='bbox 415 979 460 1005; x_wconf 82' lang='grc' dir='ltr'>καὶ</span> <span class='ocrx_word' id='word_1_143' title='bbox 473 979 571 1005; x_wconf 82' lang='grc' dir='ltr'>λοιπῶν</span> <span class='ocrx_word' id='word_1_144' title='bbox 588 979 715 1010; x_wconf 63' lang='grc' dir='ltr'>τοιούτων</span> <span class='ocrx_word' id='word_1_145' title='bbox 729 988 735 995; x_wconf 95' lang='grc'><strong>·</strong></span> <span class='ocrx_word' id='word_1_146' title='bbox 751 980 767 1016; x_wconf 77' lang='grc' dir='ltr'>ἢ</span> <span class='ocrx_word' id='word_1_147' title='bbox 787 981 855 1013; x_wconf 84' lang='grc' dir='ltr'>μᾶλ-</span> 
     </span>
    </p>
   </div>
   <div class='ocr_carea' id='block_1_24' title="bbox 71 1022 523 1057">
    <p class='ocr_par' dir='ltr' id='par_1_24' title="bbox 71 1022 523 1057">
     <span class='ocr_line' id='line_1_24' title="bbox 71 1022 523 1057; baseline 0.004 -10"><span class='ocrx_word' id='word_1_148' title='bbox 71 1024 119 1048; x_wconf 75' lang='grc' dir='ltr'><strong>λον</strong></span> <span class='ocrx_word' id='word_1_149' title='bbox 134 1022 247 1056; x_wconf 76' lang='grc' dir='ltr'>μισητὸν</span> <span class='ocrx_word' id='word_1_150' title='bbox 260 1022 306 1048; x_wconf 76' lang='grc' dir='ltr'><strong>καὶ</strong></span> <span class='ocrx_word' id='word_1_151' title='bbox 321 1024 523 1057; x_wconf 76' lang='grc' dir='ltr'>ἀποτρόπαιον;</span> 
     </span>
    </p>
   </div>
   <div class='ocr_carea' id='block_1_25' title="bbox 110 1066 854 1102">
    <p class='ocr_par' dir='ltr' id='par_1_25' title="bbox 110 1066 854 1102">
     <span class='ocr_line' id='line_1_25' title="bbox 110 1066 854 1102; baseline 0.004 -10"><span class='ocrx_word' id='word_1_152' title='bbox 110 1067 209 1093; x_wconf 80' lang='grc' dir='ltr'>Ἀπόκ.</span> <span class='ocrx_word' id='word_1_153' title='bbox 229 1067 264 1092; x_wconf 60' lang='lat' dir='ltr'><strong>T’;</strong></span> <span class='ocrx_word' id='word_1_154' title='bbox 290 1066 312 1099; x_wconf 87' lang='grc' dir='ltr'><strong>β’</strong></span> <span class='ocrx_word' id='word_1_155' title='bbox 339 1067 476 1101; x_wconf 76' lang='grc' dir='ltr'><strong>θέσπισμα</strong></span> <span class='ocrx_word' id='word_1_156' title='bbox 499 1068 545 1093; x_wconf 83' lang='grc' dir='ltr'>τοῦ</span> <span class='ocrx_word' id='word_1_157' title='bbox 573 1071 588 1094; x_wconf 84' lang='grc' dir='ltr'>ι’</span> <span class='ocrx_word' id='word_1_158' title='bbox 604 1068 750 1102; x_wconf 80' lang='grc' dir='ltr'><strong>κεφαλαίου</strong></span> <span class='ocrx_word' id='word_1_159' title='bbox 766 1067 812 1095; x_wconf 79' lang='grc' dir='ltr'>τοῦ</span> <span class='ocrx_word' id='word_1_160' title='bbox 831 1067 854 1095; x_wconf 86' lang='grc' dir='ltr'>α’</span> 
     </span>
    </p>
   </div>
   <div class='ocr_carea' id='block_1_26' title="bbox 71 1112 854 1150">
    <p class='ocr_par' dir='ltr' id='par_1_26' title="bbox 71 1112 854 1150">
     <span class='ocr_line' id='line_1_26' title="bbox 71 1112 854 1150; baseline 0.004 -12"><span class='ocrx_word' id='word_1_161' title='bbox 71 1113 165 1139; x_wconf 72' lang='grc' dir='ltr'>τίτλον</span> <span class='ocrx_word' id='word_1_162' title='bbox 183 1113 228 1138; x_wconf 76' lang='grc' dir='ltr'>τοῦ</span> <span class='ocrx_word' id='word_1_163' title='bbox 256 1112 280 1139; x_wconf 82' lang='grc' dir='ltr'>α’</span> <span class='ocrx_word' id='word_1_164' title='bbox 308 1113 409 1147; x_wconf 74' lang='grc' dir='ltr'>βιϐλίου</span> <span class='ocrx_word' id='word_1_165' title='bbox 438 1113 491 1139; x_wconf 89' lang='grc' dir='ltr'><strong>τῶν</strong></span> <span class='ocrx_word' id='word_1_166' title='bbox 510 1114 682 1148; x_wconf 83' lang='grc' dir='ltr'>Βασιλικῶν;</span> <span class='ocrx_word' id='word_1_167' title='bbox 702 1114 854 1150; x_wconf 80' lang='grc' dir='ltr'>Αίρετικδς,</span> 
     </span>
    </p>
   </div>
   <div class='ocr_carea' id='block_1_27' title="bbox 72 1159 856 1195">
    <p class='ocr_par' dir='ltr' id='par_1_27' title="bbox 72 1159 856 1195">
     <span class='ocr_line' id='line_1_27' title="bbox 72 1159 856 1195; baseline 0.004 -11"><span class='ocrx_word' id='word_1_168' title='bbox 72 1159 171 1193; x_wconf 71' lang='grc' dir='ltr'>φησὶν,</span> <span class='ocrx_word' id='word_1_169' title='bbox 190 1159 258 1190; x_wconf 72' lang='grc' dir='ltr'>ἐστὶ,</span> <span class='ocrx_word' id='word_1_170' title='bbox 278 1159 325 1185; x_wconf 76' lang='grc' dir='ltr'>καὶ</span> <span class='ocrx_word' id='word_1_171' title='bbox 338 1159 394 1190; x_wconf 81' lang='grc' dir='ltr'>τοῖς</span> <span class='ocrx_word' id='word_1_172' title='bbox 407 1159 477 1185; x_wconf 85' lang='grc' dir='ltr'>κατά</span> <span class='ocrx_word' id='word_1_173' title='bbox 492 1168 545 1186; x_wconf 85' lang='grc' dir='ltr'><strong>των</strong></span> <span class='ocrx_word' id='word_1_174' title='bbox 559 1160 702 1195; x_wconf 84' lang='grc' dir='ltr'>αίρετικῶν</span> <span class='ocrx_word' id='word_1_175' title='bbox 716 1161 856 1187; x_wconf 83' lang='grc' dir='ltr'>ὑπόκειται</span> 
     </span>
    </p>
   </div>
   <div class='ocr_carea' id='block_1_28' title="bbox 72 1204 856 1241">
    <p class='ocr_par' dir='ltr' id='par_1_28' title="bbox 72 1204 856 1241">
     <span class='ocr_line' id='line_1_28' title="bbox 72 1204 856 1241; baseline 0.003 -11"><span class='ocrx_word' id='word_1_176' title='bbox 72 1204 184 1238; x_wconf 68' lang='grc' dir='ltr'>νόμους,</span> <span class='ocrx_word' id='word_1_177' title='bbox 213 1204 228 1230; x_wconf 87' lang='grc' dir='ltr'><strong>ό</strong></span> <span class='ocrx_word' id='word_1_178' title='bbox 258 1204 353 1238; x_wconf 81' lang='grc' dir='ltr'>μικρὸν</span> <span class='ocrx_word' id='word_1_179' title='bbox 378 1205 443 1238; x_wconf 73' lang='grc' dir='ltr'>γοῦν</span> <span class='ocrx_word' id='word_1_180' title='bbox 459 1204 587 1232; x_wconf 78' lang='grc' dir='ltr'>ἐκκλίνων</span> <span class='ocrx_word' id='word_1_181' title='bbox 598 1206 646 1241; x_wconf 76' lang='grc' dir='ltr'>τῆς</span> <span class='ocrx_word' id='word_1_182' title='bbox 657 1205 796 1240; x_wconf 80' lang='grc' dir='ltr'>ὸρθοδόξου</span> <span class='ocrx_word' id='word_1_183' title='bbox 811 1205 856 1232; x_wconf 90' lang='grc' dir='ltr'>πί-</span> 
     </span>
    </p>
   </div>
   <div class='ocr_carea' id='block_1_29' title="bbox 73 1249 855 1286">
    <p class='ocr_par' dir='ltr' id='par_1_29' title="bbox 73 1249 855 1286">
     <span class='ocr_line' id='line_1_29' title="bbox 73 1249 855 1286; baseline 0.004 -11"><span class='ocrx_word' id='word_1_184' title='bbox 73 1257 172 1280; x_wconf 79' lang='grc' dir='ltr'>στεως.</span> <span class='ocrx_word' id='word_1_185' title='bbox 208 1249 284 1275; x_wconf 70' lang='grc' dir='ltr'>Ἐπεὶ</span> <span class='ocrx_word' id='word_1_186' title='bbox 307 1249 370 1282; x_wconf 82' lang='grc' dir='ltr'>γοῦν</span> <span class='ocrx_word' id='word_1_187' title='bbox 385 1249 484 1281; x_wconf 78' lang='grc' dir='ltr'>πάντες</span> <span class='ocrx_word' id='word_1_188' title='bbox 506 1251 530 1276; x_wconf 85' lang='grc' dir='ltr'><strong>οί</strong></span> <span class='ocrx_word' id='word_1_189' title='bbox 549 1251 786 1286; x_wconf 82' lang='grc' dir='ltr'>ὰπαριθμηθέντες</span> <span class='ocrx_word' id='word_1_190' title='bbox 814 1253 855 1283; x_wconf 81' lang='grc' dir='ltr'>είς</span> 
     </span>
    </p>
   </div>
   <div class='ocr_carea' id='block_1_30' title="bbox 71 1295 855 1332">
    <p class='ocr_par' dir='ltr' id='par_1_30' title="bbox 71 1295 855 1332">
     <span class='ocr_line' id='line_1_30' title="bbox 71 1295 855 1332; baseline 0.005 -12"><span class='ocrx_word' id='word_1_191' title='bbox 71 1295 124 1330; x_wconf 71' lang='grc' dir='ltr'>τὴν</span> <span class='ocrx_word' id='word_1_192' title='bbox 152 1295 293 1330; x_wconf 74' lang='grc' dir='ltr'>παροῦσαν</span> <span class='ocrx_word' id='word_1_193' title='bbox 314 1295 458 1331; x_wconf 80' lang='grc' dir='ltr'>ἐρώτησιν,</span> <span class='ocrx_word' id='word_1_194' title='bbox 483 1296 513 1322; x_wconf 77' lang='grc' dir='ltr'>οὐ</span> <span class='ocrx_word' id='word_1_195' title='bbox 533 1295 576 1322; x_wconf 87' lang='grc' dir='ltr'>διὰ</span> <span class='ocrx_word' id='word_1_196' title='bbox 603 1297 712 1332; x_wconf 81' lang='grc' dir='ltr'>μικρὸν,</span> <span class='ocrx_word' id='word_1_197' title='bbox 727 1297 794 1324; x_wconf 76' lang='grc' dir='ltr'>ἀλλὰ</span> <span class='ocrx_word' id='word_1_198' title='bbox 811 1297 855 1324; x_wconf 78' lang='grc' dir='ltr'>διὰ</span> 
     </span>
    </p>
   </div>
   <div class='ocr_carea' id='block_1_31' title="bbox 73 1340 856 1377">
    <p class='ocr_par' dir='ltr' id='par_1_31' title="bbox 73 1340 856 1377">
     <span class='ocr_line' id='line_1_31' title="bbox 73 1340 856 1377; baseline 0.003 -11"><span class='ocrx_word' id='word_1_199' title='bbox 73 1340 180 1370; x_wconf 72' lang='grc' dir='ltr'>πλάτος</span> <span class='ocrx_word' id='word_1_200' title='bbox 199 1340 271 1374; x_wconf 80' lang='grc' dir='ltr'>μέγα</span> <span class='ocrx_word' id='word_1_201' title='bbox 289 1341 335 1366; x_wconf 77' lang='grc' dir='ltr'>καὶ</span> <span class='ocrx_word' id='word_1_202' title='bbox 349 1340 542 1375; x_wconf 77' lang='grc' dir='ltr'>δυσδιεείτητον</span> <span class='ocrx_word' id='word_1_203' title='bbox 556 1341 589 1368; x_wconf 82' lang='grc' dir='ltr'>ὲκ</span> <span class='ocrx_word' id='word_1_204' title='bbox 609 1341 659 1376; x_wconf 85' lang='grc' dir='ltr'><strong>τῆς</strong></span> <span class='ocrx_word' id='word_1_205' title='bbox 675 1342 730 1368; x_wconf 85' lang='grc' dir='ltr'>τῶν</span> <span class='ocrx_word' id='word_1_206' title='bbox 750 1341 856 1377; x_wconf 84' lang='grc' dir='ltr'>ὀρθοδό-</span> 
     </span>
    </p>
   </div>
   <div class='ocr_carea' id='block_1_32' title="bbox 74 1385 856 1421">
    <p class='ocr_par' dir='ltr' id='par_1_32' title="bbox 74 1385 856 1421">
     <span class='ocr_line' id='line_1_32' title="bbox 74 1385 856 1421; baseline 0.003 -10"><span class='ocrx_word' id='word_1_207' title='bbox 74 1386 129 1418; x_wconf 78' lang='grc' dir='ltr'>ξων</span> <span class='ocrx_word' id='word_1_208' title='bbox 155 1385 317 1420; x_wconf 86' lang='grc' dir='ltr'>Ἐκκλησίας</span> <span class='ocrx_word' id='word_1_209' title='bbox 333 1385 554 1421; x_wconf 80' lang='grc' dir='ltr'>ἀπεξενώθησαν,</span> <span class='ocrx_word' id='word_1_210' title='bbox 569 1386 677 1418; x_wconf 80' lang='grc' dir='ltr'>πάντως</span> <span class='ocrx_word' id='word_1_211' title='bbox 693 1386 753 1413; x_wconf 79' lang='grc' dir='ltr'>οὐδὲ</span> <span class='ocrx_word' id='word_1_212' title='bbox 776 1386 856 1421; x_wconf 76' lang='grc' dir='ltr'>χάριν</span> 
     </span>
    </p>
   </div>
   <div class='ocr_carea' id='block_1_33' title="bbox 73 1431 855 1467">
    <p class='ocr_par' dir='ltr' id='par_1_33' title="bbox 73 1431 855 1467">
     <span class='ocr_line' id='line_1_33' title="bbox 73 1431 855 1467; baseline 0.001 -9"><span class='ocrx_word' id='word_1_213' title='bbox 73 1431 211 1466; x_wconf 75' lang='grc' dir='ltr'>ἀναδοχῆς</span> <span class='ocrx_word' id='word_1_214' title='bbox 235 1431 337 1457; x_wconf 80' lang='grc' dir='ltr'>παίδων</span> <span class='ocrx_word' id='word_1_215' title='bbox 362 1432 556 1466; x_wconf 83' lang='grc' dir='ltr'><strong>πνευματικῶν</strong></span> <span class='ocrx_word' id='word_1_216' title='bbox 584 1431 798 1467; x_wconf 83' lang='grc' dir='ltr'>μεσιτευομένης</span> <span class='ocrx_word' id='word_1_217' title='bbox 820 1432 855 1459; x_wconf 83' lang='grc' dir='ltr'><strong>δι’</strong></span> 
     </span>
    </p>
   </div>
   <div class='ocr_carea' id='block_1_34' title="bbox 906 212 1681 248">
    <p class='ocr_par' dir='ltr' id='par_1_34' title="bbox 906 212 1681 248">
     <span class='ocr_line' id='line_1_34' title="bbox 906 212 1681 248; baseline 0.003 -9"><span class='ocrx_word' id='word_1_218' title='bbox 906 212 992 239; x_wconf 87' lang='lat' dir='ltr'><strong>doxus</strong></span> <span class='ocrx_word' id='word_1_219' title='bbox 1007 217 1089 244; x_wconf 86' lang='lat' dir='ltr'><strong>esset,</strong></span> <span class='ocrx_word' id='word_1_220' title='bbox 1103 220 1164 239; x_wconf 86' lang='lat' dir='ltr'><strong>eum</strong></span> <span class='ocrx_word' id='word_1_221' title='bbox 1181 213 1306 240; x_wconf 79' lang='lat' dir='ltr'><strong>haeretica</strong></span> <span class='ocrx_word' id='word_1_222' title='bbox 1320 214 1431 241; x_wconf 80' lang='lat' dir='ltr'><strong>muliere</strong></span> <span class='ocrx_word' id='word_1_223' title='bbox 1446 214 1609 248; x_wconf 77' lang='lat' dir='ltr'><strong>coniunctus</strong></span> <span class='ocrx_word' id='word_1_224' title='bbox 1626 219 1681 247; x_wconf 70' lang='lat' dir='ltr'><strong>est,</strong></span> 
     </span>
    </p>
   </div>
   <div class='ocr_carea' id='block_1_35' title="bbox 906 258 1679 294">
    <p class='ocr_par' dir='ltr' id='par_1_35' title="bbox 906 258 1679 294">
     <span class='ocr_line' id='line_1_35' title="bbox 906 258 1679 294; baseline 0.004 -10"><span class='ocrx_word' id='word_1_225' title='bbox 906 258 1018 292; x_wconf 75' lang='lat' dir='ltr'><strong>dignum</strong></span> <span class='ocrx_word' id='word_1_226' title='bbox 1035 265 1087 285; x_wconf 91' lang='lat' dir='ltr'><strong>non</strong></span> <span class='ocrx_word' id='word_1_227' title='bbox 1107 259 1224 290; x_wconf 80' lang='lat' dir='ltr'><strong>censeri,</strong></span> <span class='ocrx_word' id='word_1_228' title='bbox 1239 260 1285 293; x_wconf 89' lang='lat' dir='ltr'><strong>qui</strong></span> <span class='ocrx_word' id='word_1_229' title='bbox 1302 259 1328 285; x_wconf 94' lang='lat' dir='ltr'><strong>in</strong></span> <span class='ocrx_word' id='word_1_230' title='bbox 1354 260 1457 286; x_wconf 89' lang='lat' dir='ltr'><strong>clerum</strong></span> <span class='ocrx_word' id='word_1_231' title='bbox 1473 260 1614 294; x_wconf 81' lang='lat' dir='ltr'><strong>allegatur,</strong></span> <span class='ocrx_word' id='word_1_232' title='bbox 1628 261 1679 287; x_wconf 87' lang='lat' dir='ltr'><strong>nisi</strong></span> 
     </span>
    </p>
   </div>
   <div class='ocr_carea' id='block_1_36' title="bbox 906 303 1682 332">
    <p class='ocr_par' dir='ltr' id='par_1_36' title="bbox 906 303 1682 332">
     <span class='ocr_line' id='line_1_36' title="bbox 906 303 1682 332; baseline 0.003 -3"><span class='ocrx_word' id='word_1_233' title='bbox 906 303 1070 330; x_wconf 86' lang='lat' dir='ltr'><strong>domesticos</strong></span> <span class='ocrx_word' id='word_1_234' title='bbox 1089 310 1154 330; x_wconf 84' lang='lat' dir='ltr'><strong>suos</strong></span> <span class='ocrx_word' id='word_1_235' title='bbox 1172 311 1267 330; x_wconf 79' lang='lat' dir='ltr'><strong>omnes</strong></span> <span class='ocrx_word' id='word_1_236' title='bbox 1281 304 1450 331; x_wconf 82' lang='lat' dir='ltr'><strong>Christianos</strong></span> <span class='ocrx_word' id='word_1_237' title='bbox 1474 304 1568 331; x_wconf 79' lang='lat' dir='ltr'><strong>fecerit</strong></span> <span class='ocrx_word' id='word_1_238' title='bbox 1589 306 1682 332; x_wconf 86' lang='lat' dir='ltr'><strong>ortho-</strong></span> 
     </span>
    </p>
   </div>
   <div class='ocr_carea' id='block_1_37' title="bbox 907 349 1681 382">
    <p class='ocr_par' dir='ltr' id='par_1_37' title="bbox 907 349 1681 382">
     <span class='ocr_line' id='line_1_37' title="bbox 907 349 1681 382; baseline 0.004 -7"><span class='ocrx_word' id='word_1_239' title='bbox 907 349 991 376; x_wconf 88' lang='lat' dir='ltr'><strong>doxos</strong></span> <span class='ocrx_word' id='word_1_240' title='bbox 1007 357 1014 375; x_wconf 88' lang='lat'><strong>:</strong></span> <span class='ocrx_word' id='word_1_241' title='bbox 1032 349 1094 382; x_wconf 85' lang='lat' dir='ltr'><strong>quia</strong></span> <span class='ocrx_word' id='word_1_242' title='bbox 1114 354 1139 376; x_wconf 87' lang='lat' dir='ltr'><strong>et</strong></span> <span class='ocrx_word' id='word_1_243' title='bbox 1157 349 1191 376; x_wconf 87' lang='lat' dir='ltr'><strong>ab</strong></span> <span class='ocrx_word' id='word_1_244' title='bbox 1205 349 1391 377; x_wconf 85' lang='lat' dir='ltr'><strong>ecclesiastica</strong></span> <span class='ocrx_word' id='word_1_245' title='bbox 1407 354 1448 377; x_wconf 88' lang='lat' dir='ltr'><strong>est</strong></span> <span class='ocrx_word' id='word_1_246' title='bbox 1467 355 1588 378; x_wconf 91' lang='lat' dir='ltr'><strong>remotus</strong></span> <span class='ocrx_word' id='word_1_247' title='bbox 1607 359 1681 378; x_wconf 40' lang='lat' dir='ltr'><strong>coms</strong></span> 
     </span>
    </p>
   </div>
   <div class='ocr_carea' id='block_1_38' title="bbox 906 393 1679 430">
    <p class='ocr_par' dir='ltr' id='par_1_38' title="bbox 906 393 1679 430">
     <span class='ocr_line' id='line_1_38' title="bbox 906 393 1679 430; baseline 0.004 -11"><span class='ocrx_word' id='word_1_248' title='bbox 906 393 1045 426; x_wconf 86' lang='lat' dir='ltr'><strong>munione,</strong></span> <span class='ocrx_word' id='word_1_249' title='bbox 1061 398 1152 428; x_wconf 94' lang='lat' dir='ltr'><strong>utpote</strong></span> <span class='ocrx_word' id='word_1_250' title='bbox 1168 394 1214 429; x_wconf 88' lang='lat' dir='ltr'><strong>qui</strong></span> <span class='ocrx_word' id='word_1_251' title='bbox 1227 394 1328 422; x_wconf 90' lang='lat' dir='ltr'><strong>Christi</strong></span> <span class='ocrx_word' id='word_1_252' title='bbox 1352 395 1475 430; x_wconf 88' lang='lat' dir='ltr'><strong>partibus</strong></span> <span class='ocrx_word' id='word_1_253' title='bbox 1502 397 1679 430; x_wconf 68' lang='lat' dir='ltr'><strong>peccatricem</strong></span> 
     </span>
    </p>
   </div>
   <div class='ocr_carea' id='block_1_39' title="bbox 907 438 1681 472">
    <p class='ocr_par' dir='ltr' id='par_1_39' title="bbox 907 438 1681 472">
     <span class='ocr_line' id='line_1_39' title="bbox 907 438 1681 472; baseline 0.004 -8"><span class='ocrx_word' id='word_1_254' title='bbox 907 442 1007 465; x_wconf 88' lang='lat' dir='ltr'><strong>sortem</strong></span> <span class='ocrx_word' id='word_1_255' title='bbox 1024 438 1203 472; x_wconf 87' lang='lat' dir='ltr'><strong>implexuerit.</strong></span> <span class='ocrx_word' id='word_1_256' title='bbox 1220 438 1271 471; x_wconf 87' lang='lat' dir='ltr'><strong>Qui</strong></span> <span class='ocrx_word' id='word_1_257' title='bbox 1287 444 1386 470; x_wconf 81' lang='lat' dir='ltr'><strong>autem,</strong></span> <span class='ocrx_word' id='word_1_258' title='bbox 1402 440 1548 467; x_wconf 84' lang='lat' dir='ltr'><strong>haereticus</strong></span> <span class='ocrx_word' id='word_1_259' title='bbox 1561 448 1620 467; x_wconf 88' lang='lat' dir='ltr'><strong>cum</strong></span> <span class='ocrx_word' id='word_1_260' title='bbox 1637 448 1681 467; x_wconf 84' lang='lat' dir='ltr'><strong>es-</strong></span> 
     </span>
    </p>
   </div>
   <div class='ocr_carea' id='block_1_40' title="bbox 907 483 1681 520">
    <p class='ocr_par' dir='ltr' id='par_1_40' title="bbox 907 483 1681 520">
     <span class='ocr_line' id='line_1_40' title="bbox 907 483 1681 520; baseline 0.001 -10"><span class='ocrx_word' id='word_1_261' title='bbox 907 487 949 510; x_wconf 71' lang='lat' dir='ltr'><strong>set</strong></span> <span class='ocrx_word' id='word_1_262' title='bbox 970 483 1004 510; x_wconf 86' lang='lat' dir='ltr'><strong>ab</strong></span> <span class='ocrx_word' id='word_1_263' title='bbox 1030 483 1212 515; x_wconf 86' lang='lat' dir='ltr'><strong>incunabulis,</strong></span> <span class='ocrx_word' id='word_1_264' title='bbox 1238 484 1415 511; x_wconf 76' lang='lat' dir='ltr'><strong>orthodoxam</strong></span> <span class='ocrx_word' id='word_1_265' title='bbox 1441 484 1519 512; x_wconf 79' lang='lat' dir='ltr'><strong>ﬁdem</strong></span> <span class='ocrx_word' id='word_1_266' title='bbox 1539 485 1681 520; x_wconf 76' lang='lat' dir='ltr'><strong>delegerit.</strong></span> 
     </span>
    </p>
   </div>
   <div class='ocr_carea' id='block_1_41' title="bbox 905 527 1680 563">
    <p class='ocr_par' dir='ltr' id='par_1_41' title="bbox 905 527 1680 563">
     <span class='ocr_line' id='line_1_41' title="bbox 905 527 1680 563; baseline 0.003 -10"><span class='ocrx_word' id='word_1_267' title='bbox 905 527 978 562; x_wconf 90' lang='lat' dir='ltr'><strong>ju-re,</strong></span> <span class='ocrx_word' id='word_1_268' title='bbox 992 527 1044 554; x_wconf 92' lang='lat' dir='ltr'><strong>nisi</strong></span> <span class='ocrx_word' id='word_1_269' title='bbox 1060 535 1120 562; x_wconf 76' lang='lat' dir='ltr'><strong>qua:</strong></span> <span class='ocrx_word' id='word_1_270' title='bbox 1132 527 1209 561; x_wconf 87' lang='lat' dir='ltr'><strong>justa</strong></span> <span class='ocrx_word' id='word_1_271' title='bbox 1225 535 1309 555; x_wconf 85' lang='lat' dir='ltr'><strong>causa</strong></span> <span class='ocrx_word' id='word_1_272' title='bbox 1329 529 1469 563; x_wconf 78' lang='lat' dir='ltr'><strong>impediat,</strong></span> <span class='ocrx_word' id='word_1_273' title='bbox 1484 529 1680 556; x_wconf 82' lang='lat' dir='ltr'><strong>ordinationem</strong></span> 
     </span>
    </p>
   </div>
   <div class='ocr_carea' id='block_1_42' title="bbox 907 571 1683 608">
    <p class='ocr_par' dir='ltr' id='par_1_42' title="bbox 907 571 1683 608">
     <span class='ocr_line' id='line_1_42' title="bbox 907 571 1683 608; baseline 0.001 -10"><span class='ocrx_word' id='word_1_274' title='bbox 907 571 1102 598; x_wconf 79' lang='lat' dir='ltr'><strong>sacerdotalem</strong></span> <span class='ocrx_word' id='word_1_275' title='bbox 1126 572 1255 606; x_wconf 87' lang='lat' dir='ltr'><strong>consequi</strong></span> <span class='ocrx_word' id='word_1_276' title='bbox 1279 573 1373 606; x_wconf 82' lang='lat' dir='ltr'><strong>possit.</strong></span> <span class='ocrx_word' id='word_1_277' title='bbox 1395 573 1463 605; x_wconf 85' lang='lat' dir='ltr'><strong>Quid</strong></span> <span class='ocrx_word' id='word_1_278' title='bbox 1489 574 1559 600; x_wconf 90' lang='lat' dir='ltr'><strong>enim</strong></span> <span class='ocrx_word' id='word_1_279' title='bbox 1585 573 1683 608; x_wconf 91' lang='lat' dir='ltr'><strong>(inquit</strong></span> 
     </span>
    </p>
   </div>
   <div class='ocr_carea' id='block_1_43' title="bbox 908 617 1682 651">
    <p class='ocr_par' dir='ltr' id='par_1_43' title="bbox 908 617 1682 651">
     <span class='ocr_line' id='line_1_43' title="bbox 908 617 1682 651; baseline 0.004 -9"><span class='ocrx_word' id='word_1_280' title='bbox 908 623 1021 650; x_wconf 81' lang='lat' dir='ltr'><strong>magnus</strong></span> <span class='ocrx_word' id='word_1_281' title='bbox 1033 617 1191 651; x_wconf 81' lang='lat' dir='ltr'><strong>Apostolus)</strong></span> <span class='ocrx_word' id='word_1_282' title='bbox 1207 617 1290 648; x_wconf 83' lang='lat' dir='ltr'><strong>nosti,</strong></span> <span class='ocrx_word' id='word_1_283' title='bbox 1304 617 1326 644; x_wconf 92' lang='lat' dir='ltr'><strong>si</strong></span> <span class='ocrx_word' id='word_1_284' title='bbox 1351 617 1438 644; x_wconf 88' lang='lat' dir='ltr'><strong>ﬁdelis</strong></span> <span class='ocrx_word' id='word_1_285' title='bbox 1458 619 1572 645; x_wconf 84' lang='lat' dir='ltr'><strong>deducat</strong></span> <span class='ocrx_word' id='word_1_286' title='bbox 1588 618 1682 645; x_wconf 85' lang='lat' dir='ltr'><strong>inlide-</strong></span> 
     </span>
    </p>
   </div>
   <div class='ocr_carea' id='block_1_44' title="bbox 907 660 1682 698">
    <p class='ocr_par' dir='ltr' id='par_1_44' title="bbox 907 660 1682 698">
     <span class='ocr_line' id='line_1_44' title="bbox 907 660 1682 698; baseline 0.005 -12"><span class='ocrx_word' id='word_1_287' title='bbox 907 660 958 686; x_wconf 87' lang='lat' dir='ltr'><strong>lcm</strong></span> <span class='ocrx_word' id='word_1_288' title='bbox 982 661 1125 696; x_wconf 71' lang='lat' dir='ltr'><strong>coniugem</strong></span> <span class='ocrx_word' id='word_1_289' title='bbox 1145 661 1178 687; x_wconf 89' lang='lat' dir='ltr'><strong>ad</strong></span> <span class='ocrx_word' id='word_1_290' title='bbox 1200 662 1299 688; x_wconf 83' lang='lat' dir='ltr'><strong>ﬁdem?</strong></span> <span class='ocrx_word' id='word_1_291' title='bbox 1315 662 1398 689; x_wconf 75' lang='lat' dir='ltr'><strong>Recte</strong></span> <span class='ocrx_word' id='word_1_292' title='bbox 1421 663 1512 697; x_wconf 81' lang='lat' dir='ltr'><strong>igitur,</strong></span> <span class='ocrx_word' id='word_1_293' title='bbox 1528 664 1573 698; x_wconf 92' lang='lat' dir='ltr'><strong>qui</strong></span> <span class='ocrx_word' id='word_1_294' title='bbox 1589 663 1622 689; x_wconf 89' lang='lat' dir='ltr'><strong>ad</strong></span> <span class='ocrx_word' id='word_1_295' title='bbox 1636 671 1682 690; x_wconf 91' lang='lat' dir='ltr'><strong>or-</strong></span> 
     </span>
    </p>
   </div>
   <div class='ocr_carea' id='block_1_45' title="bbox 908 704 1682 742">
    <p class='ocr_par' dir='ltr' id='par_1_45' title="bbox 908 704 1682 742">
     <span class='ocr_line' id='line_1_45' title="bbox 908 704 1682 742; baseline 0.005 -11"><span class='ocrx_word' id='word_1_296' title='bbox 908 704 1052 732; x_wconf 84' lang='lat' dir='ltr'><strong>thodoxam</strong></span> <span class='ocrx_word' id='word_1_297' title='bbox 1078 705 1156 733; x_wconf 90' lang='lat' dir='ltr'><strong>ﬁdem</strong></span> <span class='ocrx_word' id='word_1_298' title='bbox 1182 707 1255 733; x_wconf 81' lang='lat' dir='ltr'><strong>venit</strong></span> <span class='ocrx_word' id='word_1_299' title='bbox 1278 707 1312 733; x_wconf 91' lang='lat' dir='ltr'><strong>ab</strong></span> <span class='ocrx_word' id='word_1_300' title='bbox 1336 706 1524 734; x_wconf 68' lang='lat' dir='ltr'><strong>haereticorum</strong></span> <span class='ocrx_word' id='word_1_301' title='bbox 1551 708 1682 742; x_wconf 86' lang='lat' dir='ltr'><strong>supersti-</strong></span> 
     </span>
    </p>
   </div>
   <div class='ocr_carea' id='block_1_46' title="bbox 908 749 1683 781">
    <p class='ocr_par' dir='ltr' id='par_1_46' title="bbox 908 749 1683 781">
     <span class='ocr_line' id='line_1_46' title="bbox 908 749 1683 781; baseline 0.006 -6"><span class='ocrx_word' id='word_1_302' title='bbox 908 749 999 781; x_wconf 84' lang='lat' dir='ltr'><strong>tione,</strong></span> <span class='ocrx_word' id='word_1_303' title='bbox 1029 750 1186 777; x_wconf 85' lang='lat' dir='ltr'><strong>sacerdotali</strong></span> <span class='ocrx_word' id='word_1_304' title='bbox 1218 751 1365 778; x_wconf 90' lang='lat' dir='ltr'><strong>secundum</strong></span> <span class='ocrx_word' id='word_1_305' title='bbox 1389 760 1508 780; x_wconf 87' lang='lat' dir='ltr'><strong>canones</strong></span> <span class='ocrx_word' id='word_1_306' title='bbox 1535 753 1683 780; x_wconf 73' lang='lat' dir='ltr'><strong>honoratur</strong></span> 
     </span>
    </p>
   </div>
   <div class='ocr_carea' id='block_1_47' title="bbox 908 795 1682 833">
    <p class='ocr_par' dir='ltr' id='par_1_47' title="bbox 908 795 1682 833">
     <span class='ocr_line' id='line_1_47' title="bbox 908 795 1682 833; baseline 0.006 -12"><span class='ocrx_word' id='word_1_307' title='bbox 908 795 1046 829; x_wconf 80' lang='lat' dir='ltr'><strong>dignitate,</strong></span> <span class='ocrx_word' id='word_1_308' title='bbox 1067 797 1130 824; x_wconf 87' lang='lat' dir='ltr'><strong>licet</strong></span> <span class='ocrx_word' id='word_1_309' title='bbox 1153 804 1220 824; x_wconf 91' lang='lat' dir='ltr'><strong>uxor</strong></span> <span class='ocrx_word' id='word_1_310' title='bbox 1236 802 1263 825; x_wconf 89' lang='lat' dir='ltr'><strong>et</strong></span> <span class='ocrx_word' id='word_1_311' title='bbox 1286 798 1362 825; x_wconf 89' lang='lat' dir='ltr'><strong>liberi</strong></span> <span class='ocrx_word' id='word_1_312' title='bbox 1386 798 1446 833; x_wconf 86' lang='lat' dir='ltr'><strong>ejus</strong></span> <span class='ocrx_word' id='word_1_313' title='bbox 1470 799 1611 826; x_wconf 81' lang='lat' dir='ltr'><strong>orthodoxi</strong></span> <span class='ocrx_word' id='word_1_314' title='bbox 1627 807 1682 827; x_wconf 77' lang='lat' dir='ltr'><strong>non</strong></span> 
     </span>
    </p>
   </div>
   <div class='ocr_carea' id='block_1_48' title="bbox 869 837 982 867">
    <p class='ocr_par' dir='ltr' id='par_1_48' title="bbox 869 837 982 867">
     <span class='ocr_line' id='line_1_48' title="bbox 869 837 982 867; baseline 0.009 -1"><span class='ocrx_word' id='word_1_315' title='bbox 869 837 891 866; x_wconf 84' lang='lat' dir='ltr'><strong>B</strong></span> <span class='ocrx_word' id='word_1_316' title='bbox 905 839 982 867; x_wconf 89' lang='lat' dir='ltr'><strong>ﬁant.</strong></span> 
     </span>
    </p>
   </div>
   <div class='ocr_carea' id='block_1_49' title="bbox 941 885 1682 922">
    <p class='ocr_par' dir='ltr' id='par_1_49' title="bbox 941 885 1682 922">
     <span class='ocr_line' id='line_1_49' title="bbox 941 885 1682 922; baseline 0.004 -10"><span class='ocrx_word' id='word_1_317' title='bbox 941 885 1039 912; x_wconf 82' lang='lat' dir='ltr'><strong>lnlerr.</strong></span> <span class='ocrx_word' id='word_1_318' title='bbox 1052 886 1095 913; x_wconf 78' lang='lat'><strong>52.</strong></span> <span class='ocrx_word' id='word_1_319' title='bbox 1109 887 1149 913; x_wconf 81' lang='lat' dir='ltr'><strong>Aa</strong></span> <span class='ocrx_word' id='word_1_320' title='bbox 1165 891 1239 913; x_wconf 82' lang='lat' dir='ltr'><strong>extra</strong></span> <span class='ocrx_word' id='word_1_321' title='bbox 1256 887 1441 922; x_wconf 73' lang='lat' dir='ltr'><strong>praeiudicium</strong></span> <span class='ocrx_word' id='word_1_322' title='bbox 1456 887 1599 914; x_wconf 82' lang='lat' dir='ltr'><strong>infantium</strong></span> <span class='ocrx_word' id='word_1_323' title='bbox 1622 895 1682 915; x_wconf 78' lang='lat' dir='ltr'><strong>sus-</strong></span> 
     </span>
    </p>
   </div>
   <div class='ocr_carea' id='block_1_50' title="bbox 904 932 1681 966">
    <p class='ocr_par' dir='ltr' id='par_1_50' title="bbox 904 932 1681 966">
     <span class='ocr_line' id='line_1_50' title="bbox 904 932 1681 966; baseline 0.003 -8"><span class='ocrx_word' id='word_1_324' title='bbox 904 932 1042 966; x_wconf 83' lang='lat' dir='ltr'><strong>ceptiones</strong></span> <span class='ocrx_word' id='word_1_325' title='bbox 1058 932 1126 959; x_wconf 89' lang='lat' dir='ltr'><strong>ﬁunt</strong></span> <span class='ocrx_word' id='word_1_326' title='bbox 1145 939 1160 959; x_wconf 87' lang='lat' dir='ltr'><strong>a</strong></span> <span class='ocrx_word' id='word_1_327' title='bbox 1185 932 1299 965; x_wconf 87' lang='lat' dir='ltr'><strong>Latinis,</strong></span> <span class='ocrx_word' id='word_1_328' title='bbox 1319 933 1465 966; x_wconf 76' lang='lat' dir='ltr'><strong>Armeniis,</strong></span> <span class='ocrx_word' id='word_1_329' title='bbox 1481 933 1681 966; x_wconf 74' lang='lat' dir='ltr'><strong>Monotheletis.</strong></span> 
     </span>
    </p>
   </div>
   <div class='ocr_carea' id='block_1_51' title="bbox 904 976 1685 1012">
    <p class='ocr_par' dir='ltr' id='par_1_51' title="bbox 904 976 1685 1012">
     <span class='ocr_line' id='line_1_51' title="bbox 904 976 1685 1012; baseline 0 -9"><span class='ocrx_word' id='word_1_330' title='bbox 904 976 1087 1008; x_wconf 85' lang='lat' dir='ltr'><strong>Nestorianis,</strong></span> <span class='ocrx_word' id='word_1_331' title='bbox 1110 981 1137 1004; x_wconf 89' lang='lat' dir='ltr'><strong>et</strong></span> <span class='ocrx_word' id='word_1_332' title='bbox 1155 977 1261 1004; x_wconf 78' lang='lat' dir='ltr'><strong>caeteris</strong></span> <span class='ocrx_word' id='word_1_333' title='bbox 1285 977 1429 1012; x_wconf 83' lang='lat' dir='ltr'><strong>ejusmodi,</strong></span> <span class='ocrx_word' id='word_1_334' title='bbox 1452 985 1486 1004; x_wconf 88' lang='lat' dir='ltr'><strong>an</strong></span> <span class='ocrx_word' id='word_1_335' title='bbox 1510 978 1599 1012; x_wconf 83' lang='lat' dir='ltr'><strong>potius</strong></span> <span class='ocrx_word' id='word_1_336' title='bbox 1620 977 1685 1004; x_wconf 86' lang='lat' dir='ltr'><strong>odio</strong></span> 
     </span>
    </p>
   </div>
   <div class='ocr_carea' id='block_1_52' title="bbox 905 1021 1341 1056">
    <p class='ocr_par' dir='ltr' id='par_1_52' title="bbox 905 1021 1341 1056">
     <span class='ocr_line' id='line_1_52' title="bbox 905 1021 1341 1056; baseline 0 -8"><span class='ocrx_word' id='word_1_337' title='bbox 905 1021 1016 1055; x_wconf 77' lang='lat' dir='ltr'><strong>dignum</strong></span> <span class='ocrx_word' id='word_1_338' title='bbox 1032 1026 1114 1056; x_wconf 85' lang='lat' dir='ltr'><strong>atque</strong></span> <span class='ocrx_word' id='word_1_339' title='bbox 1133 1021 1321 1049; x_wconf 90' lang='lat' dir='ltr'><strong>detestandum</strong></span> <span class='ocrx_word' id='word_1_340' title='bbox 1329 1022 1341 1048; x_wconf 81' lang='grc' dir='ltr'><strong><em>τ</em></strong></span> 
     </span>
    </p>
   </div>
   <div class='ocr_carea' id='block_1_53' title="bbox 939 1066 1679 1102">
    <p class='ocr_par' dir='ltr' id='par_1_53' title="bbox 939 1066 1679 1102">
     <span class='ocr_line' id='line_1_53' title="bbox 939 1066 1679 1102; baseline 0.004 -10"><span class='ocrx_word' id='word_1_341' title='bbox 939 1066 1018 1100; x_wconf 75' lang='lat' dir='ltr'><strong>Resp.</strong></span> <span class='ocrx_word' id='word_1_342' title='bbox 1031 1066 1131 1094; x_wconf 87' lang='lat' dir='ltr'><strong>Thema</strong></span> <span class='ocrx_word' id='word_1_343' title='bbox 1143 1067 1171 1099; x_wconf 75' lang='lat'><strong>2,</strong></span> <span class='ocrx_word' id='word_1_344' title='bbox 1182 1073 1241 1102; x_wconf 87' lang='lat' dir='ltr'><strong>cap.</strong></span> <span class='ocrx_word' id='word_1_345' title='bbox 1258 1067 1301 1099; x_wconf 82' lang='grc'><strong>10,</strong></span> <span class='ocrx_word' id='word_1_346' title='bbox 1317 1068 1358 1094; x_wconf 91' lang='lat' dir='ltr'><strong>tit.</strong></span> <span class='ocrx_word' id='word_1_347' title='bbox 1373 1075 1393 1097; x_wconf 83' lang='grc' dir='ltr'>ι.</span> <span class='ocrx_word' id='word_1_348' title='bbox 1410 1069 1456 1095; x_wconf 89' lang='lat' dir='ltr'><strong>ub.</strong></span> <span class='ocrx_word' id='word_1_349' title='bbox 1472 1067 1679 1096; x_wconf 80' lang='lat' dir='ltr'><strong>iBasilicorum:</strong></span> 
     </span>
    </p>
   </div>
   <div class='ocr_carea' id='block_1_54' title="bbox 906 1112 1681 1148">
    <p class='ocr_par' dir='ltr' id='par_1_54' title="bbox 906 1112 1681 1148">
     <span class='ocr_line' id='line_1_54' title="bbox 906 1112 1681 1148; baseline 0.003 -9"><span class='ocrx_word' id='word_1_350' title='bbox 906 1112 1063 1145; x_wconf 65' lang='lat' dir='ltr'><strong>Haercticus.</strong></span> <span class='ocrx_word' id='word_1_351' title='bbox 1080 1113 1180 1147; x_wconf 88' lang='lat' dir='ltr'><strong>inquit,</strong></span> <span class='ocrx_word' id='word_1_352' title='bbox 1195 1116 1254 1144; x_wconf 85' lang='lat' dir='ltr'><strong>est,</strong></span> <span class='ocrx_word' id='word_1_353' title='bbox 1273 1116 1299 1139; x_wconf 90' lang='lat' dir='ltr'><strong>et</strong></span> <span class='ocrx_word' id='word_1_354' title='bbox 1316 1113 1431 1148; x_wconf 70' lang='lat' dir='ltr'><strong>legibus,</strong></span> <span class='ocrx_word' id='word_1_355' title='bbox 1448 1121 1507 1147; x_wconf 79' lang='lat' dir='ltr'><strong>quae</strong></span> <span class='ocrx_word' id='word_1_356' title='bbox 1522 1114 1554 1140; x_wconf 90' lang='lat' dir='ltr'><strong>de</strong></span> <span class='ocrx_word' id='word_1_357' title='bbox 1575 1115 1681 1141; x_wconf 85' lang='lat' dir='ltr'><strong>haereti-</strong></span> 
     </span>
    </p>
   </div>
   <div class='ocr_carea' id='block_1_55' title="bbox 905 1156 1683 1190">
    <p class='ocr_par' dir='ltr' id='par_1_55' title="bbox 905 1156 1683 1190">
     <span class='ocr_line' id='line_1_55' title="bbox 905 1156 1683 1190; baseline 0.004 -8"><span class='ocrx_word' id='word_1_358' title='bbox 905 1157 945 1183; x_wconf 88' lang='lat' dir='ltr'><strong>cis</strong></span> <span class='ocrx_word' id='word_1_359' title='bbox 963 1161 1037 1188; x_wconf 85' lang='lat' dir='ltr'><strong>sunt,</strong></span> <span class='ocrx_word' id='word_1_360' title='bbox 1056 1156 1214 1190; x_wconf 83' lang='lat' dir='ltr'><strong>subjicitur,</strong></span> <span class='ocrx_word' id='word_1_361' title='bbox 1231 1157 1276 1190; x_wconf 89' lang='lat' dir='ltr'><strong>qui</strong></span> <span class='ocrx_word' id='word_1_362' title='bbox 1294 1157 1401 1190; x_wconf 90' lang='lat' dir='ltr'><strong>paulum</strong></span> <span class='ocrx_word' id='word_1_363' title='bbox 1418 1157 1451 1184; x_wconf 89' lang='lat' dir='ltr'><strong>ab</strong></span> <span class='ocrx_word' id='word_1_364' title='bbox 1466 1158 1616 1185; x_wconf 73' lang='lat' dir='ltr'><strong>orthodma</strong></span> <span class='ocrx_word' id='word_1_365' title='bbox 1632 1159 1683 1185; x_wconf 81' lang='lat' dir='ltr'><strong>lide</strong></span> 
     </span>
    </p>
   </div>
   <div class='ocr_carea' id='block_1_56' title="bbox 906 1202 1680 1238">
    <p class='ocr_par' dir='ltr' id='par_1_56' title="bbox 906 1202 1680 1238">
     <span class='ocr_line' id='line_1_56' title="bbox 906 1202 1680 1238; baseline 0.003 -10"><span class='ocrx_word' id='word_1_366' title='bbox 906 1202 1035 1228; x_wconf 84' lang='lat' dir='ltr'><strong>declinat.</strong></span> <span class='ocrx_word' id='word_1_367' title='bbox 1049 1202 1116 1228; x_wconf 78' lang='lat' dir='ltr'><strong>Cum</strong></span> <span class='ocrx_word' id='word_1_368' title='bbox 1133 1202 1215 1235; x_wconf 82' lang='lat' dir='ltr'><strong>igitur</strong></span> <span class='ocrx_word' id='word_1_369' title='bbox 1238 1202 1254 1229; x_wconf 91' lang='lat' dir='ltr'><strong>ii</strong></span> <span class='ocrx_word' id='word_1_370' title='bbox 1273 1209 1377 1234; x_wconf 89' lang='lat' dir='ltr'><strong>omnes,</strong></span> <span class='ocrx_word' id='word_1_371' title='bbox 1394 1203 1440 1237; x_wconf 90' lang='lat' dir='ltr'><strong>qui</strong></span> <span class='ocrx_word' id='word_1_372' title='bbox 1463 1203 1513 1230; x_wconf 88' lang='lat' dir='ltr'><strong>hac</strong></span> <span class='ocrx_word' id='word_1_373' title='bbox 1535 1203 1680 1238; x_wconf 76' lang='lat' dir='ltr'><strong>interroga-</strong></span> 
     </span>
    </p>
   </div>
   <div class='ocr_carea' id='block_1_57' title="bbox 905 1247 1683 1284">
    <p class='ocr_par' dir='ltr' id='par_1_57' title="bbox 905 1247 1683 1284">
     <span class='ocr_line' id='line_1_57' title="bbox 905 1247 1683 1284; baseline 0.003 -10"><span class='ocrx_word' id='word_1_374' title='bbox 905 1247 979 1274; x_wconf 85' lang='lat' dir='ltr'><strong>tione</strong></span> <span class='ocrx_word' id='word_1_375' title='bbox 991 1247 1142 1274; x_wconf 85' lang='lat' dir='ltr'><strong>enumerati</strong></span> <span class='ocrx_word' id='word_1_376' title='bbox 1158 1251 1233 1278; x_wconf 84' lang='lat' dir='ltr'><strong>sunt,</strong></span> <span class='ocrx_word' id='word_1_377' title='bbox 1248 1255 1300 1273; x_wconf 87' lang='lat' dir='ltr'><strong>non</strong></span> <span class='ocrx_word' id='word_1_378' title='bbox 1316 1254 1410 1281; x_wconf 80' lang='lat' dir='ltr'><strong>parvo.</strong></span> <span class='ocrx_word' id='word_1_379' title='bbox 1428 1248 1474 1274; x_wconf 87' lang='lat' dir='ltr'><strong>sed</strong></span> <span class='ocrx_word' id='word_1_380' title='bbox 1488 1249 1568 1282; x_wconf 76' lang='lat' dir='ltr'><strong>longo</strong></span> <span class='ocrx_word' id='word_1_381' title='bbox 1583 1249 1683 1284; x_wconf 84' lang='lat' dir='ltr'><strong>spatio,</strong></span> 
     </span>
    </p>
   </div>
   <div class='ocr_carea' id='block_1_58' title="bbox 905 1291 1681 1326">
    <p class='ocr_par' dir='ltr' id='par_1_58' title="bbox 905 1291 1681 1326">
     <span class='ocr_line' id='line_1_58' title="bbox 905 1291 1681 1326; baseline 0.003 -8"><span class='ocrx_word' id='word_1_382' title='bbox 905 1295 932 1319; x_wconf 91' lang='lat' dir='ltr'><strong>et</strong></span> <span class='ocrx_word' id='word_1_383' title='bbox 946 1292 1017 1326; x_wconf 92' lang='lat' dir='ltr'><strong>quod</strong></span> <span class='ocrx_word' id='word_1_384' title='bbox 1038 1292 1146 1319; x_wconf 84' lang='lat' dir='ltr'><strong>dillicile</strong></span> <span class='ocrx_word' id='word_1_385' title='bbox 1166 1291 1289 1326; x_wconf 86' lang='lat' dir='ltr'><strong>superari</strong></span> <span class='ocrx_word' id='word_1_386' title='bbox 1307 1296 1399 1326; x_wconf 85' lang='lat' dir='ltr'><strong>quoat,</strong></span> <span class='ocrx_word' id='word_1_387' title='bbox 1415 1292 1449 1319; x_wconf 88' lang='lat' dir='ltr'><strong>ab</strong></span> <span class='ocrx_word' id='word_1_388' title='bbox 1470 1293 1681 1320; x_wconf 80' lang='lat' dir='ltr'><strong>orthodoxorum</strong></span> 
     </span>
    </p>
   </div>
   <div class='ocr_carea' id='block_1_59' title="bbox 904 1336 1682 1372">
    <p class='ocr_par' dir='ltr' id='par_1_59' title="bbox 904 1336 1682 1372">
     <span class='ocr_line' id='line_1_59' title="bbox 904 1336 1682 1372; baseline 0.003 -9"><span class='ocrx_word' id='word_1_389' title='bbox 904 1336 1029 1364; x_wconf 85' lang='lat' dir='ltr'><strong>Ecclesia</strong></span> <span class='ocrx_word' id='word_1_390' title='bbox 1055 1344 1168 1372; x_wconf 79' lang='lat' dir='ltr'><strong>prorsus</strong></span> <span class='ocrx_word' id='word_1_391' title='bbox 1190 1338 1339 1364; x_wconf 81' lang='lat' dir='ltr'><strong>exsulent:</strong></span> <span class='ocrx_word' id='word_1_392' title='bbox 1365 1345 1419 1364; x_wconf 92' lang='lat' dir='ltr'><strong>non</strong></span> <span class='ocrx_word' id='word_1_393' title='bbox 1443 1339 1682 1365; x_wconf 90' lang='lat' dir='ltr'><strong>communicabunt</strong></span> 
     </span>
    </p>
   </div>
   <div class='ocr_carea' id='block_1_60' title="bbox 905 1381 1683 1418">
    <p class='ocr_par' dir='ltr' id='par_1_60' title="bbox 905 1381 1683 1418">
     <span class='ocr_line' id='line_1_60' title="bbox 905 1381 1683 1418; baseline 0.003 -10"><span class='ocrx_word' id='word_1_394' title='bbox 905 1381 1048 1409; x_wconf 87' lang='lat' dir='ltr'><strong>nobiscum</strong></span> <span class='ocrx_word' id='word_1_395' title='bbox 1069 1382 1183 1416; x_wconf 77' lang='lat' dir='ltr'><strong>gratiam</strong></span> <span class='ocrx_word' id='word_1_396' title='bbox 1201 1382 1385 1416; x_wconf 88' lang='lat' dir='ltr'><strong>susceptionis</strong></span> <span class='ocrx_word' id='word_1_397' title='bbox 1403 1382 1551 1410; x_wconf 88' lang='lat' dir='ltr'><strong>liberorum</strong></span> <span class='ocrx_word' id='word_1_398' title='bbox 1571 1384 1683 1418; x_wconf 79' lang='lat' dir='ltr'><strong>spirita-</strong></span> 
     </span>
    </p>
   </div>
   <div class='ocr_carea' id='block_1_61' title="bbox 906 1425 1684 1460">
    <p class='ocr_par' dir='ltr' id='par_1_61' title="bbox 906 1425 1684 1460">
     <span class='ocr_line' id='line_1_61' title="bbox 906 1425 1684 1460; baseline 0.004 -8"><span class='ocrx_word' id='word_1_399' title='bbox 906 1425 984 1457; x_wconf 89' lang='lat' dir='ltr'><strong>lium,</strong></span> <span class='ocrx_word' id='word_1_400' title='bbox 1002 1433 1049 1460; x_wconf 90' lang='lat' dir='ltr'><strong>per</strong></span> <span class='ocrx_word' id='word_1_401' title='bbox 1065 1433 1158 1453; x_wconf 80' lang='lat' dir='ltr'><strong>sacras</strong></span> <span class='ocrx_word' id='word_1_402' title='bbox 1171 1428 1275 1460; x_wconf 88' lang='lat' dir='ltr'><strong>preces&#39;</strong></span> <span class='ocrx_word' id='word_1_403' title='bbox 1289 1430 1315 1453; x_wconf 87' lang='lat' dir='ltr'><strong>et</strong></span> <span class='ocrx_word' id='word_1_404' title='bbox 1333 1426 1564 1454; x_wconf 80' lang='lat' dir='ltr'><strong>sanctiﬁcationes</strong></span> <span class='ocrx_word' id='word_1_405' title='bbox 1584 1429 1684 1455; x_wconf 81' lang='lat' dir='ltr'><strong>multas</strong></span> 
     </span>
    </p>
   </div>
   <div class='ocr_carea' id='block_1_62' title="bbox 74 1470 855 1523">
    <p class='ocr_par' dir='ltr' id='par_1_62' title="bbox 74 1475 854 1512">
     <span class='ocr_line' id='line_1_62' title="bbox 74 1475 854 1512; baseline 0.003 -10"><span class='ocrx_word' id='word_1_406' title='bbox 74 1476 161 1510; x_wconf 82' lang='grc' dir='ltr'>ἁγίων</span> <span class='ocrx_word' id='word_1_407' title='bbox 177 1475 264 1510; x_wconf 77' lang='grc' dir='ltr'>εὐχῶν</span> <span class='ocrx_word' id='word_1_408' title='bbox 278 1476 325 1502; x_wconf 76' lang='grc' dir='ltr'>καὶ</span> <span class='ocrx_word' id='word_1_409' title='bbox 335 1476 511 1511; x_wconf 80' lang='grc' dir='ltr'>ἀγιασμάτων</span> <span class='ocrx_word' id='word_1_410' title='bbox 527 1476 640 1508; x_wconf 83' lang='grc' dir='ltr'>πολλῶν,</span> <span class='ocrx_word' id='word_1_411' title='bbox 661 1477 726 1512; x_wconf 85' lang='grc' dir='ltr'>ἡμῖν</span> <span class='ocrx_word' id='word_1_412' title='bbox 743 1485 854 1511; x_wconf 84' lang='grc' dir='ltr'>συγκοι-</span> 
     </span>
    </p>
   </div>
   <div class='ocr_carea' id='block_1_63' title="bbox 911 1470 1682 1523">
    <p class='ocr_par' dir='ltr' id='par_1_63' title="bbox 911 1470 1682 1499">
     <span class='ocr_line' id='line_1_63' title="bbox 911 1470 1682 1499; baseline 0.003 -2"><span class='ocrx_word' id='word_1_413' title='bbox 911 1470 1100 1499; x_wconf 89' lang='lat' dir='ltr'><strong>intercedentis</strong></span> <span class='ocrx_word' id='word_1_414' title='bbox 1117 1479 1124 1498; x_wconf 87' lang='lat'><strong>:</strong></span> <span class='ocrx_word' id='word_1_415' title='bbox 1145 1478 1179 1497; x_wconf 90' lang='lat' dir='ltr'><strong>ne</strong></span> <span class='ocrx_word' id='word_1_416' title='bbox 1203 1474 1230 1497; x_wconf 84' lang='lat' dir='ltr'><strong>et</strong></span> <span class='ocrx_word' id='word_1_417' title='bbox 1253 1472 1535 1499; x_wconf 87' lang='lat' dir='ltr'><strong>excommunicatione</strong></span> <span class='ocrx_word' id='word_1_418' title='bbox 1554 1472 1682 1499; x_wconf 90' lang='lat' dir='ltr'><strong>condem-</strong></span> 
     </span>
    </p>
   </div>
   <div class='ocr_carea' id='block_1_64' title="bbox 75 1521 855 1557">
    <p class='ocr_par' dir='ltr' id='par_1_64' title="bbox 75 1521 855 1557">
     <span class='ocr_line' id='line_1_64' title="bbox 75 1521 855 1557; baseline 0.004 -11"><span class='ocrx_word' id='word_1_419' title='bbox 75 1522 244 1556; x_wconf 80' lang='grc' dir='ltr'>νωνήσουσιν</span> <span class='ocrx_word' id='word_1_420' title='bbox 259 1527 266 1534; x_wconf 83' lang='grc'><strong>’</strong></span> <span class='ocrx_word' id='word_1_421' title='bbox 283 1521 326 1547; x_wconf 80' lang='grc' dir='ltr'>ἵνα</span> <span class='ocrx_word' id='word_1_422' title='bbox 352 1521 389 1556; x_wconf 80' lang='grc' dir='ltr'>μὴ</span> <span class='ocrx_word' id='word_1_423' title='bbox 410 1521 457 1547; x_wconf 60' lang='grc' dir='ltr'><strong>καὶ¹</strong></span> <span class='ocrx_word' id='word_1_424' title='bbox 480 1521 556 1548; x_wconf 77' lang='grc' dir='ltr'>αὐτοὶ</span> <span class='ocrx_word' id='word_1_425' title='bbox 578 1522 759 1557; x_wconf 77' lang='grc' dir='ltr'>ἁκοινωνησίᾳ</span> <span class='ocrx_word' id='word_1_426' title='bbox 771 1531 855 1549; x_wconf 83' lang='grc' dir='ltr'>κατοι-</span> 
     </span>
    </p>
   </div>
   <div class='ocr_carea' id='block_1_65' title="bbox 75 1565 852 1599">
    <p class='ocr_par' dir='ltr' id='par_1_65' title="bbox 75 1565 852 1599">
     <span class='ocr_line' id='line_1_65' title="bbox 75 1565 852 1599; baseline 0.004 -9"><span class='ocrx_word' id='word_1_427' title='bbox 75 1565 229 1599; x_wconf 80' lang='grc' dir='ltr'>κριθῶμεν,</span> <span class='ocrx_word' id='word_1_428' title='bbox 246 1565 315 1591; x_wconf 81' lang='grc' dir='ltr'>κατὰ</span> <span class='ocrx_word' id='word_1_429' title='bbox 329 1565 374 1591; x_wconf 82' lang='grc' dir='ltr'><strong>τὸν</strong></span> <span class='ocrx_word' id='word_1_430' title='bbox 389 1565 497 1598; x_wconf 83' lang='grc' dir='ltr'><strong>κανόνα,</strong></span> <span class='ocrx_word' id='word_1_431' title='bbox 513 1566 558 1592; x_wconf 77' lang='grc' dir='ltr'><strong>τὸν</strong></span> <span class='ocrx_word' id='word_1_432' title='bbox 571 1565 692 1599; x_wconf 79' lang='grc' dir='ltr'>λέγοντα,</span> <span class='ocrx_word' id='word_1_433' title='bbox 716 1566 746 1592; x_wconf 88' lang='grc' dir='ltr'><strong>Ὀ</strong></span> <span class='ocrx_word' id='word_1_434' title='bbox 757 1574 852 1593; x_wconf 76' lang='grc' dir='ltr'>κοινωσ-</span> 
     </span>
    </p>
   </div>
   <div class='ocr_carea' id='block_1_66' title="bbox 75 1611 783 1646">
    <p class='ocr_par' dir='ltr' id='par_1_66' title="bbox 75 1611 783 1646">
     <span class='ocr_line' id='line_1_66' title="bbox 75 1611 783 1646; baseline 0.001 -9"><span class='ocrx_word' id='word_1_435' title='bbox 75 1611 131 1637; x_wconf 81' lang='grc' dir='ltr'>νῶν</span> <span class='ocrx_word' id='word_1_436' title='bbox 146 1611 329 1646; x_wconf 78' lang='grc' dir='ltr'>ἀκοινωνὴτῳ,</span> <span class='ocrx_word' id='word_1_437' title='bbox 346 1612 392 1637; x_wconf 75' lang='grc' dir='ltr'><strong>καὶ</strong></span> <span class='ocrx_word' id='word_1_438' title='bbox 409 1611 489 1642; x_wconf 70' lang='grc' dir='ltr'>αὐτὸς</span> <span class='ocrx_word' id='word_1_439' title='bbox 509 1611 688 1646; x_wconf 75' lang='grc' dir='ltr'>ἀκοινώνητος</span> <span class='ocrx_word' id='word_1_440' title='bbox 701 1612 783 1638; x_wconf 76' lang='grc' dir='ltr'>ἐστιν.</span> 
     </span>
    </p>
   </div>
   <div class='ocr_carea' id='block_1_67' title="bbox 118 1655 856 1691">
    <p class='ocr_par' dir='ltr' id='par_1_67' title="bbox 118 1655 856 1691">
     <span class='ocr_line' id='line_1_67' title="bbox 118 1655 856 1691; baseline -0.003 -8"><span class='ocrx_word' id='word_1_441' title='bbox 118 1655 219 1689; x_wconf 82' lang='grc' dir='ltr'>Ἐρώτ.</span> <span class='ocrx_word' id='word_1_442' title='bbox 249 1656 300 1690; x_wconf 83' lang='grc' dir='ltr'>λγ’.</span> <span class='ocrx_word' id='word_1_443' title='bbox 333 1656 481 1691; x_wconf 80' lang='grc' dir='ltr'>Ὀροὸδοξοι</span> <span class='ocrx_word' id='word_1_444' title='bbox 519 1657 645 1690; x_wconf 84' lang='grc' dir='ltr'>γυναῖκες</span> <span class='ocrx_word' id='word_1_445' title='bbox 679 1657 856 1682; x_wconf 82' lang='grc' dir='ltr'><strong>συνάπτονται</strong></span> 
     </span>
    </p>
   </div>
   <div class='ocr_carea' id='block_1_68' title="bbox 75 1701 855 1737">
    <p class='ocr_par' dir='ltr' id='par_1_68' title="bbox 75 1701 855 1737">
     <span class='ocr_line' id='line_1_68' title="bbox 75 1701 855 1737; baseline 0 -10"><span class='ocrx_word' id='word_1_446' title='bbox 75 1701 148 1735; x_wconf 71' lang='grc' dir='ltr'>τάχα</span> <span class='ocrx_word' id='word_1_447' title='bbox 163 1701 288 1735; x_wconf 82' lang='grc' dir='ltr'>γαμικῶς</span> <span class='ocrx_word' id='word_1_448' title='bbox 311 1701 378 1736; x_wconf 83' lang='grc' dir='ltr'>μετὰ</span> <span class='ocrx_word' id='word_1_449' title='bbox 392 1701 567 1737; x_wconf 85' lang='grc' dir='ltr'>Σαρακηνῶν,</span> <span class='ocrx_word' id='word_1_450' title='bbox 584 1701 600 1736; x_wconf 84' lang='grc' dir='ltr'><strong>ῆ</strong></span> <span class='ocrx_word' id='word_1_451' title='bbox 619 1701 665 1727; x_wconf 76' lang='grc' dir='ltr'>καὶ</span> <span class='ocrx_word' id='word_1_452' title='bbox 678 1701 855 1735; x_wconf 76' lang='grc' dir='ltr'>αἱρεσιωτῶν,</span> 
     </span>
    </p>
   </div>
   <div class='ocr_carea' id='block_1_69' title="bbox 76 1745 856 1781">
    <p class='ocr_par' dir='ltr' id='par_1_69' title="bbox 76 1745 856 1781">
     <span class='ocr_line' id='line_1_69' title="bbox 76 1745 856 1781; baseline -0.003 -8"><span class='ocrx_word' id='word_1_453' title='bbox 76 1748 126 1774; x_wconf 76' lang='grc' dir='ltr'>καὶ</span> <span class='ocrx_word' id='word_1_454' title='bbox 144 1747 276 1778; x_wconf 76' lang='grc' dir='ltr'>θέλουσιν,</span> <span class='ocrx_word' id='word_1_455' title='bbox 292 1747 329 1778; x_wconf 79' lang='grc' dir='ltr'><strong>ὡς</strong></span> <span class='ocrx_word' id='word_1_456' title='bbox 345 1746 542 1781; x_wconf 68' lang='grc' dir='ltr'>ὀρθοόοξοῦσαι,</span> <span class='ocrx_word' id='word_1_457' title='bbox 560 1745 650 1778; x_wconf 79' lang='grc' dir='ltr'>καθὼς</span> <span class='ocrx_word' id='word_1_458' title='bbox 667 1745 856 1778; x_wconf 81' lang='grc' dir='ltr'>διενίστανται,</span> 
     </span>
    </p>
   </div>
   <div class='ocr_carea' id='block_1_70' title="bbox 78 1790 857 1827">
    <p class='ocr_par' dir='ltr' id='par_1_70' title="bbox 78 1790 857 1827">
     <span class='ocr_line' id='line_1_70' title="bbox 78 1790 857 1827; baseline -0.003 -9"><span class='ocrx_word' id='word_1_459' title='bbox 78 1792 299 1827; x_wconf 77' lang='grc' dir='ltr'>μεταλαμῦἀνειν</span> <span class='ocrx_word' id='word_1_460' title='bbox 328 1791 382 1818; x_wconf 79' lang='grc' dir='ltr'><strong>τῶν</strong></span> <span class='ocrx_word' id='word_1_461' title='bbox 406 1792 483 1818; x_wconf 81' lang='grc' dir='ltr'>θείων</span> <span class='ocrx_word' id='word_1_462' title='bbox 506 1791 700 1825; x_wconf 69' lang='grc' dir='ltr'>ἁγιασμᾶιτωψ</span> <span class='ocrx_word' id='word_1_463' title='bbox 722 1790 857 1826; x_wconf 80' lang='grc' dir='ltr'>ζητοῦμεν</span> 
     </span>
    </p>
   </div>
   <div class='ocr_carea' id='block_1_71' title="bbox 75 1836 424 1872">
    <p class='ocr_par' dir='ltr' id='par_1_71' title="bbox 75 1836 424 1872">
     <span class='ocr_line' id='line_1_71' title="bbox 75 1836 424 1872; baseline -0.003 -8"><span class='ocrx_word' id='word_1_464' title='bbox 75 1837 124 1864; x_wconf 83' lang='grc' dir='ltr'>οὖν</span> <span class='ocrx_word' id='word_1_465' title='bbox 138 1836 169 1863; x_wconf 79' lang='grc' dir='ltr'>τδ</span> <span class='ocrx_word' id='word_1_466' title='bbox 182 1838 304 1872; x_wconf 74' lang='grc' dir='ltr'>ποιητέον</span> <span class='ocrx_word' id='word_1_467' title='bbox 319 1837 424 1870; x_wconf 83' lang='grc' dir='ltr'>μαθεῖν.</span> 
     </span>
    </p>
   </div>
   <div class='ocr_carea' id='block_1_72' title="bbox 120 1881 857 1917">
    <p class='ocr_par' dir='ltr' id='par_1_72' title="bbox 120 1881 857 1917">
     <span class='ocr_line' id='line_1_72' title="bbox 120 1881 857 1917; baseline -0.004 -7"><span class='ocrx_word' id='word_1_468' title='bbox 120 1883 218 1910; x_wconf 76' lang='grc' dir='ltr'>Ἀπὸκ.</span> <span class='ocrx_word' id='word_1_469' title='bbox 240 1883 269 1909; x_wconf 83' lang='grc' dir='ltr'><strong>ὀ</strong></span> <span class='ocrx_word' id='word_1_470' title='bbox 283 1882 303 1908; x_wconf 92' lang='grc' dir='ltr'>ο’</span> <span class='ocrx_word' id='word_1_471' title='bbox 320 1882 409 1909; x_wconf 83' lang='grc' dir='ltr'>κανὼν</span> <span class='ocrx_word' id='word_1_472' title='bbox 427 1882 475 1916; x_wconf 86' lang='grc' dir='ltr'><strong>τῆς</strong></span> <span class='ocrx_word' id='word_1_473' title='bbox 497 1883 526 1908; x_wconf 81' lang='grc' dir='ltr'>ἐν</span> <span class='ocrx_word' id='word_1_474' title='bbox 551 1882 590 1917; x_wconf 86' lang='grc' dir='ltr'><strong>τῷ</strong></span> <span class='ocrx_word' id='word_1_475' title='bbox 606 1881 730 1916; x_wconf 80' lang='grc' dir='ltr'>Τρούλλῳ</span> <span class='ocrx_word' id='word_1_476' title='bbox 750 1881 857 1907; x_wconf 84' lang='grc' dir='ltr'><strong>συνόδου</strong></span> 
     </span>
    </p>
   </div>
   <div class='ocr_carea' id='block_1_73' title="bbox 75 1927 856 1963">
    <p class='ocr_par' dir='ltr' id='par_1_73' title="bbox 75 1927 856 1963">
     <span class='ocr_line' id='line_1_73' title="bbox 75 1927 856 1963; baseline -0.005 -7"><span class='ocrx_word' id='word_1_477' title='bbox 75 1929 166 1956; x_wconf 70' lang='grc' dir='ltr'>ταῦτά</span> <span class='ocrx_word' id='word_1_478' title='bbox 181 1936 267 1963; x_wconf 81' lang='grc' dir='ltr'>φησι·</span> <span class='ocrx_word' id='word_1_479' title='bbox 294 1928 338 1962; x_wconf 83' lang='grc' dir='ltr'><strong>Μὴ</strong></span> <span class='ocrx_word' id='word_1_480' title='bbox 356 1927 454 1959; x_wconf 74' lang='grc' dir='ltr'>ἐξεῖναι</span> <span class='ocrx_word' id='word_1_481' title='bbox 473 1927 611 1962; x_wconf 79' lang='grc' dir='ltr'>ὸρθόόοεον</span> <span class='ocrx_word' id='word_1_482' title='bbox 626 1927 709 1961; x_wconf 77' lang='grc' dir='ltr'>ἄνδρα</span> <span class='ocrx_word' id='word_1_483' title='bbox 733 1927 856 1962; x_wconf 82' lang='grc' dir='ltr'>αἱρετικῇ</span> 
     </span>
    </p>
   </div>
   <div class='ocr_carea' id='block_1_74' title="bbox 77 1971 858 2007">
    <p class='ocr_par' dir='ltr' id='par_1_74' title="bbox 77 1971 858 2007">
     <span class='ocr_line' id='line_1_74' title="bbox 77 1971 858 2007; baseline -0.005 -6"><span class='ocrx_word' id='word_1_484' title='bbox 77 1974 263 2002; x_wconf 80' lang='grc' dir='ltr'>συνάπτεσθαι</span> <span class='ocrx_word' id='word_1_485' title='bbox 275 1973 393 2007; x_wconf 79' lang='grc' dir='ltr'>γυναικὶ,</span> <span class='ocrx_word' id='word_1_486' title='bbox 408 1973 476 2007; x_wconf 75' lang='grc' dir='ltr'>μήτε</span> <span class='ocrx_word' id='word_1_487' title='bbox 491 1972 619 2007; x_wconf 77' lang='grc' dir='ltr'>αἱρετικῷ</span> <span class='ocrx_word' id='word_1_488' title='bbox 631 1972 706 2006; x_wconf 74' lang='grc' dir='ltr'>ἀνδρὶ</span> <span class='ocrx_word' id='word_1_489' title='bbox 720 1971 858 2006; x_wconf 79' lang='grc' dir='ltr'>ὀρθόδοξον</span> 
     </span>
    </p>
   </div>
   <div class='ocr_carea' id='block_1_75' title="bbox 76 2015 858 2054">
    <p class='ocr_par' dir='ltr' id='par_1_75' title="bbox 76 2015 858 2054">
     <span class='ocr_line' id='line_1_75' title="bbox 76 2015 858 2054; baseline -0.006 -8"><span class='ocrx_word' id='word_1_490' title='bbox 76 2020 197 2054; x_wconf 74' lang='grc' dir='ltr'>γυναῖκα</span> <span class='ocrx_word' id='word_1_491' title='bbox 217 2018 424 2051; x_wconf 76' lang='grc' dir='ltr'>συζεύγνυσθαι.</span> <span class='ocrx_word' id='word_1_492' title='bbox 452 2017 522 2043; x_wconf 80' lang='grc' dir='ltr'>Ἀλλ’</span> <span class='ocrx_word' id='word_1_493' title='bbox 543 2017 566 2042; x_wconf 85' lang='grc' dir='ltr'><strong>εί</strong></span> <span class='ocrx_word' id='word_1_494' title='bbox 591 2017 637 2042; x_wconf 70' lang='grc' dir='ltr'>καὶ</span> <span class='ocrx_word' id='word_1_495' title='bbox 651 2017 722 2051; x_wconf 82' lang='grc' dir='ltr'>φανῇ</span> <span class='ocrx_word' id='word_1_496' title='bbox 739 2015 858 2042; x_wconf 83' lang='grc' dir='ltr'>τοιοῦτον</span> 
     </span>
    </p>
   </div>
   <div class='ocr_carea' id='block_1_76' title="bbox 76 2060 858 2096">
    <p class='ocr_par' dir='ltr' id='par_1_76' title="bbox 76 2060 858 2096">
     <span class='ocr_line' id='line_1_76' title="bbox 76 2060 858 2096; baseline -0.005 -6"><span class='ocrx_word' id='word_1_497' title='bbox 76 2064 132 2090; x_wconf 72' lang='grc' dir='ltr'><strong>ὑπό</strong></span> <span class='ocrx_word' id='word_1_498' title='bbox 141 2071 215 2093; x_wconf 79' lang='grc' dir='ltr'>τινος</span> <span class='ocrx_word' id='word_1_499' title='bbox 232 2063 283 2089; x_wconf 84' lang='grc' dir='ltr'>τῶν</span> <span class='ocrx_word' id='word_1_500' title='bbox 298 2063 425 2089; x_wconf 81' lang='grc' dir='ltr'>ἁπάντων</span> <span class='ocrx_word' id='word_1_501' title='bbox 437 2062 587 2096; x_wconf 86' lang='grc' dir='ltr'>γινόμενον,</span> <span class='ocrx_word' id='word_1_502' title='bbox 602 2060 703 2095; x_wconf 80' lang='grc' dir='ltr'>ἄκυρον</span> <span class='ocrx_word' id='word_1_503' title='bbox 714 2060 760 2086; x_wconf 75' lang='grc' dir='ltr'><strong>τὸν</strong></span> <span class='ocrx_word' id='word_1_504' title='bbox 771 2061 858 2095; x_wconf 80' lang='grc' dir='ltr'>γάμον</span> 
     </span>
    </p>
   </div>
   <div class='ocr_carea' id='block_1_77' title="bbox 76 2104 857 2143">
    <p class='ocr_par' dir='ltr' id='par_1_77' title="bbox 76 2104 857 2143">
     <span class='ocr_line' id='line_1_77' title="bbox 76 2104 857 2143; baseline -0.004 -9"><span class='ocrx_word' id='word_1_505' title='bbox 76 2107 223 2143; x_wconf 77' lang='grc' dir='ltr'>ἡγεῖσθαι,</span> <span class='ocrx_word' id='word_1_506' title='bbox 244 2106 291 2133; x_wconf 70' lang='grc' dir='ltr'>καὶ</span> <span class='ocrx_word' id='word_1_507' title='bbox 311 2106 342 2132; x_wconf 73' lang='grc' dir='ltr'>τὸ</span> <span class='ocrx_word' id='word_1_508' title='bbox 363 2105 482 2139; x_wconf 76' lang='grc' dir='ltr'>ἄθεσμον</span> <span class='ocrx_word' id='word_1_509' title='bbox 502 2104 655 2131; x_wconf 81' lang='grc' dir='ltr'>διαλύεσθαι</span> <span class='ocrx_word' id='word_1_510' title='bbox 682 2104 857 2131; x_wconf 83' lang='grc' dir='ltr'>συνοικέσιον.</span> 
     </span>
    </p>
   </div>
   <div class='ocr_carea' id='block_1_78' title="bbox 907 1515 1683 1549">
    <p class='ocr_par' dir='ltr' id='par_1_78' title="bbox 907 1515 1683 1549">
     <span class='ocr_line' id='line_1_78' title="bbox 907 1515 1683 1549; baseline 0.004 -8"><span class='ocrx_word' id='word_1_511' title='bbox 907 1522 1013 1548; x_wconf 88' lang='lat' dir='ltr'><strong>nemur,</strong></span> <span class='ocrx_word' id='word_1_512' title='bbox 1031 1515 1109 1549; x_wconf 90' lang='lat' dir='ltr'><strong>juxta</strong></span> <span class='ocrx_word' id='word_1_513' title='bbox 1127 1522 1257 1543; x_wconf 84' lang='lat' dir='ltr'><strong>canonem</strong></span> <span class='ocrx_word' id='word_1_514' title='bbox 1272 1516 1418 1548; x_wconf 88' lang='lat' dir='ltr'><strong>dicentem,</strong></span> <span class='ocrx_word' id='word_1_515' title='bbox 1434 1516 1485 1549; x_wconf 87' lang='lat' dir='ltr'><strong>Qui</strong></span> <span class='ocrx_word' id='word_1_516' title='bbox 1501 1518 1683 1545; x_wconf 80' lang='lat' dir='ltr'><strong>communicat</strong></span> 
     </span>
    </p>
   </div>
   <div class='ocr_carea' id='block_1_79' title="bbox 907 1559 1682 1597">
    <p class='ocr_par' dir='ltr' id='par_1_79' title="bbox 907 1559 1682 1597">
     <span class='ocr_line' id='line_1_79' title="bbox 907 1559 1682 1597; baseline 0.005 -11"><span class='ocrx_word' id='word_1_517' title='bbox 907 1566 968 1586; x_wconf 90' lang='lat' dir='ltr'><strong>cum</strong></span> <span class='ocrx_word' id='word_1_518' title='bbox 990 1559 1236 1592; x_wconf 79' lang='lat' dir='ltr'><strong>excommunicato,</strong></span> <span class='ocrx_word' id='word_1_519' title='bbox 1249 1564 1291 1588; x_wconf 81' lang='lat' dir='ltr'><strong>est</strong></span> <span class='ocrx_word' id='word_1_520' title='bbox 1310 1562 1561 1590; x_wconf 86' lang='lat' dir='ltr'><strong>excommunicatus</strong></span> <span class='ocrx_word' id='word_1_521' title='bbox 1573 1567 1600 1590; x_wconf 89' lang='lat' dir='ltr'><strong>et</strong></span> <span class='ocrx_word' id='word_1_522' title='bbox 1613 1563 1682 1597; x_wconf 83' lang='lat' dir='ltr'><strong>ipse.</strong></span> 
     </span>
    </p>
   </div>
   <div class='ocr_carea' id='block_1_80' title="bbox 944 1649 1683 1688">
    <p class='ocr_par' dir='ltr' id='par_1_80' title="bbox 944 1649 1683 1688">
     <span class='ocr_line' id='line_1_80' title="bbox 944 1649 1683 1688; baseline 0.005 -12"><span class='ocrx_word' id='word_1_523' title='bbox 944 1649 1043 1680; x_wconf 81' lang='lat' dir='ltr'><strong>Imm.</strong></span> <span class='ocrx_word' id='word_1_524' title='bbox 1062 1650 1104 1678; x_wconf 80' lang='grc'><strong>55.</strong></span> <span class='ocrx_word' id='word_1_525' title='bbox 1130 1649 1293 1678; x_wconf 67' lang='lat' dir='ltr'><strong>Orthodoxze</strong></span> <span class='ocrx_word' id='word_1_526' title='bbox 1321 1651 1449 1679; x_wconf 82' lang='lat' dir='ltr'><strong>mulieres</strong></span> <span class='ocrx_word' id='word_1_527' title='bbox 1479 1653 1683 1688; x_wconf 77' lang='lat' dir='ltr'><strong>conjunguntur</strong></span> 
     </span>
    </p>
   </div>
   <div class='ocr_carea' id='block_1_81' title="bbox 908 1694 1684 1730">
    <p class='ocr_par' dir='ltr' id='par_1_81' title="bbox 908 1694 1684 1730">
     <span class='ocr_line' id='line_1_81' title="bbox 908 1694 1684 1730; baseline 0.005 -9"><span class='ocrx_word' id='word_1_528' title='bbox 908 1694 978 1722; x_wconf 82' lang='lat' dir='ltr'><strong>forte</strong></span> <span class='ocrx_word' id='word_1_529' title='bbox 994 1703 1041 1730; x_wconf 88' lang='lat' dir='ltr'><strong>per</strong></span> <span class='ocrx_word' id='word_1_530' title='bbox 1053 1696 1162 1730; x_wconf 90' lang='lat' dir='ltr'><strong>nuptias</strong></span> <span class='ocrx_word' id='word_1_531' title='bbox 1179 1703 1241 1722; x_wconf 88' lang='lat' dir='ltr'><strong>cum</strong></span> <span class='ocrx_word' id='word_1_532' title='bbox 1257 1695 1401 1723; x_wconf 77' lang='lat' dir='ltr'><strong>Saracenis</strong></span> <span class='ocrx_word' id='word_1_533' title='bbox 1417 1697 1458 1724; x_wconf 86' lang='lat' dir='ltr'><strong>vel</strong></span> <span class='ocrx_word' id='word_1_534' title='bbox 1473 1697 1618 1729; x_wconf 67' lang='lat' dir='ltr'><strong>haereticis,</strong></span> <span class='ocrx_word' id='word_1_535' title='bbox 1634 1706 1684 1729; x_wconf 57' lang='grc' dir='ltr'>νοτ</span> 
     </span>
    </p>
   </div>
   <div class='ocr_carea' id='block_1_82' title="bbox 907 1740 1683 1775">
    <p class='ocr_par' dir='ltr' id='par_1_82' title="bbox 907 1740 1683 1775">
     <span class='ocr_line' id='line_1_82' title="bbox 907 1740 1683 1775; baseline 0.003 -8"><span class='ocrx_word' id='word_1_536' title='bbox 907 1740 1030 1775; x_wconf 84' lang='lat' dir='ltr'><strong>luntque,</strong></span> <span class='ocrx_word' id='word_1_537' title='bbox 1047 1745 1075 1767; x_wconf 92' lang='lat' dir='ltr'><strong>ut</strong></span> <span class='ocrx_word' id='word_1_538' title='bbox 1091 1740 1159 1767; x_wconf 86' lang='lat' dir='ltr'><strong>bene</strong></span> <span class='ocrx_word' id='word_1_539' title='bbox 1173 1741 1206 1767; x_wconf 93' lang='lat' dir='ltr'><strong>de</strong></span> <span class='ocrx_word' id='word_1_540' title='bbox 1221 1740 1272 1767; x_wconf 86' lang='lat' dir='ltr'><strong>ﬁde</strong></span> <span class='ocrx_word' id='word_1_541' title='bbox 1288 1741 1443 1774; x_wconf 87' lang='lat' dir='ltr'><strong>sentientes,</strong></span> <span class='ocrx_word' id='word_1_542' title='bbox 1455 1742 1683 1775; x_wconf 81' lang='lat' dir='ltr'><strong>quemadmodum</strong></span> 
     </span>
    </p>
   </div>
   <div class='ocr_carea' id='block_1_83' title="bbox 908 1785 1684 1821">
    <p class='ocr_par' dir='ltr' id='par_1_83' title="bbox 908 1785 1684 1821">
     <span class='ocr_line' id='line_1_83' title="bbox 908 1785 1684 1821; baseline 0.004 -10"><span class='ocrx_word' id='word_1_543' title='bbox 908 1789 1068 1812; x_wconf 76' lang='lat' dir='ltr'><strong>constanter</strong></span> <span class='ocrx_word' id='word_1_544' title='bbox 1084 1785 1270 1817; x_wconf 86' lang='lat' dir='ltr'><strong>instituerunt,</strong></span> <span class='ocrx_word' id='word_1_545' title='bbox 1287 1786 1431 1821; x_wconf 84' lang='lat' dir='ltr'><strong>participes</strong></span> <span class='ocrx_word' id='word_1_546' title='bbox 1452 1786 1509 1814; x_wconf 76' lang='lat' dir='ltr'><strong>ﬁeri</strong></span> <span class='ocrx_word' id='word_1_547' title='bbox 1529 1787 1684 1814; x_wconf 85' lang='lat' dir='ltr'><strong>divinarum</strong></span> 
     </span>
    </p>
   </div>
   <div class='ocr_carea' id='block_1_84' title="bbox 908 1829 1681 1864">
    <p class='ocr_par' dir='ltr' id='par_1_84' title="bbox 908 1829 1681 1864">
     <span class='ocr_line' id='line_1_84' title="bbox 908 1829 1681 1864; baseline 0.001 -7"><span class='ocrx_word' id='word_1_548' title='bbox 908 1829 1166 1857; x_wconf 85' lang='lat' dir='ltr'><strong>sanctiﬁcationum.</strong></span> <span class='ocrx_word' id='word_1_549' title='bbox 1195 1829 1346 1862; x_wconf 72' lang='lat' dir='ltr'><strong>Quaerimus</strong></span> <span class='ocrx_word' id='word_1_550' title='bbox 1372 1831 1435 1864; x_wconf 92' lang='lat' dir='ltr'><strong>quid</strong></span> <span class='ocrx_word' id='word_1_551' title='bbox 1462 1830 1614 1858; x_wconf 77' lang='lat' dir='ltr'><strong>faciendum</strong></span> <span class='ocrx_word' id='word_1_552' title='bbox 1636 1833 1681 1858; x_wconf 86' lang='lat' dir='ltr'><strong>sit.</strong></span> 
     </span>
    </p>
   </div>
   <div class='ocr_carea' id='block_1_85' title="bbox 945 1867 1682 1908">
    <p class='ocr_par' dir='ltr' id='par_1_85' title="bbox 945 1867 1682 1908">
     <span class='ocr_line' id='line_1_85' title="bbox 945 1867 1682 1908; baseline 0.005 -8"><span class='ocrx_word' id='word_1_553' title='bbox 945 1873 1020 1908; x_wconf 76' lang='lat' dir='ltr'><strong>Resp.</strong></span> <span class='ocrx_word' id='word_1_554' title='bbox 1032 1874 1125 1901; x_wconf 86' lang='lat' dir='ltr'><strong>Canon</strong></span> <span class='ocrx_word' id='word_1_555' title='bbox 1135 1874 1168 1902; x_wconf 89' lang='lat'><strong>70</strong></span> <span class='ocrx_word' id='word_1_556' title='bbox 1184 1875 1280 1908; x_wconf 87' lang='lat' dir='ltr'><strong>synodi</strong></span> <span class='ocrx_word' id='word_1_557' title='bbox 1294 1875 1320 1901; x_wconf 92' lang='lat' dir='ltr'><strong>in</strong></span> <span class='ocrx_word' id='word_1_558' title='bbox 1338 1867 1430 1902; x_wconf 74' lang='lat' dir='ltr'><strong>Trullo</strong></span> <span class='ocrx_word' id='word_1_559' title='bbox 1442 1875 1499 1903; x_wconf 69' lang='lat' dir='ltr'><strong>haac</strong></span> <span class='ocrx_word' id='word_1_560' title='bbox 1513 1877 1631 1904; x_wconf 81' lang='lat' dir='ltr'><strong>aitzNon</strong></span> <span class='ocrx_word' id='word_1_561' title='bbox 1649 1877 1682 1903; x_wconf 87' lang='lat' dir='ltr'><strong>li-</strong></span> 
     </span>
    </p>
   </div>
   <div class='ocr_carea' id='block_1_86' title="bbox 908 1919 1685 1948">
    <p class='ocr_par' dir='ltr' id='par_1_86' title="bbox 908 1919 1685 1948">
     <span class='ocr_line' id='line_1_86' title="bbox 908 1919 1685 1948; baseline 0.003 -2"><span class='ocrx_word' id='word_1_562' title='bbox 908 1927 970 1947; x_wconf 85' lang='lat' dir='ltr'><strong>cere</strong></span> <span class='ocrx_word' id='word_1_563' title='bbox 992 1919 1050 1947; x_wconf 86' lang='lat' dir='ltr'><strong>viro</strong></span> <span class='ocrx_word' id='word_1_564' title='bbox 1069 1919 1220 1947; x_wconf 81' lang='lat' dir='ltr'><strong>orthodoxo</strong></span> <span class='ocrx_word' id='word_1_565' title='bbox 1241 1927 1302 1947; x_wconf 92' lang='lat' dir='ltr'><strong>cum</strong></span> <span class='ocrx_word' id='word_1_566' title='bbox 1325 1920 1439 1948; x_wconf 88' lang='lat' dir='ltr'><strong>muliere</strong></span> <span class='ocrx_word' id='word_1_567' title='bbox 1466 1921 1591 1948; x_wconf 73' lang='lat' dir='ltr'><strong>haeretica</strong></span> <span class='ocrx_word' id='word_1_568' title='bbox 1619 1929 1685 1948; x_wconf 91' lang='lat' dir='ltr'><strong>con-</strong></span> 
     </span>
    </p>
   </div>
   <div class='ocr_carea' id='block_1_87' title="bbox 906 1965 1685 1999">
    <p class='ocr_par' dir='ltr' id='par_1_87' title="bbox 906 1965 1685 1999">
     <span class='ocr_line' id='line_1_87' title="bbox 906 1965 1685 1999; baseline 0.004 -8"><span class='ocrx_word' id='word_1_569' title='bbox 906 1965 995 1999; x_wconf 71' lang='lat' dir='ltr'><strong>jungi,</strong></span> <span class='ocrx_word' id='word_1_570' title='bbox 1012 1972 1099 1998; x_wconf 88' lang='lat' dir='ltr'><strong>neque</strong></span> <span class='ocrx_word' id='word_1_571' title='bbox 1121 1972 1185 1992; x_wconf 81' lang='lat' dir='ltr'><strong>vero</strong></span> <span class='ocrx_word' id='word_1_572' title='bbox 1211 1965 1369 1992; x_wconf 66' lang='lat' dir='ltr'><strong>orthodoxa:</strong></span> <span class='ocrx_word' id='word_1_573' title='bbox 1392 1973 1453 1992; x_wconf 89' lang='lat' dir='ltr'><strong>cum</strong></span> <span class='ocrx_word' id='word_1_574' title='bbox 1479 1967 1538 1994; x_wconf 84' lang='lat' dir='ltr'><strong>viro</strong></span> <span class='ocrx_word' id='word_1_575' title='bbox 1557 1967 1685 1994; x_wconf 75' lang='lat' dir='ltr'><strong>haeretica</strong></span> 
     </span>
    </p>
   </div>
   <div class='ocr_carea' id='block_1_88' title="bbox 909 2009 1683 2046">
    <p class='ocr_par' dir='ltr' id='par_1_88' title="bbox 909 2009 1683 2046">
     <span class='ocr_line' id='line_1_88' title="bbox 909 2009 1683 2046; baseline 0.001 -9"><span class='ocrx_word' id='word_1_576' title='bbox 909 2010 1040 2045; x_wconf 87' lang='lat' dir='ltr'><strong>copulari.</strong></span> <span class='ocrx_word' id='word_1_577' title='bbox 1057 2009 1108 2037; x_wconf 87' lang='lat' dir='ltr'><strong>Sed</strong></span> <span class='ocrx_word' id='word_1_578' title='bbox 1123 2010 1174 2038; x_wconf 84' lang='lat' dir='ltr'><strong>etsi</strong></span> <span class='ocrx_word' id='word_1_579' title='bbox 1190 2010 1256 2045; x_wconf 88' lang='lat' dir='ltr'><strong>quid</strong></span> <span class='ocrx_word' id='word_1_580' title='bbox 1280 2010 1414 2046; x_wconf 81' lang='lat' dir='ltr'><strong>ejusmodi</strong></span> <span class='ocrx_word' id='word_1_581' title='bbox 1429 2011 1463 2038; x_wconf 85' lang='lat' dir='ltr'><strong>ab</strong></span> <span class='ocrx_word' id='word_1_582' title='bbox 1481 2012 1534 2038; x_wconf 94' lang='lat' dir='ltr'><strong>ullo</strong></span> <span class='ocrx_word' id='word_1_583' title='bbox 1549 2019 1581 2039; x_wconf 87' lang='lat' dir='ltr'><strong>ex</strong></span> <span class='ocrx_word' id='word_1_584' title='bbox 1594 2014 1683 2039; x_wconf 92' lang='lat' dir='ltr'><strong>omni-</strong></span> 
     </span>
    </p>
   </div>
   <div class='ocr_carea' id='block_1_89' title="bbox 910 2055 1683 2091">
    <p class='ocr_par' dir='ltr' id='par_1_89' title="bbox 910 2055 1683 2091">
     <span class='ocr_line' id='line_1_89' title="bbox 910 2055 1683 2091; baseline 0 -8"><span class='ocrx_word' id='word_1_585' title='bbox 910 2056 960 2083; x_wconf 85' lang='lat' dir='ltr'><strong>bus</strong></span> <span class='ocrx_word' id='word_1_586' title='bbox 979 2055 1080 2083; x_wconf 78' lang='lat' dir='ltr'><strong>factum</strong></span> <span class='ocrx_word' id='word_1_587' title='bbox 1102 2057 1266 2091; x_wconf 84' lang='lat' dir='ltr'><strong>apparuerit,</strong></span> <span class='ocrx_word' id='word_1_588' title='bbox 1285 2057 1376 2084; x_wconf 90' lang='lat' dir='ltr'><strong>irritas</strong></span> <span class='ocrx_word' id='word_1_589' title='bbox 1398 2057 1506 2090; x_wconf 86' lang='lat' dir='ltr'><strong>nuptias</strong></span> <span class='ocrx_word' id='word_1_590' title='bbox 1522 2057 1683 2088; x_wconf 80' lang='lat' dir='ltr'><strong>existimari,</strong></span> 
     </span>
    </p>
   </div>
   <div class='ocr_carea' id='block_1_90' title="bbox 909 2101 1683 2136">
    <p class='ocr_par' dir='ltr' id='par_1_90' title="bbox 909 2101 1683 2136">
     <span class='ocr_line' id='line_1_90' title="bbox 909 2101 1683 2136; baseline 0 -7"><span class='ocrx_word' id='word_1_591' title='bbox 909 2106 936 2129; x_wconf 87' lang='lat' dir='ltr'><strong>et</strong></span> <span class='ocrx_word' id='word_1_592' title='bbox 958 2101 1090 2128; x_wconf 82' lang='lat' dir='ltr'><strong>nefarium</strong></span> <span class='ocrx_word' id='word_1_593' title='bbox 1109 2101 1264 2136; x_wconf 75' lang='lat' dir='ltr'><strong>conjugium</strong></span> <span class='ocrx_word' id='word_1_594' title='bbox 1282 2102 1391 2129; x_wconf 85' lang='lat' dir='ltr'><strong>dissolvi</strong></span> <span class='ocrx_word' id='word_1_595' title='bbox 1411 2109 1520 2136; x_wconf 86' lang='lat' dir='ltr'><strong>:neque</strong></span> <span class='ocrx_word' id='word_1_596' title='bbox 1548 2103 1619 2129; x_wconf 87' lang='lat' dir='ltr'><strong>enim</strong></span> <span class='ocrx_word' id='word_1_597' title='bbox 1640 2110 1683 2134; x_wconf 86' lang='lat' dir='ltr'><strong>ea,</strong></span> 
     </span>
    </p>
   </div>
   <div class='ocr_carea' id='block_1_91' title="bbox 77 2147 855 2187">
    <p class='ocr_par' dir='ltr' id='par_1_91' title="bbox 77 2149 855 2187">
     <span class='ocr_line' id='line_1_91' title="bbox 77 2149 855 2187; baseline -0.006 -8"><span class='ocrx_word' id='word_1_598' title='bbox 77 2153 118 2179; x_wconf 80' lang='grc' dir='ltr'><strong>Οὐ</strong></span> <span class='ocrx_word' id='word_1_599' title='bbox 135 2153 191 2187; x_wconf 79' lang='grc' dir='ltr'>γὰρ</span> <span class='ocrx_word' id='word_1_600' title='bbox 206 2151 260 2186; x_wconf 79' lang='grc' dir='ltr'>χρὴ</span> <span class='ocrx_word' id='word_1_601' title='bbox 280 2151 313 2177; x_wconf 85' lang='grc' dir='ltr'>τὰ</span> <span class='ocrx_word' id='word_1_602' title='bbox 329 2150 430 2185; x_wconf 76' lang='grc' dir='ltr'>ἄμικτα</span> <span class='ocrx_word' id='word_1_603' title='bbox 442 2151 581 2185; x_wconf 80' lang='grc' dir='ltr'>μιγνύναι,</span> <span class='ocrx_word' id='word_1_604' title='bbox 605 2149 665 2176; x_wconf 77' lang='grc' dir='ltr'><strong>οὐδὲ</strong></span> <span class='ocrx_word' id='word_1_605' title='bbox 679 2149 718 2183; x_wconf 85' lang='grc' dir='ltr'>τῷ</span> <span class='ocrx_word' id='word_1_606' title='bbox 730 2149 855 2183; x_wconf 77' lang='grc' dir='ltr'>προϐάτῳ</span> 
     </span>
    </p>
   </div>
   <div class='ocr_carea' id='block_1_92' title="bbox 911 2147 1683 2187">
    <p class='ocr_par' dir='ltr' id='par_1_92' title="bbox 911 2147 1683 2181">
     <span class='ocr_line' id='line_1_92' title="bbox 911 2147 1683 2181; baseline -0.001 -7"><span class='ocrx_word' id='word_1_607' title='bbox 911 2155 970 2181; x_wconf 75' lang='lat' dir='ltr'><strong>qua:</strong></span> <span class='ocrx_word' id='word_1_608' title='bbox 991 2153 1046 2173; x_wconf 89' lang='lat' dir='ltr'><strong>non</strong></span> <span class='ocrx_word' id='word_1_609' title='bbox 1065 2151 1128 2173; x_wconf 87' lang='lat' dir='ltr'><strong>sunt</strong></span> <span class='ocrx_word' id='word_1_610' title='bbox 1151 2147 1299 2179; x_wconf 83' lang='lat' dir='ltr'><strong>miscenda,</strong></span> <span class='ocrx_word' id='word_1_611' title='bbox 1320 2147 1444 2180; x_wconf 85' lang='lat' dir='ltr'><strong>misceri;</strong></span> <span class='ocrx_word' id='word_1_612' title='bbox 1461 2155 1511 2174; x_wconf 75' lang='lat' dir='ltr'><strong>nec</strong></span> <span class='ocrx_word' id='word_1_613' title='bbox 1526 2154 1602 2174; x_wconf 87' lang='lat' dir='ltr'><strong>ovem</strong></span> <span class='ocrx_word' id='word_1_614' title='bbox 1622 2154 1683 2174; x_wconf 88' lang='lat' dir='ltr'><strong>cum</strong></span> 
     </span>
    </p>
   </div>
   <div class='ocr_carea' id='block_1_93' title="bbox 77 2193 858 2230">
    <p class='ocr_par' dir='ltr' id='par_1_93' title="bbox 77 2193 858 2230">
     <span class='ocr_line' id='line_1_93' title="bbox 77 2193 858 2230; baseline -0.008 -6"><span class='ocrx_word' id='word_1_615' title='bbox 77 2198 127 2224; x_wconf 72' lang='grc' dir='ltr'><strong>τὸν</strong></span> <span class='ocrx_word' id='word_1_616' title='bbox 138 2197 219 2223; x_wconf 81' lang='grc' dir='ltr'>λύκον</span> <span class='ocrx_word' id='word_1_617' title='bbox 233 2195 443 2230; x_wconf 75' lang='grc' dir='ltr'>συμπλέκεσθαι,</span> <span class='ocrx_word' id='word_1_618' title='bbox 461 2195 507 2222; x_wconf 69' lang='grc' dir='ltr'>καὶ</span> <span class='ocrx_word' id='word_1_619' title='bbox 519 2196 550 2230; x_wconf 85' lang='grc' dir='ltr'>τῇ</span> <span class='ocrx_word' id='word_1_620' title='bbox 560 2194 607 2220; x_wconf 83' lang='grc' dir='ltr'>τοῦ</span> <span class='ocrx_word' id='word_1_621' title='bbox 623 2193 741 2228; x_wconf 83' lang='grc' dir='ltr'>Χριστοῦ</span> <span class='ocrx_word' id='word_1_622' title='bbox 757 2194 858 2229; x_wconf 84' lang='grc' dir='ltr'>ποίμνῃ</span> 
     </span>
    </p>
   </div>
   <div class='ocr_carea' id='block_1_94' title="bbox 76 2238 859 2275">
    <p class='ocr_par' dir='ltr' id='par_1_94' title="bbox 76 2238 859 2275">
     <span class='ocr_line' id='line_1_94' title="bbox 76 2238 859 2275; baseline -0.008 -5"><span class='ocrx_word' id='word_1_623' title='bbox 76 2243 126 2270; x_wconf 81' lang='grc' dir='ltr'><strong>τὸν</strong></span> <span class='ocrx_word' id='word_1_624' title='bbox 156 2242 211 2268; x_wconf 87' lang='grc' dir='ltr'>τῶν</span> <span class='ocrx_word' id='word_1_625' title='bbox 235 2240 402 2275; x_wconf 72' lang='grc' dir='ltr'>ἁμαρτωλῶν</span> <span class='ocrx_word' id='word_1_626' title='bbox 424 2240 533 2274; x_wconf 82' lang='grc' dir='ltr'>κλῆρον.</span> <span class='ocrx_word' id='word_1_627' title='bbox 553 2238 583 2265; x_wconf 87' lang='lat' dir='ltr'><strong>El</strong></span> <span class='ocrx_word' id='word_1_628' title='bbox 597 2239 625 2265; x_wconf 74' lang='grc' dir='ltr'>δὲ</span> <span class='ocrx_word' id='word_1_629' title='bbox 642 2239 749 2273; x_wconf 76' lang='grc' dir='ltr'>παραϐῇ</span> <span class='ocrx_word' id='word_1_630' title='bbox 767 2247 807 2268; x_wconf 89' lang='grc' dir='ltr'><strong>τις</strong></span> <span class='ocrx_word' id='word_1_631' title='bbox 825 2239 859 2264; x_wconf 76' lang='grc' dir='ltr'>τὰ</span> 
     </span>
    </p>
   </div>
   <div class='ocr_carea' id='block_1_95' title="bbox 79 2281 859 2322">
    <p class='ocr_par' dir='ltr' id='par_1_95' title="bbox 79 2281 859 2322">
     <span class='ocr_line' id='line_1_95' title="bbox 79 2281 859 2322; baseline -0.009 -9"><span class='ocrx_word' id='word_1_632' title='bbox 79 2286 150 2322; x_wconf 86' lang='grc' dir='ltr'>παρ’</span> <span class='ocrx_word' id='word_1_633' title='bbox 165 2285 243 2321; x_wconf 82' lang='grc' dir='ltr'>ήμῶν</span> <span class='ocrx_word' id='word_1_634' title='bbox 255 2285 407 2320; x_wconf 80' lang='grc' dir='ltr'>ὁρισθέντα,</span> <span class='ocrx_word' id='word_1_635' title='bbox 426 2283 604 2318; x_wconf 78' lang='grc' dir='ltr'>ἀφοριζέσοω.</span> <span class='ocrx_word' id='word_1_636' title='bbox 624 2283 656 2308; x_wconf 80' lang='grc' dir='ltr'><em>Ἡ</em></span> <span class='ocrx_word' id='word_1_637' title='bbox 666 2282 730 2313; x_wconf 81' lang='grc' dir='ltr'>γοῦν</span> <span class='ocrx_word' id='word_1_638' title='bbox 746 2281 790 2308; x_wconf 79' lang='grc' dir='ltr'>διὰ</span> <span class='ocrx_word' id='word_1_639' title='bbox 810 2281 859 2316; x_wconf 84' lang='grc' dir='ltr'>τὴν</span> 
     </span>
    </p>
   </div>
   <div class='ocr_carea' id='block_1_96' title="bbox 81 2327 859 2365">
    <p class='ocr_par' dir='ltr' id='par_1_96' title="bbox 81 2327 859 2365">
     <span class='ocr_line' id='line_1_96' title="bbox 81 2327 859 2365; baseline -0.006 -8"><span class='ocrx_word' id='word_1_640' title='bbox 81 2332 204 2365; x_wconf 73' lang='grc' dir='ltr'>ἄθεσμον</span> <span class='ocrx_word' id='word_1_641' title='bbox 215 2329 316 2364; x_wconf 78' lang='grc' dir='ltr'>ταύτην</span> <span class='ocrx_word' id='word_1_642' title='bbox 329 2329 469 2355; x_wconf 83' lang='grc' dir='ltr'>κοινωνίαν</span> <span class='ocrx_word' id='word_1_643' title='bbox 486 2327 554 2362; x_wconf 78' lang='grc' dir='ltr'>μετὰ</span> <span class='ocrx_word' id='word_1_644' title='bbox 583 2327 733 2362; x_wconf 74' lang='grc' dir='ltr'>αἱρετικοῦ.</span> <span class='ocrx_word' id='word_1_645' title='bbox 754 2327 859 2360; x_wconf 79' lang='grc' dir='ltr'>ἀφωρι-</span> 
     </span>
    </p>
   </div>
   <div class='ocr_carea' id='block_1_97' title="bbox 80 2373 862 2411">
    <p class='ocr_par' dir='ltr' id='par_1_97' title="bbox 80 2373 862 2411">
     <span class='ocr_line' id='line_1_97' title="bbox 80 2373 862 2411; baseline -0.005 -9"><span class='ocrx_word' id='word_1_646' title='bbox 80 2376 172 2411; x_wconf 82' lang='grc' dir='ltr'>σμένη</span> <span class='ocrx_word' id='word_1_647' title='bbox 188 2374 254 2401; x_wconf 76' lang='grc' dir='ltr'>οὖσα</span> <span class='ocrx_word' id='word_1_648' title='bbox 270 2375 316 2401; x_wconf 77' lang='grc' dir='ltr'>καὶ</span> <span class='ocrx_word' id='word_1_649' title='bbox 331 2373 520 2408; x_wconf 81' lang='grc' dir='ltr'>ἀκοινώνητος,</span> <span class='ocrx_word' id='word_1_650' title='bbox 538 2373 597 2404; x_wconf 81' lang='grc' dir='ltr'><strong>πῶς</strong></span> <span class='ocrx_word' id='word_1_651' title='bbox 619 2373 672 2399; x_wconf 86' lang='grc' dir='ltr'>τῶν</span> <span class='ocrx_word' id='word_1_652' title='bbox 688 2373 766 2399; x_wconf 82' lang='grc' dir='ltr'>θείων</span> <span class='ocrx_word' id='word_1_653' title='bbox 780 2373 862 2405; x_wconf 72' lang='grc' dir='ltr'>ἁγία-ι</span> 
     </span>
    </p>
   </div>
   <div class='ocr_carea' id='block_1_98' title="bbox 81 2417 857 2457">
    <p class='ocr_par' dir='ltr' id='par_1_98' title="bbox 81 2417 857 2457">
     <span class='ocr_line' id='line_1_98' title="bbox 81 2417 857 2457; baseline -0.008 -8"><span class='ocrx_word' id='word_1_654' title='bbox 81 2423 198 2457; x_wconf 85' lang='grc' dir='ltr'>σμάτων</span> <span class='ocrx_word' id='word_1_655' title='bbox 218 2420 366 2454; x_wconf 79' lang='grc' dir='ltr'>ἁξιωθείη;</span> <span class='ocrx_word' id='word_1_656' title='bbox 382 2420 490 2450; x_wconf 78' lang='grc' dir='ltr'>πάντως</span> <span class='ocrx_word' id='word_1_657' title='bbox 503 2418 632 2452; x_wconf 80' lang='grc' dir='ltr'>οὐδαμοῦ,</span> <span class='ocrx_word' id='word_1_658' title='bbox 650 2419 674 2444; x_wconf 79' lang='grc' dir='ltr'><strong>εί</strong></span> <span class='ocrx_word' id='word_1_659' title='bbox 689 2417 726 2452; x_wconf 87' lang='grc' dir='ltr'>μὴ</span> <span class='ocrx_word' id='word_1_660' title='bbox 753 2418 857 2451; x_wconf 84' lang='grc' dir='ltr'>ἀποστῇ</span> 
     </span>
    </p>
   </div>
   <div class='ocr_carea' id='block_1_99' title="bbox 80 2462 788 2498">
    <p class='ocr_par' dir='ltr' id='par_1_99' title="bbox 80 2462 788 2498">
     <span class='ocr_line' id='line_1_99' title="bbox 80 2462 788 2498; baseline -0.01 -3"><span class='ocrx_word' id='word_1_661' title='bbox 80 2467 132 2495; x_wconf 77' lang='grc' dir='ltr'>τοῦ</span> <span class='ocrx_word' id='word_1_662' title='bbox 148 2465 246 2497; x_wconf 81' lang='grc' dir='ltr'>κακοῦ,</span> <span class='ocrx_word' id='word_1_663' title='bbox 263 2465 309 2492; x_wconf 78' lang='grc' dir='ltr'>καὶ</span> <span class='ocrx_word' id='word_1_664' title='bbox 324 2466 473 2495; x_wconf 78' lang='grc' dir='ltr'>κανονικοῖς</span> <span class='ocrx_word' id='word_1_665' title='bbox 489 2463 634 2498; x_wconf 66' lang='grc' dir='ltr'>ἐπιτιμίοις</span> <span class='ocrx_word' id='word_1_666' title='bbox 646 2462 788 2497; x_wconf 81' lang='grc' dir='ltr'>διορθωθῇ.</span> 
     </span>
    </p>
   </div>
   <div class='ocr_carea' id='block_1_100' title="bbox 126 2552 860 2591">
    <p class='ocr_par' dir='ltr' id='par_1_100' title="bbox 126 2552 860 2591">
     <span class='ocr_line' id='line_1_100' title="bbox 126 2552 860 2591; baseline -0.008 -7"><span class='ocrx_word' id='word_1_667' title='bbox 126 2557 227 2591; x_wconf 82' lang='grc' dir='ltr'>Ἐρώτ.</span> <span class='ocrx_word' id='word_1_668' title='bbox 265 2555 313 2583; x_wconf 82' lang='grc' dir='ltr'><strong>λό’.</strong></span> <span class='ocrx_word' id='word_1_669' title='bbox 355 2555 431 2585; x_wconf 79' lang='grc' dir='ltr'>Τινὲς</span> <span class='ocrx_word' id='word_1_670' title='bbox 471 2554 633 2588; x_wconf 77' lang='grc' dir='ltr'>γυναικείων</span> <span class='ocrx_word' id='word_1_671' title='bbox 673 2552 860 2588; x_wconf 83' lang='grc' dir='ltr'>μοναστηρίων</span> 
     </span>
    </p>
   </div>
   <div class='ocr_carea' id='block_1_101' title="bbox 84 2599 861 2638">
    <p class='ocr_par' dir='ltr' id='par_1_101' title="bbox 84 2599 861 2638">
     <span class='ocr_line' id='line_1_101' title="bbox 84 2599 861 2638; baseline -0.009 -8"><span class='ocrx_word' id='word_1_672' title='bbox 84 2603 258 2638; x_wconf 59' lang='grc' dir='ltr'>πφεστῶται</span> <span class='ocrx_word' id='word_1_673' title='bbox 274 2601 398 2636; x_wconf 76' lang='grc' dir='ltr'>ζητοῦσιν</span> <span class='ocrx_word' id='word_1_674' title='bbox 417 2601 568 2635; x_wconf 80' lang='grc' dir='ltr'>ἐκχώρησιν</span> <span class='ocrx_word' id='word_1_675' title='bbox 583 2599 763 2632; x_wconf 73' lang='grc' dir='ltr'>ὲπισκοπικὴν</span> <span class='ocrx_word' id='word_1_676' title='bbox 783 2599 861 2632; x_wconf 78' lang='grc' dir='ltr'>χάριν</span> 
     </span>
    </p>
   </div>
   <div class='ocr_carea' id='block_1_102' title="bbox 84 2644 859 2683">
    <p class='ocr_par' dir='ltr' id='par_1_102' title="bbox 84 2644 859 2683">
     <span class='ocr_line' id='line_1_102' title="bbox 84 2644 859 2683; baseline -0.006 -8"><span class='ocrx_word' id='word_1_677' title='bbox 84 2649 134 2676; x_wconf 73' lang='grc' dir='ltr'>τοῦ</span> <span class='ocrx_word' id='word_1_678' title='bbox 160 2647 284 2683; x_wconf 72' lang='grc' dir='ltr'>δέχισθαι</span> <span class='ocrx_word' id='word_1_679' title='bbox 307 2647 450 2681; x_wconf 73' lang='grc' dir='ltr'>λογισμοὺς</span> <span class='ocrx_word' id='word_1_680' title='bbox 479 2646 532 2670; x_wconf 69' lang='grc' dir='ltr'>τῶν</span> <span class='ocrx_word' id='word_1_681' title='bbox 555 2644 599 2670; x_wconf 79' lang='grc' dir='ltr'><strong>ὑπ’</strong></span> <span class='ocrx_word' id='word_1_682' title='bbox 619 2644 702 2674; x_wconf 76' lang='grc' dir='ltr'>αὐτὰς</span> <span class='ocrx_word' id='word_1_683' title='bbox 726 2644 859 2678; x_wconf 80' lang='grc' dir='ltr'>μοναχῶν.</span> 
     </span>
    </p>
   </div>
   <div class='ocr_carea' id='block_1_103' title="bbox 86 2689 860 2730">
    <p class='ocr_par' dir='ltr' id='par_1_103' title="bbox 86 2689 860 2730">
     <span class='ocr_line' id='line_1_103' title="bbox 86 2689 860 2730; baseline -0.008 -9"><span class='ocrx_word' id='word_1_684' title='bbox 86 2694 228 2730; x_wconf 74' lang='grc' dir='ltr'>Ζητοῦμεν</span> <span class='ocrx_word' id='word_1_685' title='bbox 242 2691 287 2720; x_wconf 70' lang='grc' dir='ltr'><strong>οὖν</strong></span> <span class='ocrx_word' id='word_1_686' title='bbox 308 2694 331 2719; x_wconf 88' lang='grc' dir='ltr'>εἰ</span> <span class='ocrx_word' id='word_1_687' title='bbox 347 2694 418 2718; x_wconf 75' lang='grc' dir='ltr'>ἔστιν</span> <span class='ocrx_word' id='word_1_688' title='bbox 439 2691 610 2724; x_wconf 68' lang='grc' dir='ltr'>ἐνδεχόμενον</span> <span class='ocrx_word' id='word_1_689' title='bbox 630 2689 707 2716; x_wconf 76' lang='grc' dir='ltr'>τοῦτο</span> <span class='ocrx_word' id='word_1_690' title='bbox 724 2689 860 2722; x_wconf 79' lang='grc' dir='ltr'>γενέσθαι.</span> 
     </span>
    </p>
   </div>
   <div class='ocr_carea' id='block_1_104' title="bbox 912 2191 1686 2227">
    <p class='ocr_par' dir='ltr' id='par_1_104' title="bbox 912 2191 1686 2227">
     <span class='ocr_line' id='line_1_104' title="bbox 912 2191 1686 2227; baseline 0 -8"><span class='ocrx_word' id='word_1_691' title='bbox 912 2193 985 2227; x_wconf 83' lang='grc' dir='ltr'>Ιιιρο,</span> <span class='ocrx_word' id='word_1_692' title='bbox 1005 2199 1054 2218; x_wconf 89' lang='lat' dir='ltr'><strong>nec</strong></span> <span class='ocrx_word' id='word_1_693' title='bbox 1076 2195 1246 2226; x_wconf 80' lang='lat' dir='ltr'><strong>peccatontm</strong></span> <span class='ocrx_word' id='word_1_694' title='bbox 1269 2196 1370 2219; x_wconf 81' lang='lat' dir='ltr'><strong>sortem</strong></span> <span class='ocrx_word' id='word_1_695' title='bbox 1398 2199 1459 2219; x_wconf 88' lang='lat' dir='ltr'><strong>cum</strong></span> <span class='ocrx_word' id='word_1_696' title='bbox 1484 2191 1584 2219; x_wconf 83' lang='lat' dir='ltr'><strong>Christi</strong></span> <span class='ocrx_word' id='word_1_697' title='bbox 1610 2197 1686 2227; x_wconf 85' lang='lat' dir='ltr'><strong>parte</strong></span> 
     </span>
    </p>
   </div>
   <div class='ocr_carea' id='block_1_105' title="bbox 911 2236 1685 2272">
    <p class='ocr_par' dir='ltr' id='par_1_105' title="bbox 911 2236 1685 2272">
     <span class='ocr_line' id='line_1_105' title="bbox 911 2236 1685 2272; baseline 0.001 -8"><span class='ocrx_word' id='word_1_698' title='bbox 911 2237 1037 2271; x_wconf 77' lang='lat' dir='ltr'><strong>conjungi</strong></span> <span class='ocrx_word' id='word_1_699' title='bbox 1053 2240 1171 2271; x_wconf 89' lang='lat' dir='ltr'><strong>oportet.</strong></span> <span class='ocrx_word' id='word_1_700' title='bbox 1198 2236 1226 2263; x_wconf 90' lang='lat' dir='ltr'><strong>Si</strong></span> <span class='ocrx_word' id='word_1_701' title='bbox 1249 2237 1310 2271; x_wconf 84' lang='lat' dir='ltr'><strong>quis</strong></span> <span class='ocrx_word' id='word_1_702' title='bbox 1331 2241 1420 2264; x_wconf 89' lang='lat' dir='ltr'><strong>autem</strong></span> <span class='ocrx_word' id='word_1_703' title='bbox 1438 2244 1480 2268; x_wconf 89' lang='lat' dir='ltr'><strong>ea,</strong></span> <span class='ocrx_word' id='word_1_704' title='bbox 1494 2246 1553 2272; x_wconf 73' lang='lat' dir='ltr'><strong>qua:</strong></span> <span class='ocrx_word' id='word_1_705' title='bbox 1569 2246 1582 2263; x_wconf 83' lang='lat' dir='ltr'><strong>a</strong></span> <span class='ocrx_word' id='word_1_706' title='bbox 1606 2238 1685 2265; x_wconf 81' lang='lat' dir='ltr'><strong>nobis</strong></span> 
     </span>
    </p>
   </div>
   <div class='ocr_carea' id='block_1_106' title="bbox 912 2283 1685 2319">
    <p class='ocr_par' dir='ltr' id='par_1_106' title="bbox 912 2283 1685 2319">
     <span class='ocr_line' id='line_1_106' title="bbox 912 2283 1685 2319; baseline 0.003 -9"><span class='ocrx_word' id='word_1_707' title='bbox 912 2283 1020 2310; x_wconf 88' lang='lat' dir='ltr'><strong>decreta</strong></span> <span class='ocrx_word' id='word_1_708' title='bbox 1040 2289 1114 2315; x_wconf 88' lang='lat' dir='ltr'><strong>sunt,</strong></span> <span class='ocrx_word' id='word_1_709' title='bbox 1132 2288 1318 2318; x_wconf 79' lang='lat' dir='ltr'><strong>transgressus</strong></span> <span class='ocrx_word' id='word_1_710' title='bbox 1332 2283 1424 2314; x_wconf 80' lang='lat' dir='ltr'><strong>fuerit,</strong></span> <span class='ocrx_word' id='word_1_711' title='bbox 1439 2290 1603 2319; x_wconf 74' lang='lat' dir='ltr'><strong>segregetur.</strong></span> <span class='ocrx_word' id='word_1_712' title='bbox 1621 2285 1685 2318; x_wconf 66' lang='lat' dir='ltr'><strong>Qua</strong></span> 
     </span>
    </p>
   </div>
   <div class='ocr_carea' id='block_1_107' title="bbox 912 2327 1684 2363">
    <p class='ocr_par' dir='ltr' id='par_1_107' title="bbox 912 2327 1684 2363">
     <span class='ocr_line' id='line_1_107' title="bbox 912 2327 1684 2363; baseline 0 -8"><span class='ocrx_word' id='word_1_713' title='bbox 912 2328 995 2363; x_wconf 73' lang='lat' dir='ltr'><strong>igitur</strong></span> <span class='ocrx_word' id='word_1_714' title='bbox 1010 2335 1058 2361; x_wconf 87' lang='lat' dir='ltr'><strong>per</strong></span> <span class='ocrx_word' id='word_1_715' title='bbox 1075 2327 1195 2354; x_wconf 88' lang='lat' dir='ltr'><strong>illicitam</strong></span> <span class='ocrx_word' id='word_1_716' title='bbox 1214 2328 1285 2355; x_wconf 88' lang='lat' dir='ltr'><strong>hanc</strong></span> <span class='ocrx_word' id='word_1_717' title='bbox 1298 2335 1359 2355; x_wconf 88' lang='lat' dir='ltr'><strong>cum</strong></span> <span class='ocrx_word' id='word_1_718' title='bbox 1378 2327 1503 2356; x_wconf 72' lang='lat' dir='ltr'><strong>lueretico</strong></span> <span class='ocrx_word' id='word_1_719' title='bbox 1520 2330 1684 2361; x_wconf 78' lang='lat' dir='ltr'><strong>societatem,</strong></span> 
     </span>
    </p>
   </div>
   <div class='ocr_carea' id='block_1_108' title="bbox 911 2368 1686 2407">
    <p class='ocr_par' dir='ltr' id='par_1_108' title="bbox 911 2368 1686 2407">
     <span class='ocr_line' id='line_1_108' title="bbox 911 2368 1686 2407; baseline 0.001 -7"><span class='ocrx_word' id='word_1_720' title='bbox 911 2372 1090 2400; x_wconf 79' lang='lat' dir='ltr'><strong>exterminata</strong></span> <span class='ocrx_word' id='word_1_721' title='bbox 1106 2373 1393 2406; x_wconf 85' lang='lat' dir='ltr'><strong>excommunicataque</strong></span> <span class='ocrx_word' id='word_1_722' title='bbox 1406 2377 1461 2404; x_wconf 85' lang='lat' dir='ltr'><strong>est,</strong></span> <span class='ocrx_word' id='word_1_723' title='bbox 1477 2381 1592 2407; x_wconf 88' lang='lat' dir='ltr'><strong>qttonam</strong></span> <span class='ocrx_word' id='word_1_724' title='bbox 1607 2368 1686 2401; x_wconf 82' lang='lat' dir='ltr'><strong>modo</strong></span> 
     </span>
    </p>
   </div>
   <div class='ocr_carea' id='block_1_109' title="bbox 914 2417 1686 2452">
    <p class='ocr_par' dir='ltr' id='par_1_109' title="bbox 914 2417 1686 2452">
     <span class='ocr_line' id='line_1_109' title="bbox 914 2417 1686 2452; baseline 0.001 -7"><span class='ocrx_word' id='word_1_725' title='bbox 914 2418 1058 2445; x_wconf 84' lang='lat' dir='ltr'><strong>habebitur</strong></span> <span class='ocrx_word' id='word_1_726' title='bbox 1083 2417 1182 2445; x_wconf 87' lang='lat' dir='ltr'><strong>divinis</strong></span> <span class='ocrx_word' id='word_1_727' title='bbox 1208 2418 1467 2445; x_wconf 81' lang='lat' dir='ltr'><strong>sanctiﬁcationibus</strong></span> <span class='ocrx_word' id='word_1_728' title='bbox 1494 2419 1591 2452; x_wconf 76' lang='lat' dir='ltr'><strong>digna?</strong></span> <span class='ocrx_word' id='word_1_729' title='bbox 1613 2419 1686 2446; x_wconf 91' lang='lat' dir='ltr'><strong>nullo</strong></span> 
     </span>
    </p>
   </div>
   <div class='ocr_carea' id='block_1_110' title="bbox 914 2463 1684 2498">
    <p class='ocr_par' dir='ltr' id='par_1_110' title="bbox 914 2463 1684 2498">
     <span class='ocr_line' id='line_1_110' title="bbox 914 2463 1684 2498; baseline 0 -8"><span class='ocrx_word' id='word_1_730' title='bbox 914 2470 1037 2498; x_wconf 85' lang='lat' dir='ltr'><strong>prorsus,</strong></span> <span class='ocrx_word' id='word_1_731' title='bbox 1052 2464 1104 2490; x_wconf 85' lang='lat' dir='ltr'><strong>nisi</strong></span> <span class='ocrx_word' id='word_1_732' title='bbox 1128 2471 1143 2490; x_wconf 90' lang='lat' dir='ltr'><strong>a</strong></span> <span class='ocrx_word' id='word_1_733' title='bbox 1165 2463 1235 2490; x_wconf 78' lang='lat' dir='ltr'><strong>malo</strong></span> <span class='ocrx_word' id='word_1_734' title='bbox 1251 2463 1376 2496; x_wconf 87' lang='lat' dir='ltr'><strong>divertat,</strong></span> <span class='ocrx_word' id='word_1_735' title='bbox 1394 2467 1421 2490; x_wconf 90' lang='lat' dir='ltr'><strong>ct</strong></span> <span class='ocrx_word' id='word_1_736' title='bbox 1438 2465 1577 2491; x_wconf 88' lang='lat' dir='ltr'><strong>canonicis</strong></span> <span class='ocrx_word' id='word_1_737' title='bbox 1593 2472 1684 2491; x_wconf 91' lang='lat' dir='ltr'><strong>emcn-</strong></span> 
     </span>
    </p>
   </div>
   <div class='ocr_carea' id='block_1_111' title="bbox 915 2507 1269 2541">
    <p class='ocr_par' dir='ltr' id='par_1_111' title="bbox 915 2507 1269 2541">
     <span class='ocr_line' id='line_1_111' title="bbox 915 2507 1269 2541; baseline -0.003 -6"><span class='ocrx_word' id='word_1_738' title='bbox 915 2509 977 2541; x_wconf 86' lang='lat' dir='ltr'><strong>data</strong></span> <span class='ocrx_word' id='word_1_739' title='bbox 993 2507 1027 2534; x_wconf 89' lang='lat' dir='ltr'><strong>sit</strong></span> <span class='ocrx_word' id='word_1_740' title='bbox 1043 2507 1269 2534; x_wconf 86' lang='lat' dir='ltr'><strong>correctionibus.</strong></span> 
     </span>
    </p>
   </div>
   <div class='ocr_carea' id='block_1_112' title="bbox 950 2551 1684 2585">
    <p class='ocr_par' dir='ltr' id='par_1_112' title="bbox 950 2551 1684 2585">
     <span class='ocr_line' id='line_1_112' title="bbox 950 2551 1684 2585; baseline 0.003 -7"><span class='ocrx_word' id='word_1_741' title='bbox 950 2552 1048 2579; x_wconf 82' lang='lat' dir='ltr'><strong>Inlerr.</strong></span> <span class='ocrx_word' id='word_1_742' title='bbox 1067 2551 1111 2579; x_wconf 72' lang='grc'><strong>54.</strong></span> <span class='ocrx_word' id='word_1_743' title='bbox 1132 2551 1260 2585; x_wconf 62' lang='lat' dir='ltr'><strong>Quaedam</strong></span> <span class='ocrx_word' id='word_1_744' title='bbox 1275 2551 1446 2579; x_wconf 88' lang='lat' dir='ltr'><strong>muliebrium</strong></span> <span class='ocrx_word' id='word_1_745' title='bbox 1459 2553 1684 2580; x_wconf 85' lang='lat' dir='ltr'><strong>monasteriorum</strong></span> 
     </span>
    </p>
   </div>
   <div class='ocr_carea' id='block_1_113' title="bbox 914 2597 1685 2632">
    <p class='ocr_par' dir='ltr' id='par_1_113' title="bbox 914 2597 1685 2632">
     <span class='ocr_line' id='line_1_113' title="bbox 914 2597 1685 2632; baseline 0 -8"><span class='ocrx_word' id='word_1_746' title='bbox 914 2597 1047 2632; x_wconf 63' lang='lat' dir='ltr'><strong>prtefectae</strong></span> <span class='ocrx_word' id='word_1_747' title='bbox 1067 2597 1248 2632; x_wconf 89' lang='lat' dir='ltr'><strong>episcopalem</strong></span> <span class='ocrx_word' id='word_1_748' title='bbox 1273 2598 1415 2632; x_wconf 88' lang='lat' dir='ltr'><strong>requirunt</strong></span> <span class='ocrx_word' id='word_1_749' title='bbox 1438 2597 1542 2624; x_wconf 80' lang='lat' dir='ltr'><strong>veniam</strong></span> <span class='ocrx_word' id='word_1_750' title='bbox 1555 2601 1576 2629; x_wconf 70' lang='grc' dir='ltr'>τ,</span> <span class='ocrx_word' id='word_1_751' title='bbox 1590 2602 1620 2624; x_wconf 90' lang='lat' dir='ltr'><strong>ut</strong></span> <span class='ocrx_word' id='word_1_752' title='bbox 1634 2598 1685 2625; x_wconf 84' lang='lat' dir='ltr'><strong>sibi</strong></span> 
     </span>
    </p>
   </div>
   <div class='ocr_carea' id='block_1_114' title="bbox 913 2641 1685 2676">
    <p class='ocr_par' dir='ltr' id='par_1_114' title="bbox 913 2641 1685 2676">
     <span class='ocr_line' id='line_1_114' title="bbox 913 2641 1685 2676; baseline 0 -7"><span class='ocrx_word' id='word_1_753' title='bbox 913 2643 1083 2670; x_wconf 84' lang='lat' dir='ltr'><strong>subditarum</strong></span> <span class='ocrx_word' id='word_1_754' title='bbox 1097 2643 1251 2669; x_wconf 84' lang='lat' dir='ltr'><strong>monialium</strong></span> <span class='ocrx_word' id='word_1_755' title='bbox 1265 2642 1408 2668; x_wconf 86' lang='lat' dir='ltr'><strong>ratiocinia</strong></span> <span class='ocrx_word' id='word_1_756' title='bbox 1420 2641 1597 2676; x_wconf 55' lang='lat' dir='ltr'><strong>“suscipiant.</strong></span> <span class='ocrx_word' id='word_1_757' title='bbox 1608 2642 1685 2676; x_wconf 68' lang='lat' dir='ltr'><strong>Quas-</strong></span> 
     </span>
    </p>
   </div>
   <div class='ocr_carea' id='block_1_115' title="bbox 916 2687 1389 2721">
    <p class='ocr_par' dir='ltr' id='par_1_115' title="bbox 916 2687 1389 2721">
     <span class='ocr_line' id='line_1_115' title="bbox 916 2687 1389 2721; baseline -0.002 -7"><span class='ocrx_word' id='word_1_758' title='bbox 916 2689 1011 2718; x_wconf 79' lang='lat' dir='ltr'><strong>rimus.</strong></span> <span class='ocrx_word' id='word_1_759' title='bbox 1030 2695 1063 2715; x_wconf 91' lang='lat' dir='ltr'><strong>an</strong></span> <span class='ocrx_word' id='word_1_760' title='bbox 1084 2689 1149 2715; x_wconf 84' lang='lat' dir='ltr'><strong>illud</strong></span> <span class='ocrx_word' id='word_1_761' title='bbox 1170 2687 1274 2715; x_wconf 82' lang='lat' dir='ltr'><strong>admitti</strong></span> <span class='ocrx_word' id='word_1_762' title='bbox 1295 2688 1389 2721; x_wconf 85' lang='lat' dir='ltr'><strong>possit.</strong></span> 
     </span>
    </p>
   </div>
   <div class='ocr_carea' id='block_1_116' title="bbox 732 2732 1063 2761">
    <p class='ocr_par' dir='ltr' id='par_1_116' title="bbox 732 2732 1063 2761">
     <span class='ocr_line' id='line_1_116' title="bbox 732 2732 1063 2761; baseline -0.006 -1"><span class='ocrx_word' id='word_1_763' title='bbox 732 2733 844 2761; x_wconf 66' lang='lat' dir='ltr'><strong>‘v&#39;Alile</strong></span> <span class='ocrx_word' id='word_1_764' title='bbox 865 2732 1063 2760; x_wconf 73' lang='lat' dir='ltr'><strong>LECTIONES.</strong></span> 
     </span>
    </p>
   </div>
   <div class='ocr_carea' id='block_1_117' title="bbox 132 2782 620 2818">
    <p class='ocr_par' dir='ltr' id='par_1_117' title="bbox 132 2782 620 2818">
     <span class='ocr_line' id='line_1_117' title="bbox 132 2782 620 2818; baseline -0.012 -6"><span class='ocrx_word' id='word_1_765' title='bbox 132 2791 143 2806; x_wconf 82' lang='grc' dir='ltr'>ι·</span> <span class='ocrx_word' id='word_1_766' title='bbox 160 2785 365 2818; x_wconf 58' lang='lat' dir='ltr'><strong>permissionem.</strong></span> <span class='ocrx_word' id='word_1_767' title='bbox 409 2786 417 2795; x_wconf 76' lang='lat'><strong>“</strong></span> <span class='ocrx_word' id='word_1_768' title='bbox 438 2782 620 2815; x_wconf 56' lang='lat' dir='ltr'><strong>confessiones.</strong></span> 
     </span>
    </p>
   </div>
  </div>
