1894 3072
226 113 274 144 991

224 176 332 207 quarta,
361 168 499 204 synodalia
520 171 562 194 est
584 167 654 193 facta
680 165 844 195 subnotatio,
866 172 898 190 ex
917 163 1004 188 vario-
1021 166 1041 193 Α

229 225 289 245 rum
305 221 440 243 canonum
459 212 619 247 allegatione
638 215 750 244 excepta
760 214 784 241 π,
801 217 833 235 ex
854 214 933 241 aequo
951 214 1004 241 pu-

230 264 281 290 niri
297 269 370 293 eum,
387 260 434 294 qui
453 266 484 285 ex
507 258 594 284 aliena
613 256 752 290 provincia
766 255 875 281 ordinat
894 253 1006 283 laicum,

230 313 326 343 prater
338 304 457 340 episcopi
473 302 560 337 ipsius
578 301 752 331 sententiam,
766 300 910 334 ipsumque
923 297 1004 324 etiam

229 353 396 380 ordinatum.

268 487 364 513 Interr.
379 484 422 511 40.
436 483 554 510 Possunt
567 480 673 508 diaconi
689 483 786 514 prxeter
801 477 1006 504 archidiaconu-

230 541 291 560 rum
312 531 476 557 voluntatem
500 527 694 555 sacerdotalem
718 524 846 558 consequi
874 523 1005 557 gratiam,

232 584 322 604 annon
336 575 349 601 ’ἶ

269 620 345 653 Resp.
357 617 444 651 Hujus
458 617 495 643 rei
508 614 675 651 providentia
688 621 733 648 per
745 611 908 639 sacrosancti
921 610 1007 643 Spiri-

233 671 278 692 tus
302 666 418 698 gratiam,
434 661 568 695 episcopis
595 660 694 686 triliula
715 661 764 684 est.
785 657 875 688 Quare
898 660 925 682 et
945 662 1007 681 CUIII

234 719 327 738 eorum
338 715 471 736 Consensu
487 705 593 733 diaconi
607 705 796 734 sacrabuntur,
808 701 1008 731 archidiacono,

235 761 264 783 ut
278 754 424 782 contratre.
437 751 523 779 solum
539 753 680 784 praesente.

273 845 371 872 Interr.
387 843 431 870 ΑΗ.
443 841 529 872 Laici,
539 840 584 873 qui
600 838 734 866 secundas
747 838 942 864 contraxerunt
956 841 1008 861 nu-
1026 820 1047 848 Β

237 893 317 926 ptias.
330 890 396 916 alias
411 887 528 922 nuptias.
538 885 631 912 tertias
645 884 756 914 scilicet,
771 882 888 915 legitime
900 883 1010 907 contra-

236 937 312 965 hent,
328 941 417 960 annon
433 932 445 957 τ

276 981 353 1013 Resp.
369 978 450 1005 Vetus
464 977 571 1011 quidem
592 982 631 1001 ιρι
650 978 677 1001 et
688 973 781 1001 tertias
795 971 912 1006 nuptias,
928 974 957 996 ut
972 969 1011 995 le-

237 1026 355 1060 gitimas,
372 1022 494 1056 agnovit,
510 1024 537 1046 et
552 1027 584 1046 ex
605 1019 638 1045 iis
657 1021 822 1051 procreatos.
842 1013 971 1044 heredes,
986 1015 1012 1038 et

239 1057 266 1097 in
285 1071 416 1104 potestate
430 1065 524 1092 habuit
541 1064 670 1099 parentis.
689 1062 813 1088 Canones
835 1064 924 1086 autem
945 1057 1013 1084 divi-

240 1102 337 1143 norum
363 1118 389 1140 et
413 1116 568 1139 sanctorum
585 1108 706 1138 Patrum.
735 1115 787 1133 non
813 1106 900 1133 solum
919 1102 1013 1130 tertias

241 1160 349 1194 nuptias
378 1164 432 1183 non
460 1157 629 1189 agnoscunt,
660 1160 751 1179 verum
775 1151 855 1178 etiam
882 1149 1014 1177 secundas

243 1211 329 1239 poma:
343 1201 487 1228 moderata:
504 1199 661 1232 subjiciunt.
677 1198 745 1230 Quia
762 1201 850 1223 autem
867 1196 1015 1229 imperante

243 1250 344 1282 inclyto
353 1246 482 1281 principe.
489 1245 597 1270 domino
606 1243 693 1270 Leone
703 1240 1015 1276 philosopho,dissidium

243 1294 292 1321 fuit
311 1298 435 1326 magnum
464 1290 535 1316 inter
552 1295 647 1315 omnes
670 1287 763 1314 mundi
782 1286 929 1314 Ecclesias.
945 1284 1015 1318 quod

245 1339 368 1373 princeps
382 1343 435 1362 non
448 1334 535 1361 solum
554 1332 648 1359 tertias
667 1332 850 1361 contraheret,
871 1330 918 1357 sed
935 1330 1016 1356 etiam

243 1387 366 1416 quartas.
405 1379 552 1415 synodicus
573 1378 659 1404 factus
679 1381 720 1404 est
733 1382 882 1403 conventus
896 1375 1017 1402 omnium

245 1431 308 1459 tere,
320 1434 378 1460 qua:
392 1426 490 1459 ubique
503 1426 566 1451 sunt
577 1423 735 1449 dioecesium
750 1420 936 1453 antistitum,8
953 1420 1020 1447 iudi-

244 1474 333 1499 ctione
347 1471 409 1498 anni
429 1469 508 1496 6428.
523 1469 557 1496 Et
574 1469 740 1503 disputatum
753 1471 804 1500 est,
817 1467 863 1502 qui
885 1466 1018 1500 nuptiales
1031 1477 1054 1508 ρ

245 1518 364 1553 fugiendi
384 1517 437 1543 sint
457 1519 622 1546 contractus,
640 1518 666 1540 et
683 1514 728 1548 qui
753 1511 935 1548 permittendi,
948 1512 1021 1538 velut

246 1563 370 1597 legitimi.
385 1560 580 1595 imperantibus
592 1557 697 1593 inclyto'
708 1558 828 1593 principe
843 1557 1021 1584 Constantino

247 1608 514 1642 Porpliyrogenucta.
528 1609 554 1631 et
573 1605 630 1638 ejus
644 1611 739 1630 socero
759 1603 868 1630 domino
888 1602 1021 1629 Romano.

247 1652 310 1679 Post
320 1650 417 1677 multas
426 1648 625 1679 altercationes,
634 1651 659 1673 et
667 1642 786 1674 exactam
795 1647 1022 1682 disquisitionem,

248 1697 352 1724 decisio
362 1701 375 1715 ι
396 1694 524 1729 synodica
535 1693 672 1727 eleganter
684 1693 784 1726 scripta
796 1696 847 1722 est.
864 1691 1023 1718 conﬁrmata

248 1743 329 1769 etiam
341 1739 471 1776 principis
481 1738 558 1766 solita
572 1737 771 1772 subscriptione
780 1746 786 1764 :
795 1741 907 1772 quartas
915 1737 1023 1771 quidem

249 1787 356 1821 nuptias
372 1783 538 1820 respuendas
553 1790 624 1814 esse,
638 1790 687 1810 nec
703 1782 897 1817 permittendas
912 1781 1025 1809 :tertias

250 1839 339 1859 autem
362 1839 434 1858 nunc
461 1829 656 1865 permittendas
680 1836 753 1861 esse,
779 1836 852 1856 nunc
876 1836 931 1856 non
951 1835 1022 1856 esse.

250 1878 346 1904 Ιὶι-ίὶιιὶι
357 1877 426 1903 enim
444 1875 570 1908 binubos,
582 1878 609 1902 et
623 1874 703 1901 simul
715 1874 805 1904 orbos.
820 1873 865 1908 qui
878 1873 1026 1908 quadrage-

249 1925 348 1949 simum
378 1927 478 1948 annum
505 1922 623 1947 nondum
647 1919 837 1953 impleverunt.
864 1919 1026 1945 contrahere

250 1969 331 1994 etiam
355 1967 447 1993 tertias
467 1964 574 1999 nuptias
594 1964 626 1990 ad
640 1963 764 1990 orbitatis
791 1963 949 1994 remedium,
974 1961 1025 1988 nisi

251 2013 321 2046 quod
330 2019 377 2046 per
387 2015 472 2038 totum
482 2008 697 2044 quinquennium
708 2015 822 2035 censura
837 2007 1025 2036 emendantur.

252 2066 285 2084 ne
303 2058 409 2084 divinas
420 2058 560 2083 assumant
574 2053 812 2081 sanctilicationes.
828 2052 917 2079 Finito
936 2056 1024 2078 autem

253 2101 450 2138 quinquennio.
465 2103 506 2126 ter
530 2099 556 2124 in
582 2105 653 2124 anno
672 2101 823 2130 assumant.
839 2096 891 2123 Sed
908 2099 935 2122 et
949 2095 1027 2121 trice-

252 2148 348 2178 nariis.
364 2145 488 2180 quamvis
504 2144 603 2171 liberos
619 2142 791 2173 habentibus,
808 2141 880 2169 tertii
894 2140 1022 2167 connubii
1036 2140 1063 2170 D

253 2195 372 2227 potestas
391 2191 461 2217 facta
482 2184 662 2222 est.'propter
675 2186 766 2214 aetatis
777 2186 960 2213 inﬁrmitatem
974 2194 980 2211 ε
997 2189 1028 2212 ιιι

254 2241 281 2263 et
295 2237 321 2262 hi
334 2242 380 2270 per
388 2233 594 2268 quadriennium
608 2239 668 2259 esse
683 2239 737 2258 non
749 2231 863 2258 debeant
875 2230 1026 2256 divinarum

251 2279 498 2307 sanctiticationum
526 2276 693 2311 participes:
719 2283 774 2309 quo
800 2272 920 2309 peracto.
939 2279 979 2301 ter
1000 2275 1026 2301 in

254 2333 325 2352 anno
335 2323 425 2351 divina
437 2322 622 2357 participaturi
636 2322 691 2348 sint
707 2324 885 2347 sacramenta.
896 2320 930 2347 lis
938 2323 1026 2346 autem

254 2369 300 2403 qui
326 2368 562 2403 quadragesimum
591 2373 692 2392 annum
719 2369 917 2396 excesserunt,
954 2364 1026 2391 nullo

253 2414 334 2441 modo
344 2413 436 2439 tertias
447 2419 507 2438 esse
515 2410 701 2437 concedendas
713 2409 820 2443 nuptias
833 2409 917 2436 divini
933 2406 1026 2435 Patres

253 2459 364 2486 oraculo
377 2458 596 2493 pronuntiarunt.
621 2457 653 2482 Et
672 2455 728 2482 haec
748 2455 856 2489 quidem
874 2455 982 2481 unionis
996 2461 1027 2481 ea

254 2503 355 2530 decisio
378 2502 482 2529 deﬁnit.
502 2501 633 2527 Caeterum
658 2499 779 2526 Ecclesia
804 2498 912 2526 tandem
933 2503 1027 2525 nostra

253 2554 331 2575 relate
342 2548 413 2575 tertii
429 2545 592 2573 matrimOnii
609 2548 775 2571 contractum
790 2551 843 2571 non
859 2545 991 2578 permisit.

857 104 906 132 ’ΠΙ
915 103 994 133 EOD.
1020 102 1139 132 BALSA
1145 101 1262 132 MONIS

1791 98 1843 128 99?

1057 162 1211 197 σοφωτάτου
1233 160 1328 196 κυρίου
1343 159 1449 195 Μιχαὴλ
1470 157 1518 187 τοῦ
1538 157 1684 193 ’Δγχιάλου
1696 165 1702 171 ·
1724 158 1778 184 καὶ
1797 161 1842 190 γε·

1055 217 1117 242 γονε
1143 208 1213 234 κατὰ
1244 207 1314 241 μῆνα
1338 206 1500 240 Νοέμσριον,
1521 204 1710 238 ἑπινεμήσεως
1736 202 1772 235 δ’,
1794 211 1842 237 ση-

1056 253 1166 288 μείωμα
1180 251 1328 282 συνοδικδν,
1354 249 1605 284 συγκεκροτημένον
1622 248 1678 274 ἀπὸ
1697 247 1840 282 διαφόρων

1056 298 1175 324 κανόνων
1191 296 1390 331 προσκομιδῆς·
1414 295 1512 329 ἐπίσης
1531 293 1709 329 γνωματεῦον
1724 292 1841 323 κολάζε-

1057 343 1119 370 σθαι
1128 343 1174 369 καὶ
1187 342 1232 368 τὸν
1243 341 1273 374 ἐξ
1282 341 1376 374 ἐτέρας
1385 340 1491 374 ὲνορίας
1503 339 1735 374 χειροτονήσαντα
1748 338 1842 363 laiva

1057 389 1131 422 παρὰ
1153 387 1264 422 γνώμην
1285 385 1332 412 τοῦ
1356 385 1505 411 ἐπισκόπου
1524 383 1618 415 αὐτοῦ,
1638 382 1688 410 καὶ
1708 382 1796 408 αὑτὸν
1813 382 1840 412 δὴ

1057 433 1101 459 τὸν
1119 431 1348 467 χειροτονηθέντα.

1099 478 1197 511 Ἐρώτ.
1227 479 1263 511 μ’.
1289 477 1419 501 Δύνανται
1440 474 1465 500 οι
1485 473 1602 500 διάκονοι
1626 472 1705 506 παρά
1727 471 1842 504 γνώμην

1058 522 1112 548 τῶν
1128 520 1321 556 ἀρχιδιακὸνων
1351 519 1440 545 αὐτῶν
1472 517 1610 550 ἱερατικοῦ
1643 515 1841 547 καταξιοῦσῡιι

1059 566 1238 600 χαρίσματος,
1256 564 1273 598 ἢ
1288 563 1317 589 οὔ
1331 572 1338 596 ;

1101 609 1199 636 Ἀπόνι.
1211 609 1273 640 Τοῖς
1286 607 1444 638 ἐπισκόποις
1454 607 1471 641 ἡ
1483 606 1545 641 περὶ
1556 605 1651 631 τούτου
1665 606 1783 639 πρόνοια
1796 612 1842 629 πε-

1060 655 1233 691 φιλοτίμηται
1254 654 1328 688 παρὰ
1349 654 1398 687 τῆς
1413 644 1523 687 χάριτος
1545 650 1591 677 τοῦ
1607 650 1748 683 παναγίου
1762 649 1843 675 ﬂata-

1061 710 1154 737 ματος.
1172 701 1218 727 Διὸ
1235 700 1281 726 καὶ
1298 698 1366 733 μετὰ
1381 699 1492 732 γνώμης
1506 696 1594 722 αὐτῶν
1611 696 1808 730 ίερωθήποντσι
1820 694 1841 718 οἱ

1060 747 1187 776 διάκονοι,
1212 744 1259 770 τοῦ
1282 742 1482 778 ἀρχιδιακόνου,
1503 741 1541 768 ὡς
1561 740 1743 773 συναδέλφου,
1767 739 1842 772 μόνοι

1061 789 1289 825 παῳυσιάζοντος
1297 796 1306 819 ς

1103 836 1201 870 Ἐρώτ.
1227 835 1283 870 μα’.
1309 835 1342 861 Οἱ
1368 833 1566 868 διγαμήσαντες
1592 831 1694 862 λαῖκοὶ,
1726 830 1774 856 καὶ
1788 829 1842 854 ἐτέ-

1063 890 1110 916 ρου
1135 881 1235 914 γάμου¹
1265 879 1324 914 ἦτοι
1352 878 1456 912 τρίτου,
1489 875 1611 910 νομίμως
1635 873 1845 909 ἀξιωθήσονται,

1060 926 1140 961 ἢοΰς

1104 971 1201 998 Ἀπόνι.
1218 970 1247 996 '0
1260 969 1308 1004 μὲν
1320 968 1433 999 παλαιὸς
1443 968 1524 1002 νόμος
1540 968 1587 994 καὶ
1598 967 1692 1002 τρίτον
1709 966 1798 999 γάμον
1810 964 1844 993 ὡς

1063 1018 1173 1052 ἔννομον
1187 1015 1362 1050 ὲπεγίνωσκε,
1377 1014 1425 1040 καὶ
1437 1015 1499 1045 τοὺς
1512 1015 1543 1039 ὲκ
1549 1013 1645 1040 τούτου
1655 1012 1846 1046 γεννηθέντας.

1071 1063 1254 1097 κληρονόμους
1279 1062 1326 1087 καὶ
1339 1058 1512 1093 ὗπεξουσίους
1528 1057 1584 1094 εἶχε
1610 1058 1657 1084 τοῦ
1687 1057 1821 1090 φύσαντος
1838 1063 1842 1067 ·

1064 1109 1089 1135 οί
1105 1108 1134 1136 δὲ
1147 1108 1259 1139 κανόνες
1281 1107 1334 1133 τῶν
1354 1106 1433 1132 θείων
1458 1105 1506 1131 καὶ
1534 1103 1619 1137 ἁγίων
1644 1103 1789 1137 Πατέρων.

1068 1155 1147 1189 μόνον
1160 1153 1205 1179 τὸν
1231 1151 1321 1187 τρίτον
1345 1152 1433 1185 γάμον
1457 1150 1506 1176 οὑκ
1525 1147 1766 1183 ἐπιγινώσκουσιν,
1783 1146 1846 1171 di):

1066 1199 1167 1226 καὶτὸν
1185 1198 1309 1231 δεύτερον
1327 1196 1455 1229 ἐπιτιμίῳ
1469 1193 1571 1229 μετρίῳ
1583 1192 1846 1219 καθυποὸἀλλουσιν.

1068 1244 1129 1269 Ὅτι
1145 1243 1173 1268 δὲ
1192 1241 1376 1276 βασιλεύοντος
1393 1240 1440 1265 τοῦ
1454 1239 1574 1272 ἀοιδίμου
1601 1238 1733 1272 βασιλέως
1754 1236 1846 1269 κυρίου

1068 1289 1180 1318 Λέοντος
1192 1287 1246 1313 τοῦ
1264 1286 1349 1319 Σοφοῦ
1362 1286 1464 1319 σχίσμα
1488 1286 1582 1317 γέγονε
1599 1284 1670 1318 μέγα
1691 1283 1769 1316 παρὰ
1792 1283 1848 1310 ταῖς

1075 1333 1247 1368 Ἐκκλησίιις
1260 1331 1305 1358 τοῦ
1320 1331 1419 1365 κόσμου
1439 1329 1548 1361 παντὸς,
1568 1329 1611 1354 διὰ
1628 1328 1658 1354 τὸ
1673 1327 1718 1353 τὸν
1738 1326 1847 1360 βασιλέα

1071 1380 1108 1414 μὴ
1124 1380 1202 1414 μόνον
1225 1378 1402 1412 τριγαμῆσαι,
1418 1376 1484 1401 ἀλλὰ
1496 1375 1542 1401 καὶ
1553 1374 1774 1408 τετραγαμῆσαι.
1792 1380 1848 1396 συν-

1074 1426 1180 1456 έλευσις
1202 1423 1328 1456 ἐτελέσθη
1347 1420 1470 1454 συνοδικὴ
1495 1420 1602 1446 πάντων
1625 1418 1719 1453 σχεδὸν
1733 1418 1791 1442 τῶν
1807 1417 1848 1450 ἀρ

1071 1469 1281 1504 χιερατευόντων
1305 1468 1332 1492 ὲν
1354 1467 1413 1497 ταῖς
1427 1465 1582 1499 ἁπανταχοῦ
1605 1463 1768 1496 διοικήσεσι.
1784 1463 1849 1488 κατὰ

1072 1514 1120 1549 τὴν
1136 1517 1160 1548 η’
1171 1513 1330 1546 ἐπινέμησιν
1343 1510 1389 1537 τοῦ
1403 1509 1491 1546 ,ςυκη’
1508 1509 1593 1539 ἔτους,
1609 1509 1665 1534 Καὶ
1681 1508 1849 1542 συνεξητήυη

1073 1560 1137 1584 ποῖα
1160 1556 1265 1590 γαμικὰ
1276 1553 1486 1588 συναλλάγματά
1512 1553 1580 1579 είσιν
1598 1551 1784 1586 ἀποτρόπαια,
1809 1550 1853 1576 καὶ

1073 1605 1137 1630 πιιία
1150 1601 1338 1636 συγχωρητέα,
1355 1600 1391 1630 ὡς
1417 1599 1514 1632 ἔννομα
1525 1605 1533 1613 ⁸
1550 1596 1743 1632 βασιλευόντων
1756 1595 1806 1622 τοῦ
1826 1604 1852 1620 τε

1073 1649 1194 1683 ἀοιδίμου
1209 1646 1339 1682 βασιλέως
1351 1644 1554 1672 Κωνσταντίνου
1570 1643 1617 1669 τοῦ
1629 1642 1853 1677 Πορφυρογεννή-

1074 1702 1130 1724 του,
1158 1693 1204 1719 καὶ
1231 1691 1278 1718 τοῦ
1301 1688 1431 1724 πενθεροῦ
1461 1687 1543 1715 αὐτοῦ
1574 1687 1668 1722 κυρίου
1699 1685 1851 1720 Ῥωμανοῖι.

1073 1737 1151 1764 Μετά
1176 1735 1275 1766 πολλὰς
1287 1734 1350 1768 γοῦν
1377 1732 1529 1766 ἀντιλογίας
1560 1732 1607 1757 καὶ
1632 1731 1702 1765 μετὰ
1729 1729 1852 1761 ἐξέτασιν

1073 1783 1184 1818 ἀκριϐῆ,
1205 1780 1425 1815 ὲκαλλιγραφήϐη
1449 1779 1532 1812 τόμος
1550 1776 1698 1807 συνοδικὸς,
1710 1783 1850 1809 κατησφα-

1075 1828 1200 1863 λισμένος
1208 1829 1253 1853 καὶ
1264 1827 1298 1861 τῇ
1311 1825 1358 1852 τοῦ
1372 1823 1501 1860 βασιλέως
1517 1822 1625 1857 συνήθει
1639 1821 1797 1855 ὑπογραφῇ,
1812 1820 1852 1844 τὶν

1078 1875 1126 1908 μὲν
1141 1873 1268 1907 τέταρτον
1282 1871 1379 1905 γάμον.
1394 1870 1565 1896 ἀπόπτυστον
1579 1865 1647 1893 εἶναι
1664 1867 1712 1892 καὶ
1727 1866 1851 1899 ἀσυγχώο

1077 1926 1158 1953 ρητον
1170 1925 1177 1932 ·
1195 1918 1238 1943 τὸν
1251 1917 1279 1942 δὲ
1300 1916 1399 1950 τρίτον,
1424 1915 1461 1948 πῆ
1490 1913 1538 1947 μὲν
1565 1910 1757 1945 συγχωρητέον
1776 1907 1850 1938 εἶναι,

1076 1963 1116 1997 πῆ
1128 1963 1157 1988 δὲ
1166 1961 1366 1996 ἀσυγχώρητον.
1379 1958 1527 1993 Διορίζεται
1539 1957 1604 1990 γὰρ,
1613 1956 1676 1986 τοὺς
1689 1956 1773 1988 μήπω
1789 1954 1851 1986 πλη-

1077 2010 1216 2045 ρώσαντας
1229 2008 1258 2035 τὸ
1268 2006 1481 2040 τεσσαρακοστὸν
1496 2004 1563 2036 ἔτος,
1579 2003 1796 2038 διγαμήσαντας,
1811 2002 1851 2027 καὶ

1077 2055 1192 2086 ἄπαιδας
1207 2054 1295 2085 ὂντας,
1314 2051 1501 2079 συναλλάττειν
1519 2050 1565 2076 καὶ
1581 2048 1674 2084 τρίτον
1694 2048 1795 2082 γάμον,
1813 2046 1850 2072 διὰ

1076 2102 1125 2136 τὴν
1138 2099 1286 2134 θεραπείαν
1300 2097 1349 2132 τῆς
1359 2097 1496 2127 ἀπαιδίας.
1525 2095 1598 2128 Πλὴν
1611 2093 1850 2127 ὲπιτετιμημένους

1076 2144 1188 2172 ιιῐνοιδιΙ
1209 2144 1273 2178 ὅλης
1295 2142 1467 2172 πενταετίας,
1486 2140 1558 2166 ὥστε
1581 2139 1618 2174 μὴ
1635 2137 1850 2173 μεταλαμϐάνειν

1077 2190 1132 2216 τῶν
1151 2189 1231 2215 Θείων
1255 2187 1432 2221 ἀγιασμάτων
1448 2194 1455 2201 ·
1473 2185 1541 2218 μετὰ
1562 2185 1591 2210 δὲ
1612 2183 1661 2218 τὴν
1685 2182 1850 2211 πενταετίαν,

1078 2235 1138 2270 τρὶς
1161 2234 1207 2260 τοῦ
1229 2233 1305 2264 ἔτους
1329 2231 1545 2267 μεταλαμὸάνειν
1571 2229 1679 2259 αὐτούς.
1706 2228 1787 2254 ’Δλλά
1812 2227 1851 2252 καὶ

1078 2279 1141 2309 τοὺς
1157 2275 1375 2312 τριακονταετεῖς
1389 2274 1479 2305 ὂντας,
1502 2274 1552 2299 κᾶν
1566 2272 1663 2303 παῖδας
1677 2272 1788 2307 ἔχωσιν,
1803 2271 1852 2302 ἑξε-

1079 2322 1217 2358 χώρησαν,
1250 2320 1294 2346 διὰ
1321 2320 1370 2353 τὴν
1401 2320 1432 2345 ὲκ
1445 2320 1492 2353 τῆς
1517 2318 1625 2352 ἡλικίας
1641 2317 1797 2347 ἀσθένειαν,
1812 2317 1850 2340 καὶ

1080 2368 1170 2402 τρίτον
1188 2366 1276 2400 γάμον
1290 2373 1296 2380 ⁸
1317 2364 1473 2398 ὀφείλοντας
1496 2365 1543 2389 καὶ
1560 2363 1672 2394 τούτους
1688 2363 1736 2388 ἐπὶ
1750 2368 1850 2394 τετραε-

1817 1100 1843 1125 οὗ

1079 2413 1139 2438 τίαν
1149 2411 1296 2445 ἀμετόχους
1307 2406 1376 2434 εἶναι
1392 2408 1445 2434 τῶν
1456 2408 1535 2434 θείων
1554 2407 1745 2441 ἁγιασμάτων,
1765 2406 1800 2436 ὡς
1813 2406 1850 2429 ἔκ-

1079 2464 1140 2482 τοτε
1158 2455 1206 2481 καὶ
1219 2454 1308 2480 αὐτῶν
1324 2453 1473 2488 μελλόντων
1486 2453 1545 2485 τρὶς
1561 2452 1608 2477 τοῦ
1623 2451 1700 2482 ἔτους
1716 2451 1770 2477 τῶν
1781 2450 1849 2475 θείω-ι

1083 2500 1299 2536 μεταλαμϐάνειν
1310 2497 1473 2532 μυστηρίων.
1501 2497 1563 2528 Τοῖς
1580 2497 1610 2523 δὲ
1625 2496 1670 2522 τὸν
1693 2503 1849 2529 τσο-σιραί-

1083 2546 1145 2571 στδν
1160 2544 1254 2578 χρόνόν
1281 2540 1494 2576 ὑπερανασᾶσιν,
1510 2541 1540 2572 ἐξ
1566 2540 1673 2570 οὐδενὸς
1687 2540 1787 2574 τρόπου
1812 2538 1849 2562 τὸν»

254 2595 343 2629 πρίτον
362 2595 449 2628 γάμον
474 2590 661 2626 συγχωρητέον
685 2590 753 2617 είναι
775 2591 800 2617 οι
817 2591 883 2617 θεῖοι
906 2592 1026 2627 Πατέρες
1045 2591 1247 2625 ἑθεσπιῴδησαν
1264 2584 1339 2615 "xui.
1353 2589 1367 2614 ὁ
1384 2588 1432 2622 μὲν
1450 2587 1531 2621 τόμος
1549 2583 1626 2617 οὗτος
1655 2586 1707 2619 τῆς
1740 2584 1849 2614 sudium;

258 2639 339 2666 ταῦτα
354 2639 498 2675 διορίζεται
512 2645 518 2652 ·
540 2637 558 2671 ἡ
577 2635 721 2668 Ἐκκλησία
733 2636 761 2661 δὲ
775 2636 825 2662 οὐκ
839 2637 970 2671 ἐπέτρεψε
982 2636 1050 2668 τέως

255 2692 305 2722 λαγ
309 2695 355 2721 μα.

1087 2637 1133 2662 ἐπὶ
1165 2636 1219 2661 τῶν
1247 2634 1386 2670 ἡμετέρων
1410 2633 1512 2674 χρόνων
1533 2631 1624 2666 τρίτου
1648 2630 1740 2664 γάμου
1763 2629 1848 2656 συνάλ-

915 2726 1030 2754 VARl/E
1049 2726 1248 2754 LECTlONES.
1277 2725 1284 2733 ³

296 2783 308 2796 ι
315 2778 441 2811 confecta.
472 2783 483 2796 ι
503 2782 598 2803 tonius.
