1894 3072
50 156 109 186 993

473 155 666 186 RESPONS\
691 157 741 186 AD
763 157 1128 187 lN'l‘ERROGATIONES
1147 158 1277 189 MARCL

1616 160 1669 191 95H

90 218 196 252 Ἐρώτ.
229 218 282 254 μβ’.
316 220 376 251 Τοῖς
411 220 655 255 παλλακευομὲνοις
693 229 834 256 συγχωρη-

921 205 1018 246 Interr.
1038 220 1081 247 4‘2.
1097 220 1124 247 In
1135 221 1315 248 concubinatu
1330 219 1473 255 agentibus
1488 218 1668 254 permittenda

46 266 101 292 τέα
121 265 199 292 ἔστιν
225 267 243 300 ἡ
269 266 322 292 τῶν
340 266 419 293 θείων
437 266 614 302 ἁγιασμάτων
642 267 802 302 μετάληψις,
820 267 836 301 ἢ

48 310 100 342 ιῦς
715 336 717 338 τ

93 355 196 382 Ἆπόκ.
215 355 244 383 ὀ
256 356 341 390 μέγας
354 357 381 382 ὲν
395 356 550 391 ἀρχιερεῦσι
559 355 696 387 Βασίλειος
709 355 738 382 ὲν
745 355 837 389 διαφό-

51 409 111 434 ροις
124 401 237 427 κανόσιν
247 400 328 428 αὑτοῦ
341 402 372 427 οὐ
389 401 496 428 δίδωσιν
522 402 613 428 ἄδειαν
638 403 694 433 τοῖς
727 400 840 435 πορνεύ-

49 453 114 470 cum.
128 444 184 470 τῶν
203 445 283 471 θείων
299 445 477 480 ἁγιασμὰτων
502 445 731 480 μεταλαμϐάνειν.
753 444 798 470 'Ev
811 444 839 469 δὲ

49 490 92 523 τῷ
115 493 143 516 π’
171 491 263 516 κανόνι
290 490 372 516 αὑτοῦ
400 490 555 525 διορίζεται,
570 491 620 524 τὴν
645 489 838 524 πορνεύουσαν,

49 537 216 562 ἀποστᾶσαν
231 538 280 570 τῆς
293 537 430 571 πορνείας,
448 537 484 570 μὴ
502 535 677 568 ἁπεντεῦοεν,
688 535 754 562 ἀλλὰ
772 535 841 569 μετὰ

49 581 178 616 τριετίαν
188 581 242 607 τῶν
253 581 332 608 θείων
345 582 522 616 ἁγιασμάτων
534 582 759 617 μεταλαμϐάνειν.

97 626 200 660 Ἐρώτ.
232 626 286 661 μγ.
325 628 356 654 Ἦ
391 628 576 662 συμπενθερία
603 627 658 654 τῶν
688 628 839 654 συντέχνων

53 671 141 706 μέχρι
156 673 240 698 πόσου
256 672 360 707 βαθμοῦ
374 673 505 699 κωλύεται
519 681 526 704 ;

90 715 198 742 Ἀπόκ.
221 716 250 742 Ὀ
265 716 314 749 μὲν
331 715 371 750 νγ¹
385 717 475 743 κανὼν
489 717 537 750 τῆς
557 718 586 743 ὲν
600 716 638 751 τῷ
652 716 778 752 Τρούλλῳ
795 716 841 742 τοῦ

54 761 178 795 μεγάλου
194 761 328 788 παλατιου
340 763 480 796 ,συστάσης
494 763 574 796 ἁγίας
588 763 635 789 καὶ
650 762 842 796 οίκουμενικῆς

53 806 168 832 συνόδου
187 807 296 838 κολάζει
314 808 376 838 τοὺς
391 808 536 842 ἀναδόχους
560 808 743 834 συνάπτεσθαι
759 816 842 840 γαμι-

53 852 114 882 κῶς
134 853 195 883 ταῖς
216 853 335 887 μητράσι
361 853 416 878 τῶν
439 854 470 879 ἐκ
491 853 537 879 τοῦ
563 853 641 886 ἁγίου
658 853 841 888 βαπτίσματος

54 897 262 931 ἁναδεχθέντιιιν
293 897 407 924 παίδων.
445 899 499 925 Καὶ
525 898 595 932 μετὰ
619 899 768 924 ἀπόστασιν
796 894 843 924 τοῦ

54 942 158 973 κακοῦ,
184 942 386 969 καθυποόάλλει
402 944 584 977 πορνευόντων
601 944 742 978 ἐπιτιμίῳ.
763 943 799 970 Τὸ
816 944 844 970 δὲ

53 988 213 1014 τελευταῖον
231 988 370 1022 θέσπισμα
391 989 438 1015 τοῦ
452 987 468 1014 ι’
484 989 629 1023 κεφαλαίου
649 989 696 1015 τοῦ
721 988 741 1015 ε’
755 989 843 1016 τίτλου

53 1034 103 1060 τοῦ
119 1037 164 1068 κη’
183 1035 286 1068 βιϐλίου
302 1035 354 1061 τῶν
367 1035 520 1062 Βασιλικῶν
536 1035 582 1061 ἐπὶ
597 1034 678 1061 πλέον
694 1033 844 1061 ἐπεκτείνει

53 1081 107 1115 τὴν
120 1080 242 1106 κόλασιν.
260 1081 320 1106 Ὀτι
330 1079 415 1106 δὲ’καὶ
424 1082 438 1106 ὁ
447 1080 576 1115 δηλωθεὶς
590 1075 681 1107 κανὼν
694 1081 741 1107 καὶ
756 1081 770 1106 ὁ
786 1080 845 1106 δια-

54 1126 172 1160 ληφθεὶς
186 1126 268 1160 νόμος
288 1126 398 1160 μείζονα
411 1126 460 1160 τὴν
476 1126 546 1152 κατᾶ
560 1126 667 1160 πνεῦμα
685 1125 844 1159 συγγένειαν

54 1172 167 1204 λέγουσι
181 1173 231 1205 τῆς
248 1171 406 1205 σωματικῆς
419 1171 575 1205 συναφείας,
588 1171 682 1204 γέγονε
699 1171 844 1206 σημείωμα

56 1217 199 1244 συνοδικδν
214 1217 317 1243 Enim?)
331 1217 496 1250 ἁγιωτάτου.
519 1217 639 1243 Ἐκείνου
657 1217 844 1251 παρτριάρχου

55 1263 154 1297 κυρίου
173 1262 319 1291 Νικολάου.
334 1262 404 1289 κατὰ
425 1262 497 1296 μῆνα
506 1262 594 1288 Μάῖον
607 1261 657 1295 τῆς
673 1260 704 1287 ιε’
716 1261 845 1296 ἐπινεμήο

57 1317 140 1339 σεως.
155 1308 202 1334 ἐπὶ
230 1309 363 1343 ἐρωτήσει
388 1308 435 1335 τοῦ
463 1308 615 1343 ὑπερτίμου
630 1307 733 1335 ἐκείνου
749 1309 844 1343 κυρίου

56 1354 210 1389 Γρηγορίθυ
224 1353 270 1379 τοῦ
282 1353 381 1388 Ξηροῦ,
400 1353 583 1388 διοριζόμενον
597 1356 652 1386 τοῖς
667 1356 758 1385 αὐτοῖς
773 1355 846 1388 ὅροις

58 1397 257 1432 συσφίγγεσθαι
282 1398 328 1424 καὶ
353 1397 544 1431 ὑφαπλοῦσθαι
560 1398 608 1432 τὴν
619 1399 662 1425 διὰ
677 1399 728 1434 τῆς
750 1407 845 1425 συντε-

58 1442 138 1474 κκνίις
150 1443 288 1469 συστᾶσαν
310 1443 500 1478 πνευματικὴν
521 1444 690 1478 συγγένειαν,
704 1441 744 1475 οἷς
757 1443 804 1470 καὶ
817 1443 844 1470 αἱ

59 1490 216 1522 σωματικαὶ
229 1488 382 1522 συγγένειαι
394 1489 604 1524 περιορίζονται.

887 270 930 293 est
942 265 1095 292 divinarum
1108 266 1352 293 sanetiticationum
1367 265 1549 300 participatio,
1565 265 1670 292 necne?

924 354 1000 388 Resp.
1020 354 1134 389 Magnus
1154 355 1180 381 in
1198 355 1365 382 antistitibus
1385 354 1511 386 Basilius,
1541 355 1568 381 in
1586 355 1671 382 variis

890 399 1042 425 caminibus
1056 399 1113 425 suis
1128 407 1181 426 non
1195 399 1241 425 dat
1255 398 1439 426 scorlantihus
1453 399 1587 426 licentiam
1602 399 1672 426 divi-

891 451 940 470 nas
953 443 1182 470 sanctiticationes
1196 444 1362 470 assumendi.
1380 443 1406 469 In
1418 443 1452 470 80
1466 448 1553 471 autem
1567 451 1670 470 canone

891 487 995 519 deiinil,
1019 489 1220 518 scortatricem,
1237 496 1296 522 quae
1319 495 1334 514 a
1350 488 1515 515 scortatione
1535 488 1670 519 disceSsit,

891 540 945 559 non
964 532 1070 562 exinde.
1083 533 1130 559 sed
1148 537 1210 567 post
1223 532 1381 565 triennium,
1400 532 1552 560 divinarqu
1568 532 1672 559 sancti-

892 576 1049 602 licat'mnum
1065 577 1226 610 participem
1245 576 1313 603 ﬁeri.

927 621 1025 647 lnlerr.
1051 622 1096 648 45.
1111 622 1311 648 Consoceratus
1326 625 1498 656 compatrum
1511 622 1543 648 ad
1557 625 1671 656 quotum

893 675 979 700 usque
997 667 1108 701 gradum
1129 667 1312 700 prohibetur?

926 710 1004 745 Resp.
1039 711 1131 738 Canon
1162 711 1269 745 quidem
1291 711 1531 745 quinquagesimus
1558 715 1673 744 quartus

894 762 994 784 sanctae
1005 762 1031 784 et
1046 757 1220 784 mcumenicaz
1234 757 1342 792 synodi,
1355 757 1381 783 in
1391 756 1483 783 Trulio
1492 757 1580 790 magni
1596 757 1674 790 pala-

895 803 923 829 tii
939 808 1049 833 coactae,
1071 807 1142 828 vetat
1164 807 1336 836 suSCcptores
1356 802 1491 828 connubio
1512 801 1586 836 jungi
1610 808 1671 828 cum

895 847 1027 874 matribus
1046 846 1189 874 infantium
1207 855 1221 874 e
1240 851 1334 874 sancto
1347 847 1453 874 lavacro
1469 852 1670 881 susceptorum.

894 898 920 920 et
939 897 997 927 post
1024 892 1220 919 discessionem
1237 900 1251 919 a
1268 893 1350 925 malo,
1372 892 1479 927 subjicit
1494 893 1672 919 scortantium

895 946 991 972 paena.
1005 938 1121 965 Ultimus
1138 943 1226 965 autem
1249 939 1399 965 versiculus
1422 939 1456 964 10
1469 945 1494 965 c.
1515 938 1542 969 5.
1565 938 1606 965 tit.
1624 938 1670 970 28,

894 982 965 1009 libro
990 982 1139 1013 Basilicmv,
1160 983 1273 1010 alterius
1288 983 1454 1017 punitionem
1469 983 1598 1010 extendit.
1619 982 1673 1010 Sed

894 1028 1025 1062 quoniam
1043 1032 1069 1054 et
1091 1027 1245 1054 declaratus
1260 1035 1361 1063 canon,
1378 1032 1405 1055 et
1421 1036 1501 1063 supra
1517 1029 1616 1063 scripta
1631 1029 1672 1056 lex

895 1072 1045 1106 spiritalem
1059 1072 1247 1106 cognationem
1259 1073 1350 1099 dicunt
1360 1073 1487 1106 majorem
1502 1073 1672 1107 conjunctio-

896 1124 931 1143 ne
956 1116 1094 1150 corporali
1121 1124 1128 1143 :
1157 1116 1227 1143 facta
1254 1115 1305 1143 fuit
1317 1118 1448 1152 synodica
1471 1118 1673 1152 subnotationc,

894 1154 1017 1196 tempore
1033 1162 1202 1189 sanctissimi
1215 1162 1288 1189 illius
1301 1162 1470 1196 patriarchae,
1482 1163 1583 1190 domini
1594 1163 1674 1190 Nico-

895 1207 942 1238 lai,
958 1215 1052 1234 mense
1068 1206 1149 1240 Maio,
1172 1207 1372 1242 decimaquinta
1392 1208 1551 1240 indictione,
1579 1208 1613 1235 ad
1635 1210 1676 1236 in-

895 1253 1104 1287 terrogationem
1136 1261 1264 1288 perquam
1290 1255 1441 1281 honorandi
1468 1255 1541 1282 illius
1570 1255 1673 1282 domini
1704 1275 1707 1277 -

895 1297 1018 1333 Gregorii
1034 1297 1109 1331 Xeri,
1126 1299 1259 1327 deﬁniens
1277 1299 1371 1326 iisdem
1387 1301 1536 1334 constringi
1554 1305 1581 1327 et
1594 1301 1677 1335 expli-

894 1345 950 1372 cari
966 1346 1091 1372 terminis
1104 1346 1118 1365 b
1130 1346 1289 1379 spiritalem,
1301 1353 1361 1378 qua
1373 1347 1674 1380 percompatcrnitatem

895 1392 1074 1423 contrahitur,
1085 1391 1272 1426 cognationem
1284 1400 1291 1424 ;
1303 1392 1401 1426 quibus
1407 1392 1564 1426 corporales
1577 1399 1676 1426 cogna-

897 1437 988 1464 liones
1002 1437 1275 1464 circumscribuntur.

103 1533 202 1568 ‘Epa’it.
229 1533 280 1568 μδ’.
308 1533 339 1560 Ἡ
370 1534 445 1569 χώρα
463 1535 518 1560 τῶν
557 1534 752 1569 Ἀλεξανδρέων
781 1534 844 1561 πολ-

934 1528 1031 1555 Interr.
1044 1528 1088 1555 Η.
1105 1528 1348 1555 Alexandrinorum
1367 1529 1441 1564 regio
1458 1529 1549 1556 multis
1566 1536 1678 1564 genera-

58 1580 120 1609 }.at;
147 1579 261 1612 μυριάσι
290 1580 534 1614 γενεαλογουμένη,
563 1580 611 1606 καὶ
645 1579 844 1615 πληουνομένη,

58 1624 209 1659 ὸρθοδάξων
237 1625 478 1658 Χριστιανῶν......
506 1625 639 1660 ζητοῦμεν
662 1623 709 1652 οὖν
740 1625 845 1660 μαθεῖν,

59 1672 85 1696 εί
111 1670 218 1703 ιφεῖται
247 1670 294 1695 καὶ
319 1671 391 1701 ὲντδς
416 1670 460 1697 τοῦ
488 1669 515 1702 ς’
538 1670 641 1705 βαθμοῦ
673 1670 847 1706 συνάλλαγμα

60 1715 186 1748 γίνεσθαι
214 1715 346 1748 γαμικὸν,
359 1735 363 1739 .
376 1715 420 1741 διὰ
438 1714 487 1750 τὴν
511 1715 634 1750 ἀνάγκην
657 1715 704 1741 τοῦ
720 1716 848 1751 πράγμα-

59 1770 116 1788 τος.

103 1807 200 1834 Ἀπόκ.
219 1807 251 1832 Οἱ
265 1806 329 1833 θεῖοι
344 1807 392 1832 καὶ
407 1806 472 1840 ίεροὶ
488 1806 599 1837 κανόνες
616 1807 662 1832 καὶ
675 1806 752 1840 νόμοι
769 1807 849 1841 χάριν

60 1853 115 1880 τῶν
131 1853 259 1887 γαμικῶν
288 1852 516 1887 συναλλαγμάτων
542 1852 571 1877 ἐν
599 1853 682 1880 πᾶσιν
697 1853 849 1888 ὀμοςρονή-

61 1907 170 1930 σαντες,
184 1899 230 1924 καὶ
255 1898 410 1933 θεαρέστοις
435 1898 610 1932 σχοινίσμασι
635 1899 682 1925 καὶ
702 1898 849 1933 διδάγμασι

37 1952 40 1956 ”
61 1945 96 1971 τὰ
108 1944 216 1978 γαμικᾶ
237 1944 441 1979 περιορίσαντες
462 1944 682 1978 συναλλάγματα,
697 1944 727 1976 ἐξ
747 1944 851 1979 οίουδή-

60 1997 136 2020 τινος
148 1989 251 2023 τρόπον
269 1988 386 2021 ἐξελθεῖν
406 1988 492 2015 ταῦτα
512 1989 562 2014 οὐκ
583 1988 757 2023 ἐξεχώρησαν
770 1997 776 2003 ·
793 1989 850 2015 ἀλλ’

62 2035 110 2060 ἐπὶ
128 2034 178 2068 μὶν
189 2033 244 2059 τῶν
268 2033 398 2060 ἀνιόντων
422 2034 468 2060 καὶ
488 2033 635 2060 κατιόντων
655 2034 705 2067 τὴν
728 2035 851 2069 γαμικὴν

62 2080 215 2114 συνάφειαν
231 2078 424 2114 κεκωλυμένην
439 2077 509 2105 εἶναι
523 2079 663 2110 παντελῶς
679 2080 848 2115 διωρίσαντο·

60 2125 117 2152 τῶν
133 2126 165 2151 ὲκ
183 2125 299 2159 πλαγίου
324 2124 417 2159 δὲτὴν
439 2124 600 2158 συγγένειαν
618 2125 714 2159 μέχρις
737 2125 850 2160 ἑὸδόμου

62 2169 171 2205 βαθμοῦ
201 2169 313 2200 δικαίως
342 2169 574 2205 ἑστενοχώρησαν.
598 2170 653 2202 Τὴν
673 2169 702 2196 δὲ
720 2170 749 2202 ἐξ
769 2171 850 2205 ἀγχι-

62 2215 168 2245 στείας.
187 2214 247 2248 ἢτοι
277 2213 488 2248 συμπενθερίας,
513 2213 682 2246 συγγένειαν,
707 2215 777 2240 κατὰ
803 2215 848 2240 τὸν

60 2261 143 2286 ἕκτον
152 2259 256 2293 βαθμὸν
267 2259 415 2286 ἀπέλυσαν.
430 2258 652 2293 Ὀφείλουσιγοῦν
663 2259 710 2285 καὶ
724 2260 749 2286 οἱ
760 2259 848 2293 ’Λλεξ‹

60 2305 170 2339 ανδρείς
192 2303 264 2330 οὕτω
280 2305 408 2338 γαμικῶς
431 2305 632 2335 συναλλάττειν,
652 2306 698 2331 καὶ
720 2306 770 2340 τὴν
789 2314 849 2332 στε-

61 2349 198 2384 νοχωρίαν
214 2349 269 2374 τῶν
295 2347 442 2381 ὀρθοδόξων
457 2349 625 2383 Χριστιανῶν
647 2351 687 2381 εἰς
711 2350 848 2384 ἁμαρτίας

60 2394 202 2428 δικαίωμα
227 2393 265 2428 μὴ
278 2393 483 2428 προσάλλεσθαι.
500 2394 733 2428 Διασπασθήσεται
752 2395 806 2429 γὰρ
819 2395 850 2421 τὸ

62 2440 141 2474 παρὰ
153 2438 239 2465 ταῦτα
253 2439 434 2474 γενησόμενον
450 2439 613 2465 συνοικέσιον
631 2447 637 2454 ·
652 2440 697 2466 καὶ
711 2441 849 2475 μοιχευόν-

62 2494 118 2511 των
138 2485 287 2519 ιπιτιμίοις
301 2485 326 2510 oi
345 2485 375 2511 τὸ
387 2484 515 2519 ἀθέμιτον
544 2485 756 2517 συναλλάξαντες
779 2487 848 2513 καθ-

62 2530 315 2565 υποὸληθήσονται.
340 2530 416 2556 Ἐπεὶ
431 2529 458 2556 δὲ
477 2530 524 2556 καὶ
549 2530 603 2556 ἀπὸ
627 2530 673 2556 τοῦ
690 2531 773 2565 τόμου
801 2530 848 2558 τοῦ

63 2575 221 2609 ἁγιωτάτου
235 2576 404 2610 πατριάρχου
422 2575 526 2601 ἐκείνου
544 2575 641 2610 κυρίου
656 2575 786 2601 Σισιννίου
802 2575 849 2602 δύο

64 2620 171 2655 πρῶτοι
187 2619 327 2654 ὲξάδελφοι
353 2620 400 2646 δύο
422 2619 539 2654 ἀδελφὰς
561 2620 593 2645 οὐ
605 2619 784 2653 λαμῦάνουσι,
802 2621 849 2648 καὶ

64 2665 165 2698 ταῦτα,
181 2666 228 2692 τοῦ
254 2666 477 2700 συναλλάγματος
494 2666 662 2700 ἀναγομένου
674 2667 714 2697 εἰς
727 2665 805 2692 ἕκτον
819 2666 849 2698 ἐξ

65 2711 224 2744 ἀγχιστείας
242 2711 355 2745 βαθμὸν,
369 2711 415 2737 ἔσο
433 2711 526 2737 καὶτὰ
543 2711 606 2746 περὶ
636 2711 730 2736 τούτου
749 2711 826 2742 εἰδώς
839 2720 846 2726 ·

67 2756 111 2782 ινα
128 2755 165 2790 μὴ
179 2758 248 2782 κατὰ
258 2757 343 2793 λήθην
358 2757 395 2792 τῷ
409 2757 457 2792 τῆς
468 2757 630 2792 Ἐκκλησίας
641 2755 696 2782 ἔθει
713 2756 849 2792 ψυχοὸλα‹

67 2800 123 2832 ϐὦς
133 2802 307 2837 ἔναντιωθῇς.

900 1574 1002 1600 tionum
1032 1575 1200 1605 tuvriadibus
1231 1575 1360 1608 populosa
1393 1580 1435 1602 est
1456 1579 1483 1601 et
1504 1575 1676 1609 ampliﬁcata,

897 1619 1063 1647 Christianis
1078 1624 1166 1646 autem
1183 1620 1345 1648 orthodoxis
1366 1625 1553 1653 coangustata.
1574 1621 1678 1653 θυεετὶ-

899 1673 959 1692 Inus
973 1673 1037 1700 ergo
1059 1666 1177 1698 discere,
1198 1673 1231 1692 an
1250 1666 1412 1700 permissum
1431 1667 1466 1693 sit
1481 1671 1506 1693 et
1526 1666 1597 1694 intra
1617 1675 1680 1694 sex-

899 1715 956 1738 tum
969 1712 1081 1745 gradum
1094 1713 1202 1748 nuptias
1221 1714 1394 1745 contrahere,
1413 1717 1522 1748 propter
1535 1714 1573 1740 rei
1585 1721 1680 1741 neces-

900 1757 1021 1784 sitatcm.

938 1803 1014 1837 Resp.
1031 1803 1118 1830 Dii-ini
1127 1808 1154 1830 et
1167 1804 1237 1831 sacri
1246 1811 1376 1833 canones,
1385 1807 1412 1830 et
1424 1803 1505 1836 leges,
1517 1804 1677 1839 nnptinlium

900 1853 1089 1876 contractuum
1114 1855 1196 1876 causa
1223 1848 1249 1874 in
1270 1848 1397 1875 omnibus
1419 1848 1631 1878 consentientes.
1651 1853 1678 1876 et

901 1898 955 1924 Deo
970 1897 1052 1932 gratis
1070 1896 1218 1923 intervallis
1230 1900 1255 1922 et
1267 1897 1407 1929 praeceptis
1424 1896 1556 1930 nuptiales
1571 1903 1679 1923 contra-

901 1948 961 1971 ctus
976 1942 1243 1973 circumseribentes,
1262 1942 1336 1968 nullo
1356 1942 1435 1969 modo
1455 1950 1485 1968 ea
1499 1942 1589 1976 egredi
1608 1943 1678 1970 sive-

903 1993 964 2016 runt
977 1997 984 2016 :
996 1988 1041 2016 sed
1053 1990 1123 2015 inter
1135 1987 1312 2015 ascendentes
1326 1987 1434 2022 quidem
1447 1993 1473 2014 et
1484 1988 1679 2016 descendentes

902 2033 1050 2068 nuptialem
1081 2032 1205 2067 copulam
1237 2032 1397 2067 prohibitam
1421 2040 1482 2060 csse
1507 2033 1678 2061 deﬁnierunt.

903 2078 1001 2105 Eorum
1018 2083 1118 2107 antem.
1131 2077 1176 2112 qui
1192 2082 1294 2104 suntex
1308 2083 1471 2109 transverso.
1491 2079 1677 2113 cognationem

902 2125 936 2152 ad
956 2124 1101 2158 septimum
1122 2132 1207 2158 usque
1227 2124 1339 2158 gradum
1359 2124 1421 2157 jure
1446 2129 1677 2158 coangustaruut:

902 2170 1091 2203 cognationem
1105 2176 1178 2201 vero,
1195 2177 1254 2204 quae
1270 2177 1317 2202 per
1335 2169 1501 2202 aﬂinitatcm,
1520 2171 1559 2196 vel
1581 2177 1680 2196 conso-

901 2222 1023 2245 ccralum
1039 2217 1211 2247 conciliatur,
1231 2222 1291 2251 post
1305 2219 1410 2243 sextum
1425 2216 1536 2250 gradum
1554 2216 1681 2243 obsoluc-

902 2266 976 2289 runt.
996 2262 1098 2288 Debent
1113 2262 1195 2295 igitur
1210 2266 1236 2288 et
1253 2261 1428 2288 Alexandrini
1445 2261 1552 2294 nuptias
1569 2261 1595 2288 in
1611 2262 1683 2289 hunc

902 2307 1012 2333 modum
1037 2306 1211 2337 contrahere,
1238 2311 1265 2333 et
1287 2306 1448 2340 paucitatem
1469 2307 1681 2333 orthodoxorum

901 2351 1121 2379 Christianorum
1141 2352 1173 2378 ad
1189 2351 1523 2386 peccatijustiiicationem
1544 2359 1598 2378 non
1619 2359 1683 2386 pro-

902 2405 1013 2431 ponere.
1032 2396 1198 2423 Distrahitur
1215 2404 1291 2430 ergo,
1309 2397 1380 2430 quod
1400 2400 1496 2430 praeter
1511 2396 1566 2423 hmc
1582 2396 1682 2422 factum

903 2443 996 2473 fuerit,
1021 2443 1203 2476 coniugium;
1231 2447 1259 2468 et
1286 2442 1480 2468 rntnchanlium
1512 2442 1608 2474 pinnis,
1635 2441 1682 2475 qui

903 2487 1027 2514 illicitum
1054 2487 1248 2518 contraxerint,
1275 2486 1465 2521 sulljicientur.
1495 2486 1563 2518 Quia
1592 2490 1681 2512 autem

903 2532 1070 2560 sanctissimi
1082 2533 1165 2559 etiam
1179 2533 1340 2565 patriarchas
1352 2532 1438 2563 illius,
1450 2531 1551 2558 domini
1569 2530 1680 2558 Sisinnii

902 2578 1041 2606 decisione
1053 2600 1060 2611 ,
1076 2578 1132 2605 duo
1151 2579 1287 2613 patrueles
1308 2585 1355 2605 seu
1378 2578 1546 2608 consobrini,
1573 2584 1682 2604 sorores

902 2625 970 2652 duas
985 2632 1038 2651 non
1059 2623 1208 2657 accipiunt,
1224 2627 1250 2650 et
1267 2623 1333 2655 haec,
1351 2627 1492 2650 contractu
1511 2622 1628 2648 deducto
1647 2621 1682 2648 ad

903 2674 1007 2696 sextum
1029 2668 1168 2695 atiinitalis
1185 2668 1310 2702 gradum,
1328 2667 1412 2698 disce,
1425 2673 1485 2700 qua:
1505 2665 1531 2692 in
1549 2672 1579 2692 ea
1595 2665 1683 2692 conti-

901 2716 1018 2740 nentur:
1038 2720 1083 2744 ne,
1099 2720 1147 2747 per
1158 2712 1332 2743 oblivionem,
1351 2710 1478 2737 Ecclesia:
1492 2708 1682 2737 consuetudini

903 2767 966 2786 cum
985 2760 1083 2786 animae
1098 2758 1260 2786 detrimento
1277 2757 1437 2785 adverscris.

710 2848 826 2876 VARlA-I
848 2847 1048 2876 LECTIONES.

113 2895 127 2914 δ
136 2894 242 2921 extendi
257 2894 352 2927 ﬁnibus
