1894 3072
84 123 153 156 1001

515 123 707 157 RESPONSA
725 124 776 154 AD
794 124 1156 160 lNTEllltOGATlONES
1175 130 1306 161 MARCI.

1627 134 1696 165 103$:

84 182 270 230 ἀδδηραγίας.
284 183 372 230 γΚατὰ
395 184 423 211 δὲ
440 185 488 221 τὴν
506 187 641 223 ἑϐδομάδα
657 190 706 224 τῆς
721 191 852 226 διακινησί

921 193 1000 220 viem.
1018 193 1188 222 Hebdomade
1212 199 1301 222 autem
1326 195 1517 228 antipascnalis
1543 195 1601 222 sinc
1624 198 1693 230 pcri-

85 236 141 261 μου
159 229 184 244 ⁸ο
198 229 345 261 ἀκινδύνως
360 233 601 267 κρεωφαγήσομεν,
627 235 697 262 κατά
715 235 764 270 τὴν
783 236 867 271 αὐτῆς

82 273 274 308 τετράδα,καὶ
292 277 478 311 παρασκευήν.
501 278 545 309 Ὠς
571 279 621 313 μία
650 280 703 315 γὰρ
733 280 867 315 λογίζεται

82 317 258 353 κυριώνυμος
272 319 302 346 τδ
319 320 490 356 ἑπταήμερον
503 322 583 349 τοῦτο
605 324 751 359 διάστημα.

128 363 230 396 Ἐρώτ.
247 368 294 398 νγθ.
324 366 355 392 Δί
381 367 502 401 νηστεῖαι
528 368 575 402 τῆς
595 369 692 404 ἑορτῆς
708 370 762 397 τῶν
779 370 866 405 ἀγίων

84 407 263 442 ἀποστόλων,
287 410 334 436 καὶ
352 410 402 445 τῆς
422 412 539 445 Χριστοῦ
560 415 731 449 γεννήσεως,
754 416 799 442 καὶ
816 416 865 451 τῆς

81 453 244 487 κοιμήσεως
271 455 320 489 τῆς
347 456 426 489 άγίας
445 457 585 491 Θεοτόκου,
609 459 657 486 καὶ
672 459 717 486 τοῦ
729 460 864 496 Σωτῆρος,

81 499 268 533 ἀπαραίτητοι
284 501 362 532 εἰσιν,
374 501 391 535 ἢ
412 503 599 538 συγχωρητέαι
611 505 660 531 καὶ
673 505 831 540 άδιάφοροις

130 543 229 570 Ἀπόκ.
274 543 306 570 Ἦ
339 545 388 580 μὲν
427 546 456 573 ἑν
487 547 765 576 Κωνσταντινουπόλει
799 550 865 584 ἁγία

82 585 195 617 σύνοδος
223 587 270 613 ἑπὶ
300 588 355 614 τῶν
372 589 484 624 ἡμερῶν
512 590 559 617 τοῦ
586 591 738 625 άγιωτάτου
760 593 863 620 ἐκείνου

80 631 338 666 πατριάρχου.......
354 633 519 669 ἐρωτηθεῖσα
530 636 554 661 εί
565 635 618 671 χρὴ
630 636 679 671 τὴν
702 637 731 663 ὲν
749 637 787 672 τῷ
807 639 862 664 Αὑ-

79 675 193 710 γούστῳ
207 677 333 711 νηστείαν
352 679 496 711 ἐπιτελεῖν,
524 681 711 717 ἀπελογήσατο
739 682 776 715 ὡς
794 684 862 720 αὕτη

79 721 99 755 ἡ
114 721 229 756 νηστεία
252 723 390 758 μετετέθη,
417 724 460 751 διὰ
485 725 514 751 τὺ
539 726 576 761 μὴ
594 727 768 762 περιπίπτειν
798 730 860 761 ταῖς

78 767 155 793 κατὰ
168 767 215 793 τδν
226 768 319 802 καιρὸν
330 768 423 796 τοῦτον
446 770 601 805 γινομέναις
616 772 736 804 ἐθνικαῖς
750 774 861 808 νηστεί-

79 820 137 843 αις.
154 812 229 847 Πλὴν
237 814 284 840 καὶ
297 814 337 840 ἑτι
354 814 447 841 πολλοὶ
461 815 516 842 τῶν
538 816 688 851 ἀνθρώπων
699 818 798 853 ταύτην
812 819 860 853 τὴν

78 858 212 898 νηστείαν
236 858 420 893 νηστεύουσιν.
438 860 534 894 Ἡμεῖς
556 850 597 893 δὲ,
622 850 805 898 σκοπήσαντὲς
827 850 861 890 τὰ
876 850 896 877 Β

79 903 148 937 περὶ
160 896 268 934 τούτου,
283 904 499 939 ἀπολογούμεθα,
522 906 563 932 ὄτι
584 907 613 939 ἐξ
641 896 764 943 ἀνάγκης
791 916 858 943 προσ

76 945 211 980 ηγοῦνται
229 949 348 982 νηστεται
363 948 414 982 πρὸ
421 948 474 975 τῶν
486 950 622 985 τεσσάρων
630 952 728 979 τούτων
741 953 839 988 ἑορτῶν
850 961 859 969 '

79 991 169 1024 ἤγουν
186 993 241 1028 πρὸ
249 993 297 1027 τῆς
313 994 408 1029 ἑορτῆς
423 994 477 1021 τῶν
498 995 597 1029 ’Λγίων
611 997 791 1030 Ἀποστόλων,
810 998 859 1033 τῆς

77 1035 236 1070 Γεννήσεως
260 1039 306 1064 τοῦ
328 1038 456 1073 Χριστοῦ,
482 1041 532 1073 τῆς
546 1041 787 1076 Μεταμορφώσεως
811 1042 857 1069 τοῦ

75 1080 200 1114 Χριστοῦ
215 1082 262 1108 καὶ
283 1081 350 1109 Θεοῦ
372 1084 461 1118 ἡμῶν,
489 1085 536 1110 καὶ
557 1085 607 1119 τῆς
621 1086 784 1121 Κοιμήσεως
807 1087 856 1122 τῆς

76 1125 161 1158 ἁγίας
185 1126 326 1153 Θεοτόκου·
349 1127 418 1163 πλὴν
435 1129 612 1165 ἑπταήμεροι.
631 1131 687 1157 Μία
706 1131 761 1166 γὰρ
793 1141 857 1159 τεσ-

75 1170 318 1205 σαρακονθήμερος
332 1172 442 1206 νηστεία
458 1173 542 1206 ἐστὶν,
559 1173 631 1208 ήτοῦ
656 1174 735 1208 ἁγίου
752 1176 797 1202 καὶ
809 1185 856 1211 με·

74 1214 164 1246 γὰλου
189 1215 293 1249 Πάσχα.
314 1215 344 1242 Et
362 1216 390 1242 δέ
402 1225 443 1248 τις
460 1217 507 1244 καὶ
528 1218 607 1245 πλέον
626 1219 680 1246 τῶν
697 1220 765 1246 ἑπτὰ
786 1221 856 1256 ἡμε-

76 1257 135 1301 ρῶν
141 1259 212 1285 κατὰ
221 1260 269 1293 τὴν
278 1260 374 1295 ἑορτὴν
383 1261 436 1288 τῶν
448 1261 546 1296 ’Δγίων
555 1263 585 1290 ’A
591 1264 725 1291 ποστόλων
732 1265 855 1293 καὶκατὰ

73 1303 128 1336 τὴν
150 1303 246 1338 ἑορτὴν
261 1305 309 1339 τῆς
331 1306 484 1339 Γεννήσεως
507 1307 553 1334 τοῦ
575 1309 692 1342 Χριστοῦ
719 1310 853 1345 νηστεύει,

73 1348 90 1382 ἦ
107 1348 210 1380 ἑκοντὶ,
223 1349 239 1384 ἢ
251 1350 304 1376 ἀπὸ
323 1352 484 1386 κτητορικοῦ
498 1353 613 1379 τυπικοῦ
642 1354 851 1389 συνωθούμενος,

71 1393 105 1420 οὑ
118 1395 389 1430 καταισχυνθήσεται.
408 1397 500 1429 Ὅπως
512 1397 540 1424 δὲ
552 1399 598 1424 καὶ
609 1398 679 1425 διατί
708 1399 760 1434 πρὸ
788 1400 853 1426 ἑκά-

72 1448 144 1475 στης
174 1441 276 1467 τούτων
298 1442 353 1468 τῶν
375 1443 513 1478 τεσσάρων
547 1444 648 1478 ἑορτῶν
678 1444 851 1480 ἑπταήμερον

920 238 980 265 culo
996 240 1124 266 carnibus
1151 247 1293 267 vescemur
1313 241 1340 266 in
1365 240 1425 274 ejus
1455 240 1584 267 Mercurii
1608 242 1651 269 die
1669 249 1694 269 ιι

918 283 1039 312 Veneris.
1059 284 1124 311 Nam
1139 292 1188 319 pro
1207 292 1261 312 uno
1276 285 1321 312 die
1348 283 1489 312 Bominico
1505 285 1624 313 habetur
1639 287 1691 313 hoc

916 333 1017 363 septem
1031 330 1135 356 dierum
1149 329 1332 357 intervallum.

951 374 1048 402 Interr.
1058 375 1102 402 53.
1117 374 1223 409 Jejunia
1236 376 1290 403 diei
1303 376 1363 404 festi
1372 376 1533 404 Sanctorum
1543 376 1690 411 Apostolo-

916 426 988 451 rum,
1005 424 1032 446 et
1049 418 1153 447 Natalis
1165 419 1285 452 Christi,
1306 424 1332 447 et
1349 420 1565 448 Obdormitionis
1591 427 1691 448 sanctm

917 464 1042 499 Deiparae
1054 469 1080 491 et
1093 463 1258 497 Servatoris,
1283 466 1479 494 inexcusabilia
1495 472 1569 499 sunt,
1582 475 1615 494 an
1632 475 1692 502 per-

914 509 1045 536 mittenda
1057 514 1083 536 et
1095 509 1297 537 indifferentia?

948 553 1025 588 Resp.
1036 554 1335 589 Constantinopolitana
1346 555 1455 590 quidem
1466 560 1558 582 sancta
1571 557 1688 591 synodus

913 599 942 626 in
955 599 1051 627 diebus
1064 600 1229 627 sanctissimi
1249 601 1322 628 illius
1346 600 1553 634 patriarchae...
1572 601 1689 628 interra-

913 648 984 679 gata,
998 651 1031 671 an
1047 648 1170 679 oporteat
1195 645 1309 682 Augusti
1327 647 1430 672 mensis
1446 645 1580 680 jejunium
1605 646 1686 679 perli-

912 696 973 717 cere
989 688 998 708 ι
1017 696 1024 714 :
1043 689 1194 723 respondit,
1211 690 1236 717 id
1257 690 1390 724 jejunium
1408 695 1540 717 mutatum
1562 698 1630 720 csse.
1655 699 1688 716 ne

911 740 972 760 cum
989 734 1102 768 paganis
1129 733 1241 768 jejuniis
1267 741 1327 768 qua:
1346 734 1439 761 eodem
1469 738 1590 769 tempore
1608 735 1686 766 ﬁunt.

911 782 1065 804 concurrat.
1081 777 1156 805 Multi
1168 782 1256 805 tamen
1272 779 1393 805 homines
1414 779 1439 805 id
1454 779 1586 813 jcjunium
1597 779 1687 805 adhuc

910 823 1067 850 observant.
1085 823 1139 850 Nos
1155 828 1244 850 autem
1260 831 1320 850 cum
1341 831 1382 854 ea,
1397 831 1456 857 quae
1476 824 1508 850 ad
1535 824 1584 850 hoc
1601 825 1686 858 perti-

910 871 984 899 nent,
999 867 1261 895 consideraverimus
1274 888 1280 900 ,
1295 868 1575 902 defendimusjejunia
1590 867 1695 896 ncces?

910 914 982 941 sario
993 913 1144 948 praecedere
1157 913 1214 940 haec
1222 917 1338 948 quatuor
1350 913 1417 940 festa
1431 922 1437 940 :
1452 914 1577 940 nimirum
1587 914 1684 941 festum

909 958 1069 986 Sanctorum
1092 958 1301 992 Apostolorum,
1321 957 1423 985 Natalis
1444 958 1542 985 Christi
1555 978 1561 989 ,
1582 958 1684 986 Trans.

909 1003 1077 1031 formationis
1089 1004 1189 1031 Christi
1203 1008 1230 1031 et
1247 1003 1292 1031 Dei
1307 1004 1402 1035 nostri,
1419 1008 1446 1031 et
1462 1004 1683 1032 Obtlormitionis

907 1053 1009 1076 sancta:
1024 1049 1153 1083 Deiparte,
1166 1049 1212 1076 sed
1228 1053 1331 1076 tantum
1344 1052 1446 1083 septem
1465 1049 1580 1076 dierum.
1595 1049 1683 1077 Unum

906 1094 977 1122 enim
991 1097 1032 1121 est
1040 1093 1218 1129 quadraginta
1229 1094 1333 1121 dierum
1347 1093 1479 1128 jejunium
1488 1094 1575 1121 sancti
1585 1099 1611 1121 et
1625 1102 1683 1121 ma-

906 1139 950 1174 gni
965 1139 1118 1166 Paschalis.
1138 1139 1216 1172 Quod
1230 1139 1252 1166 si
1269 1139 1331 1174 quis
1344 1140 1486 1174 plusquam
1505 1144 1608 1174 Septem
1625 1140 1682 1167 die-

905 1183 956 1211 bus
970 1183 1041 1210 circa
1058 1183 1156 1211 festum
1170 1184 1330 1211 Sanctorum
1341 1184 1532 1219 Apostolorum
1550 1189 1576 1211 et
1584 1184 1681 1211 festum

905 1229 1006 1255 natalis
1020 1229 1120 1255 Christi
1135 1229 1249 1263 jejunct,
1268 1236 1314 1256 seu
1332 1234 1440 1264 sponte.
1460 1237 1507 1257 seu
1523 1237 1537 1256 a
1555 1230 1681 1256 fundato-

904 1273 944 1300 ria
959 1273 1050 1308 regula
1065 1278 1086 1292 ιιι
1099 1274 1245 1308 impulsus,
1261 1282 1314 1302 non
1334 1275 1543 1310 vituperabitur.
1559 1275 1681 1307 Quomo-

903 1318 938 1344 do
947 1323 1046 1349 autem.
1065 1323 1092 1345 ct
1100 1322 1209 1353 propter
1218 1319 1281 1352 quid
1291 1323 1353 1346 ante
1361 1320 1573 1354 unumquodque
1580 1319 1678 1346 horum

902 1367 1021 1396 quatuor
1040 1362 1171 1390 festorum
1198 1363 1322 1397 jejunare
1338 1364 1497 1395 debeamus,
1513 1364 1679 1391 declaratum

902 1407 930 1434 in
955 1408 1078 1443 synodali
1108 1407 1258 1441 decisione,
1273 1409 1306 1435 de
1332 1416 1364 1436 eo
1391 1416 1406 1436 a
1433 1409 1512 1436 nobis
1530 1409 1611 1436 facta.
1628 1409 1679 1441 Qui

902 1452 983 1487 igitur
993 1460 1045 1480 non
1059 1453 1181 1488 jejunant
1197 1460 1259 1481 ante
1269 1454 1483 1488 unumquodque
1499 1454 1594 1481 horum
1609 1462 1678 1489 qua-

70 1485 202 1520 νηστείαν
215 1486 244 1518 ἑξ
257 1486 378 1521 ἀνάγκης
399 1487 538 1523 νηστεύειν
561 1488 712 1523 ὀφείλομεν,
731 1489 849 1526 ἐδηλώθη

910 1504 963 1524 .uor
978 1497 1108 1525 festorum
1124 1498 1184 1525 sine
1193 1498 1246 1525 ulla
1261 1498 1372 1525 omnino
1384 1498 1561 1526 excusatione
1573 1498 1678 1533 magnis

70 1531 103 1557 ὲν
119 1531 158 1566 τῷ
171 1532 292 1565 γεγονότι
310 1533 375 1566 παρ’
393 1532 471 1568 ἡμῶν
496 1534 575 1568 χάριν
603 1533 697 1560 τούτου
719 1535 848 1571 συνοδικῷ

902 1540 1118 1568 etnendabuntur
1134 1541 1235 1576 pcenis.

70 1577 160 1623 τόμῳ.
175 1575 209 1603 Οί
224 1576 288 1623 γοῦν
306 1577 342 1612 μὴ
358 1577 532 1612 νηστεύοντες
548 1579 601 1614 ’πρὸ
619 1579 737 1614 ἑκάστης
747 1580 848 1608 τούτων
865 1584 919 1611 τῶν
932 1586 1071 1621 τεσσάρων
1082 1575 1183 1622 ἑορτῶν
1201 1588 1271 1614 κατὰ
1304 1588 1334 1614 τὺ
1369 1588 1456 1623 πάντη
1483 1588 1676 1623 ἀπαραίτητον.

69 1621 104 1648 δι’
122 1622 267 1656 ἑπιτιμίων
280 1624 405 1658 μεγάλων
419 1625 655 1660 διορθωθήσονται.

111 1667 212 1701 Ἐρὼτ.
228 1668 275 1695 νδ’.
292 1670 324 1695 Οἱ
345 1669 414 1696 κατά
425 1671 526 1702 ταύτας
549 1672 597 1703 τὰς
610 1673 735 1708 νηστείας
748 1674 849 1710 ἐγκρα-

69 1711 229 1745 τευόμενοι,
258 1712 326 1748 πρὸς
358 1714 386 1740 δὲ
418 1715 465 1741 καὶ
493 1716 517 1742 ot
547 1717 618 1743 κατὰ
645 1718 694 1749 τὰς
720 1719 850 1754 τετράδας

70 1756 120 1780 καὶ
143 1757 321 1790 παρασκευὰς
353 1758 579 1793 ξηροφαγοῦντες,
613 1762 849 1797 ἑκχωρηθήσονται

68 1800 114 1826 διὰ
127 1800 258 1836 δευτέρας
271 1803 411 1838 τραπέζης
425 1804 591 1839 θεραπεῦσαι
621 1807 670 1842 τὴν
691 1807 738 1834 τοῦ
755 1807 847 1844 σώμα-

66 1854 114 1876 τος
125 1845 240 1879 ἑνδειαι,
261 1848 276 1882 ἢ
297 1848 328 1874 οὗ
342 1857 350 1881 ;

110 1889 212 1916 ’Δπόκ.
222 1890 357 1926 κυρίωςή
368 1891 524 1926 ἐγκράτεια,
533 1894 643 1929 νηστεία
652 1894 725 1921 ἐστίν
735 1903 742 1910 ·
750 1896 791 1922 ὅτι
799 1897 847 1923 καὶ

67 1932 246 1966 παθοκτόνος,
273 1936 322 1962 οὐκ
344 1937 565 1971 ἀνθρωποκτόνος
584 1939 718 1966 καλεῖται.
733 1940 765 1967 El
780 1941 846 1975 γοῦν

65 1978 92 2004 οι
121 1978 362 2015 ἑγκρατευόμενοι,
388 1982 434 2008 διὰ
448 1982 577 2010 σύστασιν
599 1984 645 2011 τοῦ
661 1984 784 2020 σώματος
799 1987 847 2013 καὶ

65 2023 198 2058 δευτέρας
228 2026 368 2061 τραπέζης
393 2027 534 2061 δεηθῶσιν,
560 2029 590 2055 οὐ
612 2031 847 2066 προκριματισθή-

65 2076 172 2094 σονται.
202 2069 312 2101 Πάντως
338 2071 392 2106 γὰρ
409 2072 455 2098 καὶ
467 2073 542 2100 αὐτοὶ
561 2073 610 2108 τὴν
633 2074 781 2110 όλοήμερον
797 2076 846 2102 οὒκ

63 2112 248 2146 ἀτιμάσουσιν
275 2115 447 2150 ἐγκράτειαν,
466 2116 510 2143 διὰ
526 2117 670 2152 ἑσπερινῆς
701 2119 844 2153 ἀκρασίας.

64 2157 152 2184 Τοῦτο
166 2157 194 2184 δὲ
211 2160 384 2194 ποιήσαντες,
400 2162 653 2197 ὲπιτιμηθήσονται.

107 2203 207 2236 Ἐρώτ.
226 2207 272 2231 ve’.
302 2205 381 2232 Κατὰ
403 2207 452 2241 τὴν
480 2208 640 2242 παραμονὴν
661 2209 710 2244 τῆς
736 2210 769 2236 ἑκ
799 2218 844 2236 νε-

63 2249 140 2284 κρῶν
157 2249 294 2285 ἑγέρσεως
311 2252 358 2277 τοῦ
373 2252 478 2279 δικαίου
496 2253 630 2289 Λαζάρου,
653 2256 700 2282 καὶ
714 2256 783 2282 κατὰ
793 2257 843 2291 τὴν

63 2294 162 2330 ἑορτὴν
175 2294 229 2322 τῶν
254 2294 342 2329 Afin
353 2298 572 2332 Τεσσαράκοντα,
583 2300 728 2331 ἀκινδύνως
737 2301 842 2328 τελείαν

63 2340 222 2375 ἱερουργίαν
250 2340 421 2377 ίερουργήσει
444 2351 496 2374 τις,
523 2343 539 2378 ἢ
564 2343 612 2377 oti;
634 2344 770 2376 Ὡσαύτως
795 2346 842 2372 καὶ

61 2384 133 2410 κατὰ
145 2385 196 2418 τὴν
214 2384 278 2421 ὃλην
293 2386 374 2420 ἁγίαν
388 2388 614 2424 Τεσσαρακοστὴν
635 2389 722 2422 ἑξιστι
737 2390 842 2425 βαπτί-

60 2428 130 2460 ζειν,
159 2429 176 2464 ἢ
205 2431 352 2465 ίερολογίας
379 2434 476 2468 γάμων
502 2434 550 2461 καὶ
573 2435 722 2471 ανηστειῶν
742 2438 840 2470 ποιεῖν,

60 2473 141 2508 ἣοῦς

96 2518 195 2546 ’Δπὼα
213 2519 243 2547 '0
253 2520 290 2555 νβ’
297 2521 386 2548 κανὼν
392 2523 440 2558 τῆς
447 2524 475 2551 ἑν
484 2523 522 2560 τῷ
529 2523 653 2560 Τροὺλλῳ
664 2523 710 2550 τοῦ
721 2524 838 2559 μεγάλου

933 1674 1032 1703 Interr.
1047 1675 1091 1703 54.
1117 1675 1168 1708 Qui
1184 1677 1227 1704 his
1249 1677 1360 1711 jejuniis
1385 1677 1557 1704 continenter
1580 1681 1672 1710 agunt.

897 1719 989 1747 adltaac
1003 1725 1028 1747 et
1040 1720 1137 1748 diebus
1153 1720 1278 1748 Mercurii
1295 1726 1322 1748 et
1331 1721 1444 1748 Veneris
1458 1721 1543 1748 aridis
1559 1729 1674 1748 vescun-

897 1769 952 1797 tur,
966 1765 1090 1792 sinentur
1104 1773 1152 1799 per
1168 1766 1358 1793 secundariam
1375 1774 1495 1793 mensam
1505 1773 1601 1793 curare
1612 1767 1683 1793 cor-'

898 1809 973 1843 poris
989 1809 1177 1844 indigentiam,
1195 1810 1302 1837 annon?

935 1894 1013 1930 Resp.
1032 1895 1144 1931 Proprie
1166 1896 1347 1929 continentia,
1376 1897 1511 1931 jejunium
1530 1901 1590 1930 cst;
1611 1897 1673 1932 quia

900 1944 928 1968 et
945 1940 1105 1974 aﬂ‘ecticida,
1123 1949 1177 1968 non
1194 1941 1327 1970 homicida
1349 1946 1470 1969 vocatur.
1487 1943 1514 1969 Si
1536 1950 1612 1975 ergo.
1627 1943 1673 1977 qui

899 1985 1073 2014 continenter
1094 1987 1209 2019 vivunt,
1236 1987 1269 2015 ad
1298 1989 1422 2022 corporis
1448 1989 1672 2015 sustentationem

898 2030 1060 2058 secundaria
1093 2039 1187 2059 mensa
1217 2032 1375 2066 indigeant,
1403 2031 1589 2066 przcjudicium
1619 2039 1673 2058 non

898 2077 1045 2110 patientur.
1059 2075 1125 2103 Nam
1142 2079 1194 2104 nec
1205 2076 1232 2103 hi
1251 2081 1306 2104 tota
1319 2077 1361 2104 die
1379 2076 1576 2103 continentiam
1601 2076 1673 2102 inta-

899 2121 1011 2148 mabunt
1028 2129 1076 2156 per
1092 2122 1318 2149 incontinentiam
1344 2127 1504 2150 nocturnam
1517 2126 1542 2148 ’³.
1557 2122 1585 2147 Id
1599 2121 1671 2147 enim

897 2165 920 2193 si
942 2164 1066 2197 fecerint.
1080 2166 1290 2193 coercebuntur.

932 2209 1030 2237 lnterr.
1064 2210 1109 2238 55.
1139 2211 1168 2238 ln
1195 2212 1399 2246 exspectatione
1424 2211 1635 2239 resurrectionis
1655 2217 1671 2236 a

897 2256 1088 2290 mortuisjusti
1106 2255 1213 2288 Lazari,
1233 2261 1260 2283 et
1281 2258 1307 2283 in
1329 2257 1397 2285 festo
1418 2257 1578 2284 Sanctorum
1596 2256 1671 2288 Qua-

896 2300 1031 2335 draginta,
1045 2301 1104 2328 sine
1117 2302 1240 2336 periculo
1254 2302 1417 2329 sacrilicium
1435 2302 1570 2336 quispiam
1582 2301 1671 2335 perfe-

895 2351 968 2373 ctum
992 2346 1160 2380 celebrabit,
1185 2348 1294 2374 annon?
1323 2347 1428 2375 Pariter
1443 2353 1469 2375 et
1492 2351 1547 2374 tota
1573 2351 1667 2373 sancta

895 2391 1073 2427 Quadragena
1095 2393 1161 2420 licet
1188 2393 1342 2427 baptizare,
1381 2397 1428 2420 aut
1466 2391 1668 2419 benedictioues

893 2437 1052 2472 nuptiarum
1067 2438 1323 2473 sponsaliorumque
1339 2438 1438 2471 facere,
1456 2436 1565 2464 annon?

928 2525 1003 2559 Resp.
1013 2525 1261 2561 Quinquagesimus
1274 2527 1410 2554 secundus
1423 2533 1511 2553 canon
1522 2529 1624 2552 sancta:
1639 2529 1666 2550 et

693 2618 806 2646 VARIE
834 2618 1036 2647 LECTIONES.

93 2678 118 2695 '°
133 2679 353 2715 διακαινησίμου.

94 2744 106 2765 ι
123 2746 249 2784 Augusto
262 2756 355 2780 mense,
375 2750 506 2784 jejunium
523 2757 635 2778 servare!
651 2759 659 2778 :

709 2759 728 2773 ω
742 2762 786 2781 seu
804 2763 819 2781 η
833 2757 984 2788 municipali
995 2757 1105 2790 quodam
1120 2755 1230 2782 durem.

1277 2761 1290 2774 π
1306 2755 1418 2782 Omnino
1436 2758 1520 2779 tamen
1544 2755 1588 2774 nec
1613 2745 1662 2778 ἰρςί

62 2785 117 2808 tota
129 2782 172 2807 die
181 2783 358 2809 continuatam
373 2782 583 2818 temperantiam.
596 2795 640 2818 per
654 2790 824 2821 resperiinam
845 2782 1070 2819 inlaturum:tilium
1099 2792 1290 2817 ιίινιονιηιιὺιινιι.

198 2830 314 2860 Pyrum
353 2833 413 2860 (in.
437 2832 519 2862 CXX
529 2831 551 2860 Χ
561 2831 642 2861 ΠΗ.

1468 2836 1506 2865 32
