1894 3072
236 123 301 155 1co7

227 239 283 264 t-is,
302 238 328 260 et
357 241 404 266 per
420 235 472 260 vim
497 235 675 262 orthodoxam
706 237 784 263 Iidem
811 237 945 270 ejuratus,
975 244 1006 264 ac

229 279 418 310 iirrunicisus,
430 279 533 313 absque
552 281 754 308 intermissione
775 281 831 308 fere
858 281 1005 308 immundi-

229 323 292 349 Iiem
322 323 410 356 deﬂet,
439 329 465 350 et
495 325 564 351 clam
594 333 654 352 cum
687 325 845 353 orthodoxis
869 326 1005 358 convenit,

229 369 391 404 invoealque
405 371 530 397 salutem.
548 370 617 403 Quia
632 375 722 398 autem
741 372 799 399 vult
821 376 1006 398 sacramento-

229 421 288 438 rum
312 413 369 440 ﬁeri
394 415 544 448 particeps,
567 416 727 449 qumrimus,
753 416 817 451 quid
839 416 876 444 sit
906 415 1006 443 facien-

228 458 302 484 dum.

264 503 342 538 Resp.
364 504 532 532 Certanlium
557 510 621 532 sunt
650 513 767 538 coronae,
783 513 808 534 et
821 507 952 535 Dominus
973 514 1006 535 ac

230 550 300 575 licus
318 553 412 575 noster
427 548 505 576 Jesus
523 549 667 577 Christus:
687 551 714 577 Si
731 552 791 585 quis
816 560 858 579 me
875 552 1006 579 conﬁtea-

190 601 196 633 ς
230 599 290 624 Iur,
305 594 411 628 inquit,
426 602 517 621 coram
545 595 701 623 hominibus
714 616 721 628 ,
739 601 764 624 et
784 604 833 632 ego
857 598 1006 624 conﬁtebor

229 647 291 665 cum
305 646 397 666 coram
413 639 493 666 Patre
508 648 578 672 meo,
597 642 642 676 qui
668 642 693 668 in
715 643 794 669 cmlis
815 647 869 670 cst.
886 643 1006 669 Immun-

189 673 195 724 ς
228 683 292 709 (lum
321 691 387 718 ergo
413 692 471 716 vas,
497 685 530 712 ad
553 687 755 720 susceptionem
783 688 925 721 unguenti,
952 695 1005 722 qua

181 748 187 765 ί
229 728 330 756 utentis
359 729 524 757 alienatione
544 731 718 758 admittetur?
742 731 924 764 Quamobrem
942 741 1007 760 con-

227 773 390 800 solationem
404 774 514 807 quidem
530 775 725 810 episcopicam,
742 782 769 803 et
792 777 865 804 aliud
881 778 1006 812 spiritale

227 817 391 852 colloquium
406 819 450 846 ille
471 820 510 846 sic
538 821 686 855 paenitens,
705 827 732 850 et
758 823 828 849 bona
851 824 1005 851 mutatione

228 863 327 889 mutari
348 864 453 896 volens,
469 866 686 898 promerebitur;
715 867 762 894 sed
789 869 892 896 sanctis
915 877 1007 896 sacra-

227 910 326 936 mentis
338 910 437 944 dignus
447 919 500 938 non
513 912 668 939 habebitur.
681 913 763 941 Debet
773 914 845 941 enim
857 915 1005 949 impietatis

227 956 322 982 sordes
336 956 457 988 abluere,
474 961 500 983 et
514 958 550 984 ita
562 957 667 986 admitti
680 967 687 986 :
700 963 726 986 et
744 964 807 994 post
823 961 1004 994 praestitutum

219 1007 335 1036 tempus
348 1007 448 1030 sanctae
473 1005 555 1032 etiam
571 1005 828 1034 communicationis
842 1007 903 1041 _ﬁet
919 1007 1006 1042 parti-

227 1054 300 1081 ceps.

262 1090 360 1118 lnterr.
392 1092 436 1119 59.
459 1092 624 1121 Vicanorum
652 1095 737 1122 turbat
764 1102 837 1127 eum,
865 1096 912 1130 qui
939 1096 1006 1132 ipsis

226 1137 334 1162 videtur
347 1144 408 1164 essu
421 1137 520 1171 dignus
542 1139 699 1174 episcopali,
713 1140 755 1167 vel
777 1140 943 1168 sacerdotali
964 1141 1003 1168 di-

221 1182 344 1216 ,gnitate,
359 1182 425 1209 mihi
446 1183 590 1216 exhibent;
608 1189 756 1220 petuntque
772 1190 801 1212 ut
825 1186 884 1214 sine
897 1185 1005 1220 repulsa

229 1228 402 1254 renuntietur
417 1228 616 1263 ardineturque
631 1229 764 1264 pontifex,
792 1235 839 1257 aut
863 1231 1002 1262 sacerdos,

227 1271 268 1297 vel
300 1272 442 1299 diaconus.
472 1272 569 1305 Ουτοι-ο
601 1274 700 1308 igitur,
730 1282 763 1302 an
790 1276 1004 1304 acclamationes

218 1317 317 1352 .populi
331 1318 407 1353 sequi
426 1319 573 1353 compellar
585 1319 609 1345 δ.

261 1361 337 1396 Resp.
358 1361 427 1390 Olim
443 1363 588 1398 aliquando
604 1364 791 1393 ordinationes
805 1366 1002 1401 episcoporum,

224 1411 251 1432 et
266 1407 435 1441 reliquorum
449 1409 536 1435 sacris
559 1409 726 1436 initiatorum
743 1410 887 1438 ordinibus
904 1411 1005 1438 ﬁebant

218 1461 272 1487 per
286 1453 446 1480 electionem
464 1455 657 1486 multitudinis,
671 1463 831 1491 eorumque,
859 1457 905 1491 qui
921 1457 1002 1484 simul

225 1498 406 1531 imperabant.
423 1498 548 1525 Decimus
570 1500 666 1526 tertius
691 1505 781 1527 autem
796 1508 883 1528 canon
907 1502 1004 1529 Laodi-

225 1550 299 1568 cena:
322 1543 428 1577 synodi,
452 1549 477 1570 et
501 1543 517 1570 3
543 1551 629 1572 canon
653 1551 754 1572 sanctae
779 1551 804 1573 et
827 1548 1002 1575 meumenica’:

223 1588 240 1613 7
257 1588 360 1622 synodi,
380 1588 532 1621 huiusmodi
555 1590 741 1618 ordinationes
763 1592 797 1618 ab
817 1593 1002 1621 ecclesiastico

200 1646 205 1652 -
226 1632 318 1666 rejecit
338 1636 420 1660 statu.
434 1633 481 1660 Ille
502 1634 572 1661 enim
598 1635 646 1667 ait,
673 1636 759 1664 turbis
785 1645 838 1664 non
864 1646 924 1665 esse
939 1647 1002 1674 per-

227 1678 385 1705 mittendum
402 1686 506 1711 eorum,
521 1681 566 1714 qui
583 1685 647 1707 sunt
674 1682 700 1708 in
719 1683 874 1711 sacerdotio
901 1686 1003 1712 consti-

226 1722 331 1756 tuendi,
347 1723 509 1752 electionem
530 1725 629 1752 facere.
655 1725 703 1754 Hic
717 1733 806 1754 autem
826 1730 1000 1762 pronuntiat:

223 1769 336 1796 Omnem
352 1770 523 1802 electionem,
553 1778 613 1805 quae
630 1772 658 1798 ﬁt
679 1780 693 1799 a
710 1773 924 1808 magistratibus,
944 1776 1003 1810 epi-

221 1814 311 1848 scopi,
329 1815 370 1842 vel
387 1815 549 1851 presbyteri,
561 1817 602 1844 vel
617 1818 736 1850 diaconi,
752 1820 855 1847 irritam
872 1828 1000 1849 manere:

223 1868 255 1885 ex
269 1867 373 1887 canone
392 1860 509 1892 dicente,
526 1861 554 1888 Si
571 1863 632 1896 quis
661 1864 805 1898 episcopus
823 1867 1001 1894 saecularibus

224 1906 427 1939 magistratibus
446 1915 522 1940 usus,
540 1916 588 1942 per
603 1916 650 1935 eos
676 1909 819 1936 ecclesiam
840 1911 1001 1943 obtinuerit,

223 1950 375 1984 deponatur
387 1971 394 1983 ,
411 1955 437 1978 et
459 1957 634 1988 segregetur,
656 1957 682 1980 et
698 1962 793 1981 omnes
820 1955 865 1990 qui
894 1964 955 1983 cum
969 1964 1001 1984 eo

224 1996 437 2023 communicant.
456 1996 566 2031 Oportet
581 1998 652 2025 enim
665 2007 738 2030 eum,
753 2000 799 2034 qui
829 2004 869 2027 est
892 2008 1002 2035 promo-

224 2041 328 2068 vcndus
340 2040 374 2068 ad
387 2042 585 2077 episcopatum,
600 2043 633 2070 ab
645 2044 779 2078 episcopis
802 2044 863 2078 eligi
874 2066 881 2076 ,
907 2052 1003 2079 quem-

224 2085 369 2113 admodum
388 2093 402 2112 a
415 2087 518 2114 sanctis
538 2086 665 2115 Patribus
680 2087 767 2115 Nicea:
794 2088 932 2116 decretum
950 2094 1001 2121 est,

224 2131 251 2158 in
268 2139 374 2159 canone
390 2132 436 2167 qui
455 2132 538 2159 dicit:
563 2132 726 2167 Episcopum
749 2138 857 2168 oportet
885 2135 1002 2162 maxime

844 122 980 153 TUEUD.
1006 124 1121 153 BALSA
1127 122 1243 153 MOle

263 187 360 214 Interr.
378 187 422 215 58.
443 188 615 216 ()rthodoxus
631 191 739 224 quidam
750 191 782 217 ab
795 190 926 225 Agarenis
940 199 1002 224 cap-
1020 192 1043 219 Δ

1776 123 1786 153 1
1793 128 1797 149 ι
1804 122 1839 151 4'23

1098 190 1196 224 Ἐρώτ.
1235 193 1285 225 νη⁷.
1331 189 1482 224 Ὀροὸδοξὸς
1526 198 1568 218 τις
1611 188 1839 223 αἰχμαλωτισθεξ

1057 235 1134 269 παρὰ
1156 234 1325 270 Ἀγαρηνῶν,
1351 235 1396 261 καὶ
1411 235 1481 261 κατὰ
1497 235 1558 269 βίαν
1575 234 1623 268 τὴν
1643 234 1786 268 ὀρθόδοξον

1058 288 1116 306 στιν
1141 280 1351 314 ἐξομοσάμενος,
1367 280 1414 306 καὶ
1441 280 1630 314 περιτμηθεὶς,
1642 279 1732 304 διόλου
1751 279 1838 312 σχεδὸν

1056 326 1105 360 τὴν
1121 326 1291 360 ἀκαθαρσίαν
1309 325 1497 357 ἀποκλαίεται,
1517 326 1563 351 καὶ
1587 326 1656 359 μετὰ
1670 325 1726 350 τῶν
1738 324 1838 359 ὀρθοκ-

1057 371 1110 403 ξων
1128 370 1263 405 λαθραίως
1281 371 1448 404 συνέρχεται,
1462 371 1506 396 καὶ
1525 369 1573 404 τὴν
1587 369 1727 403 σωτηρίαν
1742 370 1838 396 ἀνακα-

1057 416 1152 442 λεῖται,
1176 415 1251 441 Ἐπεὶ
1270 415 1299 440 δὲ
1314 414 1400 440 ἐθέλει
1416 414 1462 440 καὶ
1478 415 1531 440 τῶν
1554 415 1738 448 ἁγιασμὰτων
1763 423 1838 448 μετα-

1057 461 1218 495 λαμϐάνειν,
1233 460 1367 495 ζητοῦμεν
1379 460 1409 486 τὸ
1421 461 1545 494 ποιητέον
1560 460 1668 494 μαθεῖν.

1099 506 1199 532 Ἀπόκ.
1215 505 1275 530 Τῶν
1288 505 1494 539 ἀγωνιζομένων
1510 505 1577 530 είσὶν
1597 505 1620 529 οἱ
1639 504 1782 537 στέφανοι,
1797 505 1838 529 καὶ

1057 552 1071 577 ό
1085 551 1184 586 Κύριος
1202 551 1248 576 καὶ
1257 551 1322 581 Θεὸς
1339 551 1414 584 ἡμῶν
1432 550 1534 582 Ἰησοῦς
1552 549 1682 583 Χριστός.
1709 549 1742 575 Εἴ
1755 549 1797 578 τίς
1809 558 1839 582 με

1057 596 1229 630 ὁμολογήσει,
1245 595 1336 629 φησὶν,
1355 595 1507 629 ἔμπροσθεν
1521 595 1573 620 τῶν
1589 594 1755 628 ἀνθρώπων,
1769 594 1839 626 κάγὼ

1057 641 1215 676 ὁμολογήσω
1226 640 1306 666 αὑτὸν
1334 640 1486 674 ἔμπροσθεν
1505 639 1550 665 τοῦ
1565 640 1671 674 Πατρός
1691 648 1742 673 μου
1757 638 1804 665 τοῦ
1814 639 1839 664 ὲν

1057 687 1191 720 οὐρανοῖς.
1212 686 1378 720 Ἀκάθαρτον
1406 685 1471 717 γοῦν
1495 686 1603 718 ἀγγεῖον
1619 684 1687 719 πρὸς
1708 685 1839 718 ὑποδοχὴν

1060 731 1144 766 μύρου
1162 730 1218 761 πῶς
1234 731 1481 765 παραφρονούντως
1500 730 1682 764 δεχθήσεται;
1707 730 1752 756 Διδ
1776 739 1840 763 παρ-

1057 777 1169 811 ηγορίας
1197 776 1245 811 μὲν
1267 775 1450 810 ἑπισκοπικῆς
1478 776 1524 801 καὶ
1548 775 1631 809 ἄλλης
1651 775 1838 810 πνευματικῆς

1058 821 1175 855 ὁμιλίας,
1202 821 1215 846 ὁ
1240 820 1311 846 οὕτω
1341 821 1487 855 μετανοῶν.
1515 821 1562 846 καὶ
1586 820 1635 854 τὴν
1655 820 1743 854 καλὴν
1760 821 1838 846 θέλων

1057 866 1234 900 ἀλλοιωθῆναι
1251 865 1401 897 ἀλλοίωσιν,
1419 865 1598 899 ἀξιωθήσεται
1610 873 1617 880 ·
1643 865 1699 890 τῶν
1713 865 1740 891 δὲ
1756 865 1838 898 ἁγίων

1059 911 1216 946 μυστηρίων
1240 911 1289 937 οὐκ
1308 911 1499 944 ἀξιωθήσεται.
1511 911 1648 945 Πρότερον
1666 910 1722 945 γὰρ
1740 911 1839 945 ὀφείλει

1056 957 1105 990 τῆς
1125 957 1250 988 ἀσεὸείας
1267 957 1314 992 τὴν
1331 956 1481 991 βεϐήλωσιν
1491 956 1684 990 ἀπονίψασθαι,
1698 957 1746 982 καὶ
1755 956 1840 986 οὕτως

1055 1001 1202 1037 δεχθῆναι·
1225 1001 1271 1027 καὶ
1300 1002 1368 1035 μετὰ
1385 1001 1430 1026 τὸν
1457 1000 1650 1035 νενομισμένον
1680 1001 1779 1035 καιρὶν
1797 1001 1839 1026 καὶ

1055 1047 1104 1082 τῆς
1119 1047 1201 1080 ἁγίας
1221 1045 1395 1081 μεταλήψεως
1410 1046 1552 1080 γενήσεται
1568 1045 1691 1079 μέτοχος.

1097 1093 1192 1126 Έρώτ.
1210 1092 1259 1119 νϐ’.
1276 1085 1369 1126 Πλήθη
1394 1090 1528 1125 χωριτικὰ
1552 1090 1597 1116 τδν
1622 1090 1756 1117 δοκοῦντα
1778 1089 1838 1116 τοῦ-

1055 1147 1111 1169 τοις
1124 1138 1198 1169 ἄξιον
1216 1135 1284 1164 εἶναι
1303 1137 1371 1172 πρὸς
1392 1136 1499 1170 ἀξίωμα
1524 1137 1704 1162 ὲπισκοπικδν
1726 1137 1742 1171 ἦ
1769 1138 1839 1171 ἱερα-

1056 1185 1129 1210 τικὸν
1145 1183 1298 1218 παριστῶσί
1313 1191 1358 1217 μοι
1371 1190 1378 1197 '
1395 1182 1440 1209 καὶ
1455 1182 1566 1217 ζητοῦσι
1591 1181 1664 1208 κατὰ
1677 1182 1707 1208 re
1723 1183 1839 1216 ἀπαραί-

1055 1238 1135 1265 τητον
1147 1228 1364 1264 ὲπικηρυχθῆναι
1377 1228 1425 1254 καὶ
1453 1227 1676 1262 χειροτονηθῆναι
1697 1229 1839 1262 ἀρχιερέα.

1055 1276 1071 1310 ἥ
1087 1275 1218 1302 διάκονον.
1240 1273 1317 1308 Ζητῶ
1330 1274 1417 1300 τοίνυν
1436 1272 1531 1308 μαθεῖν
1557 1273 1582 1298 εἰ
1596 1274 1657 1304 ταῖς
1674 1276 1779 1306 φωναῖς
1791 1274 1841 1300 τῶν

1054 1322 1139 1356 ὄχλων
1147 1319 1361 1354 ἀναγκαζόμεθα
1376 1318 1596 1345 κατακολουθεῖν.

1095 1368 1155 1393 Ἀπ.
1167 1366 1258 1392 Πάλαι
1270 1365 1334 1391 ποτὲ
1347 1365 1373 1391 αἱ
1387 1364 1548 1399 χειροτονίαι
1558 1363 1613 1389 τῶν
1627 1364 1792 1390 ἐπισκόπων
1799 1365 1842 1390 καὶ

1053 1412 1109 1438 τῶν
1127 1411 1227 1438 λοιπῶν
1254 1411 1409 1446 ἱερωμένων
1427 1410 1460 1435 δι’
1486 1409 1616 1443 ἑπιλογῆς
1631 1409 1680 1435 τοῦ
1699 1410 1782 1444 ὄχλου
1798 1410 1841 1436 καὶ

1054 1458 1108 1484 τῶν
1124 1456 1413 1492 παραδυναστευόντων
1426 1455 1543 1489 ἐγίνοντο
1555 1463 1560 1470 -
1576 1456 1590 1480 ὁ
1599 1454 1628 1480 δὲ
1639 1458 1674 1488 ιγ’
1688 1455 1783 1481 κανὼν
1797 1456 1843 1488 τῆς

1016 1512 1038 1540 c
1055 1504 1083 1530 ἐν
1101 1501 1245 1537 Λαοδικείᾳ
1261 1501 1381 1532 συνόδου,
1398 1501 1444 1526 καὶ
1459 1500 1473 1525 ό
1487 1499 1510 1532 γ’
1523 1499 1613 1526 κανὼν
1630 1500 1682 1534 τῆς
1696 1500 1785 1533 ἁγίας
1798 1500 1844 1525 καὶ

1053 1547 1243 1582 οίκουμενικῆς
1270 1545 1293 1577 ζ’
1310 1546 1417 1572 συνόδου
1429 1566 1436 1577 ,
1457 1545 1504 1575 τὰς
1524 1545 1652 1576 τοιαύτας
1671 1546 1843 1579 χειροτονίας

1055 1592 1108 1618 ἀπὺ
1125 1593 1174 1627 τῆς
1189 1591 1420 1626 ὲκκλησιαστικῆς
1437 1590 1611 1622 ἁπεξένωσαν
1630 1590 1844 1620 καταστάσεως.

1061 1638 1088 1664 ’0
1110 1638 1158 1673 μὲν
1169 1637 1223 1673 γάρ
1237 1645 1303 1671 φησι
1317 1636 1382 1671 περὶ
1396 1634 1442 1662 τοῦ
1455 1635 1491 1670 μὴ
1506 1635 1594 1669 ὗχλοις
1617 1635 1783 1668 ἐπιτρέπειν
1799 1635 1846 1665 τὰς

1053 1683 1168 1716 ἐκλογὰς
1191 1682 1326 1709 ποιεῖσθαι
1344 1680 1398 1707 τῶν
1420 1680 1571 1715 μελλόντων
1595 1679 1785 1706 καθίστασθαι
1808 1681 1846 1710 si;

1055 1729 1202 1763 ίερατεῐον”
1222 1727 1236 1752 ὁ
1253 1727 1282 1753 δὲ
1304 1725 1389 1752 ταῦτα
1403 1725 1524 1757 διέξεισι,
1541 1725 1636 1750 ﬂiam
1661 1724 1756 1758 ψῆφον
1773 1733 1845 1758 γινο-

1056 1774 1140 1809 μένην
1154 1772 1229 1808 παρὰ
1243 1772 1297 1799 τῶν
1308 1771 1455 1807 ἀρχόντων,
1470 1771 1633 1803 ἐπισκόπου,
1652 1770 1670 1805 ἢ
1688 1771 1846 1805 πρεσευτέρ

1055 1826 1112 1852 pou,
1128 1817 1143 1852 ἢ
1156 1817 1293 1848 διακόνου,
1309 1816 1409 1850 ἄκυρον
1424 1815 1523 1849 μένειν,
1539 1815 1609 1841 κατὰ
1624 1814 1671 1840 τὸν
1682 1816 1791 1841 κανόνα
1803 1815 1845 1840 τὶν

1053 1863 1175 1897 λέγοντα.
1193 1862 1227 1889 Εἴ
1237 1870 1278 1893 τις
1290 1861 1437 1892 ἐπίσκοπος
1449 1860 1589 1895 κοσμικοῖς
1605 1859 1723 1894 ἄρχουσι
1739 1860 1845 1895 χρηεὰ-

1055 1916 1144 1942 μενος,
1159 1907 1193 1934 δι’
1205 1907 1294 1934 αὐτῶν
1301 1906 1435 1941 ἐγκρατὴς
1448 1905 1595 1940 ἐκκλησίας
1605 1905 1735 1940 γένηται,
1745 1906 1842 1932 καθαι-

1056 1952 1154 1988 ρείσθω
1177 1952 1224 1978 καὶ
1251 1951 1432 1987 ἀφοριζέσθω,
1452 1951 1499 1977 καὶ
1512 1952 1537 1977 οἱ
1559 1950 1761 1982 κοινωνοῦντες
1771 1950 1846 1985 αὑτῷ

1055 1998 1167 2028 πάντες,
1180 1998 1225 2024 Δεῖ
1233 1997 1288 2032 γὰρ
1301 1997 1345 2023 τὸν
1358 1996 1490 2031 μέλλοντα
1501 1996 1722 2030 προὸισάξεσθαι
1737 1997 1777 2028 είς
1789 1998 1847 2022 ἔπι-

1054 2043 1169 2078 σκοπὴν,
1197 2043 1249 2069 ὑπὸ
1271 2041 1427 2069 ἐπισκόπων
1453 2041 1635 2076 ψηφίζεσθαι·
1673 2042 1769 2073 καθὼς
1799 2045 1845 2068 καὶ

1055 2088 1130 2123 παρὰ
1147 2087 1204 2118 τῶν
1215 2086 1300 2121 ἁγίων
1332 2087 1460 2122 Πατέρων
1479 2086 1533 2112 τῶν
1552 2086 1580 2112 ὲν
1592 2086 1699 2121 Νικαίᾳ
1715 2087 1843 2121 ὥρισται,

1054 2133 1130 2168 ὲντῷ
1148 2133 1240 2159 κανόνι
1256 2132 1294 2166 τῷ
1306 2132 1423 2165 λέγοντι.
1450 2132 1617 2158 Ἐπίσκοπον
1639 2133 1778 2167 προσήκει
1791 2131 1845 2166 μό-

224 2176 331 2210 quidem
348 2177 381 2204 ab
393 2177 529 2210 omnibus,
547 2178 594 2212 qui
607 2182 671 2204 sunt
687 2178 714 2205 in
732 2179 880 2212 provincia,
895 2179 1000 2207 consti-

1065 2187 1133 2206 .ιστα
1144 2179 1193 2213 μὲν
1207 2178 1258 2204 ὑπὸ
1274 2178 1382 2204 πάντων
1398 2176 1452 2203 τῶν
1467 2178 1495 2203 ἐν
1519 2178 1551 2211 τῇ
1572 2177 1696 2212 ἐπαρχία
1712 2177 1844 2204 καθίστα-

226 2223 283 2248 tui:
306 2222 329 2249 si
360 2227 452 2249 autem
481 2223 531 2249 hoc
567 2223 674 2250 diﬁicile
701 2223 793 2255 fuerit,
823 2224 865 2251 vel
893 2229 1003 2259 propter

226 2271 369 2300 urgentem
382 2268 594 2300 necessitatem,
624 2267 664 2294 vel
681 2273 791 2302 propter
815 2268 865 2295 vite
882 2268 1001 2303 longitu-

224 2312 326 2343 dinem,
341 2317 395 2340 tres
407 2313 518 2340 omnino
526 2312 619 2340 eodem
632 2313 836 2345 convenientes,
847 2313 880 2340 iis
894 2321 1003 2349 quoque

224 2357 270 2391 qui
287 2357 397 2388 absunt,
413 2358 492 2384 simul
506 2359 665 2394 suﬁragium
684 2358 843 2390 ferentibus,
862 2363 890 2386 et
908 2366 1002 2386 assen-

222 2401 354 2430 tientibus
381 2410 429 2437 per
462 2403 583 2436 litteras,
605 2409 668 2430 tunc
702 2403 793 2430 facere
828 2404 1001 2432 electionem.

223 2447 323 2475 Eorum
345 2454 445 2481 autem,
477 2457 536 2483 quae
563 2457 576 2475 a
608 2457 636 2477 se
666 2450 743 2481 ﬁunt,
768 2448 1001 2478 conﬁrmationem

223 2495 289 2522 dare
313 2495 459 2529 unicuique
485 2495 702 2529 metropolitano.

260 2539 357 2567 Interr.
374 2541 418 2568 60.
434 2541 524 2568 Liberi
536 2549 568 2568 cx
584 2542 713 2569 secundis
736 2542 837 2576 nuptiis
854 2544 1000 2577 procreati,

222 2592 248 2614 et
266 2587 312 2622 qui
328 2595 359 2614 ex
376 2588 493 2618 ancillis,
513 2596 544 2615 ac
561 2587 738 2619 concubinis,
757 2588 910 2616 sacerdotio
925 2589 1000 2624 digni

223 2632 427 2667 iudicabuntur,
445 2633 555 2660 annon?

258 2679 333 2714 Resp.
345 2680 532 2707 Secundarum
549 2679 705 2713 nuptiarum
723 2679 799 2706 liberi
811 2681 882 2706 nulla
895 2681 1000 2708 ratione

1057 2225 1137 2251 σθαι·
1153 2225 1177 2250 εί
1188 2224 1216 2250 δὲ
1227 2223 1356 2257 δυσχερὲς
1371 2224 1412 2258 εῐη
1425 2222 1515 2252 τοῦτο,
1530 2220 1602 2257 asta
1620 2225 1845 2256 κατεπείγουσαν

1056 2271 1188 2305 ἀνάγκην,
1203 2269 1219 2304 ἢ
1234 2269 1278 2295 διὰ
1294 2269 1381 2303 μῆκος
1396 2268 1467 2300 ὁδοῦ,
1484 2267 1513 2300 ἐξ
1526 2267 1647 2298 ἅπαντος
1665 2269 1743 2302 τρεῖς
1758 2267 1806 2294 ἐπὶ
1816 2267 1845 2292 τὺ

1056 2316 1122 2343 αὐτὸ
1136 2315 1345 2349 συναγομένους,
1373 2313 1525 2348 συμψήφων
1552 2313 1708 2346 γινομένων
1730 2313 1844 2339 καὶτῶν

1056 2361 1189 2394 ἁπάντων,
1216 2359 1263 2386 καὶ
1288 2359 1486 2393 συντιθεμένων
1511 2357 1554 2384 διὰ
1574 2358 1763 2392 γραμμάτων,
1782 2357 1843 2383 τότε

1056 2406 1104 2442 τὴν
1120 2405 1285 2441 χειροτονίαν
1308 2403 1454 2430 ποιεῖσθαι.
1473 2402 1509 2429 Τὸ
1523 2402 1551 2429 δὲ
1565 2401 1650 2436 κῦρος
1665 2402 1721 2428 τῶν
1736 2402 1843 2436 γινομέ-

1057 2460 1108 2478 νων
1128 2450 1245 2477 δίδοσθαι
1274 2449 1336 2476 καθ¹
1349 2448 1467 2483 ἑκάστην
1491 2447 1627 2482 ἐπαρχίαν
1643 2447 1684 2482 τῷ
1702 2455 1841 2482 μητροπο-

1056 2497 1128 2523 λίτη.

1099 2505 1196 2575 ζρώτ.
1221 2539 1252 2573 ξ’.
1271 2541 1303 2567 Oi
1324 2539 1371 2565 τοῦ
1397 2538 1523 2572 δευτέρου
1539 2537 1629 2571 γάμου
1654 2536 1763 2567 παῖδες,
1792 2538 1841 2562 καὶ

1057 2589 1082 2614 οἱ
1098 2587 1150 2613 ἀπὸ
1163 2586 1288 2612 δουλίδων
1317 2585 1363 2612 καὶ
1389 2583 1533 2611 παλλακῶν
1553 2581 1707 2617 τεχθέν-τες,
1724 2582 1843 2616 ἀξιωθή-

1060 2642 1150 2659 σονται
1165 2632 1325 2668 ἱερωσύνης,
1344 2631 1360 2666 ἢ
1374 2630 1422 2663 οὓς

1090 2681 1118 2706 ‘A
1124 2679 1193 2705 πόκ.
1208 2679 1239 2705 οι
1249 2677 1295 2704 τοῦ
1305 2676 1430 2711 δευτέρου
1440 2675 1528 2710 γάμου
1541 2675 1635 2706 παῖδες
1643 2673 1674 2706 ἐξ
1682 2672 1788 2704 οὐδενὸς
1800 2672 1844 2698 λό-

855 2766 967 2794 νΑῐῖΙᾹῖ
987 2765 1183 2794 LECTIONES.

262 2812 275 2832 1³
288 2821 319 2838 mi
343 2822 412 2840 votes
432 2820 567 2846 populares
591 2813 662 2845 sequi
680 2819 811 2845 cogamur.
