1894 3072
68 169 131 201 1009

472 170 661 200 llllSl‘UNSl
685 170 735 199 AD
753 168 1115 199 lN'i‘EI’tROGATIONES
1132 169 1261 199 MARCL

1584 169 1606 200 li
1619 169 1650 199 10

67 244 112 269 γου
130 233 276 261 κωλύονται
302 234 433 268 ίερᾶοθαι.
453 233 481 258 '0
505 233 558 267 γὰρ
571 232 616 258 ἐπὶ
631 232 676 258 τοῦ
697 232 835 266 Πορφυρο-

891 237 1010 259 vetantur
1029 234 1115 259 sacris
1131 233 1272 259 ordinibus
1284 231 1396 258 initiari.
1423 231 1555 266 Synodica
1578 230 1650 257 enim

67 279 191 313 γεννήτου
214 278 261 304 καὶ
280 277 409 312 βασιλέως
441 277 534 310 κυρίου
562 276 762 302 Κωνσταντίνου
789 283 835 309 γε-

67 323 148 356 γονὼς
167 323 246 356 τόμος
259 321 393 352 συνοδικὸς
405 321 442 355 τῷ
456 320 553 355 πρώτῳ
563 321 643 355 γάμῳ
654 321 698 347 τὸν
712 321 835 355 δεύτερον

67 369 110 394 ἐπὶ
136 368 219 393 πᾶσιν
240 367 360 399 ἐξίσωσε.
373 366 418 391 Διὸ
436 366 483 392 καὶ
497 366 650 397 ὑπεξούσιοι
675 366 834 401 κληρονόμοι

66 413 110 438 τοῦ
121 412 222 446 πατρός
233 413 312 438 εἰσιν.
330 411 408 437 Ἀλλὰ
421 412 466 437 καὶ
483 412 506 437 οι
524 412 577 438 ἀπὸ
587 411 710 437 δουλὶδων
729 411 836 445 τεχθένο

66 465 118 487 τες,
139 457 186 482 καὶ
201 456 354 489 ἐλευθερίας
369 455 538 486 ἀξιωθέντες,
554 455 682 486 ὡσαύτως
694 455 740 481 καὶ
763 456 788 481 ol
805 456 837 481 ἐκ

67 501 209 528 παλλακῶν
224 501 408 535 γεννηθέντες,
424 501 453 526 οὐ
471 499 667 534 κωλυθήσονται
679 500 834 533 ἱερωθῆναι.

66 546 156 580 Αίγὰρ
166 547 281 581 μητέρες
293 546 382 571 αὐτῶν
390 546 535 580 ἐπιτιμίοις
543 546 723 580 πορνευόντων
735 546 835 572 ὑπέπε-

67 600 118 621 σον,
131 591 208 617 αὐτοὶ
223 591 250 616 δὲ
264 591 339 616 οὐδὲν
352 591 484 624 ἥμαρτον,
498 590 544 616 καὶ
554 590 597 616 διὰ
614 590 693 616 τοῦτο
707 590 766 615 οὐδὲ
778 590 837 615 ἑπι-

65 634 160 668 τιμίοις
174 634 339 660 ὑπόκεινται.
355 635 431 660 Κατὰ
449 633 511 666 γοῦν
524 634 586 664 τοὺς
599 633 709 664 λοιποὺς
732 632 836 668 ἀνθρώ-

67 687 129 709 πους
143 680 205 709 τοὺς
219 679 301 713 μηδὲν
319 678 521 713 ἡμαρτηκότας,
537 679 583 704 καὶ
599 679 675 704 αὐτοὶ
700 678 780 712 τιμῆς
796 678 834 703 ἱε-

68 723 176 756 ρατικῆς
188 723 258 748 κατὰ
273 724 385 753 κανόνας
402 722 609 757 ἁξιωθήσονται.

107 777 207 810 Ἕρώτ.
253 777 302 810 Ea’.
348 778 533 811 Ἀναγνώστης
573 777 648 814 παρὰ
684 778 834 813 ἡγουμένου

67 823 224 857 ἐπιτραπεὶς
252 823 353 849 διέπειν
379 824 505 856 κτήματα
530 824 745 858 μοναστηριακὰ,
764 823 835 849 θέλει

67 867 252 901 προκαθῆσθαι
277 868 329 893 τῶν
352 864 439 893 ἐκεῖσε
458 868 541 894 όντων
560 868 663 903 ἱερέων,
676 869 722 895 καὶ
735 868 834 894 λοιπῶν

67 912 210 946 κὶηρικών,
228 913 273 938 καὶ
299 913 328 938 ὲν
350 914 410 943 ταῖς
435 913 518 947 ἱεραῖς
546 914 696 946 ἁγιστείαις
712 914 779 948 μετὰ
790 914 835 940 τὸν

67 956 213 990 ἡγούμενον
225 957 451 991 μνημονεύεσθαι.
475 957 582 992 Ἐρωτῶ
595 958 684 986 τοίνυν
702 958 797 993 μαθεῖν
811 959 836 985 εί

67 1002 150 1033 καλῶς
166 1002 232 1036 περὶ
246 1002 339 1028 τούτου
355 1003 508 1036 φιλονεικεῖ.

104 1058 206 1085 ’Δπόκ.
220 1057 302 1090 Τάξις
318 1059 425 1092 συνέχει
436 1059 470 1085 τὰ
488 1060 600 1094 οὐράνια
611 1060 657 1086 καὶ
669 1060 703 1086 τὰ
719 1060 835 1094 ἐπίγεια.

66 1103 106 1127 Διὸ
123 1104 168 1128 καὶ
182 1103 197 1128 ὁ
213 1104 312 1138 Κύριος
340 1104 418 1138 ἡμῶν
441 1104 543 1138 Ἰησοῦς
555 1105 684 1139 Χριστὸς,
695 1105 744 1139 τῆς
759 1114 837 1131 κενο-

65 1147 150 1178 δοξῑας
165 1148 336 1174 ἀναστέλλων
363 1149 411 1182 τὴν
432 1149 610 1184 ματαιότητα,
625 1150 711 1177 Ὅταν
736 1150 838 1186 κληθῇς

66 1194 102 1222 εἰς
117 1193 206 1226 γάμον
227 1193 278 1218 ὑπό
300 1201 383 1224 τινος,
399 1194 509 1226 ἔφησεν,
527 1195 566 1224 εἰς
579 1195 776 1231 πρωτοκλισίας
790 1196 838 1222 τά-

67 1246 151 1272 πητας
165 1238 203 1273 μὴ
218 1239 374 1273 ἀνακλιθῇς,
389 1238 446 1265 ἀλλ’
461 1239 501 1270 εἰς
516 1239 627 1274 ἔσχατον
638 1239 719 1266 τόπον
735 1240 836 1266 ἀνάπε-

67 1291 108 1308 σον
123 1291 131 1298 ·
147 1284 193 1309 ἴνα
208 1284 326 1319 ἀκούσῃς
350 1285 424 1319 παρὰ
448 1285 494 1310 τοῦ
515 1285 678 1319 κεκληκότος
694 1293 723 1311 σε
741 1293 749 1302 ο
765 1285 837 1317 Φίλε,

67 1328 262 1363 προσανάϐηθι.
294 1329 347 1355 Καὶ
363 1328 448 1360 οὕτως
472 1328 548 1355 ἔσται
580 1337 620 1355 σοι
647 1328 711 1360 δόξα
742 1328 836 1362 πολλή.

72 1372 99 1398 '0
114 1373 179 1405 γοῦν
195 1372 283 1406 ζητῶν
309 1373 486 1407 ἀναγνώστης
503 1373 555 1408 πρὸ
570 1373 622 1399 τῶν
648 1374 741 1407 ἱερέων
770 1372 838 1399 καθ-

66 1417 154 1451 ῆσθαι,
167 1418 214 1443 καὶ
233 1418 302 1452 μετὰ
320 1418 365 1443 τὸν
379 1418 530 1452 ἡγούμενον
548 1417 769 1452 μνημονεύεσθαι,
782 1418 838 1447 τοις

68 1463 213 1496 Κυριακοῖς
229 1463 426 1497 ὲναντιοφρονεῖ
434 1462 671 1497 παραγγέλμασιν.
684 1463 715 1488 Εἰ
729 1462 756 1488 δὲ
768 1462 838 1488 κατὰ

67 1505 112 1540 τὴν
125 1506 252 1540 διήγησίν
267 1515 312 1532 σου
326 1507 339 1532 ὁ
355 1507 531 1540 ἁναγνώστης
541 1507 580 1537 είς
595 1506 687 1541 χώραν
699 1506 836 1540 ἐπιδημεῖ,

69 1550 271 1584 καθηγουμένου
282 1551 362 1576 τόπον
379 1551 552 1585 ἀναπληρῶν,
572 1551 720 1582 ἀκινδύνως
738 1551 837 1586 μᾶλλον
851 1541 874 1570 c

67 1595 93 1620 δὲ
108 1595 191 1626 ἀξίως
208 1595 355 1628 φιλονεικεῖ
372 1596 425 1630 πρὸ
458 1596 511 1622 τῶν
525 1596 617 1631 ἱερέων
634 1595 778 1630 καθῆσθαι,
792 1597 840 1623 καὶ

69 1639 294 1672 μνημονεύεσθαι,
307 1640 345 1671 ὠς
355 1640 437 1666 τόπον
457 1641 563 1674 ἐπέχων
583 1641 629 1666 τοῦ
643 1641 838 1675 ἐπιτρέψαντος

67 1683 137 1717 αὐτῷ
160 1683 191 1710 τὸ
215 1683 406 1718 λειτούργημα.
431 1684 486 1710 Καὶ
503 1685 667 1720 παρίσταται
693 1685 772 1711 τοῦτο
786 1685 840 1711 ἀπὸ

67 1728 110 1753 τοῦ
123 1727 144 1760 ζ’
166 1729 276 1759 κανόνος
293 1728 341 1762 τῆς
365 1729 395 1755 ὲν
418 1728 543 1763 Τρούλλῳ
563 1728 610 1754 τοῦ
627 1729 743 1764 μεγάλου
755 1729 841 1755 παλα-

67 1772 121 1798 τίου
134 1773 272 1806 συστάσης
297 1773 377 1806 ἁγίας
398 1774 444 1799 καὶ
466 1773 657 1807 οίκουμενικῆς
681 1772 707 1804 ς’
731 1773 840 1800 συνόδου

67 1817 94 1841 ὲν
121 1818 199 1851 μέρει
220 1817 304 1843 ταῦτα
334 1817 487 1850 διεξιόντος.
513 1818 722 1853 Μεμαθήκαμεν
737 1819 764 1845 ἐν
785 1827 840 1845 τισι

66 1862 117 1888 τῶν
133 1862 299 1896 Ἐκκλησιῶν
315 1863 450 1894 διακόνους
469 1865 543 1894 τινὰς
555 1864 684 1898 αὐθαδείᾳ
699 1864 745 1890 καὶ
761 1864 841 1890 αὑτο-

67 1906 144 1941 νομίᾳ
170 1908 364 1942 κεχρημένους,
379 1908 481 1942 τολμᾷν
497 1909 550 1943 πρὸ
569 1908 623 1935 τῶν
642 1908 837 1944 πρεσϐυτέρων

66 1951 237 1983 καθέζεσθαι,
275 1970 283 1977 .
322 1973 329 1980 .
368 1972 375 1980 .
415 1971 422 1978 .
461 1960 468 1968 ο

66 1996 144 2027 ἐκτὸς
159 1997 185 2022 εί
212 1997 249 2032 μὴ
266 1998 296 2023 τὸ
311 1997 454 2032 πρόσωπον
475 1999 580 2032 ἐπέχων
595 1997 642 2025 τοῦ
667 1997 768 2023 οἰκείου
787 2005 842 2023 πα·

65 2041 205 2076 τριάρχου,
225 2043 242 2077 ἧ
259 2043 465 2077 μητροπολίτου,
481 2044 509 2069 ἐν
532 2044 613 2078 ἑτέρᾳ
630 2043 705 2069 πόλει
719 2043 839 2078 παραγί-

66 2094 154 2120 νηται,
181 2087 228 2113 ἐπί
240 2095 293 2113 τινι
306 2088 453 2122 κεφαλαίῳ.
464 2088 530 2114 Τότε
547 2089 611 2123 γὰρ,
626 2087 664 2119 ὡς
677 2088 722 2114 τὸν
736 2089 840 2115 ἐκείνου

64 2131 143 2157 τόπον
156 2131 329 2167 ἀναπληρῶν,
345 2133 535 2167 τιμηθήσεται.

105 2229 206 2264 Ἐρώτ.
233 2229 282 2264 ξβ’.
314 2230 522 2267 Ἀγροικώτερος
557 2233 644 2266 ἱερεὺς
677 2233 723 2259 ἐὰν
749 2216 878 2266 τρίτουῙ)

67 2275 154 2308 γάμου
185 2275 333 2310 ίερολογίαν
367 2278 483 2312 ποιήσῃ,
513 2278 562 2312 τὴν
595 2279 772 2312 τριτογαμῐαν
801 2278 840 2303 εί-

66 2319 127 2350 δὼς,
149 2320 303 2356 κολασθείη,
326 2320 343 2355 ἢ
366 2321 403 2352 ὼς
419 2322 548 2357 χωρίτης,
573 2321 735 2357 συγγνώμης
758 2322 840 2355 ἀξιω-

67 2364 177 2398 θήσεται
193 2373 200 2397 ;

105 2420 207 2447 Ἀπόκ.
234 2419 264 2447 '0
288 2420 336 2455 μὲν
362 2421 464 2455 φάκτον
486 2422 637 2456 ἀγνοήσας,
659 2419 714 2453 οἷος
736 2422 769 2448 ἂν
792 2422 839 2449 καὶ

66 2465 150 2497 ἔστιν,
170 2465 291 2498 ἀξιοῦται
313 2467 382 2493 κατὰ
408 2466 505 2502 νόμους
527 2467 704 2502 συγγνώμης·
722 2469 735 2493 ὁ
753 2467 781 2494 δὲ
795 2468 841 2494 νό-

67 2519 117 2544 μον
145 2511 297 2545 ἀγνοήσας,
313 2512 343 2537 οΰ
359 2512 581 2546 συγγινώσκεται.
601 2514 676 2539 Ἐπεὶ
686 2513 712 2539 δὲ
733 2513 840 2547 ἁπὸτῆς

66 2556 174 2590 Νεαρᾶς
184 2556 342 2590 νομοθεσίας
364 2557 410 2583 τοῦ
440 2558 561 2592 ἀοιδίμου
590 2559 718 2593 βασιλέως
745 2559 838 2593 κυρίου

66 2601 269 2627 Κωνσταντίνου
285 2601 331 2627 τοῦ
357 2602 613 2638 Πορφυρογεννήτου
635 2603 649 2628 ὁ
673 2603 762 2638 τρίτος
786 2603 837 2637 γά-

67 2654 114 2678 μος
130 2645 167 2679 πῆ
187 2646 236 2679 μὲν
249 2647 432 2680 ωγγνωστὲος
456 2647 524 2679 ἐστὶ,
549 2648 587 2681 rei;
603 2647 631 2674 δὲ
651 2648 838 2682 ἀσύγγνωστος

64 2692 99 2725 (ut
118 2692 172 2726 γὰρ
189 2691 296 2726 ἔχοντες
309 2693 404 2725 παῖδας
416 2693 448 2720 ὲκ
461 2694 568 2729 πρώτου
595 2694 610 2729 ἢ
636 2695 761 2728 δευτέρου
783 2695 839 2728 γά-

885 277 1005 310 decisio,
1025 277 1095 304 facta
1113 281 1230 311 tempore
1256 277 1426 312 imperatoris
1455 277 1554 303 domini
1581 276 1652 303 Con-

886 323 997 351 stantini
1014 323 1285 357 Porpltyrogennetze,
1299 322 1394 356 primis
1404 322 1504 356 nuptiis
1518 321 1652 348 secundas

888 369 914 395 in
931 368 1057 395 omnibus
1078 368 1238 402 exzequavit.
1274 367 1388 400 Ideoque
1416 371 1442 394 et
1465 367 1505 392 sui
1534 366 1655 392 lireredcs

886 417 950 440 sunt
966 415 1047 446 patri.
1067 413 1119 440 Sed
1133 417 1160 440 et
1174 413 1220 447 qui
1234 420 1267 439 ex
1287 412 1393 439 ancillis
1410 411 1477 441 nati,
1509 415 1535 437 et
1561 411 1652 437 donati

885 458 1019 490 libertate,
1036 458 1147 492 parique
1163 457 1253 488 modo,
1267 456 1314 491 qui
1330 464 1363 483 ex
1377 455 1535 483 concubinis
1558 455 1652 489 geniti,

885 510 939 528 non
964 506 1088 528 velamur
1102 501 1216 528 sacrari.
1233 501 1330 528 Matres
1355 500 1427 527 enim
1448 507 1541 526 eorum
1567 499 1653 533 poenis

886 548 1060 574 scortantiunt
1075 547 1250 573 succiderunt
1265 551 1288 577 ε,
1306 545 1356 579 ipsi
1375 547 1464 570 autem
1497 543 1564 569 nihil
1585 543 1654 569 deli-

886 599 1020 627 quorum:
1038 592 1214 626 quamobrem
1227 598 1277 617 nec
1302 589 1390 625 poenis
1408 588 1602 622 subjiciuntur.
1621 588 1657 615 Ut

887 638 984 672 reliqui
1003 638 1086 672 igitur
1101 636 1234 668 homines,
1249 636 1295 670 qui
1310 635 1377 662 nihil
1395 638 1551 669 peccarunt,
1569 633 1657 660 hono-

888 691 943 711 rem
957 682 1150 710 sacerdotalem
1164 681 1313 708 secundum
1327 686 1446 706 canones
1456 682 1658 706 consenuentur

873 730 915 754 ἐι
928 726 989 761 ipsi.

921 781 1017 809 Interr.
1034 781 1077 808 6i.
1095 780 1191 808 Lector
1206 781 1339 814 potestate
1364 785 1379 805 a
1402 777 1493 812 priore
1507 777 1521 796 ἀ
1535 780 1656 810 accepta,

887 827 1094 855 administrandi
1124 826 1313 861 possessiones
1349 822 1571 852 monasteriales,
1600 821 1658 846 vult

851 887 871 914 Β
885 873 1036 907 praecedere
1053 871 1217 903 sacerdotes,
1232 874 1258 897 et
1275 869 1348 896 alios.
1356 868 1472 896 clericos
1505 867 1560 892 illic
1586 865 1657 892 exsi-

885 921 999 949 stentes,
1012 921 1039 944 et
1051 917 1078 943 in
1093 917 1194 944 sanctis
1208 914 1348 943 sacriﬁciis
1361 917 1421 948 post
1440 911 1594 947 praefectum
1611 917 1658 937 seu

886 964 1004 998 priorem
1019 970 1041 994 ε,
1057 961 1340 989 commemorationem
1360 959 1402 987 sui
1415 958 1483 985 ﬁeri.
1500 957 1597 989 Quaero
1622 963 1656 981 an

885 1012 958 1036 recte
970 1007 1003 1035 de
1015 1015 1048 1035 eo
1058 1007 1219 1034 contendat.

921 1063 996 1098 Resp.
1033 1063 1104 1090 Ordo
1137 1062 1258 1089 caelestia
1290 1064 1318 1088 et
1358 1059 1495 1087 terrestria
1526 1057 1657 1086 continet.

886 1108 1002 1142 Ideoque
1027 1106 1156 1133 Dominus
1184 1110 1278 1132 noster
1304 1098 1384 1132 Jcsu‘s
1409 1104 1535 1130 Christus
1569 1102 1658 1129 inanis

886 1152 977 1187 gloria:
991 1152 1134 1178 vanitatem
1161 1151 1319 1185 reprimens,
1336 1149 1402 1176 Cum
1417 1153 1529 1176 voratus
1559 1147 1655 1180 fueris,

887 1199 985 1232 inquit,
1009 1198 1042 1224 ad
1060 1197 1168 1231 nuptias
1198 1196 1232 1223 ab
1246 1196 1348 1229 aliquo.
1380 1203 1414 1222 ne
1439 1194 1598 1220 discumbas
1626 1194 1658 1218 ad

888 1242 968 1277 primi
987 1241 1128 1268 accubitus
1155 1244 1266 1274 tapetes,
1281 1240 1327 1266 sed
1353 1239 1481 1266 recumbe
1509 1238 1535 1264 in
1565 1237 1658 1263 ultimo

888 1289 964 1314 loco:
991 1292 1019 1313 ut
1040 1286 1134 1312 audias
1153 1286 1186 1312 ab
1212 1293 1244 1312 eo
1259 1285 1304 1318 qui
1334 1288 1360 1311 te
1390 1283 1538 1310 invitavit:
1555 1282 1658 1310 Amico.

888 1331 1001 1359 ascende
1017 1330 1152 1364 superius.
1174 1330 1206 1356 Et
1235 1330 1268 1356 ita
1300 1329 1351 1356 erit
1379 1329 1426 1356 tibi
1450 1328 1535 1362 gloria
1564 1327 1658 1352 multa.

888 1376 986 1403 Lector
1015 1376 1096 1410 igitur
1122 1376 1216 1402 volens
1245 1378 1307 1401 ante
1330 1373 1487 1401 sacerdotes
1511 1372 1616 1403 sedere,
1633 1376 1660 1397 et

888 1426 949 1455 post
963 1421 1119 1455 praefectum
1136 1420 1145 1439 ί
1164 1419 1383 1450 commemorari,
1399 1418 1546 1445 Dominicis
1563 1417 1658 1443 adver-

889 1470 964 1493 satur
977 1465 1128 1500 prazceptis.
1144 1464 1221 1497 Quod
1235 1464 1270 1496 si,
1295 1462 1523 1497 quemadmodum
1551 1468 1657 1489 narras.

890 1511 972 1538 lector
988 1510 1014 1537 in
1041 1510 1149 1544 regione
1175 1509 1374 1543 peregrinatur,
1402 1507 1523 1542 praefecti
1542 1507 1630 1534 locum
1647 1507 1658 1525 ⁸

889 1556 1004 1590 implens
1016 1575 1023 1586 ,
1038 1555 1095 1582 sine
1111 1554 1241 1588 periculo,
1258 1553 1298 1580 vel
1309 1553 1400 1588 potius
1417 1553 1523 1584 merito,
1548 1556 1659 1578 conten-

889 1602 929 1628 dit
942 1605 1004 1627 ante
1018 1601 1174 1627 sacerdotes
1186 1599 1281 1626 sedere
1294 1604 1321 1626 et
1335 1598 1557 1629 commemorari,
1578 1597 1658 1624 veluti

889 1647 977 1673 locum
1005 1642 1131 1673 obtinens
1159 1645 1229 1679 ejus,
1262 1645 1306 1679 qui
1331 1644 1469 1671 mandavit
1496 1643 1520 1670 ei
1550 1651 1659 1670 munus.

889 1691 971 1725 quue
985 1690 1138 1718 ostenditur
1149 1697 1164 1716 e
1179 1697 1282 1717 canone
1300 1691 1416 1724 septimo
1428 1695 1530 1716 sancta:
1545 1694 1572 1716 et
1587 1696 1661 1716 απυ-

888 1736 1001 1763 menicat
1018 1740 1100 1762 sextae
1115 1735 1401 1770 synodi,congregatac
1417 1735 1443 1761 in
1461 1733 1554 1761 Trnllo
1570 1735 1660 1767 magni

889 1781 991 1815 palatii,
1005 1779 1063 1807 haec
1089 1779 1115 1806 in
1130 1783 1207 1813 parte
1237 1779 1444 1813 perscquentis:
1465 1778 1493 1804 ln
1521 1777 1660 1805 nonnullis

890 1825 1019 1852 Ecclesiis
1046 1824 1174 1851 diacones
1205 1822 1292 1850 cilicia
1335 1823 1521 1850 ecclesiastica
1562 1822 1661 1848 habere

889 1870 1049 1897 didicimus:
1062 1874 1087 1896 et
1102 1877 1134 1896 ex
1151 1869 1201 1896 hoc
1215 1869 1359 1895 nonnullos
1375 1875 1480 1900 eorum,
1507 1867 1661 1900 arrogantia

889 1920 916 1943 et
932 1915 1039 1942 licentia
1053 1914 1148 1946 fretos,
1159 1917 1221 1942 ante
1239 1914 1412 1948 presbyteros
1432 1913 1525 1940 sedere
1539 1921 1546 1939 :
1562 1912 1658 1939 statui-

891 1967 962 1992 mus,
975 1964 1004 1986 ut
1020 1959 1163 1992 diaconus,
1177 1958 1283 1986 etiamsi
1313 1958 1340 1984 in
1353 1958 1494 1992 dignitate,
1509 1957 1537 1984 id
1561 1961 1614 1988 est,
1635 1956 1661 1982 in

891 2005 989 2038 quovis
1006 2005 1041 2031 sit
1060 2003 1147 2031 omcio
1164 2003 1360 2034 ecclesiastica,
1392 2007 1453 2029 ante
1475 2002 1660 2036 presbyterum

891 2056 924 2075 ne
941 2048 1048 2075 sedeat:
1068 2052 1260 2082 praeterquam,
1271 2048 1307 2074 sit
1322 2046 1422 2082 proprii
1434 2046 1604 2080 patriarchae,
1621 2047 1661 2071 vel

891 2094 1090 2128 metropolitani
1106 2095 1190 2120 vicem
1209 2100 1316 2127 gerens,
1340 2092 1410 2118 adsit
1426 2092 1453 2118 in
1477 2091 1529 2117 alia
1553 2091 1662 2117 civitate

893 2147 975 2172 super
989 2139 1080 2172 aliquo
1092 2138 1189 2171 capite.
1214 2137 1290 2164 Tunc
1322 2137 1406 2168 enitn,
1423 2140 1453 2163 ut
1481 2135 1568 2163 locum
1588 2134 1662 2161 illius

893 2183 1016 2217 impletis,
1032 2182 1219 2209 honorabitur.

928 2239 1026 2265 Interr.
1046 2239 1089 2265 6‘2.
1105 2238 1244 2272 Agrestior
1257 2237 1385 2265 sacerdos
1396 2237 1417 2264 si
1435 2237 1507 2263 tertii
1522 2235 1663 2262 matrimo-

893 2284 931 2311 nii
949 2291 1054 2310 sacram
1071 2282 1285 2310 benedictionem
1299 2282 1387 2308 sciens
1403 2281 1507 2313 fecerit,
1523 2281 1661 2315 punietur,

893 2335 938 2360 an,
951 2332 980 2355 ut
999 2327 1127 2359 rusticus,
1145 2326 1249 2353 veniam
1261 2326 1426 2353 merebitur?

924 2425 1002 2459 Resp.
1012 2424 1062 2458 Qui
1073 2424 1171 2452 factum
1183 2425 1284 2459 ignorat
1295 2424 1489 2459 qualiscunque
1498 2425 1544 2456 sit,
1559 2424 1662 2459 legibus

892 2475 1038 2498 excusatur
1054 2479 1060 2496 :
1078 2470 1123 2504 qui
1139 2474 1226 2496 autem
1241 2470 1325 2504 legem
1343 2470 1458 2504 ignorat,
1477 2470 1582 2496 veniam
1609 2477 1661 2495 non

893 2515 1081 2548 consequitur.
1102 2514 1234 2546 Quoniam
1247 2518 1336 2540 autem
1347 2514 1453 2541 Novella
1466 2513 1663 2540 constitutione

894 2559 987 2593 inclyti
1002 2558 1181 2592 imperatoris,
1196 2557 1294 2584 domini
1322 2557 1494 2585 Constantini
1511 2559 1663 2592 Porpher-

892 2608 1023 2638 gennetat,
1052 2604 1138 2630 tertize
1154 2603 1252 2637 nuptia-
1270 2604 1366 2637 partim
1394 2604 1542 2630 snntvenia
1564 2604 1661 2638 dignae.

892 2650 988 2684 partim
1011 2649 1121 2675 minime
1146 2653 1218 2683 (nam
1243 2650 1288 2683 qui
1316 2658 1346 2675 ex
1374 2651 1470 2684 primo.
1489 2650 1528 2675 vel
1544 2649 1662 2675 secundo

892 2695 1066 2722 matrimonio
1080 2695 1178 2721 habent
1192 2695 1301 2726 liberos,
1320 2701 1347 2722 ut
1364 2697 1409 2729 qui
1426 2696 1661 2730 quadragesimum

695 2775 809 2802 VARUE
827 2775 1027 2803 LECTIONES.

100 2832 110 2844 ο
136 2827 249 2854 obnoxia
261 2828 375 2861 fuerunt.
412 2830 424 2850 ἀ
441 2831 471 2857 ab
497 2831 598 2858 aI-Ivruc.

639 2839 649 2851 ε
666 2838 722 2864 post
738 2833 866 2859 abbatem.

910 2832 918 2851 Γ
938 2833 1064 2861 abbatem,
1105 2833 1228 2861 Sablwlis
1256 2835 1319 2861 rites
1342 2842 1440 2866 gerent.
