1894 3072
248 126 313 158 1οἱ5

864 131 915 162 ΤΠ
922 133 1002 165 EOD.
1023 134 1064 164 BA
1073 134 1136 165 LSA
1142 133 1219 164 MON
1227 134 1260 165 [S

1788 136 1847 169 il‘iC

252 186 387 213 umminnc
403 186 491 213 throni
516 187 812 223 Cnnstautinopotitani
835 191 916 223 facta,
932 191 1015 219 Roma

1073 193 1186 238 δέδωκεν
1202 195 1270 230 αὐτῇ
1285 195 1317 222 τὰ
1331 196 1460 230 πρεσὸεἷα
1472 199 1520 232 τῆς
1536 199 1653 232 παλαιᾶς
1669 201 1791 238 Ῥώμης,
1806 206 1843 231 6.1

249 233 347 258 veteris
372 231 408 258 illi
426 233 570 259 honoraria
586 233 646 268 jura
670 235 775 267 tribuit,
792 241 932 271 propterea
949 239 1021 272 quod

249 277 365 308 esset(ut
380 276 466 311 ipsius
479 277 569 304 verbis
595 279 666 313 utar)
679 279 762 306 Roma
777 287 847 308 nava
865 290 873 308 :
890 283 1021 317 quemadc

248 321 358 347 modnm
387 321 444 348 haec
471 322 590 349 secundo
615 328 642 350 et
672 324 752 351 tertio
773 326 868 360 synodi
900 325 1020 359 ejusdem

247 374 353 394 canone
379 366 565 394 declarantur.
595 367 629 394 Ut
657 374 746 396 autem
768 371 855 398 bonus
881 372 957 404 ordo,
978 379 1021 399 res

246 412 369 439 omnium
394 413 589 447 pulcherrima,
629 414 657 440 in
703 413 884 442 Ecclesiarum
913 423 1020 452 quoque

245 458 381 491 capitibus
405 458 525 492 perinde,
552 463 685 492 servetur,
714 464 794 494 atque
818 461 975 488 cmlestibus
992 461 1020 488 in

243 503 385 530 ordinibus
400 524 407 536 ,
432 503 522 530 divina
539 507 565 530 ct
582 504 741 532 universalis
769 509 862 532 sancta
888 507 1018 541 synodus,

247 548 273 574 in
303 547 397 574 Truilo
417 548 528 581 majoris
559 549 649 582 palatii
665 555 769 581 coacta,
788 558 848 584 qua:
873 552 968 585 quinta
993 555 1020 579 et

243 599 319 621 sexta
336 594 448 627 dicitur,
468 594 525 622 haec
541 595 649 622 disertis
663 596 755 622 verbis
783 596 912 623 decrevit.

278 640 436 666 Renovantes
448 648 490 672 ea,
505 648 564 675 quo:
576 649 592 667 a
603 645 705 667 centum
717 642 906 676 quinquaginta
921 643 1019 670 sancti:

245 684 379 715 l’utribus,
393 685 420 711 in
433 686 563 712 custodita
580 686 705 713 divinitru
722 691 746 712 et
771 687 940 721 imperatoria
956 689 1018 715 urbe

241 730 394 764 congressis,
419 735 442 757 et
469 739 484 756 a
504 731 630 757 sexcentis
657 739 687 757 ac
705 731 824 766 triginta,
843 733 887 767 qui
910 732 1017 760 Chalce-

241 775 307 802 done
331 781 514 806 conrenerunt,
542 777 644 802 sancito
670 782 730 803 sunt
760 785 768 802 .'
789 777 960 810 decernimus,
989 784 1016 805 ut

240 821 347 848 l/u'ontts
395 822 635 855 Constantinopolis
682 821 823 856 (equalibus
868 823 1016 851 lionorariie

238 868 346 900 fruatur
362 866 467 901 juribus
484 867 577 901 quibus
591 867 682 894 veteris
694 866 784 894 Romae
798 868 924 900 thronus;
939 874 1016 903 utque

237 919 327 943 parem
341 919 400 936 cum
419 910 465 936 illo
477 910 658 937 ecclesiasticis
678 912 704 937 in
725 912 800 938 rebus
817 913 1015 946 amplitudinem

237 955 362 986 obtineat,
378 960 401 981 et
417 955 448 981 ab
463 954 508 981 illo
523 955 653 982 secundus
665 955 700 981 sit
716 963 724 981 :
737 961 793 989 post
811 964 900 990 quam,
916 965 1016 992 magme

237 1002 308 1027 urbis
335 1000 523 1027 Alexandriam
564 1000 671 1027 thronus
703 1005 853 1027 numeretur
878 1009 887 1028 :
910 1002 1013 1034 deinde,

237 1046 414 1073 Amice/renus
437 1053 445 1072 :
467 1050 492 1072 et
528 1050 585 1080 post
618 1046 695 1078 hunc,
730 1046 800 1073 urbi:
827 1046 1015 1082 Hierosolymi-

236 1097 306 1118 tanw
334 1091 452 1117 thronus.
470 1090 614 1125 Propterea
630 1091 778 1118 secundum
805 1091 842 1124 id,
865 1093 937 1126 quod
964 1093 1015 1120 hoc

236 1145 340 1165 cano-te
367 1137 533 1173 continetur,
559 1144 592 1163 cx
616 1144 648 1163 co
678 1141 799 1171 tempore
831 1138 884 1166 huc
917 1147 1013 1173 usque,

236 1181 471 1208 sanctissimoruttt
488 1169 602 1207 is’torum
618 1181 740 1214 quinque
754 1182 885 1209 soliorum
902 1191 1015 1218 magnos

237 1226 378 1260 pontiﬁces
392 1232 439 1259 per
456 1224 549 1252 orbem
562 1224 717 1251 universum
737 1225 788 1252 hoc
804 1227 883 1253 modo
903 1235 1015 1255 venera-

237 1279 308 1298 mur.
327 1271 430 1298 Etenim
445 1271 517 1305 justa
530 1277 605 1305 papae
620 1270 720 1298 veteris
733 1270 824 1298 Romae
839 1273 871 1298 ab
886 1272 1014 1300 Ecclesiis

236 1317 382 1349 abscissio,
401 1316 522 1344 Lminime
546 1316 668 1343 ordinem
695 1317 855 1343 canonicum
886 1318 1012 1346 abolevit.

235 1364 367 1390 Praeterea
398 1362 502 1397 primus
533 1361 663 1389 adversus
691 1363 840 1389 secundum
870 1371 931 1391 sese
960 1372 1013 1391 non

234 1408 325 1440 offert,
353 1414 441 1442 neque
467 1406 605 1434 secundus
640 1407 771 1434 adversus
796 1407 905 1434 tertium
939 1416 946 1434 :
967 1409 1014 1436 sed

235 1462 298 1481 cum
320 1453 409 1480 instar
427 1452 549 1487 quinque
571 1459 701 1479 sensuum
732 1452 830 1486 capitis
854 1453 936 1481 unius
956 1454 1012 1488 (qui

1072 238 1102 263 τὸ
1117 237 1185 265 εἶναι
1202 239 1302 274 ταύτην
1313 240 1401 276 (φησὶ)
1416 242 1478 268 νέαν
1501 243 1619 278 Ῥώμην,
1635 245 1726 278 καθὼς
1751 248 1842 283 δηλοῦ-

1078 291 1123 309 ται
1138 285 1172 310 τὰ
1187 286 1250 320 περὶ
1276 286 1371 312 τούτου
1398 287 1451 313 ἀπὸ
1472 288 1518 313 τοῦ
1544 289 1672 324 δευτέρου
1694 293 1741 318 καὶ
1758 294 1842 327 τρὲτω

1072 329 1179 360 κανόνος
1196 331 1244 364 τῆς
1257 330 1340 365 αὐτῆς
1354 332 1473 358 συνόδου.
1488 333 1546 359 Ἵνα
1558 333 1585 359 δὲ
1593 334 1623 360 τὺ
1631 335 1777 362 κάλλιστον
1784 339 1842 372 χρῇ-

1072 381 1109 407 μα
1125 374 1174 407 τῆς
1189 374 1315 406 εὐταξίας
1337 376 1384 402 καὶ
1406 377 1446 407 εἰς
1463 377 1510 408 τὰς
1535 379 1655 412 κεφαλὰς
1677 381 1842 416 φυλάττηται

1069 418 1124 444 τῶν
1139 418 1414 455 Ἐκκλησιῶν,ῶσπιρ
1425 422 1471 447 καὶ
1486 423 1526 453 εἰς
1534 423 1567 448 τὰ
1577 423 1693 457 οὐράνια
1709 426 1841 460 τάγματα,

1069 462 1168 497 ὥρισεν
1182 464 1198 498 ὴ
1213 464 1240 489 ἐν
1255 465 1293 499 τῷ
1304 465 1430 501 Τρούλλῳ
1444 466 1490 492 τοῦ
1509 468 1626 501 μεγάλου
1643 468 1778 496 παλατίου
1800 479 1841 495 συ-

1071 509 1157 534 στᾶσα
1178 509 1236 536 θεία
1261 510 1307 536 καὶ
1325 511 1498 546 οἰκουμενικὴ
1522 513 1589 545 ἁγία
1614 513 1736 547 σύνοδος,
1757 516 1776 550 ἠ
1803 516 1842 542 ιισί

1070 553 1204 589 πενθέκτη
1222 555 1366 590 λεγομένη,
1380 556 1465 583 ταῦτα
1475 558 1574 592 ῥητῶς.

1102 645 1325 678 ’Λνανεούμενοι
1344 645 1379 672 τὰ
1401 647 1480 679 παρὰ
1502 647 1562 672 τῶν
1575 647 1622 681 ρν¹
1641 649 1735 682 ἁγίων
1756 650 1842 676 Πατι-

1064 697 1137 722 ρων,
1152 688 1211 714 τῶν
1224 689 1257 715 ὲν
1279 689 1315 723 τῇ
1328 690 1519 723 θεοφυλάκτῳ
1532 692 1581 717 καὶ
1592 692 1734 723 βασιλίδι
1760 695 1841 720 πόλει

1067 734 1283 765 συνελθόντων,
1302 734 1350 760 καί
1368 733 1427 761 τῶν
1442 735 1607 766 ἑξακοσίων
1618 737 1779 769 τριάκοντα
1789 738 1843 764 τῶν

1066 778 1101 804 ἐν
1131 778 1300 811 Χαλκηδόνι
1336 780 1544 806 συνελθόντων
1568 783 1840 817 νενομοθετημένα·

1066 821 1217 856 ὁρίζομεν,
1236 822 1313 849 ὥστε
1336 822 1389 849 τὸν
1418 823 1471 857 τῆς
1496 826 1841 859 Κωνσταντινουπόλεως

1066 868 1173 900 θρόνον
1186 867 1244 894 τῶν
1264 868 1339 894 ἴσων
1356 868 1520 896 ἀπολαύειν
1533 872 1701 903 πρεσϐείων
1720 873 1775 899 τοῦ
1791 873 1840 905 τῆς

1065 913 1267 946 πρεσϐυτέρας
1285 911 1396 946 Ῥώμης
1413 914 1530 946 θρόνου,
1544 914 1593 940 καὶ
1606 915 1641 940 ἐν
1660 915 1726 947 τοῖς
1735 917 1841 949 ἐκκλη-

1065 958 1231 990 σιαστικαῖς
1245 957 1284 989 ὡς
1298 957 1414 984 ἐκεῖνον
1424 959 1651 992 μεγαλύνεσθαι
1674 960 1838 994 πράγμασι,

1065 1002 1204 1036 δεύτερον
1219 1003 1281 1036 μετ’
1293 1003 1409 1029 ἐκεῖνον
1426 1003 1615 1037 ὑπάρχοντα*
1633 1005 1702 1038 μεθ’
1719 1005 1756 1031 ὃν
1767 1007 1783 1032 ό
1793 1004 1841 1038 τῆς

1071 1046 1289 1080 Ἀλεξανδρείας
1295 1047 1523 1081 μεγαλοπόλεως
1535 1047 1716 1081 ἀριθμείσθω
1729 1050 1841 1081 θρόνος·

1064 1090 1127 1118 εἶτα
1135 1094 1151 1119 ὁ
1163 1092 1217 1125 τῆς
1231 1092 1289 1118 τῶν
1299 1093 1483 1126 Ἀντιοχέων·
1495 1092 1542 1119 καί
1552 1093 1626 1126 μετὰ
1640 1094 1760 1125 τοῦτον,
1770 1097 1786 1121 ὁ
1794 1095 1842 1127 τῆς

1064 1135 1124 1162 τῶν
1152 1136 1398 1170 Ἱεροσολυμιτῶν
1424 1138 1548 1169 πόλεως.
1566 1138 1611 1163 Aio
1625 1138 1671 1163 καὶ
1702 1141 1775 1165 κατὰ
1799 1140 1842 1172 τὴν

1064 1181 1159 1208 τούτου
1172 1181 1330 1216 περίληψιν,
1348 1182 1438 1208 ἔκτοτε
1451 1183 1498 1208 καὶ
1519 1183 1598 1217 μέχρι
1613 1183 1661 1208 τοῦ
1679 1183 1729 1209 νῦν
1747 1185 1774 1210 οἰ
1794 1185 1842 1209 τῶν

1063 1225 1192 1252 τοιούτων
1208 1225 1286 1251 πέντε
1302 1225 1460 1259 ἁγιωτάτων
1490 1226 1591 1260 θρόνων
1611 1226 1725 1260 μεγάλοι
1754 1229 1842 1261 ἀρχιει

1064 1273 1120 1306 ρεῖς
1133 1270 1203 1297 οὕτω
1215 1271 1286 1297 κατὰ
1309 1271 1399 1297 πᾶσαν
1415 1271 1463 1305 τὴν
1482 1271 1646 1305 οἰκουμένην
1672 1270 1843 1301 σεὸἁζονται.

1064 1316 1117 1342 Τοῦ
1133 1317 1187 1350 γὰρ
1201 1316 1280 1342 πάπα
1305 1317 1354 1350 τῆς
1372 1316 1488 1347 παλαιᾶς
1513 1315 1623 1350 Ῥώμης
1647 1316 1665 1350 ὴ
1690 1316 1788 1342 δικαία
1817 1317 1843 1341 lx

1063 1363 1117 1388 τῶν
1138 1361 1306 1396 Ἑκκλησιῶν
1331 1361 1446 1395 ὲκκοπὴ,
1466 1361 1515 1396 τὴν
1541 1361 1688 1395 κανονικὴν
1718 1362 1844 1393 εὐταξία-ι

1064 1407 1113 1433 οὐκ
1128 1407 1289 1441 ἐλυμήνατο.
1305 1406 1383 1441 Παρὰ
1395 1405 1474 1432 τοῦτο
1486 1406 1524 1439 δὲ,
1539 1406 1586 1432 τοῦ
1600 1406 1730 1442 δευτέρου
1745 1408 1762 1432 ὁ
1775 1408 1843 1441 πρῶ-

1063 1460 1108 1483 τος
1126 1452 1154 1478 οὐ
1176 1451 1390 1487 κατεπαίρεται,
1417 1451 1477 1477 οὐδὲ
1493 1451 1540 1477 τοῦ
1556 1452 1674 1486 τρίτουὸ
1697 1453 1843 1486 δεύτερο;”

236 1505 277 1526 tot
290 1506 352 1527 esse
367 1505 481 1526 numero
495 1497 635 1528 dicuntur.
648 1504 698 1523 nec
712 1497 870 1525 dividuntur
883 1503 972 1527 tamen
985 1500 1012 1527 in

1068 1497 1124 1524 ἀλλ’
1143 1497 1180 1528 ὡς
1196 1496 1337 1532 αἰσθήσεις
1351 1497 1430 1523 πέντε
1447 1497 1510 1531 μιᾶς
1527 1497 1648 1531 κεφαλῆς
1673 1497 1846 1532 ἀριθμούμε-

237 1547 339 1578 partes)
355 1542 427 1577 apud
450 1541 578 1576 populum
598 1540 783 1568 Christianum
798 1542 958 1575 habeantur,
974 1544 1013 1571 di—

240 1589 344 1624 gnitate
368 1588 545 1615 nihilominus
567 1595 647 1622 pares
671 1592 734 1615 sunt
764 1588 790 1614 in
814 1588 959 1621 omnibus;
986 1593 1013 1616 et

236 1642 298 1662 cum
323 1633 412 1668 capita
429 1638 586 1660 sanctarum
605 1639 654 1666 per
671 1632 826 1659 universum
844 1634 935 1659 orbem
960 1633 1012 1660 Ec-

237 1679 382 1706 clesiarum
406 1677 452 1704 Dei
475 1677 536 1711 jure
553 1677 689 1708 dicantur,
707 1676 799 1704 locum
818 1677 844 1703 in
860 1678 899 1704 eis
914 1678 1012 1705 discri-

237 1715 297 1751 men
320 1724 353 1751 ab
372 1722 533 1758 hominibus
559 1727 691 1750 statutum
711 1721 810 1749 habere
832 1729 885 1749 non
900 1727 1010 1757 potest:

239 1777 325 1804 neque
346 1769 380 1796 de
397 1768 530 1796 sententia
555 1767 736 1803 quorumdam
758 1775 812 1795 non
837 1767 928 1802 magni
955 1776 1013 1795 mo-

239 1814 320 1841 menti
345 1821 387 1841 res
411 1812 592 1844 merentium,
622 1820 698 1847 papa:
723 1812 845 1840 Romano
870 1817 1011 1848 propterea

237 1859 267 1886 ﬁt
292 1858 407 1894 injuria,
430 1858 501 1892 quod
532 1857 590 1892 ipse
616 1863 726 1892 propter
754 1858 870 1885 litteram
895 1857 919 1884 Il
944 1858 1011 1894 (57),

237 1906 260 1932 si
278 1905 428 1931 litterarum
445 1903 650 1930 collocationem
667 1903 854 1937 respiciamus,
869 1904 964 1931 tertius
985 1904 1011 1931 in

236 1949 331 1974 ordine
344 1947 398 1978 sit;
414 1951 439 1973 et
453 1946 547 1973 eadem
569 1946 674 1972 ratione
692 1945 1012 1980 Conslantinopolitanus

238 2002 283 2027 per
295 1993 315 2021 C
332 1993 450 2019 litteram
462 1991 621 2021 honoretur,
638 1997 670 2016 ac
679 1991 796 2024 priorem
813 1991 902 2018 locum
917 1999 1012 2019 conse-

237 2043 346 2074 quatur.
374 2037 427 2064 Nec
449 2035 594 2063 olfensioni
619 2038 712 2070 aperta
734 2034 850 2062 fenestra
875 2034 927 2062 fuit
942 2035 1013 2063 inter

237 2083 447 2112 Alexandrinum
461 2087 488 2109 et
505 2080 713 2114 Antiochenum,
732 2084 842 2114 propter
852 2080 1011 2114 Alitteram,

238 2130 311 2158 velut
328 2135 422 2156 eorum
449 2127 568 2161 quolibet
590 2126 679 2153 locum
702 2124 754 2152 sibi
783 2125 901 2160 priorem
924 2125 1013 2153 vindi-

1066 1551 1109 1569 ναι
1125 1543 1172 1569 καὶ
1185 1542 1222 1576 μὴ
1246 1542 1433 1577 μεριζόμεναι,
1454 1542 1527 1576 παρὰ
1539 1542 1578 1576 τῷ
1593 1543 1781 1577 χριστωνὺμῳ
1796 1542 1847 1575 λαῷ

1065 1587 1243 1621 λογιζόμενοι,
1262 1586 1396 1620 ἰσοτιμίαν
1417 1587 1445 1612 ὲν
1456 1586 1555 1612 Ξπασιν
1575 1586 1679 1620 ἔχουσι,
1700 1588 1748 1612 καὶ
1764 1587 1846 1620 rapa

1065 1633 1118 1659 τῶν
1134 1631 1204 1658 κατὰ
1226 1632 1315 1658 πᾶσαν
1336 1631 1386 1665 τὴν
1399 1631 1559 1665 οἰκουμένην
1573 1631 1660 1663 ἁγίων
1678 1631 1848 1666 Ἐκκλησιιῖμ

1065 1678 1111 1704 τοῦ
1131 1677 1200 1704 Θεοῦ
1214 1679 1325 1708 δικαίως
1340 1677 1509 1711 καλούμενοι,
1523 1677 1655 1711 διαφορὰν
1671 1676 1850 1710 ἀνθρωπίνην

1065 1724 1095 1749 οὐ
1111 1722 1277 1757 πάσχουσιν·
1298 1723 1358 1749 οὐδὲ
1374 1723 1444 1749 κατὰ
1462 1721 1675 1757 σμικρολόγους.
1704 1721 1720 1746 ὁ
1756 1723 1847 1750 tam;

1069 1768 1178 1802 Ῥώμης
1188 1769 1357 1803 ὒὸριοπαθεῖ,
1365 1769 1404 1795 ὅτι
1418 1768 1497 1798 αὐτὸς
1512 1768 1560 1802 μὲν
1570 1768 1613 1793 διὰ
1623 1768 1671 1793 τοῦ
1683 1768 1704 1793 P
1714 1768 1848 1801 στοιχείου

1064 1815 1153 1850 τρίτος
1167 1815 1200 1849 τῇ
1215 1814 1288 1840 θέσει
1315 1814 1368 1840 τῶν
1397 1815 1567 1848 γραμμάτων
1593 1814 1846 1848 κατεστοιχείωτηιιι,

1063 1859 1078 1884 ό
1096 1858 1124 1884 δὲ
1138 1859 1446 1890 Κωνσταντινουπόλεως
1464 1859 1509 1885 διὰ
1531 1859 1578 1885 τοῦ
1605 1859 1629 1884 Κ
1656 1859 1776 1893 τιμᾶται
1805 1859 1848 1884 καὶ

1071 1905 1276 1941 προτερεύεται.
1304 1905 1369 1931 Οὐδὲ
1388 1906 1534 1932 σκανδάλου
1555 1905 1673 1938 πάροδος
1687 1906 1789 1939 γέγονε
1806 1905 1849 1939 μέ·

1067 1958 1112 1976 σον
1127 1949 1174 1976 τοῦ
1196 1950 1396 1983 ’Δλεξανδρείας
1413 1950 1461 1976 καὶ
1486 1949 1534 1976 τοῦ
1564 1950 1741 1984 Ἀντιοχείας,
1769 1950 1848 1984 χάρὶν

1065 1994 1111 2021 τοῦ
1126 1995 1199 2028 ἄλφα
1221 1995 1362 2029 στοιχείου,
1375 1994 1412 2025 ὡς
1437 1994 1552 2020 ἑκάστου
1579 1994 1672 2020 αὐτῶν
1697 1994 1847 2029 ἰδιουμένω

1066 2039 1112 2065 τὸν
1128 2041 1275 2074 πρότερον·
1293 2039 1350 2066 ἀλλ’
1365 2039 1459 2073 ὥσπερ
1473 2040 1489 2073 ἡ
1509 2039 1608 2070 πεντὰς
1620 2039 1678 2065 τῶν
1694 2039 1849 2073 αἰσθήσεων

1067 2086 1168 2119 στοιχΞῖ
1179 2086 1211 2119 τῇ
1224 2084 1364 2110 διαπλάσει
1378 2084 1424 2110 τοῦ
1442 2083 1628 2119 ἀρχιτέκτονος
1652 2084 1702 2110 καὶ
1728 2084 1847 2110 πλάστου

1066 2129 1145 2160 Θεοῦ,
1160 2129 1207 2155 καὶ
1220 2128 1249 2154 οὺ
1266 2128 1428 2162 κατατρέχει
1440 2128 1520 2162 τυχὸν
1542 2127 1559 2161 ἡ
1572 2127 1669 2161 ὅρασις
1676 2127 1729 2160 τῆς
1742 2127 1846 2161 deﬁgi;-

237 2179 316 2201 cante
336 2183 343 2200 :
359 2173 406 2201 sed
418 2171 646 2206 quemadmodum
660 2170 801 2205 quinarius
816 2170 861 2198 illc
873 2178 1015 2204 sensuum,

1069 2182 1148 2205 σεως.
1173 2174 1232 2200 οὐδὲ
1245 2175 1261 2208 ὴ
1276 2174 1345 2208 ἀκοὴ
1358 2173 1407 2207 τῆς
1423 2174 1494 2207 ἁφῆς
1509 2173 1555 2198 καὶ
1577 2173 1627 2207 τῆς
1653 2173 1789 2206 γεύσεως,
1807 2174 1847 2199 ὅτι

238 2218 377 2246 architecti
403 2223 429 2246 et
444 2217 593 2244 conditoris
612 2216 660 2244 Dei
686 2215 841 2243 iormationi
859 2216 1013 2250 respondet,

240 2271 289 2291 nec
305 2268 429 2298 aspectus
443 2263 528 2298 (verbi
545 2262 642 2297 gratia)
654 2261 810 2293 odoratum,
833 2269 883 2289 nec
904 2261 1015 2290 auditus

240 2313 339 2336 tactum
373 2308 413 2335 vel
438 2311 574 2342 gustatum
603 2307 737 2334 hostiliter
757 2313 818 2333 eam
843 2306 878 2333 ob
904 2313 1014 2333 causam

241 2354 354 2385 invadit,
375 2354 446 2387 quod
454 2360 547 2379 eorum
559 2345 668 2381 nomina
684 2351 754 2378 forte
763 2351 810 2378 tali
826 2351 896 2378 serie
910 2359 924 2378 a
934 2352 1015 2379 nobis

1068 2219 1133 2253 παρ’
1149 2220 1214 2253 ἡμῖν
1241 2218 1311 2244 οὕτω
1326 2227 1384 2249 πως
1411 2218 1603 2253 δνομάζονται⁸
1620 2217 1708 2249 οὕτως
1732 2219 1794 2244 οὐδὲ
1809 2227 1849 2247 τις

1070 2263 1123 2290 τῶν
1136 2263 1294 2296 ἁγιωτάτων
1306 2262 1481 2298 πατριαρχῶν
1496 2263 1528 2288 ὲκ
1543 2263 1596 2288 τῶν
1610 2262 1693 2288 θείων
1727 2264 1847 2288 κανόνων

1069 2310 1151 2334 τόπον
1174 2308 1384 2343 κληρωσάμενος
1414 2307 1554 2342 πρότερον,
1575 2307 1622 2333 τοῦ
1647 2307 1776 2340 δευτέρου
1804 2307 1847 2332 καὶ

1070 2352 1116 2379 τοῦ
1134 2353 1192 2387 μετ’
1207 2352 1286 2379 αὐτὸν
1299 2353 1335 2383 ὼς
1350 2352 1511 2386 ὑπερφέρων
1524 2352 1731 2383 ἀλαζονεὺεται.
1849 2375 1858 2392 ε

244 2399 416 2434 proferantur
432 2407 438 2426 :
457 2399 492 2424 ita
514 2407 563 2426 nec
594 2398 829 2426 snnctissimorum
846 2399 1063 2433 patriarcharum
1080 2399 1187 2434 aliquis,
1209 2400 1253 2427 cui
1287 2406 1334 2434 per
1347 2398 1452 2425 divinos
1483 2405 1603 2426 canones
1636 2399 1743 2432 primus
1775 2397 1848 2424 attri-

242 2448 322 2473 butus
337 2450 378 2472 est
394 2445 482 2477 locus,
499 2445 628 2472 adversus
644 2443 806 2476 secundum,
818 2447 845 2470 et
857 2445 1012 2478 proximum
1035 2445 1067 2472 ad
1083 2445 1142 2478 hoc,
1155 2449 1313 2480 arroganter
1328 2448 1414 2472 semet
1426 2442 1512 2470 eﬂert.

277 2493 346 2526 Quia
366 2500 429 2520 vero
452 2493 574 2519 nonnulli
590 2493 694 2524 dicunt,
709 2499 762 2519 non
776 2498 838 2519 esse
856 2491 1018 2526 permissum

243 2537 429 2566 Alexandrino
447 2537 488 2564 vel
506 2537 684 2567 Antiocheno,
701 2536 776 2563 verbi
794 2536 891 2570 gratia,
913 2540 941 2563 ut
957 2544 1018 2564 cum

244 2584 366 2618 lampade
381 2584 422 2610 vel
441 2583 498 2610 lace
519 2582 691 2617 patriarchali
708 2581 790 2608 faciat
810 2581 860 2608 iter
874 2581 908 2608 ad
925 2582 1019 2609 urbem

243 2628 454 2664 imperatoriam,
478 2628 521 2654 vel
549 2628 575 2654 in
605 2627 686 2654 aliain
718 2626 871 2659 dimcesin;
899 2628 1019 2662 exceptis

243 2675 296 2701 illis
323 2673 482 2708 provinciis,
514 2680 573 2708 quae
599 2680 648 2707 per
671 2678 791 2699 canones
814 2671 855 2699 eis
884 2672 1019 2699 attributa:

1114 2493 1190 2520 Ἐπεὶ
1200 2492 1229 2519 δέ
1243 2500 1314 2523 τινες
1324 2491 1458 2525 λέγουσιν,
1474 2490 1512 2522 ὡς
1527 2491 1577 2516 οὐκ
1596 2491 1703 2524 ἐφεῖται
1719 2491 1758 2525 τῷ
1775 2491 1846 2515 Ἀλε-

1070 2537 1209 2572 εανδρείας
1231 2536 1248 2571 ἢ
1262 2536 1301 2571 τῷ
1319 2535 1481 2570 ’Δντιοχείας
1507 2535 1598 2569 τυχδν,
1624 2535 1694 2569 μετὰ
1709 2535 1848 2569 λαμπάδος

1070 2583 1271 2617 πατριαρχικῆς
1285 2582 1332 2613 τὰς
1347 2580 1498 2615 ὁδοιπορίας
1510 2581 1596 2606 ποιεῖν
1610 2581 1650 2611 εἰς
1666 2580 1718 2614 τὴν
1734 2581 1786 2605 τῶν
1800 2581 1848 2605 πό-

1069 2628 1137 2654 λεων
1153 2627 1355 2662 βασιλεύουσαν,
1370 2625 1386 2660 ἢ
1399 2625 1439 2656 εἰς
1454 2625 1549 2660 ἑτέραν
1560 2624 1702 2658 διοίκησιν,
1716 2624 1788 2658 παρὰ
1800 2625 1847 2653 τὰς

1071 2672 1289 2707 ἁπονεμηθείσας
1323 2671 1376 2698 ἀπὸ
1392 2671 1445 2697 τῶν
1473 2670 1592 2697 κανόνων
1604 2670 1706 2701 αὐτοῖς.
1738 2670 1770 2697 Ἦ
1792 2668 1846 2702 γὰρ

851 2757 966 2785 νΑιιυΕ
999 2757 1195 2787 LECTIONES.

281 2806 334 2838 (57)
355 2805 419 2839 Qua:
435 2805 520 2840 prima
536 2808 576 2832 est
599 2804 624 2830 in
648 2804 780 2831 vocabulo
797 2803 895 2830 Roma‘.
