1894 3072
95 151 165 182 1017

809 147 1017 178 MEDITATA.

1628 144 1694 176 1018

99 211 214 244 ulmi;
231 210 277 236 τοῦ
286 207 485 239 διδασκαλικοῦ,
502 207 593 241 φασὶν,
609 207 682 232 ἐστὶν
709 206 871 240 ἀξιώματος.

928 210 996 231 sunt.
1022 204 1127 238 Quippe
1144 203 1198 236 l‘ax,
1224 204 1358 238 inquiunt,
1374 204 1407 230 ad
1432 203 1545 230 ol'ﬂciutn
1573 205 1691 232 doctoris

101 257 171 291 "19'
186 254 293 289 ὶνορίαν
318 253 346 280 δὲ
370 253 504 280 διδάσκειν
529 253 578 278 οὐκ
605 253 708 285 ἐφεῖται
740 251 872 286 ἀρχιερεῖ,

98 301 172 328 κατὰ
186 301 233 327 τὸν
251 302 274 326 κ’
291 298 389 326 κανόνα
401 298 450 332 τῆς
473 299 501 324 ὲν
520 297 558 332 τῷ
580 296 705 331 Τρούλλῳ
726 297 806 328 ἁγίας
827 295 874 322 καὶ

97 344 292 380 οίκουμενικῆς
303 344 384 378 ἕκτης
413 342 532 368 συνόδου.
557 341 612 367 Καὶ
634 342 673 371 είς
697 340 874 366 ἑπισύστασιν

99 391 182 426 δῆθεν
195 389 241 416 τοῦ
254 389 334 422 λόγου
347 387 446 419 αὐτῶν,
465 387 510 413 καὶ
526 387 580 417 τοῖς
603 385 789 418 εὖαγγαλικοῖς
807 385 874 410 ἀπο-

99 434 222 470 χριῖινται
235 434 349 468 ῥήμασι,
379 432 426 458 καὶ
455 431 583 463 λέγουσι·
601 429 743 464 Λαμψάτω
766 428 796 455 τὸ
817 429 874 462 φῶς

98 479 178 514 ὑμῶν
212 476 364 512 ἔμπροσθεν
386 474 440 501 τῶν
467 473 627 510 ἀνθρώπων.
657 474 872 505 Ἀκουσάτωσαν,

97 524 136 555 ὡς
151 524 175 549 οἱ
191 522 308 557 βασιλεῖς
322 521 368 548 καὶ
382 521 405 546 οί
431 521 599 555 πατριάρχαι
615 518 808 554 μεγαλύνονται
827 518 875 552 μὲν

99 568 148 594 καὶ
172 566 372 596 διδασκαλικοίς
402 565 548 598 ἀξιώμασι,
577 565 621 591 διὰ
648 563 697 598 τὴν
722 563 768 589 τοῦ
797 563 874 596 ἁγίου

99 611 250 646 χρίσματος
260 610 382 644 δύναμιν·
398 608 520 635 ἐντεῦθεν
534 608 587 642 γὰρ
602 608 626 634 οί
641 607 732 633 πιστοὶ
747 608 881 633 δεσπόταν

99 657 148 681 καὶ
159 654 357 688 αὐτοκράτορες
371 652 560 688 κατηχητικῶς
574 651 697 686 ὁμιλοῦσι
708 652 745 686 τῷ
758 660 875 686 χριστω-

98 701 178 734 νύμῳ
191 699 258 732 λαῷ,
274 698 290 733 ἢ
308 698 439 731 θυμιῶσιν
453 698 490 727 ὡς
505 698 596 731 ίερεῖς,
612 698 659 723 καὶ
673 697 741 730 μετά
752 696 874 730 δικηρίου

100 744 291 778 σφραγίζουσι.
307 742 384 767 Κατὰ
399 741 477 767 τοῦτο
488 741 516 767 δὲ
530 741 608 775 μόνον
623 740 747 775 λαμπάσι
760 740 875 771 ζωννυο-

101 788 196 820 μέναις
212 786 344 821 ἀργυροῖς
360 785 406 811 καὶ
415 784 568 818 διαχρύσοις
584 782 647 818 (οἷον
660 784 756 818 εἰπεῖν)
775 791 873 817 στεφα-

99 833 223 865 νώμασιν
237 831 286 856 ούκ
303 829 546 864 ἀποσεμνύνονται,
561 828 618 854 ἀλλ’
632 829 672 854 ὃτι
688 830 734 854 καὶ
748 829 818 854 κατὰ
828 828 872 854 τὸν

99 864 226 911 οὐράνιον
249 875 362 908 γίγαντα
390 875 420 900 τὸ
447 874 557 908 κέντρον
584 873 798 907 καταφωτίζουσι
825 864 913 908 τῆςΒ

99 921 255 957 ὀρθοδοξίας
287 921 343 951 τοῖς
370 919 548 954 ἀμαρύγμασι
577 919 623 944 καὶ
641 919 657 954 ἡ
673 919 760 951 ἔξοδος
785 919 874 945 αὐτῶν

100 968 149 994 ἀπ’
162 967 248 1001 ᾇκρου
263 965 365 999 λάμπει
380 964 426 990 τοῦ
450 964 573 999 οὐρανοῦ,
592 966 640 992 καὶ
663 964 693 990 τὸ
715 964 875 998 κατάντημα

101 1013 193 1039 αὐτῶν
205 1012 257 1042 ἓως
272 1012 356 1045 ἄκρου
370 1010 466 1044 φθάνει
481 1009 526 1036 τοῦ
537 1009 650 1044 οὐρανοῦ
660 1017 667 1024 ·
684 1010 730 1036 καὶ
740 1009 788 1035 οὐκ
803 1009 875 1035 ἐστιν

100 1058 130 1087 ὃς
145 1057 195 1091 τῆς
213 1053 322 1091 ’θέρμης
331 1056 419 1081 αὐτῶν
429 1055 646 1090 ἀποκρύπτεται.
667 1055 698 1080 Et
724 1054 777 1088 γὰρ
797 1054 876 1089 μόνον

100 1103 145 1129 διὰ
158 1103 188 1128 τὸ
201 1102 251 1136 τῆς
263 1101 434 1131 διδασκαλίας
459 1100 566 1134 ἀξίωμα
582 1100 635 1126 τῶν
649 1099 774 1126 τοιούτων
804 1099 879 1133 λαμ-η

102 1148 195 1175 πάδων
213 1147 347 1181 ἐπενοήθη
361 1147 391 1172 τὸ
407 1147 609 1181 σεμνολόγημα,
638 1147 654 1180 ἡ
673 1146 741 1172 κατὰ
764 1145 875 1181 καιροὺς

100 1191 172 1223 τέως
186 1191 416 1225 αὑτοκρατόρισσα
429 1191 460 1216 ὲκ
483 1190 530 1216 τοῦ
550 1190 696 1225 προνομίου
720 1189 813 1216 τούτου
838 1190 877 1216 δι-

102 1236 189 1266 καίως
200 1236 233 1263 ἂν
245 1236 349 1270 ἀφῆκεν
380 1235 540 1270 ἀφώτιστος.
567 1237 701 1268 Γυναῖκας
724 1237 777 1270 γὰρ
798 1238 877 1272 σιγᾷν

103 1282 152 1308 καὶ
181 1282 219 1316 μὴ
240 1281 377 1308 διδάσκειν
400 1281 621 1316 νενομοθέτηται.
647 1281 727 1307 Ἀλλὰ
751 1282 804 1316 μὴν
831 1283 878 1309 καὶ

102 1326 205 1357 ταύτας
217 1326 323 1361 δρῶμεν
337 1325 407 1352 οὕτω
416 1325 595 1360 δοξαζομένας
619 1326 689 1352 κατὰ
711 1327 774 1357 τοὺς
800 1326 877 1361 βασι-

105 1371 173 1402 λεῖς.
199 1371 254 1398 Καὶ
278 1371 302 1397 ot
327 1371 454 1406 ἐγχώριοι
474 1371 502 1397 δὲ
520 1371 618 1402 πάντες
644 1371 782 1406 ἀρχιερεῖς
806 1380 878 1406 παρ-

104 1416 205 1450 ομοίως
220 1416 269 1447 τὰς
284 1416 477 1450 ἀρχιερατικὰς
495 1417 542 1442 καὶ
563 1416 670 1447 ἀλλοίας
685 1417 813 1451 προόδους
830 1418 878 1442 ἐπ-

104 1461 197 1487 ενόουν
218 1460 251 1487 ἄν
263 1468 271 1476 ·
298 1462 345 1487 καὶ
358 1459 426 1488 εἶδεν
440 1461 473 1488 ἄν
485 1469 526 1491 τις
540 1461 620 1494 τυχὸν
643 1461 688 1487 τὸν
706 1461 752 1487 τοῦ
779 1460 878 1495 ’Δούρα

105 1507 265 1540 ἐπίσκοπον,
279 1507 326 1533 καὶ
340 1506 385 1532 τδν
396 1506 484 1541 πολλῷ
495 1506 588 1532 τούτου
602 1506 875 1541 μικροπρεπὲστερον,
890 1525 912 1554 c

103 1551 176 1586 πεζῇ
190 1551 238 1585 μὲν
252 1552 298 1577 καὶ
312 1551 393 1586 βάδην
404 1552 451 1583 τὰς
463 1551 590 1586 προόδους
604 1552 651 1586 τῆς
661 1552 761 1584 οἰκείας
773 1553 878 1587 ὲνορίας

106 1595 329 1630 περιερχόμενον,
344 1595 465 1629 λαμπάδι
479 1595 506 1621 δὲ
518 1596 702 1631 πατριαρχικῇ
721 1596 878 1630 κυδαινόμε-

105 1648 164 1672 νον,
181 1640 222 1666 ὅτι
234 1640 282 1666 καὶ
296 1639 373 1666 αὐτοὶ
381 1639 568 1667 διδασκαλικὸν
582 1640 688 1675 ἀξίωμα
701 1649 733 1666 πε
739 1641 878 1675 ρι6έ6λην‹

104 1693 160 1712 ται.
175 1682 212 1712 06
236 1685 305 1711 τίειν
322 1693 362 1716 τις
373 1686 437 1720 φαίη
455 1687 716 1720 καινοπρεπέστερον
728 1706 734 1718 ,
748 1686 765 1721 ἦ
780 1687 879 1721 μᾶλλον

105 1730 204 1762 εἰπεῖν,
217 1730 400 1764 ἀηδέστερον;
418 1730 450 1757 Εἰ
463 1730 492 1757 δὲ
506 1730 583 1756 τοῦτο
613 1730 739 1757 οὐδέποτέ
757 1740 798 1763 τις
825 1730 878 1758 εἶδε

108 1775 253 1809 γινόμενον
270 1776 309 1806 εῐς
324 1784 384 1802 τινα
399 1775 453 1801 τῶν
468 1775 671 1810 μητροπολιτῶν
682 1776 699 1811 ἢ
714 1776 769 1802 τῶν
787 1777 879 1812 ἀρχιε-

108 1821 261 1854 πισκόπων,
278 1817 369 1855 πολλῷ
399 1821 427 1847 δὲ
446 1821 525 1847 πλέον
539 1821 593 1847 τῶν
618 1822 784 1853 ἐπισκόπων,
814 1822 878 1849 ἄνευ

108 1864 197 1899 μόνων
213 1864 266 1890 τῶν
276 1864 468 1897 αὑτοκεφάλων
487 1865 720 1899 ἀρχιεπισκόπων,
736 1865 781 1892 τοῦ
799 1867 879 1893 Βουλ-

105 1908 207 1944 γαρίας
233 1909 315 1943 φημὶ,
337 1908 445 1935 καὶτοῦ
470 1908 594 1943 Κύπρου,
609 1908 655 1934 καί
679 1917 759 1935 τινων
782 1910 878 1943 ὀλίγων

107 1953 314 1988 μητροπολιτῶν
335 1953 468 1979 λαϐόντων
483 1953 536 1979 ἀπὸ
558 1953 712 1988 φιλοτιμίας
739 1954 880 1989 βασιλικῆς

108 1996 197 2030 ζδικῆς
210 1996 289 2022 τοῦτο
303 1999 332 2022 τὸ
343 1997 460 2023 δίκαιον·
489 1998 585 2032 ᾶραρε,
606 1997 696 2030 μόνοις
721 1999 775 2029 τοῖς
802 1999 879 2034 βασι-

106 2041 185 2067 λεῦσι
209 2041 256 2067 καὶ
279 2042 334 2071 τοῖς
360 2041 541 2076 πατριάρχαις
553 2041 605 2067 ὑπὸ
618 2041 667 2075 τῆς
677 2042 724 2068 τοῦ
747 2043 878 2076 παναγίου

111 2085 267 2120 Πνεύματος
280 2085 400 2120 χάριτος,
416 2086 462 2112 καὶ
485 2087 534 2120 τῆς
554 2086 801 2122 ἀρχαιοπαραδότου
819 2096 880 2114 συν-

104 2130 211 2164 ηθείας,
227 2131 275 2157 καὶ
288 2130 423 2164 εὐταξίας,
436 2131 689 2167 ἑπιφιλοτιμηθῆναι
707 2132 784 2159 τοῦτο
798 2132 827 2158 τὺ
838 2133 879 2158 δίο

105 2184 185 2202 καιον
202 2175 246 2202 διὰ
256 2175 305 2207 τὰς
318 2175 445 2211 ῥηθείσας
456 2176 555 2207 αίτίας.

924 255 1038 284 spectat.
1056 250 1137 276 Extra
1157 250 1322 284 provinciam
1344 257 1406 276 vero
1426 250 1534 281 docere,
1557 257 1609 276 non
1631 258 1691 285 μοι-ε

925 294 1037 321 missum
1069 299 1110 320 cst
1142 294 1285 328 pontiﬁci;
1314 293 1460 320 secundum
1493 301 1625 321 canonem
1659 303 1691 321 xx

925 340 1023 367 habita:
1045 340 1071 366 in
1100 340 1193 366 Trullo
1217 344 1316 366 sanctae
1339 343 1418 372 atque
1442 340 1600 375 universalis
1611 345 1693 367 sextze

924 385 1031 418 synodi.
1056 384 1088 410 Et
1117 385 1149 410 ad
1179 383 1389 410 conﬁrmandam
1427 384 1530 410 scilicet
1553 384 1622 410 hanc
1651 392 1695 410 ra-

924 430 1026 456 tionem
1056 436 1133 456 suam
1150 448 1157 461 ,
1180 427 1341 463 evangelicis
1366 435 1472 462 quoque
1513 429 1602 456 verbis
1622 430 1695 456 hisce

925 479 1038 501 utuntur
1060 482 1068 500 :
1090 473 1191 500 Luceat
1221 473 1266 500 lux
1299 477 1386 499 vestra
1411 480 1502 500 coram
1529 474 1694 502 hominibus.

925 519 1042 546 Audiam
1065 519 1104 549 bi.
1120 523 1174 544 tam
1200 518 1233 544 ad
1255 517 1459 551 amplitudinem
1483 518 1694 552 imperatoriam,

925 571 1005 598 quam
1034 563 1256 598 patriarchalem.
1283 562 1368 588 oﬂicia
1406 563 1520 589 docendi
1549 564 1694 597 pertinere.

924 614 1035 645 propter
1057 608 1194 635 unctionis
1221 615 1305 634 sacrae
1333 609 1384 633 vim
1417 612 1497 640 atque
1525 613 1694 642 potestatem.

926 654 994 681 llinc
1008 654 1079 681 enim
1098 653 1237 683 usuvenit.
1250 657 1279 678 ut
1298 652 1389 678 lidelcs
1410 652 1546 686 principes
1566 656 1592 679 et
1614 654 1696 687 impc-

925 705 1030 727 ratores
1050 700 1216 727 catechetico
1236 707 1309 725 more
1325 707 1386 725 cum
1422 700 1520 734 popqu
1542 699 1698 727 Christiano

925 747 1122 780 colloquantur,
1146 749 1193 771 aut
1210 744 1327 771 suliitum
1350 744 1449 770 faciant
1467 752 1542 771 more
1566 745 1698 772 sacerdou

927 795 994 822 tum,
1003 796 1029 817 et
1041 797 1102 817 (tum
1114 796 1174 816 cera
1187 788 1287 822 duplici
1303 787 1454 822 obsignent.
1467 787 1565 815 Verum
1578 788 1627 815 hac
1641 789 1698 815 sola

927 836 960 863 de
973 842 1053 862 causa
1076 834 1190 865 facibus,
1206 841 1266 868 qua:
1291 833 1426 866 argenteis
1449 837 1476 859 et
1498 834 1587 860 aureis
1603 834 1643 867 (ut
1662 834 1697 860 ita

925 881 1051 914 dixerim)
1080 879 1190 906 corollis
1226 878 1321 905 cincta:
1343 883 1416 908 sunt.
1447 885 1500 904 non
1528 883 1641 905 utuntur
1670 880 1698 905 in

925 926 1031 960 pompis
1053 934 1060 951 :
1083 924 1128 951 sed
1154 925 1245 956 etiam,
1270 923 1342 957 quod
1370 923 1456 949 instar
1481 922 1600 950 cmlestis
1625 923 1697 950 illius

925 971 1041 1006 gigantis
1066 970 1132 1006 (58),
1162 969 1212 996 hoc
1234 973 1356 995 centrum
1380 967 1537 994 orthodoxae
1569 969 1698 995 doctrinm

925 1017 1010 1043 radiis
1022 1016 1182 1042 collustrent
1199 1023 1206 1040 :
1221 1013 1347 1047 quodque
1363 1013 1459 1044 luceat,
1473 1020 1566 1040 eorum
1577 1013 1699 1046 egressio

925 1060 959 1087 ab
971 1063 1090 1086 extremo
1104 1059 1183 1091 cmlo,
1199 1063 1226 1084 et
1247 1064 1377 1083 occursus
1400 1057 1518 1090 ipsorum
1536 1057 1568 1083 ad
1585 1057 1696 1084 alteram

925 1104 987 1131 caeli
1005 1103 1097 1130 tendat
1117 1102 1335 1130 extremitatem:
1353 1109 1414 1128 cum
1430 1101 1536 1128 interim
1559 1109 1637 1129 nemo
1650 1103 1697 1132 sit,

925 1149 971 1184 qui
997 1148 1031 1175 ab
1050 1155 1143 1176 eorum
1164 1148 1253 1175 calore
1283 1154 1312 1174 se
1341 1147 1426 1181 possit
1448 1147 1556 1174 abdere.
1583 1147 1648 1174 Nam
1674 1149 1697 1174 si

926 1194 1058 1221 duntaxat
1074 1197 1182 1227 propter
1193 1192 1348 1227 dignitatem
1366 1191 1445 1218 oiiicii
1466 1191 1592 1221 docendi.
1609 1191 1697 1218 facum

926 1239 1058 1273 ejusmodi
1101 1238 1240 1272 speciosus
1281 1238 1350 1264 ritus
1386 1237 1552 1272 excogitatus
1594 1241 1698 1264 esset:

928 1284 1061 1318 cujusque
1077 1283 1208 1318 temporis
1222 1283 1380 1316 imperatrix
1400 1289 1495 1316 expers
1517 1282 1628 1317 hujusce
1643 1282 1700 1316 pri-

927 1329 1015 1363 vilegii
1030 1328 1109 1360 foret,
1125 1335 1157 1354 ac
1176 1328 1282 1354 facibus
1295 1334 1349 1354 non
1363 1327 1410 1353 abs
1427 1334 1456 1353 re
1466 1333 1580 1354 careret.
1596 1326 1701 1360 Quippe

929 1374 1063 1400 sancitum
1083 1377 1135 1405 est,
1153 1376 1182 1399 ut
1205 1376 1312 1398 taceant
1329 1371 1466 1402 mulieres,
1483 1378 1514 1397 ac
1531 1371 1642 1397 minime
1657 1371 1701 1397 do-

928 1422 1016 1445 ceant.
1028 1417 1154 1444 Attamen
1181 1417 1222 1443 his
1245 1423 1354 1450 quoque
1380 1415 1502 1442 videmus
1527 1416 1620 1442 eodem
1637 1423 1699 1442 cum

929 1463 1137 1499 imperatoribus
1158 1463 1211 1489 ritu
1228 1461 1302 1489 faces
1317 1461 1448 1496 praeferri.
1466 1461 1616 1495 Regionum
1633 1469 1699 1496 prte-

930 1515 1000 1537 terea
1019 1507 1160 1543 pontiﬁces
1179 1508 1308 1540 universi,
1325 1507 1503 1535 consimiliter
1518 1512 1572 1534 tmn
1590 1507 1700 1542 pontifi-

930 1554 1014 1587 cales,
1031 1558 1086 1581 tum
1111 1553 1178 1580 alias
1203 1553 1229 1579 in
1253 1553 1389 1587 publicum
1416 1552 1602 1586 processiones
1623 1552 1702 1579 insti-

931 1602 1036 1625 tuerent
1049 1605 1057 1624 :
1068 1604 1100 1624 ac
1114 1597 1216 1624 videret
1227 1596 1327 1630 aliquis
1340 1596 1495 1631 episcopum
1508 1597 1702 1631 Athyrensem,

932 1643 1006 1670 verbi
1022 1642 1119 1676 gratia,
1133 1641 1175 1668 vel
1189 1641 1270 1668 etiam
1294 1641 1372 1675 longe
1387 1642 1538 1675 quempiam
1563 1641 1614 1668 hoc
1634 1641 1702 1668 inl'e-

933 1687 1044 1717 riorem.
1068 1686 1184 1721 peditem
1212 1685 1287 1712 illum
1305 1685 1413 1720 quidem
1437 1686 1463 1712 in
1490 1686 1628 1719 provincia
1652 1693 1701 1712 sua

931 1730 1106 1764 prodeuntem
1134 1729 1162 1756 in
1189 1729 1334 1762 publicum.
1353 1734 1380 1756 et
1404 1729 1454 1756 hac
1482 1729 1543 1756 illac
1569 1730 1701 1762 itantem;

931 1775 978 1803 sed
1000 1775 1096 1802 {acutae
1111 1779 1201 1802 tamen
1227 1773 1415 1808 patriarchalis
1429 1774 1530 1801 honore
1541 1779 1702 1806 tumentem,

930 1820 1039 1854 quando
1054 1819 1082 1846 hi
1096 1820 1178 1847 etiam
1191 1819 1313 1853 episcopi
1328 1819 1414 1845 ollicio
1428 1819 1541 1846 docendi
1563 1819 1700 1845 fruuntur.

930 1865 990 1898 Quo
1003 1872 1068 1892 sane
1086 1865 1151 1899 quid
1164 1865 1217 1891 dici
1234 1864 1320 1899 possit
1342 1864 1500 1891 insolentius
1515 1864 1527 1890 τ
1546 1865 1585 1891 vel
1601 1865 1701 1891 rectius

932 1914 962 1937 ut
989 1910 1094 1944 loquar,
1122 1909 1187 1944 quid
1224 1908 1419 1942 iniucundius?
1451 1909 1486 1934 At
1513 1909 1535 1935 si
1564 1916 1701 1942 nunquam

931 1955 1074 1990 quisquam
1087 1954 1139 1980 hoc
1160 1953 1216 1980 ﬂeri
1231 1952 1298 1979 vidit
1314 1953 1342 1979 in
1370 1953 1461 1987 aliquo
1477 1953 1518 1980 vel
1544 1954 1701 1987 metropoli-

932 2003 1006 2030 tano,
1037 1998 1079 2025 vel
1106 1997 1331 2032 archiepiscopo,
1361 2001 1464 2024 tantum
1498 1998 1574 2025 abest
1615 2003 1644 2025 ut
1674 2000 1701 2025 in

931 2043 1073 2078 episcopos
1088 2042 1174 2073 cadat.
1196 2043 1315 2076 exceptis
1327 2042 1489 2076 quibusdam
1517 2044 1701 2078 archiepisco-

932 2089 985 2122 pis,
1014 2088 1060 2123 qui
1086 2090 1167 2121 caput
1205 2087 1255 2122 ipsi
1287 2094 1398 2114 suorum
1438 2092 1521 2119 sunt;
1559 2087 1701 2122 Bulgarine.

932 2134 1054 2168 inquam,
1071 2137 1097 2160 et
1111 2132 1203 2167 Cypri,
1218 2136 1245 2159 et
1262 2133 1355 2166 paucis
1369 2133 1530 2167 quibusdam
1547 2134 1702 2168 metropoli-

898 2177 919 2203 ῐ)
936 2179 1005 2205 tauis
1016 2186 1024 2210 ;
1035 2177 1081 2212 qui
1095 2184 1126 2204 ex
1144 2176 1315 2210 imperatoria
1328 2178 1437 2210 speciali
1461 2178 1644 2205 muniﬁcentia
1656 2179 1702 2211 jus

107 2222 159 2247 hoc
179 2220 374 2246 obtinuerunt:
388 2220 520 2254 sequitur,
539 2220 605 2247 solis
626 2221 833 2255 imperatoribus
845 2227 872 2250 et
890 2222 1049 2258 patriarchis
1067 2229 1114 2256 per
1129 2223 1241 2256 gratiam
1267 2223 1384 2257 Spiritus
1399 2224 1495 2256 sancti,
1515 2227 1540 2252 et
1563 2231 1701 2261 acceptam

107 2265 261 2299 antiquitus
287 2265 508 2292 consuetudinem
537 2269 617 2298 atque
649 2266 783 2297 ordinem,
798 2267 906 2301 jnshoc
928 2272 1037 2303 propter
1060 2266 1189 2294 iudicatas
1206 2273 1303 2294 causas
1317 2275 1376 2294 esse
1393 2275 1561 2295 concessum.

143 2313 204 2337 Ὅτι
218 2311 246 2337 δὲ
257 2311 311 2337 τῶν
325 2311 373 2346 μὲν
382 2312 588 2345 αὐτοκρατόρων
605 2312 621 2346 ἡ
635 2311 729 2347 ἀρωγὴ
744 2313 811 2347 πρὸς
825 2322 880 2347 φω-

107 2356 204 2390 τισμὸν
219 2356 268 2382 καὶ
279 2356 409 2381 σύστασιν
423 2356 606 2382 ἐπεκτείνεται
621 2356 707 2391 ψυχῆς
718 2365 748 2382 τε
766 2359 812 2384 καὶ
825 2357 880 2384 σώ-

108 2409 205 2436 ματος.
221 2400 252 2426 τὸ
266 2400 293 2426 δὲ
308 2400 449 2434 μεγαλεῖον
467 2400 521 2426 τῶν
534 2402 708 2435 πατριαρχῶν
731 2402 771 2433 είς
797 2402 880 2436 μόνην

105 2445 226 2480 ψυχικὴν
238 2444 449 2479 ὲστενοχώρηται
465 2445 628 2471 λυσιτέλειαν
648 2446 734 2481 (ὀλίγη
744 2448 796 2481 γὰρ
820 2449 880 2474 τού-

107 2498 164 2520 τοις
188 2488 246 2515 ὲστὶ
261 2490 369 2522 φροντὶς
394 2488 538 2519 εὐπαθείας
554 2490 730 2523 σωματικῆς),
752 2490 880 2522 ὡσαύτως

107 2535 156 2561 καὶ
173 2535 190 2568 ὴ
204 2533 267 2567 περὶ
283 2534 344 2564 τοὺς
355 2533 489 2567 ὑπηκόους
504 2534 552 2567 τῆς
565 2534 721 2568 βασιλίσσης
735 2536 879 2570 κηδεμονία

109 2581 158 2605 καὶ
191 2578 310 2613 μέριμνα
333 2579 402 2612 πρὸς
428 2578 510 2612 μόνην
526 2579 684 2613 σωματικὴν
696 2579 811 2611 εὐζωῖαν
836 2581 879 2612 ἐξ-

108 2624 232 2658 ήπλωται
244 2622 345 2658 (πάσης
362 2624 415 2658 γὰρ
428 2623 544 2657 ψυχικῆς
567 2623 688 2658 βοηθείας
702 2625 730 2650 αἱ
757 2627 881 2658 γυναῖκες

107 2668 290 2703 ιστέρηνται),
307 2669 334 2695 at
348 2669 486 2702 λαμπάδες
502 2669 550 2703 μὲν
566 2670 619 2695 τῶν
640 2669 769 2703 βασιλέων
786 2671 881 2702 διττοὶς

966 2313 1036 2346 Quia
1050 2320 1112 2340 vero
1127 2313 1319 2347 imperatorum
1335 2314 1463 2340 auxilium
1479 2317 1512 2341 ad
1528 2315 1701 2343 illuminatio-

931 2366 991 2386 nem
1006 2363 1033 2385 et
1048 2358 1256 2386 stabiliiuentum
1273 2365 1333 2385 sesc
1350 2363 1403 2385 tam
1424 2360 1516 2392 animi,
1539 2368 1618 2394 quam
1638 2369 1700 2388 eor-

931 2404 1004 2438 poris
1035 2404 1172 2438 porrigit;
1209 2404 1384 2438 amplitudine
1420 2407 1635 2440 patriarcharum
1666 2409 1698 2434 ad

930 2449 1011 2475 animi
1029 2449 1158 2476 duntaxat
1175 2449 1314 2476 utilitatem
1349 2451 1493 2478 constricta
1515 2453 1698 2487 (perexiguam

930 2495 1028 2528 quippe
1051 2501 1144 2520 curam
1167 2497 1262 2527 gerunt
1286 2494 1312 2520 hi
1337 2494 1370 2521 de
1394 2495 1474 2522 rebus
1498 2496 1530 2522 ad
1555 2503 1698 2530 corporum

931 2538 1071 2565 commoda
1087 2538 1294 2574 spectantibus),
1320 2543 1346 2566 et
1359 2540 1534 2567 consimiliter
1549 2541 1700 2575 imperatri-

933 2583 973 2609 cis
996 2590 1060 2609 cura
1084 2587 1111 2608 et
1135 2583 1287 2610 sollicitudo
1311 2583 1344 2610 de
1368 2583 1495 2614 subditis,
1516 2585 1645 2612 duntaxat
1667 2586 1700 2613 ad

934 2628 995 2654 vita:
1017 2627 1165 2661 corporalis
1186 2628 1389 2662 prosperitatem
1409 2629 1561 2656 extenditur
1583 2630 1699 2664 (nullum

934 2672 1005 2699 enim
1024 2673 1173 2700 animarum
1194 2680 1209 2699 a
1229 2673 1392 2701 muiiorcnlis
1404 2675 1609 2708 exspcctandum
1626 2677 1699 2702 auxi-

851 2764 966 2792 ΝΟΤΑΞ.

146 2807 201 2840 (δε)
220 2806 289 2834 Solis
303 2807 433 2834 vitlclicct.
790 2819 807 2825 υ
