1894 3072
196 142 261 174 1υ19

813 150 952 181 THEUD.
975 153 1208 184 BALSAMONIS

1741 163 1752 189 ι
1757 158 1807 190 υέο

195 209 274 244 litim)
294 216 301 234 :
323 209 423 237 idcirco
446 210 519 239 faces
540 212 732 247 imperatorum
751 214 867 248 geminis
883 213 956 240 aurei

1024 213 1178 248 διαχρύσοις
1208 216 1432 250 περιζωννὺονται
1450 215 1643 251 στεφανώμασι
1659 225 1666 231 ·
1690 218 1746 244 τῶν
1776 220 1803 245 δὲ

194 256 342 289 cinguntur
370 257 491 288 corollis,
518 265 579 284 cum
609 265 668 291 quae
703 259 918 292 patriarcharum
947 264 975 286 ct

194 299 377 334 imperatricis
404 308 478 334 sunt,
504 310 558 329 uno
582 304 659 338 quasi
683 304 833 338 sepimento
855 305 974 331 circum-

193 345 301 372 dentur.
324 346 375 373 Sed
390 347 606 382 dicet'quispiam
620 357 627 375 :
644 349 684 375 Sit
700 349 749 382 ita,
762 356 837 376 sane.
855 350 973 376 Conces-

194 397 253 416 sutn
267 394 336 421 esto,
350 392 473 419 lucernas
488 392 681 426 patriarchalcs
697 392 807 419 accendi
823 400 870 427 per
883 393 971 427 ignem

193 437 234 461 tot
246 435 433 468 traditionum,
445 437 499 463 veri
517 437 632 471 speciem
648 437 814 465 habentium.
830 437 882 465 Sed
899 438 970 465 unde

193 479 343 512 profectum
358 485 409 512 est,
420 483 491 514 quod
505 481 605 508 eisdem
622 489 654 508 ex
670 487 781 516 argento
793 483 833 510 vis
847 483 968 517 quasdam

193 522 324 548 accedat?
341 522 505 556 Sulliciebat,
522 524 653 551 duntaxat
671 525 848 552 ecclesiarum
874 526 970 560 capiti-

192 566 244 594 bus
272 575 320 600 per
348 569 487 602 lampadas
517 570 666 604 maiestatis
695 570 795 604 aliquid
825 572 966 603 accedere,

193 615 276 645 atque
288 612 396 639 interim
412 621 469 645 eos,
484 614 529 648 qui
545 620 678 649 vagantur
693 615 719 642 in
735 616 841 647 exsilio,
860 619 886 642 et
901 623 967 650 pau-

191 663 269 689 peres
283 659 357 686 sunt,
371 664 429 683 eam
446 658 480 684 ob
497 664 607 684 causam
623 665 677 685 non
692 659 796 685 vexari.
810 659 967 693 Responde-

193 707 263 730 mus,
289 700 428 734 piissimos
457 701 646 735 imperatores,
677 705 704 728 et
732 703 965 730 sanctissimorum

190 745 404 778 patriarcharum
426 746 591 780 quinarium,
618 754 678 774 esse
700 747 802 775 similes
825 748 963 782 agricolis,

189 790 402 818 consistentibus
431 791 458 817 in
488 799 550 819 area
585 791 711 819 frumenti
744 793 902 828 largitrice.
932 800 964 820 ac

189 834 338 862 ventilabro
354 835 491 863 unctionis
503 836 677 864 vitiositatem
694 845 743 864 ceu
763 839 853 871 paleas
872 842 962 864 exter-

189 879 314 912 minare,
341 884 367 907 et
391 880 517 907 virtutem
544 889 592 908 ceu
617 889 701 916 grana
729 882 857 917 colligere
884 891 891 908 :
921 883 962 910 vel
978 871 998 898 Β

189 924 292 951 similes
325 931 387 952 esse
424 926 527 953 normis
559 930 632 953 recta
666 926 759 953 circuli
793 927 962 961 superﬁciem

189 969 350 996 librantibns
378 974 404 996 et
440 974 564 997 centrum
590 978 638 1005 per
662 971 777 1005 justitia:
801 972 890 998 radios
909 972 964 999 col-

189 1014 365 1042 lustrantibus
383 1022 391 1041 :
412 1015 452 1041 vel
473 1015 602 1042 maritimi
619 1017 718 1050 navigii
738 1017 816 1044 malis
836 1025 867 1044 ac
883 1018 961 1048 velis,

186 1059 250 1086 dum
267 1060 449 1094 imperatoriis
463 1061 595 1092 consiliis,
612 1065 638 1088 et
653 1062 795 1096 praeceptis
812 1061 962 1096 spirituali-

187 1105 236 1132 bus
265 1105 387 1140 cymbam
418 1106 509 1132 mundi
542 1106 622 1140 hujus
652 1106 813 1133 incolumem
842 1111 960 1134 servant.

186 1150 245 1182 Quo
262 1150 301 1179 tit.
323 1154 351 1177 ut
371 1158 432 1177 cum
448 1151 553 1185 exiguis
574 1159 669 1186 magna
692 1157 880 1187 comparantes
897 1152 961 1180 reli-

186 1195 333 1228 giosissimi
349 1196 539 1230 imperatores,
555 1202 636 1232 atque
649 1199 719 1225 inter
732 1204 841 1226 sanctos
856 1199 960 1232 Patres,

184 1239 276 1266 eximii
297 1240 398 1274 quique
421 1243 577 1268 necessario
601 1243 755 1275 statuerint,
780 1243 831 1270 ista
856 1244 961 1271 ratione

184 1284 354 1311 comitandos
371 1291 431 1312 esse
448 1293 561 1320 magnos
579 1287 732 1320 pontiﬁces,
750 1289 863 1323 parique
881 1289 960 1315 modo

185 1330 238 1353 tam
263 1328 432 1362 opulentum,
451 1337 532 1364 quam
555 1337 701 1365 pauperem
725 1332 878 1360 habendum
900 1341 907 1360 :
927 1337 960 1361 ut

183 1377 264 1398 rectae
283 1373 392 1407 quidem
417 1373 544 1401 doctrina:
569 1380 731 1408 sectatores,
750 1378 813 1404 dum
834 1385 958 1413 magnam

184 1417 257 1442 illam
271 1421 297 1444 et
313 1422 454 1452 angustam
472 1427 596 1454 pompam
618 1421 685 1448 solis
708 1421 916 1456 imperatoribus
932 1428 959 1451 et

184 1462 348 1496 patriarchis
369 1463 489 1490 exhiberi
510 1464 611 1497 vident,
635 1467 838 1494 convenientem
858 1468 959 1502 gratia-

183 1515 243 1534 rum
255 1508 389 1534 actlonem
402 1508 489 1535 instar
501 1509 568 1543 grati
581 1509 695 1543 sumtus,
706 1511 819 1538 oﬂ‘erant
833 1511 957 1544 Domino,

182 1552 228 1586 qui
245 1552 317 1578 intra
331 1556 455 1579 centrum
476 1553 619 1580 mundanae
632 1554 842 1588 pulchritudinis
862 1555 958 1583 defen-

183 1603 259 1623 sores
284 1597 343 1630 ejus
371 1597 524 1631 gloriﬁcat;
547 1601 631 1631 utque
653 1598 722 1626 ﬂexo
741 1606 810 1634 genu
834 1604 926 1635 petant
943 1608 958 1628 a

185 1641 308 1672 Domino,
331 1648 385 1674 quo
408 1642 518 1675 tropmis
547 1641 730 1676 imperatoriis
756 1644 882 1672 universa
906 1645 958 1672 sub

183 1686 240 1712 sole
262 1686 342 1713 tellus
366 1686 550 1718 collustretur,
570 1690 597 1714 et
621 1687 810 1722 patriarchicis
832 1689 957 1723 precibus

182 1735 297 1757 terrente
314 1738 356 1758 res
368 1731 533 1758 irradieutur
548 1740 554 1758 :
574 1735 599 1758 at
611 1740 675 1760 vero
691 1733 803 1761 diversa:
817 1736 957 1762 sementim

181 1780 341 1808 sectatores,
365 1776 411 1811 qui
437 1777 554 1811 potentia
572 1785 620 1804 sua
638 1778 762 1806 nituntur
778 1799 785 1813 ,
804 1782 831 1807 et
850 1781 907 1808 suis
928 1788 958 1808 se

179 1822 283 1854 jactant
308 1822 404 1854 opibus
434 1821 587 1855 (simulacra
611 1829 727 1857 namque
748 1824 868 1857 gentium
893 1828 956 1851 sunt

181 1874 276 1893 aurum
293 1871 320 1893 et
335 1866 488 1900 argentum)
506 1866 539 1893 ad
565 1868 601 1899 id,
623 1868 694 1902 quod
718 1869 849 1900 cernitur,
870 1877 957 1897 caecu-

182 1915 250 1937 ttant
272 1919 280 1937 -.
304 1915 330 1938 et
357 1918 520 1938 excusorum
545 1919 626 1946 opera
653 1919 721 1938 vana
747 1916 827 1947 atque
851 1914 955 1941 inutilia

182 1956 348 1987 existiment,
361 1956 559 1992 mundanaeqne
572 1956 708 1991 opinionis
721 1964 843 1985 munera.
856 1959 886 1985 Et
900 1959 956 1986 haec

180 2001 288 2035 quidem
301 2001 334 2028 de
350 2001 519 2036 lampadibus
536 2001 732 2036 patriarchicis.
747 2002 880 2035 Quoniam
892 2011 956 2032 vero

181 2046 303 2076 baculus,
324 2050 350 2072 et
370 2053 476 2077 saccus,
498 2050 524 2072 et
549 2053 645 2073 cruces
667 2047 798 2081 plurimae,
823 2048 955 2082 plenaque

180 2091 268 2118 tunica
296 2091 389 2126 ﬁguris
412 2099 518 2126 gamma
546 2091 660 2118 litteram
688 2094 953 2126 reprmsentanlibus,

180 2137 385 2170 patriarcltalem
415 2138 586 2164 sanctitatem
619 2137 703 2164 solam
732 2138 894 2170 nobilitant,
923 2147 955 2167 ac

1024 259 1200 293 πατριαρχῶν
1219 261 1266 286 καὶ
1278 260 1328 294 τῆς
1340 260 1496 295 βασιλίσσης
1513 261 1553 287 ἐνὶ
1568 263 1803 290 κατακυκλοῦνται

1023 302 1203 337 ϐριγγώματι.
1229 305 1297 331 Ἀλλ’
1320 305 1378 339 ἐρεῖ
1399 313 1458 336 τις·
1477 305 1577 331 Ἐστω’
1593 306 1722 338 δεδόσθω,
1755 309 1803 339 τὰς

1023 349 1223 383 πατριαρχικὰς
1240 350 1383 384 λαμπάδας
1398 351 1566 378 ἀνάπτεσθαι
1585 353 1653 385 πυρὶ
1668 353 1802 379 τοσούτων

1021 392 1206 426 εὐλογοφανῶν
1223 395 1406 428 παραδόσεων.
1432 395 1468 421 Τὸ
1491 395 1592 427 ταύτας
1617 397 1648 428 ἐξ
1679 398 1801 432 ἀργύρου

1021 437 1250 471 περιξωννύεσθαι
1264 439 1388 474 δύναμιν,
1409 440 1490 467 πόθεν
1518 441 1707 476 περιεζώσατο
1721 443 1801 469 δύνα-

1022 489 1086 515 μιν;
1100 483 1198 516 Ἤρκει
1212 483 1255 510 διὰ
1267 485 1353 518 μόνων
1370 484 1424 510 τῶν
1446 485 1593 519 λαμπάδων
1612 486 1664 518 τὰς
1681 488 1799 521 κεφαλὰς

1018 525 1072 552 τῶν
1096 527 1248 561 ἐκκλησιῶν
1273 529 1483 563 μεγαλύνεσθαι,
1499 531 1546 556 καὶ
1560 531 1629 561 τέως
1648 532 1798 566 τοὺςύπερ-

1010 571 1107 612 Ιορίους
1120 572 1313 607 πλανωμένους
1325 574 1370 600 καὶ
1385 575 1590 609 πενητεύοντας,
1608 576 1690 610 χάριν
1704 577 1796 603 τούτου

1018 614 1055 649 μὴ
1073 616 1243 644 σκύλλεσθαι.
1259 618 1349 653 Φαμὲν
1365 617 1422 651 οὖν,
1448 620 1484 651 ὡς
1504 622 1528 646 οί
1544 621 1736 647 εὖσεὸέστατοι
1750 623 1796 656 βα-

1017 659 1109 694 σιλεῖς,
1125 662 1172 688 καὶ
1183 662 1235 688 τῶν
1246 663 1407 696 ἁγιωτάτων
1429 665 1606 699 πατριαρχῶν
1637 666 1654 700 ἡ
1686 668 1794 698 πεντὰς,

1016 704 1118 731 ἐοίκασι
1133 708 1265 741 γεωργοῖς
1281 707 1362 742 μέσον
1382 707 1507 743 ἐστηκόσι
1537 710 1699 741 σιτοδότιδος
1727 712 1796 738 alto-

1015 758 1069 782 νος,
1095 751 1142 777 καὶ.
1164 751 1202 786 τῷ
1229 753 1305 786 πτύῳ
1323 753 1371 779 τοῦ
1397 753 1546 787 χρίσματος
1570 754 1619 788 τὴν
1647 756 1749 782 κακίαν
1760 757 1796 787 ὡς

1014 795 1113 830 ἄχυρον
1125 797 1326 830 ὲκφαυλίζουσι,
1336 799 1382 824 καὶ
1398 799 1447 832 τὴν
1460 798 1559 832 ἀρετὴν
1569 799 1606 830 ὡς
1622 800 1724 826 κόκκον
1736 809 1796 827 συν-

1014 839 1124 873 άγουσιν
1141 849 1148 856 υ
1164 841 1179 876 ἢ
1199 842 1340 875 διαῦήταις
1370 843 1580 877 ζυγοστατοῦσιν
1605 845 1734 876 ίθυτενῶς
1749 846 1793 872 τοῦ

1014 883 1115 910 κύκλου
1129 885 1177 920 τὴν
1201 885 1372 920 ἐπιφάνειαν,
1396 887 1442 912 καὶ
1470 887 1500 912 τὺ
1531 887 1643 922 κέντρον
1656 897 1794 923 stata:er

1014 931 1120 957 σεύουσι
1136 932 1185 966 τῆς
1201 932 1372 967 δικαιοσύνης
1386 935 1441 964 τοῖς
1458 935 1656 969 ἀμαρύγμασιν
1668 944 1675 950 ·
1700 936 1716 970 ἢ
1732 936 1794 970 νηὸς

1013 977 1231 1013 ποντοπορούσης
1261 979 1341 1010 ἱστοῖς
1358 979 1406 1005 καὶ
1430 980 1615 1014 πετάσμασιν,
1639 981 1669 1006 ἐν
1691 990 1793 1016 προμη-

1013 1020 1099 1053 θείαις
1116 1022 1277 1057 βασιλικαῖς,
1303 1025 1349 1050 καὶ
1375 1025 1572 1059 παραγγελίαις
1594 1029 1793 1061 πνευματικαῖς

1011 1066 1041 1092 τὸ
1057 1068 1186 1102 κοσμικὸν
1204 1070 1316 1096 ἀκάτιον
1337 1069 1460 1101 σώζουσι.
1478 1071 1523 1105 Τῷ
1545 1079 1586 1097 τοι
1606 1072 1655 1097 καὶ
1687 1074 1792 1106 μικροῖς

1011 1112 1045 1138 τὰ
1057 1113 1162 1147 μεγάλα
1175 1115 1364 1149 σταθμώμενοι
1379 1115 1432 1141 τῶν
1449 1116 1579 1149 βασιλέων
1590 1117 1615 1142 οι
1631 1117 1793 1143 εὖσεδέςτα-

1010 1166 1060 1190 τοι,
1082 1160 1128 1185 καὶ
1142 1160 1196 1185 τῶν
1210 1160 1294 1192 ἁγίων
1317 1161 1445 1195 Πατέρων
1462 1162 1488 1186 οἱ
1506 1161 1686 1196 προῦχοντες,
1701 1163 1793 1197 διωρί-

1012 1211 1092 1229 σαντο
1104 1204 1133 1235 ἐξ
1147 1204 1268 1239 ἀνάγκης
1292 1204 1362 1231 οὕτω
1390 1205 1595 1240 δορυφορεῖσθαι
1611 1208 1676 1238 τοὺς
1709 1209 1793 1242 μεγα-

1010 1247 1072 1279 λους
1082 1249 1228 1283 ἀρχιερεῖς,
1240 1251 1286 1276 καὶ
1299 1249 1366 1276 εἶναι
1381 1251 1525 1277 ὲπιτοαυτὸ
1539 1252 1668 1278 πλούσιόν
1691 1261 1722 1278 τε
1749 1254 1792 1279 καὶ

1011 1293 1114 1327 πένητα
1126 1302 1133 1309 ·
1149 1294 1186 1325 ὡς
1203 1295 1235 1320 ἂν
1248 1295 1272 1320 οι
1288 1295 1337 1329 μὲν
1350 1295 1483 1330 ὀρθόδοξοι
1503 1296 1647 1330 βλέποντες
1673 1298 1703 1323 τὺ
1721 1299 1793 1332 μέγα

1009 1338 1088 1364 τοῦτο
1099 1338 1146 1365 καὶ
1159 1339 1303 1374 σεϐάσμιον
1329 1348 1358 1365 σε
1363 1340 1519 1375 μνολόγημα
1548 1342 1624 1375 παρὰ
1653 1342 1792 1376 βασιλεῦσι

1010 1383 1058 1409 καὶ
1072 1383 1254 1418 πατριάρχαις
1270 1385 1359 1418 μόνοις
1374 1385 1589 1419 πολιτευόμενον,
1614 1387 1792 1422 εὐχαριστίαν

1009 1428 1138 1461 ἀνάλογον
1151 1428 1188 1459 ὡς
1195 1428 1318 1463 θυμίαμα
1331 1429 1422 1455 δεκτὸν
1436 1430 1474 1464 τῷ
1489 1431 1585 1464 Κυρίῳ
1601 1432 1792 1465 προσφέρωσι,

1009 1473 1046 1507 τῷ
1080 1473 1162 1507 μέσον
1179 1474 1224 1500 τοῦ
1245 1474 1356 1509 κέντρου
1381 1475 1431 1508 τῆς
1460 1476 1597 1510 κοσμικῆς
1621 1476 1791 1511 ὡραιότητος

1009 1519 1071 1550 τοὺς
1085 1518 1246 1553 δεφένσορας
1260 1519 1355 1545 τούτου
1370 1519 1506 1551 δοξάζοντι
1520 1528 1528 1536 ·
1554 1521 1600 1546 καὶ
1611 1521 1791 1554 γονυκλιτῶσι

1011 1561 1077 1596 πρὸς
1090 1562 1202 1597 Κύριον,
1218 1562 1356 1597 τροπαίοις
1383 1562 1531 1597 βασιλικοῖς
1546 1564 1594 1599 τὴν
1608 1565 1724 1600 ὑφήλιον
1740 1574 1791 1592 κα-

1002 1606 1204 1641 πταλάμπεσθαι,
1233 1607 1282 1633 καὶ
1295 1607 1389 1642 εὐχαῖς
1407 1610 1623 1643 πατριαρχικαίς
1645 1610 1788 1636 ἀκτινοϐο-

1007 1651 1110 1678 λεῖσθαι
1124 1651 1159 1678 τὰ
1175 1651 1315 1686 ὲπιχθόνια
1327 1660 1335 1667 ·
1353 1653 1376 1678 οἱ
1393 1652 1421 1679 δὲ
1439 1653 1598 1684 πεποιθότες
1621 1655 1670 1680 ἐπὶ
1694 1657 1728 1690 τῇ
1740 1656 1789 1682 δυ-

1007 1696 1087 1731 νάμει
1114 1697 1202 1723 αὐτῶν
1227 1696 1385 1732 ἑτερόδοξοι,
1416 1699 1462 1724 καὶ
1492 1699 1665 1733 καυχώμενοι
1689 1701 1737 1727 ἐπὶ
1748 1701 1790 1735 τῷ

1007 1741 1116 1777 πλούτῳ
1130 1742 1219 1769 αὐτῶν
1236 1743 1281 1778 (τὰ
1312 1743 1365 1778 γὰρ
1380 1743 1476 1770 εἴδωλα
1499 1744 1554 1771 τῶν
1577 1745 1664 1771 ἐθνῶν
1676 1748 1788 1780 χρυσίον

1006 1787 1060 1812 είσὶ
1073 1787 1120 1813 καὶ
1133 1786 1286 1823 ἀργύριον),
1306 1788 1374 1822 πρὸς
1386 1788 1415 1814 τὸ
1427 1788 1565 1824 ὁρώμενον
1577 1790 1788 1825 ἁσλεπτήσωσι,

1006 1831 1053 1858 καὶ
1067 1832 1211 1866 νομίσωσιν
1223 1832 1291 1866 ἔργα
1305 1832 1485 1867 χαλκοτύπων
1508 1832 1578 1861 εἶναι
1609 1835 1713 1869 μάταια
1739 1838 1788 1862 καὶ

1005 1877 1129 1912 ἀνόνητα,
1158 1878 1204 1904 καὶ
1232 1878 1363 1912 κοσμικοῦ
1384 1878 1511 1914 δοξαρίου
1538 1880 1707 1915 χαρίσματα.
1731 1883 1787 1908 Καὶ

1004 1921 1089 1948 ταῦτα
1105 1921 1154 1955 μὲν
1172 1921 1236 1956 περὶ
1252 1922 1305 1947 τῶν
1316 1922 1522 1957 πατριαρχικῶν
1537 1924 1698 1957 λαμπάδωνι
1709 1926 1785 1951 Ἐπεὶ

1004 1964 1032 1990 δὲ
1049 1965 1096 1990 καὶ
1109 1964 1214 1999 ῥάϐδος,
1234 1965 1280 1991 καὶ
1294 1966 1405 1997 σάκκος,
1431 1968 1479 1992 καὶ
1507 1967 1718 2003 πολυσταύριον,
1738 1971 1786 1997 καὶ

1003 2009 1047 2036 διὰ
1064 2003 1233 2044 γραμμάτων
1247 2011 1271 2026 ⁷⁸
1295 2012 1442 2046 στιχάριον,
1457 2018 1506 2047 την
1520 2016 1725 2049 πατριαρχικὴν
1738 2018 1786 2042 καί

1005 2055 1087 2090 μόνην
1102 2055 1255 2088 δοξάζουσιν
1268 2057 1408 2091 ἁγιότητα,
1429 2057 1534 2084 θέλουσι
1551 2059 1580 2084 δέ
1610 2060 1685 2090 τινές
1712 2069 1785 2086 τισιν

1004 2101 1033 2133 ἐξ
1050 2101 1138 2129 αὐτῶν
1151 2110 1226 2134 τινας
1240 2102 1293 2129 τῶν
1313 2104 1490 2138 πατριαρχῶν
1518 2105 1605 2131 ἐνίοτε
1635 2106 1674 2141 μὴ
1698 2115 1784 2133 κατα-

1004 2147 1200 2179 ποικίλλεσθαι,
1215 2148 1280 2182 φέρε
1299 2149 1345 2175 καὶ
1360 2148 1535 2183 περὶτούτων
1554 2150 1660 2185 βραχέα
1673 2152 1781 2185 φιλοσο-

179 2183 300 2209 nonnulli
322 2184 427 2216 volunt,
446 2183 576 2217 quosdam
593 2190 624 2210 ex
644 2184 805 2218 patriarcliis
825 2190 951 2212 nonnun-

1010 2191 1145 2226 ρήσωμεν.
1155 2191 1251 2218 Κλῖνον
1259 2192 1288 2218 τὸ
1296 2190 1342 2224 οὖς
1352 2201 1411 2225 σου,
1426 2193 1624 2228 πανιερὼτατε,
1640 2195 1687 2221 καὶ
1701 2197 1783 2222 ἄκου-

176 2235 257 2261 quam
279 2228 414 2262 aliquibus
435 2229 530 2255 horum
549 2236 602 2256 non
616 2229 740 2256 exornari
760 2238 767 2256 :
784 2237 843 2264 age,
858 2230 891 2257 de
910 2230 951 2257 his

175 2273 257 2299 etiam
282 2273 399 2299 breviter
422 2273 598 2303 disseramus.
625 2274 727 2302 Inclina
748 2283 840 2302 aurem
865 2281 949 2308 tuam,

175 2317 358 2349 sanctissime,
380 2321 407 2344 et
430 2325 472 2344 me
492 2318 564 2345 audi.
585 2319 645 2346 Non
667 2319 739 2347 enim
765 2320 791 2347 in
813 2321 950 2355 parabolis

176 2362 297 2395 aperiam
313 2369 344 2388 os
359 2369 458 2395 meum,
475 2362 522 2389 sed
536 2365 700 2397 quaestiones
715 2365 749 2392 ab
764 2366 868 2399 origine
885 2373 946 2400 pro-

177 2407 273 2439 feram,
286 2414 355 2440 quas
368 2407 491 2434 divorum
510 2408 618 2435 Patrum
635 2411 721 2444 gratia
739 2417 781 2436 me
794 2411 895 2437 docuit.

210 2452 403 2479 Sanctissimos
421 2453 541 2488 quinque
559 2455 727 2488 patriarchas
750 2456 850 2489 (adhuc
874 2457 946 2483 enim

175 2503 205 2524 ut
219 2497 317 2524 hedera
328 2499 449 2532 quercui,
462 2499 501 2525 sic
515 2499 571 2533 ipse
585 2500 736 2526 concordite
750 2508 824 2535 papa:
838 2501 950 2529 Romani

174 2542 254 2576 quasi
275 2543 411 2570 mordicus
426 2543 555 2576 inhzerco,
571 2550 598 2572 et
611 2545 645 2571 ob
661 2546 858 2580 separationem
877 2548 948 2575 illius

175 2589 266 2614 animo
279 2589 390 2620 laceror,
405 2593 485 2623 atque
497 2590 617 2624 quotidie
644 2586 846 2618 conversionem
863 2592 947 2626 ipsius

173 2634 307 2668 egregiam
344 2634 481 2670 exspecto)
520 2642 568 2669 pro
603 2635 661 2661 solo
700 2637 787 2670 capite
824 2639 946 2671 corporis

173 2679 294 2706 omnium
311 2680 491 2708 Ecclesiarum
509 2681 554 2708 Dei
571 2681 752 2715 agnoscimus,
767 2683 947 2716 quemadmo-

1005 2235 1051 2261 σόν
1070 2245 1131 2270 μου.
1158 2236 1195 2262 Οὐ
1206 2237 1259 2271 γὰρ
1273 2237 1301 2262 ὲν
1315 2237 1482 2273 παραϐολαῖς
1508 2238 1607 2271 ἀνοίξω
1632 2240 1663 2266 τὸ
1695 2242 1781 2275 στόμα

1005 2290 1067 2316 μου,
1083 2281 1153 2308 ἀλλὰ
1169 2282 1316 2317 φθέγξομαι
1333 2283 1513 2318 προϐλήματα
1531 2284 1577 2310 ἀπ’
1603 2285 1703 2319 ἀρχῆς,
1731 2287 1780 2312 ὅσα

1004 2327 1041 2362 μὴ
1059 2326 1136 2354 θείων
1152 2327 1279 2361 Πατέρων
1292 2328 1371 2362 χάρις
1385 2328 1496 2359 ἐδίδαξε.

1035 2456 1102 2488 Τοὺς
1114 2456 1280 2489 ἅγιωτάτους
1291 2456 1463 2490 πατριάρχας
1484 2456 1563 2482 πέντε
1580 2457 1638 2491 (καὶ
1658 2457 1698 2484 ἔτι
1725 2459 1776 2492 γὰρ

1000 2501 1036 2531 ὡς
1053 2500 1144 2532 κισσὸς
1159 2500 1248 2535 δρυὸς,
1264 2500 1312 2533 τῆς
1326 2500 1450 2534 ὁμονοίας
1477 2500 1523 2526 τοῦ
1551 2502 1631 2527 mittat
1666 2502 1776 2537 Ῥώμης

1002 2546 1138 2580 ὲξέχομαι,
1151 2546 1197 2572 καὶ
1208 2546 1246 2579 τῷ
1258 2545 1387 2580 χωρισμῷ
1401 2544 1495 2571 τούτου
1511 2544 1560 2580 τὴν
1575 2546 1691 2580 καρδίαν
1709 2556 1775 2573 σπα-

1002 2591 1144 2625 ράττομαι,
1167 2591 1213 2617 καὶ
1227 2590 1275 2624 τὴν
1299 2590 1383 2624 καλὴν
1411 2591 1577 2625 ἐπιστροφὴν
1606 2592 1776 2627 καθεκάστην

1000 2637 1154 2671 καραδοκῶ)
1171 2637 1235 2671 μίαν
1249 2636 1359 2670 οἴδαμεν
1375 2635 1495 2670 κεφαλὴν
1519 2635 1566 2661 τοῦ
1584 2635 1711 2671 σώματος
1724 2646 1776 2664 πα-

1001 2683 1054 2709 σῶν
1063 2683 1116 2708 τῶν
1135 2682 1299 2717 Ἐκκλησιῶν
1315 2682 1362 2708 τοῦ
1373 2681 1451 2715 Θεοῦ,
1480 2679 1570 2712 καθὼς
1597 2683 1645 2710 καὶ
1675 2683 1775 2710 ἄνωθεν

781 2768 896 2796 νΛΙὶΙᾹΞ
922 2768 1118 2797 LECTION

209 2810 230 2822 "
242 2818 274 2841 γα
280 2820 296 2844 μ
301 2811 399 2844 μάτων.
