1894 3072
60 161 130 196 ῙΟΞΙ

786 165 992 196 ΜΕΒΓΓΑΤΑ.

1606 167 1674 198 102

63 225 196 258 εἴρηταισ
220 223 266 250 καὶ
281 224 452 255 πιστεύοντες
468 225 639 259 τελειωθῆναι
666 225 775 256 τούτους
799 227 848 260 τῆς

912 225 963 252 lum
979 231 1004 253 et
1022 234 1103 261 supra
1125 227 1226 254 dictum
1248 227 1297 254 luit
1316 236 1322 254 τ
1343 231 1368 253 et
1388 226 1450 261 quia
1470 225 1607 253 credimus
1627 234 1674 253 cos

63 270 227 305 ἁγιωσύνης
257 271 295 305 τῷ
325 271 475 305 χρίσματι,
502 272 635 306 Χριστοὺς
664 272 777 306 Κυρίου,
802 273 849 298 καὶ

65 316 242 350 ἁγιωτάτους
267 316 502 350 κατονομάζομεν,
526 317 571 342 καὶ
601 317 849 351 στηλογραφοῦντες

68 360 208 394 μετὰτῶν
224 360 307 394 ἁγίων
321 361 366 386 καὶ
383 361 518 395 θεοφόρων
539 361 668 396 Πατέρων
685 361 773 396 ἡμῶν,
802 361 850 387 καὶ

68 406 206 441 axe-um};
217 406 410 440 ἀσπαζόμενοι,
433 405 677 440 πληροφοροι5μεθα
692 407 734 432 διὰ
748 406 850 432 τούτων

66 452 139 484 ἡμῖν
153 451 202 482 τὰς
217 451 301 486 θύρας
322 451 372 485 τῆς
394 451 529 486 βασιλείας
552 451 608 477 τῶν
639 451 761 486 οὐρανῶν
781 452 851 478 ἀίἰοε⁸

68 496 211 521 κλείεσθαι
234 496 280 521 καὶ
299 496 465 529 ἀνοίγεσθαι,
477 496 524 521 καὶ
549 496 592 522 διὰ
608 495 663 522 τῶν
676 496 788 530 χειλέων
802 496 850 522 αὐ-

67 539 124 564 τῶν
135 540 182 565 τὸν
199 540 264 565 Θεὸν
276 540 501 574 ἀποστοματίζειν
513 540 545 567 τὰ
567 541 705 574 μέλλοντα,
738 542 776 567 Οὐ
796 541 851 576 γὰρ

68 584 144 619 σὰρξ
167 586 213 610 καὶ
238 583 318 620 αἷμα,
343 586 400 612 ἀλλ’
423 585 437 611 ὁ
454 587 578 620 οὐράνιος
605 587 699 621 Πατὴρ
714 587 761 613 καὶ
786 587 852 618 Θεὸς

67 630 163 662 ἡμῶν,
181 631 195 656 ὁ
211 630 296 655 είπὼν
313 638 319 644 ·
343 631 387 657 Ἐν
401 632 461 662 ταῖς
484 632 600 666 ἡμέραις
623 632 740 663 ἐκείναις
762 633 850 667 ἐκχεῶ

70 675 126 700 ἀπὸ
141 675 190 700 τοῦ
211 675 364 709 πνεύματός
379 685 440 709 μου,
457 677 504 702 καὶ
519 677 544 703 οἱ
566 677 653 703 δοῦλοί
678 686 727 712 μου
747 687 853 713 προφη-

76 719 225 749 τεύσουσιν,
257 721 442 747 ἀποκαλύπτει
463 721 567 753 τούτοις
593 722 628 748 τά
654 723 719 749 ὄντα
745 724 792 750 καὶ
819 724 853 750 τὰ

87 763 202 797 σόμενα.
223 764 302 791 Οὕτω
326 765 381 799 γὰρ
396 766 442 792 καὶ
473 763 558 792 Σαοὺλ
579 768 608 793 ὲν
623 769 786 802 προφήταις,
807 770 853 796 καὶ

71 810 203 843 Καϊάφας
218 810 291 836 ἄκων
305 812 535 845 προεῳητεύσατο,
549 812 642 839 εἰπών·
653 813 792 849 Συμφέρει
805 815 853 842 ἕνα

70 855 225 882 ἀπολέσθαι
241 856 311 890 ὑπὲρ
327 857 373 882 τοῦ
391 856 456 883 λαοῦ
471 857 518 883 καὶ
534 858 603 893 ὑπὲρ
614 860 660 885 τοῦ
676 853 769 892 sevo-3c
786 870 854 888 παν-

70 899 130 930 τός.
152 900 182 925 '0
198 889 307 934 μὲνγὰρ
318 900 356 935 τῷ
368 901 497 936 χρίσματι
525 903 573 937 τῆς
589 889 727 937 βασιλείας
739 889 856 941 ὑπεθερ-
870 889 889 916 Β

74 946 199 980 μαίνετο,
211 947 224 971 ὁ
238 946 266 972 δὲ
276 946 324 980 τῆς
335 946 537 981 ἀρχιερωσύνης
560 950 591 982 τῇ
604 949 705 984 χάριτι.
717 948 772 976 Ἦν
788 951 853 985 γὰρ,

72 991 171 1024 φησὶν,
191 991 335 1025 ἀρχιερεὺς
354 991 398 1017 τοῦ
419 992 539 1018 ἐνιαυτοῦ
552 993 665 1020 ἐκείνου.
687 994 733 1020 Διδ
747 995 793 1021 καὶ
819 996 856 1027 ὼς

71 1035 157 1062 τόπον
172 1035 317 1070 ἐπέχοντες
328 1036 374 1062 τοῦ
385 1037 502 1071 Χριστοῦ
517 1038 562 1063 καὶ⁴
571 1038 638 1064 Θεοῦ
649 1038 736 1073 ἡμῶν,
745 1039 857 1071 δικαίως

72 1081 293 1114 ἀποσεμνύνουσι
307 1082 340 1107 τά
356 1082 466 1108 ἑκούσια
490 1083 563 1118 πάιοη
580 1084 672 1115 αὑτοῦ,
696 1085 743 1111 καὶ
757 1086 790 1111 τὰ
813 1085 857 1113 διὰ

72 1127 124 1161 τὴν
155 1127 294 1162 σωτηρίαν
310 1128 387 1162 ήμῶν
402 1129 579 1163 ἐπενεχθέντα
593 1130 680 1165 τούτῳ
700 1131 775 1166 παρὰ
803 1132 857 1158 τῶν

71 1173 232 1207 ἀχαρίστων
252 1173 385 1199 Ἰουδαίων
413 1173 562 1209 ὲφὺὃριστα
587 1176 640 1210 πρὸ
666 1175 713 1202 τοῦ
740 1177 857 1212 σταυροῦ

73 1218 123 1245 καὶ
142 1218 191 1253 τῆς
205 1218 386 1251 ἀναστάσεως.
398 1219 463 1246 Ποῖα
477 1220 505 1246 δὲ
515 1220 600 1247 ταῦτά
620 1222 700 1253 εἰσιν,
714 1222 858 1249 ἀκουσάτω

73 1267 90 1298 ἡ
107 1265 215 1298 ἱερότης
231 1273 288 1291 σου.
311 1265 367 1290 Κᾶν
385 1266 439 1300 γὰρ
468 1266 550 1296 κόπος
569 1265 684 1292 ἐνώπιόν
708 1267 757 1302 μού
784 1269 858 1294 ὲστιν

73 1310 128 1340 ἓως
140 1307 170 1336 οὗ
192 1310 304 1336 εἰσέλθω
322 1310 362 1341 εἰς
390 1311 420 1336 τὸ
435 1304 612 1346 ἀγιαστήριοῖι
641 1311 688 1337 τοῦ
711 1311 788 1344 Θεοῦ,
812 1313 859 1338 καὶ

76 1355 150 1380 συνῶ
164 1355 199 1380 τὰ
214 1355 242 1379 ὲν
258 1354 331 1390 αὐτῷ
344 1355 391 1381 καὶ
412 1355 474 1389 περὶ
496 1355 571 1387 αὐτὸ,
594 1355 652 1382 ἀλλ’
673 1357 688 1391 ἡ
709 1356 789 1391 χάρις
811 1357 858 1383 τοῦ

75 1399 214 1432 παναγίου
239 1398 396 1432 Πνεῦματος
419 1399 481 1433 ἢέν
511 1399 691 1434 πατριάρχαις
715 1409 859 1435 προτυπω-

76 1443 166 1474 οεῖσα,
178 1444 207 1468 ὲν
224 1445 376 1478 προφήταις
392 1443 624 1478 προκηρυχθεῖσα,
653 1445 682 1470 ἐν
699 1445 859 1477 ἀποστόλοις

76 1486 284 1521 Θεμελιωθεῖσα,
306 1488 334 1513 ὲν
361 1488 478 1521 μάρτυσι
493 1489 676 1521 τελειωθεῖσα,
693 1489 740 1517 καὶ
760 1491 788 1516 ὲν
805 1491 860 1526 ἱερ-

900 279 948 306 per
964 273 1120 299 unctionem
1139 272 1293 299 sanctitatis
1316 272 1418 306 perlici,
1436 276 1531 297 unctos
1556 271 1675 301 Domini,

899 321 926 343 et
950 317 1137 343 sanctissimos
1161 317 1338 351 appellamus,
1360 324 1392 343 ac
1414 316 1563 343 referentes
1584 323 1630 342 eos
1648 316 1675 342 in

900 369 1042 388 numerum
1054 366 1209 389 sanctorum
1222 366 1248 388 et
1260 362 1390 388 divinitus
1404 361 1552 387 amatorum
1567 360 1676 387 Patrum

900 412 1067 438 nostrorum,
1092 411 1119 434 et
1145 411 1267 432 amanter
1289 407 1362 440 ipsos
1387 407 1591 440 amplectentes,
1608 405 1675 432 certi

900 461 1005 486 sumus,
1034 453 1104 481 fores
1133 453 1209 487 regni
1224 453 1351 484 ~etleestis
1376 461 1424 487 per
1446 459 1493 479 eos
1516 452 1594 478 nobis
1621 457 1676 476 tum

900 499 1018 530 occludi,
1035 503 1091 525 tum
1110 498 1218 532 aperiri,
1237 502 1263 524 et
1286 505 1334 531 per
1355 498 1474 531 ipsorum
1497 497 1570 522 labra
1595 496 1677 522 Deum

901 544 974 570 velut
990 551 1036 570 ore
1051 544 1160 578 proprio
1182 543 1273 569 futura
1293 542 1425 576 proferre.
1448 541 1506 568 Non
1524 542 1595 568 enim
1616 548 1679 567 caro

901 590 928 613 et
948 587 1067 621 sanguis,
1083 587 1129 614 sed
1148 587 1266 614 cmlestis
1286 586 1330 612 ille
1348 586 1428 612 Pater
1447 593 1479 612 ac
1501 585 1571 612 Deus
1589 590 1680 611 noster

903 631 960 666 (qui
974 631 1056 658 dixit:
1073 631 1101 658 in
1115 631 1210 658 diebus
1227 632 1279 658 illis
1292 631 1426 658 eil‘undam
1441 631 1474 657 de
1490 629 1591 664 Spiritu
1609 636 1679 660 meo,

902 680 928 704 et
960 677 1031 705 servi
1062 677 1114 704 mei
1149 677 1392 711 vaticinabnntnr).
1423 676 1525 703 revelat
1555 675 1594 702 eis
1626 679 1679 700 tam

903 723 1061 758 praesentia,
1083 729 1163 757 quam
1187 722 1289 749 futura.
1310 722 1355 748 Sic
1381 721 1451 748 enim
1475 725 1501 748 et
1523 720 1588 747 Sanl
1612 719 1682 746 inter

903 767 1070 802 prophetas.
1102 770 1130 794 et
1157 766 1292 800 Caiaphas
1327 766 1428 792 invitus
1456 765 1596 791 oracttlum
1632 766 1682 790 hoc

905 812 1037 847 protulit:
1071 811 1183 845 Expedit
1213 819 1296 837 unum
1331 810 1419 844 perire
1451 817 1500 844 pro
1530 809 1629 844 popqu
1657 813 1684 836 et

905 864 953 891 pro
969 857 1018 883 hac
1037 856 1162 882 universa
1183 856 1303 882 natione.
1319 854 1385 881 Nam
1399 854 1443 881 ille
1455 861 1502 888 per
1528 854 1682 880 uin-tionem

907 902 1006 936 regiam
1027 901 1223 933 incalescebat,
1240 901 1284 928 hic
1303 908 1352 935 per
1367 900 1480 934 gratiam
1498 898 1682 934 pontificatus.

906 948 970 975 Erat
991 948 1072 980 enim,
1093 947 1192 982 inquit,
1216 946 1276 980 ejus
1303 945 1366 972 anni
1391 944 1511 978 pontifex
1537 942 1682 969 maximus.

906 995 1050 1029 Propterea
1073 992 1160 1020 nostri
1186 991 1356 1026 patriarchae,
1389 994 1517 1028 tanquam
1531 988 1685 1016 obtinentes

907 1030 995 1067 locum
1007 1039 1108 1067 Christi
1122 1037 1223 1073 Deique
1234 1037 1332 1068 nostri.
1344 1044 1397 1063 non
1412 1036 1460 1063 abs
1474 1043 1503 1062 re
1516 1034 1685 1061 voluntarios

908 1084 993 1119 ipsius
1008 1083 1158 1114 cruciatus,
1175 1086 1201 1109 et
1218 1082 1315 1116 probra
1336 1080 1433 1108 salutis
1450 1083 1549 1106 nostra:
1563 1085 1645 1105 causa
1660 1077 1685 1104 ei

908 1131 970 1154 ante
985 1134 1094 1154 crucem
1112 1131 1138 1153 ct
1155 1125 1384 1152 resurrectionem
1404 1123 1438 1150 ab
1455 1123 1570 1157 ingratis
1585 1121 1686 1148 Judzeis

908 1174 992 1206 illata,
1005 1180 1066 1200 cum
1082 1172 1214 1207 gravitate
1230 1173 1434 1205 repraesentant.
1451 1169 1516 1202 Qua:
1532 1173 1621 1194 autem
1640 1168 1685 1193 illa

909 1219 972 1249 sint,
997 1217 1089 1244 audiat
1111 1221 1157 1243 tua
1179 1216 1321 1243 sanctitas.
1352 1214 1420 1240 Nam
1450 1213 1559 1240 tametsi
1581 1211 1686 1238 videam

909 1272 951 1291 me
963 1264 1083 1290 laborem
1098 1262 1264 1292 subiturum,
1277 1261 1364 1287 donec
1375 1259 1511 1294 ingrediar
1523 1258 1548 1283 in
1562 1260 1687 1284 sanctua-

909 1310 980 1336 rium
1007 1308 1063 1340 Dei,
1086 1313 1199 1342 quaeque
1223 1306 1249 1332 in
1273 1312 1306 1332 eo
1333 1308 1408 1336 sunt,
1433 1307 1459 1330 ct
1485 1303 1556 1330 circa
1587 1302 1686 1336 ipsum,

909 1353 1056 1388 intelligam
1078 1361 1084 1379 :
1106 1351 1282 1378 nihilominus
1304 1349 1389 1377 sancti
1413 1348 1531 1384 Spiritus
1554 1348 1637 1382 gratia
1660 1347 1686 1372 in

910 1398 1075 1433 patriarchis
1095 1396 1280 1431 praeﬁgurata,
1301 1395 1328 1421 in
1353 1393 1491 1428 prophetis
1508 1397 1569 1419 ante
1584 1393 1690 1419 denun-

911 1445 988 1477 tiata,
1003 1444 1030 1470 in
1046 1441 1175 1477 apostolis
1190 1441 1314 1472 fundata,
1327 1440 1353 1466 in
1371 1439 1537 1474 martyribus
1550 1439 1688 1469 absoluta,

912 1490 939 1517 in
963 1489 1114 1516 hierarchis
1131 1488 1260 1515 decorata
1274 1507 1281 1520 ,
1297 1485 1517 1513 subministrabit
1538 1485 1688 1511 orationem

77 1533 178 1566 ἀρχαις
213 1533 462 1568 κατακοσμηθεῖσα,
478 1533 557 1560 δώσει
573 1534 651 1568 λόγον
661 1536 689 1561 ἐν
705 1536 803 1567 ἀνοίξει
812 1536 857 1563 τοῦ

912 1535 938 1578 in
958 1535 1095 1570 apertione
1112 1534 1168 1561 oris
1188 1533 1251 1560 mei.

78 1578 215 1611 στόματός
232 1587 294 1613 μου.

69 1616 78 1630 ί
115 1621 156 1647 Τὰ
178 1621 233 1647 τῶν
253 1622 427 1657 πατριαρχῶν
448 1622 503 1649 τῶν
522 1623 607 1657 ἁγίων
626 1624 793 1659 ὲπιμάνικα,
813 1627 861 1658 τὰς

79 1667 241 1700 γειροπέδας
256 1667 302 1692 τοῦ
319 1667 420 1702 Κυρίου
436 1667 593 1700 δοξάζουσιν
606 1689 614 1700 ,
630 1669 663 1700 ἃς
677 1670 746 1696 ἑκὼν
759 1671 861 1707 ὑπέστη

78 1711 126 1738 διὰ
154 1713 203 1746 τὴν
231 1713 368 1747 σωτηρίαν
398 1713 495 1747 ἡμῶν,
522 1715 593 1741 κατὰ
622 1717 767 1750 μαστιγίαν
796 1717 864 1751 πρὸς

80 1757 212 1791 Καϊάφαν
228 1758 370 1792 ἀγόμενος.
385 1758 425 1785 Τὰ
442 1759 630 1794 ὲπιτραχήλια,
648 1761 678 1786 τὺ
702 1761 864 1796 φραγέλλιον

79 1803 113 1828 τδ
128 1801 245 1828 ὲλκὺσαν
270 1803 319 1837 τὴν
340 1802 412 1838 ζωὴν
435 1803 501 1838 πρὸς
523 1804 568 1830 τὸν
591 1804 713 1831 θάνατον.
738 1806 779 1832 Τὰ
795 1807 866 1840 μετὰ

83 1847 224 1881 ποταμίων
236 1847 372 1882 στιχάρια,
380 1848 442 1878 τοὺς
453 1849 583 1883 κρουνοὺς
590 1850 636 1875 τοῦ
645 1850 758 1884 αἵματος
766 1851 864 1878 καὶτοῦ

82 1892 180 1924 ὓδατος
193 1912 201 1924 ,
218 1893 281 1923 τοὺς
306 1894 337 1920 ὲκ
357 1893 406 1928 τῆς
420 1894 493 1925 θείας
511 1894 629 1929 πλευρᾶς
650 1896 864 1929 ἁποστάξαντας.

83 1938 145 1964 Τῶν
156 1939 288 1972 γονατίων
303 1938 337 1964 τὰ
349 1938 531 1974 ὲπιὸλήματα,
546 1940 592 1966 τοῦ
608 1940 711 1967 λεντίου
728 1942 760 1967 τὸ
775 1943 865 1976 ἐγχει-

85 1984 179 2017 ρίδιον,
196 1983 228 2009 δι’
243 1979 274 2010 οὗ
291 1985 353 2015 τοὺς
376 1984 461 2016 πόδας
481 1986 495 2011 ὁ
519 1985 620 2020 Κύριος
640 1985 693 2012 τῶν
711 1986 866 2014 ἀποστόλων

84 2029 256 2064 ἀπέσμηξεν.
272 2030 303 2056 Οἱ
317 2031 427 2061 σάκκοι,
442 2030 491 2065 τὴν
506 2030 615 2065 χλαῖναν
630 2032 677 2065 τῆς
695 2031 810 2066 ὕϐρεως.
827 2033 868 2059 Τὰ

84 2076 240 2110 ὼμοφόρια,
256 2075 305 2109 τὴν
320 2076 352 2102 ἐκ
363 2076 410 2102 τοῦ
427 2075 490 2111 ᾅδου
507 2076 574 2110 πρὸς
590 2076 704 2110 οὐρανὸν
727 2077 774 2104 τοῦ
791 2087 868 2113 πρω-

84 2121 237 2148 τοπλάττου
248 2121 406 2156 μετάδοσιν.
416 2121 456 2149 Τὰ
464 2122 508 2147 διὰ
515 2122 720 2157 πολυσταυρίων
732 2124 867 2157 φαινόλια,

85 2166 133 2193 ’τοὸ
146 2166 239 2200 τιμίου
253 2165 369 2200 σταυροῦ
386 2168 435 2201 τὴν
451 2167 621 2201 παγκόσμιον
637 2168 714 2200 δόξαν
728 2169 775 2195 καὶ
790 2169 869 2196 δύνα-

947 1628 1109 1655 Sanctorum
1139 1624 1354 1661 patriarcharum
1385 1622 1554 1659 epimanica,
1584 1621 1692 1648 Domini

914 1674 1036 1700 manicas
1054 1672 1203 1704 celebrant,
1218 1679 1287 1705 quas
1299 1671 1394 1698 volens
1409 1669 1541 1697 sustinuit
1566 1668 1599 1694 ob
1617 1667 1691 1694 salu-

914 1723 968 1746 tem
984 1723 1115 1749 nostram,
1134 1725 1195 1744 cum
1212 1717 1298 1744 instar
1314 1715 1474 1743 verberonis
1495 1714 1527 1740 ad
1544 1714 1691 1747 Caiapham

915 1764 1072 1790 duceretur.
1101 1762 1231 1793 Collaria,
1250 1761 1338 1787 lorum
1364 1760 1441 1792 illud,
1458 1758 1531 1793 quod
1559 1758 1642 1785 vitam
1658 1757 1690 1783 nd

916 1812 1031 1835 mortem
1045 1807 1135 1834 traxit.
1152 1806 1264 1833 Tunicae
1278 1804 1375 1832 ﬂuvios
1393 1805 1536 1834 habentes.
1551 1803 1693 1836 sanguinis

917 1857 944 1880 et
959 1860 1036 1885 aqua:
1060 1852 1144 1883 rivos,
1157 1853 1203 1886 qui
1222 1859 1253 1878 ex
1286 1850 1378 1891 divino
1398 1850 1483 1876 latere
1507 1849 1691 1876 desliilarunl.

916 1893 1040 1923 Genuum
1065 1896 1192 1927 amictus,
1221 1895 1281 1928 ejus
1307 1895 1382 1922 lintei
1410 1894 1615 1922 documentum.
1641 1900 1694 1926 quo

916 1941 998 1975 pedes
1042 1940 1227 1974 apostolorum
1266 1939 1397 1966 Dominus
1435 1939 1558 1966 extersit.
1604 1937 1694 1967 Sacci,

917 1986 1030 2021 pallium
1044 1985 1110 2012 illud
1127 1985 1298 2013 contumelia:
1314 1988 1395 2019 atque
1418 1984 1567 2018 opprobrii.
1597 1983 1696 2009 llumc-

918 2031 998 2062 ralia,
1014 2030 1144 2066 primitivi
1176 2030 1321 2057 transitum
1347 2030 1380 2056 ab
1414 2029 1510 2055 inferis
1532 2027 1564 2054 ad
1585 2028 1693 2054 (mlum.

917 2074 1011 2102 Multis
1050 2074 1185 2109 insignitae
1225 2074 1353 2101 crucibus
1384 2073 1500 2107 penulaz.
1535 2071 1696 2098 \‘eucrantlu‘.

919 2119 1010 2147 crucis
1029 2120 1208 2147 universalem
1221 2119 1334 2153 gloriam
1352 2123 1431 2152 atque
1444 2121 1614 2151 potestatem.
1631 2117 1696 2148 Quae
1715 2122 1718 2125 ‘

920 2165 1026 2192 suntin
1055 2165 1098 2192 his
1119 2165 1266 2199 triangula,
1293 2163 1408 2198 lapidem
1435 2163 1509 2188 illum
1540 2162 1694 2196 angularem

87 2222 145 2248 μιν,
158 2213 200 2239 Τὰ
215 2213 243 2239 ὲν
253 2212 357 2244 τούτοις
365 2212 507 2248 τριγώνια,
519 2212 564 2239 τὸν
576 2213 771 2248 ὰκρογωνιαῖον
783 2214 861 2246 λίθονη

920 2211 1058 2238 Christum
1075 2210 1158 2238 Deum
1174 2214 1309 2242 nostrum,
1321 2209 1367 2244 qui
1382 2209 1519 2243 disjuncta
1542 2208 1695 2241 conjunxtt.

86 2259 204 2293 Χριστὸν
217 2258 261 2284 τὸν
273 2258 338 2285 Θεὸν
349 2258 437 2292 ἡμῶν,
453 2258 498 2284 τὸν
512 2258 547 2284 τὰ
559 2258 689 2285 διεστῶτα
703 2259 867 2294 συνάψαντα.

87 2304 142 2331 Καὶ
159 2304 188 2330 αι
205 2304 297 2338 ῥάϐδοι
317 2303 362 2329 τὸν
377 2303 517 2337 κάλαμον,
539 2304 584 2329 τὸν
599 2304 648 2338 τὴν
669 2305 804 2339 σωτηρίαν
821 2305 868 2331 τοῦ

86 2350 183 2383 γένους
210 2348 265 2374 τῶν
290 2348 441 2383 ἀνθρώπων
469 2348 740 2383 καλλιγραφήσαντα.
769 2350 825 2376 Καὶ
856 2351 870 2376 ὁ

89 2396 196 2429 μάρτυς
216 2395 245 2420 ὲν
258 2393 364 2429 ούρανῷ
381 2394 484 2425 πιστός.
513 2394 580 2421 Ἀπὸ
593 2394 657 2428 γοῦν
671 2394 726 2421 τῶν
740 2395 810 2421 οὕτω
825 2395 869 2422 δε-

87 2440 261 2474 δοξασμένων
282 2440 434 2472 ἀγακλεῶς,
451 2440 497 2467 καὶ
514 2441 554 2470 εἰς
578 2440 663 2466 τύπον
679 2441 870 2468 καταστάντων

87 2486 134 2512 τοῦ
148 2485 275 2519 ἀληθινοῦ
289 2485 407 2520 Χριστοῦ
423 2486 470 2512 καὶ
485 2484 552 2511 Θεοῦ
564 2485 652 2520 ἡμῶν,
667 2486 743 2517 ποῖός
758 2495 800 2516 τις
810 2487 870 2512 τολ-

90 2530 192 2565 μητίας
207 2531 253 2556 καὶ
269 2529 466 2564 θρασυκάρδιος
482 2529 614 2563 ἀφέληταί
630 2537 657 2555 τι
677 2529 780 2555 δίκαιον
797 2530 872 2564 ἱερα-

89 2576 166 2602 τικὸν
181 2576 371 2610 ὁπωσδήποτες
389 2575 500 2605 Πάντως
515 2574 611 2604 οὐδείς.
634 2574 758 2601 ’Λκούσει
772 2575 825 2610 γὰρ
840 2575 873 2601 ἐκ

91 2620 138 2646 τοῦ
155 2619 329 2654 Βεοπάτορος·
342 2620 378 2645 Συ
399 2619 427 2645 δὲ
446 2618 548 2645 ἀπώσω
567 2619 614 2645 καὶ
627 2619 808 2650 ἐξουδένωσας
827 2619 872 2644 τὸν

91 2666 211 2700 Χριστόν
233 2673 290 2696 σου,
309 2665 355 2691 καὶ
380 2665 409 2691 τὸ
434 2664 557 2698 ἁγίασμα
582 2664 663 2690 αὐτοῦ
689 2663 870 2698 ὲόεὸήλωσας.

93 2712 201 2745 Ὠσπερ
218 2711 306 2736 τοίνυν
328 2710 378 2737 οὐκ
402 2710 488 2742 ἔξεστι
503 2710 556 2735 τῶν
576 2709 701 2735 ἁπάντων
717 2709 769 2734 τινὶ
785 2709 873 2741 λέγειν

92 2757 159 2790 περὶ
172 2756 218 2782 τοῦ
236 2757 294 2785 ἑνὸς
305 2756 422 2790 Χριστοῦ
436 2755 481 2781 καὶ
497 2754 563 2781 Θεοῦ
579 2754 667 2789 ὴμῶν,
683 2754 770 2785 ἄλλως
783 2754 831 2788 μὲν
846 2755 873 2781 ὲν

91 2802 163 2836 -τῷδε
184 2802 232 2836 τῆς
253 2802 413 2836 οἰκουμένης
434 2801 472 2835 τῷ
489 2801 600 2835 κλίματι
618 2800 809 2834 παρουσιάζειν
829 2801 874 2826 καὶ

96 2847 307 2880 μεγαλὺνεσηαι,
326 2848 410 2877 ἄλλως
435 2847 456 2872 δ’
479 2847 507 2871 ἐν
529 2847 624 2880 ἐκείνῳ
640 2846 812 2878 δοξέιξεσοαι,
833 2846 873 2871 ἴντ

920 2256 1024 2288 Baculi,
1046 2255 1208 2283 arundinem
1239 2256 1324 2287 illam,
1356 2263 1416 2289 quae
1447 2255 1562 2281 salutem
1590 2254 1696 2288 generis

921 2302 1031 2329 humani
1043 2301 1149 2336 egregie
1175 2300 1308 2335 depinxit.
1336 2300 1425 2327 Testis
1453 2301 1480 2326 in
1504 2300 1573 2326 caelo
1601 2299 1697 2326 ﬁdelis.

921 2347 1090 2374 Patriarchis
1104 2354 1169 2381 ergo
1185 2351 1240 2372 tam
1267 2346 1396 2380 praeclare
1424 2345 1587 2376 nobilitatis,
1615 2349 1641 2371 et
1671 2353 1696 2370 lll

922 2392 1097 2419 simulacrum
1110 2391 1166 2419 veri
1182 2390 1283 2418 Christi
1295 2398 1326 2418 ac
1344 2390 1390 2417 Dei
1412 2391 1499 2417 nostri
1528 2390 1697 2420 constitutis,

922 2437 982 2471 quis
997 2437 1063 2464 adeo
1075 2437 1234 2463 temerarius
1250 2441 1276 2463 et
1298 2436 1386 2462 audax
1411 2435 1506 2466 fuerit,
1534 2440 1562 2461 ut
1580 2435 1626 2469 jus
1648 2435 1698 2460 ali-

922 2482 994 2516 quod
1009 2481 1177 2509 sacerdotale
1189 2489 1353 2516 quocunque
1367 2481 1445 2509 modo
1457 2481 1577 2508 adimat?
1589 2481 1699 2507 onminn

923 2527 1026 2553 nullus.
1040 2526 1140 2553 Audiet
1153 2527 1224 2553 enim
1239 2534 1254 2552 a
1283 2527 1383 2554 Christi
1415 2532 1491 2561 patre
1517 2526 1636 2552 Davide:
1658 2524 1698 2552 Tu

922 2575 1013 2598 autem
1041 2571 1166 2605 repulisti
1190 2576 1217 2598 ct
1239 2572 1396 2598 annihilasli
1426 2577 1536 2598 unctum
1565 2576 1651 2601 tuum,
1671 2575 1699 2597 et

923 2616 1164 2644 sanctilicalionem
1196 2617 1255 2650 ejus
1281 2617 1443 2651 prolanasti.
1465 2616 1698 2649 Quemadmodum

923 2670 987 2696 ergo
1008 2661 1109 2689 nemini
1125 2661 1216 2689 dicere
1229 2662 1292 2689 licet
1308 2662 1341 2689 dc
1371 2669 1425 2688 uno
1451 2662 1561 2688 Clu-isto
1592 2661 1700 2695 Dcoquc

925 2711 1030 2740 nostro,
1042 2707 1114 2741 quod
1129 2707 1209 2734 aliter
1221 2708 1248 2734 in
1262 2708 1312 2735 hoc
1328 2709 1402 2735 orbis
1419 2711 1504 2734 tractu
1522 2707 1557 2734 sit
1580 2715 1699 2741 praesens

925 2760 950 2780 ct
964 2751 1163 2786 magniﬁcctur,
1177 2753 1255 2780 aliter
1270 2753 1295 2779 in
1311 2753 1356 2780 illo
1368 2753 1556 2787 glorilicetur;
1574 2760 1606 2779 nc
1622 2760 1700 2780 vesa-

927 2798 978 2825 nia:
995 2803 1122 2825 extrema:
1149 2805 1224 2824 reum
1253 2806 1282 2826 sc
1303 2799 1394 2830 l‘acint,
1424 2803 1451 2825 ct.
1476 2799 1508 2825 ad
1536 2798 1699 2831 impietatem

928 2843 1078 2870 exorbitet:
1096 2843 1134 2870 sic
1147 2844 1226 2870 ctiam
1254 2852 1332 2870 nemo
1357 2845 1564 2878 patriam-halent
1592 2851 1699 2871 sacram
