1894 3072
189 144 200 174 1
224 145 258 174 ΞἛ

187 205 392 238 amplitudinem
408 205 489 231 dividi
505 204 603 232 debere
618 205 724 236 dixerit,
751 206 789 233 uti
802 206 842 232 vel
855 206 954 239 majora

186 250 226 276 vel
243 250 346 276 minora
378 250 472 276 habent
502 251 651 284 privilegia.
675 251 843 285 Quapropter
871 252 952 278 etiam

184 297 314 321 statutum
328 299 379 324 est.
394 300 422 321 ut
445 295 471 322 in
503 297 598 329 quavis
623 296 736 322 ecclesia
761 296 818 328 Dei,
839 296 897 323 sive
920 295 952 322 ad

184 338 359 372 Euphratem,
373 341 429 366 sive
441 342 472 367 ad
489 341 607 375 Tigrim,
625 341 682 368 sive
699 341 732 367 ad
747 342 834 375 ipsum
851 341 952 375 pertin-

182 387 228 416 gat
238 382 387 415 Oceanum,
401 385 565 418 conjunctim
594 393 686 412 eorum
701 386 808 411 nomina
834 385 954 412 referan-

183 433 238 454 tur.
264 429 433 463 Acceperunt
465 431 555 462 enim,
586 431 626 457 uti
661 431 793 465 scriptum
827 430 951 465 legimus,

182 474 307 507 regiones
338 475 477 507 (gentium;
498 479 525 501 et
547 483 641 502 eorum
668 476 757 502 throni
779 479 844 502 sunt
866 476 953 501 instar

181 518 252 549 iunge
266 519 400 553 perfectae,
416 527 448 547 ac
461 520 527 547 solis
543 521 628 546 instar
644 528 735 547 coram
755 527 796 548 me
808 524 881 547 sunt.

216 607 268 635 Sed
287 608 356 635 dicet
370 608 487 642 aliquis:
504 608 571 635 Cum
589 609 672 636 divini
688 613 714 636 et
739 609 810 636 sacri
829 615 950 635 canones

180 653 441 689 velut‘arvipcndio
479 653 594 688 qttodam
632 655 795 689 patriarchis
834 658 951 688 quatuor

179 697 253 724 orbis
266 685 363 731 Ipartes
390 685 589 730 distribiterint,
614 685 660 731 qui
678 699 716 729 ﬁt,
736 703 764 725 ut
785 685 849 733 ipse.
867 698 950 726 semel

180 746 281 769 statuta
296 743 508 777 transgrediens,
524 743 590 770 velis
604 751 650 770 eas
663 743 747 770 instar
762 744 843 770 unius
857 743 949 770 haberi

180 791 334 825 provinciae,
347 799 459 825 qumque
474 792 560 818 divisa
582 796 654 818 recte
665 797 738 822 sunt,
753 791 822 818 male
839 790 950 818 confun-

179 835 261 862 dere?
277 836 315 862 Ad
344 836 412 862 ltanc
434 835 612 870 objectiouem
635 836 841 870 respondemus,
867 843 949 870 posse

179 881 278 914 puriter
289 884 316 906 et
332 881 388 907 lucc
400 881 453 906 vim
468 888 543 908 suam
566 881 698 912 obtinere,
723 881 948 914 quemadmodum

178 932 192 951 a
204 926 308 952 sanctis
321 925 448 953 Patribus
464 927 567 952 sancita
585 926 641 952 sint
652 946 659 958 ,
676 930 703 952 et
715 931 803 953 tamen
823 927 949 953 identita-

177 974 228 996 tem
242 971 349 997 unionis
361 979 412 997 non
423 971 562 997 confundi.
575 970 669 1005 Opifex
679 971 723 997 ille
737 971 817 1005 hujus
829 971 948 997 universi

175 1015 258 1047 Deus,
277 1016 319 1048 qui
335 1016 468 1042 hominem
492 1014 568 1042 suam
587 1015 620 1042 ad
642 1015 785 1049 imaginem
816 1015 904 1046 tinxit,
921 1018 948 1040 et

176 1066 263 1093 regem
278 1060 444 1086 terrestrium
459 1059 609 1090 constituit,
635 1059 682 1093 qui
708 1059 815 1086 crelitus
840 1066 947 1093 regere-

175 1108 229 1136 tur,
247 1104 408 1137 prtedicatur
421 1104 466 1129 ille
480 1103 589 1137 quidem
605 1110 664 1129 cum
679 1107 791 1137 propter
816 1103 946 1136 reliquam

177 1147 296 1180 ﬁgmenti
314 1147 396 1181 hujus
411 1147 537 1173 eximiam
556 1154 730 1181 compagem;
753 1151 808 1173 tum
826 1146 896 1180 quod
913 1153 946 1172 ex

176 1192 320 1218 immortali
350 1192 459 1226 partim,
485 1192 582 1226 partim
613 1192 720 1219 mortali
746 1193 872 1224 mistura,
897 1199 946 1218 vas

175 1237 239 1263 illud
255 1241 316 1271 apte
332 1236 456 1263 ﬂuxerit:
474 1237 546 1270 qttod
575 1244 641 1264 sane
655 1245 714 1264 cum
743 1237 802 1264 loco
827 1237 946 1265 circum-

175 1282 319 1312 scribatur,
336 1282 441 1308 rzttione
458 1281 594 1308 crassitiei
607 1281 736 1311 carnalis.
753 1286 841 1308 ntente
855 1285 944 1308 tamen

174 1333 205 1352 ca
219 1330 330 1359 spectat,
347 1332 406 1359 qua:
417 1324 458 1351 vel
484 1324 652 1358 apudGades
679 1324 824 1352 exsistunt.
852 1322 945 1356 Neque

175 1371 264 1397 minus
274 1371 297 1398 ei
313 1370 504 1404 majestatisex
519 1377 550 1396 eo
565 1369 704 1401 tribuitur,
718 1368 790 1404 quod
805 1368 943 1395 hominum

174 1416 254 1442 vitam
273 1423 319 1448 per
334 1415 455 1449 quinque
474 1422 571 1442 sensus
593 1414 648 1448 regi
678 1414 803 1444 voluerit,
828 1420 943 1447 quorum

174 1461 286 1494 quilibet
303 1461 356 1486 vim
373 1460 423 1486 sibi
437 1460 598 1494 peculiarem
612 1459 773 1490 vindicaret,
789 1465 850 1484 cum
874 1457 944 1484 inte-

174 1507 224 1533 rim
239 1507 395 1533 societatem
412 1509 533 1532 mutuam
547 1511 599 1530 non
615 1503 758 1538 abnegent.
781 1503 857 1529 Licet
870 1502 940 1529 enim

173 1557 310 1586 aspectus,
323 1550 396 1576 verbi
414 1550 510 1583 gratia,
522 1556 621 1575 munus
632 1548 681 1574 sibi
695 1548 826 1574 divinitus
853 1547 943 1581 injun-

172 1601 246 1622 ctum
273 1595 352 1621 ctiam
378 1602 427 1628 pro
453 1602 501 1621 sua
516 1598 592 1627 parte
615 1592 747 1619 duntaxat
782 1592 871 1623 obeat,
892 1599 941 1618 ceu

174 1640 294 1666 debitum
323 1638 459 1672 quoddam
486 1638 661 1672 persolvens,
690 1637 717 1663 in
746 1644 798 1670 quo
832 1636 942 1662 minime

173 1684 297 1718 cognatis
312 1691 325 1709 a
338 1683 463 1710 sensibus
483 1682 637 1715 impeditur,
666 1688 835 1716 nequaquam
852 1684 941 1707 tamen

172 1730 205 1756 ab
220 1729 316 1756 horum
333 1729 461 1755 societate
477 1727 611 1758 avellitur,
641 1727 688 1754 sed
708 1727 766 1753 vult
787 1733 834 1754 eos
852 1725 940 1760 digni-

171 1776 235 1802 tatis
265 1782 320 1801 suae
350 1773 493 1808 participes
522 1779 601 1803 esse,
634 1776 794 1806 mutuasque
817 1771 941 1798 conferre

170 1828 267 1855 operas
284 1822 370 1846 instar
386 1819 497 1845 lidarum
516 1818 686 1849 ancillarum,
703 1817 734 1844 ad
747 1816 896 1843 curandum
913 1816 939 1843 id

169 1874 279 1900 c0rpus,
293 1865 337 1892 cui
352 1872 447 1891 sensus
465 1864 488 1890 hi
505 1864 559 1890 dati
576 1867 648 1891 sunt.
661 1863 794 1890 Praeterea
823 1866 941 1889 meretur

169 1910 386 1940 admirationem,
405 1907 475 1941 quod
495 1907 641 1941 quemlibet
662 1907 759 1933 horum
786 1907 940 1940 geminave-

170 1955 222 1986 rit;
244 1959 274 1981 ut
302 1954 408 1980 tametsi
441 1954 530 1987 perire
553 1953 697 1987 contigerit
723 1960 818 1984 unum,
849 1956 938 1978 tamen

169 2001 290 2035 reliquus
305 2000 378 2026 illius
392 1991 472 2026 etiam
486 1999 572 2025 vicem
589 1998 708 2032 impleat,
729 2004 780 2025 nec
808 1997 939 2023 adversus

168 2053 230 2073 eum
246 2045 407 2072 insolescant
421 2051 518 2070 sensus
533 2043 624 2069 adhuc
641 2043 749 2077 integri,
776 2041 822 2069 sed
849 2041 939 2075 potius

167 2092 191 2117 ci
208 2091 378 2120 condoloant,
394 2098 426 2115 ne
455 2089 571 2115 ludibrio
597 2088 790 2122 paterfamilias
816 2088 936 2121 ipsorum

168 2136 312 2162 habeatur.
329 2134 433 2168 Quippe
458 2134 480 2160 si
499 2133 643 2168 contigerit
671 2134 828 2164 alterutram
845 2139 937 2159 aurem

168 2181 290 2207 inutilem
307 2180 393 2210 reddi,
406 2187 458 2205 non
471 2179 586 2212 amplius
612 2179 703 2209 ltomo,
719 2182 838 2204 creatum
858 2177 937 2211 longe

167 2224 390 2259 pulcherrimum,
413 2222 547 2256 perfectus
564 2226 591 2248 et
612 2222 768 2250 incolumis.
788 2225 815 2248 et
830 2221 935 2255 qualem

166 2270 238 2297 Deus
251 2269 381 2299 condidit,
408 2275 467 2295 esse
499 2268 613 2300 dicitur;
643 2267 690 2294 sed
714 2267 801 2293 instar
826 2266 936 2293 abortus

165 2314 288 2345 habetur,
315 2321 374 2339 cum
405 2320 419 2338 a
444 2313 553 2347 reliquis
571 2317 686 2347 quatuor
711 2312 846 2343 sensibus,
872 2311 935 2337 licet

165 2359 315 2386 incolumes
328 2358 391 2387 sint,
404 2357 495 2383 auxilii
507 2357 572 2383 nihil
585 2358 691 2383 haheat.
704 2356 934 2388 Quemadmodum

164 2411 228 2437 ergo
246 2403 367 2436 quolibet
385 2410 467 2428 sensu
483 2410 581 2429 utttnus
597 2410 675 2429 sttttm
701 2402 839 2436 implente,
855 2405 935 2428 cate-

164 2455 254 2474 rorutn
274 2454 351 2473 usum
366 2454 418 2473 non
443 2446 605 2477 inliciamur,
627 2455 678 2473 nec
704 2446 864 2473 dantttamus
888 2453 935 2473 eos

165 2497 292 2526 tanquam
307 2491 393 2518 ftndos
413 2495 439 2517 et
450 2491 572 2524 inutiles,
588 2495 729 2525 propterea
743 2491 813 2525 quod
828 2491 934 2525 gemina

163 2538 267 2564 ratione
291 2545 343 2563 non
368 2536 423 2564 sint
449 2536 582 2569 el‘licaces,
608 2536 832 2570 quemadmodum
856 2540 934 2563 erant

163 2582 275 2614 conditi,
288 2582 333 2608 sed
348 2581 437 2616 potius
454 2581 493 2607 eis
509 2581 629 2607 favemus
647 2579 755 2615 (quippe
772 2581 795 2606 si
815 2588 885 2606 unus
900 2588 932 2607 ex

161 2628 211 2656 eis.
228 2627 267 2654 uti
283 2627 384 2653 dictum
402 2631 452 2657 est,
469 2626 495 2652 in
508 2626 665 2652 universum
682 2624 828 2656 defecerit;
843 2629 928 2652 totum

160 2679 260 2704 corpus
285 2672 380 2698 inutile
403 2671 538 2702 redditur,
564 2673 591 2695 et
614 2669 648 2695 ab
675 2669 830 2697 hominibus
857 2670 928 2697 haud

159 2717 238 2742 aliter
256 2716 366 2742 habetur
386 2720 467 2749 atque
495 2715 517 2741 si
541 2721 595 2741 non
613 2714 774 2747 exsisteret),
791 2715 830 2741 sic
848 2716 928 2742 etiam

158 2760 300 2792 quinarius
322 2760 538 2794 patriarcharum
570 2762 642 2786 recte
656 2763 736 2793 atque
751 2760 846 2787 Ordine
869 2768 928 2787 sesc

159 2808 243 2837 geret.
261 2804 325 2831 Nam
338 2806 450 2839 quilibet
465 2805 561 2831 horum
587 2804 849 2832 administrationem
876 2807 926 2834 sibi

793 145 893 175 TllEO
899 146 929 175 υ.
955 146 998 174 B.\
1004 145 1191 177 LSAMONIS

1714 145 1784 177 102i

969 210 992 238 Α
1008 207 1043 240 μὴ
1059 206 1248 241 παραπληξίας
1261 205 1375 240 ἐσχάτης
1389 206 1537 241 κατακριθῇ
1548 226 1557 238 ,
1573 206 1619 232 καὶ
1634 206 1703 240 πρὸς
1716 206 1782 232 δυσ-

1005 251 1111 277 σέὸειαν
1127 251 1315 286 μετακυλισθῇ,
1332 251 1415 282 οὕτως
1429 251 1489 277 οὐδὲ
1508 253 1557 286 τὴν
1571 252 1778 286 πατριαρχικὴν

1004 296 1077 323 θείαν
1096 296 1289 330 μεγαλειότητα
1303 295 1452 330 διαιρετέαν
1476 296 1546 322 εῐποι
1565 304 1608 326 τις
1624 293 1696 322 εἶναι
1707 315 1714 326 ,
1731 297 1779 321 καὶ

1003 341 1069 376 πρὸς
1081 341 1191 375 μείζονα
1202 341 1248 367 καὶ
1258 340 1385 367 ἐλάττονα
1396 341 1529 376 προνόμια
1541 341 1777 375 μεταπίπτουσαν.

1003 385 1048 420 Τῷ
1066 394 1106 410 τοι
1120 385 1166 411 καὶ
1190 385 1308 411 δέδοκται
1339 385 1407 411 κατὰ
1429 386 1517 411 πᾶσαν
1537 385 1696 419 ἐκκλησίαν,
1714 386 1779 419 περὶ

1001 430 1046 456 τὸν
1063 430 1218 464 Εὐφράτην.
1230 430 1277 456 καὶ
1287 429 1416 464 Τίγρητα,
1426 431 1472 456 καὶ
1483 430 1562 456 αὑτὸν
1575 431 1722 464 διήκουσαν
1734 430 1780 456 τὸν

1001 474 1135 505 ὠκεανὸν,
1149 475 1235 500 ἰλαδὸν
1257 475 1354 505 αὐτοὺς
1368 475 1559 508 ἀναφέρεσθαι.
1576 475 1693 501 Ἔλασον
1712 475 1777 509 γὰρ,

1001 521 1077 554 φησὶ,
1090 520 1179 554 χώρας
1192 519 1274 546 ὲθνῶν
1284 539 1290 550 ,
1301 520 1346 546 καὶ
1358 521 1383 545 οἱ
1398 520 1485 554 θρόνοι
1497 520 1586 546 αὐτῶν
1598 520 1664 546 ὡσεὶ
1676 528 1778 554 κατηρ-

1001 565 1113 598 τισμένη
1131 563 1239 598 σελήνη,
1254 564 1301 590 καὶ
1317 564 1354 594 ὡς
1368 563 1442 598 ἥλιός
1456 565 1525 590 είσιν
1543 565 1662 590 ἐναντίον
1678 573 1742 598 μου.

1041 607 1109 634 Ἀλλ’
1122 608 1180 642 ὲρεῐ
1197 616 1257 638 τιςο
1283 608 1337 633 Καὶ
1364 608 1422 639 πῶς
1449 608 1502 634 τῶν
1529 608 1609 634 θείων
1627 609 1676 634 καὶ
1697 608 1778 642 ἱερῶν

1001 653 1118 679 κανόνων
1134 652 1170 684 ὡς
1185 654 1213 678 ὲν
1231 652 1338 687 σχοινία)
1361 652 1536 687 κληροδοσίας
1557 653 1776 687 ὲπιμερισάντων

999 698 1056 728 τοῖς
1071 697 1253 731 πατριάρχαις
1266 697 1316 730 τῆς
1329 697 1488 730 οἰκουμένης
1501 698 1550 731 τὴν
1565 697 1775 732 τετραμέρειαν,

999 741 1078 772 αὐτὸς
1089 741 1258 775 ὑπερΰαίνων
1271 741 1304 768 τὰ
1318 741 1430 773 δόξαντα
1443 742 1527 772 θέλεις
1539 742 1576 772 ὡς
1589 742 1653 776 μίαν
1668 741 1777 776 ὲνορίαν

998 785 1099 817 ταύτας
1114 786 1266 820 λογίζεσθαι
1280 807 1287 818 ,
1304 786 1351 812 καὶ
1375 787 1499 821 συγχέειν
1515 786 1607 817 κακῶς
1620 787 1655 814 τὰ
1674 787 1776 821 διαιρε-

1000 831 1079 857 θέντα
1095 831 1201 862 καλῶς;
1218 831 1307 865 Φαμὲν
1321 828 1366 857 οῦν
1382 831 1450 865 πρὸς
1465 831 1513 865 τὴν
1527 831 1655 865 τοιαύτην
1671 831 1776 857 ἀντίθε-

963 871 986 900 Β
1000 884 1051 907 σιν,
1065 875 1100 906 ὡς
1114 875 1171 902 ἔστι
1183 875 1229 902 καὶ
1241 875 1325 902 ταῦτα
1334 877 1443 910 κρατεῖν
1455 875 1544 906 καθὼς
1559 875 1611 901 ὑπὸ
1622 876 1676 901 τῶν
1690 876 1775 908 ἁγίων

999 921 1127 954 Πατέρων
1143 921 1326 953 τεθέσπισταὶ,
1347 921 1393 947 καὶ
1408 920 1457 955 τὴν
1475 921 1627 954 ταυτότητα
1642 920 1694 955 τῆς
1713 920 1775 947 ἑνῶ-

999 973 1073 992 σεωε
1084 965 1120 1000 μὴ
1138 965 1307 1000 συγχέεσθαι.
1333 964 1362 991 Ὁ
1377 965 1545 999 Δημιουργὸς
1557 965 1611 992 τῶν
1627 965 1695 992 ὅλων
1710 966 1775 996 Θεὸς

997 1010 1057 1036 κατ’
1072 1010 1174 1036 οἰκείαν
1192 1010 1282 1036 είκόνα
1306 1010 1531 1045 πλαστουργήσας
1552 1010 1597 1037 τὸν
1613 1010 1773 1045 ἄνθρωπον,

998 1055 1044 1080 καὶ
1060 1053 1170 1087 βασιλέα
1184 1055 1358 1088 καταστήσας
1371 1054 1425 1080 τῶν
1437 1055 1482 1080 ἐπὶ
1495 1055 1546 1087 γῆς
1562 1054 1773 1089 βασιλευόμενον

996 1097 1108 1130 ἄνωθεν,
1121 1099 1243 1132 ὑμνεῖται
1258 1099 1307 1133 μὲν
1318 1099 1364 1125 καὶ
1375 1100 1454 1134 χάριν
1466 1100 1514 1134 τῆς
1523 1100 1605 1133 ἄλλης
1617 1099 1774 1134 ὑπερφυοῦς

997 1143 1127 1178 ἁρμονίας
1140 1143 1186 1170 τοῦ
1202 1144 1369 1178 πλάσματος,
1381 1145 1428 1171 καὶ
1439 1144 1497 1175 πῶς
1509 1144 1538 1177 ἐξ
1552 1144 1688 1171 ἀθανάτου
1703 1145 1772 1179 κράο

997 1196 1079 1221 ματος
1090 1189 1135 1215 καὶ
1146 1188 1241 1224 θνητοῦ
1259 1188 1289 1215 τὸ
1301 1188 1423 1222 ἐφόλκιον
1438 1189 1621 1224 διωργάνωσε,
1634 1189 1683 1215 καὶ
1697 1191 1771 1224 τόπῳ

996 1234 1230 1268 περιγραφόμενον
1245 1232 1282 1268 τῷ
1293 1233 1363 1267 λόγῳ
1376 1234 1425 1268 τῆς
1441 1234 1594 1268 σαρκώδους
1606 1235 1770 1269 παχύτητος,

996 1277 1096 1310 νοερῶς
1113 1277 1147 1303 τὰ
1159 1277 1231 1312 παρὰ
1242 1277 1377 1312 Γαδείρων
1390 1286 1465 1312 περιε
1471 1277 1609 1311 ργάζεται.
1621 1278 1679 1312 Οὐχ
1691 1277 1772 1314 ἧττον

994 1321 1021 1346 δὲ
1042 1321 1220 1354 μεγαλύνεται
1230 1339 1238 1352 ,
1254 1321 1294 1347 ὅτι
1309 1321 1357 1355 τὴν
1374 1320 1446 1355 ζωὴν
1461 1321 1514 1347 τῶν
1529 1322 1680 1357 ἀνθρώπων
1699 1323 1771 1349 εὑδό-

994 1376 1060 1401 κησε
1080 1367 1123 1394 διὰ
1138 1368 1216 1393 πέντε
1238 1368 1389 1402 αἰσθήσεων
1409 1367 1596 1401 διεξάγεσθαι,
1613 1370 1770 1404 σφετεριζο-

994 1413 1080 1446 μένων
1102 1413 1151 1447 τὴν
1171 1412 1303 1447 ἰδικότητα
1316 1434 1324 1445 ,
1348 1413 1395 1439 καὶ
1422 1413 1458 1447 μὴ
1483 1413 1697 1448 ἀπαρνουμὲνων
1720 1415 1769 1449 τὴν

992 1457 1176 1484 ἀνακοίνωσιν.
1195 1457 1251 1483 Κᾶν
1260 1458 1313 1493 γὰρ
1328 1459 1345 1492 ἡ
1358 1458 1418 1492 δψις
1432 1458 1511 1493 τυχὸν
1523 1459 1620 1494 ἐνεργῇ
1636 1459 1684 1485 καὶ
1691 1468 1769 1494 μονο-

995 1502 1085 1536 μερῶς
1108 1503 1139 1528 τδ
1163 1502 1355 1537 ἁποκληρωθὶν
1375 1503 1460 1538 ταύτῃ
1491 1503 1675 1538 λειτούργημα
1693 1504 1769 1539 παρὰ

954 1531 976 1562 C
993 1531 1082 1579 'Gsoﬁ,
1095 1547 1164 1573 καθά
1189 1556 1214 1573 τι
1235 1531 1336 1573 δίκαιον
1352 1531 1479 1582 ὖφλημᾶ,
1506 1547 1544 1582 μὴ
1568 1531 1767 1583 ὲμζιτοδιζομένη

994 1592 1067 1625 παρὰ
1077 1591 1131 1618 τῶν
1146 1593 1300 1626 συντρόφων
1312 1593 1474 1626 αἰσθήσεων,
1486 1592 1553 1619 ἀλλὰ
1565 1593 1614 1627 τῆς
1626 1593 1768 1624 κοινωνίας

993 1636 1081 1662 αὐτῶν
1097 1637 1127 1662 οὐ
1143 1636 1302 1671 χωρίζεται·
1318 1637 1390 1663 θέλει
1410 1637 1439 1664 δὲ
1457 1638 1558 1668 ταύτας
1574 1637 1698 1672 μετέχειν
1713 1638 1766 1664 τῶν

993 1682 1153 1716 ἀξιωμάτων
1167 1682 1261 1715 αὐτῆς,
1281 1682 1329 1708 καὶ
1343 1683 1506 1716 συναρήγειν
1518 1683 1558 1713 εἰς
1571 1682 1600 1708 τὺ
1615 1683 1680 1708 αὐτὸ
1697 1683 1767 1709 κατά

992 1726 1112 1757 δουλίδας
1126 1727 1223 1757 πιστὰς
1232 1745 1240 1758 ,
1259 1728 1328 1762 πρὸς
1345 1727 1492 1761 θεραπείαν
1506 1727 1552 1753 τοῦ
1566 1727 1669 1759 ταύτας
1684 1728 1766 1754 πλου-

993 1772 1122 1804 τήσαντος
1143 1771 1276 1805 σώματος.
1300 1772 1359 1798 Ἔτι
1376 1771 1560 1804 θαυμάζεται.
1574 1772 1633 1802 πῶς
1648 1772 1769 1804 ἑκάστην

992 1815 1093 1841 τούτων
1105 1815 1306 1847 ἐδιπλασίασεν,
1322 1816 1365 1842 ἵνα
1383 1815 1434 1842 κᾶν
1455 1816 1544 1850 συμϐῇ
1559 1817 1766 1851 περιαιρεθῆναι

991 1860 1040 1894 τὴν
1056 1860 1119 1894 μίαν
1130 1879 1137 1891 ,
1151 1860 1167 1894 ἡ
1182 1860 1383 1894 περιλειφθεῖσα
1397 1860 1525 1894 κάκείνης
1541 1860 1587 1886 τὸν
1603 1861 1685 1887 τόπον
1702 1863 1767 1888 ἀνα-

993 1905 1162 1939 πληρώσειε,
1186 1905 1233 1931 καὶ
1260 1905 1298 1939 μὴ
1323 1904 1590 1936 καταλαζονεύωνται
1608 1906 1713 1941 ταύτης
1740 1907 1767 1932 αἱ

992 1950 1172 1984 ἀρτιόσωμοι,
1194 1950 1349 1983 συμπονῶσι
1364 1949 1391 1975 δὲ
1408 1950 1506 1984 μᾶλλον
1525 1950 1603 1984 αὐτῇ,
1619 1950 1657 1981 ὡς
1681 1951 1715 1977 ἂν
1730 1951 1766 1985 μὴ

990 1996 1005 2021 ὸ
1016 1994 1205 2029 οἰκοδεσπότης
1215 1995 1301 2020 αὐτῶν
1315 1994 1522 2029 θριαμϐεύηται.
1542 1995 1586 2026 Ὠς
1598 1995 1679 2030 είπερ
1692 1995 1766 2030 τύχοι

991 2040 1038 2066 καὶ
1049 2040 1097 2074 τὴν
1111 2039 1227 2073 θατέραν
1246 2039 1428 2074 ἀχρειωθῆναι
1441 2040 1495 2066 τῶν
1510 2039 1614 2073 ἀκοῶν,
1629 2040 1721 2066 οὐκέτι
1738 2041 1766 2066 τό

991 2085 1131 2112 κάλλιστον
1154 2084 1247 2120 χρῆμα
1272 2086 1285 2110 ὁ
1305 2084 1457 2120 ἄνθρωπος,
1474 2085 1583 2119 ἐντελὴς
1609 2085 1657 2112 καὶ
1687 2085 1764 2117 σῶος,

990 2129 1037 2156 καὶ
1051 2127 1106 2155 οἷον
1123 2129 1203 2155 αὑτὸν
1219 2130 1233 2155 ὸ
1247 2129 1311 2160 Θεὸς
1336 2130 1498 2163 εἰργάσατο,
1515 2129 1639 2163 λέγεται·
1655 2130 1715 2156 ἀλλ’
1728 2131 1765 2161 ὡς

990 2173 1120 2209 ἔκτρωμά
1142 2182 1170 2199 τι
1191 2173 1340 2206 λογίζεται,
1365 2174 1416 2200 ὑπὸ
1439 2174 1493 2200 τῶν
1511 2173 1612 2201 λοιπῶν
1626 2175 1764 2209 τεττάρων

988 2218 1150 2251 αἰσθήσεων,
1162 2218 1340 2250 ὑγιαινουσῶν
1353 2218 1401 2244 καὶ
1411 2218 1505 2248 ταῦτα,
1519 2218 1556 2252 μὴ
1572 2218 1762 2253 βοηθοὺμενος.

994 2263 1037 2294 Ὠς
1056 2262 1120 2296 γοῦν
1141 2262 1258 2297 ἑκάστης
1282 2262 1336 2288 τῶν
1359 2263 1508 2297 αἰσθήσεων
1532 2263 1692 2299 πληρούσης
1715 2265 1762 2299 τὴν

986 2308 1088 2334 οἰκείαν
1101 2308 1250 2342 ἐνέργειαν,
1261 2307 1314 2333 τῶν
1328 2307 1428 2334 λοιπῶν
1443 2308 1472 2334 τὺ
1481 2309 1616 2343 χρήσιμον
1627 2310 1678 2336 οὐκ
1691 2311 1761 2336 ἁπα-

987 2353 1139 2388 ναινόμεθα,
1155 2352 1214 2379 οὐδὲ
1229 2352 1475 2387 καταψηφιζόμεθα
1490 2353 1590 2379 τούτων
1606 2355 1762 2389 ἀσχημοσύ-

987 2405 1034 2431 νην
1046 2398 1093 2423 καὶ
1108 2397 1270 2431 ἀχρειότητα
1281 2417 1288 2429 ,
1301 2397 1345 2423 διὰ
1358 2398 1387 2423 τὸ
1405 2397 1442 2432 μὴ
1457 2397 1612 2429 διπλοειδῶς
1629 2399 1759 2434 ἐνεργεῖν,

986 2442 1075 2473 καθὼς
1091 2441 1359 2476 πεπλαστούργηνται
1370 2461 1377 2473 ,
1397 2442 1495 2476 μᾶλλον
1513 2443 1561 2476 μὲν
1575 2442 1623 2469 οὖν
1638 2445 1688 2470 καὶ
1701 2453 1760 2470 συν-

986 2487 1086 2521 άγομεν
1102 2487 1178 2522 (μιᾶς
1194 2487 1246 2522 γὰρ
1261 2487 1291 2518 ιξ
1303 2487 1391 2513 αὐτῶν
1405 2487 1572 2522 σχολασάσης
1588 2489 1710 2520 τελείως.
1723 2489 1759 2520 ὡς

984 2533 1101 2567 εἴρηται,
1122 2532 1180 2558 ελον
1203 2532 1232 2558 τδ
1258 2531 1336 2566 σῶμα
1354 2532 1514 2567 ὴχρείωται,
1539 2533 1587 2559 καὶ
1600 2533 1638 2565 ὡς
1651 2534 1718 2567 μηδὲ
1730 2533 1759 2559 δν

983 2579 1038 2608 τοῖς
1049 2576 1200 2611 ἀνθρώποις
1209 2576 1365 2611 λογίζεται)·
1373 2577 1443 2602 οὕτω
1453 2577 1498 2603 καὶ
1509 2576 1563 2603 τῶν
1579 2578 1757 2612 πατριαρχῶν

983 2623 1000 2657 ἡ
1018 2623 1117 2653 πεντὰς
1129 2643 1136 2655 ,
1160 2622 1271 2653 δικαίως
1285 2622 1332 2648 καὶ
1354 2622 1482 2656 ἀσφαλῶς
1503 2623 1756 2658 οἰκονομηθήσεται.

984 2668 1115 2698 Ἕκαστος
1130 2667 1183 2702 γὰρ
1197 2667 1309 2700 τούτων,
1328 2669 1376 2702 τὴν
1391 2667 1440 2702 μὲν
1452 2668 1671 2702 ἀπονεμηθεῖσαν
1684 2669 1756 2703 αὐτῷ

982 2714 1112 2749 διοίκησιν
1135 2714 1275 2748 ἐνεργήσει
1291 2713 1448 2746 μονοειδῶς,
1471 2714 1513 2740 ῐνα
1529 2713 1566 2749 μὴ
1587 2715 1755 2749 συγχέωνται

981 2760 1034 2786 τῶν
1057 2759 1140 2793 ἁγίων
1165 2759 1329 2795 Ἐκκλησιῶν
1346 2759 1380 2786 τὰ
1393 2759 1540 2794 προνόμια·
1556 2760 1611 2786 τῶν
1623 2760 1652 2786 δὲ
1673 2761 1754 2795 τιμῆς

980 2805 1026 2831 τοῦ
1049 2805 1116 2831 Θεοῦ
1133 2805 1178 2832 καὶ
1195 2805 1247 2832 τῶν
1267 2805 1396 2832 ἀνέκαθεν
1419 2805 1565 2840 δεδομένων
1587 2806 1699 2832 δικαίων
1721 2808 1750 2839 τῇ
