1894 3072
97 140 168 172 1025

811 142 1017 173 ΜΕΒΙΤΑΤᾹ.

1626 154 1694 186 1026

98 201 286 234 πατριαρχικῇ
300 200 359 235 θείᾳ
375 201 562 236 μεγαλειότητι
573 223 580 234 ,
596 203 680 234 οὐδεὶς
701 203 871 238 ἀποξενιυθή-

924 204 1052 231 tributam
1064 205 1147 232 obibit
1162 213 1207 239 pro
1225 212 1299 239 parte
1310 213 1371 238 sua,
1393 214 1426 234 ne
1437 213 1592 236 sanctarum
1606 211 1690 238 eccle-

100 253 189 272 σεται.
207 246 237 271 El
253 246 306 280 γὰρ
320 246 438 272 τοιοῦτόν
451 255 476 273 τι
490 247 610 281 γένηται,
626 250 671 274 καὶ
685 248 729 275 τὸν
749 249 871 281 ’Λλεξαν-

99 290 194 325 δρείας
220 290 300 324 τυχὸν
331 291 522 326 εὑρισκόμενον
550 293 589 324 είς
614 293 664 327 τὴν
693 293 747 319 τῶν
773 293 874 319 πόλεων

99 335 304 369 βασιλεύουσαν,
319 335 372 361 τῶν
385 337 588 371 πατριαρχικῶν
608 338 760 372 προνομίων
775 339 873 370 ἀποξε-

99 380 183 405 νώσει
196 388 248 411 τις,
262 380 302 406 δτι
315 380 385 406 κατὰ
395 381 444 415 τὴν
458 382 560 408 οίκιιίαν
571 382 676 416 ἐνορίαν
687 383 716 408 οὐ
734 383 873 416 πάρεστιν,

98 424 246 458 ἁχρειώσει
261 425 308 460 τὴν
321 425 438 461 κεφαλὴν
448 426 486 457 ὡς
498 427 682 460 κωφεύουσαν,
694 427 710 461 ἢ
726 427 873 453 ἁϐλεπτοῦ-

98 478 160 501 σαν,
174 471 220 496 καὶ
234 471 286 497 ὑπὸ
297 472 441 506 τεττάρων,
466 472 482 506 ἢ
509 473 554 498 καὶ
579 472 660 507 τριῶν
683 472 874 507 διεξαγομένην

97 515 261 550 αίσθήσεων.
276 515 324 541 Διὰ
338 515 438 549 ταύτην
454 516 502 550 τὴν
515 516 614 546 αίτίαν.
627 516 664 547 ὡς
677 516 758 546 ἔοικε,
774 525 872 550 προτε-

95 560 221 586 τὺπωται
250 559 447 595 προϐάλλεσθαι
479 561 549 586 κατά
566 560 596 586 τὸ
617 561 802 595 ἀπαραίτητον
826 561 873 587 καὶ

96 606 161 636 ’τοὺς
177 605 214 640 μὴ
231 606 341 640 ἔχοντας
361 606 530 640 πατριάρχας
555 605 616 636 τοὺς
632 605 872 639 ἀποκληρωθέντας

97 650 192 681 αὐτοῖς
204 650 297 682 ἁγίους
308 649 477 684 θρόνους,διά
490 649 538 684 τὴν
551 650 698 684 ἐπιδρομὴν
712 650 766 675 τῶν
777 649 870 681 ἐθνῶν,

54 696 71 716 “.
97 694 144 720 τὸν
161 694 325 728 ’Δντιοχείας
339 695 385 720 καὶ
396 694 441 720 τὸν
458 693 649 728 Ἰεροσολύμων
665 695 747 728 φημί.

923 250 1023 276 siarum
1041 251 1178 284 privilegia
1191 252 1410 279 confundantur:
1427 261 1475 280 nec
1488 257 1579 280 tamen
1588 255 1693 283 honore

923 302 1055 322 concesso
1072 295 1212 328 divinitus,
1228 297 1333 323 datisve
1353 298 1502 331 antiquitus
1520 299 1693 332 patriarchali

924 345 1009 365 sacrae
1023 339 1192 373 amplitudini
1215 339 1342 373 juribus,
1360 340 1494 374 quispiam
1521 342 1693 375 spoliabitur.

925 383 1028 418 Quippe
1049 384 1071 411 si
1089 385 1143 412 tale
1157 385 1222 419 quid
1239 385 1409 416 usuvenerit.
1435 389 1462 412 et
1483 386 1694 413 Alexandrinum

927 429 1011 463 (verbi
1029 430 1120 466 causa)
1137 431 1164 457 in
1178 432 1246 458 urbe
1267 432 1441 466 imperatrice
1470 438 1695 464 commorantem.

925 474 1073 509 privilegiis
1112 475 1339 509 patriarchalibus
1379 482 1519 511 propterea
1557 478 1694 512 quispiam

925 518 1092 552 spoliaverit,
1108 520 1243 553 quodnon
1255 521 1334 555 degat
1345 521 1372 548 in
1383 522 1521 555 provincia
1535 528 1583 549 sua
1597 527 1698 556 :caput

925 563 1012 598 ipsum
1028 564 1124 592 inutile
1135 565 1238 596 reddet.
1249 570 1375 600 tanquam
1391 567 1516 598 surdum,
1527 567 1571 594 vel
1584 574 1697 598 caecum,

924 611 951 633 et
967 612 1092 641 quatuor.
1109 612 1156 635 aut
1181 609 1266 636 tribus
1284 609 1416 636 duntaxat
1443 608 1571 637 sensibus
1601 611 1698 645 pradi-

925 655 993 678 tum.
1006 653 1046 679 Ob
1061 652 1130 679 hanc
1157 653 1243 687 ipsam
1259 661 1382 685 causam.
1402 662 1451 681 ceu
1474 655 1547 681 credi
1581 662 1629 689 par
1647 659 1698 685 est,

922 697 1082 729 jamdudum
1100 698 1235 724 sancitum
1255 702 1306 730 est,
1327 705 1354 726 ut
1372 699 1443 726 haud
1463 699 1544 726 dubie
1572 707 1618 734 per
1642 701 1698 726 elec

62 734 64 737 ’
96 739 217 765 ctionem
246 739 424 765 instituantur
446 738 526 765 etiam
557 739 575 765 ii
609 739 788 772 patriarcha,
822 739 868 774 qui
887 742 1032 776 ceteroqui
1050 749 1142 769 sacros
1153 743 1204 769 sibi
1217 743 1368 770 destinatos
1406 744 1530 774 thronos,
1561 744 1596 770 ob
1619 752 1696 778 paga-

96 791 197 811 norum
212 784 325 811 hostiles
337 785 475 815 incursus,
498 784 569 811 haud
585 784 740 818 possident:
758 785 956 819 Antiochenus,
977 787 1098 821 inquam,
1120 793 1147 815 et
1165 788 1437 822 Hierosolymitanus.

131 829 192 856 Κᾶν
208 828 260 863 γὰρ
273 828 427 863 ἐξώσθησαν
444 830 493 864 τῆς
502 829 581 863 δόξης
592 829 646 855 τῶν
658 829 759 864 θρόνων
773 829 871 862 αὐτῶν,

958 831 1059 864 Quavis
1072 832 1144 860 enim
1159 833 1243 867 gloria
1268 834 1427 859 tlironorum
1449 840 1560 859 suorum
1578 840 1626 866 per
1645 833 1698 859 vim

96 874 157 900 ἀλλ’
176 876 192 909 ὴ
224 873 396 909 πνευματικὴ
412 875 501 909 χάρις,
521 875 592 901 κατὰ
605 875 650 901 τὸν
666 875 758 906 Δαὸὶδ,
774 875 803 901 οὐ
820 883 873 902 πα-

95 920 286 954 λαιωθήσεται.
300 920 376 952 ’Ἥξει
390 920 418 946 δέ
431 920 528 954 μᾶλλον
538 921 552 947 ὁ
563 920 627 951 Θεδς
644 920 720 954 ἡμῶν
735 921 873 954 ἐμφανῶς,

97 965 146 991 καὶ
173 965 204 990 οὐ
227 965 484 998 παρασιωπήσεται·
514 965 551 996 ὡς
567 966 705 1000 συναγάγῃ
722 965 795 999 αὐτῷ
809 966 874 996 τοὺς

96 1011 189 1041 ὁσίους
202 1009 294 1041 αὑτοῦ,
322 1010 383 1041 τοὺς
399 1009 598 1044 διατιθεμένους
615 1010 665 1043 τὴν
681 1010 812 1044 διαθήκην
824 1010 874 1036 αὺ-

95 1055 158 1083 τοῦ.
176 1055 384 1090 Φιλοφρονητέον
399 1054 487 1080 τοίνυν
497 1056 560 1086 τοὺς
583 1054 805 1087 ἀποξενωθέντας
821 1064 874 1082 πα-

96 1101 232 1136 τριάρχας
244 1102 276 1127 ἐκ
288 1100 341 1126 τῶν
369 1100 526 1134 ἁγιωτάτων
552 1101 703 1135 ἐκκλησιῶν
714 1101 813 1134 αὐτῶν,
828 1102 874 1128 καὶ

97 1145 261 1179 ὑπερορίους
279 1144 450 1180 καθημένους
479 1146 518 1176 είς
535 1145 627 1180 ἐτέρου
655 1146 821 1181 πατριάρχου
836 1147 874 1172 δι-

96 1190 215 1223 οίκησιν,
229 1190 275 1216 καὶ
285 1189 322 1224 μὴ
331 1189 503 1224 ἀτιμαστέον.
516 1190 710 1217 Κεκανόνισται
720 1191 772 1224 γὰρ
783 1199 874 1226 παρα-

96 1233 239 1260 καλεῖσθαι
280 1233 406 1266 τούτους,
446 1233 493 1260 καὶ
526 1234 616 1269 πάσης
639 1235 796 1268 ἐπιμελείας
825 1236 873 1261 καὶ

97 1277 232 1311 ὑποδοχῆς
245 1277 392 1310 ἀξιοῦσθαι,
410 1278 440 1304 οὐ
456 1277 508 1312 μὴν
522 1278 677 1312 ὑϐρίζεσθαι
700 1279 743 1306 διὰ
757 1279 806 1314 τὴν
819 1279 873 1305 τῶν

97 1322 268 1357 πραγμάτων
284 1321 456 1356 ἀνωμαλίαν,
484 1322 589 1358 θρήνων
614 1323 691 1354 ἀξίαν
717 1323 809 1356 οὖσαν,
829 1324 874 1350 καὶ

98 1366 138 1401 μὴ
147 1366 304 1397 ἀλαζονείας
317 1367 485 1401 γεννήτριαν.
495 1364 561 1393 Εἶτα
572 1367 626 1393 τῶν
637 1367 714 1394 θείων
727 1368 773 1394 καὶ
789 1368 873 1402 ἁγίων

97 1412 216 1447 Γραφῶν
240 1412 287 1438 καὶ
303 1412 355 1438 τῶν
374 1412 518 1446 Πατρικῶν
541 1413 712 1447 παραδόσεων
725 1422 875 1447 κατονομα-

96 1457 205 1489 ζουσῶν
222 1457 317 1484 Πάπαν
329 1457 373 1483 τὸν
385 1457 532 1483 ἐπίσκοπον
552 1457 670 1492 Ῥώμης,
683 1458 812 1489 ὡσαύτως
826 1458 873 1485 καὶ

923 877 1093 909 exciderunt,
1117 883 1205 904 tamen
1240 878 1388 911 spiritualis
1422 878 1520 912 gratia,
1547 877 1695 904 secundum

923 921 1062 953 Davidc'm,
1087 930 1139 948 non
1158 922 1302 950 exolescet.
1320 923 1375 949 Ιιιιο
1401 923 1489 956 potius
1514 922 1602 949 veniet
1629 922 1698 948 Deus

923 969 1018 992 noster
1040 965 1195 998 manifesto,
1224 974 1274 993 nec
1305 966 1443 999 silebitur;
1463 971 1492 992 ut
1511 967 1621 1000 colligat
1647 967 1698 993 sibi

924 1014 1034 1037 sanctos
1053 1018 1127 1041 suos.
1151 1011 1197 1045 qui
1219 1015 1408 1038 testamentum
1432 1011 1517 1045 ipsius
1541 1011 1697 1045 disponunt.

924 1054 1017 1089 Itaque
1040 1055 1236 1090 complectendi
1258 1059 1321 1082 sunt
1344 1059 1467 1082 amanter
1490 1055 1508 1082 ii
1527 1056 1697 1090 patriarchm.

923 1100 969 1134 qui
999 1100 1179 1128 sanctissimis
1204 1099 1334 1128 Ecclesiis
1363 1097 1420 1127 suis
1445 1100 1552 1135 spoliati
1573 1103 1648 1132 sunt,
1672 1104 1699 1126 et

923 1145 1032 1172 exsules
1053 1145 1078 1171 in
1091 1145 1202 1171 alterius
1220 1145 1378 1179 patriarcha
1392 1145 1503 1172 ditecesi
1517 1145 1628 1179 degunt,
1647 1145 1698 1170 mi-

924 1190 1049 1224 nimeque
1079 1190 1250 1220 contumeliis
1274 1190 1416 1216 alliciendi.
1435 1189 1539 1224 Quippe
1565 1190 1698 1216 sancitum

923 1235 1074 1262 canonibus
1094 1238 1145 1267 est,
1165 1237 1195 1260 ut
1220 1241 1268 1261 eos
1288 1234 1468 1266 consolemur,
1491 1239 1518 1261 et
1535 1234 1608 1260 omni
1633 1241 1697 1260 cura

927 1279 1152 1314 susceptioneque
1185 1279 1334 1314 lignemur;
1354 1286 1407 1306 non
1429 1278 1536 1312 injuriis
1551 1278 1698 1305 afﬁciamus

924 1324 958 1350 ob
973 1331 1063 1350 rerum
1092 1323 1272 1350 humanarum
1309 1323 1532 1354 inconstantiam,
1566 1330 1627 1356 qua
1658 1323 1698 1348 la-

923 1369 1024 1403 crymis
1043 1369 1133 1402 potius
1147 1372 1189 1394 est
1207 1368 1298 1402 digna.
1315 1374 1397 1402 quam
1417 1371 1446 1393 ut
1468 1367 1641 1394 insolentiam
1659 1367 1698 1401 gi-

924 1420 1006 1446 gnere
1034 1413 1139 1439 debeat.
1164 1413 1296 1439 Cmterutn
1320 1419 1382 1439 cum
1406 1420 1490 1439 sacra:
1509 1412 1626 1443 Litterae.
1645 1412 1699 1439 Pa—

926 1461 1052 1490 trumque
1061 1457 1230 1486 traditiones.
1239 1457 1393 1491 episcopum
1405 1457 1555 1484 Romanum
1565 1457 1698 1491 appellent

93 1503 143 1528 τδν
164 1501 361 1536 Ἀλεξανδρείας
372 1510 379 1516 ·
392 1502 459 1528 ἀλλὰ
475 1502 526 1536 μὴν
542 1503 586 1529 καὶ
602 1503 647 1528 τὸν
660 1503 871 1529 Κωνσταντινου-

924 1509 1036 1536 papam;
1055 1501 1200 1535 itidemque
1213 1501 1435 1534 Alexandrinum,
1447 1506 1474 1528 et
1488 1502 1575 1536 ipsum
1591 1509 1698 1536 quoque

95 1546 214 1579 ¹ιίόλεως,
226 1547 273 1574 καὶ
286 1547 329 1573 τὸν
345 1547 546 1582 Ἱεροσολύμων,
562 1548 789 1582 ἀρχιεπισκόπους
802 1556 808 1563 ·
826 1548 873 1582 μό-

95 1601 142 1620 νον
155 1592 183 1619 δὲ
203 1593 249 1618 τὸν
272 1592 443 1627 Ἀντιοχείας,
462 1593 644 1626 πατριάρχην,
666 1592 727 1623 Πῶς
744 1593 797 1618 τῶν
814 1592 874 1618 Ἀν-

94 1638 208 1672 τιοχέων
230 1639 261 1672 ὴν
277 1637 407 1672 ἐκκλησία
433 1637 481 1672 οὐχ
503 1637 670 1672 ὕὸριοπαθεῖ,
703 1638 873 1671 μανθάνουσα

95 1684 144 1709 καὶ
159 1683 220 1714 τοὺς
236 1682 354 1713 λοιποὺς,
367 1682 536 1717 πατριάρχας
549 1682 793 1717 ἀνακηρύττεσθαι;
807 1683 873 1710 πάν-

95 1737 152 1759 τως
177 1728 221 1755 διὰ
233 1727 282 1762 τὴν
296 1727 447 1762 ταυτότητα
461 1728 511 1761 τῆς
527 1727 618 1762 τιμῆς,
646 1729 693 1754 καὶ
705 1727 748 1754 διὰ
769 1728 800 1754 τὸ
824 1729 872 1754 ἐπ-

95 1773 171 1807 έχειν
185 1773 247 1804 τοὺς
264 1769 344 1799 πεντε
356 1772 527 1806 πατριάρχας
545 1772 626 1798 τόπον
642 1772 690 1806 τῆς
709 1772 772 1806 μιᾶς
789 1780 873 1806 κεφα-

95 1815 146 1850 λῆς
161 1814 207 1842 τοῦ
226 1814 358 1849 σώματος,
374 1814 473 1850 δηλαδὴ
484 1815 536 1841 τῶν
548 1814 631 1849 ἁγίων
645 1815 812 1850 Ἐκκλησιῶν
825 1815 871 1842 τοῦ

94 1860 176 1887 Θεοῦ.

139 1905 215 1931 Ἐπεὶ
229 1905 258 1932 δέ
285 1913 356 1936 τινες
373 1905 480 1938 λέγουσι
497 1905 579 1939 μηδὲν
604 1901 714 1931 εἶναιτὸ
737 1905 870 1940 ἐμποδὼν,

95 1952 219 1982 καὶτοὺς
233 1951 370 1985 ἑκασταχῆ
386 1950 627 1985 ἀρχιερατεύοντας
652 1949 722 1976 οὕτω
741 1951 871 1985 τιμᾶσθαι

94 1996 144 2022 καὶ
171 1994 378 2030 μεγαλύνεσθαι..
411 1995 465 2020 Καὶ
497 1991 570 2020 οὗτοι
600 2001 653 2027 γαρ
681 1993 871 2021 διδασκαλικοῦ

93 2040 249 2075 ἀξιώματος
261 2040 451 2074 κατηξίωνται,
466 2040 510 2066 καὶ
521 2040 592 2066 κατὰ
605 2040 705 2066 Μωσέα
716 2039 761 2065 καὶ
769 2038 872 2073 ’Λαρὼν

92 2088 136 2118 εις
149 2087 183 2113 τὰ
194 2086 259 2120 ἅγια
266 2086 319 2112 τῶν
332 2085 417 2119 ἁγίων
426 2086 566 2120 ἑστήκασι,
582 2085 629 2112 καὶ
640 2086 688 2120 τὴν
705 2085 872 2119 ἀναίμακτον

93 2132 192 2159 θυσίαν
205 2131 396 2167 προσφέρουσι.
416 2130 516 2165 Φαμὲν,
533 2131 570 2162 ὡς
589 2131 641 2157 ἀπδ
662 2131 715 2156 τῶν
735 2130 813 2156 θείων
825 2130 871 2156 καὶ

92 2176 176 2211 ἱερῶν
191 2176 310 2202 κανόνων
330 2172 419 2209 μόνοις
432 2176 486 2206 τοῖς
502 2175 680 2210 πατριάρχαις
696 2175 871 2209 πεφιλοτίμη-

90 2230 137 2248 ται
164 2221 215 2253 τῆς
242 2221 404 2254 οίκουμένης
430 2220 464 2246 τά
492 2220 619 2254 κλίματα.
638 2219 791 2245 Κάντεῦθεν
811 2219 870 2245 οὐδὲ

89 2267 150 2301 ἔχει
171 2275 210 2297 τις
224 2265 315 2300 ἕτερος
331 2266 423 2299 οίκείῳ
438 2265 533 2299 δικαίῳ
544 2265 660 2298 ἐνορίαν,
678 2265 693 2299 ἦ
706 2264 768 2290 ἄλλο
788 2273 814 2290 τι
830 2265 869 2291 δίς

90 2318 172 2336 καιον
189 2309 338 2344 ἱερατικὸν·
353 2308 409 2335 ἀλλ’
420 2309 506 2335 ἐκεῖνο
530 2309 576 2335 καὶ
589 2309 667 2343 μόνον
680 2308 710 2334 τὸ
724 2309 805 2343 μέρος
822 2309 871 2342 τῆς

88 2354 253 2389 διοικήσεως
280 2354 422 2389 ἱερατικῶς
441 2355 556 2388 ἐνεργεῖ,
573 2353 603 2380 τὸ
617 2354 691 2380 δοθὲν
705 2354 780 2388 αὐτῷ
795 2354 871 2388 παρὰ

89 2399 142 2432 τῆς
170 2398 371 2433 πατριαρχικῆς
401 2397 475 2429 θείας
493 2398 708 2433 μεγαλειότητος.
731 2399 811 2424 Ὅθεν
832 2399 869 2429 ὡς

89 2443 318 2477 ἀποστελλόμενοι
333 2443 407 2477 παρά
423 2443 607 2478 πατριαρχῶν,
623 2443 670 2469 καὶ
683 2442 869 2477 ἀναπληροῦν-

88 2494 137 2517 τες
154 2487 199 2512 τὸν
210 2487 292 2513 τόπον
305 2487 359 2514 τῶν
374 2487 452 2513 θείων
467 2487 513 2513 καὶ
528 2487 611 2520 ἁγίων
627 2488 790 2520 ἀποστόλων,
800 2488 868 2514 ἀπο-

90 2531 225 2558 στολικῶν
256 2532 304 2566 μὲν
322 2532 477 2567 προνομίων
507 2531 634 2566 ἠξίωνται
655 2532 794 2567 (δεσμοῦσι
815 2533 868 2567 γὰρ

89 2575 138 2601 καὶ
153 2575 246 2604 λύουσι
263 2578 322 2604 κατ’
334 2577 432 2608 αὐτοὺς
445 2577 492 2603 καὶ
501 2577 666 2612 χειροτονίας
678 2578 793 2610 ποιοῦσι,
822 2579 868 2604 καὶ

86 2619 139 2653 τὴν
158 2621 324 2656 ἀναίμακτον
353 2622 457 2654 θυσίαν,
473 2622 649 2657 προσάγουσι)
666 2623 868 2658 πατριαρχικῶν

89 2667 118 2693 δὲ
136 2667 249 2693 δικαίων
260 2668 290 2694 οὺ
305 2668 495 2702 κατηξίωνται.
509 2667 576 2694 οὔτε
598 2669 652 2702 γὰρ
665 2669 791 2700 σάκκους,
805 2667 867 2694 οὔτε

90 2711 280 2746 πολυσταύρια
293 2713 489 2739 ἐνδιδύσκονται
501 2721 508 2728 ⁸
523 2712 584 2739 οὗτε
611 2713 678 2748 μετά
699 2713 868 2748 γραμμάτων

91 2758 138 2783 καὶ
151 2759 304 2791 τριγωνίων
316 2759 449 2793 στιχόιρια.
466 2757 557 2785 Ταῦτα
571 2759 599 2785 δὲ
612 2758 682 2785 οὕτω
696 2759 809 2792 γίνεται,
828 2759 868 2785 ὅτι

91 2802 139 2828 καὶ
153 2804 208 2830 τῶν
238 2804 321 2835 ἁγίων
337 2803 490 2830 ἀποστόλων
517 2805 533 2838 ὴ
558 2804 615 2830 θεία
631 2805 767 2839 ὁμήγυρις
780 2804 808 2830 τὸ
822 2804 867 2830 τοῦ

923 1547 1264 1581 Constantinopolitanum,
1292 1545 1630 1582 ae‘llierosolymitanum.
1654 1555 1698 1574 ar-

922 1592 1127 1626 chiepiscopos;
1155 1592 1242 1619 solum
1268 1599 1331 1619 vero
1359 1592 1555 1620 Antiochenam
1582 1593 1697 1627 patriar-

922 1637 1001 1664 cham
1016 1645 1023 1663 :
1040 1638 1084 1671 qui
1098 1637 1154 1664 lieri
1169 1642 1266 1671 potest.
1283 1641 1312 1664 ut
1327 1637 1494 1664 Antiochena
1514 1638 1628 1666 ecclesia
1643 1645 1699 1665 non

922 1682 1040 1716 patiatur
1059 1681 1198 1716 injuriam,
1221 1689 1280 1716 qua:
1307 1681 1590 1719 intelligat,,reliquos
1615 1683 1697 1710 etiam

922 1727 1028 1760 publice
1050 1727 1103 1753 dici
1127 1726 1314 1761 patriarchas?
1332 1726 1448 1754 Omnino
1468 1727 1496 1754 lit
1515 1727 1566 1754 hoc
1588 1731 1697 1762 propter

921 1772 1089 1799 identitatem
1104 1772 1226 1803 honoris,
1242 1775 1269 1798 et
1282 1772 1353 1806 quod
1367 1772 1393 1798 hi
1406 1773 1527 1806 quinque
1536 1773 1697 1806 patriarcha:

920 1817 1006 1844 viceni
1034 1817 1114 1844 unius
1140 1817 1238 1851 capitis
1263 1817 1383 1844 universi
1405 1817 1528 1851 corporis
1546 1817 1695 1850 obtineant,

921 1864 1078 1888 sanctarum
1089 1859 1213 1887 videlicet
1227 1859 1410 1886 Ecclesiarum
1428 1860 1487 1887 Dei.

955 1905 1023 1938 Quia
1037 1912 1100 1932 vero
1114 1904 1224 1940 quidam
1243 1905 1398 1939 perhibent,
1412 1904 1479 1932 nihil
1495 1912 1556 1932 esse
1580 1905 1695 1940 impedi-

921 1955 1026 1980 mento,
1068 1950 1214 1984 quominus
1255 1950 1344 1977 ubivis
1369 1950 1510 1977 constituti
1540 1950 1694 1984 pontiﬁces.

920 1997 1014 2022 eodem
1038 2003 1098 2021 cum
1133 1995 1296 2029 patriarcltis
1329 1995 1432 2030 honore
1464 1995 1694 2030 atnplitudineque

920 2040 1054 2072 fruantur,
1085 2048 1144 2067 cum
1170 2044 1197 2067 et
1225 2040 1276 2074 ipsi
1302 2041 1417 2068 docendi
1439 2041 1597 2074 dignitatem
1623 2042 1692 2066 nacti

921 2088 996 2116 sint,
1016 2088 1042 2111 et
1057 2084 1179 2118 exemplo
1199 2083 1280 2110 Mosis
1294 2087 1322 2110 et
1340 2083 1456 2110 Aaronis
1473 2083 1500 2110 in
1515 2083 1616 2110 sanctis
1632 2090 1695 2109 san-

920 2134 1025 2156 ctorum
1046 2130 1207 2159 consistant.
1227 2130 1453 2161 incruentamque
1475 2128 1612 2155 victimam
1626 2127 1693 2154 οιτο-

922 2179 1001 2201 rant:
1015 2174 1210 2208 respondemus
1222 2181 1268 2209 per
1280 2173 1387 2201 divinos
1398 2181 1546 2207 sacrosque
1563 2180 1691 2203 canones.

921 2220 987 2247 solis
1013 2219 1175 2254 patriarchis
1201 2227 1260 2246 esse
1289 2226 1435 2246 concessas
1460 2218 1534 2245 orbis
1560 2222 1692 2244 terrarum

920 2268 1034 2291 tractus.
1053 2264 1129 2292 Unde
1143 2264 1182 2296 lit,
1198 2269 1226 2291 ut
1244 2264 1314 2290 alius
1336 2264 1471 2298 quispiam
1490 2270 1539 2290 suo
1551 2263 1613 2297 jure
1632 2269 1694 2297 pro-

919 2309 1036 2336 vinciam
1050 2316 1102 2335 non
1119 2309 1224 2340 habeat,
1241 2309 1281 2335 vel
1298 2308 1369 2335 aliud
1385 2309 1528 2343 quodpiam
1539 2309 1585 2342 jus
1601 2315 1694 2335 sacero‘

919 2353 1008 2380 dotale
1025 2360 1032 2379 :
1047 2353 1094 2380 scd
1108 2353 1135 2379 in
1154 2360 1184 2380 ea
1201 2352 1331 2379 duntaxat
1345 2358 1419 2386 parte
1434 2352 1560 2380 dioecesis
1582 2359 1693 2379 munere

919 2397 1080 2425 sacerdotali
1097 2397 1228 2432 fungitur.
1245 2405 1305 2432 quae
1322 2397 1370 2431 ipsi
1388 2404 1403 2423 a
1423 2403 1501 2423 sacra
1516 2396 1692 2431 patriarchali

920 2442 1096 2476 amplitudine
1113 2449 1241 2469 concessa
1257 2447 1308 2469 est.
1325 2441 1402 2468 Unde
1420 2441 1501 2468 veluti
1520 2441 1565 2476 qui
1583 2441 1693 2467 mittan-

919 2493 964 2516 tur
978 2497 991 2514 a
1003 2488 1174 2522 patriarcltis,
1185 2491 1212 2515 et
1222 2488 1306 2514 vicem
1319 2487 1470 2514 divinorum
1483 2491 1692 2520 sanctorumque

919 2533 1102 2567 apostolorum
1120 2532 1257 2566 impleant,
1274 2531 1420 2566 apostolica
1431 2532 1537 2566 quidem
1554 2530 1691 2564 privilegia

918 2577 1059 2605 consecuti
1078 2581 1141 2604 sunt
1158 2577 1252 2611 (ligant
1269 2577 1340 2604 enim
1362 2580 1388 2603 ct
1409 2577 1517 2602 solvunt
1540 2582 1586 2608 per
1605 2582 1644 2607 se,
1660 2582 1693 2602 ac

919 2622 1104 2650 ordinationes
1118 2619 1231 2652 faciunt,
1251 2624 1278 2647 et
1295 2620 1465 2646 incruentam
1490 2619 1605 2645 hostiam
1625 2618 1693 2646 olle-

919 2668 1011 2703 runt),
1028 2672 1054 2694 at
1066 2666 1256 2702 patriarchalia
1271 2666 1332 2700 jura
1355 2673 1408 2692 non
1429 2665 1614 2691 obtinuerunt.
1637 2663 1693 2692 Nec

919 2713 992 2740 enim
1004 2713 1045 2740 vel
1058 2719 1164 2744 saccos,
1181 2712 1221 2737 vel
1242 2711 1353 2745 penulas
1369 2710 1459 2736 multis
1476 2709 1616 2743 insignitas
1632 2717 1693 2736 eru-

919 2758 996 2785 cibus
1006 2757 1134 2787 intluunt.
1146 2763 1195 2782 nec
1205 2755 1310 2782 tunicas
1325 2754 1457 2788 frequenti
1475 2755 1562 2780 littera
1575 2760 1691 2785 gamma,

923 2803 1116 2838 triangulisque
1135 2802 1266 2836 (lt-pictas.
1284 2801 1344 2827 ll:cc
1366 2806 1454 2826 autem
1472 2801 1507 2826 ιιίι
1531 2801 1605 2829 ﬁunt,
1622 2800 1692 2833 ιιιιυιι
