1894 3072
110 115 180 148 1029

835 119 914 149 MED
922 120 1044 152 lTATA.

1651 128 1719 161 10in

111 179 216 212 σϐησαν
230 175 275 203 οὖν
287 177 311 202 οἱ
328 178 355 202 ἐν
366 176 476 208 ταύταις
497 177 745 212 ἀρχιερατεύοντες,
764 180 886 213 ἀρχιεπὶ-

938 185 1027 213 pterea
1041 181 1112 215 quod
1127 183 1153 208 iu
1167 190 1224 209 cam
1235 183 1340 217 imperii
1353 184 1466 211 Romani
1480 189 1586 220 sceptra
1600 187 1717 216 fuissem

111 232 208 250 σκοποι
217 231 223 236 ·
242 222 324 257 ἁρχαὶ
336 222 456 256 δηλονότι
469 223 515 248 καὶ
526 222 640 254 κεφαλαὶ
657 222 759 249 πολλῶν
778 224 887 250 ἐπισκό-

112 279 180 297 πων.
196 270 299 295 Ταύτὸν
313 269 340 294 δέ
354 270 426 294 ἐστιν
447 269 543 300 εἰπεῖν,
558 269 676 302 Πατέρες
695 269 741 295 καὶ
757 270 889 304 πατριάρ-

110 324 168 349 χαι.
191 316 236 341 Ἐκ
251 314 345 341 τούτου
368 314 395 340 δὲ
410 314 526 347 διαφορά
541 323 581 345 τις
594 315 643 340 οὐκ
659 315 716 340 ἔστι
744 315 824 348 μέσον
841 316 888 341 αὑ-

110 361 175 386 τῶν.
207 360 236 385 '0
248 359 301 394 γὰρ
315 359 408 393 πατὴρ
422 358 469 384 τοῦ
485 358 578 389 ἔθνους
600 358 676 384 τοῦδε
690 358 782 393 τυχὸν,
797 359 888 393 πατὴρ

110 407 168 431 ἐστι
184 407 231 431 καὶ
247 405 384 439 ἱερατικῆς
401 404 486 438 φυλῆς
501 404 548 430 καὶ
566 404 672 438 λαῐκῆς.
700 404 737 434 ὡς
761 405 776 430 ὁ
791 404 888 430 Ἰακὼϐ

109 452 164 478 τῶν
180 452 213 485 ιβ’
234 451 323 484 φυλῶν
343 450 460 485 Ἰσραήλ.
478 451 532 477 Καὶ
545 450 634 484 ἄρχων
648 449 814 481 ἐπισκόπων,
844 450 888 482 ἑξ-

108 498 233 532 ανόιγκης
247 497 305 522 ἐστὶ
320 497 410 531 πατὴρ
424 496 470 522 καὶ
483 496 638 522 ἐπισκόπων
651 495 697 522 καὶ
712 495 825 522 λαῖκῶν·
836 497 850 522 ὸ
859 496 887 522 δὲ

108 543 221 573 Γοτϐίας
235 543 265 568 οὐ
280 543 399 568 καλεῖται
414 541 627 576 ἀρχιεπίσκοπος
637 562 645 573 ,
670 541 707 572 ὡς
723 542 815 576 ἄρχων
828 543 888 568 ἑπι-

110 587 220 613 σκόπων
235 587 282 612 καὶ
307 585 464 621 προϐολεὺς,
495 585 551 611 ἀλλ’
573 585 611 615 ὡς
627 585 697 620 ἁρχὴ
722 586 887 612 ἐπισκόπων.

114 632 228 666 Ὧρίσῦη
242 632 297 666 γὰρ
322 631 397 666 παρὰ
412 631 464 657 τῶν
481 630 566 664 ἁγίων
596 630 736 665 Πατέρων,
759 631 809 661 τὰς
839 631 888 665 μὲν

109 678 224 712 ἐχούσας
244 677 390 711 διοικήσεις
409 675 508 706 πολλὰς
525 675 627 707 πόλεις,
657 676 709 702 ὑπὸ
732 675 888 702 ἐπισκόπων

100 716 317 757 ¹κυϐερνωμένας
327 740 334 752 ,
369 721 445 754 παρὰ
474 720 678 755 μητροπολιτῶν
691 740 694 742 -
707 720 886 754 διεξάγεσθαι,

106 766 156 797 οὓς
179 767 225 793 καὶ
240 766 363 800 πρώτους
375 766 400 791 οἱ
421 765 532 796 κανόνες
546 764 722 798 ὀνομάζουσι·
740 765 789 796 τὰς
806 765 834 791 δὲ
851 766 887 800 μὴ

108 811 225 847 ἐχούσας
242 811 285 845 ὑφ’
312 811 412 840 ἑαυτὰς
436 809 528 840 πόλεις
551 810 627 841 τινὰς
653 810 705 836 ὑπὸ
731 810 887 837 ἐπισκόπων

108 857 280 890 ίθυνομένας,
290 855 366 890 παρὰ
376 855 595 890 ἀρχιεπισκόπων
607 855 791 889 ίερατεύεσθαι
801 864 809 870 ·
818 855 887 882 ὥστε

109 902 276 936 μειονεκτεῖν
294 901 342 935 μὲν
369 900 452 931 αὑτὰς
480 900 533 926 τῶν
552 900 754 935 μητροπόλεων,
773 900 888 935 ὑπερτε-

109 948 167 981 ρεῖν
179 947 206 972 δὲ
219 946 272 972 τῶν
285 946 452 972 ἐπισκόπων.
469 945 545 971 Οὕτω
561 945 686 979 λυθείσης
705 946 753 972 καὶ
768 945 816 980 τῆς
834 954 888 971 τοι-

108 992 194 1026 αύτης
209 990 381 1025 ἀμφιϐολίας,
407 990 501 1025 ἤθελον
517 991 615 1021 εἰπεῖν,
631 991 691 1016 ὅτου
707 991 787 1025 χάριν
804 992 818 1016 ὁ
836 991 888 1017 πά-

108 1047 164 1068 πας
186 1037 296 1071 Ῥώμης
306 1036 492 1070 οίκουμενικῦς
514 1035 607 1066 πάπας
629 1036 747 1069 λέγεται,
760 1036 888 1067 ὡσαύτως

107 1083 155 1108 καὶ
169 1082 184 1107 ὁ
199 1081 412 1116 ἀρχιεπίσκοπος
427 1080 746 1112 Κωνσταντινουπόλεως,
761 1081 888 1114 οίκουμε-

107 1126 183 1157 mut;
211 1126 402 1160 πατριάρχης·
430 1125 454 1150 οε
473 1125 501 1150 δὲ
531 1125 619 1153 λοιποὶ
640 1126 824 1160 πατριάρχαι,
841 1126 888 1152 καὶ

105 1170 196 1197 ταῦτα
210 1169 260 1203 τῆς
273 1169 357 1204 αὐτῆς
369 1169 444 1200 ὀντες
460 1168 573 1201 τάξεως,
600 1169 720 1203 κλήσεώς
736 1178 766 1195 τε
788 1170 835 1196 καὶ
848 1179 889 1196 τι·

108 1215 173 1249 μῆς,
191 1216 238 1241 καὶ
253 1214 353 1249 ταύτης
369 1214 418 1240 οὐκ
430 1213 524 1248 ἔτυχον
538 1214 587 1248 τῆς
595 1214 796 1248 ἀνακηρύξεως.
813 1215 888 1241 Ἐπεὶ

105 1261 135 1288 δὲ
153 1261 200 1287 τὸν
217 1260 267 1295 μὲν
286 1261 379 1287 πάπαν
403 1260 432 1286 τὸ
447 1259 497 1294 τῆς
525 1260 667 1294 φιλαυτίας
689 1261 825 1296 δαιμόνιον
838 1261 888 1295 τῆς

106 1307 162 1334 τῶν
180 1307 280 1333 λοιπῶν
296 1307 453 1340 ἁγιωτάτων
470 1307 645 1341 πατριαρχῶν
661 1307 816 1341 ἀπέστησεν
839 1307 888 1341 ὀμ-

106 1355 244 1390 ηγύρεως,
256 1354 303 1380 καὶ
319 1354 358 1385 είς
373 1354 455 1388 μόνην
468 1353 603 1388 τὴνΔύσιν
615 1354 813 1388 ὲστενοχώρησε
824 1361 831 1369 ·
844 1354 888 1380 τὸν

83 1412 88 1416 -
105 1399 135 1425 δὲ
148 1399 462 1429 Κωνσταντινουπόλεως
493 1398 585 1433 βλέπω
601 1398 692 1433 μηδενὶ
718 1398 771 1424 τῶν
793 1407 889 1433 προνο-

108 1444 179 1479 μίων
195 1444 240 1470 τοῦ
260 1445 338 1470 πάπα
351 1444 607 1478 κατακοσμούμενον
633 1443 706 1479 (οὔτε
721 1436 822 1479 γὰρτῷ
838 1444 887 1479 τῆς

939 225 1078 252 translata.
1095 227 1187 261 Itaque
1206 230 1317 256 mutatis
1345 231 1502 258 nominibus
1520 231 1614 258 harum
1633 234 1717 266 ponti-

939 271 1003 297 ﬁces
1023 271 1088 298 dicti
1116 277 1180 299 sunt
1200 274 1410 308 archiepiscopi,
1433 276 1514 303 veluti
1537 276 1668 311 principia
1689 284 1717 304 et

938 316 1026 350 capita
1040 317 1186 344 multorum
1203 319 1403 352 episcoporum.
1420 321 1497 352 Quod
1520 322 1590 348 idem
1607 323 1669 352 erit.
1685 331 1717 348 ac

938 361 960 388 si
975 361 1088 393 dixeris,
1103 362 1196 390 Patres
1209 367 1236 389 et
1248 365 1416 397 patriarchae.
1439 365 1515 393 Unde
1536 367 1638 393 nullum
1662 368 1717 394 exi-

938 406 984 432 stit
996 406 1066 433 inter
1077 414 1124 434 eos
1140 406 1297 434 discrimen.
1319 408 1384 435 Nam
1406 410 1484 436 Pater
1500 410 1580 445 hujus
1610 411 1716 438 illiusve

937 452 1035 485 gentis,
1065 456 1120 478 tam
1143 453 1329 484 sacerdotalis,
1351 462 1431 488 quatit
1456 455 1530 482 laica:
1561 455 1649 483 tribus
1675 461 1718 483 est

938 495 1027 528 Pater,
1038 497 1110 524 sicut
1129 496 1212 524 Jacob
1231 499 1373 526 duodecim
1398 500 1518 527 tribuum
1544 500 1661 528 lsraelis.
1685 502 1716 529 Et

939 541 1064 575 princeps
1083 542 1282 576 episcoporum,
1306 546 1460 572 necessario
1488 545 1568 574 Pater
1593 552 1633 574 est
1660 552 1716 574 tum

938 585 1137 619 episcoporum,
1157 590 1212 612 tum
1231 587 1373 613 laicorum.
1399 588 1514 616 Gottbize
1542 590 1650 624 quidem
1672 599 1719 617 au—

939 631 1014 656 tistes
1029 637 1083 656 non
1104 635 1248 664 propterea
1265 637 1377 658 vocatur
1394 633 1628 668 archiepiscopus.
1645 637 1716 669 quod

938 673 1124 708 episcoporum
1147 676 1272 708 princeps
1291 681 1318 703 et
1338 676 1478 704 ordinator
1496 678 1549 708 sit,
1583 679 1630 705 sed
1658 683 1718 706 tau—

938 726 1018 752 quam
1045 719 1209 754 principium
1227 721 1431 755 episcoporum.
1455 723 1562 758 Quippe
1586 725 1689 752 sanctis
1705 733 1718 750 a

937 763 1062 791 Patribus
1077 769 1118 792 est
1129 766 1274 798 sancitum,
1286 771 1316 794 ιιι
1331 775 1370 794 ea:
1386 768 1528 801 dimceses,
1546 777 1606 804 quae
1621 771 1720 798 multas

938 809 1036 836 habent
1056 811 1138 838 urbes
1159 811 1209 838 sub
1227 812 1416 846 episcoporum
1435 815 1634 848 gubernatione
1659 824 1720 843 cou-

939 855 1067 887 stitulas,
1094 863 1109 882 a
1134 857 1351 891 metropolitanis
1382 858 1625 892 administrentur,
1651 868 1719 894 quos

938 900 1019 927 etiam
1047 901 1097 934 ipsi
1115 908 1234 929 canones
1257 903 1392 936 appellant
1422 904 1525 937 primos
1550 913 1557 930 :
1579 913 1638 939 quae
1655 913 1719 932 vero

938 945 989 972 sub
1002 953 1031 972 se
1044 953 1097 972 nou
1114 946 1213 973 habent
1233 948 1315 975 urbes
1330 948 1446 982 aliquas,
1467 950 1655 984 episcoporum
1675 958 1716 978 re-

937 990 1031 1025 gimini
1041 991 1174 1023 subditas,
1189 992 1409 1027 archiepiscopos
1419 994 1535 1021 habeant
1550 994 1691 1028 pontiﬁces
1705 1003 1712 1022 :

937 1039 968 1062 ut
981 1035 1124 1063 inferiores
1140 1037 1181 1063 ha:
1195 1037 1303 1071 quidem
1324 1037 1379 1064 sint
1395 1038 1602 1072 metropolibus,
1620 1043 1646 1066 at
1661 1040 1718 1074 epi-

938 1081 1092 1114 scopalibus
1115 1082 1283 1116 superiores.
1300 1083 1327 1109 ln
1350 1083 1421 1110 hunc
1435 1084 1557 1115 modum,
1571 1084 1622 1111 hoc
1637 1084 1718 1112 etiam

938 1125 1064 1159 ambiguo
1079 1125 1179 1157 soluto,
1196 1126 1322 1153 volebant
1332 1128 1455 1162 equidem
1465 1128 1564 1160 dicere,
1579 1130 1714 1163 quamob-

938 1177 993 1196 rem
1019 1177 1085 1204 papa
1103 1170 1242 1198 Romanus
1263 1172 1412 1205 appelletur
1435 1173 1596 1200 univursalis
1627 1173 1717 1208 Papa,

939 1215 1122 1250 similiterque
1140 1216 1390 1251 Constantinopolis
1406 1218 1637 1252 archiepiscopus,
1663 1220 1721 1246 uni-

938 1261 1053 1287 versalis
1069 1261 1223 1295 patriarcha
1241 1269 1249 1287 ι
1266 1269 1327 1288 cum
1350 1262 1449 1296 reliqui
1466 1263 1637 1295 patriarchae,
1659 1263 1721 1292 licet

937 1305 1057 1338 ejusdem
1074 1306 1128 1332 sint
1147 1306 1260 1336 ordinis,
1279 1307 1468 1341 appellationis
1489 1312 1516 1334 et
1539 1308 1661 1340 honoris,
1683 1309 1720 1335 ita

938 1350 1100 1384 prociamari
1118 1359 1171 1377 non
1191 1352 1303 1378 soleant.
1332 1351 1384 1378 Sed
1410 1352 1519 1386 quando
1544 1360 1640 1387 papam
1662 1353 1716 1380 llo-

938 1404 1048 1424 manum
1065 1398 1152 1425 malus
1174 1398 1330 1425 ambitionis
1347 1399 1389 1424 ille
1405 1399 1501 1432 genius
1518 1406 1532 1424 ει
1551 1400 1717 1433 reliquerunt

938 1442 1175 1469 sanctissimorum
1196 1443 1412 1477 patriarcharum
1431 1449 1502 1470 cmtu
1517 1445 1626 1475 avulsit,
1647 1449 1673 1471 et
1688 1445 1716 1471 in

107 1489 248 1524 βασιλείας
277 1489 354 1524 λώρῳ
370 1489 440 1515 κατὰ
468 1489 498 1515 τὸ
511 1489 558 1516 τοῦ
585 1490 663 1523 ἁγίου
681 1490 885 1515 Κωνσταντίνου

938 1486 1109 1514 Occidentem
1124 1488 1254 1514 duntaxat
1278 1489 1443 1520 coarctavit;
1467 1497 1527 1515 curti
1551 1489 1658 1516 interim
1678 1490 1720 1516 vi-

106 1535 285 1569 νομιζόμενον
302 1536 438 1569 θέσπισμα
459 1535 668 1569 καταστέφεται,
685 1534 744 1561 οὔτε
755 1535 887 1561 κοκκοϐα-

105 1580 171 1614 φὲσι
189 1580 305 1611 πεδίλοις
323 1581 393 1606 κατὰ
413 1581 443 1606 τὸ
464 1581 589 1606 τυπωθὲν
618 1580 799 1615 θεατρίςεται,
828 1580 886 1607 ἀλλ’

102 1624 161 1651 οὐδ’
179 1625 264 1658 ἑτέρῳ
282 1625 419 1660 προνομίῳ
429 1626 476 1658 τῆς
491 1626 609 1656 παλαιᾶς
628 1625 735 1660 Ῥώμης
745 1626 886 1661 κέχρηται,

107 1669 157 1695 καὶ
172 1669 215 1694 διὰ
228 1669 307 1694 τοῦτο
320 1669 343 1694 οἱ
361 1669 440 1699 πόδες
458 1669 539 1694 αὑτοῦ
566 1669 687 1695 ἵστανται
703 1669 731 1695 ἐν
749 1668 886 1703 εὐθύτητι,

104 1714 157 1740 καὶ
169 1714 186 1747 ἠ
195 1712 298 1748 κεφαλὴ
309 1714 389 1740 αὑτοῦ
404 1715 518 1748 παντοίῳ⁹
529 1715 643 1746 συνέσει,
659 1714 729 1740 κατὰ
741 1715 785 1740 τὸν
792 1714 886 1746 Δαϐὶδ,

107 1760 291 1786 πεπολίωται·
319 1760 365 1786 καὶ
390 1761 438 1790 τὰς
454 1760 557 1791 οἰκείας
571 1760 599 1785 δὲ
616 1759 778 1794 ὑπογραφὰς
795 1760 834 1790 ὡς
848 1761 888 1785 ol-

107 1806 269 1840 κουμενικὸς
286 1806 316 1831 οὑ
347 1805 488 1840 μεγεούνει
513 1805 615 1840 πατὴρ,
642 1805 693 1831 κᾶν
721 1804 785 1838 παρ’
809 1804 888 1839 ἡμῶν

105 1853 178 1879 οὕτω
191 1851 320 1886 κέκληται
335 1852 380 1877 καὶ
400 1850 577 1884 δεδόξασται)·
588 1851 637 1885 τὴν
656 1850 704 1885 μὲν
718 1850 782 1884 περὶ
792 1849 893 1876 τούτου

107 1897 267 1931 συζήτησιν,
281 1896 319 1927 ὡς
330 1896 484 1930 ἀλυσιτελῆ,
499 1895 672 1930 παρατρέχω.
689 1895 888 1930 ’Δπολογοῦμαι

105 1942 135 1968 δὲ
151 1941 220 1976 πρὸς
234 1942 295 1972 τοὺς
311 1940 438 1974 λέγοντας
465 1941 617 1975 τολμηρῶς,
642 1940 758 1973 ὀφείλειν
772 1940 821 1974 τῆς
836 1937 899 1965 πα-“

104 1986 273 2021 τριαρχικῆς
286 1985 480 2018 ἀποξενοῦσθαι
498 1987 579 2020 τιμῆς
595 1985 639 2012 τὸν
660 1986 825 2020 Ἀντιοχείας
841 1984 888 2011 καὶ

103 2032 152 2058 τὸν
172 2030 373 2066 Ἱεροσολύμων.
399 2030 593 2057 Κεκανόνισται
610 2030 674 2065 γὰρ,
705 2030 793 2064 φασὶ,
825 2029 887 2064 μηδ’

103 2079 136 2103 ὲν
150 2076 306 2111 ἀρχιερεῦσι
340 2075 530 2102 συντάττεσθαι
551 2075 614 2106 τοὺς
631 2075 667 2109 μὴ
693 2074 887 2114 ῥιψοκινδύνως

102 2122 312 2156 ἀπερχομένους
336 2121 473 2156 ἀρχιερεῖς
488 2121 527 2150 είς
547 2121 609 2152 τοὺς
632 2119 707 2153 παρὰ
737 2119 886 2155 Βαρϐάρων

102 2166 305 2201 κατεχομένους
319 2166 429 2200 θρόνους
454 2166 555 2197 αὐτῶν,
579 2165 645 2200 μηδὲ
660 2165 704 2191 τδν
717 2164 764 2191 τοῦ
781 2172 885 2200 μαρτυ-
900 2157 925 2186 D

103 2212 167 2247 ρίου
182 2211 407 2245 προαρπάζοντας
433 2210 574 2244 στέφανον.
597 2209 640 2239 Ὧς
653 2210 677 2235 εί
692 2209 741 2244 μὲν
752 2209 806 2235 εισι
825 2209 884 2235 λαῖ-

101 2257 148 2283 κοι
162 2257 186 2282 οἱ
197 2255 307 2282 τοιαῦτα
323 2255 393 2281 καθά
410 2263 436 2280 τι
454 2255 566 2288 μάταιον
593 2254 729 2288 ἄμϐλωμα
745 2253 816 2279 κατὰ
831 2253 885 2279 τῶν

99 2302 191 2336 ἁγίων
202 2300 328 2335 κεφαλῶν
342 2300 533 2334 ὡδινήσαντες,
549 2299 712 2334 συγγνώμης
726 2298 887 2333 ἁξιωθήσον-

99 2356 149 2374 ται
163 2346 234 2373 κατὰ
247 2346 345 2381 πολλὴν
359 2345 518 2372 ἐπιείκειαν.
534 2345 689 2380 Γέγραπται
702 2345 766 2380 γάρ·
780 2344 816 2370 Οὐ
832 2343 885 2378 χρὴ

107 2393 246 2427 Ῥωμαῖον
269 2392 353 2426 ἄνδρα
368 2392 465 2426 νόμους
481 2391 590 2425 (ταύτὸν
604 2390 626 2416 δ’
651 2390 722 2417 ἐστιν
737 2390 824 2416 εἰπεῖν
840 2389 886 2415 καὶ

99 2437 231 2472 κανόνας)
246 2438 362 2470 ἀγνοεῖν.
385 2437 446 2462 ’Ὁτι
465 2437 515 2463 κᾶν
533 2435 667 2471 χειρῶναξ
683 2436 725 2466 τίς
743 2437 813 2466 ἐστι,
832 2434 885 2462 κᾶν

99 2483 221 2518 σύρφαξ,
236 2483 340 2510 οἴκοθεν
352 2482 553 2516 εἰδέναινόμους
565 2481 581 2516 ἢ
603 2481 715 2512 κανόνας
731 2480 768 2516 μὴ
782 2480 886 2514 συγχω-

99 2530 235 2566 ρούμενός
262 2530 346 2561 ἐστιν,
380 2528 436 2555 ἀλλ’
463 2529 487 2554 οἱ
505 2528 614 2559 τούτους
631 2527 700 2555 κατὰ
727 2527 885 2558 σπουδαίους

97 2577 117 2603 ὰ
122 2584 175 2610 ργυ
180 2575 264 2609 ρογνώ
268 2583 350 2609 μονας
367 2573 584 2609 μεταλλεύοντες,

121 2622 225 2648 Ὄσσα
237 2630 269 2648 τε
280 2622 382 2655 φύλλα
396 2621 446 2648 καὶ
459 2622 550 2648 ἄνθεα
560 2622 670 2656 γίνεται
681 2622 780 2655 εἴαρος
790 2621 851 2656 ὥρῃ
862 2631 870 2638 ο

938 1533 1019 1560 deant
1039 1533 1368 1567 Constantinopolitanum
1385 1535 1460 1560 nullo
1485 1541 1562 1568 papa:
1577 1535 1719 1569 privilegio

945 1582 1029 1604 semet
1058 1582 1199 1604 ornantum
1231 1579 1351 1613 (quippe
1384 1586 1434 1605 nec
1464 1579 1539 1612 regni
1575 1584 1720 1606 coronatur

939 1623 1034 1654 fascia,
1051 1624 1200 1650 secundum
1221 1624 1259 1655 id,
1276 1624 1347 1658 quod
1367 1625 1453 1651 sancti
1475 1624 1647 1651 Constantini
1666 1628 1721 1651 sta-

939 1671 1028 1694 tutum
1039 1676 1099 1695 esse
1114 1673 1235 1700 putatur,
1254 1676 1304 1695 nec
1329 1677 1389 1695 cum
1410 1669 1546 1695 coccincis
1564 1669 1674 1699 calceis,
1690 1673 1720 1696 ut.

941 1713 1040 1741 ibidem
1065 1704 1203 1746 sancitur;
1220 1715 1292 1740 velut
1314 1715 1340 1740 in
1364 1715 1519 1748 spei-tacqu
1541 1720 1624 1741 semet
1646 1714 1722 1741 exhi-

944 1759 1007 1789 bet;
1025 1766 1073 1785 ncc
1093 1758 1167 1784 aliud
1183 1759 1298 1792 denique
1315 1758 1408 1786 Roma:
1431 1759 1530 1786 veteris
1547 1767 1621 1793 papae
1638 1759 1722 1792 privi-

942 1803 1042 1838 legium
1056 1809 1165 1837 usurpat
1181 1811 1189 1829 :
1206 1803 1321 1837 ideoque
1336 1808 1408 1831 stant
1425 1804 1505 1838 pedes
1522 1804 1623 1838 ejus‘in
1638 1805 1720 1831 recti<

938 1849 1043 1880 tudine,
1053 1852 1081 1875 et
1095 1852 1174 1882 caput
1189 1848 1248 1882 ejus
1264 1849 1408 1884 omnigena
1425 1850 1576 1884 prudentia,
1587 1850 1720 1883 qtlelnad-

938 1894 1047 1920 modum
1087 1893 1200 1920 Davides
1234 1894 1373 1927 loquitur,
1407 1895 1540 1921 incanuit.
1581 1895 1652 1921 ldem
1688 1902 1722 1921 ne

937 1939 1154 1973 subscriptiones
1169 1939 1276 1973 quidem
1301 1947 1366 1966 suas
1390 1939 1547 1974 magniﬁcas
1564 1939 1638 1969 facit,
1661 1942 1722 1965 tan—

938 1992 1019 2019 quam
1033 1990 1111 2018 pater
1128 1984 1307 2017 universalis;
1323 1985 1384 2011 licet
1398 1992 1412 2010 a
1428 1985 1505 2012 nobis
1521 1985 1556 2011 ita
1572 1989 1683 2011 vocetur
1694 1989 1721 2010 et

937 2030 1091 2057 celebretur
1116 2030 1252 2064 (equidem
1266 2030 1299 2056 de
1315 2030 1366 2056 hoc
1389 2030 1620 2064 disquisitionem,
1649 2030 1723 2056 velut

937 2075 1135 2111 infrugiferam,
1149 2077 1292 2104 instituere
1321 2077 1496 2110 supersedeo.
1514 2076 1613 2102 Facere
1631 2080 1722 2102 tamen

937 2129 990 2149 non
1012 2129 1132 2156 posSum,
1150 2122 1215 2156 quin
1241 2121 1276 2148 lis
1303 2121 1482 2155 respondeam
1499 2141 1506 2154 ,
1527 2122 1573 2154 qui
1593 2121 1722 2147 audacter

938 2167 1096 2202 praedicant,
1115 2175 1129 2193 a
1144 2167 1275 2201 dignitate
1288 2166 1459 2200 patriarchali
1475 2165 1655 2192 removendos
1667 2165 1722 2191 An-

939 2213 1095 2240 tiochenum
1111 2217 1138 2240 et
1150 2211 1436 2246 llierosolymitauum.
1450 2211 1556 2245 Quippe
1571 2211 1722 2237 canonibus

942 2263 1073 2287 statutum
1090 2262 1142 2290 est,
1159 2258 1295 2292 inquiunt,
1319 2264 1352 2284 ne
1368 2257 1476 2291 quidem
1493 2257 1563 2283 inter
1581 2257 1722 2290 pontiﬁces

937 2303 1120 2331 recensendos
1142 2310 1215 2334 esse,
1232 2302 1278 2337 qui
1296 2309 1350 2329 non
1370 2302 1410 2328 vel
1424 2306 1548 2328 extremo
1565 2309 1627 2328 cum
1644 2301 1721 2335 peri-

938 2349 1000 2376 culo
1015 2357 1045 2376 se
1059 2348 1205 2376 conlerant
1219 2347 1252 2375 ad
1264 2347 1380 2375 thronos
1395 2355 1460 2374 suos
1473 2355 1486 2373 ο
1500 2346 1626 2373 Barbaris
1640 2353 1722 2373 occu-

938 2400 1026 2430 patos.
1042 2403 1091 2422 nec
1105 2395 1227 2430 martyrii
1247 2401 1376 2421 coronam
1401 2393 1565 2428 prmripiaut.
1589 2392 1720 2419 Nimirum

939 2441 963 2468 si
982 2441 1045 2468 laici
1068 2445 1144 2471 sunt,
1169 2440 1214 2474 qui
1236 2440 1297 2466 talia
1323 2439 1404 2466 veluti
1427 2439 1554 2466 stolidum
1575 2437 1719 2472 quemdam

939 2487 1063 2514 abortum
1078 2486 1209 2513 adversus
1221 2493 1297 2513 sacra
1311 2491 1404 2513 sancta
1418 2487 1506 2519 capita
1523 2484 1719 2518 parturit-mut,

939 2532 1045 2559 veniam
1069 2531 1244 2558 merebuntur
1266 2539 1297 2558 ex
1333 2531 1464 2566 singulari
1487 2530 1603 2563 quadam
1627 2533 1720 2554 nostra

940 2577 1136 2605 moderatione.
1152 2576 1321 2611 Catteroqttin
1339 2577 1410 2603 enim
1426 2575 1555 2608 scriptum
1572 2577 1613 2600 est
1631 2580 1638 2600 :
1664 2571 1720 2597 llo-

940 2624 1038 2650 minem
1055 2622 1205 2649 Romanum
1221 2623 1346 2656 ignorare
1361 2622 1432 2656 leges
1449 2621 1529 2653 (idem
1545 2623 1571 2646 et
1585 2619 1618 2644 de
1635 2625 1720 2644 cano-

96 2667 183 2694 nibus
200 2667 354 2701 dicendum)
374 2675 428 2694 non
462 2672 577 2701 oportet.
598 2667 703 2702 Quippe
735 2669 798 2695 licet
815 2669 914 2704 aliquis
935 2669 1094 2696 manuarius
1105 2668 1140 2695 sit
1157 2668 1257 2702 opifex,
1270 2672 1296 2694 et
1309 2675 1339 2694 ex
1357 2666 1448 2692 intima
1464 2665 1527 2691 faece
1543 2663 1640 2698 plebis.
1652 2663 1719 2695 quin

98 2714 176 2746 leges
192 2717 238 2739 aut
255 2720 372 2741 canones
391 2721 438 2748 per
458 2721 486 2741 se
504 2714 587 2745 norit,
623 2715 729 2741 veniam
771 2716 916 2749 impetrare
936 2723 990 2742 non
1015 2719 1105 2749 potest
1129 2723 1136 2741 :

1157 2722 1218 2741 cum
1241 2714 1286 2748 qui
1311 2709 1383 2747 leges
1417 2716 1443 2739 et
1468 2717 1598 2743 canones,
1630 2708 1720 2736 instar

98 2758 297 2786 industriorum
323 2759 427 2794 argenti
453 2761 668 2794 exploratorum,
689 2760 864 2794 investigarit,
888 2761 915 2787 in
936 2760 987 2786 hac
1001 2760 1067 2786 urbe
1088 2760 1159 2794 regia
1177 2764 1214 2786 tot
1229 2760 1293 2790 sint.

570 2804 638 2837 Quot
652 2805 716 2838 [alia
732 2811 754 2831 et
769 2807 845 2840 ﬂores
858 2811 1000 2833 nascuntur
1017 2811 1127 2839 tempore
1143 2814 1217 2832 vrrno
1235 2813 1244 2831 .'
