  <div class='ocr_page' id='page_1' title='image "/cluster/home/n/w/nwhite01/storage/ocr_20150623/138/njp.32101077773123/606.png"; bbox 0 0 1894 3072; ppageno 0'>
   <div class='ocr_carea' id='block_1_1' title="bbox 93 161 867 198">
    <p class='ocr_par' dir='ltr' id='par_1_1' title="bbox 93 161 867 198">
     <span class='ocr_line' id='line_1_1' title="bbox 93 161 867 198; baseline -0.003 -8"><span class='ocrx_word' id='word_1_1' title='bbox 93 165 156 190; x_wconf 85' lang='grc' dir='ltr'>τῶν·</span> <span class='ocrx_word' id='word_1_2' title='bbox 178 164 207 190; x_wconf 80' lang='grc' dir='ltr'><strong>τδ</strong></span> <span class='ocrx_word' id='word_1_3' title='bbox 226 163 254 190; x_wconf 74' lang='grc' dir='ltr'>δὲ</span> <span class='ocrx_word' id='word_1_4' title='bbox 270 162 342 194; x_wconf 77' lang='grc' dir='ltr'>ἔλεός</span> <span class='ocrx_word' id='word_1_5' title='bbox 365 171 414 197; x_wconf 87' lang='grc' dir='ltr'><strong>μου</strong></span> <span class='ocrx_word' id='word_1_6' title='bbox 439 163 468 189; x_wconf 81' lang='grc' dir='ltr'>οὐ</span> <span class='ocrx_word' id='word_1_7' title='bbox 488 162 524 198; x_wconf 80' lang='grc' dir='ltr'>μὴ</span> <span class='ocrx_word' id='word_1_8' title='bbox 551 161 717 189; x_wconf 74' lang='grc' dir='ltr'>διασκεδάσω</span> <span class='ocrx_word' id='word_1_9' title='bbox 740 163 792 188; x_wconf 70' lang='grc' dir='ltr'><strong>ἀπὸ</strong></span> <span class='ocrx_word' id='word_1_10' title='bbox 813 163 867 189; x_wconf 82' lang='grc' dir='ltr'><strong>τῶν</strong></span> 
     </span>
    </p>
   </div>
   <div class='ocr_carea' id='block_1_2' title="bbox 93 207 867 244">
    <p class='ocr_par' dir='ltr' id='par_1_2' title="bbox 93 207 867 244">
     <span class='ocr_line' id='line_1_2' title="bbox 93 207 867 244; baseline -0.003 -8"><span class='ocrx_word' id='word_1_11' title='bbox 93 207 260 243; x_wconf 78' lang='grc' dir='ltr'><strong>ἀγαπώντων</strong></span> <span class='ocrx_word' id='word_1_12' title='bbox 277 218 319 244; x_wconf 82' lang='grc' dir='ltr'>με,</span> <span class='ocrx_word' id='word_1_13' title='bbox 337 209 390 235; x_wconf 70' lang='grc' dir='ltr'>οὐδ’</span> <span class='ocrx_word' id='word_1_14' title='bbox 406 208 437 235; x_wconf 84' lang='grc' dir='ltr'>οὗ</span> <span class='ocrx_word' id='word_1_15' title='bbox 458 209 494 243; x_wconf 83' lang='grc' dir='ltr'>μὴ</span> <span class='ocrx_word' id='word_1_16' title='bbox 510 208 654 244; x_wconf 79' lang='grc' dir='ltr'>βεδηλώσω</span> <span class='ocrx_word' id='word_1_17' title='bbox 670 209 718 243; x_wconf 83' lang='grc' dir='ltr'>τὴν</span> <span class='ocrx_word' id='word_1_18' title='bbox 737 208 867 243; x_wconf 86' lang='grc' dir='ltr'><strong>διαθήκην</strong></span> 
     </span>
    </p>
   </div>
   <div class='ocr_carea' id='block_1_3' title="bbox 94 253 866 288">
    <p class='ocr_par' dir='ltr' id='par_1_3' title="bbox 94 253 866 288">
     <span class='ocr_line' id='line_1_3' title="bbox 94 253 866 288; baseline -0.004 -7"><span class='ocrx_word' id='word_1_19' title='bbox 94 262 164 288; x_wconf 85' lang='grc' dir='ltr'>μου·</span> <span class='ocrx_word' id='word_1_20' title='bbox 187 253 234 288; x_wconf 84' lang='grc' dir='ltr'>τὴν</span> <span class='ocrx_word' id='word_1_21' title='bbox 253 254 301 288; x_wconf 80' lang='grc' dir='ltr'>μὲν</span> <span class='ocrx_word' id='word_1_22' title='bbox 325 254 434 288; x_wconf 77' lang='grc' dir='ltr'>ἐθνικὴν</span> <span class='ocrx_word' id='word_1_23' title='bbox 455 253 581 280; x_wconf 76' lang='grc' dir='ltr'><strong>ἀπιστίαν</strong></span> <span class='ocrx_word' id='word_1_24' title='bbox 602 253 786 287; x_wconf 68' lang='grc' dir='ltr'>διασκορὶτίσει</span> <span class='ocrx_word' id='word_1_25' title='bbox 802 253 866 279; x_wconf 71' lang='grc' dir='ltr'>ὡσεὶ</span> 
     </span>
    </p>
   </div>
   <div class='ocr_carea' id='block_1_4' title="bbox 93 298 866 334">
    <p class='ocr_par' dir='ltr' id='par_1_4' title="bbox 93 298 866 334">
     <span class='ocr_line' id='line_1_4' title="bbox 93 298 866 334; baseline -0.004 -8"><span class='ocrx_word' id='word_1_26' title='bbox 93 299 230 334; x_wconf 73' lang='grc' dir='ltr'>κονιορτὸν</span> <span class='ocrx_word' id='word_1_27' title='bbox 246 299 298 325; x_wconf 80' lang='grc' dir='ltr'><strong>ἀπὸ</strong></span> <span class='ocrx_word' id='word_1_28' title='bbox 314 298 414 329; x_wconf 76' lang='grc' dir='ltr'>ἅλωνος</span> <span class='ocrx_word' id='word_1_29' title='bbox 427 298 544 334; x_wconf 81' lang='grc' dir='ltr'><strong>θερινῆς,</strong></span> <span class='ocrx_word' id='word_1_30' title='bbox 561 298 623 330; x_wconf 75' lang='grc' dir='ltr'>τοὺς</span> <span class='ocrx_word' id='word_1_31' title='bbox 639 298 668 324; x_wconf 80' lang='grc' dir='ltr'>δὲ</span> <span class='ocrx_word' id='word_1_32' title='bbox 682 298 769 329; x_wconf 79' lang='grc' dir='ltr'><strong>ὁσίους</strong></span> <span class='ocrx_word' id='word_1_33' title='bbox 785 298 866 324; x_wconf 78' lang='grc' dir='ltr'>αὐτοῦ</span> 
     </span>
    </p>
   </div>
   <div class='ocr_carea' id='block_1_5' title="bbox 93 342 865 380">
    <p class='ocr_par' dir='ltr' id='par_1_5' title="bbox 93 342 865 380">
     <span class='ocr_line' id='line_1_5' title="bbox 93 342 865 380; baseline -0.001 -10"><span class='ocrx_word' id='word_1_34' title='bbox 93 344 245 380; x_wconf 77' lang='grc' dir='ltr'><strong>συναγάγῃ,</strong></span> <span class='ocrx_word' id='word_1_35' title='bbox 259 344 305 370; x_wconf 73' lang='grc' dir='ltr'>καὶ</span> <span class='ocrx_word' id='word_1_36' title='bbox 317 343 396 369; x_wconf 85' lang='grc' dir='ltr'>δώσει</span> <span class='ocrx_word' id='word_1_37' title='bbox 411 343 501 374; x_wconf 84' lang='grc' dir='ltr'>αὐτοῖς</span> <span class='ocrx_word' id='word_1_38' title='bbox 515 342 604 378; x_wconf 90' lang='grc' dir='ltr'>χώρας</span> <span class='ocrx_word' id='word_1_39' title='bbox 620 342 703 369; x_wconf 83' lang='grc' dir='ltr'>ὲθνῶν</span> <span class='ocrx_word' id='word_1_40' title='bbox 713 343 759 369; x_wconf 72' lang='grc' dir='ltr'>καὶ</span> <span class='ocrx_word' id='word_1_41' title='bbox 770 342 865 376; x_wconf 81' lang='grc' dir='ltr'>φυλάς.</span> 
     </span>
    </p>
   </div>
   <div class='ocr_carea' id='block_1_6' title="bbox 93 387 867 424">
    <p class='ocr_par' dir='ltr' id='par_1_6' title="bbox 93 387 867 424">
     <span class='ocr_line' id='line_1_6' title="bbox 93 387 867 424; baseline -0.004 -8"><span class='ocrx_word' id='word_1_42' title='bbox 93 390 146 416; x_wconf 73' lang='grc' dir='ltr'><strong>Καὶ</strong></span> <span class='ocrx_word' id='word_1_43' title='bbox 161 390 219 424; x_wconf 77' lang='grc' dir='ltr'>ἐρεῖ</span> <span class='ocrx_word' id='word_1_44' title='bbox 238 389 289 420; x_wconf 81' lang='grc' dir='ltr'><strong>πᾶς</strong></span> <span class='ocrx_word' id='word_1_45' title='bbox 318 389 332 414; x_wconf 80' lang='grc' dir='ltr'><strong>ὁ</strong></span> <span class='ocrx_word' id='word_1_46' title='bbox 346 389 409 420; x_wconf 73' lang='grc' dir='ltr'>λαός</span> <span class='ocrx_word' id='word_1_47' title='bbox 425 396 433 404; x_wconf 90' lang='grc'><strong>·</strong></span> <span class='ocrx_word' id='word_1_48' title='bbox 454 388 604 424; x_wconf 70' lang='grc' dir='ltr'><strong>Εὐλογητὸς</strong></span> <span class='ocrx_word' id='word_1_49' title='bbox 630 388 731 423; x_wconf 81' lang='grc' dir='ltr'>Κύριος</span> <span class='ocrx_word' id='word_1_50' title='bbox 758 389 797 419; x_wconf 79' lang='grc' dir='ltr'><strong>είς</strong></span> <span class='ocrx_word' id='word_1_51' title='bbox 823 387 867 414; x_wconf 74' lang='grc' dir='ltr'><strong>τὸν</strong></span> 
     </span>
    </p>
   </div>
   <div class='ocr_carea' id='block_1_7' title="bbox 91 433 452 466">
    <p class='ocr_par' dir='ltr' id='par_1_7' title="bbox 91 433 452 466">
     <span class='ocr_line' id='line_1_7' title="bbox 91 433 452 466; baseline 0 -8"><span class='ocrx_word' id='word_1_52' title='bbox 91 433 189 460; x_wconf 76' lang='grc' dir='ltr'>αἰῶνα.</span> <span class='ocrx_word' id='word_1_53' title='bbox 205 433 321 466; x_wconf 82' lang='grc' dir='ltr'>Γένοιτο,</span> <span class='ocrx_word' id='word_1_54' title='bbox 340 433 452 466; x_wconf 80' lang='grc' dir='ltr'>γένοιτο.</span> 
     </span>
    </p>
   </div>
   <div class='ocr_carea' id='block_1_8' title="bbox 377 497 581 524">
    <p class='ocr_par' dir='ltr' id='par_1_8' title="bbox 377 497 581 524">
     <span class='ocr_line' id='line_1_8' title="bbox 377 497 581 524; baseline -0.01 0"><span class='ocrx_word' id='word_1_55' title='bbox 377 498 445 524; x_wconf 83' lang='grc' dir='ltr'><strong>ΤΟΥ</strong></span> <span class='ocrx_word' id='word_1_56' title='bbox 467 497 581 524; x_wconf 82' lang='grc' dir='ltr'>ΑΥΤΟΥ</span> 
     </span>
    </p>
   </div>
   <div class='ocr_carea' id='block_1_9' title="bbox 92 561 866 597">
    <p class='ocr_par' dir='ltr' id='par_1_9' title="bbox 92 561 866 597">
     <span class='ocr_line' id='line_1_9' title="bbox 92 561 866 597; baseline -0.004 -8"><span class='ocrx_word' id='word_1_57' title='bbox 92 563 220 597; x_wconf 76' lang='grc' dir='ltr'>Μελέτη,</span> <span class='ocrx_word' id='word_1_58' title='bbox 235 563 322 596; x_wconf 78' lang='grc' dir='ltr'>χάριν</span> <span class='ocrx_word' id='word_1_59' title='bbox 333 563 391 589; x_wconf 80' lang='grc' dir='ltr'><strong>τῶν</strong></span> <span class='ocrx_word' id='word_1_60' title='bbox 404 562 457 588; x_wconf 80' lang='grc' dir='ltr'>δύο</span> <span class='ocrx_word' id='word_1_61' title='bbox 473 562 628 595; x_wconf 69' lang='grc' dir='ltr'>ὀφερικίων,</span> <span class='ocrx_word' id='word_1_62' title='bbox 639 561 703 597; x_wconf 15' lang='grc' dir='ltr'>ἒτοῦ</span> <span class='ocrx_word' id='word_1_63' title='bbox 717 568 748 587; x_wconf 84' lang='grc' dir='ltr'><strong>τε</strong></span> <span class='ocrx_word' id='word_1_64' title='bbox 761 568 866 594; x_wconf 79' lang='grc' dir='ltr'>καρτο-</span> 
     </span>
    </p>
   </div>
   <div class='ocr_carea' id='block_1_10' title="bbox 232 595 729 631">
    <p class='ocr_par' dir='ltr' id='par_1_10' title="bbox 232 595 729 631">
     <span class='ocr_line' id='line_1_10' title="bbox 232 595 729 631; baseline -0.004 -7"><span class='ocrx_word' id='word_1_65' title='bbox 232 595 378 631; x_wconf 69' lang='grc' dir='ltr'>φύζλακος,</span> <span class='ocrx_word' id='word_1_66' title='bbox 390 597 438 623; x_wconf 79' lang='grc' dir='ltr'>καὶ</span> <span class='ocrx_word' id='word_1_67' title='bbox 452 596 504 623; x_wconf 83' lang='grc' dir='ltr'>τοῦ</span> <span class='ocrx_word' id='word_1_68' title='bbox 518 595 729 628; x_wconf 80' lang='grc' dir='ltr'>πρωτεκδίκου.</span> 
     </span>
    </p>
   </div>
   <div class='ocr_carea' id='block_1_11' title="bbox 127 648 867 685">
    <p class='ocr_par' dir='ltr' id='par_1_11' title="bbox 127 648 867 685">
     <span class='ocr_line' id='line_1_11' title="bbox 127 648 867 685; baseline -0.004 -8"><span class='ocrx_word' id='word_1_69' title='bbox 127 650 182 677; x_wconf 79' lang='grc' dir='ltr'><strong>Τοῦ</strong></span> <span class='ocrx_word' id='word_1_70' title='bbox 199 651 315 685; x_wconf 81' lang='grc' dir='ltr'>μεγάλου</span> <span class='ocrx_word' id='word_1_71' title='bbox 332 650 490 677; x_wconf 74' lang='grc' dir='ltr'>διδασκάλου</span> <span class='ocrx_word' id='word_1_72' title='bbox 510 649 559 684; x_wconf 82' lang='grc' dir='ltr'>τῆς</span> <span class='ocrx_word' id='word_1_73' title='bbox 582 649 745 684; x_wconf 80' lang='grc' dir='ltr'>Ἐκκλησίας</span> <span class='ocrx_word' id='word_1_74' title='bbox 762 648 867 675; x_wconf 82' lang='grc' dir='ltr'><strong>Παύλου</strong></span> 
     </span>
    </p>
   </div>
   <div class='ocr_carea' id='block_1_12' title="bbox 89 693 868 730">
    <p class='ocr_par' dir='ltr' id='par_1_12' title="bbox 89 693 868 730">
     <span class='ocr_line' id='line_1_12' title="bbox 89 693 868 730; baseline -0.005 -8"><span class='ocrx_word' id='word_1_75' title='bbox 89 696 139 723; x_wconf 80' lang='grc' dir='ltr'>τοῦ</span> <span class='ocrx_word' id='word_1_76' title='bbox 157 696 318 730; x_wconf 81' lang='grc' dir='ltr'>θεοκήρυκος</span> <span class='ocrx_word' id='word_1_77' title='bbox 337 695 462 728; x_wconf 80' lang='grc' dir='ltr'>λέγοντος</span> <span class='ocrx_word' id='word_1_78' title='bbox 474 714 481 726; x_wconf 88' lang='grc'><em>,</em></span> <span class='ocrx_word' id='word_1_79' title='bbox 498 695 553 728; x_wconf 83' lang='grc' dir='ltr'><strong>Οὐχ</strong></span> <span class='ocrx_word' id='word_1_80' title='bbox 573 693 660 728; x_wconf 78' lang='grc' dir='ltr'>ἑαυτῷ</span> <span class='ocrx_word' id='word_1_81' title='bbox 674 702 714 724; x_wconf 84' lang='grc' dir='ltr'><strong>τις</strong></span> <span class='ocrx_word' id='word_1_82' title='bbox 736 693 868 726; x_wconf 75' lang='grc' dir='ltr'>λαμϐάνει</span> 
     </span>
    </p>
   </div>
   <div class='ocr_carea' id='block_1_13' title="bbox 89 738 868 775">
    <p class='ocr_par' dir='ltr' id='par_1_13' title="bbox 89 738 868 775">
     <span class='ocr_line' id='line_1_13' title="bbox 89 738 868 775; baseline -0.005 -8"><span class='ocrx_word' id='word_1_83' title='bbox 89 742 185 775; x_wconf 83' lang='grc' dir='ltr'>τιμὴν,</span> <span class='ocrx_word' id='word_1_84' title='bbox 202 741 269 767; x_wconf 72' lang='grc' dir='ltr'>ἀλλὰ</span> <span class='ocrx_word' id='word_1_85' title='bbox 288 740 450 775; x_wconf 84' lang='grc' dir='ltr'>καλούμενος</span> <span class='ocrx_word' id='word_1_86' title='bbox 469 740 520 766; x_wconf 82' lang='grc' dir='ltr'><strong>ὑπὸ</strong></span> <span class='ocrx_word' id='word_1_87' title='bbox 542 738 589 765; x_wconf 85' lang='grc' dir='ltr'>τοῦ</span> <span class='ocrx_word' id='word_1_88' title='bbox 612 738 679 765; x_wconf 84' lang='grc' dir='ltr'><strong>Θεοῦ</strong></span> <span class='ocrx_word' id='word_1_89' title='bbox 692 759 699 771; x_wconf 90' lang='grc'>,</span> <span class='ocrx_word' id='word_1_90' title='bbox 716 738 829 772; x_wconf 76' lang='grc' dir='ltr'>ὤφειλεν</span> <span class='ocrx_word' id='word_1_91' title='bbox 854 739 868 764; x_wconf 78' lang='grc' dir='ltr'><strong>ὁ</strong></span> 
     </span>
    </p>
   </div>
   <div class='ocr_carea' id='block_1_14' title="bbox 90 782 868 822">
    <p class='ocr_par' dir='ltr' id='par_1_14' title="bbox 90 782 868 822">
     <span class='ocr_line' id='line_1_14' title="bbox 90 782 868 822; baseline -0.006 -9"><span class='ocrx_word' id='word_1_92' title='bbox 90 787 277 822; x_wconf 83' lang='grc' dir='ltr'>πρωτέκδικος</span> <span class='ocrx_word' id='word_1_93' title='bbox 296 785 439 821; x_wconf 79' lang='grc' dir='ltr'>ἀρκεῖσθαι</span> <span class='ocrx_word' id='word_1_94' title='bbox 463 786 518 816; x_wconf 81' lang='grc' dir='ltr'>τοῖς</span> <span class='ocrx_word' id='word_1_95' title='bbox 541 784 692 818; x_wconf 84' lang='grc' dir='ltr'><strong>δεδομένοις</strong></span> <span class='ocrx_word' id='word_1_96' title='bbox 712 783 795 817; x_wconf 72' lang='grc' dir='ltr'>αὐτῷ,</span> <span class='ocrx_word' id='word_1_97' title='bbox 822 782 868 809; x_wconf 73' lang='grc' dir='ltr'>καὶ</span> 
     </span>
    </p>
   </div>
   <div class='ocr_carea' id='block_1_15' title="bbox 90 820 904 865">
    <p class='ocr_par' dir='ltr' id='par_1_15' title="bbox 90 820 904 865">
     <span class='ocr_line' id='line_1_15' title="bbox 90 820 904 865; baseline -0.007 -8"><span class='ocrx_word' id='word_1_98' title='bbox 90 831 154 857; x_wconf 80' lang='grc' dir='ltr'>κατ’</span> <span class='ocrx_word' id='word_1_99' title='bbox 166 831 235 865; x_wconf 81' lang='grc' dir='ltr'>ἱχνία</span> <span class='ocrx_word' id='word_1_100' title='bbox 249 831 271 847; x_wconf 84' lang='grc'><strong>⁷³</strong></span> <span class='ocrx_word' id='word_1_101' title='bbox 289 830 389 865; x_wconf 83' lang='grc' dir='ltr'>βαίνειν</span> <span class='ocrx_word' id='word_1_102' title='bbox 405 829 459 855; x_wconf 88' lang='grc' dir='ltr'>τῶν</span> <span class='ocrx_word' id='word_1_103' title='bbox 476 829 528 863; x_wconf 79' lang='grc' dir='ltr'>πρὸ</span> <span class='ocrx_word' id='word_1_104' title='bbox 547 827 640 859; x_wconf 73' lang='grc' dir='ltr'>αὑτοῦ,</span> <span class='ocrx_word' id='word_1_105' title='bbox 657 827 770 862; x_wconf 75' lang='grc' dir='ltr'><strong>παντοίᾳ</strong></span> <span class='ocrx_word' id='word_1_106' title='bbox 787 826 867 860; x_wconf 77' lang='grc' dir='ltr'>σοφίᾳ</span> <span class='ocrx_word' id='word_1_107' title='bbox 882 820 904 850; x_wconf 80' lang='grc' dir='ltr'><strong>Β</strong></span> 
     </span>
    </p>
   </div>
   <div class='ocr_carea' id='block_1_16' title="bbox 89 872 866 910">
    <p class='ocr_par' dir='ltr' id='par_1_16' title="bbox 89 872 866 910">
     <span class='ocr_line' id='line_1_16' title="bbox 89 872 866 910; baseline -0.008 -6"><span class='ocrx_word' id='word_1_108' title='bbox 89 878 147 904; x_wconf 82' lang='grc' dir='ltr'>τῶν</span> <span class='ocrx_word' id='word_1_109' title='bbox 164 878 292 904; x_wconf 86' lang='grc' dir='ltr'>πλειόνων</span> <span class='ocrx_word' id='word_1_110' title='bbox 315 876 526 910; x_wconf 81' lang='grc' dir='ltr'><strong>κεκοσμημένων</strong></span> <span class='ocrx_word' id='word_1_111' title='bbox 550 875 582 909; x_wconf 81' lang='grc' dir='ltr'>τῇ</span> <span class='ocrx_word' id='word_1_112' title='bbox 604 874 694 909; x_wconf 68' lang='grc' dir='ltr'>χάριτι</span> <span class='ocrx_word' id='word_1_113' title='bbox 715 873 762 899; x_wconf 84' lang='grc' dir='ltr'><strong>τοῦ</strong></span> <span class='ocrx_word' id='word_1_114' title='bbox 788 872 866 906; x_wconf 81' lang='grc' dir='ltr'>Θεοῦ,</span> 
     </span>
    </p>
   </div>
   <div class='ocr_carea' id='block_1_17' title="bbox 89 919 869 954">
    <p class='ocr_par' dir='ltr' id='par_1_17' title="bbox 89 919 869 954">
     <span class='ocr_line' id='line_1_17' title="bbox 89 919 869 954; baseline -0.006 -5"><span class='ocrx_word' id='word_1_115' title='bbox 89 922 184 953; x_wconf 78' lang='grc' dir='ltr'>καθὼς</span> <span class='ocrx_word' id='word_1_116' title='bbox 197 922 243 948; x_wconf 72' lang='grc' dir='ltr'>καὶ</span> <span class='ocrx_word' id='word_1_117' title='bbox 259 922 337 952; x_wconf 78' lang='grc' dir='ltr'>αὑτός</span> <span class='ocrx_word' id='word_1_118' title='bbox 350 922 417 952; x_wconf 75' lang='grc' dir='ltr'>ἐστι,</span> <span class='ocrx_word' id='word_1_119' title='bbox 435 920 482 947; x_wconf 66' lang='grc' dir='ltr'><strong>καὶ</strong></span> <span class='ocrx_word' id='word_1_120' title='bbox 500 920 534 946; x_wconf 85' lang='grc' dir='ltr'><strong>τὰ</strong></span> <span class='ocrx_word' id='word_1_121' title='bbox 551 920 703 954; x_wconf 75' lang='grc' dir='ltr'>ὑψηλότατα</span> <span class='ocrx_word' id='word_1_122' title='bbox 718 919 767 953; x_wconf 82' lang='grc' dir='ltr'>τῆς</span> <span class='ocrx_word' id='word_1_123' title='bbox 788 919 869 952; x_wconf 77' lang='grc' dir='ltr'>ἁγιωσ</span> 
     </span>
    </p>
   </div>
   <div class='ocr_carea' id='block_1_18' title="bbox 89 964 868 1003">
    <p class='ocr_par' dir='ltr' id='par_1_18' title="bbox 89 964 868 1003">
     <span class='ocr_line' id='line_1_18' title="bbox 89 964 868 1003; baseline -0.005 -9"><span class='ocrx_word' id='word_1_124' title='bbox 89 968 177 1001; x_wconf 78' lang='grc' dir='ltr'>τάτης</span> <span class='ocrx_word' id='word_1_125' title='bbox 191 968 236 993; x_wconf 83' lang='grc' dir='ltr'>τοῦ</span> <span class='ocrx_word' id='word_1_126' title='bbox 259 967 325 992; x_wconf 85' lang='grc' dir='ltr'><strong>Θεοῦ</strong></span> <span class='ocrx_word' id='word_1_127' title='bbox 343 966 463 1001; x_wconf 80' lang='grc' dir='ltr'>μεγάλης</span> <span class='ocrx_word' id='word_1_128' title='bbox 481 965 643 1003; x_wconf 80' lang='grc' dir='ltr'>Ἐκκλησίας</span> <span class='ocrx_word' id='word_1_129' title='bbox 665 964 868 999; x_wconf 72' lang='grc' dir='ltr'><strong>ἐνεργησάντων</strong></span> 
     </span>
    </p>
   </div>
   <div class='ocr_carea' id='block_1_19' title="bbox 88 1007 869 1046">
    <p class='ocr_par' dir='ltr' id='par_1_19' title="bbox 88 1007 869 1046">
     <span class='ocr_line' id='line_1_19' title="bbox 88 1007 869 1046; baseline -0.005 -9"><span class='ocrx_word' id='word_1_130' title='bbox 88 1012 217 1046; x_wconf 81' lang='grc' dir='ltr'>ὀφφίκια,</span> <span class='ocrx_word' id='word_1_131' title='bbox 235 1011 315 1037; x_wconf 82' lang='grc' dir='ltr'>τινῶν</span> <span class='ocrx_word' id='word_1_132' title='bbox 328 1011 356 1037; x_wconf 88' lang='grc' dir='ltr'>δὲ</span> <span class='ocrx_word' id='word_1_133' title='bbox 372 1011 417 1036; x_wconf 78' lang='grc' dir='ltr'>καὶ</span> <span class='ocrx_word' id='word_1_134' title='bbox 434 1010 505 1036; x_wconf 78' lang='grc' dir='ltr'>κατὰ</span> <span class='ocrx_word' id='word_1_135' title='bbox 519 1009 646 1044; x_wconf 79' lang='grc' dir='ltr'>γνησίους</span> <span class='ocrx_word' id='word_1_136' title='bbox 661 1007 869 1043; x_wconf 78' lang='grc' dir='ltr'>πτερυξαμένων</span> 
     </span>
    </p>
   </div>
   <div class='ocr_carea' id='block_1_20' title="bbox 88 1051 869 1089">
    <p class='ocr_par' dir='ltr' id='par_1_20' title="bbox 88 1051 869 1089">
     <span class='ocr_line' id='line_1_20' title="bbox 88 1051 869 1089; baseline -0.006 -7"><span class='ocrx_word' id='word_1_137' title='bbox 88 1057 220 1086; x_wconf 76' lang='grc' dir='ltr'>ἀετιδεῖς,</span> <span class='ocrx_word' id='word_1_138' title='bbox 236 1057 282 1082; x_wconf 77' lang='grc' dir='ltr'>καὶ</span> <span class='ocrx_word' id='word_1_139' title='bbox 296 1057 335 1086; x_wconf 87' lang='grc' dir='ltr'><strong>είς</strong></span> <span class='ocrx_word' id='word_1_140' title='bbox 352 1055 397 1081; x_wconf 77' lang='grc' dir='ltr'>τὸν</span> <span class='ocrx_word' id='word_1_141' title='bbox 418 1055 504 1089; x_wconf 88' lang='grc' dir='ltr'>μέγαν</span> <span class='ocrx_word' id='word_1_142' title='bbox 526 1054 685 1088; x_wconf 78' lang='grc' dir='ltr'>φθασάντων</span> <span class='ocrx_word' id='word_1_143' title='bbox 710 1053 803 1088; x_wconf 80' lang='grc' dir='ltr'>θρόνον</span> <span class='ocrx_word' id='word_1_144' title='bbox 820 1051 869 1086; x_wconf 85' lang='grc' dir='ltr'>τῆς</span> 
     </span>
    </p>
   </div>
   <div class='ocr_carea' id='block_1_21' title="bbox 90 1097 869 1133">
    <p class='ocr_par' dir='ltr' id='par_1_21' title="bbox 90 1097 869 1133">
     <span class='ocr_line' id='line_1_21' title="bbox 90 1097 869 1133; baseline -0.009 -5"><span class='ocrx_word' id='word_1_145' title='bbox 90 1101 417 1133; x_wconf 77' lang='grc' dir='ltr'>Κωνσταντινουπόλεως,</span> <span class='ocrx_word' id='word_1_146' title='bbox 432 1100 479 1126; x_wconf 75' lang='grc' dir='ltr'>καὶ</span> <span class='ocrx_word' id='word_1_147' title='bbox 492 1100 525 1126; x_wconf 86' lang='grc' dir='ltr'>τὰ</span> <span class='ocrx_word' id='word_1_148' title='bbox 540 1098 697 1133; x_wconf 85' lang='grc' dir='ltr'>κυρωθέντα</span> <span class='ocrx_word' id='word_1_149' title='bbox 709 1097 751 1124; x_wconf 85' lang='grc' dir='ltr'><strong>διὰ</strong></span> <span class='ocrx_word' id='word_1_150' title='bbox 766 1097 869 1131; x_wconf 78' lang='grc' dir='ltr'>χρόνων</span> 
     </span>
    </p>
   </div>
   <div class='ocr_carea' id='block_1_22' title="bbox 90 1141 869 1181">
    <p class='ocr_par' dir='ltr' id='par_1_22' title="bbox 90 1141 869 1181">
     <span class='ocr_line' id='line_1_22' title="bbox 90 1141 869 1181; baseline -0.008 -9"><span class='ocrx_word' id='word_1_151' title='bbox 90 1145 305 1181; x_wconf 79' lang='grc' dir='ltr'>ἁμνημονεὺτων</span> <span class='ocrx_word' id='word_1_152' title='bbox 335 1145 444 1180; x_wconf 73' lang='grc' dir='ltr'>σχεδὸν,</span> <span class='ocrx_word' id='word_1_153' title='bbox 475 1144 512 1179; x_wconf 85' lang='grc' dir='ltr'><strong>μὴ</strong></span> <span class='ocrx_word' id='word_1_154' title='bbox 541 1143 665 1170; x_wconf 80' lang='grc' dir='ltr'>σπεύδειν</span> <span class='ocrx_word' id='word_1_155' title='bbox 694 1141 869 1174; x_wconf 80' lang='grc' dir='ltr'>ἀλλοιωθῆναι</span> 
     </span>
    </p>
   </div>
   <div class='ocr_carea' id='block_1_23' title="bbox 92 1186 870 1225">
    <p class='ocr_par' dir='ltr' id='par_1_23' title="bbox 92 1186 870 1225">
     <span class='ocr_line' id='line_1_23' title="bbox 92 1186 870 1225; baseline -0.008 -7"><span class='ocrx_word' id='word_1_156' title='bbox 92 1192 165 1218; x_wconf 79' lang='grc' dir='ltr'>κατὰ</span> <span class='ocrx_word' id='word_1_157' title='bbox 183 1191 288 1224; x_wconf 75' lang='grc' dir='ltr'>σηπύας</span> <span class='ocrx_word' id='word_1_158' title='bbox 311 1189 481 1225; x_wconf 77' lang='grc' dir='ltr'>αὐθημερὸν,</span> <span class='ocrx_word' id='word_1_159' title='bbox 507 1190 553 1215; x_wconf 73' lang='grc' dir='ltr'>καὶ</span> <span class='ocrx_word' id='word_1_160' title='bbox 575 1188 647 1215; x_wconf 74' lang='grc' dir='ltr'>οὕτω</span> <span class='ocrx_word' id='word_1_161' title='bbox 678 1186 870 1222; x_wconf 81' lang='grc' dir='ltr'>ῥιψοκινδύνως</span> 
     </span>
    </p>
   </div>
   <div class='ocr_carea' id='block_1_24' title="bbox 91 1231 870 1267">
    <p class='ocr_par' dir='ltr' id='par_1_24' title="bbox 91 1231 870 1267">
     <span class='ocr_line' id='line_1_24' title="bbox 91 1231 870 1267; baseline -0.009 -4"><span class='ocrx_word' id='word_1_162' title='bbox 91 1236 282 1267; x_wconf 69' lang='grc' dir='ltr'>σκανδαλίζειν</span> <span class='ocrx_word' id='word_1_163' title='bbox 298 1236 344 1262; x_wconf 79' lang='grc' dir='ltr'>καὶ</span> <span class='ocrx_word' id='word_1_164' title='bbox 362 1234 582 1266; x_wconf 80' lang='grc' dir='ltr'>σκανδαλίζεσθαι</span> <span class='ocrx_word' id='word_1_165' title='bbox 595 1242 601 1250; x_wconf 89' lang='grc'>·</span> <span class='ocrx_word' id='word_1_166' title='bbox 619 1233 704 1260; x_wconf 79' lang='grc' dir='ltr'>Θέλειν</span> <span class='ocrx_word' id='word_1_167' title='bbox 721 1233 748 1259; x_wconf 75' lang='grc' dir='ltr'>δὲ</span> <span class='ocrx_word' id='word_1_168' title='bbox 772 1231 870 1266; x_wconf 72' lang='grc' dir='ltr'>μᾶλλον</span> 
     </span>
    </p>
   </div>
   <div class='ocr_carea' id='block_1_25' title="bbox 90 1278 870 1317">
    <p class='ocr_par' dir='ltr' id='par_1_25' title="bbox 90 1278 870 1317">
     <span class='ocr_line' id='line_1_25' title="bbox 90 1278 870 1317; baseline -0.008 -8"><span class='ocrx_word' id='word_1_169' title='bbox 90 1283 208 1317; x_wconf 79' lang='grc' dir='ltr'>εἰρήνην</span> <span class='ocrx_word' id='word_1_170' title='bbox 221 1282 267 1308; x_wconf 73' lang='grc' dir='ltr'><strong>ἐπὶ</strong></span> <span class='ocrx_word' id='word_1_171' title='bbox 280 1282 324 1308; x_wconf 82' lang='grc' dir='ltr'><strong>τδν</strong></span> <span class='ocrx_word' id='word_1_172' title='bbox 338 1281 402 1308; x_wconf 82' lang='grc' dir='ltr'>λαὸν</span> <span class='ocrx_word' id='word_1_173' title='bbox 418 1280 465 1307; x_wconf 86' lang='grc' dir='ltr'>τοῦ</span> <span class='ocrx_word' id='word_1_174' title='bbox 480 1280 562 1312; x_wconf 85' lang='grc' dir='ltr'>Θεοῦ,</span> <span class='ocrx_word' id='word_1_175' title='bbox 577 1279 623 1306; x_wconf 74' lang='grc' dir='ltr'>καὶ</span> <span class='ocrx_word' id='word_1_176' title='bbox 640 1279 686 1305; x_wconf 76' lang='grc' dir='ltr'><strong>ἐπὶ</strong></span> <span class='ocrx_word' id='word_1_177' title='bbox 705 1279 768 1309; x_wconf 78' lang='grc' dir='ltr'>τοὺς</span> <span class='ocrx_word' id='word_1_178' title='bbox 781 1278 870 1308; x_wconf 83' lang='grc' dir='ltr'>ὁσίους</span> 
     </span>
    </p>
   </div>
   <div class='ocr_carea' id='block_1_26' title="bbox 91 1323 871 1359">
    <p class='ocr_par' dir='ltr' id='par_1_26' title="bbox 91 1323 871 1359">
     <span class='ocr_line' id='line_1_26' title="bbox 91 1323 871 1359; baseline -0.008 -4"><span class='ocrx_word' id='word_1_179' title='bbox 91 1328 190 1356; x_wconf 79' lang='grc' dir='ltr'>αὐτοῦ.</span> <span class='ocrx_word' id='word_1_180' title='bbox 212 1328 287 1354; x_wconf 73' lang='grc' dir='ltr'>Ἐπεὶ</span> <span class='ocrx_word' id='word_1_181' title='bbox 309 1326 331 1353; x_wconf 76' lang='grc' dir='ltr'>δ’</span> <span class='ocrx_word' id='word_1_182' title='bbox 354 1327 403 1353; x_wconf 82' lang='grc' dir='ltr'>οὐκ</span> <span class='ocrx_word' id='word_1_183' title='bbox 424 1324 473 1353; x_wconf 81' lang='grc' dir='ltr'>οἷδ’</span> <span class='ocrx_word' id='word_1_184' title='bbox 498 1326 570 1357; x_wconf 83' lang='grc' dir='ltr'>ὅπως</span> <span class='ocrx_word' id='word_1_185' title='bbox 597 1323 781 1359; x_wconf 74' lang='grc' dir='ltr'>παραδραμὼν</span> <span class='ocrx_word' id='word_1_186' title='bbox 808 1324 871 1353; x_wconf 75' lang='grc' dir='ltr'>τοὺς</span> 
     </span>
    </p>
   </div>
   <div class='ocr_carea' id='block_1_27' title="bbox 91 1368 871 1409">
    <p class='ocr_par' dir='ltr' id='par_1_27' title="bbox 91 1368 871 1409">
     <span class='ocr_line' id='line_1_27' title="bbox 91 1368 871 1409; baseline -0.009 -9"><span class='ocrx_word' id='word_1_187' title='bbox 91 1373 250 1409; x_wconf 71' lang='grc' dir='ltr'>ἐγείροντας</span> <span class='ocrx_word' id='word_1_188' title='bbox 262 1372 295 1399; x_wconf 80' lang='grc' dir='ltr'><strong>τὰ</strong></span> <span class='ocrx_word' id='word_1_189' title='bbox 309 1372 443 1399; x_wconf 79' lang='grc' dir='ltr'>σκάνδαλα</span> <span class='ocrx_word' id='word_1_190' title='bbox 456 1371 587 1406; x_wconf 81' lang='grc' dir='ltr'>μύλωνας,</span> <span class='ocrx_word' id='word_1_191' title='bbox 601 1370 648 1396; x_wconf 73' lang='grc' dir='ltr'>καὶ</span> <span class='ocrx_word' id='word_1_192' title='bbox 658 1370 692 1395; x_wconf 84' lang='grc' dir='ltr'>τὰ</span> <span class='ocrx_word' id='word_1_193' title='bbox 703 1368 871 1404; x_wconf 83' lang='grc' dir='ltr'>διορισθέντα</span> 
     </span>
    </p>
   </div>
   <div class='ocr_carea' id='block_1_28' title="bbox 91 1414 871 1452">
    <p class='ocr_par' dir='ltr' id='par_1_28' title="bbox 91 1414 871 1452">
     <span class='ocr_line' id='line_1_28' title="bbox 91 1414 871 1452; baseline -0.009 -6"><span class='ocrx_word' id='word_1_194' title='bbox 91 1418 245 1449; x_wconf 79' lang='grc' dir='ltr'>κανονικῶς</span> <span class='ocrx_word' id='word_1_195' title='bbox 269 1418 339 1445; x_wconf 82' lang='grc' dir='ltr'>κατὰ</span> <span class='ocrx_word' id='word_1_196' title='bbox 360 1417 414 1444; x_wconf 84' lang='grc' dir='ltr'>τῶν</span> <span class='ocrx_word' id='word_1_197' title='bbox 442 1416 634 1452; x_wconf 78' lang='grc' dir='ltr'>παραλυόντων</span> <span class='ocrx_word' id='word_1_198' title='bbox 664 1414 871 1450; x_wconf 78' lang='grc' dir='ltr'>ἀπερισκέπτως</span> 
     </span>
    </p>
   </div>
   <div class='ocr_carea' id='block_1_29' title="bbox 91 1458 871 1497">
    <p class='ocr_par' dir='ltr' id='par_1_29' title="bbox 91 1458 871 1497">
     <span class='ocr_line' id='line_1_29' title="bbox 91 1458 871 1497; baseline -0.008 -8"><span class='ocrx_word' id='word_1_199' title='bbox 91 1463 240 1497; x_wconf 85' lang='grc' dir='ltr'>συνήθειαν</span> <span class='ocrx_word' id='word_1_200' title='bbox 257 1462 364 1497; x_wconf 85' lang='grc' dir='ltr'>μακρὰν</span> <span class='ocrx_word' id='word_1_201' title='bbox 378 1460 606 1496; x_wconf 79' lang='grc' dir='ltr'>ὲκκλησιαστικὴν</span> <span class='ocrx_word' id='word_1_202' title='bbox 626 1459 780 1494; x_wconf 85' lang='grc' dir='ltr'>οἱανὸήτινα</span> <span class='ocrx_word' id='word_1_203' title='bbox 803 1458 871 1493; x_wconf 81' lang='grc' dir='ltr'>(καὶ</span> 
     </span>
    </p>
   </div>
   <div class='ocr_carea' id='block_1_30' title="bbox 89 1504 870 1543">
    <p class='ocr_par' dir='ltr' id='par_1_30' title="bbox 89 1504 870 1543">
     <span class='ocr_line' id='line_1_30' title="bbox 89 1504 870 1543; baseline -0.008 -8"><span class='ocrx_word' id='word_1_204' title='bbox 89 1508 196 1543; x_wconf 75' lang='grc' dir='ltr'>ταύτην</span> <span class='ocrx_word' id='word_1_205' title='bbox 210 1508 261 1543; x_wconf 83' lang='grc' dir='ltr'>γὰρ</span> <span class='ocrx_word' id='word_1_206' title='bbox 277 1508 387 1542; x_wconf 82' lang='grc' dir='ltr'>κρατεῖν</span> <span class='ocrx_word' id='word_1_207' title='bbox 401 1507 438 1538; x_wconf 85' lang='grc' dir='ltr'>ὡς</span> <span class='ocrx_word' id='word_1_208' title='bbox 454 1507 518 1537; x_wconf 79' lang='grc' dir='ltr'>τοὺς</span> <span class='ocrx_word' id='word_1_209' title='bbox 536 1506 623 1536; x_wconf 81' lang='grc' dir='ltr'>θείους</span> <span class='ocrx_word' id='word_1_210' title='bbox 637 1504 751 1535; x_wconf 84' lang='grc' dir='ltr'>κανόνας</span> <span class='ocrx_word' id='word_1_211' title='bbox 761 1511 870 1538; x_wconf 86' lang='grc' dir='ltr'>νενομο-</span> 
     </span>
    </p>
   </div>
   <div class='ocr_carea' id='block_1_31' title="bbox 91 1550 872 1588">
    <p class='ocr_par' dir='ltr' id='par_1_31' title="bbox 91 1550 872 1588">
     <span class='ocr_line' id='line_1_31' title="bbox 91 1550 872 1588; baseline -0.008 -7"><span class='ocrx_word' id='word_1_212' title='bbox 91 1554 231 1588; x_wconf 73' lang='grc' dir='ltr'>θέτηται),</span> <span class='ocrx_word' id='word_1_213' title='bbox 243 1554 291 1580; x_wconf 76' lang='grc' dir='ltr'>καὶ</span> <span class='ocrx_word' id='word_1_214' title='bbox 306 1553 480 1588; x_wconf 75' lang='grc' dir='ltr'>ὑπεραναδὰς</span> <span class='ocrx_word' id='word_1_215' title='bbox 491 1552 536 1579; x_wconf 82' lang='grc' dir='ltr'>τὸν</span> <span class='ocrx_word' id='word_1_216' title='bbox 549 1551 685 1587; x_wconf 82' lang='grc' dir='ltr'>ὁρίζοντα,</span> <span class='ocrx_word' id='word_1_217' title='bbox 696 1550 768 1576; x_wconf 83' lang='grc' dir='ltr'>θέλει</span> <span class='ocrx_word' id='word_1_218' title='bbox 783 1557 872 1584; x_wconf 84' lang='grc' dir='ltr'>παρα-</span> 
     </span>
    </p>
   </div>
   <div class='ocr_carea' id='block_1_32' title="bbox 94 1595 873 1633">
    <p class='ocr_par' dir='ltr' id='par_1_32' title="bbox 94 1595 873 1633">
     <span class='ocr_line' id='line_1_32' title="bbox 94 1595 873 1633; baseline -0.006 -8"><span class='ocrx_word' id='word_1_219' title='bbox 94 1599 228 1626; x_wconf 83' lang='grc' dir='ltr'>σαλεῦσαι</span> <span class='ocrx_word' id='word_1_220' title='bbox 243 1598 275 1624; x_wconf 74' lang='grc' dir='ltr'><strong>τὰ</strong></span> <span class='ocrx_word' id='word_1_221' title='bbox 298 1598 344 1624; x_wconf 76' lang='grc' dir='ltr'>τοῦ</span> <span class='ocrx_word' id='word_1_222' title='bbox 360 1597 563 1633; x_wconf 73' lang='grc' dir='ltr'>χαρτοφύλακος</span> <span class='ocrx_word' id='word_1_223' title='bbox 579 1596 729 1631; x_wconf 82' lang='grc' dir='ltr'>προνόμια,</span> <span class='ocrx_word' id='word_1_224' title='bbox 746 1595 793 1621; x_wconf 76' lang='grc' dir='ltr'>καὶ</span> <span class='ocrx_word' id='word_1_225' title='bbox 813 1602 873 1621; x_wconf 79' lang='grc' dir='ltr'>συν-</span> 
     </span>
    </p>
   </div>
   <div class='ocr_carea' id='block_1_33' title="bbox 93 1639 873 1678">
    <p class='ocr_par' dir='ltr' id='par_1_33' title="bbox 93 1639 873 1678">
     <span class='ocr_line' id='line_1_33' title="bbox 93 1639 873 1678; baseline -0.006 -7"><span class='ocrx_word' id='word_1_226' title='bbox 93 1645 164 1678; x_wconf 76' lang='grc' dir='ltr'>άψαι</span> <span class='ocrx_word' id='word_1_227' title='bbox 180 1646 236 1674; x_wconf 81' lang='grc' dir='ltr'>τοῖς</span> <span class='ocrx_word' id='word_1_228' title='bbox 251 1644 395 1674; x_wconf 80' lang='grc' dir='ltr'>ὲκδικικοῖς</span> <span class='ocrx_word' id='word_1_229' title='bbox 409 1642 551 1677; x_wconf 82' lang='grc' dir='ltr'>λειτουργή</span> <span class='ocrx_word' id='word_1_230' title='bbox 557 1650 633 1677; x_wconf 84' lang='grc' dir='ltr'>μασι,</span> <span class='ocrx_word' id='word_1_231' title='bbox 644 1641 714 1668; x_wconf 81' lang='grc' dir='ltr'>κατά</span> <span class='ocrx_word' id='word_1_232' title='bbox 727 1649 801 1671; x_wconf 83' lang='grc' dir='ltr'>τινας</span> <span class='ocrx_word' id='word_1_233' title='bbox 815 1639 873 1666; x_wconf 79' lang='grc' dir='ltr'>ἐτε-</span> 
     </span>
    </p>
   </div>
   <div class='ocr_carea' id='block_1_34' title="bbox 93 1686 873 1725">
    <p class='ocr_par' dir='ltr' id='par_1_34' title="bbox 93 1686 873 1725">
     <span class='ocr_line' id='line_1_34' title="bbox 93 1686 873 1725; baseline -0.006 -9"><span class='ocrx_word' id='word_1_234' title='bbox 93 1691 182 1725; x_wconf 72' lang='grc' dir='ltr'>ροφυῆ</span> <span class='ocrx_word' id='word_1_235' title='bbox 201 1689 435 1724; x_wconf 76' lang='grc' dir='ltr'>συμμοσχεύοντας</span> <span class='ocrx_word' id='word_1_236' title='bbox 447 1688 570 1723; x_wconf 84' lang='grc' dir='ltr'>σώματα,</span> <span class='ocrx_word' id='word_1_237' title='bbox 584 1688 631 1714; x_wconf 72' lang='grc' dir='ltr'>καὶ</span> <span class='ocrx_word' id='word_1_238' title='bbox 646 1687 712 1722; x_wconf 77' lang='grc' dir='ltr'>πρὸς</span> <span class='ocrx_word' id='word_1_239' title='bbox 725 1686 873 1712; x_wconf 72' lang='grc' dir='ltr'>ἑπισύστα-</span> 
     </span>
    </p>
   </div>
   <div class='ocr_carea' id='block_1_35' title="bbox 92 1730 873 1769">
    <p class='ocr_par' dir='ltr' id='par_1_35' title="bbox 92 1730 873 1769">
     <span class='ocr_line' id='line_1_35' title="bbox 92 1730 873 1769; baseline -0.006 -8"><span class='ocrx_word' id='word_1_240' title='bbox 92 1744 138 1763; x_wconf 79' lang='grc' dir='ltr'><strong>σιν</strong></span> <span class='ocrx_word' id='word_1_241' title='bbox 152 1734 201 1761; x_wconf 78' lang='grc' dir='ltr'>τοῦ</span> <span class='ocrx_word' id='word_1_242' title='bbox 216 1734 314 1761; x_wconf 73' lang='grc' dir='ltr'>οἰκείου</span> <span class='ocrx_word' id='word_1_243' title='bbox 326 1734 490 1769; x_wconf 81' lang='grc' dir='ltr'>θελήματος,</span> <span class='ocrx_word' id='word_1_244' title='bbox 510 1732 604 1760; x_wconf 79' lang='grc' dir='ltr'>κανόσι</span> <span class='ocrx_word' id='word_1_245' title='bbox 619 1732 717 1767; x_wconf 85' lang='grc' dir='ltr'>χρῆται</span> <span class='ocrx_word' id='word_1_246' title='bbox 730 1731 778 1766; x_wconf 82' lang='grc' dir='ltr'>τῆς</span> <span class='ocrx_word' id='word_1_247' title='bbox 794 1730 873 1764; x_wconf 81' lang='grc' dir='ltr'>ἁγίας</span> 
     </span>
    </p>
   </div>
   <div class='ocr_carea' id='block_1_36' title="bbox 91 1775 874 1814">
    <p class='ocr_par' dir='ltr' id='par_1_36' title="bbox 91 1775 874 1814">
     <span class='ocr_line' id='line_1_36' title="bbox 91 1775 874 1814; baseline -0.008 -8"><span class='ocrx_word' id='word_1_248' title='bbox 91 1781 144 1808; x_wconf 79' lang='grc' dir='ltr'>καὶ</span> <span class='ocrx_word' id='word_1_249' title='bbox 161 1779 352 1814; x_wconf 81' lang='grc' dir='ltr'>οίκουμενικῆς</span> <span class='ocrx_word' id='word_1_250' title='bbox 365 1779 498 1813; x_wconf 80' lang='grc' dir='ltr'>τετάρτης</span> <span class='ocrx_word' id='word_1_251' title='bbox 511 1777 632 1809; x_wconf 75' lang='grc' dir='ltr'>συνόδου,</span> <span class='ocrx_word' id='word_1_252' title='bbox 643 1776 709 1812; x_wconf 75' lang='grc' dir='ltr'>πρὸς</span> <span class='ocrx_word' id='word_1_253' title='bbox 722 1776 750 1802; x_wconf 73' lang='grc' dir='ltr'>δὲ</span> <span class='ocrx_word' id='word_1_254' title='bbox 763 1775 808 1801; x_wconf 89' lang='grc' dir='ltr'><strong>καί</strong></span> <span class='ocrx_word' id='word_1_255' title='bbox 820 1783 874 1801; x_wconf 87' lang='grc' dir='ltr'>τισι</span> 
     </span>
    </p>
   </div>
   <div class='ocr_carea' id='block_1_37' title="bbox 92 1817 874 1860">
    <p class='ocr_par' dir='ltr' id='par_1_37' title="bbox 92 1817 874 1860">
     <span class='ocr_line' id='line_1_37' title="bbox 92 1817 874 1860; baseline -0.009 -9"><span class='ocrx_word' id='word_1_256' title='bbox 92 1826 130 1860; x_wconf 69' lang='grc' dir='ltr'><strong>ῥή</strong></span> <span class='ocrx_word' id='word_1_257' title='bbox 136 1833 202 1859; x_wconf 88' lang='grc' dir='ltr'>μασι</span> <span class='ocrx_word' id='word_1_258' title='bbox 219 1824 264 1850; x_wconf 80' lang='grc' dir='ltr'><strong>τοῦ</strong></span> <span class='ocrx_word' id='word_1_259' title='bbox 279 1823 459 1858; x_wconf 78' lang='grc' dir='ltr'>ἀποκειμένου</span> <span class='ocrx_word' id='word_1_260' title='bbox 479 1822 580 1858; x_wconf 70' lang='grc' dir='ltr'>βιϐλίου</span> <span class='ocrx_word' id='word_1_261' title='bbox 596 1823 624 1848; x_wconf 70' lang='grc' dir='ltr'>ιν</span> <span class='ocrx_word' id='word_1_262' title='bbox 639 1821 678 1855; x_wconf 82' lang='grc' dir='ltr'>τῷ</span> <span class='ocrx_word' id='word_1_263' title='bbox 693 1819 812 1854; x_wconf 74' lang='grc' dir='ltr'>σεκρέτῳ</span> <span class='ocrx_word' id='word_1_264' title='bbox 826 1817 874 1844; x_wconf 74' lang='grc' dir='ltr'><strong>τοῦ</strong></span> 
     </span>
    </p>
   </div>
   <div class='ocr_carea' id='block_1_38' title="bbox 92 1862 875 1902">
    <p class='ocr_par' dir='ltr' id='par_1_38' title="bbox 92 1862 875 1902">
     <span class='ocr_line' id='line_1_38' title="bbox 92 1862 875 1902; baseline -0.006 -9"><span class='ocrx_word' id='word_1_265' title='bbox 92 1866 170 1902; x_wconf 74' lang='grc' dir='ltr'>ἱεροῦ</span> <span class='ocrx_word' id='word_1_266' title='bbox 181 1867 323 1899; x_wconf 75' lang='grc' dir='ltr'>ὲκδικείου,</span> <span class='ocrx_word' id='word_1_267' title='bbox 341 1866 466 1900; x_wconf 81' lang='grc' dir='ltr'>παριστῶ</span> <span class='ocrx_word' id='word_1_268' title='bbox 480 1866 526 1892; x_wconf 82' lang='grc' dir='ltr'>καὶ</span> <span class='ocrx_word' id='word_1_269' title='bbox 541 1865 622 1896; x_wconf 78' lang='grc' dir='ltr'>αὐτὸς</span> <span class='ocrx_word' id='word_1_270' title='bbox 638 1864 682 1890; x_wconf 84' lang='grc' dir='ltr'>διὰ</span> <span class='ocrx_word' id='word_1_271' title='bbox 703 1864 752 1898; x_wconf 85' lang='grc' dir='ltr'><strong>τῆς</strong></span> <span class='ocrx_word' id='word_1_272' title='bbox 771 1862 875 1898; x_wconf 75' lang='grc' dir='ltr'>παρού-</span> 
     </span>
    </p>
   </div>
   <div class='ocr_carea' id='block_1_39' title="bbox 92 1904 875 1947">
    <p class='ocr_par' dir='ltr' id='par_1_39' title="bbox 92 1904 875 1947">
     <span class='ocr_line' id='line_1_39' title="bbox 92 1904 875 1947; baseline -0.008 -8"><span class='ocrx_word' id='word_1_273' title='bbox 92 1919 146 1947; x_wconf 79' lang='grc' dir='ltr'><strong>σης</strong></span> <span class='ocrx_word' id='word_1_274' title='bbox 154 1912 262 1946; x_wconf 71' lang='grc' dir='ltr'>γραφῆς</span> <span class='ocrx_word' id='word_1_275' title='bbox 277 1920 338 1946; x_wconf 82' lang='grc' dir='ltr'>μου,</span> <span class='ocrx_word' id='word_1_276' title='bbox 349 1911 439 1942; x_wconf 82' lang='grc' dir='ltr'>καθὼς</span> <span class='ocrx_word' id='word_1_277' title='bbox 452 1911 579 1946; x_wconf 79' lang='grc' dir='ltr'>ὴξίωμαι,</span> <span class='ocrx_word' id='word_1_278' title='bbox 591 1911 626 1936; x_wconf 80' lang='grc' dir='ltr'>τὰ</span> <span class='ocrx_word' id='word_1_279' title='bbox 639 1908 743 1942; x_wconf 83' lang='grc' dir='ltr'>τοῦτον,</span> <span class='ocrx_word' id='word_1_280' title='bbox 757 1908 794 1939; x_wconf 83' lang='grc' dir='ltr'>ὡς</span> <span class='ocrx_word' id='word_1_281' title='bbox 806 1904 875 1942; x_wconf 75' lang='grc' dir='ltr'><strong>ἐγῷ-</strong></span> 
     </span>
    </p>
   </div>
   <div class='ocr_carea' id='block_1_40' title="bbox 93 1954 875 1992">
    <p class='ocr_par' dir='ltr' id='par_1_40' title="bbox 93 1954 875 1992">
     <span class='ocr_line' id='line_1_40' title="bbox 93 1954 875 1992; baseline -0.004 -9"><span class='ocrx_word' id='word_1_282' title='bbox 93 1965 158 1992; x_wconf 86' lang='grc' dir='ltr'>μαι,</span> <span class='ocrx_word' id='word_1_283' title='bbox 171 1956 282 1987; x_wconf 77' lang='grc' dir='ltr'>δικαίως</span> <span class='ocrx_word' id='word_1_284' title='bbox 303 1955 523 1990; x_wconf 77' lang='grc' dir='ltr'>ὲπιστομίζοντα,</span> <span class='ocrx_word' id='word_1_285' title='bbox 540 1956 587 1982; x_wconf 80' lang='grc' dir='ltr'>καὶ</span> <span class='ocrx_word' id='word_1_286' title='bbox 606 1955 652 1982; x_wconf 75' lang='grc' dir='ltr'><strong>τὸν</strong></span> <span class='ocrx_word' id='word_1_287' title='bbox 667 1955 738 1982; x_wconf 84' lang='grc' dir='ltr'>κατὰ</span> <span class='ocrx_word' id='word_1_288' title='bbox 762 1954 875 1989; x_wconf 76' lang='grc' dir='ltr'>καιροὺς</span> 
     </span>
    </p>
   </div>
   <div class='ocr_carea' id='block_1_41' title="bbox 91 1998 875 2038">
    <p class='ocr_par' dir='ltr' id='par_1_41' title="bbox 91 1998 875 2038">
     <span class='ocr_line' id='line_1_41' title="bbox 91 1998 875 2038; baseline -0.005 -10"><span class='ocrx_word' id='word_1_289' title='bbox 91 2001 289 2038; x_wconf 77' lang='grc' dir='ltr'>χαρτοφὺλακα</span> <span class='ocrx_word' id='word_1_290' title='bbox 311 2001 464 2036; x_wconf 83' lang='grc' dir='ltr'>φιλαλήθως</span> <span class='ocrx_word' id='word_1_291' title='bbox 485 2000 718 2035; x_wconf 80' lang='grc' dir='ltr'>ἀποσεμνύνοντα.</span> <span class='ocrx_word' id='word_1_292' title='bbox 742 1998 807 2025; x_wconf 79' lang='grc' dir='ltr'><strong>Ἀπὸ</strong></span> <span class='ocrx_word' id='word_1_293' title='bbox 828 1998 875 2024; x_wconf 77' lang='grc' dir='ltr'>τοῦ</span> 
     </span>
    </p>
   </div>
   <div class='ocr_carea' id='block_1_42' title="bbox 91 2043 875 2081">
    <p class='ocr_par' dir='ltr' id='par_1_42' title="bbox 91 2043 875 2081">
     <span class='ocr_line' id='line_1_42' title="bbox 91 2043 875 2081; baseline -0.006 -7"><span class='ocrx_word' id='word_1_294' title='bbox 91 2050 142 2081; x_wconf 75' lang='grc' dir='ltr'>κγ’</span> <span class='ocrx_word' id='word_1_295' title='bbox 152 2047 265 2078; x_wconf 79' lang='grc' dir='ltr'>κανόνος</span> <span class='ocrx_word' id='word_1_296' title='bbox 276 2047 330 2074; x_wconf 86' lang='grc' dir='ltr'><strong>τῶν</strong></span> <span class='ocrx_word' id='word_1_297' title='bbox 344 2048 372 2074; x_wconf 80' lang='grc' dir='ltr'>ὲν</span> <span class='ocrx_word' id='word_1_298' title='bbox 383 2046 534 2080; x_wconf 80' lang='grc' dir='ltr'>Χαλκηδόνι</span> <span class='ocrx_word' id='word_1_299' title='bbox 547 2045 726 2072; x_wconf 83' lang='grc' dir='ltr'>συνελθόντων</span> <span class='ocrx_word' id='word_1_300' title='bbox 739 2044 778 2079; x_wconf 86' lang='grc' dir='ltr'><strong>χλ¹</strong></span> <span class='ocrx_word' id='word_1_301' title='bbox 791 2043 875 2076; x_wconf 87' lang='grc' dir='ltr'>ἁγίων</span> 
     </span>
    </p>
   </div>
   <div class='ocr_carea' id='block_1_43' title="bbox 94 2087 877 2127">
    <p class='ocr_par' dir='ltr' id='par_1_43' title="bbox 94 2087 877 2127">
     <span class='ocr_line' id='line_1_43' title="bbox 94 2087 877 2127; baseline -0.006 -8"><span class='ocrx_word' id='word_1_302' title='bbox 94 2092 243 2127; x_wconf 84' lang='grc' dir='ltr'>Πατέρων,</span> <span class='ocrx_word' id='word_1_303' title='bbox 269 2092 380 2127; x_wconf 84' lang='grc' dir='ltr'>συκίνην</span> <span class='ocrx_word' id='word_1_304' title='bbox 400 2091 560 2127; x_wconf 74' lang='grc' dir='ltr'>ἐπικουρίαν</span> <span class='ocrx_word' id='word_1_305' title='bbox 575 2091 588 2117; x_wconf 74' lang='grc' dir='ltr'><strong>ό</strong></span> <span class='ocrx_word' id='word_1_306' title='bbox 607 2090 789 2126; x_wconf 76' lang='grc' dir='ltr'>πρωτέκδικος</span> <span class='ocrx_word' id='word_1_307' title='bbox 806 2087 877 2115; x_wconf 83' lang='grc' dir='ltr'>ίδιώ-</span> 
     </span>
    </p>
   </div>
   <div class='ocr_carea' id='block_1_44' title="bbox 94 2134 876 2175">
    <p class='ocr_par' dir='ltr' id='par_1_44' title="bbox 94 2134 876 2175">
     <span class='ocr_line' id='line_1_44' title="bbox 94 2134 876 2175; baseline -0.008 -8"><span class='ocrx_word' id='word_1_308' title='bbox 94 2149 173 2173; x_wconf 81' lang='grc' dir='ltr'>σατο,</span> <span class='ocrx_word' id='word_1_309' title='bbox 189 2139 269 2175; x_wconf 81' lang='grc' dir='ltr'>χάριν</span> <span class='ocrx_word' id='word_1_310' title='bbox 281 2138 328 2165; x_wconf 80' lang='grc' dir='ltr'>τοῦ</span> <span class='ocrx_word' id='word_1_311' title='bbox 344 2138 448 2173; x_wconf 83' lang='grc' dir='ltr'>κρίνειν</span> <span class='ocrx_word' id='word_1_312' title='bbox 462 2137 562 2172; x_wconf 87' lang='grc' dir='ltr'>ἱδιορυθ</span> <span class='ocrx_word' id='word_1_313' title='bbox 567 2136 630 2171; x_wconf 84' lang='grc' dir='ltr'>μίας</span> <span class='ocrx_word' id='word_1_314' title='bbox 647 2135 816 2171; x_wconf 81' lang='grc' dir='ltr'>μοναζόντων</span> <span class='ocrx_word' id='word_1_315' title='bbox 829 2134 876 2161; x_wconf 61' lang='grc' dir='ltr'><strong>καὶ⁸</strong></span> 
     </span>
    </p>
   </div>
   <div class='ocr_carea' id='block_1_45' title="bbox 93 2180 878 2221">
    <p class='ocr_par' dir='ltr' id='par_1_45' title="bbox 93 2180 878 2221">
     <span class='ocr_line' id='line_1_45' title="bbox 93 2180 878 2221; baseline -0.009 -9"><span class='ocrx_word' id='word_1_316' title='bbox 93 2184 251 2221; x_wconf 75' lang='grc' dir='ltr'>κληρικῶν,</span> <span class='ocrx_word' id='word_1_317' title='bbox 275 2185 322 2210; x_wconf 77' lang='grc' dir='ltr'>καὶ</span> <span class='ocrx_word' id='word_1_318' title='bbox 347 2183 505 2219; x_wconf 76' lang='grc' dir='ltr'>ἀνακρίνειν</span> <span class='ocrx_word' id='word_1_319' title='bbox 528 2181 682 2216; x_wconf 80' lang='grc' dir='ltr'>ἀποδημίας</span> <span class='ocrx_word' id='word_1_320' title='bbox 706 2180 814 2212; x_wconf 84' lang='grc' dir='ltr'>αὐτῶν,</span> <span class='ocrx_word' id='word_1_321' title='bbox 830 2180 878 2206; x_wconf 78' lang='grc' dir='ltr'>καὶ</span> 
     </span>
    </p>
   </div>
   <div class='ocr_carea' id='block_1_46' title="bbox 93 2226 879 2267">
    <p class='ocr_par' dir='ltr' id='par_1_46' title="bbox 93 2226 879 2267">
     <span class='ocr_line' id='line_1_46' title="bbox 93 2226 879 2267; baseline -0.01 -7"><span class='ocrx_word' id='word_1_322' title='bbox 93 2232 271 2267; x_wconf 73' lang='grc' dir='ltr'>κατακρίνειν</span> <span class='ocrx_word' id='word_1_323' title='bbox 293 2232 330 2262; x_wconf 88' lang='grc' dir='ltr'>ὡς</span> <span class='ocrx_word' id='word_1_324' title='bbox 352 2230 484 2265; x_wconf 79' lang='grc' dir='ltr'>φυγαδίας</span> <span class='ocrx_word' id='word_1_325' title='bbox 506 2228 710 2263; x_wconf 83' lang='grc' dir='ltr'>δουλοπρεπεῖς.</span> <span class='ocrx_word' id='word_1_326' title='bbox 738 2227 794 2262; x_wconf 76' lang='grc' dir='ltr'><strong>Πρὸ</strong></span> <span class='ocrx_word' id='word_1_327' title='bbox 824 2226 879 2261; x_wconf 84' lang='grc' dir='ltr'>γὰρ</span> 
     </span>
    </p>
   </div>
   <div class='ocr_carea' id='block_1_47' title="bbox 94 2271 879 2312">
    <p class='ocr_par' dir='ltr' id='par_1_47' title="bbox 94 2271 879 2312">
     <span class='ocr_line' id='line_1_47' title="bbox 94 2271 879 2312; baseline -0.01 -7"><span class='ocrx_word' id='word_1_328' title='bbox 94 2279 196 2306; x_wconf 78' lang='grc' dir='ltr'>ἑκατὸν</span> <span class='ocrx_word' id='word_1_329' title='bbox 213 2277 315 2312; x_wconf 81' lang='grc' dir='ltr'>χρόνων</span> <span class='ocrx_word' id='word_1_330' title='bbox 334 2276 431 2311; x_wconf 83' lang='grc' dir='ltr'>μικρόν</span> <span class='ocrx_word' id='word_1_331' title='bbox 452 2284 478 2302; x_wconf 83' lang='grc' dir='ltr'><strong>τι</strong></span> <span class='ocrx_word' id='word_1_332' title='bbox 493 2275 574 2301; x_wconf 83' lang='grc' dir='ltr'>πλέον</span> <span class='ocrx_word' id='word_1_333' title='bbox 590 2273 607 2309; x_wconf 79' lang='grc' dir='ltr'>ἦ</span> <span class='ocrx_word' id='word_1_334' title='bbox 620 2273 746 2304; x_wconf 74' lang='grc' dir='ltr'>ἔλαττον,</span> <span class='ocrx_word' id='word_1_335' title='bbox 762 2271 809 2298; x_wconf 83' lang='grc' dir='ltr'>τοῦ</span> <span class='ocrx_word' id='word_1_336' title='bbox 822 2271 879 2298; x_wconf 79' lang='grc' dir='ltr'>ἀοι-</span> 
     </span>
    </p>
   </div>
   <div class='ocr_carea' id='block_1_48' title="bbox 94 2314 878 2359">
    <p class='ocr_par' dir='ltr' id='par_1_48' title="bbox 94 2314 878 2359">
     <span class='ocr_line' id='line_1_48' title="bbox 94 2314 878 2359; baseline -0.013 -10"><span class='ocrx_word' id='word_1_337' title='bbox 94 2325 120 2351; x_wconf 78' lang='grc' dir='ltr'>δι</span> <span class='ocrx_word' id='word_1_338' title='bbox 124 2330 177 2359; x_wconf 86' lang='grc' dir='ltr'><strong>μου</strong></span> <span class='ocrx_word' id='word_1_339' title='bbox 190 2321 320 2356; x_wconf 76' lang='grc' dir='ltr'>βασιλέως</span> <span class='ocrx_word' id='word_1_340' title='bbox 334 2320 381 2346; x_wconf 83' lang='grc' dir='ltr'>τοῦ</span> <span class='ocrx_word' id='word_1_341' title='bbox 396 2317 650 2348; x_wconf 79' lang='grc' dir='ltr'>Ἰουστινιανοῦ,τοῦ</span> <span class='ocrx_word' id='word_1_342' title='bbox 661 2316 709 2350; x_wconf 80' lang='grc' dir='ltr'>τὴν</span> <span class='ocrx_word' id='word_1_343' title='bbox 715 2314 878 2349; x_wconf 80' lang='grc' dir='ltr'>Ἐκκλησίαν</span> 
     </span>
    </p>
   </div>
   <div class='ocr_carea' id='block_1_49' title="bbox 94 2359 879 2401">
    <p class='ocr_par' dir='ltr' id='par_1_49' title="bbox 94 2359 879 2401">
     <span class='ocr_line' id='line_1_49' title="bbox 94 2359 879 2401; baseline -0.014 -6"><span class='ocrx_word' id='word_1_344' title='bbox 94 2366 240 2401; x_wconf 85' lang='grc' dir='ltr'>ἀγακλεῶς</span> <span class='ocrx_word' id='word_1_345' title='bbox 261 2365 482 2400; x_wconf 79' lang='grc' dir='ltr'>οὖρανώσαντος,</span> <span class='ocrx_word' id='word_1_346' title='bbox 506 2364 520 2390; x_wconf 91' lang='grc' dir='ltr'><strong><em>ὸ</em></strong></span> <span class='ocrx_word' id='word_1_347' title='bbox 540 2361 659 2392; x_wconf 77' lang='grc' dir='ltr'>τοιοῦτος</span> <span class='ocrx_word' id='word_1_348' title='bbox 686 2359 776 2387; x_wconf 88' lang='grc' dir='ltr'>κανὼν</span> <span class='ocrx_word' id='word_1_349' title='bbox 796 2361 879 2386; x_wconf 75' lang='grc' dir='ltr'>ἐκπε-</span> 
     </span>
    </p>
   </div>
   <div class='ocr_carea' id='block_1_50' title="bbox 96 2405 878 2447">
    <p class='ocr_par' dir='ltr' id='par_1_50' title="bbox 96 2405 878 2447">
     <span class='ocr_line' id='line_1_50' title="bbox 96 2405 878 2447; baseline -0.012 -8"><span class='ocrx_word' id='word_1_350' title='bbox 96 2413 236 2447; x_wconf 77' lang='grc' dir='ltr'>φὼνηται,</span> <span class='ocrx_word' id='word_1_351' title='bbox 254 2411 298 2436; x_wconf 82' lang='grc' dir='ltr'>ὅτε</span> <span class='ocrx_word' id='word_1_352' title='bbox 320 2410 399 2443; x_wconf 77' lang='grc' dir='ltr'>λόγος</span> <span class='ocrx_word' id='word_1_353' title='bbox 414 2409 463 2434; x_wconf 84' lang='grc' dir='ltr'>οὐκ</span> <span class='ocrx_word' id='word_1_354' title='bbox 481 2406 514 2442; x_wconf 82' lang='grc' dir='ltr'>ἦν</span> <span class='ocrx_word' id='word_1_355' title='bbox 531 2407 644 2434; x_wconf 78' lang='grc' dir='ltr'>ὲκδὶκων</span> <span class='ocrx_word' id='word_1_356' title='bbox 659 2406 742 2432; x_wconf 79' lang='grc' dir='ltr'>όντων</span> <span class='ocrx_word' id='word_1_357' title='bbox 758 2405 813 2432; x_wconf 80' lang='grc' dir='ltr'><strong>ἀπὸ</strong></span> <span class='ocrx_word' id='word_1_358' title='bbox 832 2405 878 2432; x_wconf 81' lang='grc' dir='ltr'>τοῦ</span> 
     </span>
    </p>
   </div>
   <div class='ocr_carea' id='block_1_51' title="bbox 97 2449 880 2492">
    <p class='ocr_par' dir='ltr' id='par_1_51' title="bbox 97 2449 880 2492">
     <span class='ocr_line' id='line_1_51' title="bbox 97 2449 880 2492; baseline -0.01 -10"><span class='ocrx_word' id='word_1_359' title='bbox 97 2457 240 2492; x_wconf 84' lang='grc' dir='ltr'>βήματος,</span> <span class='ocrx_word' id='word_1_360' title='bbox 264 2454 365 2480; x_wconf 82' lang='grc' dir='ltr'>λαῖκῶν</span> <span class='ocrx_word' id='word_1_361' title='bbox 399 2453 428 2479; x_wconf 79' lang='grc' dir='ltr'>δὲ</span> <span class='ocrx_word' id='word_1_362' title='bbox 456 2454 515 2483; x_wconf 81' lang='grc' dir='ltr'>ταῖς</span> <span class='ocrx_word' id='word_1_363' title='bbox 550 2450 708 2484; x_wconf 72' lang='grc' dir='ltr'>ἐκκλησίαις</span> <span class='ocrx_word' id='word_1_364' title='bbox 735 2449 880 2483; x_wconf 85' lang='grc' dir='ltr'>διδομένων</span> 
     </span>
    </p>
   </div>
   <div class='ocr_carea' id='block_1_52' title="bbox 96 2493 880 2534">
    <p class='ocr_par' dir='ltr' id='par_1_52' title="bbox 96 2493 880 2534">
     <span class='ocr_line' id='line_1_52' title="bbox 96 2493 880 2534; baseline -0.011 -6"><span class='ocrx_word' id='word_1_365' title='bbox 96 2502 230 2529; x_wconf 76' lang='grc' dir='ltr'>ἑκάστοτε</span> <span class='ocrx_word' id='word_1_366' title='bbox 244 2499 310 2534; x_wconf 79' lang='grc' dir='ltr'>πρὸς</span> <span class='ocrx_word' id='word_1_367' title='bbox 327 2498 475 2531; x_wconf 74' lang='grc' dir='ltr'>ἐκδίκησιν.</span> <span class='ocrx_word' id='word_1_368' title='bbox 490 2497 544 2523; x_wconf 75' lang='grc' dir='ltr'><strong>Καὶ</strong></span> <span class='ocrx_word' id='word_1_369' title='bbox 558 2496 636 2522; x_wconf 81' lang='grc' dir='ltr'>τοῦτο</span> <span class='ocrx_word' id='word_1_370' title='bbox 649 2495 727 2530; x_wconf 85' lang='grc' dir='ltr'>δῆλόν</span> <span class='ocrx_word' id='word_1_371' title='bbox 737 2495 811 2521; x_wconf 72' lang='grc' dir='ltr'>ἐστιν</span> <span class='ocrx_word' id='word_1_372' title='bbox 827 2493 880 2520; x_wconf 80' lang='grc' dir='ltr'><strong>ἀπὸ</strong></span> 
     </span>
    </p>
   </div>
   <div class='ocr_carea' id='block_1_53' title="bbox 97 2539 881 2577">
    <p class='ocr_par' dir='ltr' id='par_1_53' title="bbox 97 2539 881 2577">
     <span class='ocr_line' id='line_1_53' title="bbox 97 2539 881 2577; baseline -0.013 -3"><span class='ocrx_word' id='word_1_373' title='bbox 97 2546 148 2574; x_wconf 80' lang='grc' dir='ltr'><strong>τοῦ</strong></span> <span class='ocrx_word' id='word_1_374' title='bbox 164 2548 199 2572; x_wconf 78' lang='grc' dir='ltr'>σε’</span> <span class='ocrx_word' id='word_1_375' title='bbox 214 2544 323 2574; x_wconf 86' lang='grc' dir='ltr'>κανόνος</span> <span class='ocrx_word' id='word_1_376' title='bbox 342 2544 391 2577; x_wconf 78' lang='grc' dir='ltr'>τῆς</span> <span class='ocrx_word' id='word_1_377' title='bbox 409 2543 439 2569; x_wconf 68' lang='grc' dir='ltr'>ἐν</span> <span class='ocrx_word' id='word_1_378' title='bbox 453 2541 617 2577; x_wconf 80' lang='grc' dir='ltr'>Καρθαγένῃ</span> <span class='ocrx_word' id='word_1_379' title='bbox 638 2540 747 2567; x_wconf 81' lang='grc' dir='ltr'>συνόδου</span> <span class='ocrx_word' id='word_1_380' title='bbox 758 2558 766 2571; x_wconf 93' lang='grc'><em>,</em></span> <span class='ocrx_word' id='word_1_381' title='bbox 782 2539 881 2565; x_wconf 76' lang='grc' dir='ltr'>οὑτωσὶ</span> 
     </span>
    </p>
   </div>
   <div class='ocr_carea' id='block_1_54' title="bbox 96 2584 877 2625">
    <p class='ocr_par' dir='ltr' id='par_1_54' title="bbox 96 2584 877 2625">
     <span class='ocr_line' id='line_1_54' title="bbox 96 2584 877 2625; baseline -0.012 -7"><span class='ocrx_word' id='word_1_382' title='bbox 96 2591 245 2624; x_wconf 81' lang='grc' dir='ltr'>διεξιόντος</span> <span class='ocrx_word' id='word_1_383' title='bbox 263 2589 351 2625; x_wconf 76' lang='grc' dir='ltr'>ῥητῶς</span> <span class='ocrx_word' id='word_1_384' title='bbox 362 2597 368 2604; x_wconf 74' lang='grc'><strong><em>⁸</em></strong></span> <span class='ocrx_word' id='word_1_385' title='bbox 385 2589 453 2621; x_wconf 74' lang='grc' dir='ltr'>Περὶ</span> <span class='ocrx_word' id='word_1_386' title='bbox 465 2587 590 2614; x_wconf 60' lang='lat' dir='ltr'><strong>euoluam</strong></span> <span class='ocrx_word' id='word_1_387' title='bbox 606 2586 663 2612; x_wconf 73' lang='grc' dir='ltr'><strong>τῶν</strong></span> <span class='ocrx_word' id='word_1_388' title='bbox 683 2584 877 2618; x_wconf 76' lang='grc' dir='ltr'>Ἐκκλησιῶν,</span> 
     </span>
    </p>
   </div>
   <div class='ocr_carea' id='block_1_55' title="bbox 97 2629 877 2670">
    <p class='ocr_par' dir='ltr' id='par_1_55' title="bbox 97 2629 877 2670">
     <span class='ocr_line' id='line_1_55' title="bbox 97 2629 877 2670; baseline -0.01 -7"><span class='ocrx_word' id='word_1_389' title='bbox 97 2637 159 2663; x_wconf 72' lang='grc' dir='ltr'>τῶν</span> <span class='ocrx_word' id='word_1_390' title='bbox 174 2635 355 2670; x_wconf 67' lang='grc' dir='ltr'>ὀφειλόντων</span> <span class='ocrx_word' id='word_1_391' title='bbox 379 2634 437 2660; x_wconf 76' lang='grc' dir='ltr'><strong>ἀπὸ</strong></span> <span class='ocrx_word' id='word_1_392' title='bbox 456 2633 508 2659; x_wconf 78' lang='grc' dir='ltr'>τοῦ</span> <span class='ocrx_word' id='word_1_393' title='bbox 532 2632 684 2663; x_wconf 63' lang='grc' dir='ltr'>,βασιλέως</span> <span class='ocrx_word' id='word_1_394' title='bbox 712 2629 877 2664; x_wconf 81' lang='grc' dir='ltr'>αιτηθῆναι,</span> 
     </span>
    </p>
   </div>
   <div class='ocr_carea' id='block_1_56' title="bbox 99 2675 880 2717">
    <p class='ocr_par' dir='ltr' id='par_1_56' title="bbox 99 2675 880 2717">
     <span class='ocr_line' id='line_1_56' title="bbox 99 2675 880 2717; baseline -0.012 -7"><span class='ocrx_word' id='word_1_395' title='bbox 99 2684 264 2717; x_wconf 76' lang='grc' dir='ltr'>σύμπασιν</span> <span class='ocrx_word' id='word_1_396' title='bbox 287 2680 392 2712; x_wconf 70' lang='grc' dir='ltr'>ἔδοξεν</span> <span class='ocrx_word' id='word_1_397' title='bbox 415 2679 534 2712; x_wconf 73' lang='grc' dir='ltr'>αἰτῆσαι</span> <span class='ocrx_word' id='word_1_398' title='bbox 566 2678 625 2705; x_wconf 77' lang='grc' dir='ltr'><strong>ἀπὸ</strong></span> <span class='ocrx_word' id='word_1_399' title='bbox 644 2678 701 2705; x_wconf 71' lang='grc' dir='ltr'><strong>τῶν</strong></span> <span class='ocrx_word' id='word_1_400' title='bbox 724 2675 880 2709; x_wconf 79' lang='grc' dir='ltr'>,βασιλέων</span> 
     </span>
    </p>
   </div>
   <div class='ocr_carea' id='block_1_57' title="bbox 794 100 999 135">
    <p class='ocr_par' dir='ltr' id='par_1_57' title="bbox 794 100 999 135">
     <span class='ocr_line' id='line_1_57' title="bbox 794 100 999 135; baseline -0.01 0"><span class='ocrx_word' id='word_1_401' title='bbox 794 100 999 135; x_wconf 74' lang='lat' dir='ltr'><strong>MEDITATA.</strong></span> 
     </span>
    </p>
   </div>
   <div class='ocr_carea' id='block_1_58' title="bbox 884 1487 906 1518">
    <p class='ocr_par' dir='ltr' id='par_1_58' title="bbox 884 1487 906 1518">
     <span class='ocr_line' id='line_1_58' title="bbox 884 1487 906 1518; baseline 0 0"><span class='ocrx_word' id='word_1_402' title='bbox 884 1487 906 1518; x_wconf 91' lang='lat' dir='ltr'>C</span> 
     </span>
    </p>
   </div>
   <div class='ocr_carea' id='block_1_59' title="bbox 1624 100 1690 132">
    <p class='ocr_par' dir='ltr' id='par_1_59' title="bbox 1624 100 1690 132">
     <span class='ocr_line' id='line_1_59' title="bbox 1624 100 1690 132; baseline 0.015 -1"><span class='ocrx_word' id='word_1_403' title='bbox 1624 100 1690 132; x_wconf 63' lang='lat'><strong>1034</strong></span> 
     </span>
    </p>
   </div>
   <div class='ocr_carea' id='block_1_60' title="bbox 880 162 1690 199">
    <p class='ocr_par' dir='ltr' id='par_1_60' title="bbox 880 162 1690 199">
     <span class='ocr_line' id='line_1_60' title="bbox 880 162 1690 199; baseline -0.002 -9"><span class='ocrx_word' id='word_1_404' title='bbox 880 164 906 193; x_wconf 78' lang='grc' dir='ltr'>Α</span> <span class='ocrx_word' id='word_1_405' title='bbox 918 163 1131 190; x_wconf 87' lang='lat' dir='ltr'><strong>misericordiam</strong></span> <span class='ocrx_word' id='word_1_406' title='bbox 1147 171 1210 191; x_wconf 88' lang='lat' dir='ltr'><strong>vero</strong></span> <span class='ocrx_word' id='word_1_407' title='bbox 1226 171 1311 192; x_wconf 89' lang='lat' dir='ltr'><strong>meam</strong></span> <span class='ocrx_word' id='word_1_408' title='bbox 1327 172 1380 192; x_wconf 91' lang='lat' dir='ltr'><strong>non</strong></span> <span class='ocrx_word' id='word_1_409' title='bbox 1405 163 1559 199; x_wconf 74' lang='lat' dir='ltr'><strong>dispergam</strong></span> <span class='ocrx_word' id='word_1_410' title='bbox 1589 169 1604 189; x_wconf 88' lang='lat' dir='ltr'><strong>a</strong></span> <span class='ocrx_word' id='word_1_411' title='bbox 1626 162 1690 189; x_wconf 85' lang='lat' dir='ltr'><strong>dili-</strong></span> 
     </span>
    </p>
   </div>
   <div class='ocr_carea' id='block_1_61' title="bbox 917 209 1688 244">
    <p class='ocr_par' dir='ltr' id='par_1_61' title="bbox 917 209 1688 244">
     <span class='ocr_line' id='line_1_61' title="bbox 917 209 1688 244; baseline -0.004 -9"><span class='ocrx_word' id='word_1_412' title='bbox 917 209 1042 243; x_wconf 80' lang='lat' dir='ltr'><strong>gentibus</strong></span> <span class='ocrx_word' id='word_1_413' title='bbox 1057 217 1109 242; x_wconf 83' lang='lat' dir='ltr'><strong>me,</strong></span> <span class='ocrx_word' id='word_1_414' title='bbox 1121 217 1170 236; x_wconf 86' lang='lat' dir='ltr'><strong>nec</strong></span> <span class='ocrx_word' id='word_1_415' title='bbox 1186 210 1333 244; x_wconf 84' lang='lat' dir='ltr'><strong>profanabo</strong></span> <span class='ocrx_word' id='word_1_416' title='bbox 1360 213 1553 237; x_wconf 70' lang='lat' dir='ltr'><strong>testamentum</strong></span> <span class='ocrx_word' id='word_1_417' title='bbox 1580 214 1688 234; x_wconf 91' lang='lat' dir='ltr'><strong>meum:</strong></span> 
     </span>
    </p>
   </div>
   <div class='ocr_carea' id='block_1_62' title="bbox 917 251 1689 288">
    <p class='ocr_par' dir='ltr' id='par_1_62' title="bbox 917 251 1689 288">
     <span class='ocr_line' id='line_1_62' title="bbox 917 251 1689 288; baseline -0.001 -10"><span class='ocrx_word' id='word_1_418' title='bbox 917 253 940 279; x_wconf 87' lang='lat' dir='ltr'><strong>is</strong></span> <span class='ocrx_word' id='word_1_419' title='bbox 953 259 1017 287; x_wconf 80' lang='lat' dir='ltr'><strong>ergo</strong></span> <span class='ocrx_word' id='word_1_420' title='bbox 1035 261 1201 288; x_wconf 73' lang='lat' dir='ltr'><strong>paganorum</strong></span> <span class='ocrx_word' id='word_1_421' title='bbox 1226 254 1332 288; x_wconf 87' lang='lat' dir='ltr'><strong>quidem</strong></span> <span class='ocrx_word' id='word_1_422' title='bbox 1352 252 1538 281; x_wconf 89' lang='lat' dir='ltr'><strong>inlidelitatem</strong></span> <span class='ocrx_word' id='word_1_423' title='bbox 1564 251 1689 285; x_wconf 83' lang='lat' dir='ltr'><strong>dissipet,</strong></span> 
     </span>
    </p>
   </div>
   <div class='ocr_carea' id='block_1_63' title="bbox 917 297 1689 333">
    <p class='ocr_par' dir='ltr' id='par_1_63' title="bbox 917 297 1689 333">
     <span class='ocr_line' id='line_1_63' title="bbox 917 297 1689 333; baseline -0.001 -10"><span class='ocrx_word' id='word_1_424' title='bbox 917 297 999 327; x_wconf 77' lang='lat' dir='ltr'><strong>veluti</strong></span> <span class='ocrx_word' id='word_1_425' title='bbox 1026 298 1165 333; x_wconf 86' lang='lat' dir='ltr'><strong>pulverem</strong></span> <span class='ocrx_word' id='word_1_426' title='bbox 1191 307 1225 326; x_wconf 87' lang='lat' dir='ltr'><strong>ex</strong></span> <span class='ocrx_word' id='word_1_427' title='bbox 1242 306 1304 326; x_wconf 88' lang='lat' dir='ltr'><strong>area</strong></span> <span class='ocrx_word' id='word_1_428' title='bbox 1333 299 1437 331; x_wconf 57' lang='lat' dir='ltr'><strong>aestiva.</strong></span> <span class='ocrx_word' id='word_1_429' title='bbox 1464 302 1574 325; x_wconf 89' lang='lat' dir='ltr'><strong>sanctos</strong></span> <span class='ocrx_word' id='word_1_430' title='bbox 1599 302 1689 323; x_wconf 84' lang='lat' dir='ltr'><strong>autem</strong></span> 
     </span>
    </p>
   </div>
   <div class='ocr_carea' id='block_1_64' title="bbox 917 336 1691 379">
    <p class='ocr_par' dir='ltr' id='par_1_64' title="bbox 917 336 1691 379">
     <span class='ocr_line' id='line_1_64' title="bbox 917 336 1691 379; baseline -0.003 -10"><span class='ocrx_word' id='word_1_431' title='bbox 917 350 981 370; x_wconf 89' lang='lat' dir='ltr'><strong>suos</strong></span> <span class='ocrx_word' id='word_1_432' title='bbox 997 344 1117 378; x_wconf 78' lang='lat' dir='ltr'><strong>colligat,</strong></span> <span class='ocrx_word' id='word_1_433' title='bbox 1135 348 1162 371; x_wconf 90' lang='lat' dir='ltr'><strong>et</strong></span> <span class='ocrx_word' id='word_1_434' title='bbox 1186 351 1352 379; x_wconf 76' lang='lat' dir='ltr'><strong>paganorum</strong></span> <span class='ocrx_word' id='word_1_435' title='bbox 1379 344 1419 371; x_wconf 86' lang='lat' dir='ltr'><strong>eis</strong></span> <span class='ocrx_word' id='word_1_436' title='bbox 1438 343 1484 371; x_wconf 88' lang='lat' dir='ltr'><strong>det</strong></span> <span class='ocrx_word' id='word_1_437' title='bbox 1506 336 1644 377; x_wconf 44' lang='lat' dir='ltr'><strong>regiones&#39;</strong></span> <span class='ocrx_word' id='word_1_438' title='bbox 1658 348 1691 368; x_wconf 89' lang='lat' dir='ltr'><strong>ac</strong></span> 
     </span>
    </p>
   </div>
   <div class='ocr_carea' id='block_1_65' title="bbox 917 384 1691 424">
    <p class='ocr_par' dir='ltr' id='par_1_65' title="bbox 917 384 1691 424">
     <span class='ocr_line' id='line_1_65' title="bbox 917 384 1691 424; baseline -0.003 -10"><span class='ocrx_word' id='word_1_439' title='bbox 917 388 1014 415; x_wconf 80' lang='lat' dir='ltr'><strong>tribus.</strong></span> <span class='ocrx_word' id='word_1_440' title='bbox 1037 388 1070 416; x_wconf 87' lang='lat' dir='ltr'><strong>Et</strong></span> <span class='ocrx_word' id='word_1_441' title='bbox 1102 389 1175 416; x_wconf 83' lang='lat' dir='ltr'><strong>dicat</strong></span> <span class='ocrx_word' id='word_1_442' title='bbox 1198 389 1313 424; x_wconf 86' lang='lat' dir='ltr'><strong>populus</strong></span> <span class='ocrx_word' id='word_1_443' title='bbox 1338 389 1482 416; x_wconf 86' lang='lat' dir='ltr'><strong>universus</strong></span> <span class='ocrx_word' id='word_1_444' title='bbox 1505 384 1691 415; x_wconf 81' lang='lat' dir='ltr'><strong>:Benedictus</strong></span> 
     </span>
    </p>
   </div>
   <div class='ocr_carea' id='block_1_66' title="bbox 919 430 1406 466">
    <p class='ocr_par' dir='ltr' id='par_1_66' title="bbox 919 430 1406 466">
     <span class='ocr_line' id='line_1_66' title="bbox 919 430 1406 466; baseline -0.002 -6"><span class='ocrx_word' id='word_1_445' title='bbox 919 433 1047 460; x_wconf 87' lang='lat' dir='ltr'><strong>Dominus</strong></span> <span class='ocrx_word' id='word_1_446' title='bbox 1063 434 1089 461; x_wconf 94' lang='lat' dir='ltr'><strong>in</strong></span> <span class='ocrx_word' id='word_1_447' title='bbox 1104 435 1243 462; x_wconf 70' lang='lat' dir='ltr'><strong>saeculum.</strong></span> <span class='ocrx_word' id='word_1_448' title='bbox 1261 430 1332 466; x_wconf 78' lang='lat' dir='ltr'><strong>Fiat,</strong></span> <span class='ocrx_word' id='word_1_449' title='bbox 1349 433 1406 460; x_wconf 83' lang='lat' dir='ltr'><strong>ﬁat.</strong></span> 
     </span>
    </p>
   </div>
   <div class='ocr_carea' id='block_1_67' title="bbox 1229 496 1379 532">
    <p class='ocr_par' dir='ltr' id='par_1_67' title="bbox 1229 496 1379 532">
     <span class='ocr_line' id='line_1_67' title="bbox 1229 496 1379 532; baseline 0 -7"><span class='ocrx_word' id='word_1_450' title='bbox 1229 496 1379 532; x_wconf 82' lang='lat' dir='ltr'><strong>EJUSDEM</strong></span> 
     </span>
    </p>
   </div>
   <div class='ocr_carea' id='block_1_68' title="bbox 918 559 1691 597">
    <p class='ocr_par' dir='ltr' id='par_1_68' title="bbox 918 559 1691 597">
     <span class='ocr_line' id='line_1_68' title="bbox 918 559 1691 597; baseline -0.005 -9"><span class='ocrx_word' id='word_1_451' title='bbox 918 559 1083 593; x_wconf 79' lang='lat' dir='ltr'><strong>Meditalum,</strong></span> <span class='ocrx_word' id='word_1_452' title='bbox 1101 563 1131 589; x_wconf 81' lang='lat' dir='ltr'><strong>de</strong></span> <span class='ocrx_word' id='word_1_453' title='bbox 1146 562 1247 589; x_wconf 81' lang='lat' dir='ltr'><strong>duobus</strong></span> <span class='ocrx_word' id='word_1_454' title='bbox 1264 563 1318 589; x_wconf 80' lang='lat' dir='ltr'><strong>illis</strong></span> <span class='ocrx_word' id='word_1_455' title='bbox 1334 563 1422 597; x_wconf 73' lang='lat' dir='ltr'><strong>ofﬁciis</strong></span> <span class='ocrx_word' id='word_1_456' title='bbox 1436 582 1442 593; x_wconf 86' lang='lat'><strong>,</strong></span> <span class='ocrx_word' id='word_1_457' title='bbox 1459 559 1616 587; x_wconf 78' lang='lat' dir='ltr'><strong>chartularii</strong></span> <span class='ocrx_word' id='word_1_458' title='bbox 1639 560 1691 585; x_wconf 76' lang='lat' dir='ltr'><strong>sci-</strong></span> 
     </span>
    </p>
   </div>
   <div class='ocr_carea' id='block_1_69' title="bbox 1102 597 1495 631">
    <p class='ocr_par' dir='ltr' id='par_1_69' title="bbox 1102 597 1495 631">
     <span class='ocr_line' id='line_1_69' title="bbox 1102 597 1495 631; baseline -0.005 -8"><span class='ocrx_word' id='word_1_459' title='bbox 1102 597 1172 629; x_wconf 82' lang='lat' dir='ltr'><strong>licet,</strong></span> <span class='ocrx_word' id='word_1_460' title='bbox 1193 605 1224 623; x_wconf 84' lang='lat' dir='ltr'><strong>ac</strong></span> <span class='ocrx_word' id='word_1_461' title='bbox 1244 598 1322 631; x_wconf 82' lang='lat' dir='ltr'><strong>primi</strong></span> <span class='ocrx_word' id='word_1_462' title='bbox 1339 597 1495 630; x_wconf 78' lang='lat' dir='ltr'><strong>defensoris.</strong></span> 
     </span>
    </p>
   </div>
   <div class='ocr_carea' id='block_1_70' title="bbox 952 649 1692 684">
    <p class='ocr_par' dir='ltr' id='par_1_70' title="bbox 952 649 1692 684">
     <span class='ocr_line' id='line_1_70' title="bbox 952 649 1692 684; baseline -0.001 -8"><span class='ocrx_word' id='word_1_463' title='bbox 952 649 1019 676; x_wconf 91' lang='lat' dir='ltr'><strong>Cum</strong></span> <span class='ocrx_word' id='word_1_464' title='bbox 1037 654 1151 684; x_wconf 83' lang='lat' dir='ltr'><strong>magnus</strong></span> <span class='ocrx_word' id='word_1_465' title='bbox 1172 649 1216 676; x_wconf 83' lang='lat' dir='ltr'><strong>ille</strong></span> <span class='ocrx_word' id='word_1_466' title='bbox 1241 649 1337 676; x_wconf 85' lang='lat' dir='ltr'><strong>doctor</strong></span> <span class='ocrx_word' id='word_1_467' title='bbox 1365 649 1504 682; x_wconf 62' lang='lat' dir='ltr'><strong>Ecclesiae,</strong></span> <span class='ocrx_word' id='word_1_468' title='bbox 1531 650 1692 684; x_wconf 84' lang='lat' dir='ltr'><strong>divinusque</strong></span> 
     </span>
    </p>
   </div>
   <div class='ocr_carea' id='block_1_71' title="bbox 918 693 1691 729">
    <p class='ocr_par' dir='ltr' id='par_1_71' title="bbox 918 693 1691 729">
     <span class='ocr_line' id='line_1_71' title="bbox 918 693 1691 729; baseline -0.003 -7"><span class='ocrx_word' id='word_1_469' title='bbox 918 701 1005 729; x_wconf 59' lang='lat' dir='ltr'><strong>preco</strong></span> <span class='ocrx_word' id='word_1_470' title='bbox 1021 693 1118 721; x_wconf 86' lang='lat' dir='ltr'><strong>Paulus</strong></span> <span class='ocrx_word' id='word_1_471' title='bbox 1131 695 1214 727; x_wconf 87' lang='lat' dir='ltr'><strong>dicat,</strong></span> <span class='ocrx_word' id='word_1_472' title='bbox 1230 702 1283 721; x_wconf 92' lang='lat' dir='ltr'><strong>non</strong></span> <span class='ocrx_word' id='word_1_473' title='bbox 1305 694 1356 722; x_wconf 89' lang='lat' dir='ltr'><strong>sibi</strong></span> <span class='ocrx_word' id='word_1_474' title='bbox 1381 695 1535 729; x_wconf 78' lang='lat' dir='ltr'><strong>quempiam</strong></span> <span class='ocrx_word' id='word_1_475' title='bbox 1562 696 1691 722; x_wconf 84' lang='lat' dir='ltr'><strong>honorem</strong></span> 
     </span>
    </p>
   </div>
   <div class='ocr_carea' id='block_1_72' title="bbox 918 739 1692 775">
    <p class='ocr_par' dir='ltr' id='par_1_72' title="bbox 918 739 1692 775">
     <span class='ocr_line' id='line_1_72' title="bbox 918 739 1692 775; baseline 0.003 -10"><span class='ocrx_word' id='word_1_476' title='bbox 918 746 1035 771; x_wconf 78' lang='lat' dir='ltr'><strong>sumere,</strong></span> <span class='ocrx_word' id='word_1_477' title='bbox 1051 739 1096 766; x_wconf 85' lang='lat' dir='ltr'><strong>sed</strong></span> <span class='ocrx_word' id='word_1_478' title='bbox 1111 746 1124 766; x_wconf 90' lang='lat' dir='ltr'><strong>a</strong></span> <span class='ocrx_word' id='word_1_479' title='bbox 1139 739 1193 766; x_wconf 92' lang='lat' dir='ltr'><strong>Deo</strong></span> <span class='ocrx_word' id='word_1_480' title='bbox 1205 745 1347 773; x_wconf 80' lang='lat' dir='ltr'><strong>vocatum;</strong></span> <span class='ocrx_word' id='word_1_481' title='bbox 1362 747 1426 766; x_wconf 93' lang='lat' dir='ltr'><strong>sane</strong></span> <span class='ocrx_word' id='word_1_482' title='bbox 1443 739 1558 767; x_wconf 80' lang='lat' dir='ltr'><strong>debebat</strong></span> <span class='ocrx_word' id='word_1_483' title='bbox 1589 741 1692 775; x_wconf 84' lang='lat' dir='ltr'><strong>primus</strong></span> 
     </span>
    </p>
   </div>
   <div class='ocr_carea' id='block_1_73' title="bbox 919 785 1691 818">
    <p class='ocr_par' dir='ltr' id='par_1_73' title="bbox 919 785 1691 818">
     <span class='ocr_line' id='line_1_73' title="bbox 919 785 1691 818; baseline 0.003 -6"><span class='ocrx_word' id='word_1_484' title='bbox 919 785 1045 812; x_wconf 76' lang='lat' dir='ltr'><strong>defensor</strong></span> <span class='ocrx_word' id='word_1_485' title='bbox 1063 785 1116 812; x_wconf 84' lang='lat' dir='ltr'><strong>sibi</strong></span> <span class='ocrx_word' id='word_1_486' title='bbox 1133 785 1273 813; x_wconf 81' lang='lat' dir='ltr'><strong>concessis</strong></span> <span class='ocrx_word' id='word_1_487' title='bbox 1292 792 1354 812; x_wconf 86' lang='lat' dir='ltr'><strong>esse</strong></span> <span class='ocrx_word' id='word_1_488' title='bbox 1382 790 1538 818; x_wconf 87' lang='lat' dir='ltr'><strong>contentus,</strong></span> <span class='ocrx_word' id='word_1_489' title='bbox 1555 790 1582 814; x_wconf 82' lang='lat' dir='ltr'><strong>et</strong></span> <span class='ocrx_word' id='word_1_490' title='bbox 1597 787 1691 814; x_wconf 82' lang='lat' dir='ltr'><strong>deces—</strong></span> 
     </span>
    </p>
   </div>
   <div class='ocr_carea' id='block_1_74' title="bbox 918 829 1690 865">
    <p class='ocr_par' dir='ltr' id='par_1_74' title="bbox 918 829 1690 865">
     <span class='ocr_line' id='line_1_74' title="bbox 918 829 1690 865; baseline -0.001 -9"><span class='ocrx_word' id='word_1_491' title='bbox 918 836 1010 856; x_wconf 86' lang='lat' dir='ltr'><strong>sorum</strong></span> <span class='ocrx_word' id='word_1_492' title='bbox 1020 835 1130 856; x_wconf 84' lang='lat' dir='ltr'><strong>suorum</strong></span> <span class='ocrx_word' id='word_1_493' title='bbox 1141 829 1262 863; x_wconf 77' lang='lat' dir='ltr'><strong>vestigiis</strong></span> <span class='ocrx_word' id='word_1_494' title='bbox 1271 829 1411 860; x_wconf 84' lang='lat' dir='ltr'><strong>insistere;</strong></span> <span class='ocrx_word' id='word_1_495' title='bbox 1426 836 1542 863; x_wconf 91' lang='lat' dir='ltr'><strong>quorum</strong></span> <span class='ocrx_word' id='word_1_496' title='bbox 1558 830 1690 865; x_wconf 80' lang='lat' dir='ltr'><strong>plerique,</strong></span> 
     </span>
    </p>
   </div>
   <div class='ocr_carea' id='block_1_75' title="bbox 919 873 1693 909">
    <p class='ocr_par' dir='ltr' id='par_1_75' title="bbox 919 873 1693 909">
     <span class='ocr_line' id='line_1_75' title="bbox 919 873 1693 909; baseline -0.001 -8"><span class='ocrx_word' id='word_1_497' title='bbox 919 874 1026 902; x_wconf 88' lang='lat' dir='ltr'><strong>sicutet</strong></span> <span class='ocrx_word' id='word_1_498' title='bbox 1045 874 1114 909; x_wconf 87' lang='lat' dir='ltr'><strong>ipse,</strong></span> <span class='ocrx_word' id='word_1_499' title='bbox 1135 881 1183 909; x_wconf 89' lang='lat' dir='ltr'><strong>per</strong></span> <span class='ocrx_word' id='word_1_500' title='bbox 1199 873 1243 901; x_wconf 87' lang='lat' dir='ltr'><strong>Dei</strong></span> <span class='ocrx_word' id='word_1_501' title='bbox 1277 874 1391 908; x_wconf 77' lang='lat' dir='ltr'><strong>gratiam</strong></span> <span class='ocrx_word' id='word_1_502' title='bbox 1413 875 1557 909; x_wconf 87' lang='lat' dir='ltr'><strong>omnigena</strong></span> <span class='ocrx_word' id='word_1_503' title='bbox 1581 875 1693 902; x_wconf 79' lang='lat' dir='ltr'><strong>fuerunt</strong></span> 
     </span>
    </p>
   </div>
   <div class='ocr_carea' id='block_1_76' title="bbox 918 919 1692 954">
    <p class='ocr_par' dir='ltr' id='par_1_76' title="bbox 918 919 1692 954">
     <span class='ocr_line' id='line_1_76' title="bbox 918 919 1692 954; baseline 0.001 -9"><span class='ocrx_word' id='word_1_504' title='bbox 918 919 1007 946; x_wconf 84' lang='lat' dir='ltr'><strong>ornati</strong></span> <span class='ocrx_word' id='word_1_505' title='bbox 1041 919 1179 950; x_wconf 84' lang='lat' dir='ltr'><strong>doctrina.</strong></span> <span class='ocrx_word' id='word_1_506' title='bbox 1213 924 1409 954; x_wconf 86' lang='lat' dir='ltr'><strong>supremasque</strong></span> <span class='ocrx_word' id='word_1_507' title='bbox 1438 920 1619 947; x_wconf 73' lang='lat' dir='ltr'><strong>sanctissimae</strong></span> <span class='ocrx_word' id='word_1_508' title='bbox 1646 919 1692 947; x_wconf 89' lang='lat' dir='ltr'><strong>Dei</strong></span> 
     </span>
    </p>
   </div>
   <div class='ocr_carea' id='block_1_77' title="bbox 920 964 1692 1000">
    <p class='ocr_par' dir='ltr' id='par_1_77' title="bbox 920 964 1692 1000">
     <span class='ocr_line' id='line_1_77' title="bbox 920 964 1692 1000; baseline 0.001 -10"><span class='ocrx_word' id='word_1_509' title='bbox 920 965 1031 999; x_wconf 81' lang='lat' dir='ltr'><strong>majoris</strong></span> <span class='ocrx_word' id='word_1_510' title='bbox 1049 964 1176 992; x_wconf 58' lang='lat' dir='ltr'><strong>Ecclesim</strong></span> <span class='ocrx_word' id='word_1_511' title='bbox 1188 964 1332 999; x_wconf 74' lang='lat' dir='ltr'><strong>dignitates</strong></span> <span class='ocrx_word' id='word_1_512' title='bbox 1345 969 1501 999; x_wconf 80' lang='lat' dir='ltr'><strong>gesserunt,</strong></span> <span class='ocrx_word' id='word_1_513' title='bbox 1515 970 1597 1000; x_wconf 88' lang='lat' dir='ltr'><strong>atque</strong></span> <span class='ocrx_word' id='word_1_514' title='bbox 1608 965 1692 992; x_wconf 85' lang='lat' dir='ltr'><strong>etiam</strong></span> 
     </span>
    </p>
   </div>
   <div class='ocr_carea' id='block_1_78' title="bbox 920 1010 1694 1046">
    <p class='ocr_par' dir='ltr' id='par_1_78' title="bbox 920 1010 1694 1046">
     <span class='ocr_line' id='line_1_78' title="bbox 920 1010 1694 1046; baseline 0.003 -10"><span class='ocrx_word' id='word_1_515' title='bbox 920 1010 1002 1044; x_wconf 83' lang='lat' dir='ltr'><strong>aliqui</strong></span> <span class='ocrx_word' id='word_1_516' title='bbox 1020 1010 1200 1044; x_wconf 81' lang='lat' dir='ltr'><strong>genuinorum</strong></span> <span class='ocrx_word' id='word_1_517' title='bbox 1221 1011 1247 1037; x_wconf 93' lang='lat' dir='ltr'><strong>in</strong></span> <span class='ocrx_word' id='word_1_518' title='bbox 1271 1018 1372 1039; x_wconf 85' lang='lat' dir='ltr'><strong>morem</strong></span> <span class='ocrx_word' id='word_1_519' title='bbox 1399 1010 1535 1046; x_wconf 90' lang='lat' dir='ltr'><strong>pullorum</strong></span> <span class='ocrx_word' id='word_1_520' title='bbox 1561 1011 1694 1046; x_wconf 81' lang='lat' dir='ltr'><strong>aquilino—</strong></span> 
     </span>
    </p>
   </div>
   <div class='ocr_carea' id='block_1_79' title="bbox 920 1055 1695 1091">
    <p class='ocr_par' dir='ltr' id='par_1_79' title="bbox 920 1055 1695 1091">
     <span class='ocr_line' id='line_1_79' title="bbox 920 1055 1695 1091; baseline 0 -9"><span class='ocrx_word' id='word_1_521' title='bbox 920 1062 981 1082; x_wconf 91' lang='lat' dir='ltr'><strong>rum</strong></span> <span class='ocrx_word' id='word_1_522' title='bbox 995 1055 1052 1083; x_wconf 87' lang='lat' dir='ltr'><strong>alas</strong></span> <span class='ocrx_word' id='word_1_523' title='bbox 1071 1059 1257 1089; x_wconf 87' lang='lat' dir='ltr'><strong>sumpserunt,</strong></span> <span class='ocrx_word' id='word_1_524' title='bbox 1274 1058 1300 1082; x_wconf 88' lang='lat' dir='ltr'><strong>et</strong></span> <span class='ocrx_word' id='word_1_525' title='bbox 1314 1055 1347 1083; x_wconf 90' lang='lat' dir='ltr'><strong>ad</strong></span> <span class='ocrx_word' id='word_1_526' title='bbox 1375 1060 1501 1091; x_wconf 81' lang='lat' dir='ltr'><strong>magnum</strong></span> <span class='ocrx_word' id='word_1_527' title='bbox 1530 1056 1606 1083; x_wconf 92' lang='lat' dir='ltr'><strong>illum</strong></span> <span class='ocrx_word' id='word_1_528' title='bbox 1622 1055 1695 1083; x_wconf 83' lang='lat' dir='ltr'><strong>Con-</strong></span> 
     </span>
    </p>
   </div>
   <div class='ocr_carea' id='block_1_80' title="bbox 920 1101 1694 1136">
    <p class='ocr_par' dir='ltr' id='par_1_80' title="bbox 920 1101 1694 1136">
     <span class='ocr_line' id='line_1_80' title="bbox 920 1101 1694 1136; baseline 0.001 -9"><span class='ocrx_word' id='word_1_529' title='bbox 920 1101 1115 1136; x_wconf 77' lang='lat' dir='ltr'><strong>stantinopolis</strong></span> <span class='ocrx_word' id='word_1_530' title='bbox 1142 1101 1271 1129; x_wconf 85' lang='lat' dir='ltr'><strong>thronum</strong></span> <span class='ocrx_word' id='word_1_531' title='bbox 1297 1105 1498 1136; x_wconf 86' lang='lat' dir='ltr'><strong>pervenerunt:</strong></span> <span class='ocrx_word' id='word_1_532' title='bbox 1529 1102 1694 1136; x_wconf 85' lang='lat' dir='ltr'><strong>minimeque</strong></span> 
     </span>
    </p>
   </div>
   <div class='ocr_carea' id='block_1_81' title="bbox 920 1146 1695 1181">
    <p class='ocr_par' dir='ltr' id='par_1_81' title="bbox 920 1146 1695 1181">
     <span class='ocr_line' id='line_1_81' title="bbox 920 1146 1695 1181; baseline -0.001 -8"><span class='ocrx_word' id='word_1_533' title='bbox 920 1146 986 1174; x_wconf 88' lang='lat' dir='ltr'><strong>dare</strong></span> <span class='ocrx_word' id='word_1_534' title='bbox 997 1146 1113 1174; x_wconf 87' lang='lat' dir='ltr'><strong>debebat</strong></span> <span class='ocrx_word' id='word_1_535' title='bbox 1128 1152 1249 1181; x_wconf 83' lang='lat' dir='ltr'><strong>operam,</strong></span> <span class='ocrx_word' id='word_1_536' title='bbox 1279 1151 1310 1174; x_wconf 88' lang='lat' dir='ltr'><strong>ut</strong></span> <span class='ocrx_word' id='word_1_537' title='bbox 1333 1147 1413 1174; x_wconf 85' lang='lat' dir='ltr'><strong>annis</strong></span> <span class='ocrx_word' id='word_1_538' title='bbox 1440 1147 1579 1174; x_wconf 89' lang='lat' dir='ltr'><strong>hominum</strong></span> <span class='ocrx_word' id='word_1_539' title='bbox 1610 1152 1695 1180; x_wconf 80' lang='lat' dir='ltr'><strong>prope</strong></span> 
     </span>
    </p>
   </div>
   <div class='ocr_carea' id='block_1_82' title="bbox 921 1191 1694 1223">
    <p class='ocr_par' dir='ltr' id='par_1_82' title="bbox 921 1191 1694 1223">
     <span class='ocr_line' id='line_1_82' title="bbox 921 1191 1694 1223; baseline -0.003 -5"><span class='ocrx_word' id='word_1_540' title='bbox 921 1192 1081 1219; x_wconf 86' lang='lat' dir='ltr'><strong>memoriam</strong></span> <span class='ocrx_word' id='word_1_541' title='bbox 1102 1191 1297 1219; x_wconf 83' lang='lat' dir='ltr'><strong>excedentibus</strong></span> <span class='ocrx_word' id='word_1_542' title='bbox 1326 1192 1496 1223; x_wconf 81' lang='lat' dir='ltr'><strong>conﬁrmata,</strong></span> <span class='ocrx_word' id='word_1_543' title='bbox 1523 1195 1694 1218; x_wconf 85' lang='lat' dir='ltr'><strong>mutarentur</strong></span> 
     </span>
    </p>
   </div>
   <div class='ocr_carea' id='block_1_83' title="bbox 920 1237 1693 1273">
    <p class='ocr_par' dir='ltr' id='par_1_83' title="bbox 920 1237 1693 1273">
     <span class='ocr_line' id='line_1_83' title="bbox 920 1237 1693 1273; baseline 0 -10"><span class='ocrx_word' id='word_1_544' title='bbox 920 1244 975 1263; x_wconf 87' lang='lat' dir='ltr'><strong>uno</strong></span> <span class='ocrx_word' id='word_1_545' title='bbox 991 1237 1044 1270; x_wconf 90' lang='lat' dir='ltr'><strong>die,</strong></span> <span class='ocrx_word' id='word_1_546' title='bbox 1056 1238 1192 1272; x_wconf 90' lang='lat' dir='ltr'><strong>sepiarum</strong></span> <span class='ocrx_word' id='word_1_547' title='bbox 1207 1237 1233 1264; x_wconf 93' lang='lat' dir='ltr'><strong>in</strong></span> <span class='ocrx_word' id='word_1_548' title='bbox 1246 1245 1348 1265; x_wconf 87' lang='lat' dir='ltr'><strong>morem</strong></span> <span class='ocrx_word' id='word_1_549' title='bbox 1360 1246 1367 1271; x_wconf 92' lang='lat'>;</span> <span class='ocrx_word' id='word_1_550' title='bbox 1378 1243 1458 1273; x_wconf 87' lang='lat' dir='ltr'><strong>atque</strong></span> <span class='ocrx_word' id='word_1_551' title='bbox 1481 1238 1516 1265; x_wconf 87' lang='lat' dir='ltr'><strong>ita</strong></span> <span class='ocrx_word' id='word_1_552' title='bbox 1540 1238 1693 1272; x_wconf 69' lang='lat' dir='ltr'><strong>periculose</strong></span> 
     </span>
    </p>
   </div>
   <div class='ocr_carea' id='block_1_84' title="bbox 921 1281 1694 1317">
    <p class='ocr_par' dir='ltr' id='par_1_84' title="bbox 921 1281 1694 1317">
     <span class='ocr_line' id='line_1_84' title="bbox 921 1281 1694 1317; baseline -0.001 -8"><span class='ocrx_word' id='word_1_553' title='bbox 921 1287 975 1309; x_wconf 88' lang='lat' dir='ltr'><strong>tam</strong></span> <span class='ocrx_word' id='word_1_554' title='bbox 1004 1281 1151 1315; x_wconf 82' lang='lat' dir='ltr'><strong>oiiendere,</strong></span> <span class='ocrx_word' id='word_1_555' title='bbox 1184 1290 1265 1317; x_wconf 91' lang='lat' dir='ltr'><strong>quam</strong></span> <span class='ocrx_word' id='word_1_556' title='bbox 1294 1282 1411 1311; x_wconf 84' lang='lat' dir='ltr'><strong>oil&#39;endi:</strong></span> <span class='ocrx_word' id='word_1_557' title='bbox 1442 1282 1488 1310; x_wconf 87' lang='lat' dir='ltr'><strong>sed</strong></span> <span class='ocrx_word' id='word_1_558' title='bbox 1512 1281 1580 1310; x_wconf 81' lang='lat' dir='ltr'><strong>velle</strong></span> <span class='ocrx_word' id='word_1_559' title='bbox 1605 1283 1694 1317; x_wconf 84' lang='lat' dir='ltr'><strong>potius</strong></span> 
     </span>
    </p>
   </div>
   <div class='ocr_carea' id='block_1_85' title="bbox 922 1326 1693 1363">
    <p class='ocr_par' dir='ltr' id='par_1_85' title="bbox 922 1326 1693 1363">
     <span class='ocr_line' id='line_1_85' title="bbox 922 1326 1693 1363; baseline 0 -10"><span class='ocrx_word' id='word_1_560' title='bbox 922 1334 1015 1361; x_wconf 87' lang='lat' dir='ltr'><strong>pacem</strong></span> <span class='ocrx_word' id='word_1_561' title='bbox 1028 1335 1110 1362; x_wconf 87' lang='lat' dir='ltr'><strong>supra</strong></span> <span class='ocrx_word' id='word_1_562' title='bbox 1126 1328 1256 1363; x_wconf 90' lang='lat' dir='ltr'><strong>populum</strong></span> <span class='ocrx_word' id='word_1_563' title='bbox 1279 1327 1337 1360; x_wconf 88' lang='lat' dir='ltr'><strong>Dei,</strong></span> <span class='ocrx_word' id='word_1_564' title='bbox 1354 1331 1381 1355; x_wconf 90' lang='lat' dir='ltr'><strong>et</strong></span> <span class='ocrx_word' id='word_1_565' title='bbox 1395 1335 1478 1362; x_wconf 89' lang='lat' dir='ltr'><strong>supra</strong></span> <span class='ocrx_word' id='word_1_566' title='bbox 1494 1331 1604 1355; x_wconf 79' lang='lat' dir='ltr'><strong>sanctos</strong></span> <span class='ocrx_word' id='word_1_567' title='bbox 1625 1326 1693 1359; x_wconf 77' lang='lat' dir='ltr'><strong>eius.</strong></span> 
     </span>
    </p>
   </div>
   <div class='ocr_carea' id='block_1_86' title="bbox 922 1371 1696 1408">
    <p class='ocr_par' dir='ltr' id='par_1_86' title="bbox 922 1371 1696 1408">
     <span class='ocr_line' id='line_1_86' title="bbox 922 1371 1696 1408; baseline -0.003 -9"><span class='ocrx_word' id='word_1_568' title='bbox 922 1371 1023 1400; x_wconf 87' lang='lat' dir='ltr'><strong>Verum</strong></span> <span class='ocrx_word' id='word_1_569' title='bbox 1041 1373 1101 1407; x_wconf 58' lang='lat' dir='ltr'><strong>quia</strong></span> <span class='ocrx_word' id='word_1_570' title='bbox 1126 1374 1221 1400; x_wconf 87' lang='lat' dir='ltr'><strong>nescio</strong></span> <span class='ocrx_word' id='word_1_571' title='bbox 1249 1371 1384 1408; x_wconf 90' lang='lat' dir='ltr'><strong>quomodo</strong></span> <span class='ocrx_word' id='word_1_572' title='bbox 1402 1373 1552 1400; x_wconf 86' lang='lat' dir='ltr'><strong>molaribus</strong></span> <span class='ocrx_word' id='word_1_573' title='bbox 1577 1372 1696 1399; x_wconf 83' lang='lat' dir='ltr'><strong>excitan-</strong></span> 
     </span>
    </p>
   </div>
   <div class='ocr_carea' id='block_1_87' title="bbox 922 1412 1693 1452">
    <p class='ocr_par' dir='ltr' id='par_1_87' title="bbox 922 1412 1693 1452">
     <span class='ocr_line' id='line_1_87' title="bbox 922 1412 1693 1452; baseline -0.003 -9"><span class='ocrx_word' id='word_1_574' title='bbox 922 1416 995 1444; x_wconf 84' lang='lat' dir='ltr'><strong>tibus</strong></span> <span class='ocrx_word' id='word_1_575' title='bbox 1011 1417 1137 1444; x_wconf 85' lang='lat' dir='ltr'><strong>scandala</strong></span> <span class='ocrx_word' id='word_1_576' title='bbox 1155 1417 1310 1451; x_wconf 73' lang='lat' dir='ltr'><strong>praeteritis,</strong></span> <span class='ocrx_word' id='word_1_577' title='bbox 1339 1421 1419 1452; x_wconf 88' lang='lat' dir='ltr'><strong>atque</strong></span> <span class='ocrx_word' id='word_1_578' title='bbox 1446 1416 1540 1443; x_wconf 87' lang='lat' dir='ltr'><strong>itidem</strong></span> <span class='ocrx_word' id='word_1_579' title='bbox 1572 1412 1616 1447; x_wconf 87' lang='lat' dir='ltr'><strong>iis,</strong></span> <span class='ocrx_word' id='word_1_580' title='bbox 1632 1417 1693 1449; x_wconf 67' lang='lat' dir='ltr'><strong>qui:</strong></span> 
     </span>
    </p>
   </div>
   <div class='ocr_carea' id='block_1_88' title="bbox 924 1459 1697 1488">
    <p class='ocr_par' dir='ltr' id='par_1_88' title="bbox 924 1459 1697 1488">
     <span class='ocr_line' id='line_1_88' title="bbox 924 1459 1697 1488; baseline -0.001 -2"><span class='ocrx_word' id='word_1_581' title='bbox 924 1459 1057 1487; x_wconf 83' lang='lat' dir='ltr'><strong>canonice</strong></span> <span class='ocrx_word' id='word_1_582' title='bbox 1090 1463 1193 1488; x_wconf 87' lang='lat' dir='ltr'><strong>statuta</strong></span> <span class='ocrx_word' id='word_1_583' title='bbox 1230 1463 1295 1488; x_wconf 88' lang='lat' dir='ltr'><strong>sunt</strong></span> <span class='ocrx_word' id='word_1_584' title='bbox 1327 1461 1459 1488; x_wconf 88' lang='lat' dir='ltr'><strong>adversus</strong></span> <span class='ocrx_word' id='word_1_585' title='bbox 1495 1459 1697 1487; x_wconf 80' lang='lat' dir='ltr'><strong>inconsiderate</strong></span> 
     </span>
    </p>
   </div>
   <div class='ocr_carea' id='block_1_89' title="bbox 923 1503 1696 1540">
    <p class='ocr_par' dir='ltr' id='par_1_89' title="bbox 923 1503 1696 1540">
     <span class='ocr_line' id='line_1_89' title="bbox 923 1503 1696 1540; baseline -0.003 -9"><span class='ocrx_word' id='word_1_586' title='bbox 923 1504 1058 1533; x_wconf 87' lang='lat' dir='ltr'><strong>violantes</strong></span> <span class='ocrx_word' id='word_1_587' title='bbox 1077 1512 1269 1540; x_wconf 85' lang='lat' dir='ltr'><strong>quamcunque</strong></span> <span class='ocrx_word' id='word_1_588' title='bbox 1290 1506 1447 1533; x_wconf 80' lang='lat' dir='ltr'><strong>diuturnam</strong></span> <span class='ocrx_word' id='word_1_589' title='bbox 1471 1503 1696 1532; x_wconf 84' lang='lat' dir='ltr'><strong>consuetudinem</strong></span> 
     </span>
    </p>
   </div>
   <div class='ocr_carea' id='block_1_90' title="bbox 923 1550 1698 1586">
    <p class='ocr_par' dir='ltr' id='par_1_90' title="bbox 923 1550 1698 1586">
     <span class='ocr_line' id='line_1_90' title="bbox 923 1550 1698 1586; baseline -0.003 -9"><span class='ocrx_word' id='word_1_590' title='bbox 923 1550 1135 1578; x_wconf 84' lang='lat' dir='ltr'><strong>ecclesiasticam</strong></span> <span class='ocrx_word' id='word_1_591' title='bbox 1162 1551 1236 1586; x_wconf 90' lang='lat' dir='ltr'><strong>(nam</strong></span> <span class='ocrx_word' id='word_1_592' title='bbox 1254 1554 1280 1579; x_wconf 89' lang='lat' dir='ltr'><strong>et</strong></span> <span class='ocrx_word' id='word_1_593' title='bbox 1293 1551 1368 1578; x_wconf 91' lang='lat' dir='ltr'><strong>illam</strong></span> <span class='ocrx_word' id='word_1_594' title='bbox 1392 1550 1504 1585; x_wconf 88' lang='lat' dir='ltr'><strong>perinde</strong></span> <span class='ocrx_word' id='word_1_595' title='bbox 1531 1550 1617 1576; x_wconf 87' lang='lat' dir='ltr'><strong>ratam</strong></span> <span class='ocrx_word' id='word_1_596' title='bbox 1636 1554 1698 1576; x_wconf 79' lang='lat' dir='ltr'><strong>esse</strong></span> 
     </span>
    </p>
   </div>
   <div class='ocr_carea' id='block_1_91' title="bbox 924 1593 1699 1631">
    <p class='ocr_par' dir='ltr' id='par_1_91' title="bbox 924 1593 1699 1631">
     <span class='ocr_line' id='line_1_91' title="bbox 924 1593 1699 1631; baseline -0.004 -8"><span class='ocrx_word' id='word_1_597' title='bbox 924 1596 1022 1623; x_wconf 86' lang='lat' dir='ltr'><strong>debere</strong></span> <span class='ocrx_word' id='word_1_598' title='bbox 1045 1597 1181 1624; x_wconf 87' lang='lat' dir='ltr'><strong>sancitum</strong></span> <span class='ocrx_word' id='word_1_599' title='bbox 1208 1599 1258 1629; x_wconf 86' lang='lat' dir='ltr'><strong>est,</strong></span> <span class='ocrx_word' id='word_1_600' title='bbox 1287 1600 1368 1631; x_wconf 90' lang='lat' dir='ltr'><strong>atque</strong></span> <span class='ocrx_word' id='word_1_601' title='bbox 1394 1599 1488 1623; x_wconf 85' lang='lat' dir='ltr'><strong>sacros</strong></span> <span class='ocrx_word' id='word_1_602' title='bbox 1514 1593 1643 1629; x_wconf 87' lang='lat' dir='ltr'><strong>canones)</strong></span> <span class='ocrx_word' id='word_1_603' title='bbox 1671 1599 1699 1620; x_wconf 87' lang='lat' dir='ltr'><strong>et</strong></span> 
     </span>
    </p>
   </div>
   <div class='ocr_carea' id='block_1_92' title="bbox 925 1638 1698 1677">
    <p class='ocr_par' dir='ltr' id='par_1_92' title="bbox 925 1638 1698 1677">
     <span class='ocr_line' id='line_1_92' title="bbox 925 1638 1698 1677; baseline -0.004 -9"><span class='ocrx_word' id='word_1_604' title='bbox 925 1646 1084 1670; x_wconf 84' lang='lat' dir='ltr'><strong>transcenso</strong></span> <span class='ocrx_word' id='word_1_605' title='bbox 1094 1641 1212 1677; x_wconf 88' lang='lat' dir='ltr'><strong>denique</strong></span> <span class='ocrx_word' id='word_1_606' title='bbox 1223 1641 1375 1673; x_wconf 89' lang='lat' dir='ltr'><strong>horizonte,</strong></span> <span class='ocrx_word' id='word_1_607' title='bbox 1386 1639 1528 1675; x_wconf 82' lang='lat' dir='ltr'><strong>privilegia</strong></span> <span class='ocrx_word' id='word_1_608' title='bbox 1539 1638 1698 1667; x_wconf 85' lang='lat' dir='ltr'><strong>chartularii</strong></span> 
     </span>
    </p>
   </div>
   <div class='ocr_carea' id='block_1_93' title="bbox 924 1684 1700 1718">
    <p class='ocr_par' dir='ltr' id='par_1_93' title="bbox 924 1684 1700 1718">
     <span class='ocr_line' id='line_1_93' title="bbox 924 1684 1700 1718; baseline -0.001 -6"><span class='ocrx_word' id='word_1_609' title='bbox 924 1688 1070 1713; x_wconf 87' lang='lat' dir='ltr'><strong>concutere</strong></span> <span class='ocrx_word' id='word_1_610' title='bbox 1091 1686 1159 1718; x_wconf 77' lang='lat' dir='ltr'><strong>vult,</strong></span> <span class='ocrx_word' id='word_1_611' title='bbox 1184 1691 1210 1713; x_wconf 91' lang='lat' dir='ltr'><strong>et</strong></span> <span class='ocrx_word' id='word_1_612' title='bbox 1232 1693 1293 1714; x_wconf 89' lang='lat' dir='ltr'><strong>cum</strong></span> <span class='ocrx_word' id='word_1_613' title='bbox 1319 1685 1507 1714; x_wconf 82' lang='lat' dir='ltr'><strong>functionibus</strong></span> <span class='ocrx_word' id='word_1_614' title='bbox 1537 1684 1700 1712; x_wconf 86' lang='lat' dir='ltr'><strong>deiensoriis</strong></span> 
     </span>
    </p>
   </div>
   <div class='ocr_carea' id='block_1_94' title="bbox 924 1729 1699 1766">
    <p class='ocr_par' dir='ltr' id='par_1_94' title="bbox 924 1729 1699 1766">
     <span class='ocr_line' id='line_1_94' title="bbox 924 1729 1699 1766; baseline -0.001 -9"><span class='ocrx_word' id='word_1_615' title='bbox 924 1731 1099 1766; x_wconf 86' lang='lat' dir='ltr'><strong>conjungere,</strong></span> <span class='ocrx_word' id='word_1_616' title='bbox 1113 1738 1188 1759; x_wconf 89' lang='lat' dir='ltr'><strong>more</strong></span> <span class='ocrx_word' id='word_1_617' title='bbox 1198 1730 1391 1766; x_wconf 82' lang='lat' dir='ltr'><strong>quorumdam,</strong></span> <span class='ocrx_word' id='word_1_618' title='bbox 1403 1731 1449 1766; x_wconf 88' lang='lat' dir='ltr'><strong>qui</strong></span> <span class='ocrx_word' id='word_1_619' title='bbox 1463 1729 1578 1758; x_wconf 66' lang='lat' dir='ltr'><strong>diversa:</strong></span> <span class='ocrx_word' id='word_1_620' title='bbox 1594 1732 1699 1758; x_wconf 68' lang='lat' dir='ltr'><strong>natura:</strong></span> 
     </span>
    </p>
   </div>
   <div class='ocr_carea' id='block_1_95' title="bbox 926 1776 1701 1810">
    <p class='ocr_par' dir='ltr' id='par_1_95' title="bbox 926 1776 1701 1810">
     <span class='ocr_line' id='line_1_95' title="bbox 926 1776 1701 1810; baseline 0.001 -8"><span class='ocrx_word' id='word_1_621' title='bbox 926 1783 1042 1810; x_wconf 83' lang='lat' dir='ltr'><strong>corpora</strong></span> <span class='ocrx_word' id='word_1_622' title='bbox 1069 1776 1180 1804; x_wconf 83' lang='lat' dir='ltr'><strong>sibimet</strong></span> <span class='ocrx_word' id='word_1_623' title='bbox 1220 1776 1364 1804; x_wconf 88' lang='lat' dir='ltr'><strong>inserendo</strong></span> <span class='ocrx_word' id='word_1_624' title='bbox 1398 1776 1544 1810; x_wconf 87' lang='lat' dir='ltr'><strong>copulant:</strong></span> <span class='ocrx_word' id='word_1_625' title='bbox 1582 1781 1701 1810; x_wconf 81' lang='lat' dir='ltr'><strong>cumque</strong></span> 
     </span>
    </p>
   </div>
   <div class='ocr_carea' id='block_1_96' title="bbox 929 1820 1700 1856">
    <p class='ocr_par' dir='ltr' id='par_1_96' title="bbox 929 1820 1700 1856">
     <span class='ocr_line' id='line_1_96' title="bbox 929 1820 1700 1856; baseline -0.001 -9"><span class='ocrx_word' id='word_1_626' title='bbox 929 1820 1048 1847; x_wconf 88' lang='lat' dir='ltr'><strong>instituti</strong></span> <span class='ocrx_word' id='word_1_627' title='bbox 1066 1821 1108 1848; x_wconf 86' lang='lat' dir='ltr'><strong>sui</strong></span> <span class='ocrx_word' id='word_1_628' title='bbox 1122 1821 1251 1856; x_wconf 88' lang='lat' dir='ltr'><strong>probandi</strong></span> <span class='ocrx_word' id='word_1_629' title='bbox 1264 1829 1356 1853; x_wconf 83' lang='lat' dir='ltr'><strong>causa,</strong></span> <span class='ocrx_word' id='word_1_630' title='bbox 1372 1821 1474 1849; x_wconf 63' lang='lat' dir='ltr'><strong>sancta:</strong></span> <span class='ocrx_word' id='word_1_631' title='bbox 1493 1825 1519 1848; x_wconf 91' lang='lat' dir='ltr'><strong>et</strong></span> <span class='ocrx_word' id='word_1_632' title='bbox 1534 1821 1700 1847; x_wconf 68' lang='lat' dir='ltr'><strong>universalis</strong></span> 
     </span>
    </p>
   </div>
   <div class='ocr_carea' id='block_1_97' title="bbox 926 1866 1702 1901">
    <p class='ocr_par' dir='ltr' id='par_1_97' title="bbox 926 1866 1702 1901">
     <span class='ocr_line' id='line_1_97' title="bbox 926 1866 1702 1901; baseline 0.001 -9"><span class='ocrx_word' id='word_1_633' title='bbox 926 1870 1030 1900; x_wconf 63' lang='lat' dir='ltr'><strong>quarta</strong></span> <span class='ocrx_word' id='word_1_634' title='bbox 1058 1866 1153 1901; x_wconf 84' lang='lat' dir='ltr'><strong>synodi</strong></span> <span class='ocrx_word' id='word_1_635' title='bbox 1185 1867 1340 1894; x_wconf 87' lang='lat' dir='ltr'><strong>canonihus</strong></span> <span class='ocrx_word' id='word_1_636' title='bbox 1367 1870 1474 1898; x_wconf 85' lang='lat' dir='ltr'><strong>utatur.</strong></span> <span class='ocrx_word' id='word_1_637' title='bbox 1503 1873 1534 1894; x_wconf 85' lang='lat' dir='ltr'><strong>ac</strong></span> <span class='ocrx_word' id='word_1_638' title='bbox 1573 1871 1702 1901; x_wconf 59' lang='lat' dir='ltr'><strong>praterca</strong></span> 
     </span>
    </p>
   </div>
   <div class='ocr_carea' id='block_1_98' title="bbox 925 1911 1703 1947">
    <p class='ocr_par' dir='ltr' id='par_1_98' title="bbox 925 1911 1703 1947">
     <span class='ocr_line' id='line_1_98' title="bbox 925 1911 1703 1947; baseline 0.001 -10"><span class='ocrx_word' id='word_1_639' title='bbox 925 1911 1016 1938; x_wconf 79' lang='lat' dir='ltr'><strong>verbis</strong></span> <span class='ocrx_word' id='word_1_640' title='bbox 1031 1911 1193 1945; x_wconf 77' lang='lat' dir='ltr'><strong>quibUsdam</strong></span> <span class='ocrx_word' id='word_1_641' title='bbox 1208 1912 1329 1944; x_wconf 80' lang='lat' dir='ltr'><strong>exlibro.</strong></span> <span class='ocrx_word' id='word_1_642' title='bbox 1348 1913 1394 1947; x_wconf 91' lang='lat' dir='ltr'><strong>qui</strong></span> <span class='ocrx_word' id='word_1_643' title='bbox 1411 1915 1535 1940; x_wconf 82' lang='lat' dir='ltr'><strong>servatUr</strong></span> <span class='ocrx_word' id='word_1_644' title='bbox 1550 1912 1576 1939; x_wconf 91' lang='lat' dir='ltr'><strong>in</strong></span> <span class='ocrx_word' id='word_1_645' title='bbox 1598 1916 1703 1939; x_wconf 87' lang='lat' dir='ltr'><strong>secreto</strong></span> 
     </span>
    </p>
   </div>
   <div class='ocr_carea' id='block_1_99' title="bbox 927 1955 1702 1993">
    <p class='ocr_par' dir='ltr' id='par_1_99' title="bbox 927 1955 1702 1993">
     <span class='ocr_line' id='line_1_99' title="bbox 927 1955 1702 1993; baseline -0.001 -9"><span class='ocrx_word' id='word_1_646' title='bbox 927 1956 998 1984; x_wconf 83' lang='lat' dir='ltr'><strong>sacri</strong></span> <span class='ocrx_word' id='word_1_647' title='bbox 1017 1955 1166 1984; x_wconf 83' lang='lat' dir='ltr'><strong>defensorii</strong></span> <span class='ocrx_word' id='word_1_648' title='bbox 1184 1964 1191 1984; x_wconf 88' lang='lat'><strong>:</strong></span> <span class='ocrx_word' id='word_1_649' title='bbox 1221 1956 1357 1992; x_wconf 80' lang='lat' dir='ltr'><strong>proferam</strong></span> <span class='ocrx_word' id='word_1_650' title='bbox 1372 1960 1399 1985; x_wconf 85' lang='lat' dir='ltr'><strong>et</strong></span> <span class='ocrx_word' id='word_1_651' title='bbox 1423 1957 1481 1993; x_wconf 87' lang='lat' dir='ltr'><strong>ipse</strong></span> <span class='ocrx_word' id='word_1_652' title='bbox 1500 1957 1551 1985; x_wconf 90' lang='lat' dir='ltr'><strong>hoc</strong></span> <span class='ocrx_word' id='word_1_653' title='bbox 1576 1958 1702 1992; x_wconf 83' lang='lat' dir='ltr'><strong>prarsenti</strong></span> 
     </span>
    </p>
   </div>
   <div class='ocr_carea' id='block_1_100' title="bbox 927 2002 1695 2038">
    <p class='ocr_par' dir='ltr' id='par_1_100' title="bbox 927 2002 1695 2038">
     <span class='ocr_line' id='line_1_100' title="bbox 927 2002 1695 2038; baseline -0.003 -8"><span class='ocrx_word' id='word_1_654' title='bbox 927 2002 1040 2036; x_wconf 87' lang='lat' dir='ltr'><strong>scripto,</strong></span> <span class='ocrx_word' id='word_1_655' title='bbox 1052 2003 1279 2038; x_wconf 84' lang='lat' dir='ltr'><strong>quemadmodum</strong></span> <span class='ocrx_word' id='word_1_656' title='bbox 1298 2011 1312 2030; x_wconf 90' lang='lat' dir='ltr'><strong>a</strong></span> <span class='ocrx_word' id='word_1_657' title='bbox 1327 2011 1370 2031; x_wconf 92' lang='lat' dir='ltr'><strong>me</strong></span> <span class='ocrx_word' id='word_1_658' title='bbox 1386 2003 1499 2038; x_wconf 88' lang='lat' dir='ltr'><strong>petitum</strong></span> <span class='ocrx_word' id='word_1_659' title='bbox 1520 2007 1572 2034; x_wconf 83' lang='lat' dir='ltr'><strong>est,</strong></span> <span class='ocrx_word' id='word_1_660' title='bbox 1586 2010 1645 2037; x_wconf 67' lang='lat' dir='ltr'><strong>quae</strong></span> <span class='ocrx_word' id='word_1_661' title='bbox 1664 2009 1695 2029; x_wconf 85' lang='lat' dir='ltr'><strong>os</strong></span> 
     </span>
    </p>
   </div>
   <div class='ocr_carea' id='block_1_101' title="bbox 927 2047 1706 2084">
    <p class='ocr_par' dir='ltr' id='par_1_101' title="bbox 927 2047 1706 2084">
     <span class='ocr_line' id='line_1_101' title="bbox 927 2047 1706 2084; baseline -0.001 -10"><span class='ocrx_word' id='word_1_662' title='bbox 927 2047 990 2075; x_wconf 88' lang='lat' dir='ltr'><strong>huic</strong></span> <span class='ocrx_word' id='word_1_663' title='bbox 1004 2055 1058 2075; x_wconf 86' lang='lat' dir='ltr'><strong>non</strong></span> <span class='ocrx_word' id='word_1_664' title='bbox 1070 2049 1118 2076; x_wconf 88' lang='lat' dir='ltr'><strong>abs</strong></span> <span class='ocrx_word' id='word_1_665' title='bbox 1126 2056 1166 2080; x_wconf 87' lang='lat' dir='ltr'><strong>re.</strong></span> <span class='ocrx_word' id='word_1_666' title='bbox 1185 2056 1244 2077; x_wconf 90' lang='lat' dir='ltr'><strong>meo</strong></span> <span class='ocrx_word' id='word_1_667' title='bbox 1254 2049 1363 2084; x_wconf 89' lang='lat' dir='ltr'><strong>quidem</strong></span> <span class='ocrx_word' id='word_1_668' title='bbox 1376 2048 1489 2084; x_wconf 83' lang='lat' dir='ltr'><strong>judicio,</strong></span> <span class='ocrx_word' id='word_1_669' title='bbox 1516 2052 1578 2076; x_wconf 90' lang='lat' dir='ltr'><strong>sunt</strong></span> <span class='ocrx_word' id='word_1_670' title='bbox 1595 2048 1706 2075; x_wconf 82' lang='lat' dir='ltr'><strong>obtura-</strong></span> 
     </span>
    </p>
   </div>
   <div class='ocr_carea' id='block_1_102' title="bbox 928 2092 1705 2129">
    <p class='ocr_par' dir='ltr' id='par_1_102' title="bbox 928 2092 1705 2129">
     <span class='ocr_line' id='line_1_102' title="bbox 928 2092 1705 2129; baseline -0.001 -10"><span class='ocrx_word' id='word_1_671' title='bbox 928 2096 1004 2127; x_wconf 84' lang='lat' dir='ltr'><strong>tura;</strong></span> <span class='ocrx_word' id='word_1_672' title='bbox 1034 2097 1061 2120; x_wconf 89' lang='lat' dir='ltr'><strong>et</strong></span> <span class='ocrx_word' id='word_1_673' title='bbox 1092 2101 1155 2121; x_wconf 87' lang='lat' dir='ltr'><strong>vere</strong></span> <span class='ocrx_word' id='word_1_674' title='bbox 1186 2094 1273 2122; x_wconf 88' lang='lat' dir='ltr'><strong>cuivis</strong></span> <span class='ocrx_word' id='word_1_675' title='bbox 1304 2099 1354 2129; x_wconf 87' lang='lat' dir='ltr'><strong>pro</strong></span> <span class='ocrx_word' id='word_1_676' title='bbox 1384 2097 1507 2128; x_wconf 87' lang='lat' dir='ltr'><strong>tempore</strong></span> <span class='ocrx_word' id='word_1_677' title='bbox 1540 2092 1705 2120; x_wconf 84' lang='lat' dir='ltr'><strong>chartulario</strong></span> 
     </span>
    </p>
   </div>
   <div class='ocr_carea' id='block_1_103' title="bbox 891 2137 1704 2176">
    <p class='ocr_par' dir='ltr' id='par_1_103' title="bbox 891 2137 1704 2176">
     <span class='ocr_line' id='line_1_103' title="bbox 891 2137 1704 2176; baseline -0.001 -11"><span class='ocrx_word' id='word_1_678' title='bbox 891 2147 914 2176; x_wconf 78' lang='grc' dir='ltr'><strong>ι)</strong></span> <span class='ocrx_word' id='word_1_679' title='bbox 929 2139 1133 2166; x_wconf 85' lang='lat' dir='ltr'><strong>venerationem</strong></span> <span class='ocrx_word' id='word_1_680' title='bbox 1145 2139 1335 2167; x_wconf 86' lang='lat' dir='ltr'><strong>conciliatura.</strong></span> <span class='ocrx_word' id='word_1_681' title='bbox 1363 2137 1447 2174; x_wconf 85' lang='lat' dir='ltr'><strong>Igitur</strong></span> <span class='ocrx_word' id='word_1_682' title='bbox 1464 2145 1497 2166; x_wconf 80' lang='lat' dir='ltr'><strong>ex</strong></span> <span class='ocrx_word' id='word_1_683' title='bbox 1520 2146 1624 2166; x_wconf 90' lang='lat' dir='ltr'><strong>canone</strong></span> <span class='ocrx_word' id='word_1_684' title='bbox 1638 2145 1704 2167; x_wconf 76' lang='lat' dir='ltr'><strong>um</strong></span> 
     </span>
    </p>
   </div>
   <div class='ocr_carea' id='block_1_104' title="bbox 931 2181 1706 2219">
    <p class='ocr_par' dir='ltr' id='par_1_104' title="bbox 931 2181 1706 2219">
     <span class='ocr_line' id='line_1_104' title="bbox 931 2181 1706 2219; baseline 0.001 -9"><span class='ocrx_word' id='word_1_685' title='bbox 931 2188 1085 2211; x_wconf 84' lang='lat' dir='ltr'><strong>sanctorum</strong></span> <span class='ocrx_word' id='word_1_686' title='bbox 1100 2181 1223 2216; x_wconf 85' lang='lat' dir='ltr'><strong>Patrum,</strong></span> <span class='ocrx_word' id='word_1_687' title='bbox 1244 2185 1289 2219; x_wconf 90' lang='lat' dir='ltr'><strong>qui</strong></span> <span class='ocrx_word' id='word_1_688' title='bbox 1313 2184 1486 2212; x_wconf 86' lang='lat' dir='ltr'><strong>Chalcedone</strong></span> <span class='ocrx_word' id='word_1_689' title='bbox 1510 2188 1706 2212; x_wconf 86' lang='lat' dir='ltr'><strong>convenerunt.</strong></span> 
     </span>
    </p>
   </div>
   <div class='ocr_carea' id='block_1_105' title="bbox 929 2227 1706 2264">
    <p class='ocr_par' dir='ltr' id='par_1_105' title="bbox 929 2227 1706 2264">
     <span class='ocr_line' id='line_1_105' title="bbox 929 2227 1706 2264; baseline 0.003 -10"><span class='ocrx_word' id='word_1_690' title='bbox 929 2227 1060 2255; x_wconf 81' lang='lat' dir='ltr'><strong>ﬁculnum</strong></span> <span class='ocrx_word' id='word_1_691' title='bbox 1077 2228 1232 2263; x_wconf 56' lang='lat' dir='ltr'><strong>praesidium</strong></span> <span class='ocrx_word' id='word_1_692' title='bbox 1251 2229 1302 2256; x_wconf 91' lang='lat' dir='ltr'><strong>sibi</strong></span> <span class='ocrx_word' id='word_1_693' title='bbox 1313 2229 1440 2257; x_wconf 80' lang='lat' dir='ltr'><strong>defensor</strong></span> <span class='ocrx_word' id='word_1_694' title='bbox 1467 2230 1601 2264; x_wconf 73' lang='lat' dir='ltr'><strong>quaesivit,</strong></span> <span class='ocrx_word' id='word_1_695' title='bbox 1628 2228 1706 2263; x_wconf 86' lang='lat' dir='ltr'><strong>quasi</strong></span> 
     </span>
    </p>
   </div>
   <div class='ocr_carea' id='block_1_106' title="bbox 928 2271 1707 2309">
    <p class='ocr_par' dir='ltr' id='par_1_106' title="bbox 928 2271 1707 2309">
     <span class='ocr_line' id='line_1_106' title="bbox 928 2271 1707 2309; baseline 0 -9"><span class='ocrx_word' id='word_1_696' title='bbox 928 2273 1032 2307; x_wconf 85' lang='lat' dir='ltr'><strong>judicet</strong></span> <span class='ocrx_word' id='word_1_697' title='bbox 1047 2274 1104 2308; x_wconf 86' lang='lat' dir='ltr'><strong>ipse</strong></span> <span class='ocrx_word' id='word_1_698' title='bbox 1115 2274 1148 2301; x_wconf 90' lang='lat' dir='ltr'><strong>de</strong></span> <span class='ocrx_word' id='word_1_699' title='bbox 1159 2274 1203 2307; x_wconf 88' lang='lat' dir='ltr'><strong>iis,</strong></span> <span class='ocrx_word' id='word_1_700' title='bbox 1215 2282 1274 2309; x_wconf 71' lang='lat' dir='ltr'><strong>quae</strong></span> <span class='ocrx_word' id='word_1_701' title='bbox 1291 2278 1355 2302; x_wconf 75' lang='lat' dir='ltr'><strong>sont</strong></span> <span class='ocrx_word' id='word_1_702' title='bbox 1368 2271 1447 2302; x_wconf 75' lang='lat' dir='ltr'><strong>officii</strong></span> <span class='ocrx_word' id='word_1_703' title='bbox 1471 2274 1666 2302; x_wconf 81' lang='lat' dir='ltr'><strong>monachorum</strong></span> <span class='ocrx_word' id='word_1_704' title='bbox 1680 2279 1707 2300; x_wconf 79' lang='lat' dir='ltr'><strong>et</strong></span> 
     </span>
    </p>
   </div>
   <div class='ocr_carea' id='block_1_107' title="bbox 929 2317 1706 2354">
    <p class='ocr_par' dir='ltr' id='par_1_107' title="bbox 929 2317 1706 2354">
     <span class='ocr_line' id='line_1_107' title="bbox 929 2317 1706 2354; baseline 0 -9"><span class='ocrx_word' id='word_1_705' title='bbox 929 2318 1102 2350; x_wconf 90' lang='lat' dir='ltr'><strong>clericorum,</strong></span> <span class='ocrx_word' id='word_1_706' title='bbox 1121 2319 1256 2354; x_wconf 81' lang='lat' dir='ltr'><strong>quasique</strong></span> <span class='ocrx_word' id='word_1_707' title='bbox 1271 2319 1305 2346; x_wconf 88' lang='lat' dir='ltr'><strong>de</strong></span> <span class='ocrx_word' id='word_1_708' title='bbox 1320 2319 1418 2346; x_wconf 90' lang='lat' dir='ltr'><strong>horum</strong></span> <span class='ocrx_word' id='word_1_709' title='bbox 1439 2317 1706 2354; x_wconf 81' lang='lat' dir='ltr'><strong>peregrinationibus</strong></span> 
     </span>
    </p>
   </div>
   <div class='ocr_carea' id='block_1_108' title="bbox 930 2362 1706 2399">
    <p class='ocr_par' dir='ltr' id='par_1_108' title="bbox 930 2362 1706 2399">
     <span class='ocr_line' id='line_1_108' title="bbox 930 2362 1706 2399; baseline 0 -9"><span class='ocrx_word' id='word_1_710' title='bbox 930 2363 1061 2398; x_wconf 90' lang='lat' dir='ltr'><strong>inquirat,</strong></span> <span class='ocrx_word' id='word_1_711' title='bbox 1080 2370 1183 2399; x_wconf 81' lang='lat' dir='ltr'><strong>easque</strong></span> <span class='ocrx_word' id='word_1_712' title='bbox 1203 2365 1284 2392; x_wconf 90' lang='lat' dir='ltr'><strong>veluti</strong></span> <span class='ocrx_word' id='word_1_713' title='bbox 1301 2365 1498 2399; x_wconf 89' lang='lat' dir='ltr'><strong>mancipiorum</strong></span> <span class='ocrx_word' id='word_1_714' title='bbox 1517 2362 1627 2399; x_wconf 83' lang='lat' dir='ltr'><strong>auiugia</strong></span> <span class='ocrx_word' id='word_1_715' title='bbox 1641 2371 1706 2392; x_wconf 92' lang='lat' dir='ltr'><strong>con-</strong></span> 
     </span>
    </p>
   </div>
   <div class='ocr_carea' id='block_1_109' title="bbox 929 2408 1707 2444">
    <p class='ocr_par' dir='ltr' id='par_1_109' title="bbox 929 2408 1707 2444">
     <span class='ocr_line' id='line_1_109' title="bbox 929 2408 1707 2444; baseline 0 -9"><span class='ocrx_word' id='word_1_716' title='bbox 929 2408 1048 2435; x_wconf 89' lang='lat' dir='ltr'><strong>demnet.</strong></span> <span class='ocrx_word' id='word_1_717' title='bbox 1081 2408 1213 2436; x_wconf 81' lang='lat' dir='ltr'><strong>Nimirum</strong></span> <span class='ocrx_word' id='word_1_718' title='bbox 1254 2410 1333 2436; x_wconf 92' lang='lat' dir='ltr'><strong>annis</strong></span> <span class='ocrx_word' id='word_1_719' title='bbox 1366 2409 1446 2444; x_wconf 84' lang='lat' dir='ltr'><strong>paulo</strong></span> <span class='ocrx_word' id='word_1_720' title='bbox 1484 2410 1544 2444; x_wconf 86' lang='lat' dir='ltr'><strong>plus</strong></span> <span class='ocrx_word' id='word_1_721' title='bbox 1584 2410 1707 2436; x_wconf 89' lang='lat' dir='ltr'><strong>minusve</strong></span> 
     </span>
    </p>
   </div>
   <div class='ocr_carea' id='block_1_110' title="bbox 929 2454 1705 2489">
    <p class='ocr_par' dir='ltr' id='par_1_110' title="bbox 929 2454 1705 2489">
     <span class='ocr_line' id='line_1_110' title="bbox 929 2454 1705 2489; baseline 0 -10"><span class='ocrx_word' id='word_1_722' title='bbox 929 2458 1038 2480; x_wconf 91' lang='lat' dir='ltr'><strong>centum</strong></span> <span class='ocrx_word' id='word_1_723' title='bbox 1075 2457 1138 2481; x_wconf 88' lang='lat' dir='ltr'><strong>ante</strong></span> <span class='ocrx_word' id='word_1_724' title='bbox 1174 2454 1359 2482; x_wconf 84' lang='lat' dir='ltr'><strong>clarissimum</strong></span> <span class='ocrx_word' id='word_1_725' title='bbox 1396 2455 1471 2482; x_wconf 93' lang='lat' dir='ltr'><strong>illum</strong></span> <span class='ocrx_word' id='word_1_726' title='bbox 1513 2454 1705 2489; x_wconf 81' lang='lat' dir='ltr'><strong>imperatorem</strong></span> 
     </span>
    </p>
   </div>
   <div class='ocr_carea' id='block_1_111' title="bbox 929 2495 1708 2534">
    <p class='ocr_par' dir='ltr' id='par_1_111' title="bbox 929 2495 1708 2534">
     <span class='ocr_line' id='line_1_111' title="bbox 929 2495 1708 2534; baseline -0.001 -10"><span class='ocrx_word' id='word_1_727' title='bbox 929 2495 1129 2531; x_wconf 74' lang='lat' dir='ltr'><strong>Iustinianum,</strong></span> <span class='ocrx_word' id='word_1_728' title='bbox 1166 2499 1213 2534; x_wconf 87' lang='lat' dir='ltr'><strong>qui</strong></span> <span class='ocrx_word' id='word_1_729' title='bbox 1251 2499 1323 2526; x_wconf 90' lang='lat' dir='ltr'><strong>hanc</strong></span> <span class='ocrx_word' id='word_1_730' title='bbox 1357 2499 1499 2527; x_wconf 87' lang='lat' dir='ltr'><strong>ecclesiam</strong></span> <span class='ocrx_word' id='word_1_731' title='bbox 1536 2496 1708 2525; x_wconf 87' lang='lat' dir='ltr'><strong>laudabiliter</strong></span> 
     </span>
    </p>
   </div>
   <div class='ocr_carea' id='block_1_112' title="bbox 931 2542 1705 2580">
    <p class='ocr_par' dir='ltr' id='par_1_112' title="bbox 931 2542 1705 2580">
     <span class='ocr_line' id='line_1_112' title="bbox 931 2542 1705 2580; baseline -0.005 -9"><span class='ocrx_word' id='word_1_732' title='bbox 931 2544 1010 2580; x_wconf 88' lang='lat' dir='ltr'><strong>quasi</strong></span> <span class='ocrx_word' id='word_1_733' title='bbox 1026 2543 1143 2578; x_wconf 88' lang='lat' dir='ltr'><strong>quodam</strong></span> <span class='ocrx_word' id='word_1_734' title='bbox 1162 2544 1266 2572; x_wconf 82' lang='lat' dir='ltr'><strong>ccelesti</strong></span> <span class='ocrx_word' id='word_1_735' title='bbox 1283 2552 1366 2579; x_wconf 89' lang='lat' dir='ltr'><strong>opere</strong></span> <span class='ocrx_word' id='word_1_736' title='bbox 1387 2544 1550 2574; x_wconf 80' lang='lat' dir='ltr'><strong>construxit,</strong></span> <span class='ocrx_word' id='word_1_737' title='bbox 1569 2542 1592 2570; x_wconf 85' lang='lat' dir='ltr'><strong>is</strong></span> <span class='ocrx_word' id='word_1_738' title='bbox 1618 2550 1705 2568; x_wconf 83' lang='lat' dir='ltr'><strong>canon</strong></span> 
     </span>
    </p>
   </div>
   <div class='ocr_carea' id='block_1_113' title="bbox 931 2587 1705 2624">
    <p class='ocr_par' dir='ltr' id='par_1_113' title="bbox 931 2587 1705 2624">
     <span class='ocr_line' id='line_1_113' title="bbox 931 2587 1705 2624; baseline -0.005 -9"><span class='ocrx_word' id='word_1_739' title='bbox 931 2588 1087 2624; x_wconf 85' lang='lat' dir='ltr'><strong>publicatus</strong></span> <span class='ocrx_word' id='word_1_740' title='bbox 1103 2588 1172 2615; x_wconf 83' lang='lat' dir='ltr'><strong>fuit:</strong></span> <span class='ocrx_word' id='word_1_741' title='bbox 1198 2595 1255 2623; x_wconf 88' lang='lat' dir='ltr'><strong>quo</strong></span> <span class='ocrx_word' id='word_1_742' title='bbox 1274 2592 1396 2623; x_wconf 85' lang='lat' dir='ltr'><strong>tempore</strong></span> <span class='ocrx_word' id='word_1_743' title='bbox 1423 2587 1515 2613; x_wconf 89' lang='lat' dir='ltr'><strong>nullus</strong></span> <span class='ocrx_word' id='word_1_744' title='bbox 1531 2590 1589 2612; x_wconf 90' lang='lat' dir='ltr'><strong>erat</strong></span> <span class='ocrx_word' id='word_1_745' title='bbox 1616 2591 1705 2611; x_wconf 75' lang='lat' dir='ltr'><strong>seruo</strong></span> 
     </span>
    </p>
   </div>
   <div class='ocr_carea' id='block_1_114' title="bbox 931 2628 1704 2666">
    <p class='ocr_par' dir='ltr' id='par_1_114' title="bbox 931 2628 1704 2666">
     <span class='ocr_line' id='line_1_114' title="bbox 931 2628 1704 2666; baseline -0.008 -6"><span class='ocrx_word' id='word_1_746' title='bbox 931 2633 964 2660; x_wconf 94' lang='lat' dir='ltr'><strong>de</strong></span> <span class='ocrx_word' id='word_1_747' title='bbox 987 2632 1177 2661; x_wconf 80' lang='lat' dir='ltr'><strong>defensoribus</strong></span> <span class='ocrx_word' id='word_1_748' title='bbox 1202 2641 1236 2661; x_wconf 78' lang='lat' dir='ltr'><strong>ex</strong></span> <span class='ocrx_word' id='word_1_749' title='bbox 1268 2632 1363 2659; x_wconf 87' lang='lat' dir='ltr'><strong>ordine</strong></span> <span class='ocrx_word' id='word_1_750' title='bbox 1396 2638 1485 2662; x_wconf 79' lang='lat' dir='ltr'><strong>sacro,</strong></span> <span class='ocrx_word' id='word_1_751' title='bbox 1512 2629 1557 2656; x_wconf 87' lang='lat' dir='ltr'><strong>sed</strong></span> <span class='ocrx_word' id='word_1_752' title='bbox 1581 2628 1704 2666; x_wconf 70' lang='lat' dir='ltr'><strong>ccclesiis</strong></span> 
     </span>
    </p>
   </div>
   <div class='ocr_carea' id='block_1_115' title="bbox 928 2673 1710 2712">
    <p class='ocr_par' dir='ltr' id='par_1_115' title="bbox 928 2673 1710 2712">
     <span class='ocr_line' id='line_1_115' title="bbox 928 2673 1710 2712; baseline -0.008 -8"><span class='ocrx_word' id='word_1_753' title='bbox 928 2685 1035 2712; x_wconf 92' lang='lat' dir='ltr'><strong>semper</strong></span> <span class='ocrx_word' id='word_1_754' title='bbox 1050 2677 1111 2704; x_wconf 86' lang='lat' dir='ltr'><strong>laici</strong></span> <span class='ocrx_word' id='word_1_755' title='bbox 1142 2677 1309 2706; x_wconf 79' lang='lat' dir='ltr'><strong>defensionis</strong></span> <span class='ocrx_word' id='word_1_756' title='bbox 1337 2682 1418 2703; x_wconf 86' lang='lat' dir='ltr'><strong>causa</strong></span> <span class='ocrx_word' id='word_1_757' title='bbox 1443 2675 1592 2701; x_wconf 84' lang='lat' dir='ltr'><strong>dabantur.</strong></span> <span class='ocrx_word' id='word_1_758' title='bbox 1622 2673 1710 2708; x_wconf 82' lang='lat' dir='ltr'><strong>Alqno</strong></span> 
     </span>
    </p>
   </div>
   <div class='ocr_carea' id='block_1_116' title="bbox 740 2743 1074 2773">
    <p class='ocr_par' dir='ltr' id='par_1_116' title="bbox 740 2743 1074 2773">
     <span class='ocr_line' id='line_1_116' title="bbox 740 2743 1074 2773; baseline 0.012 -4"><span class='ocrx_word' id='word_1_759' title='bbox 740 2743 855 2772; x_wconf 72' lang='lat' dir='ltr'><strong>VARIE</strong></span> <span class='ocrx_word' id='word_1_760' title='bbox 875 2743 1074 2773; x_wconf 82' lang='lat' dir='ltr'><strong>LECTIONES.</strong></span> 
     </span>
    </p>
   </div>
   <div class='ocr_carea' id='block_1_117' title="bbox 141 2794 318 2828">
    <p class='ocr_par' dir='ltr' id='par_1_117' title="bbox 141 2794 318 2828">
     <span class='ocr_line' id='line_1_117' title="bbox 141 2794 318 2828; baseline 0 -7"><span class='ocrx_word' id='word_1_761' title='bbox 141 2795 164 2811; x_wconf 65' lang='grc' dir='ltr'><strong>τ’</strong></span> <span class='ocrx_word' id='word_1_762' title='bbox 181 2794 318 2828; x_wconf 59' lang='grc' dir='ltr'>κατεχπιια.</span> 
     </span>
    </p>
   </div>
   <div class='ocr_carea' id='block_1_118' title="bbox 255 2842 683 2875">
    <p class='ocr_par' dir='ltr' id='par_1_118' title="bbox 255 2842 683 2875">
     <span class='ocr_line' id='line_1_118' title="bbox 255 2842 683 2875; baseline 0 -1"><span class='ocrx_word' id='word_1_763' title='bbox 255 2845 387 2874; x_wconf 58' lang='lat' dir='ltr'><strong>Parnm.</strong></span> <span class='ocrx_word' id='word_1_764' title='bbox 405 2843 464 2873; x_wconf 79' lang='lat' dir='ltr'><strong>Gn.</strong></span> <span class='ocrx_word' id='word_1_765' title='bbox 485 2842 683 2875; x_wconf 75' lang='lat' dir='ltr'><strong>CXXXVIII.</strong></span> 
     </span>
    </p>
   </div>
   <div class='ocr_carea' id='block_1_119' title="bbox 1520 2840 1559 2868">
    <p class='ocr_par' dir='ltr' id='par_1_119' title="bbox 1520 2840 1559 2868">
     <span class='ocr_line' id='line_1_119' title="bbox 1520 2840 1559 2868; baseline 0 0"><span class='ocrx_word' id='word_1_766' title='bbox 1520 2840 1559 2868; x_wconf 77' lang='lat'><strong>33</strong></span> 
     </span>
    </p>
   </div>
  </div>
