1894 3072
72 111 138 143 107

787 115 908 146 MEDIT
914 117 994 148 ATA.

1621 116 1685 148 1038

72 176 124 203 κοῦ
148 174 252 209 βιςλίου
267 175 359 201 λαδεῖν
386 175 430 202 τὸν
446 176 629 209 πρωτέκδικον
663 176 765 209 ἄδειαν,
792 178 857 212 περλ

913 176 1027 204 urdicata
1053 175 1132 204 verba
1157 175 1218 202 libri
1243 175 1276 202 de
1300 173 1386 201 otllcio
1413 173 1492 208 primi
1518 173 1680 208 defensoris,

71 223 167 255 πάσης
181 221 334 252 ὑποθέσεως
346 221 465 252 δικάζειν
476 221 615 252 διακόνους
631 223 678 249 καὶ
695 223 778 257 ἱερεῖς
789 222 857 258 μετὰ

72 267 129 293 τῶν
145 266 353 293 ἀντιθετοὺντων
368 267 479 301 αὐτοῖς),
495 268 553 298 πῶς
565 268 614 293 οὐκ
630 267 687 294 ἐστι
700 268 749 302 τῆς
765 277 857 302 πρωτ-

71 313 218 346 εκδικικῆς
231 311 325 345 σοφίας
341 311 468 344 ἀνάξιον;
485 312 570 338 Βαϐαὶ
583 313 645 347 γὰρ,
663 313 734 338 πόσα
762 312 856 338 τούτου

71 357 199 387 δοθέντος
218 355 375 382 ἀθετοῦνται
394 356 517 382 θειότατα
540 357 659 391 νόμιμαῐ
686 357 758 382 πόσα
781 356 857 390 βασι-

70 402 142 428 λέων
172 401 319 436 ὀρθοδόξων
355 400 585 435 θεσπιωδήματαῐ
626 402 695 427 πόσα
728 401 858 435 Πατέρων

72 448 156 473 θείων
188 447 312 481 δόγματα
335 446 381 472 καὶ
399 446 568 481 διδάγματα,
595 447 657 478 τοὺς
680 448 858 482 ἑναγομένους

72 491 211 522 παντοίως
230 492 390 524 συνάγοντα,
405 490 474 526 [καὶ]
497 491 531 518 δι’
548 492 768 527 ὲπιφωνημάτων
781 500 859 527 τρια-

72 537 256 570 κονθημέρων
269 536 533 570 μετακαλουμὲνους,
560 538 607 563 καὶ
629 537 737 568 διπλαῖς
761 537 859 572 ἐκκλή-

73 591 132 612 τοις
147 582 198 615 τὴν
215 581 318 608 τούτων
336 581 482 616 καταδίκην
506 582 720 617 μετεωρίζονταῑ
748 583 859 614 Πάντως

74 626 172 657 πολλὰ,
195 626 242 652 καὶ
271 625 358 652 πάντα
385 625 477 660 σχεδὸν
510 625 626 660 ἀριθμὸν
650 625 857 660 ὑπερϐαίνοντα.

73 671 227 704 Συνάγεται
242 670 330 696 τοίνυν
350 670 545 705 ἀπροσπαθῶς,
559 671 607 697 κα)¹
634 671 684 706 τὴν
700 671 732 697 ὲκ
758 671 859 697 τούτων

72 716 128 741 τῶν
146 715 276 750 ῥημάτων
293 715 509 749 ἀναφαινομένην
524 715 603 749 δῆθεν
614 716 748 749 ἀσάφειαν
757 724 860 750 συναρ-

75 760 253 795 μο).ογείσθαι
276 760 364 790 καλῶς
393 761 425 794 τῇ
443 761 506 794 περὶ
530 760 692 794 ὲλευθεριῶν
710 760 790 795 λοιπῇ
812 759 859 786 τοῦ

75 805 181 840 βιϐλίου
199 807 290 839 γραφῇ
305 813 311 819 ‘
330 805 376 830 καὶ
390 805 453 836 τοὺς
470 805 546 840 παρὰ
559 805 754 840 πρεσϐυτέρων
770 806 786 840 ἢ
801 806 860 832 δια-

73 852 164 877 κένων
181 850 341 884 ἑλκομένους
354 850 427 884 παρὰ
442 851 497 881 τοῖς
513 849 734 882 θεοσεῦεστάτοις
744 850 861 889 ἐκδίκοις
877 841 898 868 Β

75 895 158 930 χάριν
167 894 428 928 ἑλευθεροδοούντων
447 894 464 929 ἢ
491 895 755 930 δηυλαγωγουμένων
769 895 860 927 τινῶν,

79 941 128 966 καὶ
147 939 219 974 μετὰ
233 941 307 974 τρεῖς
322 939 462 971 διαλαλιὰς
484 940 521 974 μὴ
549 940 730 974 πειθομένους
763 940 860 972 ἐλθεῖν,

78 985 240 1020 μονομερῶς
258 985 480 1020 κατακρίνεσθαι,
501 985 543 1011 διὰ
565 986 599 1012 τὰ
620 985 723 1020 νόμιμα
738 985 796 1011 θεῖα
820 985 862 1012 θε-

77 1031 232 1065 σπίσματα,
250 1030 284 1057 τὰ
310 1031 359 1065 τὴν
383 1029 538 1065 ἐλευθερίαν
564 1031 633 1065 ὑπὲρ
659 1030 747 1057 πάντα
771 1031 862 1065 σχεδὸν

77 1076 295 1110 περιθάλποντα,
330 1076 377 1102 καὶ
407 1075 436 1108 ἐξ
462 1075 590 1101 ἐπιπέδου
616 1075 788 1109 διοριζόμενα
813 1075 862 1109 τὴν

78 1121 182 1155 ταύτης
199 1121 311 1156 ζήτησιν
332 1120 463 1154 γίνεσθαι,
485 1121 531 1146 καὶ
559 1120 596 1155 μὴ
617 1120 779 1155 ὠφελεῖσθαι
799 1122 862 1151 τοὺς

77 1166 150 1192 οὕτω
164 1166 211 1200 τὴν
229 1166 376 1200 καταδίκην
392 1160 573 1191 καθ“’ἑαυτῶν
601 1165 804 1200 σχεδιάσαντας,
829 1167 861 1192 ὲκ

78 1211 125 1237 τοῦ
138 1208 209 1237 εἶναι
223 1210 269 1236 τοῦ
285 1210 404 1245 βήματος
421 1210 471 1245 τῆς
490 1210 645 1244 ἐλευθερίας
673 1211 735 1242 τοὺς
752 1211 861 1246 ἀντιλή-

80 1264 198 1290 πτορας.
218 1255 296 1282 Οὕτω
312 1255 340 1282 δὲ
354 1255 456 1282 τούτων
476 1255 602 1290 ἑχόντων,
624 1256 735 1287 δικαίως
745 1257 861 1291 ἐπιτρα-

81 1301 199 1335 πήσεται
212 1301 226 1327 ὁ
246 1300 441 1335 πρωτέκδικος,
467 1300 521 1326 τῶν
538 1301 586 1334 μὲν
600 1301 692 1335 ,χάριν
706 1301 860 1336 ἐλευθερίας

80 1346 130 1378 τὴν
146 1345 379 1380 ἐκκλησιαστικὴν
395 1344 550 1379 ζητούντων
567 1345 701 1380 βοήθειαν,
731 1347 800 1380 μετὰ
823 1347 862 1373 δι-

84 1391 238 1421 καιοδοσίας
255 1390 503 1424 ἀντιλαμϐάνεσθαι
517 1398 524 1406 ·
541 1390 596 1416 τῶν
610 1391 638 1416 δὲ
656 1391 756 1418 λοιπῶν
777 1400 861 1427 προσ-

82 1436 177 1469 φΰγων
202 1435 411 1466 ἀντιποιεῖσθαι,
435 1434 528 1470 ὥσπερ
539 1436 586 1461 καὶ
601 1435 667 1461 ὅπου
684 1435 838 1470 νενόμισται
852 1443 860 1450 ·

83 1481 130 1506 καὶ
147 1480 323 1506 συνίστασθαι
343 1480 443 1514 μᾶλλον
457 1479 574 1511 τούτοις,
587 1482 634 1505 καὶ
662 1480 778 1507 ἐκδικεῖν
807 1480 861 1507 ἀπὸ

82 1525 136 1551 τῶν
153 1524 358 1558 ἐπηρεαζόντων
373 1525 482 1556 αὐτοὺς,
495 1524 584 1556 καθώς
601 1533 652 1551 που
665 1525 710 1551 καὶ
722 1525 861 1560 κέκληται.

83 1569 161 1595 Οὕτω
174 1569 228 1603 γὰρ
243 1569 338 1600 ποιῶν,
354 1569 401 1595 καὶ
416 1569 535 1602 φυλάξας
558 1570 637 1601 ὁσίως
656 1570 690 1596 τὰ
704 1570 775 1603 ὅσια,
790 1571 864 1598 δεόν-

82 1623 136 1645 τως
148 1615 336 1649 όσιωθήσεται.
350 1615 404 1641 Καὶ
420 1614 504 1641 ταῦτα
518 1615 568 1649 μὲν
593 1615 773 1650 ἀποχρώντως
783 1616 864 1651 ἐγρά-

84 1667 174 1692 φησαν
192 1660 231 1690 είς
260 1660 398 1694 ἐκτροπὴν
421 1659 476 1685 τῶν
504 1660 579 1695 παρὰ
603 1660 652 1687 τοῦ
678 1662 863 1696 πρωτεκδίκου

83 1705 297 1738 προτιθεμένων,
319 1705 367 1730 καὶ
398 1705 622 1739 παρασπωμένων
651 1705 685 1732 τὰ
711 1706 786 1740 παρὰ
817 1706 863 1732 τοῦ

83 1749 293 1784 χαρτοφόλακος
308 1750 461 1784 ἀμέμπτως
479 1750 613 1785 νεμόμενα
633 1750 732 1778 δίκαια,
757 1751 865 1786 Ῥητέον

83 1795 112 1821 δὲ
123 1797 170 1821 καὶ
181 1795 215 1821 τὰ
228 1796 396 1822 συνιπῶντα
425 1795 471 1821 τὸν
485 1796 688 1830 χαρτοιρύλακα.
701 1797 811 1823 Εξπάτω
836 1797 864 1823 δὲ

84 1842 185 1878 μᾶλλον
198 1843 282 1869 ταῦτα
293 1843 341 1877 τῆς
358 1842 484 1876 ἀληθείας
498 1843 527 1868 τὸ
539 1844 634 1877 στόμα,
647 1843 692 1869 καὶ
703 1842 751 1876 τῆς
765 1842 864 1869 δίκαιοη

83 1889 168 1922 σύνης
183 1889 196 1914 ὁ
220 1888 304 1922 ἥλιος.
325 1889 392 1915 Οὐδὲ
409 1889 463 1922 γὰρ
489 1889 595 1915 οἴκοθεν
612 1889 734 1923 εἴπωμεν
761 1889 864 1923 ἐπιμύ-

83 1933 152 1964 θιον,
166 1933 236 1959 κατὰ
246 1935 309 1965 τοὺς
323 1934 505 1968 κνῃθομένους
517 1934 565 1965 τὰς
578 1934 673 1966 ἀκοὰς,
689 1933 727 1968 τῷ
739 1934 810 1968 λόγῳ
817 1934 863 1960 τοῦ

83 1978 269 2013 διαφέροντος,
281 1979 325 2005 καὶ
345 1979 407 2010 τοὺς
423 1979 468 2005 ὲπὶ
483 1979 577 2008 ὓδατος
590 1980 742 2013 ἀντιλογίας
753 1979 864 2014 δοκιμά-

84 2024 183 2055 ζοντας
209 2024 242 2050 τὰ
269 2024 407 2058 ἀμφίϐολα
423 2032 430 2038 ·
452 2024 508 2050 ἀλλ’
524 2025 616 2050 ἐκεῖνα
636 2025 749 2060 διπλόης
774 2025 864 2060 πάσης

83 2069 163 2099 ἐκτὸς
185 2069 372 2102 σχεδιάσομεν,
389 2069 439 2095 ὅσα
463 2070 545 2103 πεῖρα
569 2070 673 2104 μακρὰ,
698 2071 744 2096 καὶ
770 2071 864 2106 χρόνος

83 2114 180 2145 πολὺς,
197 2115 244 2141 καὶ
260 2114 340 2140 θείων
355 2114 470 2148 Γραφῶν
482 2115 634 2148 ἀνάγνωσις
647 2117 718 2150 ἡμᾶς
745 2116 864 2142 ἀνεδίδα-

908 227 1066 257 potestatem
1085 221 1214 256 consequi
1240 221 1357 255 primum
1382 220 1570 252 defensorem,
1587 221 1683 256 quavis

908 268 935 294 in
960 274 1041 294 causa
1063 266 1204 301 jndicandi
1231 265 1359 292 diaconos
1385 268 1411 292 et
1432 264 1596 296 sacerdotes,
1620 273 1682 292 curn

908 320 1002 340 eorum
1021 311 1208 346 adversariis),
1229 311 1255 338 id
1276 317 1338 337 vero
1356 318 1408 344 quo
1425 314 1504 344 pacto
1522 310 1682 344 sapientiam

908 358 988 392 primi
1013 357 1170 384 defensoris
1191 363 1243 383 non
1269 355 1409 390 indignum
1431 356 1493 382 est?
1513 355 1602 389 Babae,
1619 361 1683 390 quot

909 404 955 430 illo
975 409 1109 430 concesso
1129 401 1320 429 sacratissima:
1340 401 1412 435 leges
1434 401 1593 428 abolenturl
1621 405 1687 436 quot

909 447 1121 474 ortlrodoxorum
1140 447 1290 481 principum
1305 446 1477 472 sanctiones!
1495 449 1561 480 quot
1579 450 1687 472 sancto-

908 499 969 518 rum
995 491 1106 518 Patrum
1137 491 1247 518 decreta
1275 491 1377 525 pariter
1397 495 1423 517 et
1450 489 1602 517 doctrinae?
1627 497 1687 525 qua!

910 537 994 565 variis
1015 537 1101 564 modis
1124 537 1177 564 reis
1196 536 1297 568 favent,
1312 535 1376 562 dum
1396 543 1445 564 eos
1467 543 1516 569 per
1532 535 1619 562 edicta
1637 536 1686 562 tri-

909 583 981 618 ginta
1005 583 1108 611 dierum
1125 587 1277 615 arcessunt,
1295 586 1323 609 et
1337 582 1443 609 duabus
1463 581 1688 615 appellationibus

910 629 1162 656 condemnationem
1183 636 1274 655 eorutn
1290 627 1484 662 suspendunt?
1497 625 1595 659 Multae,
1617 627 1689 653 haud

910 673 1002 705 dubie,
1019 678 1099 707 atque
1114 679 1222 699 onmem
1239 679 1381 698 numerum
1406 672 1576 698 excedentcs.
1598 672 1690 706 Itaque

911 719 987 746 nullo
1004 718 1201 746 interveniente
1217 718 1300 744 animi
1320 717 1416 744 affectu
1436 718 1584 752 colligitur,
1599 725 1688 745 emer-

911 768 1017 798 gentem
1044 771 1077 791 ex
1101 763 1176 790 hisce
1196 762 1284 789 verbis
1306 762 1499 789 obscuritatem
1523 762 1688 797 ambiguam,

911 812 984 835 recte
1001 808 1140 835 conciliari
1158 815 1205 842 per
1222 807 1259 839 id,
1275 806 1348 842 quod
1367 807 1395 833 in
1412 806 1506 834 eodem
1529 807 1597 834 libro
1615 807 1691 834 dein-

911 860 975 888 ceps
992 853 1172 887 perscriptum
1193 856 1236 879 est
1256 852 1290 879 de
1307 852 1476 879 libertatibus
1489 852 1617 879 nimirum
1631 859 1688 884 eos,

912 898 957 932 qui
975 905 989 924 a
1005 898 1171 932 presbyteris
1189 897 1231 924 vel
1245 897 1368 924 diaconis
1389 903 1565 925 arcessantur
1580 898 1612 924 ad
1628 899 1690 924 reli-

912 942 1088 977 giosissimos
1103 942 1264 969 defensores
1281 942 1389 969 illorum
1407 950 1499 974 causa,
1515 944 1560 978 qui
1582 945 1690 978 procla-

911 992 987 1014 mant
1002 988 1035 1015 ad
1051 988 1214 1019 libertatem,
1232 987 1274 1014 vel
1292 986 1318 1013 in
1334 988 1490 1014 servitutem
1508 988 1689 1023 abripiuntur,

911 1033 935 1060 si
950 1036 1011 1067 post
1029 1032 1116 1060 edlcta
1135 1032 1188 1059 tria
1210 1035 1335 1059 recusent
1354 1039 1525 1067 comparere,
1553 1041 1605 1060 una
1619 1033 1690 1060 dun-

911 1080 986 1103 taxat
1008 1082 1084 1112 parte
1103 1081 1237 1112 praesente
1259 1076 1448 1109 condemnari,
1469 1082 1578 1112 propter
1598 1085 1691 1106 sacras

909 1121 980 1156 juris
997 1122 1163 1154 sanctiones,
1184 1129 1244 1156 qua:
1265 1121 1417 1149 libertatem
1439 1130 1522 1157 prope
1544 1130 1625 1158 supra
1649 1131 1692 1150 res

911 1174 1007 1194 omnes
1020 1167 1121 1199 fovent,
1137 1172 1163 1194 et
1177 1168 1276 1202 inquiri
1288 1167 1322 1195 de
1342 1168 1393 1195 hac
1408 1168 1515 1203 julient,
1529 1176 1561 1196 ex
1576 1169 1692 1203 simplici

911 1216 938 1239 et
950 1212 1048 1247 plano;
1063 1219 1114 1240 nec
1129 1213 1166 1239 ita
1179 1212 1374 1240 condemnatos
1387 1213 1535 1248 quidquam
1547 1220 1579 1240 ex
1590 1221 1622 1240 eo
1629 1213 1693 1240 sub-

913 1257 1083 1291 sidiicapcre
1105 1257 1210 1289 volunt,
1229 1259 1301 1292 quod
1314 1258 1446 1285 libertatis
1467 1263 1692 1293 propugnatores,

912 1303 983 1329 sacri
1005 1303 1060 1329 sint
1086 1303 1190 1330 ordinis
1220 1304 1354 1331 homines.
1389 1303 1455 1336 Quae
1480 1310 1542 1330 cum
1571 1304 1607 1329 ita
1626 1304 1690 1336 sint,

912 1346 985 1374 haud
1002 1347 1051 1374 abs
1069 1354 1097 1374 re
1116 1348 1204 1381 primo
1222 1347 1355 1374 defensori
1387 1348 1549 1381 permissum
1575 1348 1637 1379 erit,
1665 1353 1694 1374 ut

911 1393 946 1420 iis
978 1392 1098 1427 quidem,
1125 1393 1173 1427 qui
1214 1400 1292 1427 opem
1318 1393 1529 1420 ecclesiasticam
1561 1392 1694 1420 libertatis

912 1445 996 1465 causa
1013 1438 1171 1472 implorant,
1186 1445 1233 1472 per
1249 1437 1466 1471 jurisdictioncm
1494 1445 1571 1465 suam
1596 1438 1694 1465 subve-

876 1497 897 1526 ο
914 1483 990 1510 niat:
1011 1486 1038 1509 at
1064 1483 1232 1517 reliquorum
1258 1483 1291 1509 ad
1316 1482 1452 1510 Ecclesias
1478 1482 1692 1518 confugientium

914 1534 1024 1555 causam
1046 1531 1164 1559 tueatur,
1182 1528 1409 1562 quemadmodum
1426 1533 1454 1555 et
1470 1528 1514 1555 ubi
1533 1528 1637 1562 legibus
1653 1532 1695 1555 est

914 1573 1053 1600 deﬁnitum
1073 1581 1080 1599 :
1105 1572 1225 1608 adeoque
1241 1573 1331 1608 potius
1349 1573 1392 1601 bis
1419 1573 1537 1605 assistat,
1553 1577 1580 1600 et
1601 1573 1694 1600 defen—

913 1619 960 1646 dat
995 1627 1042 1647 eos
1079 1619 1113 1646 ab
1155 1618 1335 1646 inferentibus
1372 1618 1512 1653 iniuriam.
1539 1619 1619 1646 sicuti
1645 1627 1696 1646 no-

914 1665 995 1692 minis
1027 1665 1112 1699 ipsius
1136 1665 1206 1691 ratio
1234 1664 1360 1699 postulat.
1391 1663 1457 1691 Nam
1475 1665 1510 1691 ita
1524 1665 1545 1692 si
1563 1672 1592 1692 se
1608 1669 1694 1699 geret,

914 1717 945 1736 ac
961 1714 1055 1738 sancte
1075 1715 1168 1737 sancta
1190 1710 1360 1742 servaverit,
1388 1709 1458 1736 haud
1480 1710 1562 1737 dubie
1583 1718 1696 1738 venera-

914 1754 1014 1781 tionetn
1032 1755 1188 1781 merebitur.
1204 1754 1234 1780 Et
1251 1753 1307 1780 haec
1319 1753 1427 1788 quidem
1444 1755 1544 1787 scripta
1560 1754 1694 1780 sufﬁciant

914 1799 947 1825 ad
964 1806 994 1824 ea
1015 1797 1184 1829 divertcnda,
1207 1805 1266 1831 qua:
1287 1805 1302 1824 ι
1327 1798 1415 1832 primo
1435 1797 1578 1824 defensore
1599 1797 1691 1830 profe-

915 1848 1021 1873 runtur,
1046 1850 1077 1869 ac
1097 1842 1159 1876 jura
1181 1842 1346 1873 convellunt,
1368 1841 1394 1867 iu
1420 1849 1535 1874 quorum
1558 1841 1694 1876 inculpata

915 1887 1089 1922 possessione
1109 1886 1291 1913 cliartularins
1312 1890 1362 1913 est.
1385 1885 1464 1913 Nunc
1482 1886 1516 1913 de
1534 1887 1567 1914 iis
1586 1894 1694 1921 quoque

915 1932 1071 1964 dicendum,
1086 1939 1147 1966 quae
1167 1937 1217 1966 pro
1232 1931 1399 1958 cbartulario
1417 1930 1532 1957 faciunt.
1557 1931 1603 1958 Vel
1621 1931 1695 1958 dicat

914 1985 945 2006 ea
969 1978 1059 2011 potius
1079 1977 1166 2012 ipsum
1182 1977 1304 2004 veritatis
1321 1984 1363 2008 os,
1383 1981 1411 2003 et
1433 1977 1473 2003 sol
1492 1976 1615 2010 justitite.
1635 1975 1695 2003 Non

914 2025 986 2052 enim
1000 2032 1033 2052 ex
1051 2023 1128 2050 nobis
1147 2022 1267 2050 fabulam
1288 2022 1445 2054 aderemus,
1462 2023 1550 2050 instar
1571 2023 1690 2055 illorum,

914 2071 1012 2105 quibus
1027 2077 1107 2096 aures
1128 2069 1256 2104 pruriunt
1270 2067 1303 2095 ad
1326 2067 1476 2094 orationem
1499 2067 1532 2094 de
1563 2074 1595 2094 eo
1621 2067 1694 2101 quod

916 2117 981 2150 ipsis
1001 2114 1124 2150 expedit;
1142 2118 1168 2141 et
1185 2121 1277 2140 eorutn
1296 2119 1383 2144 more,
1401 2113 1446 2147 qui
1463 2112 1495 2139 ad
1511 2120 1607 2146 aquam
1627 2120 1694 2139 con-

83 2160 144 2191 ξαν.
165 2161 292 2194 Ἀρκτέον
303 2158 360 2194 οὖν,
371 2160 432 2186 ὃθεν
448 2161 579 2195 ἄρχεσθαι
595 2162 722 2195 ἄμεινον·
744 2162 790 2188 καὶ
814 2171 861 2188 πο-

918 2160 1088 2187 tradictionis
1096 2159 1252 2185 examinant
1269 2165 1314 2184 res
1330 2161 1519 2184 controversas
1537 2164 1543 2183 :
1560 2157 1607 2184 sed
1625 2157 1693 2184 citra

84 2205 195 2239 ρευτέον
212 2206 244 2231 ἐκ
263 2205 403 2239 δυνάμεως
419 2206 499 2231 πάλιν
516 2207 553 2236 είς
565 2203 691 2240 δύναμινζ

920 2207 1010 2233 fucum
1037 2211 1143 2231 omnem
1165 2210 1197 2229 ea
1224 2202 1384 2237 simpliciter
1408 2209 1612 2236 proponemus,
1634 2210 1694 2237 qua:

82 2251 231 2279 diuturnus
256 2259 332 2284 usus,
351 2256 378 2278 et
396 2251 469 2286 longi
492 2252 624 2285 temporis
645 2252 814 2282 exercitatio,
830 2256 856 2279 ct
876 2259 1016 2280 sacrarum
1032 2249 1194 2277 Litterarum
1211 2248 1292 2275 lectio
1311 2255 1360 2275 nos
1383 2249 1546 2275 docuerunt.
1562 2248 1693 2283 Incipien-

82 2299 149 2324 dum
171 2297 264 2331 igitur,
286 2297 357 2323 unde
379 2300 489 2330 praestat
512 2296 616 2322 initium
639 2296 695 2322 fieri
719 2305 724 2321 :

119 2341 232 2376 Κεφαλὴ
249 2341 297 2376 τῆς
319 2341 472 2374 ἁγιωτάτης
496 2339 542 2365 τοῦ
554 2339 619 2365 Θεοῦ
633 2340 751 2374 μεγάλης
764 2341 864 2374 ἐκκλη-

84 2387 146 2416 σίας
165 2387 234 2417 ἐστὶ,
256 2387 324 2420 μετὰ
346 2385 395 2420 τὴν
408 2385 518 2420 πρώτην
541 2385 669 2420 ἄναρχον,
695 2387 742 2412 καὶ
769 2386 863 2418 ἀΐδιον,

82 2435 132 2458 καὶ
147 2431 365 2466 ἀπειροδύναμον
382 2430 512 2465 κεφαλὴν,
537 2430 582 2456 τὸν
599 2430 700 2464 Κύριον
728 2431 774 2456 καὶ
798 2431 864 2457 Θεὲν

82 2476 163 2512 ἡμῶν
185 2475 288 2510 Ἰησοῦν
317 2475 444 2510 Χριστὸν,
458 2475 472 2500 ὁ
488 2475 671 2508 πνευματικὸς
689 2475 804 2509 νυμφίος
816 2476 864 2501 αὺ-

81 2521 132 2555 τῆς
162 2521 176 2546 ὁ
199 2520 271 2547 κατὰ
296 2521 408 2554 καιροὺς
434 2520 581 2553 ἀγιώτατος
599 2520 788 2554 οἱκουμενικὸς
815 2529 862 2546 πα-

81 2565 370 2600 τριάρχης.Τῶνγοῦν
394 2565 629 2599 ὲκκλησιαστικῶν
658 2564 771 2590 δικαίων
794 2565 862 2591 διαι-

83 2611 226 2647 ρουμένων
243 2611 315 2645 διχῆ,
327 2611 367 2642 εῐς
383 2618 411 2636 τε
430 2610 464 2636 τὰ
481 2610 643 2644 διαφέροντα
665 2611 698 2644 τῇ
716 2609 863 2645 Ἐκκλησία

83 2656 246 2689 πολυειδῶς,
268 2657 316 2682 καὶ
330 2657 368 2687 εις
393 2656 426 2682 τὰ
461 2654 500 2690 τῷ
528 2655 684 2691 πατριάρχῃ
707 2664 862 2690 προσκυρω-

82 2703 166 2730 θέντα
188 2702 346 2734 κανονικιῖκ,
375 2701 468 2736 ἐδέησε
495 2702 550 2732 τοῖς
576 2702 608 2727 τὰ
618 2701 667 2736 τῆς
699 2702 862 2736 Ἐκκλητίας

82 2748 276 2784 ὁροθετήσασιν
292 2749 440 2783 ὀρθοδόξοις
465 2747 544 2783 ἡμῶν
560 2748 783 2783 αὐτοκράτορσιν,
813 2755 861 2773 κα-

82 2795 230 2830 ταμερίσαι
244 2795 329 2822 ταῦτα
344 2795 410 2830 πρὸς
427 2795 506 2823 πέντε
531 2794 665 2829 σεκρέτων
687 2793 773 2828 εὐαγῆ
787 2793 862 2825 λογο-

748 2301 773 2322 et
791 2305 805 2323 a
823 2297 951 2324 facultate
967 2296 1097 2329 majorem
1113 2294 1144 2321 ad
1161 2293 1316 2320 facultatem
1332 2293 1569 2328 progrediendum.

951 2341 1038 2375 Caput
1054 2339 1234 2367 sanctissimae
1249 2337 1296 2365 Dei
1314 2337 1579 2372 majoris/Ecclesia).
1597 2346 1693 2366 secun-

916 2387 980 2414 dum
992 2389 1073 2419 caput
1088 2384 1153 2411 illud
1170 2384 1286 2418 primum
1300 2383 1380 2410 initio
1395 2391 1492 2411 carens
1511 2387 1537 2411 et
1550 2389 1691 2416 :eternum,

916 2436 941 2457 et
959 2429 1069 2456 inlinilte
1090 2429 1226 2463 potentia,
1252 2427 1393 2454 Dominum
1409 2427 1548 2463 Deumque
1568 2433 1692 2456 nostrum

915 2475 1005 2502 Jesum
1023 2474 1170 2504 Christum.
1189 2477 1230 2500 est
1254 2473 1403 2508 spiritualis
1424 2473 1467 2501 ille
1485 2482 1602 2508 sponsus
1621 2475 1691 2508 ejus,

915 2519 1104 2547 sanctissimus
1133 2518 1266 2552 cujusque
1297 2519 1425 2553 temporis
1454 2519 1616 2546 universalis
1646 2528 1692 2553 pa-

916 2564 1046 2591 triarcha.
1064 2563 1130 2590 Cum
1158 2567 1248 2590 autem
1274 2563 1458 2590 ecclesiastica
1481 2564 1543 2598 jura
1568 2564 1691 2590 bifariam

915 2609 1082 2639 dividantur,
1107 2608 1242 2640 videlicet,
1260 2608 1286 2635 in
1309 2616 1351 2641 ea,
1369 2616 1429 2642 quas
1451 2608 1532 2636 variis
1553 2609 1639 2636 modis
1658 2609 1691 2635 ad

915 2654 1000 2688 ipsam
1017 2654 1164 2681 licclesiam
1183 2654 1317 2688 pertinent
1332 2662 1339 2686 ;
1355 2657 1382 2680 et
1401 2654 1428 2680 in
1449 2661 1490 2685 ea,
1506 2661 1565 2687 qua?
1581 2662 1629 2688 pcr
1644 2662 1691 2681 ca-

915 2708 1000 2727 nones
1017 2699 1192 2734 peculiariter
1210 2700 1315 2726 addicta
1333 2703 1398 2726 sunt
1415 2699 1576 2734 patriarcha:
1590 2708 1596 2725 ε
1611 2707 1692 2734 opor-

915 2746 966 2772 tuit
995 2746 1107 2772 omnino
1135 2745 1271 2779 principes
1306 2748 1417 2772 nostros
1445 2746 1620 2777 orthodoxos,
1645 2746 1691 2780 qui

915 2792 997 2818 rebus
1009 2790 1140 2818 Ecclesia:
1152 2795 1254 2817 certam
1270 2790 1354 2824 legem
1368 2790 1509 2824 dederunt,
1523 2792 1576 2818 haec
1590 2792 1693 2826 disper-
