1894 3072
244 118 311 151 1039

241 185 287 212 tiri
312 184 339 210 in
367 181 487 216 quinque
512 183 681 208 secretorum
706 178 831 215 religiosa
854 178 1014 211 ratiocinia;
1030 180 1052 209 Α

243 234 324 264 atque
355 227 452 254 horum
481 225 744 253 administrationem
771 224 852 251 certis
881 223 1014 251 ministris

239 272 421 300 committere.
441 269 508 297 Nam
533 269 644 296 minime
664 269 841 296 conveniebat
864 268 950 302 ipsum
969 274 1016 301 pa-

241 316 399 348 triarcham,
429 319 485 342 tam
516 315 657 350 insigniter
684 315 711 341 in
741 313 868 341 omnibus
897 313 1015 348 speciem

241 362 334 397 sponsi
349 369 403 395 pra:
419 368 447 387 se
461 360 606 393 ferentem,
618 359 744 394 occupari
761 357 901 386 tractando
916 361 1014 388 rastro,

242 406 441 440 maneipiisque
460 404 601 432 satiandis.
617 403 680 431 inde
697 404 778 438 igitur
791 404 818 430 in
839 403 911 430 hunc
931 409 1016 436 usque

240 450 322 481 diem,
338 456 352 475 a
366 449 486 483 quinque
500 448 659 483 prazsidibus
670 455 737 483 quos
749 447 932 482 magistratus.
948 447 1017 472 Exo-

241 494 387 522 catacmlos
408 493 534 525 dicimus,
557 497 684 527 tanquam
709 499 724 518 a
748 492 867 526 quinque
891 491 1016 518 sensibus

241 539 298 566 haec
310 538 554 565 administrantur:
572 538 701 564 nimirum
717 544 732 563 a
754 544 852 571 magno
865 542 1015 568 mconomo,

241 591 255 610 a
279 590 378 615 magno
409 581 570 613 sacellario,
601 588 615 608 a
643 588 742 616 magno
772 579 974 614 scevophylace,
1001 586 1016 604 a

242 627 419 659 cbartulario,
445 631 472 654 et
490 633 521 653 ea
543 626 657 661 praeside
677 625 790 652 sacellii.
813 624 926 659 Magnus
944 630 1017 650 ωοο-

242 680 340 699 nomus
364 671 526 706 prtediorum
545 669 791 698 ecclesiasticorum
810 675 904 695 curam
924 667 993 702 gerit
1009 675 1015 694 :

242 725 356 752 magnus
386 716 544 744 sacellarius
572 719 627 742 tam
655 715 768 746 urbana,
795 721 875 749 quam
906 713 1018 740 ulterius

246 763 299 789 sita
319 762 483 789 monasteria
501 764 578 787 curat
588 760 659 795 (cum
677 760 751 787 urbis
769 759 946 793 imperatricis
972 758 1019 785 de-

242 806 311 834 cima
332 806 412 833 tertia
424 806 509 840 regio,
521 806 556 833 sit
570 805 629 839 ejus
644 805 717 839 regio
729 804 870 838 extrema),
885 804 918 831 de
933 803 1019 831 sacris

243 852 357 880 cimeliis
371 851 504 880 sollicitus
517 856 558 879 est
572 859 685 886 magnus
702 851 747 878 ille
761 857 888 878 vasorum
905 855 998 877 custos
1011 857 1018 876 :
1034 835 1055 863 Β

243 899 419 927 ecclesiarum
455 897 482 924 in
510 904 618 932 genere,
649 900 730 931 atque
754 897 835 923 etiam
861 895 1020 930 emphyteu-

243 945 314 972 sium
352 943 572 974 administratio,
608 949 691 977 penes
730 941 832 969 sacellii
863 940 1020 976 praefectum

242 994 294 1019 est.

277 1036 464 1064 Cbartularius
477 1038 566 1063 autem
581 1042 630 1070 pro
641 1043 688 1062 sua
700 1039 775 1070 parte
789 1035 863 1063 solus
875 1041 907 1062 ea
920 1033 1020 1068 dirigit,

243 1091 303 1117 quae
317 1083 379 1117 jure
397 1082 572 1117 pontilicatus
587 1081 620 1108 ad
633 1081 812 1115 patriarcham
831 1080 976 1115 pertinent.
989 1079 1022 1106 Et

242 1136 297 1164 quo
320 1127 428 1162 quidem
454 1130 531 1161 pacto
554 1130 712 1154 cancrorum
738 1132 854 1160 quatuor
876 1125 1021 1160 praesidum

243 1172 429 1200 institutiones
455 1179 502 1199 seu
525 1171 671 1198 electiones
688 1171 744 1198 ﬁeri
767 1171 862 1198 debere
886 1170 1021 1198 sancitum

243 1216 289 1247 sit,
304 1221 330 1243 et
345 1220 410 1250 quot
422 1223 483 1242 nam
498 1215 610 1250 quilibet
623 1215 718 1242 borum
728 1215 907 1242 chartularios
922 1214 1023 1241 laboris

243 1265 385 1288 consortes
411 1260 519 1291 habeat,
536 1262 634 1293 quotve
650 1265 700 1286 suo
714 1259 740 1285 in
754 1262 857 1286 secreto
871 1258 1020 1288 ministros,

244 1305 360 1332 alienum
384 1305 435 1331 hoc
461 1303 522 1331 loco
545 1303 626 1330 fuerit
647 1303 745 1331 dicere.
771 1303 829 1330 Non
842 1303 913 1330 enim
932 1302 966 1330 de
980 1302 1023 1330 his

244 1347 318 1383 loqui
344 1356 416 1375 nunc
434 1348 614 1375 instituimus.
632 1340 712 1374 Unde
728 1354 803 1380 vero,
824 1352 851 1375 et.
863 1347 979 1381 qualiter
995 1347 1023 1374 id

243 1393 426 1421 venerationis
442 1393 469 1419 in
489 1392 576 1427 signis
599 1391 804 1429 chartopbylaci
826 1392 971 1425 tribuatur,
993 1397 1024 1419 ut

243 1446 275 1466 os
290 1443 317 1466 et
336 1445 432 1465 manus
447 1438 606 1473 patriarclue
620 1442 803 1472 nuncupetur,
820 1437 1024 1472 inquirendum.

243 1483 277 1510 Et
288 1484 352 1517 quia
374 1484 496 1510 nonnulli
513 1490 611 1510 nomen
626 1483 842 1517 chartophylacis
859 1491 891 1509 ex
907 1490 939 1509 eo
953 1483 1025 1510 deri-

244 1532 320 1560 vant,
334 1527 406 1562 quod
421 1527 594 1554 membranas
607 1526 663 1553 sive
675 1525 782 1553 codices
791 1526 925 1553 custodiat
940 1535 947 1552 :
963 1529 1024 1553 ante

244 1572 336 1600 omnia
352 1571 511 1604 tollendum,
537 1571 609 1605 quod
627 1571 688 1598 inde
703 1572 779 1598 nasci
795 1576 897 1605 posset,
910 1572 1025 1599 scanda-

244 1618 309 1644 lum.
327 1616 525 1651 Chartopbylax
551 1623 604 1643 non
621 1621 673 1649 est,
689 1616 728 1643 uti
748 1616 856 1651 quidam
871 1617 1024 1651 perhibent,

245 1667 340 1690 custos
353 1661 460 1694 secreti,
475 1665 502 1687 et
531 1661 637 1696 janitor
664 1662 744 1696 (nam
760 1661 932 1688 ostiariorum
949 1666 1025 1689 vetus

245 1714 276 1734 ea
287 1707 421 1742 professio
435 1706 504 1741 est),
522 1707 569 1734 sed
589 1705 815 1740 idoneusjurium
832 1707 1024 1741 episcopalium

245 1755 366 1779 curator.
386 1751 431 1778 Sic
446 1752 517 1778 enim
534 1755 560 1779 et
581 1752 812 1787 nomopltylaeem,
829 1757 856 1779 et
873 1752 1025 1787 scevophy-

246 1796 332 1823 lacem
345 1799 496 1823 castrorum
510 1796 639 1830 principis
651 1796 776 1824 dicimus.
789 1796 864 1829 Quod
881 1797 904 1824 si
920 1796 1026 1823 fortiter

246 1842 296 1868 hoc
310 1841 461 1868 inﬁciantes
473 1847 606 1875 quaerant,
627 1841 673 1875 qui
690 1841 745 1872 ﬁat.
756 1845 786 1868 ut
799 1841 914 1869 aliorum
933 1849 1025 1869 secre-

246 1893 335 1914 torum
349 1887 488 1922 praesides,
499 1894 554 1914 non
563 1887 688 1913 dicantur
695 1887 832 1920 custodes,
843 1895 905 1914 cum
917 1886 1025 1920 quidem

246 1939 336 1959 rerum
362 1932 599 1959 administratores
620 1932 695 1964 sint;
722 1939 771 1959 cur
797 1940 889 1965 unus,
911 1939 1025 1966 magnus

245 1981 357 2003 vocetur
381 1982 539 2003 (econontus
566 1984 574 2008 ;
611 1975 690 2007 alius,
713 1983 826 2010 magnus
856 1975 1024 2007 sacellarius,

245 2019 326 2051 alius,
343 2019 444 2047 sacellii
458 2019 602 2054 praefectus
616 2028 622 2046 :
638 2019 759 2051 audiant.
774 2021 845 2047 idem
860 2027 920 2047 esse
928 2027 1026 2047 nomen

245 2064 394 2095 ceconomi,
412 2063 547 2094 custodis,
569 2064 703 2090 sacellarii
725 2068 752 2091 et
772 2065 873 2091 sacellii
894 2065 1024 2099 praefecti.

246 2108 313 2135 Nam
330 2108 400 2142 apud
411 2107 549 2135 Romanos
564 2109 692 2135 sacellum
708 2109 742 2135 ab
757 2109 990 2137 administratione
1000 2114 1026 2137 et

1036 1505 1058 1537 C

859 123 997 154 THEOD.
1018 121 1254 153 BALSAMONIS

1773 122 1837 153 ιοὶο

1067 179 1144 205 θέσια
1159 187 1165 194 ·
1177 179 1225 204 καὶ
1243 176 1379 204 ἀναθεῖναι
1401 179 1449 212 τὴν
1463 177 1563 203 τούτων
1591 176 1726 211 διοίκησιν
1749 178 1835 204 διακο-

1065 224 1167 258 νηταῐς.
1187 222 1252 249 Οὐδὲ
1268 221 1320 256 γὰρ
1333 221 1441 248 ἐδειτδν
1455 221 1540 253 οὕτως
1559 222 1700 256 ἀγακλεῶς
1721 224 1749 248 ὲν
1771 223 1834 249 πᾶσι

1065 267 1339 301 νυμφοστολούμενον,
1356 266 1420 301 περὶ
1438 267 1579 301 σκαπάνην
1596 267 1773 301 ἁσχολεῖσθαι
1792 269 1835 294 καὶ

1065 310 1162 337 δούλων
1175 311 1359 345 χορτάσματα.
1378 311 1488 336 Ἐκτοτε
1504 311 1567 344 γοῦν
1582 311 1628 337 καὶ
1645 311 1726 346 μέχρι
1737 312 1783 338 τοῦ
1793 312 1835 338 νῦν

1066 354 1140 389 παρὰ
1156 355 1235 381 πέντε
1251 354 1476 389 προκαθημένων,
1493 355 1547 381 τῶν
1558 355 1782 387 ἑξωκατακοῐλων
1795 358 1835 390 ἁρ-

1065 397 1164 432 χόντων
1182 398 1263 431 φημὶ,
1276 397 1313 428 ὼς
1329 398 1380 423 ὑπὸ
1391 398 1471 424 πέντε
1500 399 1652 434 αἰσθήσεων
1672 399 1753 424 ταυτὶ
1775 399 1837 432 διεξ-

1067 443 1177 477 άγονται
1191 451 1198 458 ·
1214 444 1296 477 ἤγουν
1309 443 1355 469 τοῦ
1369 443 1486 477 μεγάλου
1497 444 1648 478 οἰκονόμου,
1661 443 1710 470 τοῦ
1726 444 1836 478 μεγάλου

1067 487 1251 522 σακελ).αρίου,
1267 487 1311 513 τοῦ
1327 487 1442 521 μεγάλου
1458 487 1668 521 σκευοφύλακος,
1680 488 1729 514 τοῦ
1746 497 1837 522 χορτο-

1067 533 1195 566 φύλακος,
1213 532 1318 559 καὶτοῦ
1333 533 1484 559 σακελλιου.
1503 533 1558 559 Καὶ
1587 532 1645 567 ἔχει
1663 533 1718 559 τῶν
1744 534 1837 567 ἐκκλη-

1068 578 1211 604 σιαστικῶν
1232 578 1381 612 κτημάτων
1393 577 1442 612 τὴν
1456 579 1594 612 πρόνοιαν,
1614 580 1628 604 6
1658 578 1747 612 μέγας
1773 580 1838 604 οἷκο-

1068 624 1147 657 νόμος
1162 632 1167 639 ·
1184 623 1238 649 τῶν
1248 623 1319 649 κατὰ
1331 622 1417 655 πόλιν,
1439 623 1487 649 καὶ
1503 623 1556 649 τῶν
1577 624 1736 658 περατικῶν
1761 632 1838 658 μονα-

1069 667 1186 701 στηρίων
1196 667 1245 701 τὴν
1262 667 1396 702 μέριμναν
1413 667 1646 701 (τρισκαιδέκατος
1668 668 1724 702 γὰρ
1745 667 1840 701 ρεγεὼν

1067 713 1116 746 τῆς
1143 712 1335 747 βασιλευούσης
1353 712 1406 738 τῶν
1434 712 1555 744 πόλεων,
1576 714 1592 747 ἡ
1615 714 1718 745 tepet:
1747 714 1840 746 11921,;

1069 758 1166 791 ἐστὶν),
1183 758 1196 783 6
1213 757 1299 792 μέγας
1315 757 1490 793 σακελλάριος
1506 765 1512 772 ·
1529 758 1582 784 τῶν
1599 758 1680 792 ἱερῶν
1698 759 1840 794 κειμηλίων

1068 802 1116 838 τὴν
1128 803 1294 836 ἐπιμέλειαν,
1309 804 1322 829 6
1341 803 1426 836 μέγας
1450 803 1618 837 σκευοφύλαξ
1629 811 1636 818 ·
1652 805 1767 830 καὶτῶν
1780 804 1839 830 καθ·

1069 847 1165 874 ολικῶν
1193 847 1353 882 ἐκκλησιῶν,
1384 848 1452 881 πρὸς
1468 847 1496 874 δὲ
1522 848 1568 874 καὶ
1585 848 1638 875 τῶν
1655 849 1841 883 ὲμφυτεὺσεων

1071 892 1120 927 τὴν
1130 892 1273 926 διοίκησιν,
1288 893 1301 918 6
1317 892 1469 919 σακελλίου.

1110 1029 1140 1057 '0
1154 1030 1181 1056 δὲ
1203 1030 1372 1066 χαρτοφύλαξ
1404 1030 1558 1057 κατευθύνει
1583 1031 1746 1065 μονομερῶς
1763 1031 1796 1057 τὰ
1810 1031 1843 1064 τῷ

1072 1076 1243 1110 πατριάρχῃ,
1272 1075 1367 1110 δικαίῳ
1385 1075 1434 1110 τῆς
1450 1075 1672 1110 ἀρχιερωσύνης,
1705 1077 1842 1110 ἀνήκοντα.

1073 1120 1165 1151 Ὅπως
1184 1120 1233 1155 μὲν
1247 1120 1292 1146 οὖν
1309 1120 1362 1147 τῶν
1380 1120 1466 1146 ἄλλων
1479 1120 1619 1155 τεσσάρων
1630 1121 1843 1156 προκαθημένων

1072 1163 1120 1195 τὰς
1150 1163 1313 1198 προϐλήσεις
1346 1163 1498 1190 τετύπωται
1520 1163 1653 1197 γίνεσθαι,
1685 1165 1733 1191 καὶ
1754 1166 1845 1194 πόσους

1071 1208 1185 1235 ἕκαστον
1199 1209 1300 1235 τούτων
1316 1208 1371 1242 ἔχει
1388 1209 1598 1243 χαρτουλαρίους
1615 1209 1662 1235 τοῦ
1679 1209 1768 1235 κόπου
1786 1218 1845 1243 συμ-

1074 1254 1216 1289 μεριστὰς,
1240 1254 1286 1280 καὶ
1300 1254 1398 1284 πόσους
1417 1254 1590 1287 σεκρετικοὺς
1612 1254 1790 1289 διακονητὰς,
1804 1254 1846 1280 οὐκ

1072 1299 1129 1326 ἔστι
1152 1300 1241 1333 λέγειν
1256 1299 1361 1334 καιρός.
1390 1298 1457 1326 Οὐδὲ
1476 1299 1529 1333 γὰρ
1551 1301 1612 1334 περὶ
1635 1301 1740 1326 τούτων
1767 1302 1846 1326 εἰπεῖν

1072 1345 1252 1380 προεθέμεθα.
1283 1345 1362 1371 Ὅθεν
1376 1345 1413 1375 δὲ,
1440 1345 1486 1371 καὶ
1501 1346 1573 1376 ὅπως
1589 1346 1603 1371 6
1618 1346 1796 1380 χαρτοφὺλαε
1811 1354 1847 1373 σε-

1075 1389 1241 1424 μνολογεῖ-ται
1256 1389 1436 1422 πανευκλεῶς,
1451 1390 1497 1416 καὶ
1514 1389 1636 1416 καλεῖται
1653 1391 1700 1416 τοῦ
1716 1392 1846 1426 πατριάρ-

1073 1444 1120 1470 χου
1141 1436 1225 1469 στόμα
1241 1435 1288 1461 καὶ
1303 1435 1373 1469 χεὶρ,
1391 1434 1530 1468 ζητητέον.
1553 1435 1628 1462 Ἐπεὶ
1644 1436 1674 1462 δέ
1691 1445 1767 1468 τινες
1783 1445 1848 1471 περ·

1074 1478 1255 1513 ωνυμῐζεσθαι
1282 1478 1327 1505 τὸν
1363 1479 1555 1513 χαρτοφύλακα
1589 1480 1714 1506 θέλουσιν
1747 1483 1781 1507 ὲκ
1810 1481 1848 1506 το]

1076 1523 1218 1556 φυλάττειν
1237 1522 1393 1557 μεμϐράνας
1417 1523 1476 1558 ἢτοι
1509 1524 1633 1554 κωδίκια,
1666 1527 1851 1559 περιαιρετέον

1076 1568 1128 1603 πρὸ
1155 1569 1264 1594 πάντων
1283 1568 1313 1594 τὸ
1328 1569 1361 1594 ὲκ
1375 1567 1468 1594 τούτου
1484 1569 1614 1604 φυόμενον
1630 1570 1794 1597 σκάνδαλον.
1827 1571 1851 1596 ὐ

1075 1612 1246 1648 χαρτοφύλαξ
1259 1613 1310 1639 οὐκ
1325 1613 1407 1645 ἔστιν,
1423 1613 1460 1645 ὥς
1470 1622 1540 1645 τινες
1556 1614 1692 1647 λέγουσιν,
1709 1615 1798 1648 φύλαξ
1810 1615 1852 1642 τοῦ

1076 1660 1215 1695 σεκρὲτου,
1242 1659 1289 1686 καὶ
1314 1659 1434 1694 θυρωρδς
1459 1660 1547 1695 (τοῦτο
1566 1661 1620 1695 γὰρ
1637 1661 1693 1687 τῶν
1712 1662 1851 1696 ὀστιαρῑωί

1075 1704 1187 1739 ἀρχαῖον
1201 1704 1382 1739 ἐπάγγελμα)·
1394 1705 1579 1732 ὲπισκοπικῶν
1599 1705 1627 1731 δὲ
1642 1706 1758 1733 δικαίων
1776 1716 1851 1742 φρον-

1074 1750 1168 1784 τιστὴς
1182 1748 1338 1783 ἀξιόμαχος.
1356 1747 1433 1774 Οὖτω
1448 1749 1501 1783 γὰρ
1516 1750 1563 1775 καὶ
1587 1749 1747 1784 νομοφύλαξ
1765 1751 1850 1776 amisi-

1075 1803 1131 1827 ται,
1149 1795 1194 1821 καὶ
1210 1793 1380 1828 σκευοφύλαξ
1397 1795 1578 1829 στρατοπέδου
1596 1795 1752 1829 βασιλικοῦ.
1782 1797 1812 1823 El
1834 1797 1852 1821 ἴ

1076 1840 1308 1875 ἀπισχυριζονται,
1329 1840 1387 1871 πῶς
1412 1840 1464 1866 τῶν
1485 1840 1573 1867 ἄλλων
1595 1842 1733 1875 σεκρέτων
1750 1842 1775 1868 oi
1794 1850 1852 1876 προ-

1076 1885 1236 1920 καθήμενοι,
1253 1886 1376 1920 φύλακες
1392 1886 1422 1912 οὐ
1440 1885 1685 1920 κατονομάζονται,
1713 1889 1761 1913 καὶ
1775 1888 1852 1914 ταῦτα

1077 1932 1244 1966 πραγμάτων
1276 1931 1352 1963 ὅντες
1381 1932 1515 1966 διοικηταὶ
1535 1940 1541 1947 ·
1567 1933 1624 1958 ἀλλ’
1642 1933 1656 1958 6
1680 1933 1732 1967 μὲν
1746 1954 1754 1965 ,
1773 1934 1852 1968 μέγας

1075 1977 1215 2011 οἰκονόμος
1233 1976 1368 2003 καλεῖται·
1391 1977 1405 2002 6
1419 1977 1458 2008 δὲ,
1481 1978 1566 2012 μέγας
1580 1978 1762 2013 σακελλάριος
1773 1988 1781 1995 ·
1796 1981 1809 2005 6
1819 1981 1850 2008 δὲ.

1077 2021 1234 2048 σακελλίου·
1251 2022 1457 2055 ἀκουσάτωσαν,
1483 2023 1520 2053 ὡς
1539 2023 1635 2049 ταυτόν
1662 2025 1738 2050 ἐστιν
1762 2025 1850 2055 εἰπεῖν,

1075 2067 1226 2102 οἰκονόμον,
1245 2067 1361 2101 φύλακα,
1379 2067 1562 2103 σακελλάριον,
1581 2070 1628 2094 καὶ
1641 2069 1686 2094 τὸν
1705 2070 1851 2096 mullis-1.

1076 2112 1156 2146 Παρὰ
1172 2112 1226 2146 γὰρ
1242 2113 1298 2143 τοῖς
1317 2112 1462 2147 Ῥωμαίοις
1487 2113 1626 2145 σάκελλον,
1651 2114 1730 2146 παρὰ
1747 2114 1778 2140 τὸ
1794 2114 1852 2140 διοι-

245 2153 370 2180 cuslodia
386 2153 495 2180 dicitur.
510 2153 598 2187 Atque
611 2153 693 2180 etiam
714 2153 777 2181 hinc
794 2155 893 2181 sacella
908 2156 1022 2189 patriar-

1078 2158 1134 2183 κεῖν
1149 2158 1195 2184 καὶ
1212 2157 1353 2191 φυλάττειν
1367 2158 1436 2184 ἔστι.
1452 2158 1506 2184 Καὶ
1523 2160 1539 2192 ἡ
1565 2159 1626 2189 τοὺς
1644 2160 1817 2194 κακούργους
1829 2159 1852 2184 δὲ

246 2198 343 2231 chalis,
367 2205 420 2233 qua
436 2199 548 2225 maleﬁci
568 2199 771 2232 custodiuntur,
793 2207 846 2226 non
863 2200 970 2228 aliunde
984 2209 1028 2236 ap-

246 2244 346 2278 pellata
357 2247 420 2276 est;
440 2244 513 2271 sicut
532 2249 559 2271 et
580 2245 724 2271 saculium.
741 2245 903 2272 Sacellarius
919 2246 1026 2280 quidem

246 2290 347 2316 dicitur
360 2289 588 2316 monasteriorum
601 2290 804 2317 administrator
821 2299 827 2318 :
840 2296 865 2319 et
884 2291 1027 2326 praefectus

247 2334 341 2362 sacelli
364 2335 540 2367 deminutive,
558 2336 734 2363 ecclesiarum
751 2336 777 2362 in
791 2344 889 2370 genere
907 2341 1026 2364 curator.

246 2379 380 2407 Caeterum
404 2388 438 2407 ne
461 2381 489 2407 bi
512 2383 631 2416 quinque
649 2381 776 2415 praesides
800 2390 882 2409 unum
897 2383 1029 2411 duntaxat

247 2423 379 2451 haberent
404 2432 502 2451 nomen
518 2445 526 2458 ,
557 2425 659 2459 placuit
683 2425 850 2452 diversorum
879 2426 1027 2453 officiorum

248 2469 474 2503 appellationibus
488 2477 536 2497 eos
551 2470 697 2504 ampliores
709 2471 783 2498 reddi
795 2471 902 2498 debere.
918 2471 977 2504 Quo
989 2472 1028 2504 ﬁt,

249 2514 423 2542 utactionum
437 2515 535 2542 ﬁnibus
546 2515 615 2542 idem
624 2516 784 2550 existentes,
796 2516 1029 2543 oﬁiciorumvoca-

248 2559 319 2587 bulis
334 2560 545 2594 distinguantur.
562 2559 619 2587 Hoc
633 2561 713 2587 modo
727 2567 799 2588 recte
813 2562 920 2588 sublato
935 2561 1028 2593 dubio,

248 2605 320 2637 quod
335 2605 466 2632 adversus
491 2605 727 2640 chartopbytacen
745 2605 821 2633 .acite
834 2607 906 2633 nasci
921 2610 1030 2640 poterat

248 2650 351 2684 reliqua
362 2649 442 2677 etiam
453 2649 614 2676 declaranda
625 2651 746 2678 veniunt.
757 2650 855 2679 lunus
871 2652 1029 2680 chamarii

248 2695 355 2720 varium
377 2698 404 2721 et
425 2694 564 2728 multiplex
578 2699 630 2722 est.
650 2695 752 2723 idcirco
769 2697 958 2724 metiwmus
980 2705 1029 2732 pro

250 2743 372 2772 tempore
385 2739 551 2773 patriarcha,
566 2739 640 2767 velut
663 2740 774 2768 Iliense
798 2741 940 2773 manu,
957 2741 1029 2768 hunc

251 2784 381 2819 deligens,
397 2793 458 2813 cum
474 2785 546 2813 Mose
565 2785 628 2813 dicit
647 2785 675 2813 ul
694 2784 855 2815 Domina:
901 2787 1029 2821 aspiciat

1079 2203 1251 2236 φυλάττουσα
1266 2204 1451 2239 πατριαρχικὴ
1466 2203 1582 2238 σακέλλη
1597 2204 1736 2236 ἐντεῦθεν,
1752 2206 1798 2230 καὶ
1810 2205 1853 2230 οὐκ

1078 2247 1188 2274 ἄλλοθεν
1204 2248 1423 2283 μετωνόμασται,
1438 2248 1531 2284 ὥσπερ
1545 2249 1577 2283 δὴ
1593 2250 1640 2276 καὶ
1658 2249 1691 2275 τὸ
1708 2250 1851 2276 σακούλιον.

1077 2292 1192 2326 Λέγεται
1205 2293 1269 2327 γοῦν
1282 2293 1466 2328 σακελλάριος,
1487 2294 1500 2319 6
1514 2293 1567 2319 τῶν
1585 2295 1779 2329 μοναστηρίων
1798 2295 1851 2320 διοι-

1078 2339 1164 2372 κητής
1177 2345 1185 2353 ·
1201 2338 1247 2364 καὶ
1262 2339 1275 2364 6
1289 2337 1428 2364 σικελλίου
1446 2338 1672 2372 ὑποκοριστικῶς,
1689 2340 1704 2365 ό
1722 2339 1777 2365 τῶν
1795 2339 1851 2365 κιθ-

1078 2382 1175 2409 ολικῶν
1203 2382 1353 2417 ἐκκλησιῶν
1381 2383 1550 2417 φροντιστής.
1568 2383 1625 2409 Ἵνα
1640 2384 1669 2409 δὲ
1694 2385 1711 2418 ἡ
1730 2385 1784 2409 τῶν
1797 2392 1851 2417 πρυ-

1079 2426 1240 2461 καθημένων
1266 2427 1366 2458 πεντὰς
1393 2428 1430 2462 μὴ
1461 2427 1700 2461 ταυτωνυμίζηται
1717 2448 1725 2459 ,
1757 2428 1850 2462 ὠρισῦη

1079 2472 1212 2506 διαφόρων
1239 2472 1374 2506 ὀφφικίων
1398 2473 1526 2506 ὀνόμασιν
1543 2473 1627 2506 αὐτὴν
1653 2474 1851 2507 μεγεοὺνεσῦιι.

1080 2517 1124 2551 Τῷ
1138 2525 1178 2543 τοι
1195 2518 1240 2543 καὶ
1258 2518 1437 2551 ταυτιζομένη
1449 2517 1503 2543 τῶν
1519 2517 1666 2551 ἐνεργειῶν
1689 2520 1747 2549 τοῖς
1767 2519 1853 2544 dm:-

1080 2561 1205 2595 λέσμασι,
1234 2561 1373 2596 μερίζεται
1402 2562 1455 2588 τῶν
1472 2561 1607 2595 ὀφφικίων
1629 2563 1692 2594 ταῖς
1725 2563 1851 2597 κλήσεσιν.

1080 2606 1157 2633 Οὕτω
1180 2607 1243 2640 γοῦν
1276 2607 1503 2641 περιαιρουμένης
1523 2606 1624 2638 καλῶς,
1642 2607 1692 2641 τῆς
1707 2609 1740 2634 ὲκ
1752 2608 1800 2641 τῆς
1813 2616 1852 2638 ςσ-

1080 2651 1167 2686 λακῆς
1191 2651 1432 2687 ὑποκλεπτομένης
1451 2652 1584 2685 ἀσαφείας
1608 2653 1682 2678 κατὰ
1704 2654 1753 2679 τοῦ
1769 2660 1853 2688 καρτο-

1081 2697 1208 2731 φύλακος,
1227 2697 1404 2732 σαφηνιστέον
1422 2698 1468 2724 καὶ
1483 2698 1515 2724 τὰ
1533 2697 1624 2724 λοιπά.
1647 2698 1703 2724 Τοῦ

1080 2743 1161 2773 λακος
1186 2744 1203 2777 ἡ
1233 2743 1356 2777 ἐνέργεια
1373 2743 1512 2777 πολυειδὴς
1538 2743 1585 2769 καὶ
1604 2743 1774 2779 πολυσχιδής
1797 2745 1853 2770 ἔστι.

1082 2788 1127 2814 Διὸ
1141 2789 1186 2815 καὶ
1201 2789 1214 2815 6
1238 2789 1307 2815 κατὰ
1320 2788 1429 2823 καιροὺς
1447 2787 1596 2822 ἁγιώτατος
1615 2790 1803 2825 πατριάρχης,
1825 2787 1854 2816 ὑέ
