1894 3072
70 148 131 179 iOii

781 153 985 186 MEDITATA.

1598 154 1664 186 1012

59 216 136 241 ἂι).ον
157 214 260 250 Ἀαρὼν
279 214 370 241 τοῦτον
386 213 587 249 ἐπιλεγόμενος⁹
604 213 677 247 λέγει
692 215 759 249 μετὰ
772 215 832 240 Μω-

887 213 1017 241 Dominus
1044 214 1115 241 Deus
1149 217 1254 248 patrum
1287 220 1451 248 nostrorum,
1480 219 1506 242 et
1534 217 1665 243 universa:

59 261 126 292 σέως
141 260 210 295 πρὸς
226 260 338 294 Κύριον·
358 269 368 285 Ι
390 259 594 293 Ἐπισκεψάσθω
622 258 722 293 Κύριος
738 260 751 284 ό
768 259 834 290 Θεὸς

59 306 112 332 τῶν
133 304 258 338 πατέρων
272 304 318 330 καὶ
330 305 419 338 πάσης
437 303 546 338 σαρκὸς,
563 303 702 339 ἄνθρωπον
724 304 770 330 ἐπὶ
786 304 834 338 τῆς

63 350 222 384 συναγωγῆς
236 350 346 383 ταύτης,
360 349 432 380 ὅστις
444 349 610 380 ἐξελεύσεται
626 350 678 375 ἀπὸ
689 350 833 384 προσώπου

59 394 124 428 ἐμοῦ
136 403 159 426 ι,
173 394 220 420 καὶ
234 393 305 423 ὅστις
317 393 497 419 εἰσελεύσεται
513 393 564 427 πρὸ
577 393 721 427 προσώπου
735 393 833 424 αὐτῶν,

59 440 105 466 καὶ
127 439 202 470 ὅστις
226 438 326 470 εἰσάξει
349 438 446 469 αὐτοὺς
467 437 504 468 ὠς
515 437 573 471 ἐμὲ,
590 439 636 464 καὶ
651 438 726 469 ὅστις
747 438 834 470 ἐξάξει

59 484 156 515 αὐτοὺς
181 483 212 515 ἐξ
231 482 316 517 ἐμοῦ·
343 483 389 508 καὶ
413 482 498 514 οὕτως
519 483 656 517 ἐπιτίθησι
673 483 722 514 τὰς
741 484 835 518 χεῖρας

58 529 137 555 αὑτοῦ
155 529 199 554 ἐπ’
213 528 302 560 αὑτὸν,
318 528 364 555 καὶ
378 527 483 554 δίδωσιν
499 527 572 562 αὺτῷ
586 528 634 562 τήν
649 528 726 560 δόξαν
742 528 834 561 αὐτοῦ,

57 575 129 605 ὅπως
147 573 283 600 ἀκούωσιν
308 572 388 598 αὑτοῦ
407 573 430 598 οἱ
444 573 497 599 υἱοὶ
518 572 637 608 Ἰσραήλ.
672 573 835 608 Ἑγχειρίζει

58 618 143 653 τούτῳ
160 618 340 652 καὶ-χρυσοῦν
358 617 395 648 ὡς
416 618 449 644 ἄν
471 626 513 649 τις
537 618 608 643 εῐποι
621 618 770 651 δακτύλιον,
787 628 835 645 κα-

59 663 112 695 θὼς
134 662 196 690 εἷπε
223 663 323 698 Κύριος
347 663 413 699 πρὸς
439 664 558 697 Μωσῆν·
588 665 633 690 καὶ
653 663 791 698 ἐπιθήσεις
806 665 836 690 τὸ

59 710 161 742 λογεῖον
178 709 223 735 ἐπὶ
239 709 269 734 τὸ
286 708 380 743 στῆθος
396 708 441 734 τοῦ
464 708 577 743 Ἀαρὼν,
595 709 641 734 καὶ
656 709 778 743 ποιήσεις
791 709 836 735 δα-

57 755 165 781 κτύλιον
194 753 322 790 χρυσοῦν,
346 754 392 780 καὶ
415 754 662 788 συναρμολογήσεις
686 755 765 780 αὐτὸν
788 754 835 780 τοῦ

57 801 171 834 Λογείου
197 802 252 831 τοῖς
275 801 399 835 χείλεσιν,
416 800 458 834 ἐφ’
475 797 497 832 ᾧ
524 800 557 826 δι’
585 799 666 826 αὑτοῦ
690 800 744 826 τῶν
771 801 835 827 υῑών

58 846 166 880 Ἰσραὴλ
180 845 386 880 ἀπογράφεσθαι
406 844 440 871 τὰ
459 845 587 879 ὀνόματα.
617 845 695 876 Heio;
713 846 740 871 δὲ
758 844 834 876 οὗτος

58 892 131 922 tm;
158 891 195 916 Τὸ
215 891 411 925 πατριαρχικδν
434 890 639 925 βουλλωτήριον,
665 891 695 916 τὸ
711 891 785 925 παρὰ
798 891 836 925 τῷ
853 883 872 910 Β

57 936 152 971 στήθει
177 935 225 961 τοῦ
248 934 452 970 χαρτοφύλακος
466 935 679 971 ἀπῃωρημένον,
696 931 735 966 ὡς
748 935 834 968 εἴωθε,

56 982 153 1016 δοχεξῳ
168 980 345 1015 καθεστηκότι
357 981 465 1014 λογικοῦ
478 981 603 1007 παντοίου
630 981 837 1016 σπουδάσματος

58 1027 138 1062 (Τοῖς
156 1026 211 1060 γὰρ
234 1025 328 1059 ἀξίοις,
351 1027 428 1060 φησὶ,
452 1025 543 1052 δοτέον
567 1026 599 1052 τὰ
619 1026 779 1061 ἀξιώματα)
802 1027 836 1052 δι’

57 1068 88 1098 οὗ
106 1073 170 1102 τοὺς
186 1070 345 1105 ὁλοθρευτὰς
369 1071 547 1105 ἀσφαλιζεται
570 1071 618 1097 σὺν
634 1071 761 1106 σφραγῖδι
789 1072 836 1098 καὶ

57 1117 160 1152 χάριτι,
173 1117 235 1147 τοὺς
250 1115 425 1149 ἁμαρτωλοὺς
443 1115 599 1150 ἐπιστρέφει
611 1116 775 1150 σὺνγραφίδι
790 1116 836 1142 καὶ

59 1163 165 1196 μέλανι,
188 1162 250 1192 τοὺς
264 1161 515 1196 καταπονουμένους
531 1161 658 1187 διεκδιχεί
673 1161 720 1187 σὺν
737 1161 836 1196 βακτη-

60 1206 103 1241 ρίᾳ
124 1205 173 1231 καὶ
190 1205 313 1239 σύριγγι,
333 1206 378 1231 καὶ
397 1206 458 1236 τοὺς
478 1205 569 1239 ἀξίους
582 1205 621 1241 τῷ
635 1205 767 1242 πνεύματι
788 1215 836 1242 χα-

61 1250 203 1286 ρισμάτων
232 1250 377 1285 ἱερατικῶν
405 1251 492 1284 ἀξιοῖ·
519 1252 581 1282 τοὺς
609 1252 659 1286 μὲν
688 1253 766 1284 ἐκτὸς
788 1253 835 1280 τοῦ

59 1296 191 1331 βήματος,
222 1295 444 1330 κληρικοποιῶν·
477 1297 539 1327 τοὺς
565 1297 593 1322 δὲ
622 1297 712 1329 ἐντὸς,
734 1298 836 1324 τελειο-

59 1341 155 1367 ποιῶν.
182 1341 231 1366 Διὰ
246 1340 339 1367 τούτου
355 1340 403 1366 καὶ
418 1340 487 1366 κατὰ
505 1341 594 1367 πᾶσαν
610 1341 658 1375 τὴν
675 1341 835 1377 οἰκουμένην

57 1385 152 1420 σχεδὸν
168 1386 352 1420 πατριαρχικὰ
367 1386 573 1420 καταγράφεται
592 1386 638 1411 καὶ
655 1385 745 1412 δίδωσι
759 1394 835 1412 σταυ-

56 1430 189 1464 ροπήγια,
214 1430 259 1456 καὶ
277 1429 380 1456 πολλῶν
410 1430 513 1459 πόλεων
529 1431 739 1465 ὲκκλησιαστικὰ
757 1440 837 1466 μετα-

55 1475 148 1509 τίθησι
164 1475 281 1509 κάρηνα,
300 1476 339 1506 sic
355 1477 405 1510 τῆς
421 1476 530 1510 πρώτης
542 1476 661 1511 κεφαλῆς
674 1476 705 1502 τὸ
721 1477 835 1504 avem-

57 1529 112 1555 ρον.
122 1521 243 1546 Δίδονται
253 1520 295 1546 διὰ
308 1521 404 1547 τούτου
415 1521 452 1556 τῷ
467 1521 650 1557 χαρτοιρύλακι
664 1522 709 1548 καὶ
721 1522 750 1548 ἀἱ
762 1523 836 1554 κλεῖς
847 1539 869 1571 C

55 1567 105 1600 τῆς
121 1566 260 1600 βασιλείας
271 1567 324 1592 τῶν
338 1567 467 1602 οὐρανῶν,
495 1568 532 1599 ὠς
549 1567 599 1593 ύπὺ
614 1567 659 1593 τοῦ
682 1568 783 1602 Κυρίου
796 1569 836 1603 τῷ

56 1611 128 1646 φίλῳ
144 1611 238 1646 Πέτρῳ
252 1610 298 1637 καὶ
312 1611 429 1645 μαθητῇ.
445 1611 513 1644 Φησὶ
524 1612 587 1647 γὰρ,
599 1610 652 1638 οἷον
664 1612 731 1646 πρὸς
745 1612 835 1645 αὑτὸν,

54 1657 68 1681 ὁ
84 1655 172 1690 μέγας
190 1656 344 1689 ἁρχιερεύς-
365 1657 397 1682 '0
411 1656 457 1682 ἐὰν
471 1657 552 1693 λύσῃς
571 1656 617 1682 ἐπὶ
625 1658 674 1691 τῆς
687 1658 749 1692 γῆς,
760 1657 835 1684 ἔσται

54 1700 204 1734 λελυμένον
217 1700 245 1726 ὲν
257 1702 312 1732 τοῖς
326 1701 448 1736 οὐρανοῖς
460 1710 466 1717 ·
486 1702 532 1728 καὶ
547 1701 561 1727 δ
572 1702 619 1728 ἐὰν
633 1702 717 1737 δήσῃς
728 1703 773 1728 ἐπὶ
785 1703 836 1737 τῆς

54 1745 118 1780 γῆς,
138 1744 215 1771 ἔσται
236 1745 374 1780 δεδεμένον
391 1746 436 1773 καὶ
453 1747 481 1773 ὲν
497 1748 552 1778 τοῖς
565 1747 700 1782 οὐρανοῖς.
732 1748 786 1774 Καὶ
806 1749 836 1774 τὸ

55 1791 167 1816 πάντων
188 1790 352 1825 καινότερον,
369 1791 398 1817 οὐ
423 1791 500 1826 μόνον
517 1788 594 1823 οὗτος
612 1792 748 1827 τοσαύτης
762 1793 836 1825 ἐξου-

56 1835 117 1865 σίας
134 1834 283 1869 ἐπλούτησε
302 1836 433 1870 χάρισμα,
453 1836 520 1863 ἀλλὰ
540 1837 587 1863 καὶ
601 1836 624 1862 οῑ
639 1836 667 1869 ἐξ
687 1836 768 1863 αὐτοῦ
787 1837 836 1872 τὴν

54 1879 136 1915 χάριν
161 1880 264 1913 ταύτην
289 1880 481 1915 λαμϐάνοντες.
517 1881 677 1914 Ἐπιτρέπει
696 1881 749 1916 γὰρ
764 1881 837 1916 ἱερα-

53 1925 166 1951 τεύουσι
186 1926 327 1959 μοναχοῖς,
352 1925 501 1960 ἀνθρώπων
532 1926 656 1961 δέχεσθαι
680 1925 834 1960 λογισμοὺς,

54 1971 103 1997 καὶ
129 1970 304 2005 διαρῤήσσειν
332 1971 538 2005 ἁμαρτημάτων
567 1972 750 2006 χειρόγραφα·
769 1972 836 2007 ὅπερ

54 2016 149 2050 μόνοις
168 2016 326 2047 ἐπισκόποις
342 2016 395 2041 ἀπὸ
413 2015 460 2042 τοῦ
482 2017 613 2049 παναγίου
632 2017 735 2043 δέδοται
751 2017 835 2043 Ilvati-

55 2068 154 2094 ματος.
187 2059 236 2085 "Av
255 2060 314 2093 ῐδῃς
338 2059 366 2085 δὲ
382 2059 475 2086 τοῦτον
496 2060 641 2091 συνοδικῶς
664 2061 835 2095 σχεδιάζοντα

52 2106 105 2131 ὅσα
124 2104 213 2131 λαλῶν
228 2105 338 2139 λαλήσει
353 2105 465 2140 Μωσῆς,
480 2106 592 2132 κάκεῖνα
608 2106 752 2141 κρουνηδδν
767 2106 836 2132 ἀπο-

53 2152 268 2186 στοματίζοντα,
285 2153 334 2178 ὅσα
355 2152 501 2186 νεφελώσει
517 2153 563 2179 καὶ
581 2153 710 2179 ὐδατώσει
727 2154 775 2188 τῆς
793 2162 835 2180 κε·

52 2197 146 2232 φαλῆς
163 2198 179 2231 ἡ
199 2197 348 2231 ἀκρώρεια,
369 2197 399 2223 οὐ
415 2197 542 2231 ζητήσεις
571 2198 633 2224 [δεῖν
660 2198 763 2233 Ἀαρὼν
777 2199 834 2224 θεο-
848 2211 875 2241 D

53 2242 174 2277 γράφων
191 2242 303 2267 πλαχῶν
320 2242 525 2275 ἀπαγγέλλοντα
544 2242 669 2276 ῥήματα,
700 2243 759 2269 οὐδὲ
783 2243 836 2269 Βα-

53 2290 123 2323 ροὺχ
146 2286 305 2321 περιδεξεως
322 2287 549 2321 ἀπογραφόμενον
573 2287 620 2321 τῆς
648 2287 777 2318 Ἰουδαίας
789 2288 837 2323 τὴν

52 2333 160 2360 ἅλωσιν
171 2341 178 2347 '
203 2332 361 2367 ἀρκεσϋήσῃ
375 2332 403 2358 δὲ
425 2333 480 2363 τοῖς
494 2331 564 2358 οὕτω
575 2333 769 2367 πραττομένοις
786 2333 837 2359 ὑπὸ

52 2378 102 2404 τοῦ
129 2376 358 2412 χαρτοφύλακος,
383 2377 429 2403 καὶ
448 2378 658 2411 Δευτερονὸμιον
688 2377 838 2412 συμιιτιῑραι⁹

50 2429 143 2447 νουσι.
162 2421 231 2455 Πρὸς
249 2420 352 2451 τούτοις
367 2420 515 2455 Θαύμασον,
534 2419 591 2451 πῶς
604 2421 657 2447 τῶν
669 2421 747 2448 Θείων
761 2421 839 2448 κανό-

51 2473 108 2489 νων
129 2462 220 2497 μόνοις
235 2464 449 2499 ὲκχωρησάντων
460 2466 515 2495 τοῖς
536 2466 564 2490 ὲν
580 2464 689 2491 πόλεσιν
707 2465 838 2500 ἀρχιερα-

51 2507 167 2534 τεύουσι
188 2508 237 2541 τὴν
259 2510 307 2533 τοῦ
323 2508 457 2534 διδάσκειν
470 2509 514 2533 τὸν
529 2508 591 2534 λαὸν
610 2510 837 2543 σεμνοπρέπειαν,

49 2555 64 2580 ὁ
83 2552 261 2587 χαρτοφύλαξ
275 2553 322 2578 καὶ
345 2553 423 2588 μόνος
445 2555 474 2579 τὸ
496 2553 630 2580 διδάσκειν
648 2553 838 2589 κατηχητικῶς

49 2599 98 2626 τὸν
126 2598 190 2624 λαὸν
217 2599 259 2624 ἐπ’
277 2598 423 2633 ἐκκλησίας
451 2598 664 2634 ἁπεκληρώσατο
687 2607 694 2615 ·
715 2599 772 2630 πῶς
789 2599 838 2630 τὰς

52 2643 259 2678 πατριαρχικὰς
276 2644 434 2677 διαγνώσεις
449 2644 639 2679 καλλιγραφεῖ,
656 2644 703 2670 καὶ
719 2644 839 2677 ὑπογρα-

51 2690 119 2723 φαῖς
134 2688 251 2719 οἰκείαις
276 2689 322 2715 καὶ
342 2691 472 2724 σφραγῖσι
499 2690 681 2722 κατεμπεδοῖ·
709 2690 756 2715 καὶ
780 2688 837 2719 πῶς

51 2735 236 2769 δικαστηρίου
265 2734 380 2768 μεγάλου
403 2734 573 2769 προκάθηται
602 2735 649 2760 καὶ
679 2734 837 2761 mxumam:

52 2779 128 2805 κατὰ
145 2778 196 2812 μὲν
216 2778 314 2809 παντὸς
329 2778 484 2812 ἀνθρώπου,
500 2778 549 2805 κᾶν
566 2777 625 2808 οἵας
646 2777 678 2804 ἃν
691 2778 733 2812 εἴη
755 2777 837 2812 τύχης

55 2824 102 2850 καὶ
119 2823 241 2858 φύσεως,
259 2824 321 2859 περὶ
350 2823 580 2858 ἑκκλησιαστικῶν
596 2823 769 2858 ζητημάτων,
790 2823 837 2850 καὶ

888 258 989 291 carnis,
1011 258 1146 285 hominem
1175 259 1201 286 in
1236 260 1288 286 hoc
1303 264 1388 293 coetu,
1415 260 1461 294 qui
1479 261 1632 294 egrediatur
1650 270 1664 287 a

889 302 957 329 facie
983 310 1053 335 mea,
1082 312 1091 328 ι
1110 308 1136 330 et
1156 303 1321 338 ingrediatur
1336 309 1399 332 ante
1414 305 1509 332 facietn
1525 313 1629 339 eorum,
1640 311 1666 333 et

888 348 1045 376 introducat
1057 357 1103 376 eos
1113 349 1146 375 ad
1160 357 1212 381 me,
1226 354 1250 376 el
1267 349 1382 377 abducat
1399 357 1446 377 eos
1460 357 1475 377 a
1490 358 1532 377 me
1546 359 1552 377 :
1569 351 1667 385 quibus

888 394 979 427 dictis,
1007 402 1102 422 manus
1125 395 1151 421 ei
1171 402 1235 422 suas
1253 395 1375 429 imponit,
1401 399 1428 422 et
1445 395 1490 422 dat
1507 396 1530 422 ei
1555 397 1666 430 gloriam

889 447 976 471 suam,
994 444 1023 467 ut
1037 441 1147 467 audiant
1158 448 1218 467 eum
1235 440 1283 467 filii
1300 440 1417 468 lsraelis.
1433 440 1520 468 Etiam
1540 442 1563 468 ei
1580 441 1669 476 porri—

889 485 927 520 git
941 486 968 511 in
981 493 1090 512 manum
1107 486 1236 512 annulqu
1256 493 1367 513 aureum
1380 506 1387 518 ,
1409 486 1480 512 sicut
1495 490 1522 513 et
1539 485 1668 513 Dominus

889 530 921 557 ad
939 530 1039 557 Mosem
1050 530 1118 557 dixit
1131 540 1137 557 :
1154 530 1186 556 Et.
1197 530 1318 565 importes
1330 529 1472 557 Rationale
1487 537 1570 564 super
1582 531 1668 557 Aaro-

889 574 933 601 nis
952 579 1059 609 pectus,
1074 579 1101 602 et
1118 575 1249 602 annulum
1270 574 1353 602 facies
1372 582 1497 606 aureum,
1514 579 1540 602 et
1560 582 1669 602 necom-

889 621 1014 647 ntodabis
1036 628 1095 647 eum
1110 621 1194 648 labris
1210 621 1297 655 ipsius
1313 621 1474 654 Rationalis,
1494 625 1522 647 ut
1542 629 1588 656 per
1607 629 1666 648 eutn

890 665 999 691 nomina
1016 662 1130 692 ﬁliorum
1147 665 1256 692 lsraelis
1271 666 1472 692 describantur.
1500 665 1533 692 Et
1556 666 1667 700 quinam

889 710 912 738 is
926 709 988 737 est?
1005 709 1186 737 Patriarchale
1200 710 1381 742 bulloterium,
1400 718 1448 745 pro
1466 719 1539 738 more
1555 719 1670 745 suspen-

890 763 949 782 sum
967 757 999 781 ad
1014 755 1169 782 chartularii
1187 760 1290 790 pectus,
1306 756 1506 789 receptaculum
1519 757 1600 783 studii
1620 757 1669 784 du-

889 801 1037 827 ctrinarum
1050 800 1139 827 omnis
1152 802 1270 834 generis,
1287 801 1387 835 (dignis
1400 801 1483 832 enim,
1499 801 1569 835 quod
1580 801 1668 835 aiunt,

889 846 1059 872 concedenda
1078 845 1315 880 suntdignilates),
1324 853 1377 880 quo
1390 847 1570 874 internecivos
1582 849 1668 873 munit

887 898 948 917 cum
962 890 1050 925 sigillo
1063 894 1088 918 et
1101 891 1197 926 gratia,
1216 896 1371 925 peccatores
1382 892 1515 918 convertit
1533 900 1593 919 cum
1606 892 1667 919 stilo

887 939 913 962 et
932 937 1084 961 atramento
1099 954 1106 965 ,
1123 937 1249 968 gravatos
1267 933 1456 961 afflictionibus
1471 934 1589 960 defendit
1606 941 1666 960 cunt

887 978 983 1004 baculo
997 982 1024 1005 et
1040 978 1140 1009 fistula,
1162 977 1256 1012 dignos
1276 977 1392 1011 denique
1407 977 1517 1012 spiritus
1528 978 1606 1004 donis
1624 985 1668 1004 sa-

887 1022 1070 1049 cerdotalibus
1092 1021 1194 1048 allicit:
1213 1022 1275 1048 dum
1307 1029 1354 1049 eos
1377 1021 1422 1056 qui
1455 1027 1531 1048 extra
1555 1023 1665 1056 gradum

887 1067 1025 1094 constituti
1041 1071 1114 1100 sunt,
1134 1067 1248 1094 clericos
1265 1066 1328 1093 facit
1345 1076 1352 1098 ;
1369 1067 1453 1101 gradu
1475 1067 1662 1101 comprcelten-

887 1119 943 1144 sos,
973 1112 1086 1146 perﬁcit.
1119 1111 1175 1138 [loc
1202 1112 1393 1146 patriarchalia
1423 1112 1553 1139 describit
1574 1117 1600 1139 ct
1622 1112 1668 1140 dat

888 1158 1060 1191 stauropegia
1077 1164 1123 1191 per
1139 1157 1296 1184 universum
1313 1164 1395 1192 prope
1410 1161 1543 1184 terrarum
1561 1158 1676 1192 orhem,_

887 1210 917 1231 ac
937 1203 1082 1230 multarum
1103 1203 1209 1230 urbium
1229 1203 1413 1230 ecclesiastica
1433 1204 1521 1238 capita
1540 1203 1668 1231 transfert

886 1248 919 1275 ad
947 1249 1026 1283 primi
1053 1248 1149 1283 capitis
1177 1249 1289 1282 regiam.
1319 1248 1368 1275 Dat
1395 1249 1475 1275 etiam
1502 1249 1668 1276 cbartnlario

886 1293 1039 1328 patriarcha
1065 1294 1154 1321 claves
1178 1293 1252 1328 regni
1278 1294 1419 1324 caelorum.
1443 1293 1521 1319 sicuti
1548 1300 1611 1320 caro
1630 1293 1666 1320 illi

886 1339 975 1370 Petro,
1000 1339 1142 1373 eidemque
1164 1337 1299 1372 discipulo
1325 1339 1393 1364 datte
1416 1342 1479 1364 sunt
1502 1345 1517 1364 a
1543 1337 1666 1366 Domino.

886 1383 991 1418 Quippe
1011 1384 1081 1411 sicut
1096 1383 1225 1410 Dominus
1244 1383 1276 1409 ad
1291 1383 1374 1415 hunc,
1391 1383 1426 1409 ita
1447 1390 1561 1417 magnus
1575 1383 1668 1418 ponti-

885 1428 929 1456 fex
945 1429 978 1456 ad
997 1428 1073 1455 il!um
1093 1437 1100 1455 :
1118 1425 1254 1463 Quidquid
1272 1428 1396 1461 solveris,
1419 1429 1516 1463 inquit,
1539 1429 1566 1456 in
1584 1433 1666 1462 terra,

885 1474 1001 1502 solutum
1016 1474 1102 1501 eritin
1114 1474 1190 1501 ccelis
1200 1483 1206 1501 :
1216 1476 1243 1501 et
1257 1473 1389 1508 quidquid
1404 1473 1529 1508 ligaveris
1541 1474 1567 1501 in
1582 1479 1665 1507 terra,

886 1518 998 1554 ligatum
1019 1519 1101 1545 etiam
1120 1519 1147 1545 in
1163 1518 1241 1545 caelis
1259 1518 1321 1545 erit.
1341 1518 1372 1545 Et
1391 1518 1464 1553 quod
1484 1518 1610 1553 inprimis
1626 1523 1667 1546 est

886 1570 996 1596 novum,
1010 1570 1062 1590 non
1078 1563 1165 1590 solum
1179 1563 1224 1589 hic
1234 1567 1314 1590 tanta:
1331 1563 1472 1597 potestatis
1488 1563 1586 1598 largam
1600 1571 1668 1590 con-

886 1614 995 1636 secutus
1011 1614 1051 1637 est
1067 1609 1180 1644 gratiam
1199 1620 1205 1636 :
1224 1616 1317 1636 verum
1334 1609 1416 1635 etiam
1434 1608 1477 1641 iis,
1493 1608 1538 1643 'qui
1554 1610 1666 1643 gratiam

887 1654 955 1681 hanc
971 1654 1004 1681 ab
1017 1654 1076 1688 ipso
1091 1653 1237 1688 accipiunt.
1257 1653 1332 1680 Facit
1348 1654 1418 1680 enim
1431 1657 1592 1687 potestatem
1610 1661 1667 1680 mo-

885 1699 981 1727 nachis
994 1701 1166 1727 sacerdotum
1183 1707 1283 1726 munus
1299 1698 1522 1734 suscipientibus,
1541 1699 1665 1725 audiendi

886 1744 1004 1771 rationes
1022 1743 1174 1776 hominum,
1193 1748 1218 1770 et
1233 1747 1403 1778 peccatorum
1428 1744 1607 1777 chirographa
1624 1743 1666 1769 di-

885 1787 1048 1822 scerpendi:
1073 1788 1144 1822 quod
1162 1788 1264 1822 alioqui
1287 1788 1353 1815 solis
1375 1787 1508 1825 episcopis
1524 1795 1539 1814 a
1564 1787 1666 1822 Spiritu

885 1836 981 1859 sancto
1006 1839 1167 1859 concessum
1193 1836 1245 1858 est.
1271 1831 1348 1864 Quod
1374 1832 1396 1858 si
1429 1832 1522 1858 videas
1542 1831 1616 1858 illum
1639 1832 1666 1858 in

886 1878 989 1913 synodo
1009 1878 1077 1904 citra
1099 1877 1299 1904 meditationem
1307 1885 1337 1903 ea
1352 1877 1544 1911 proferentem,
1556 1885 1616 1912 qnze
1625 1879 1666 1904 vel

885 1923 953 1956 ipse,
978 1923 1001 1950 si
1027 1922 1170 1950 dicendum
1200 1922 1224 1949 ei
1254 1922 1333 1954 foret,
1364 1923 1392 1949 in
1420 1922 1536 1950 medium
1561 1924 1667 1951 afferret

886 1967 973 1994 Moses
990 1976 997 1994 :
1022 1966 1168 2001 itidemque
1183 1967 1262 1994 silani
1277 1967 1304 1993 in
1320 1974 1423 1994 moretn
1440 1974 1472 1994 ea
1485 1968 1667 2002 pronuntian-

886 2014 950 2042 tem,
964 2018 1025 2045 ηοω
1047 2011 1143 2045 capitis
1162 2011 1214 2045 ipsi
1235 2015 1326 2037 vertex
1346 2011 1432 2038 instar
1448 2012 1530 2038 nubis
1546 2017 1572 2038 et
1590 2020 1666 2046 aqua:

886 2055 1038 2090 suppeditat
1055 2064 1061 2082 :
1080 2055 1214 2082 Aaronem
1231 2055 1323 2082 videre
1338 2062 1392 2082 non
1408 2055 1586 2088 desiderabis,
1599 2056 1667 2083 scri-

885 2107 992 2135 ptarum
1011 2101 1143 2129 divinitus
1159 2102 1312 2128 tabularum
1332 2103 1412 2128 verba
1427 2102 1582 2129 recitantem
1596 2110 1604 2135 ;
1620 2110 1668 2129 ne-

886 2154 938 2181 que
951 2146 1115 2179 Barucltum,
1138 2147 1231 2174 dextre
1250 2146 1433 2181 captivitatem
1448 2146 1547 2174 Judtcaa
1561 2146 1666 2174 descri-

889 2191 995 2218 bentem
1013 2200 1018 2218 :
1042 2191 1088 2218 sed
1101 2196 1245 2219 contentus
1259 2191 1293 2218 iis
1313 2191 1378 2225 eris,
1403 2199 1462 2226 quae
1483 2193 1666 2220 chartularius

888 2241 957 2271 aget,
973 2244 1085 2271 quaeque
1103 2236 1340 2264 Deuteronomium
1356 2237 1511 2271 perﬁciunt.
1533 2237 1579 2265 Est
1598 2245 1667 2271 pne-

885 2283 959 2307 terea
973 2280 1045 2315 quod
1060 2280 1178 2313 mireris,
1192 2288 1250 2307 cum
1269 2280 1340 2307 sacri
1358 2287 1475 2307 canones
1494 2282 1666 2316 permiserint

887 2325 994 2352 urbium
1013 2325 1143 2352 duntaxat
1159 2325 1333 2359 pontificibus
1347 2326 1537 2354 auctoritatem
1551 2327 1665 2354 docendi

886 2370 1038 2404 populum;
1057 2370 1234 2398 nihilominus
1259 2371 1453 2398 chartulariutn
1475 2373 1563 2399 solum
1591 2379 1667 2399 more

887 2416 1053 2442 eatechetico
1066 2416 1192 2450 populum
1208 2416 1236 2443 in
1247 2417 1361 2444 ecclesia
1375 2417 1488 2444 docendi
1502 2422 1662 2453 potestatem

888 2462 1014 2488 sortitum
1037 2469 1119 2488 esse:
1142 2462 1336 2495 patriarchales
1356 2463 1479 2490 eumdem
1498 2463 1666 2498 cognitiones

887 2505 915 2531 in
937 2505 1040 2532 litteras
1058 2505 1168 2537 referre,
1198 2506 1310 2541 suisque
1325 2507 1573 2542 subscriptionihns
1587 2511 1613 2534 et
1630 2507 1667 2533 si-

888 2551 959 2585 gillis
983 2550 1090 2577 munire
1109 2560 1115 2576 :
1135 2558 1234 2586 magno
1255 2552 1402 2586 praesidere
1426 2553 1563 2584 tribunali,
1579 2557 1603 2579 et
1621 2552 1666 2585 jus

888 2603 949 2622 cum
973 2595 1077 2622 homini
1100 2595 1187 2622 cuivis
1212 2597 1312 2629 dicere,
1342 2598 1530 2632 cujuscunque
1557 2598 1664 2625 tandem

888 2640 1003 2667 fortunae
1017 2641 1050 2667 sit
1063 2647 1094 2667 ac
1105 2647 1196 2672 sexus,
1212 2641 1239 2668 in
1256 2641 1450 2676 quaestionibus
1463 2641 1663 2673 ecclesiasticis,

887 2691 914 2712 et
928 2685 1009 2712 animi
1025 2685 1184 2712 delictorum
1201 2686 1388 2712 emendatione
1406 2689 1480 2712 :tum
1501 2693 1563 2722 yero
1575 2694 1666 2712 sacer-

887 2731 996 2758 dotibus
1018 2735 1045 2757 et
1061 2731 1213 2762 monachis,
1236 2731 1262 2757 in
1280 2730 1376 2765 quavis
1400 2731 1532 2757 critninali
1553 2736 1579 2758 et
1592 2732 1664 2758 civili

888 2783 980 2803 causa.
999 2776 1103 2810 Quippe
1117 2776 1157 2802 vel
1177 2775 1210 2803 ad
1227 2775 1300 2810 ipsas
1315 2782 1401 2809 usque
1412 2775 1498 2803 Gades
1513 2776 1664 2810 juristlictio

889 2822 1047 2850 chartularii
1064 2821 1191 2857 pertinet,
1211 2821 1232 2848 si
1248 2822 1308 2856 quis
1328 2822 1504 2854 concesserit,
1518 2828 1596 2849 etiam
1611 2823 1661 2852 illit
