1894 3072
224 144 293 176 1943

838 143 887 173 ΤΗ
893 144 974 173 EOD.
997 142 1231 174 BALSAMONIS

1754 134 1817 167 ιοιι

219 208 326 242 aliquos
350 205 482 238 habitare,
513 204 582 232 solio
606 203 907 238 Constantinopolitano
929 205 994 231 sub-

1047 203 1209 237 σφαλμάτων
1224 200 1346 236 ψυχικῶν
1362 198 1538 234 διορθώσεως.
1561 197 1640 225 Κατὰ
1655 197 1685 224 δὲ
1706 198 1817 232 ἱερωμέ-

219 254 318 287 jectos.

1047 256 1099 273 νων
1125 247 1171 272 καὶ
1185 245 1318 280 μοναχῶν,
1346 246 1408 279 περὶ
1434 244 1521 278 πάσης
1549 242 1756 277 ὲγκληματικῆς
1778 244 1819 270 καὶ

217 295 389 331 χρηματικῆς
403 295 557 325 αιτιάσεως.
575 294 648 328 Περᾷ
671 292 723 328 γὰρ
738 293 784 319 καὶ
800 293 879 327 μέχρι
899 292 1031 326 Γαδείρων
1048 290 1140 317 αὐτῶν
1154 291 1170 324 ἡ
1183 289 1345 315 δικαιοδοσία
1379 287 1425 315 τοῦ
1461 287 1675 323 χαρτοφύλακος,
1714 288 1738 312 εί
1768 287 1819 322 δοίη

217 349 257 372 τις
273 339 381 366 κὰκεῖσέ
400 346 474 369 τινας
487 338 620 364 κατοικεῖν
635 337 832 371 ὑποκειμένους
845 336 883 371 τῷ
905 336 990 371 θρόνῳ
1008 336 1057 370 τῆς
1070 334 1389 365 Κωνσταντινουπόλεως.

252 384 310 412 lam
340 391 414 416 vero,
445 383 516 419 quod
545 383 671 417 pra-Sidet
700 383 756 417 ipse
785 382 926 409 duodecim
946 389 993 416 pa-

218 430 409 457 triarchalihus
445 428 571 459 notariis,
610 435 667 454 eam
689 435 720 455 ex
746 429 807 455 sede
833 428 910 453 ﬁJem
936 427 988 453 ha-

218 475 354 504 bentibus,
391 481 472 505 quain
503 472 604 499 habent
634 472 774 499 duodecim
805 472 902 499 netarii
939 475 992 498 lall

219 518 289 548 Veli.
312 526 392 552 quam
409 517 585 551 llippodrotui
611 517 734 551 judicum
767 517 855 552 (mitto
877 525 993 552 namque

220 564 322 594 dicere,
359 563 400 588 bis
426 562 588 588 duodecim:
618 569 678 588 cum
704 561 918 595 patriarcharum
942 561 993 588 hu-

222 609 337 635 manitas
354 613 379 634 et
410 608 556 634 submissio
584 607 702 642 pertrahi
732 615 761 633 se
789 614 842 633 non
877 607 994 642 patiatur

218 656 249 680 ad
276 654 449 680 evertendqu
476 661 517 685 ea,
541 661 600 687 qua:
622 652 772 686 antiquitus
795 652 822 678 in
840 660 889 679 ttsu
905 653 993 686 sunl),

219 706 249 724 ac
266 698 368 723 ratione
390 696 536 727 consituili,
562 697 632 730 quod
650 696 775 729 praesidet
807 700 870 723 ante
894 700 993 723 metro-

219 743 354 776 politanos
371 742 396 768 in
414 741 590 768 clectionihus
606 741 793 775 episcoporum
810 741 842 766 ad
867 746 994 767 vacantes

223 787 364 818 ecelcsias,
388 791 412 812 et
429 785 455 812 in
470 785 501 811 iis
516 785 630 819 publicis
646 784 848 819 congressibus,
863 785 908 818 qui
920 789 995 811 extra

1079 381 1115 408 Τὸ
1129 381 1156 408 δὲ
1172 381 1360 416 προκαθῆσθαι
1384 379 1478 405 τοῦτον
1493 378 1641 408 δωδεκαδος
1660 386 1819 412 πατριαρχι-

1044 427 1099 454 κῶν
1115 428 1246 462 νοταρίων
1261 427 1436 453 αὑτοπιστίαν
1449 425 1575 460 ἑχόντων,
1594 424 1655 450 οἵαν
1671 424 1731 458 ἔχει
1748 424 1818 457 καὶὴ

1043 473 1161 505 δωδεκὰς
1174 473 1226 499 τῶν
1240 472 1286 498 τοῦ
1298 472 1383 505 Βήλου
1398 471 1501 498 καὶτοῦ
1518 470 1699 503 Ἰπποδρόμου
1727 469 1819 503 κριτῶν

1045 519 1092 554 (ὲῶ
1107 519 1160 554 γάρ
1176 519 1261 544 εἰπεῖν
1274 517 1420 548 δωδεκάδος
1434 517 1539 551 διπλῆς,
1552 516 1593 542 ὅτι
1610 515 1667 541 τῶν
1688 523 1818 549 πατριαρ-

1044 565 1098 600 χῶν
1120 566 1137 599 ἡ
1153 563 1342 598 φιλανθρωπία
1355 565 1400 589 καὶ
1423 561 1626 595 συγκατάόασις
1643 561 1693 595 οὐχ
1718 560 1820 586 ἕλκεται

1044 610 1111 644 πρὸς
1127 610 1266 644 ἀναίρεσιν
1280 609 1334 635 τῶν
1349 607 1550 641 νενομισμένων
1570 605 1729 639 ἀνέκαθεν),
1741 605 1821 631 ὡσαύ-

1045 664 1097 686 τως
1112 656 1159 681 καὶ
1175 655 1203 681 τὸ
1219 653 1408 690 προκαθῆσθαι
1425 652 1479 678 τῶν
1494 650 1703 686 μητροπολιτῶν
1727 651 1756 675 ὲν
1771 652 1820 680 ταῖ;

1044 698 1144 733 ψήφοις
1169 697 1223 724 τῶν
1251 696 1424 731 χηρευουσῶν
1460 695 1619 728 ἁγιωτάτων
1661 694 1820 727 ἐκκλησιῶν,

1045 745 1092 770 καὶ
1107 745 1134 770 ἐν
1161 744 1221 774 ταῖς
1247 742 1345 776 ἔξωθεν
1385 741 1430 769 τοῦ
1462 740 1664 776 πατριαρχικοῢ
1702 740 1819 774 βήματος

1045 788 1201 823 γινομέναις
1216 788 1316 819 κοιναῖς
1331 786 1526 819 συνελεύσεσιν,
1545 785 1613 812 ἀλλὰ
1630 785 1686 820 μὴν
1701 786 1749 810 καὶ
1766 785 1819 817 ἑορ-

219 832 400 866 palriarchale
416 831 534 858 tribunal
553 831 630 862 ﬁunt,
646 831 699 858 imo
721 830 803 857 etiam
825 830 852 856 in
862 830 991 856 festorum

1047 833 1167 868 τασίμυις
1181 833 1329 868 πανδήμοις
1356 833 1477 864 τελεταῖς
1497 840 1528 858 τε
1542 831 1590 858 καὶ
1616 830 1817 865 πανηγύρεσιν,

219 877 333 911 publicis
354 876 516 903 caerimoniis
539 880 619 910 atque
635 875 822 907 conventibus,
838 882 889 901 non
906 875 992 901 solum

219 923 293 957 ipsas
312 923 381 949 intra
398 927 490 956 partes
522 922 653 952 ecclesia,
680 928 772 947 verum
800 919 880 946 ctiant
898 920 993 953 quovis

219 969 246 996 in
276 969 346 999 loco,
369 968 440 1001 quod
462 968 527 994 nulli
554 974 716 994 concessum
740 966 993 1000 estdiacono,pro-

219 1021 310 1049 pterea
331 1015 400 1049 quod
422 1014 530 1041 disertis
548 1013 638 1040 verbis
656 1020 670 1039 a
695 1019 761 1038 xvttt
776 1019 878 1039 canone
893 1016 994 1038 sancta:

219 1065 250 1084 ac
263 1057 422 1084 universalis
441 1057 533 1091 pritnre
550 1055 644 1090 synodi
667 1054 858 1089 prohibeatur;
875 1061 992 1089 quonam

219 1110 310 1136 quasso
325 1104 440 1134 referes,
458 1102 563 1129 auditor
576 1095 802 1136 prttdenti~sime?
815 1100 930 1127 Omnino
955 1099 993 1127 fa-

220 1148 320 1174 teberis
339 1147 434 1174 horum
461 1149 582 1173 omnium
617 1150 778 1181 potestatem
810 1146 833 1172 ci
866 1146 992 1172 tributam

219 1193 454 1227 propterea,quod
469 1192 639 1218 existimetur
663 1199 723 1218 esse
748 1199 789 1222 os,
805 1195 831 1218 ct
856 1191 943 1223 labra,
967 1196 994 1218 et

221 1244 317 1263 manus
344 1237 461 1270 quodam
499 1236 578 1262 modo
615 1236 786 1270 patriarchae.
817 1235 921 1269 Ahripit
951 1243 994 1263 me

221 1281 349 1316 proclivis
370 1281 485 1315 impetus
509 1280 602 1312 animi,
633 1284 662 1307 ut
691 1281 790 1312 dicam,
815 1284 841 1306 et
869 1284 992 1307 accurate

220 1328 363 1360 ductarem,
385 1334 465 1360 quam
480 1326 514 1353 ob
539 1333 648 1353 causam
673 1333 753 1360 supra
774 1330 885 1353 cancros
898 1326 992 1360 prasi-

219 1371 267 1398 des
280 1372 354 1398 solus
380 1370 560 1397 chartularius
581 1370 689 1397 ordines
711 1369 909 1397 ecclesiasticos
938 1377 993 1396 ma-

219 1416 286 1451 joris
318 1416 490 1443 auctoritatis
514 1423 596 1442 causa
617 1417 739 1450 geminos
763 1416 871 1448 habeat,
889 1415 993 1450 episco-

222 1461 362 1495 piattorttm
382 1461 516 1493 videlicet,
528 1468 559 1488 ac
573 1461 782 1489 secreticorum.
801 1461 852 1487 Sed
865 1461 991 1495 quoniam

220 1506 403 1534 institutionis
428 1507 525 1533 horttm
545 1506 650 1540 insigne
673 1506 807 1539 quoddam
835 1505 1028 1539 fundamen-c

223 1556 280 1578 tum
295 1555 348 1584 est,
373 1559 404 1578 ac
424 1559 467 1578 res
500 1552 556 1585 ipsa
573 1551 700 1584 postulat,
716 1551 765 1577 hoc
783 1551 868 1585 ipsum
889 1559 995 1586 quoque

225 1597 348 1623 veritatis
379 1595 537 1623 exhibendae
556 1603 637 1623 causa
665 1596 812 1623 examinari
838 1596 996 1630 :paulisper

225 1641 383 1668 differamus
404 1648 463 1668 eam
493 1641 655 1671 orationem,
688 1647 742 1673 qua
768 1641 938 1674 supradictos
969 1641 995 1668 in

223 1685 333 1712 ordines
365 1685 561 1719 disquiremus.
584 1691 615 1712 ac
647 1684 789 1717 dicamus;
821 1685 996 1719 quamobrem

223 1734 319 1765 przetcr
335 1730 371 1762 id,
387 1730 456 1764 quod
469 1730 554 1757 sacris
562 1729 712 1757 canonibus
728 1729 895 1762 continetur,
918 1730 996 1756 char-

222 1776 338 1802 tnlarius
362 1775 538 1801 diaconorum
567 1775 593 1801 in
613 1782 726 1801 numero
750 1775 916 1807 consistens,
933 1778 996 1802 ante

223 1821 364 1855 pontiﬁces
377 1820 478 1847 sedeat.
504 1819 565 1846 llaec
587 1819 747 1856 pervulgata
773 1819 888 1853 quaestio
911 1820 995 1847 multa

222 1866 338 1893 diversis
361 1865 532 1900 temporibus
557 1865 685 1891 excitavit
712 1864 854 1897 scandala,
869 1865 996 1899 varieque

220 1910 371 1944 disceptata
399 1910 450 1936 fuit
480 1911 549 1936 inter
573 1909 765 1936 chartularium
801 1912 827 1936 ct
857 1910 995 1944 pontiﬁces

223 1955 283 1981 solii
296 1954 601 1988 Constantinopolitani.
615 1954 735 1988 Cumque
750 1953 868 1988 cognitio
883 1954 996 1988 patriar-

221 2001 317 2028 chalis.
330 2000 503 2034 pontiﬁcibus
514 1999 621 2031 favens,
633 1998 735 2026 eisdem
750 1999 839 2026 obiter
851 1999 994 2033 arrideret,

222 2046 256 2071 ob
271 2045 381 2072 indicati
395 2045 521 2079 superius
536 2044 648 2071 canonis
664 2045 826 2071 sententiam
841 2054 847 2071 :
861 2045 994 2079 prolatum

221 2095 262 2117 est
275 2091 391 2117 edictuin
408 2090 553 2117 clarissimi
563 2089 811 2124 principis,domini
820 2090 905 2117 Alexii
916 2090 996 2117 Com-

221 2138 294 2167 nelli,
308 2144 360 2170 quo
376 2136 430 2162 haec
443 2136 476 2162 ad
493 2135 605 2162 verbum
621 2135 796 2162 continentur
810 2143 816 2161 :

260 2191 269 2207 ι
287 2181 469 2208 Ecclesiastici
486 2180 539 2215 (62)
559 2180 648 2208 decori
670 2187 762 2206 curam
777 2179 904 2213 majeslas
933 2186 992 2207 mea
1008 2183 1032 2211 Ι)

222 2233 331 2260 gerens.
352 2232 378 2253 et
409 2234 470 2253 cum
491 2227 518 2252 in
550 2225 622 2252 omni
640 2225 711 2253 civili
741 2229 813 2252 statu
828 2224 929 2251 bonum
949 2232 997 2252 or-

223 2271 314 2298 dinem
330 2272 481 2305 requirens,
497 2275 553 2297 tum
567 2271 592 2297 in
613 2271 663 2298 hoc
675 2269 812 2297 studiosus
825 2269 996 2303 incumbens,

223 2321 254 2343 ut
277 2317 301 2343 is
329 2316 413 2351 magis
436 2317 518 2343 etiam
544 2316 630 2343 sacris
657 2316 683 2342 in
715 2315 796 2342 rebus
817 2315 996 2348 observetur;

224 2362 366 2397 privilegia
392 2365 488 2396 cuique
512 2361 916 2396 graduum'ecciesiasticorum
939 2353 995 2396 j—am

223 2407 288 2434 olim
305 2407 415 2438 tributa,
432 2415 547 2442 eumque
572 2411 683 2440 statum,
703 2407 750 2442 qui
768 2407 900 2433 hactenus
916 2406 944 2433 in
955 2405 995 2432 eis

223 2452 320 2487 viguit,
342 2453 422 2479 etiam
450 2453 578 2487 deinceps
589 2452 783 2479 immutabilem
804 2452 953 2479 subsistere
965 2458 996 2478 ac

224 2506 384 2534 permanere
399 2499 486 2533 cupit,
513 2502 539 2526 et
566 2506 670 2533 aequum
693 2502 798 2531 censet,
827 2497 996 2526 sanctissime

222 2543 341 2574 domine,
376 2543 449 2570 velut
477 2551 492 2579 α
520 2546 560 2570 tot
588 2543 666 2570 annis
689 2547 838 2577 acceptum,
863 2547 889 2569 et
915 2542 996 2576 longo

220 2588 275 2623 jam
291 2588 380 2622 spatio
394 2588 521 2622 temporis
550 2589 733 2619 observatum,
766 2591 792 2614 et
814 2587 948 2622 perpetuis
963 2587 996 2615 ab

224 2642 278 2662 uno
295 2639 415 2670 tempore
431 2636 458 2662 in
488 2634 562 2662 aliud
591 2634 828 2669 progressionibus
857 2634 997 2668 hucusque

223 2681 292 2709 citra
323 2681 500 2713 mutationem
523 2682 652 2715 praeclare
676 2681 868 2707 conﬁrmatum
893 2687 924 2707 ac
941 2685 998 2707 sta-

1046 880 1075 906 οὐ
1092 880 1171 915 μόνον
1186 879 1260 910 ὲντὺς
1284 878 1337 906 τῶν
1359 878 1407 913 τῆς
1433 878 1578 912 ἐκκλησίας
1596 877 1698 912 μερῶν¹
1716 876 1776 903 ἀλλ’
1796 876 1820 901 ἐν

1045 926 1119 960 τόπῳ
1137 926 1229 958 παντὶ,
1258 925 1326 959 ὅπερ
1349 924 1436 950 οὐδενὶ
1460 923 1575 958 διακόνῳ
1598 922 1819 957 πεφιλοτίμηται,

1046 971 1088 996 δια
1105 970 1134 996 τὸ
1147 969 1238 1004 ῥητῶς
1262 969 1314 995 ὑπὸ
1336 968 1383 995 τοῦ
1400 967 1434 1002 ιη’
1453 967 1562 998 κανόνος
1590 967 1642 1002 τῆς
1669 967 1752 1000 ἁγίας
1781 967 1821 992 καὶ

1045 1014 1236 1049 οἱκουμενικῆς
1247 1014 1357 1049 πρώτης
1369 1013 1464 1040 σποδοῦ
1475 1012 1638 1044 κωλύεσθαι,
1654 1012 1707 1038 ποῦ
1719 1012 1822 1047 θήσεις,

1046 1061 1168 1097 ἀκροατᾶ
1203 1060 1388 1092 συνετώτατε;
1416 1059 1528 1089 Πάντως
1554 1058 1586 1084 ἂν
1610 1058 1699 1088 ιίποις
1724 1057 1821 1082 τούτοιν

1046 1107 1154 1135 πάντων
1169 1106 1277 1141 δοθῆναι
1291 1106 1339 1140 τὴν
1363 1105 1486 1136 ἐξουσίαν
1511 1103 1597 1138 αὐτῷ,
1613 1102 1658 1128 διὰ
1672 1103 1704 1128 τὸ
1719 1102 1820 1135 λογίζε-

1047 1152 1108 1179 σθαι
1123 1152 1219 1186 στόμα,
1234 1151 1280 1177 καὶ
1296 1150 1384 1186 χείλη,
1395 1150 1442 1176 καὶ
1464 1150 1556 1184 χεῖρας
1572 1149 1674 1175 ὡσανεὶ
1692 1155 1822 1181 πατριαρ-

1045 1198 1135 1233 χικάς.
1152 1196 1246 1223 Ἕλκει
1262 1205 1295 1231 με
1318 1195 1348 1222 τδ
1362 1195 1499 1230 πρόθυμον
1512 1194 1596 1220 εἰπεῖν
1609 1193 1658 1219 καὶ
1671 1192 1820 1226 ἐπεξεργά-

1047 1242 1156 1274 σασθαι,
1182 1242 1253 1272 τίνος
1268 1241 1347 1276 χάριν
1365 1239 1439 1274 παρὰ
1459 1240 1520 1270 τοὺς
1537 1239 1633 1269 ἄλλους
1652 1237 1822 1271 προκαθημὲο

1045 1296 1106 1319 νους
1123 1289 1137 1314 ὸ
1161 1286 1334 1322 χαρτοφύλαξ
1355 1286 1401 1312 καὶ
1419 1284 1498 1320 μόνος
1512 1284 1609 1314 διττοῖς
1632 1283 1823 1316 ἐκκλησιαστι-

1045 1333 1104 1364 κοῖς
1124 1332 1303 1367 μεγαλύνεται
1320 1330 1465 1364 τάγμασιν,
1485 1329 1707 1358 ίπισκοπειανοῖς
1726 1327 1822 1361 δηλαδὴ

1046 1380 1094 1406 καὶ
1109 1379 1287 1412 σεκρετικοῖς.
1305 1377 1366 1402 Ὅτι
1378 1376 1406 1402 δὲ
1420 1375 1469 1409 τῆς
1486 1373 1585 1400 τούτων
1599 1373 1737 1407 εὑρέσεως
1754 1372 1820 1399 ὕπο.

1046 1425 1134 1459 ϐάθρα
1162 1432 1205 1454 τις
1233 1422 1367 1457 τιμήεσσα
1392 1420 1542 1455 πρόκειται,
1571 1418 1618 1444 καὶ
1641 1417 1673 1443 τὸ
1707 1418 1823 1452 πρᾶγμα

1045 1469 1198 1504 παρακαλεῖ
1224 1468 1270 1494 καὶ
1292 1467 1392 1500 ταύτην
1414 1463 1696 1500 ἀργυρογνωμονῆσαι
1715 1462 1760 1488 διὰ
1779 1463 1824 1497 τὴν

1044 1517 1094 1552 τῆς
1107 1515 1232 1550 ἀληθείας
1245 1514 1426 1548 παράστασιν,
1449 1509 1622 1545 ἀναμεινάτω
1638 1508 1708 1543 πρὸς
1726 1509 1824 1542 μικρὸν

1046 1561 1150 1594 όλόγος
1176 1561 1225 1595 τὴν
1244 1559 1297 1585 τῶν
1328 1557 1464 1593 ῥηθέντων
1490 1554 1635 1588 ταγμάτων
1663 1553 1824 1587 συζήτησιν,

1045 1607 1092 1633 καὶ
1105 1604 1211 1641 ῥητέον,
1227 1604 1297 1635 τίνος
1314 1603 1392 1638 χάριν
1409 1601 1483 1636 παρὰ
1498 1601 1547 1634 τὴν
1566 1599 1618 1625 τῶν
1640 1598 1723 1625 θείων
1743 1598 1825 1624 κανό-

1045 1660 1097 1678 νων
1117 1650 1272 1686 περίληψιν,
1298 1650 1326 1676 ὲν
1352 1647 1485 1677 διακόνοις
1500 1647 1514 1672 ό
1529 1644 1705 1680 χαρτοφύλαξ
1727 1644 1824 1670 ταττόι

1047 1705 1137 1732 μενος,
1173 1695 1227 1722 τῶν
1253 1693 1401 1728 ἀρχιερέων
1435 1690 1618 1726 προκάθηται.
1647 1689 1685 1715 Τδ
1714 1688 1826 1723 ζήτημα

1044 1741 1122 1768 τοῦτο
1134 1741 1164 1767 τὸ
1174 1739 1389 1774 πολυθρύλλητον
1408 1736 1489 1764 πολλὰ
1506 1735 1578 1762 κατὰ
1600 1735 1749 1768 διαφόρους
1768 1742 1827 1759 aut.

1046 1787 1108 1821 ροὺς
1122 1787 1250 1822 ἀνήγειρε
1270 1784 1413 1815 σκάνδαλα,
1431 1783 1476 1809 καὶ
1492 1781 1596 1816 μεγάλη
1612 1779 1711 1806 τούτου
1726 1779 1826 1811 κατεξ-

1045 1833 1136 1862 έτασις
1161 1831 1256 1866 γέγονε
1281 1830 1362 1864 μέσον
1391 1829 1438 1855 τοῦ
1473 1826 1680 1862 χαρτοφύλακος
1701 1826 1752 1851 καὶ
1774 1825 1825 1850 τῶν

1045 1876 1196 1911 ἀρχιερέων
1218 1875 1265 1901 τοῦ
1295 1874 1389 1909 θρόνου
1419 1872 1467 1907 τῆς
1497 1869 1824 1899 Κωνσταντινουπόλεως.

1045 1922 1101 1949 Καὶ
1117 1922 1187 1956 τάχα
1205 1919 1350 1955 μειδιώσης
1361 1917 1516 1952 ἀκροθιγῶς
1526 1916 1576 1949 τῆς
1585 1915 1654 1950 ὑπὲρ
1669 1915 1727 1940 τῶν
1738 1916 1826 1949 ἀρχιε-

1046 1967 1115 2002 ρέων
1143 1965 1344 2001 πατριαρχικῆς
1359 1963 1530 1998 διαγνώσεως
1544 1961 1588 1988 διὰ
1602 1962 1649 1987 τὸν
1663 1961 1712 1987 τοῦ
1729 1960 1823 1995 ρηθέν-

1044 2020 1088 2043 τος
1102 2011 1228 2044 ἀνωτέρω
1241 2009 1352 2039 κανόνος
1366 2007 1520 2043 περίληψιν,
1534 2005 1727 2041 προεκομίσθη
1742 2006 1823 2040 πρόσ-

1043 2065 1137 2091 ταγμα
1156 2055 1203 2082 τοῦ
1229 2054 1350 2089 ἀοιδίμου
1370 2053 1510 2088 βασιλέως,
1535 2051 1618 2085 κυροῧ
1641 2051 1766 2084 Ἀλεξίου
1783 2051 1824 2077 τιῗ

1044 2101 1198 2137 Κομνηνοῦ,
1208 2100 1270 2127 τάδε
1284 2099 1354 2126 κατὰ.
1375 2100 1449 2133 ῥῆμα
1462 2096 1645 2128 διαλαμϐάνον
1661 2103 1670 2110 ·

1084 2198 1093 2215 ι
1120 2188 1152 2214 Ἥ
1165 2187 1287 2223 βασιλεία
1303 2194 1353 2221 μου
1368 2186 1417 2221 τῆς
1432 2183 1663 2220 ἑκκλησιαστικῆς
1677 2183 1825 2216 εὖκοσμίας

1045 2234 1235 2269 φροντίζουσα.
1268 2232 1315 2258 καὶ
1342 2232 1373 2257 τὸ
1395 2231 1526 2257 εὔτακτον
1546 2229 1591 2255 καί
1621 2229 1650 2254 ὲν
1667 2229 1751 2254 παντὶ
1779 2227 1825 2260 μὲν

1046 2278 1163 2314 ζητοῦσα
1188 2277 1227 2312 τῷ
1256 2277 1442 2311 πολιτεύματι,
1470 2274 1597 2302 ἐπι-πλέον
1613 2274 1641 2300 δὲ
1663 2275 1723 2304 τοῖς
1745 2273 1824 2303 θεῖοις

1045 2322 1123 2349 τοῦτο
1148 2320 1373 2356 ἐμπολιτεύεσθαι
1397 2319 1442 2345 διὰ
1475 2317 1593 2351 σπουδῆς
1622 2317 1766 2350 τιθεμένη,
1794 2315 1824 2340 τὰ

1047 2366 1166 2403 ἀρχῆθεν
1193 2364 1418 2398 ἀπονενεμημένα
1457 2362 1592 2397 προνόμια
1619 2362 1733 2396 ἑκάστῳ
1771 2361 1822 2385 τῶν

1047 2410 1280 2446 ἔκκλησιαστικῶν
1308 2409 1429 2444 βαθμῶν,
1460 2409 1508 2434 καὶ
1527 2408 1576 2442 τὴν
1594 2408 1659 2442 ἄχρι
1684 2409 1733 2433 καὶ
1748 2407 1822 2440 δεῦρο

1047 2456 1269 2490 ἐπικρατήσασαν
1293 2455 1322 2480 ἐν
1347 2454 1450 2484 τούτοις
1481 2454 1661 2484 κατάστασιν,
1694 2453 1765 2478 κατὰ
1794 2452 1823 2476 τδ

1046 2501 1223 2528 ἀναλλοίωτον
1244 2501 1290 2526 καὶ
1316 2500 1355 2531 είς
1377 2499 1407 2526 τὸ
1436 2499 1499 2533 ἑξῆς
1523 2498 1592 2524 εἶναι
1623 2498 1672 2524 καὶ
1688 2498 1823 2531 διαμένειν

1048 2546 1171 2581 βούλεταί
1183 2555 1212 2572 τε
1227 2546 1275 2572 καὶ
1288 2545 1401 2576 εὐδοκεῖ,
1420 2544 1554 2578 ἀγιώτατε
1574 2543 1707 2574 δέσποτα,
1723 2543 1760 2572 ὡς
1778 2541 1823 2566 καὶ

1048 2591 1261 2627 παραδεχθεῖσαν
1283 2590 1327 2617 διὰ
1349 2589 1481 2616 τοσούτων
1496 2588 1575 2620 ἑτῶν,
1593 2589 1641 2614 καὶ
1665 2588 1705 2621 τῷ
1730 2586 1822 2620 μακρῷ

1048 2637 1136 2672 χρόνῳ
1150 2636 1427 2671 ὲμπολιτευσαμένην,
1455 2635 1500 2660 καὶ
1531 2634 1589 2665 ταῖς
1609 2633 1657 2659 ἀπ’
1690 2633 1770 2659 ἄλλοι)
1784 2632 1822 2660 εἰς

1049 2679 1128 2706 ἄλλον
1141 2679 1211 2706 κατὰ
1225 2679 1255 2705 τὸ
1270 2679 1465 2712 ἀνεξάλλακτον
1480 2677 1532 2710 ἓως
1545 2676 1592 2703 τοῦ
1610 2676 1659 2703 νῦν
1674 2675 1822 2712 μεταϐήσε-

964 2765 1079 2797 NOT/E.

263 2815 317 2850 (62)
333 2815 396 2843 Vide
412 2815 543 2843 novellam
560 2823 574 2841 ι
587 2814 673 2842 Alexii
687 2814 828 2843 Comneni.
