1894 3072
55 171 127 204 104]

781 175 984 206 MEDJTATA.

1587 177 1656 209 1018

51 246 97 263 σιν
110 235 299 270 ἑπικριθεῐσαν
316 238 360 262 καὶ
384 232 566 266 βεόαωθείσαν
588 233 686 264 καλῶς.
709 233 784 259 Ἐπεὶ
801 231 826 258 δὲ

882 230 998 258 bilitum.
1027 229 1094 262 Quia
1117 237 1180 257 vero
1203 238 1275 258 nunc
1298 231 1427 265 majestas
1453 241 1510 261 mea
1546 235 1650 268 didicit,

53 283 102 310 νῦν
121 283 138 317 ή
154 281 274 317 βασιλεία
291 289 341 315 μου
358 280 449 314 μάθοι,
465 280 503 311 ὥς
519 287 592 322 τινες
607 279 661 305 τῶν
681 278 830 313 ἀρχιερέων

51 326 338 362 ἀντιφιλοτιμούμενοι
351 325 497 359 πειρῶνται
512 324 542 351 τὺ
558 324 604 351 τοῦ
626 323 830 358 χαρτοφύλακος

51 371 222 398 ὑποσιϐάσαι
233 370 390 405 προνόμιον,
405 369 451 396 καὶ
467 369 583 400 κανόνας
597 370 636 400 είς
659 367 739 403 μέσον
762 376 829 402 προ-

52 417 199 452 φέροντες,
222 416 265 442 διὰ
277 415 378 441 τούτων
395 414 575 448 φιλονεικοῦσι
591 413 629 449 μὴ
643 413 830 448 προκαθῆσθαι

51 462 137 488 αὑτὸν
149 461 203 488 τῶν
219 461 379 495 ἀρχιερέων,
394 461 512 495 ὁπηνίκα
526 460 579 486 δέοι
600 459 712 491 τούτους
738 458 832 492 συνέρ-

50 506 150 540 χεσθαι
164 506 234 533 κατά
241 514 302 532 τινα
309 505 412 540 χρείαν,
426 505 472 531 καὶ
486 504 669 539 συνεδριάζειν
682 503 751 530 κατὰ
767 511 831 529 ταυ-

50 552 109 581 τὸν,
133 551 184 585 πρὸ
199 551 248 584 τῆς
275 551 316 581 είς
331 550 382 585 τὴν
408 549 561 584 ἁγιωσύνην
578 557 624 575 σου
645 548 830 593 είσελεύσειυς,

49 596 102 621 οὐκ
122 596 271 631 ἀνασχετὸν
295 597 327 631 τῇ
345 596 467 631 βασιλείᾳ
490 604 540 630 μου
557 594 641 627 ἔδοξε,
659 596 775 630 πρᾶγμα
789 594 832 620 διὰ

50 640 183 667 τοσούτου
195 641 291 676 χρόνου
307 641 476 675 βασανισθὲν,
492 641 539 667 καὶ
550 642 605 672 τοῖς
621 641 686 676 πρὶν
698 640 831 676 πατριάρ-

49 693 114 719 χαις
147 685 194 711 καὶ
222 685 278 717 τοῖς
306 685 396 716 ἄλλοις
424 684 608 720 ἀρχιερεῦσιν,
636 685 704 711 άλλά
726 684 759 720 δὴ
786 685 831 711 καὶ

49 731 144 762 αὐτοῖς
164 731 220 762 τοῖς
235 730 282 757 νῦν
297 731 348 757 οὐκ
370 731 413 756 ἐπ’
429 730 532 764 εὐλόγῳ
550 729 669 765 ἐρίζουσι
687 730 831 764 πράγματι

49 775 96 801 διὰ
121 775 171 809 τῆς
197 775 368 810 πολυημέρου
388 775 482 810 δεχθὲν
497 775 613 809 σιωπῆς,
630 775 699 802 κατὰ
712 775 743 802 τὺ
762 783 831 810 παρ-

51 821 133 847 έλκον
144 821 319 855 άθετηοῆναι,
337 821 384 848 καὶ
399 821 435 852 ὥς
447 830 473 848 τι
488 821 542 848 τῶν
555 821 831 856 ἠμελημένωνιπαρα-

50 865 181 900 σδρῆναι.
209 865 305 892 Τοίνυν
322 866 369 892 καὶ
389 865 536 901 διορίζεται
557 867 698 902 πράγματι
720 866 830 900 εὔλογον

39 906 98 936 νκαὶ
116 911 187 937 πάνυ
203 911 306 937 δίκαιον
329 910 418 938 τοῦτο.
449 911 480 937 Εἰ
501 911 550 946 μὲν
567 911 620 946 γὰρ
648 912 766 947 αἱροῖντο
785 911 831 938 καὶ

49 955 136 982 πάλιν
149 956 173 982 οἱ
188 956 326 991 ἀρχιερεῖς
341 956 385 993 ’μὴ
403 957 487 982 κινεῖν
513 956 547 982 τὰ
565 956 691 991 ἀκίνητα,
711 956 778 990 μηδὲ
796 956 831 983 τὰ

48 1001 109 1032 τοῖς
130 1001 195 1036 πρὶν
214 1000 361 1035 δεδογμένα
376 1000 512 1036 Πατράσιν
522 1022 529 1034 ,
545 1001 613 1028 ἀλλὰ
627 1001 659 1036 δὴ
674 1001 721 1028 καὶ
738 1002 830 1032 αὐτοῖς

47 1047 94 1072 διὰ
111 1046 161 1080 τῆς
188 1047 296 1081 μακρᾶς
316 1046 479 1078 συνδόξαντα
504 1046 620 1081 σιωπῆς,
644 1047 692 1073 καὶ
714 1047 763 1080 τῆς
778 1046 830 1078 ἕως

47 1092 98 1118 τοῦ
110 1091 157 1117 νῦν
170 1091 278 1127 ἀνοχῆς,
293 1093 324 1118 ὲκ
337 1092 518 1126 παλιμὸολίας
531 1091 626 1126 ὥσπερ
640 1092 828 1125 ἀναπαλαιειν,

47 1136 80 1163 εὖ
93 1135 127 1162 ἂν
142 1135 208 1170 ἔχοι,
233 1137 278 1162 καὶ
301 1136 390 1170 χάρις,
405 1137 445 1162 ὅτι
459 1136 488 1162 τὺ
505 1136 621 1171 μάχιμον
639 1137 828 1172 καταθέμενοι,

48 1180 81 1206 τὸ
98 1180 235 1214 εἰρηναῖον
246 1180 488 1215 προτετιμήκασιν.
513 1181 544 1207 Εἰ
563 1181 590 1207 δὲ
604 1181 652 1208 καὶ
669 1181 708 1207 ἔτι
727 1181 830 1208 τούτων

46 1227 123 1258 τινὲς
146 1226 200 1253 τῶν
227 1225 274 1253 τοῦ
303 1227 414 1258 κανόνος
439 1227 568 1263 ῥημάτων
600 1228 828 1262 ἀντιποιούμενοι,

49 1271 112 1307 (τῆς
126 1272 181 1307 γὰρ
200 1272 302 1302 ἑννοίας
317 1272 410 1307 πόρρω
433 1272 655 1308 άποδιεστήκασι)
679 1273 828 1307 πειρῶνται

47 1317 80 1343 τὸ
104 1317 203 1343 οίκεῖον
215 1318 346 1352 συστῆσαι
361 1316 477 1352 θέλημα,
497 1317 543 1344 καὶ
555 1317 602 1343 ἐπὶ
624 1317 654 1343 τὸ
671 1318 786 1345 ἄτακτον
796 1319 827 1345 οὗ

48 1362 140 1393 καλῶς
174 1362 221 1397 τὴν
249 1362 326 1394 τάξιν
359 1361 596 1397 μεταϐιϐάζουσιν,
625 1362 657 1397 ἑᾷ
676 1363 724 1397 μὲν
741 1363 787 1389 νῦν
812 1363 828 1397 ἡ

49 1407 175 1442 βασιλεία
185 1416 235 1442 μου
251 1408 301 1443 τὴν
316 1408 361 1434 τοῦ
375 1407 486 1438 κανόνος
499 1408 666 1443 ἑρμηνεῦσαι
683 1408 729 1434 καὶ
742 1416 828 1442 σαφη-

47 1453 122 1479 νίσαι
137 1453 217 1488 ὑφὴν,
234 1453 336 1488 ῥᾴστην
352 1452 434 1479 οὖσαν
446 1453 651 1488 καταληφθῆναι
663 1454 708 1479 καὶ
720 1453 830 1487 διαγνω-

49 1498 149 1532 σθῆναι
184 1498 273 1529 καλῶς
303 1499 359 1529 τοῖς
376 1498 525 1533 βάπτουσιν
550 1499 588 1529 είς
604 1498 757 1532 ἀκρίϐειαν,
782 1499 828 1526 καὶ

849 895 868 922 Β

48 1543 196 1576 κανονικῆς
222 1541 325 1572 ἐννοίας
347 1541 519 1575 θιγγάνουσιν
530 1550 536 1557 ·
558 1541 623 1567 αὐτὸ
639 1542 667 1567 δὲ
680 1542 758 1568 τοῦτο
773 1543 828 1573 τοῖς
843 1556 863 1584 C

49 1587 226 1622 ἀρχιερεῦσιν
242 1586 366 1621 ἐπιτιμᾷ,
382 1586 408 1612 τί
423 1586 454 1620 δή
467 1594 530 1611 ποτε
543 1585 588 1612 τὸν
603 1586 702 1612 κανόνα
716 1585 827 1618 ειδότες,

48 1634 96 1658 καὶ
107 1631 143 1658 τὰ
163 1633 271 1667 ῥήματα
294 1632 389 1659 τούτου
408 1630 643 1666 ὲξακριὸούμενοι,
659 1631 708 1665 τὴν
725 1631 828 1657 ἑαυτῶν

49 1677 205 1711 συνείδησιν
227 1676 378 1710 ἀνευλόγως
408 1676 560 1710 ὲπάτησαν,
582 1676 629 1702 καὶ
651 1675 697 1701 τοῦ
717 1676 828 1707 κανόνος

45 1721 325 1757 παραρριπτουμένου
342 1721 489 1756 ἠνείχοντο,
504 1721 552 1747 καὶ
571 1720 620 1755 τὴν
636 1720 764 1755 ὑφεδρίαν
781 1720 826 1747 ἐπὶ

44 1767 100 1793 τῶν
128 1767 194 1801 πρὶν
221 1766 434 1801 χαρτοφυλάκων
461 1765 626 1800 ἠσπάζοντο·
659 1766 706 1792 καὶ
731 1765 827 1800 μισθὸν

45 1811 153 1842 τούτοις
166 1811 215 1846 τῆς
231 1811 286 1837 τῶν
302 1811 381 1846 ίερῶν
402 1810 521 1836 κανόνων
541 1810 761 1845 περιφρονήσεως
777 1810 826 1845 τὴν

45 1856 94 1883 ἐπὶ
126 1855 176 1887 τὰς
205 1855 339 1890 λαχούσας
371 1855 468 1885 αὐτοὺς
499 1854 667 1889 Ἐκκλησίαςν
684 1855 824 1887 ἀπέλασιν,

45 1901 150 1932 δίδωσι,
171 1900 264 1925 κανόνι
283 1899 424 1934 στοιχοῦσα
438 1897 578 1926 κάνταῦθα
597 1898 824 1934 ἐκκλησιαστικῷ,

44 1946 94 1972 καὶ
122 1947 180 1976 τοῖς
214 1946 425 1980 περιφρονηταῖς
454 1944 507 1971 τῶν
545 1945 672 1977 κανόνων,
704 1944 824 1976 ἐκείνους

44 1991 147 2021 αὐτοὺς
179 1990 242 2022 τοὺς
269 1990 358 2025 ἱεροὺς
390 1989 504 2021 κανόνας
534 1990 575 2020 είς
604 1989 708 2024 ἄμυναν
733 1989 825 2022 ἀντεξ-

42 2036 161 2070 άγουσα.
182 2045 192 2061 r

79 2085 136 2110 Καὶ
159 2083 219 2110 ἐπεὶ
241 2083 308 2118 μετὰ
327 2082 376 2118 τὴν
399 2082 492 2109 τούτου
517 2081 683 2118 προ-κομιδὴν
708 2081 743 2107 τὰ
772 2080 825 2107 ἀπὸ

45 2129 158 2164 μακρᾶς
191 2129 332 2164 συνηθείας
353 2128 537 2163 κραοήσαντα,
554 2128 601 2154 καὶ
616 2127 660 2153 διὰ
686 2125 824 2162 βασιλικοῦ

43 2173 258 2209 προστάγματος
282 2173 407 2207 γεγόνασι
435 2172 623 2207 κραταιότερα,
655 2171 824 2206 προκάθηται

882 275 1014 310 quosdam
1030 275 1172 310 pontiﬁces
1188 277 1335 305 ambitione
1366 278 1483 312 quadam
1509 280 1652 315 impulsos,

883 320 1043 348 chartularii
1074 320 1231 356 dignitatem
1267 322 1419 357 deprimere
1450 324 1526 357 velle.
1554 333 1654 360 perque

882 373 1002 393 canones
1015 365 1041 391 in
1060 366 1178 394 medium
1200 366 1346 401 productos
1358 369 1532 402 contendere,
1544 379 1598 398 non
1617 372 1654 399 illi

883 411 1033 438 sessionem
1063 418 1146 446 supra
1186 412 1326 447 pontiﬁces
1360 418 1522 448 competere,
1551 417 1656 450 quoties

882 456 923 483 eis
945 455 1062 490 alicujus
1079 456 1179 491 negotii
1205 464 1286 485 causa
1309 459 1524 487 conveniendum
1550 461 1596 493 sit,
1628 467 1657 489 et

883 508 937 528 una
955 501 1150 529 considendum
1175 502 1203 530 in
1229 507 1337 536 senatu,
1365 508 1427 531 ante
1456 512 1596 533 accessum
1622 508 1655 534 ad

884 546 1056 573 sanctitatem
1084 552 1183 574 luam:
1213 547 1324 575 minime
1356 548 1496 577 ferendum
1523 551 1655 585 majestati

884 597 950 617 mete
972 590 1058 618 visum
1090 596 1146 624 est,
1169 596 1254 620 utres
1279 597 1355 620 tanto
1375 595 1431 629 jam
1455 599 1576 630 tempore
1593 605 1655 631 pro-

883 635 958 669 bata,
977 640 1004 664 et
1017 644 1031 663 a
1047 637 1235 670 superioribus
1252 639 1425 673 patriarchis,
1442 648 1473 668 ac
1484 642 1656 675 pontificibus

882 681 953 714 aliis,
981 686 1061 716 atque
1079 681 1133 709 illis
1161 682 1228 716 ipsis
1248 683 1332 716 adeo,
1357 684 1402 719 qui
1429 685 1484 719 jam
1505 694 1558 713 non
1582 687 1654 722 justa

882 726 915 753 de
943 733 1026 753 causa
1057 727 1191 759 rixantur,
1227 727 1356 757 diuturno
1385 730 1495 758 silentio
1525 733 1654 765 admissa,

883 776 995 806 urgente
1006 772 1079 799 nulla
1094 772 1198 800 ratione
1209 774 1358 808 aboleatur,
1370 779 1396 803 et
1410 778 1487 811 quasi
1502 778 1654 813 neglectum

883 817 986 851 aliquid
1002 818 1182 846 convellatur.
1205 818 1376 854 Quapropter
1399 822 1528 855 quiddatn
1555 824 1655 852 rationi

883 862 960 889 valde
972 866 1185 890 consentaneum
1205 868 1231 891 et
1247 871 1355 899 aequum
1373 867 1479 894 statuit.
1496 868 1599 903 Quippe
1631 871 1654 897 si

883 907 972 934 adhuc
998 908 1138 942 pontiﬁces
1166 909 1277 937 immota
1311 918 1365 938 non
1402 919 1511 940 movere
1544 914 1654 948 vellent,

881 959 931 979 ne:
957 960 1017 987 qua:
1031 954 1157 987 placuere
1181 955 1329 989 superioris
1357 958 1494 985 memoria:
1516 958 1653 994 Patribus,

881 1001 907 1023 et
932 998 1053 1031 ipsismet
1080 999 1160 1034 longo
1170 1000 1279 1028 silentio
1296 1001 1481 1037 patientiaque
1495 1004 1528 1031 ad
1545 1005 1654 1034 hodier-

881 1048 945 1068 num
960 1050 1044 1078 usque
1066 1043 1136 1071 diem
1158 1046 1333 1079 comprobata
1360 1046 1486 1082 fuerunt;
1509 1057 1542 1076 ex
1557 1050 1653 1079 incon-

881 1084 979 1114 stantia
999 1089 1072 1116 velut
1101 1096 1257 1125 oppugnare
1282 1095 1354 1119 recte
1377 1093 1516 1128 facerent,
1553 1100 1580 1123 et
1606 1097 1654 1124 ha-

880 1132 974 1160 benda:
991 1133 1059 1168 ipsis
1080 1135 1182 1169 gratiae,
1195 1137 1265 1170 quod
1277 1138 1383 1172 abjeeto
1397 1140 1534 1174 pugnandi
1552 1141 1652 1174 studio,

881 1185 974 1212 pacem
995 1179 1084 1213 potius
1107 1181 1220 1216 amplexi
1238 1188 1338 1211 essent.
1365 1184 1400 1211 At
1427 1193 1492 1213 vero
1506 1187 1530 1214 si
1544 1187 1653 1222 quidam

881 1223 970 1250 adhuc
989 1225 1069 1252 verba
1093 1228 1207 1254 canonis
1225 1234 1398 1263 usurpantes.
1427 1231 1546 1267 (quando
1561 1239 1575 1259 a
1593 1241 1655 1261 sen-

879 1271 964 1296 tentia
992 1270 1071 1305 longe
1113 1272 1221 1307 absunt)
1253 1274 1392 1302 libidinem
1423 1283 1499 1303 suam
1539 1278 1653 1312 probare

880 1315 1013 1348 nituntur,
1043 1317 1218 1352 ordinemque
1245 1319 1370 1353 nequiter
1405 1320 1434 1347 in
1466 1321 1652 1350 confusionem

881 1359 1061 1388 inordinatam
1079 1367 1246 1390 commutant
1262 1371 1269 1389 :
1285 1365 1398 1392 canonis
1407 1365 1515 1399 quidem
1526 1368 1654 1401 maiestas

880 1413 939 1432 mea
962 1411 1118 1434 contextum
1143 1408 1318 1443 interpretari
1349 1417 1381 1437 ac
1400 1411 1539 1439 declarare
1561 1413 1652 1444 mittit.

880 1457 1009 1485 perceptu
1035 1457 1062 1479 et
1079 1453 1218 1481 intellectu
1236 1453 1393 1482 facillimum
1420 1457 1465 1489 iis,
1484 1458 1529 1492 qui
1546 1459 1654 1486 subtili-

880 1498 936 1522 tate
965 1500 1027 1523 sunt
1041 1497 1148 1529 imbuti,
1171 1502 1342 1534 mentemque
1355 1501 1466 1529 canonis
1487 1503 1622 1537 attingunt
1644 1512 1651 1532 :

881 1546 972 1565 verum
998 1540 1050 1566 hoc
1066 1541 1092 1567 in
1118 1543 1290 1576 pontiﬁcibus
1309 1544 1492 1578 reprehendit,
1504 1547 1574 1580 quod
1590 1555 1650 1574 cum

881 1590 1011 1611 canonem
1030 1591 1152 1618 nossent,
1168 1587 1282 1622 ejusque
1305 1589 1387 1616 verba
1410 1595 1585 1624 peraccurate
1616 1598 1654 1620 te-

880 1634 986 1662 nerent,
1018 1638 1095 1657 suam
1126 1632 1247 1666 ipsorum
1267 1634 1462 1663 conscientiam
1488 1641 1586 1671 praeter
1611 1646 1654 1665 ra-

881 1673 979 1701 tionem
998 1676 1200 1707 conculcarint.
1216 1683 1242 1705 et
1257 1679 1332 1714 rejici
1351 1687 1479 1708 canonem
1498 1683 1570 1717 passi
1588 1684 1651 1716 sint,

879 1725 911 1744 ac
927 1718 1081 1747 inferiorem
1096 1724 1246 1750 sessionem
1265 1725 1316 1751 sub
1342 1728 1478 1753 memoriae
1504 1730 1653 1762 superioris

879 1763 1051 1793 cliartulariis
1067 1767 1181 1800 amplexi
1198 1767 1308 1796 fuerint.
1329 1770 1445 1804 ideoque
1455 1779 1503 1805 pro
1514 1781 1651 1800 sacrorum

878 1815 1011 1835 canonum
1040 1815 1178 1845 contentu,
1191 1813 1340 1841 mercedem
1375 1815 1444 1842 hanc
1459 1817 1498 1844 eis
1514 1817 1653 1853 [ntajcstas

878 1853 951 1889 mea]
967 1855 1072 1888 tribuit,
1089 1861 1119 1884 ut
1132 1864 1197 1885 suas
1211 1860 1244 1886 ad
1263 1859 1401 1888 Ecclesias
1422 1863 1584 1897 abigantur;
1607 1874 1648 1893 ec-

877 1899 1022 1928 clesiastici
1053 1903 1165 1930 canonis
1187 1904 1269 1931 etiam
1289 1905 1340 1932 hac
1366 1907 1394 1933 in
1425 1913 1500 1942 parte
1528 1912 1650 1945 vestigiis

877 1945 1016 1979 insistens,
1042 1952 1068 1974 et
1105 1949 1234 1978 adversus
1269 1958 1404 1979 canonum
1442 1958 1650 1988 contemptores,

878 1989 952 2024 ipsos
980 1998 1098 2020 cananes
1127 2001 1220 2022 sacros
1233 1995 1258 2022 in
1281 1996 1432 2024 subsidium
1457 1999 1619 2032 producens.
1639 2011 1648 2027 ι

912 2082 945 2109 Ει
970 2083 1096 2117 quoniam
1128 2084 1180 2112 hoc
1211 2085 1381 2121 promulgan
1413 2094 1462 2121 ea,
1487 2097 1546 2123 qua:
1571 2089 1651 2126 longa

877 2129 1078 2157 consuetudine
1097 2129 1280 2161 invaluerant.
1300 2139 1349 2167 per
1368 2132 1453 2167 ipsius
1474 2135 1554 2161 etlam
1577 2135 1652 2169 prin-

877 2172 949 2207 cipis
969 2173 1088 2200 edictum
1111 2175 1197 2209 magis
1221 2175 1340 2203 stabilita
1364 2177 1494 2205 luerunt:
1510 2179 1650 2206 chartula-

45 2219 128 2252 μέχρι
157 2217 205 2244 τοῦ
224 2217 271 2244 νῦν
291 2218 390 2248 παντὸς
413 2216 662 2252 ἁρχιερατεύοντος,
680 2215 731 2242 κᾶν
755 2215 823 2250 τύχῃ

879 2219 935 2245 rius
962 2218 989 2245 in
1014 2219 1087 2246 hunc
1108 2227 1193 2252 usque
1219 2220 1291 2247 diem
1317 2221 1393 2249 sedet
1418 2226 1480 2251 ante
1504 2224 1652 2258 quemlibet

40 2263 138 2290 τοῦτον
163 2263 211 2289 καὶ
237 2262 374 2297 βασιλικὸν
401 2262 473 2297 ἔχειν
499 2261 614 2296 ἀξίωμα,
635 2259 783 2295 ὑπερτίμου
805 2259 821 2294 ἥ

41 2308 289 2344 πρωτοσυγκέλλου
303 2308 393 2342 τυχόν.
412 2309 466 2334 Καὶ
482 2307 543 2333 τότε
563 2307 611 2341 μὲν
624 2306 694 2333 οὕτω
717 2306 821 2332 διευλυ-

41 2354 117 2387 τὼθη
130 2353 161 2379 τὸ
176 2353 257 2387 δῆθεν
278 2353 437 2387 ἀμφίϐολον.
459 2352 528 2386 Ἐγὼ
545 2352 574 2378 δὲ
585 2351 623 2386 τῷ
637 2351 768 2386 βασιλικῷ
781 2351 821 2377 δι-

40 2397 154 2433 ορισμῷ
173 2397 243 2424 κατὰ
254 2398 283 2423 τὸ
299 2396 490 2431 νενομισμένον
505 2395 668 2427 ἀκολουθῶν,
685 2396 717 2430 τῇ
736 2403 819 2421 κατα-

40 2442 217 2478 σκευαζούσῃ
228 2442 329 2477 γνώμη
338 2441 388 2475 τὴν
403 2441 548 2476 προεδρίαν
557 2441 604 2467 τοῦ
617 2440 822 2476 χαρτοφύλακος

37 2487 82 2514 διὰ
98 2487 185 2522 μόνην
208 2487 256 2520 τὴν
275 2486 396 2521 ἄγραφον
414 2485 586 2520 μακροτάτην
607 2485 759 2520 συνήθειαν,
773 2484 822 2519 τὴν

37 2535 100 2561 ἀντὶ
138 2533 221 2568 νόμου
262 2533 553 2568 παραλαμϐανομένην,
582 2533 620 2564 ὡς
657 2531 820 2566 γέγραπται,

39 2580 71 2605 οὐ
101 2578 293 2613 προστίθεμαι.
320 2575 384 2603 Οἶδα
403 2577 456 2611 γὰρ
482 2577 542 2602 τότε
561 2576 611 2611 τὴν
630 2576 737 2611 μακρὰν
755 2583 819 2601 συν-

39 2624 138 2658 ήθειαν
153 2623 214 2649 ἀντὶ
239 2623 321 2657 νόμου
348 2624 468 2658 κρατεῖν,
489 2622 697 2657 δοκιμασθεῖσαν
712 2621 819 2651 πάντως

39 2667 219 2700 δικαστικῶς,
242 2668 285 2694 ὅτε
311 2667 387 2702 νόμοι
416 2667 463 2694 καὶ
484 2667 594 2698 κανόνες
610 2667 653 2693 διὰ
667 2666 767 2701 ταύτης
788 2665 818 2691 οὐ

38 2714 237 2750 παραλύονται.
253 2713 333 2748 Λέγω
343 2713 370 2740 δὲ
383 2713 432 2748 τὴν
445 2713 604 2748 προεδρείαν
615 2713 686 2748 ἔχειν
694 2712 739 2739 τὸν
751 2720 784 2746 χα
790 2719 818 2745 ρ-

877 2264 1043 2298 pontiﬁcem,
1060 2264 1124 2291 licet
1142 2264 1300 2299 dignitatem
1322 2266 1421 2294 habeat
1441 2268 1475 2295 ab
1493 2269 1552 2302 ipso
1575 2270 1651 2303 prin-

876 2308 936 2342 cipe
955 2314 1123 2340 concessam,
1146 2312 1176 2335 ut
1205 2309 1359 2345 hypertimi,
1383 2311 1425 2338 vel
1448 2315 1649 2348 protosyncelli.

875 2352 915 2380 Ac
934 2357 999 2380 tunc
1015 2353 1124 2388 quidem
1148 2354 1304 2389 ambiguum
1322 2356 1373 2383 hoc
1395 2356 1430 2384 ita
1446 2358 1565 2385 solutum
1588 2359 1649 2388 fuit.

873 2399 929 2434 Ego
952 2406 1016 2426 vero
1040 2403 1112 2426 Stcut
1131 2399 1302 2437 imperatoris
1318 2402 1462 2435 sanctioni,
1483 2407 1564 2438 prout
1583 2405 1651 2440 legi-

873 2444 924 2471 bus
949 2448 1086 2478 receptum
1115 2448 1176 2476 est,
1205 2445 1340 2472 assentior
1365 2455 1374 2473 :
1398 2446 1436 2474 ita
1462 2451 1645 2484 sententiam,

873 2486 1040 2514 chartulario
1064 2487 1180 2520 primam
1207 2488 1357 2516 sessionem
1383 2495 1571 2523 astrucntetn.
1598 2502 1646 2528 per

873 2531 958 2558 solam
975 2538 1029 2558 non
1047 2531 1176 2565 scriptam
1192 2531 1341 2567 longissimi
1356 2536 1483 2569 temporis
1497 2543 1646 2566 consueui-

873 2575 973 2607 diuem,
988 2583 1048 2610 qua:
1065 2576 1131 2610 legis
1147 2577 1187 2610 (ut
1204 2581 1283 2604 antea
1300 2578 1470 2616 scripsimus)
1490 2581 1550 2608 loco
1571 2582 1647 2609 duci-

873 2625 916 2646 tur
939 2619 1004 2655 (65),
1021 2620 1131 2648 minime
1150 2621 1244 2655 probo.
1262 2621 1367 2657 Quippe
1386 2628 1451 2652 tunc
1466 2625 1523 2652 scio
1541 2625 1647 2653 diutur-

875 2673 936 2692 nam
952 2666 1176 2693 consuetudinem
1193 2674 1241 2701 pro
1255 2667 1311 2701 lege
1321 2668 1420 2700 valere,
1434 2670 1545 2697 omnino
1557 2675 1646 2698 tamen

873 2710 899 2737 in
910 2710 1013 2744 judicio
1028 2710 1103 2743 prius
1119 2710 1311 2743 examinatam,
1325 2717 1386 2738 cum
1402 2712 1473 2747 leges
1487 2718 1513 2740 et
1529 2721 1645 2742 canone:

783 2797 896 2825 ΝΟΤΛΞ.

73 2847 130 2881 (63)
150 2846 259 2872 I.5'1D.
279 2846 315 2873 De
325 2846 398 2879 legib.
425 2850 453 2873 et
466 2847 484 2873 Ι.
499 2846 525 2873 5.
542 2846 571 2873 C.
591 2846 654 2878 Qum
681 2847 714 2874 sit
741 2846 810 2880 long.
832 2850 945 2873 consuet.
