1894 3072
207 129 274 163 1047

818 134 960 168 THEOD.
981 137 1181 168 BALSAMON
1184 137 1222 167 IS
1239 147 1243 150 ”

1737 137 1804 171 1043

207 202 255 230 per
263 201 320 221 eam
329 201 383 221 non
392 193 578 221 debilitantur.
587 193 668 228 Igitur
677 193 925 226 aio,chartularium
936 195 982 221 lia-

1032 196 1181 230 τοφύλακα,
1198 196 1267 222 κατὰ
1283 195 1332 230 τὴν
1346 197 1398 222 τῶν
1412 195 1490 222 θείων
1508 197 1628 224 διακόνων
1648 198 1801 233 περίληψιν,

207 242 271 268 bere
278 239 393 275 primam
403 239 549 266 sessionem
562 238 641 265 etiam
650 239 794 266 secundum
804 240 829 266 id
843 239 924 273 ,quod
939 247 982 266 sa-

208 286 263 312 cris
271 284 423 312 canonibus
429 284 583 311 continetur
594 292 601 311 :
613 284 684 318 quod
695 291 761 311 sane
769 291 844 311 sacra
855 285 984 319 principis

208 329 415 363 cireumspectio
422 331 487 355 tunc
496 332 592 362 sponte
605 328 720 356 reticuit.
730 327 796 355 Nam
807 329 870 356 licet
880 329 983 357 indica-

206 377 254 400 tus
264 373 307 399 ille
316 372 416 399 Nicaeni
427 373 506 405 primi
514 372 621 398 concilii
632 379 717 399 canon
728 373 982 405 statuit,diaconum

207 425 257 445 nec
267 417 435 452 participare,
448 423 497 444 nec
506 416 600 444 sedere
609 422 671 444 ante
676 418 840 450 sacerdotes,
852 419 982 452 septimus

207 467 298 490 tamen
307 471 394 490 canon
407 466 508 489 sancta!
521 469 552 489 ac
572 462 733 491 universalis
741 464 923 498 sexttesynodi
937 464 982 497 ju-

207 509 262 540 bet,
279 513 307 535 ut
319 508 353 540 is,
370 508 416 542 qui
429 515 572 542 personam
587 508 757 542 patriarchae,
768 509 810 536 vel
824 509 983 543 simpliciter

207 553 328 588 episcopi
354 553 444 587 gerit,
470 557 532 580 ante
560 552 716 580 sacerdotes
741 553 844 581 sedeat.
867 554 983 589 Ideoque

208 605 323 632 magnus
347 604 378 624 ac
401 601 512 624 sanctus
532 597 613 624 etiam
637 596 766 632 Cyrillus,
784 598 982 629 Alexandrinus

210 651 278 679 papa
293 663 300 675 ,
324 643 405 678 capiti
432 643 543 670 fasciam
568 643 747 670 circumdedit
773 651 880 671 auream
895 664 902 676 ,
927 652 982 679 quo

209 694 330 723 tempore
354 693 453 715 sanctae
480 692 506 715 et
525 688 672 716 universali
693 689 779 716 tertiae
798 689 901 724 synodo
914 697 982 724 prte-

209 733 269 759 luit.
295 731 398 767 Quippe
421 732 548 760 Celestini
574 732 661 760 locum
690 733 827 761 obtinebat
848 734 918 768 ejus,
935 734 981 768 qui

208 777 358 804 Romanam
372 781 437 803 tunc
452 777 562 812 regebat
576 777 740 812 Ecclesiam;
756 779 980 813 quemadmodum

209 823 292 856 liquet
307 830 339 849 ex
355 822 423 849 actis
435 822 555 856 ejusdem
579 823 675 857 synodi
696 824 788 851 tertiae.
805 824 839 851 Et
861 832 914 858 qua
929 824 981 852 Ce-

208 867 322 896 lestinus
347 868 475 894 utebatur
500 867 604 902 gloria.
636 869 784 896 secundum
814 870 979 896 sanctionem

208 913 341 947 apostolis
355 911 467 946 aequalis
485 911 558 938 illius
573 912 659 939 sancti
675 913 818 947 magnique
846 912 980 939 Constan-

208 958 268 989 tini.
285 957 384 984 factam
401 958 434 984 ad
451 962 573 985 sanctum
597 957 770 990 Silvestrum,
791 965 852 984 cum
877 958 981 992 imperii

209 1009 315 1038 sceptra
345 1011 392 1038 per
420 1003 467 1030 Dei
497 1002 692 1037 providentiam
725 1010 756 1029 ετ
783 1004 866 1030 veteri
897 1003 980 1029 Roma

208 1049 423 1076 transferrentur
440 1048 466 1075 in
491 1048 560 1074 hanc
577 1047 668 1074 urbem
694 1048 800 1074 urbium
816 1047 980 1082 principem;

209 1102 262 1129 qua
281 1094 422 1126 statuitur,
440 1101 520 1120 aurea
537 1093 621 1120 fascia
639 1097 695 1118 tum
713 1092 798 1126 ipsius
821 1092 908 1119 sancti
932 1091 982 1119 Sil-

208 1141 304 1173 vestri,
324 1145 380 1167 tum
405 1146 592 1166 successorum
614 1139 684 1172 ejus,
705 1137 862 1172 pontiﬁcum
883 1137 982 1164 Roma.

209 1193 306 1213 norum
329 1189 411 1219 caput
435 1183 612 1211 condecorari
632 1183 730 1210 debere
746 1192 753 1209 :
768 1183 861 1210 cadent
880 1187 908 1211 et
928 1183 981 1218 Cy-

209 1231 287 1258 rillus
315 1229 508 1257 exornabatur.
531 1228 710 1260 Quamobrem
738 1233 766 1255 et
793 1228 821 1261 ii,
846 1228 891 1263 qui
921 1233 983 1262 post

209 1279 297 1312 ipsum
319 1275 490 1303 Alexandria
514 1274 701 1310 pontiﬁcatum
730 1281 852 1310 gessere,
875 1280 983 1309 propter

209 1327 338 1350 aeternam
372 1321 530 1347 memoriam
562 1320 631 1354 ejus,
657 1319 728 1354 quod
758 1325 821 1348 tunc
844 1319 982 1348 decretum

210 1368 272 1400 fuit,
286 1366 381 1394 eodem
406 1365 486 1393 modo
507 1366 534 1392 in
552 1365 622 1392 hunc
640 1373 726 1400 usque
741 1365 810 1393 diem
831 1365 910 1392 titulo
933 1373 983 1392 suo

210 1414 435 1441 cohonestantur.
450 1411 571 1446 Cumque
585 1419 681 1439 omnes
694 1411 739 1438 alii
753 1411 887 1446 capitibus
903 1419 983 1446 aper-

211 1460 247 1486 tis
271 1465 315 1485 res
338 1465 430 1485 sacras
454 1461 598 1492 peragant,
618 1457 693 1484 solus
714 1456 914 1484 Alexandrinus
937 1464 984 1492 pa—

994 852 1023 881 Β,

1032 241 1109 266 τοῦτο
1121 240 1216 275 ὃπερή
1240 240 1372 275 βασίλειος
1391 240 1449 267 θεία
1468 242 1591 276 περιωπὴ
1613 242 1705 269 ἑκοντὶ
1728 252 1800 277 τηνι-

1032 284 1119 310 καῦτα
1139 285 1344 319 παρεσιώπησε.
1362 285 1420 312 Κᾶν
1438 285 1492 320 γὰρ
1506 287 1520 311 ό
1536 285 1626 320 ῥηθεὶς
1646 286 1698 320 τῆς
1713 287 1744 312 ἐκ
1755 286 1799 312 Νι.

1031 330 1097 364 καίᾳ
1113 329 1222 365 πρώτης
1244 331 1351 357 συνόδου
1376 331 1464 357 κανὼν
1478 331 1636 366 διορίζηται,
1662 331 1702 367 μὴ
1723 340 1798 366 μετα-

1035 375 1184 410 λαμϐάνειν
1199 375 1267 410 μηδὲ
1282 376 1415 410 καθῆσθαι
1432 377 1484 410 πρὸ
1498 377 1550 402 τῶν
1563 377 1657 411 ἱερέων
1672 378 1801 410 διάκονον1

1031 419 1088 446 ἀλλ’
1100 421 1114 446 ὁ
1125 419 1148 452 ζ’
1160 419 1248 446 κανὼν
1269 419 1319 454 τῆς
1333 420 1412 453 ἁγίας
1435 421 1482 446 καὶ
1508 421 1698 455 οἱκουμενικῆς
1725 422 1802 456 ἕκτης

1033 464 1141 490 συνόδου
1173 464 1408 497 παρακελεύεται,
1436 464 1482 490 τὸν
1510 464 1640 498 ἐπέχοντα
1659 465 1802 499 πρόσωπον

1033 509 1232 544 πατριαρχικδν
1245 509 1261 543 ἢ
1280 509 1371 540 ἁπλῶς
1386 509 1573 541 ὲπισκοπικδν,
1586 510 1638 545 πρὸ
1649 510 1703 535 τῶν
1713 511 1803 545 ἱερέων

1032 553 1203 586 καθέζεσθαι.
1222 554 1266 580 Διὸ
1281 555 1328 580 καὶ
1343 555 1357 580 ὁ
1376 555 1460 588 μέγας
1477 554 1553 587 ἅγιος
1571 555 1705 589 Κύριλλος
1718 557 1733 581 ὀ
1754 557 1804 582 πά-

1030 607 1085 630 πας
1119 598 1337 634 Ἀλεξανδρείας,
1361 598 1408 625 ἐπὶ
1433 599 1552 633 κεφαλῆς
1576 599 1693 633 χρυσοῦν
1722 599 1805 635 λῶρον

1031 644 1236 679 περιεϐἑὸλητο,
1252 644 1296 670 ὅτε
1317 644 1366 678 τῆς
1381 643 1462 676 ἁγίας
1479 644 1526 670 καὶ
1538 644 1732 679 οίκουμενικῆς
1747 646 1803 679 τρί-

1031 697 1081 723 της
1102 689 1210 715 συνόδου
1234 689 1390 723 προϊστατο.
1411 688 1517 722 Ἐπεῑχε
1534 689 1587 723 γὰρ
1603 689 1650 715 καὶ
1663 689 1712 715 τὸν
1727 689 1806 716 τόπον

1030 734 1077 760 τοῦ
1098 734 1268 765 Κελεστίνου,
1298 733 1344 759 τοῦ
1367 733 1416 768 τὴν
1443 733 1599 767 Ἐκκλησίαν
1625 733 1677 768 τῆς
1699 733 1805 768 Ῥώμης

1033 779 1178 810 ίθύνοντος,
1189 778 1279 810 καθὼς
1298 778 1376 806 τοῦτο
1394 778 1559 814 παρίσταται
1576 780 1608 805 ἐκ
1622 779 1675 806 τῶν
1692 788 1805 815 πρακτι-

1028 823 1152 858 »κῶν--τῆς
1164 823 1260 859 τρίτης
1283 824 1400 850 συνόδου.
1428 824 1482 850 Καὶ
1498 825 1534 855 ὼς
1551 824 1655 855 ἐκεῖνος
1672 825 1805 859 ἐμεγαλύ-

1032 878 1100 901 νετο,
1125 869 1194 896 κατὰ
1219 869 1249 895 τὸ
1280 869 1416 904 θέσπισμα
1442 869 1488 895 τοῦ
1525 870 1704 895 ίσαποστόλου
1731 871 1805 903 ἁγῐςυ

1033 914 1149 951 μεγάλου
1170 914 1385 946 Κωνσταντίνου,
1406 915 1436 940 τὸ
1453 915 1563 948 γεγονὸς
1580 915 1648 949 πρὸς
1670 916 1716 941 τὸν
1731 915 1805 949 Exta-

1030 960 1202 994 Σίλὸεστρον,
1217 960 1260 986 ὅτε
1278 959 1310 985 τὰ
1335 961 1461 994 σκῆπτρα
1474 960 1524 994 τῆς
1548 960 1691 994 βασιλείας
1708 961 1740 986 ὲκ
1761 961 1807 994 τῆς

1031 1005 1148 1036 παλαιᾶς
1172 1005 1279 1039 Ῥώμης
1295 1005 1373 1031 ’κατὰ
1386 1004 1453 1031 Θεοῦ
1477 1005 1604 1039 πρόνοιαν
1626 1006 1808 1040 μετετέθησαν

1031 1051 1070 1081 εις
1085 1050 1133 1083 τὴν
1149 1050 1201 1075 τῶν
1221 1050 1324 1076 πόλεων
1338 1049 1540 1084 βασιλεύουσαν,
1556 1050 1603 1076 καὶ
1614 1050 1807 1086 διοριζόμενον,

1033 1095 1102 1129 μετὰ
1122 1094 1309 1129 χρυσοπάστου
1325 1092 1411 1128 λώρου
1427 1094 1475 1128 τὴν
1491 1094 1537 1120 τοῦ
1553 1095 1632 1128 ἁγίου
1647 1095 1806 1129 hiemps:

1032 1139 1164 1173 κεφαλὴν,
1183 1139 1229 1164 καὶ
1241 1138 1296 1164 τῶν
1312 1137 1370 1172 μετ’
1381 1138 1459 1164 αὑτὸν
1470 1138 1619 1174 ἀρχιερέων
1632 1139 1683 1173 τῆς
1702 1139 1807 1173 Ῥώμης

1032 1181 1294 1214 κατακαλλύνεσθαι,
1319 1182 1367 1208 καὶ
1391 1181 1471 1213 αὐτὸς
1498 1182 1713 1216 τοιουτοτρόπως
1739 1183 1806 1209 καθ-

1031 1226 1333 1261 ωραῖζετο.Κὰντεῦθεν
1343 1226 1389 1252 καὶ
1404 1227 1428 1252 οι
1437 1225 1496 1260 μετ’
1507 1227 1608 1252 ἐκεῖνον
1624 1227 1664 1258 είς
1684 1227 1809 1258 Ἀλεξάν-

1031 1273 1122 1307 δρειαν
1149 1271 1394 1307 ἀρχιερατεῦοντες,
1420 1270 1462 1297 διὰ
1492 1271 1601 1306 μνήμην
1629 1272 1738 1298 αἰώνιον
1763 1272 1808 1298 τοῦ

1032 1316 1092 1343 τότε
1106 1315 1292 1348 συνδόξαντος,
1317 1313 1446 1344 ὡσαύτως
1465 1314 1545 1348 μέχρι
1560 1314 1607 1340 τοῦ
1620 1314 1670 1341 νῦν
1692 1323 1809 1341 nasus—

1033 1362 1163 1397 σμοῦνται
1192 1359 1469 1395 στηλογραφοὺμενοι.
1494 1359 1548 1386 Καὶ
1580 1360 1690 1386 πάντων
1714 1361 1811 1395 ἀπερια

1033 1407 1179 1438 καλύπτοις
1209 1405 1419 1441 ἱερουργούντων
1437 1406 1497 1436 ταῖς
1521 1398 1652 1439 κεφαλαῖς
1667 1425 1675 1437 ,
1701 1406 1783 1439 μόνος
1798 1406 1811 1432 ό

1032 1452 1204 1487 πατριάρχης
1225 1449 1425 1484 ’Δλεξανδρείας
1436 1448 1571 1483 ἱερουργεῖ
1583 1447 1652 1482 μετὰ
1664 1447 1711 1473 τοῦ
1723 1447 1810 1483 λώρου

211 1504 331 1531 triarcha
360 1510 415 1529 rem
445 1502 566 1529 divinam
589 1501 673 1533 facit,
702 1502 786 1530 fascia
809 1502 881 1529 dicta
903 1506 982 1537 caput

1035 1497 1083 1532 τὴν
1106 1495 1226 1530 κεφαλὴν
1249 1494 1462 1528 καλυπτόμενος.
1482 1494 1537 1519 Καὶ
1557 1493 1620 1524 τοὺς
1651 1492 1755 1518 δώδεκα
1785 1493 1811 1518 δὲ

211 1549 369 1576 obvolutus.
384 1548 536 1580 Quinetiam
563 1555 601 1574 xu
623 1547 684 1573 illos
709 1547 880 1574 cardinarios
902 1536 981 1581 Papa:

1036 1541 1237 1576 Καρδηναρίους
1253 1539 1299 1565 τοῦ
1323 1538 1403 1565 Πάπα
1429 1537 1585 1572 παρομοίως
1610 1536 1745 1571 βλέπομεν
1763 1545 1811 1563 κε-

212 1592 393 1622 consimillter
415 1592 537 1620 videmus
559 1592 637 1626 pileis
663 1593 752 1619 aureis
777 1597 887 1619 ornatos
914 1593 980 1627 (64),

214 1639 296 1667 veluti
308 1638 386 1673 Papae
400 1644 542 1672 personam
555 1641 788 1672 repraesentantes,
801 1637 913 1671 ejusque
921 1637 983 1672 jura

213 1684 368 1711 fulcienles.
381 1682 449 1709 Nam
467 1682 646 1717 appellatione
660 1682 780 1709 cardinis
800 1684 869 1717 apud
885 1682 983 1710 Roma-

214 1735 263 1756 nos
285 1732 377 1763 postes
395 1727 491 1754 l'orium
516 1727 637 1755 veniunt.
659 1727 750 1763 Itaque
772 1732 982 1755 consentaneum

213 1778 265 1805 est,
286 1780 333 1801 eos
353 1772 424 1799 haud
439 1771 520 1800 dubie
539 1780 631 1800 verum
655 1773 756 1804 dicere,
772 1775 816 1808 qui
831 1774 982 1808 perhibent,

213 1821 297 1847 ctiam
313 1818 445 1853 cujusque
469 1818 598 1854 temporis
620 1818 812 1845 chartularium
833 1827 911 1846 aurea
925 1819 984 1853 ejus

215 1865 286 1891 modi
310 1864 390 1896 tiara,
412 1867 504 1890 certos
528 1867 591 1891 ante
610 1871 707 1896 annos,
730 1863 757 1890 in
785 1864 900 1898 publicis
922 1864 983 1898 qui-

213 1909 327 1937 busdam
347 1909 525 1937 conventibus
548 1915 637 1940 usum,
660 1908 707 1942 qui
730 1916 785 1935 non
809 1912 913 1936 tantum
936 1915 985 1943 pro

215 1961 294 1982 more
321 1954 485 1981 haberentur
507 1953 534 1981 in
559 1952 706 1986 Ecclesiis,
734 1961 826 1980 verum
848 1954 929 1981 etiam
955 1954 983 1981 in

213 1999 444 2035 processionibus,
469 2002 496 2026 et
519 1998 586 2026 loris
610 1998 733 2032 publicis.
753 1999 841 2032 Atque
861 1998 985 2033 equidem

214 2049 289 2072 certo
303 2045 370 2076 scio,
383 2044 410 2071 in
433 2044 505 2071 hunc
521 2051 606 2078 usque
619 2043 690 2070 diem
706 2044 852 2078 repositum
869 2050 929 2070 esse
943 2043 985 2077 pi-

214 2090 285 2117 leum
302 2090 361 2123 ejus
376 2089 449 2116 modi
463 2095 530 2116 auro
543 2089 737 2122 interspersum
750 2088 777 2115 in
795 2095 855 2114 arca
874 2088 986 2114 chartu-

215 2135 276 2162 larii
291 2143 297 2161 :
312 2141 398 2168 neque
419 2134 527 2168 longum
548 2133 699 2166 intercedit,
716 2139 747 2159 ac
767 2135 897 2159 remotum
918 2136 985 2159 tem-

1034 1587 1182 1623 κοσμένους
1195 1585 1304 1621 χρυσοῖς
1317 1583 1511 1618 ὲπιὸλήμασιν,
1521 1581 1558 1612 ὡς
1569 1581 1811 1615 ἁντιπροσωποῦν-

1033 1643 1083 1665 τας
1096 1632 1135 1668 τῷ
1151 1632 1243 1663 Πάπα,
1259 1631 1307 1657 καὶ¹
1330 1629 1364 1655 τὰ
1380 1628 1474 1655 τούτου
1504 1627 1681 1662 στηρίζοντας
1707 1626 1811 1652 δίκαια.

1033 1679 1149 1714 Κάρδων
1165 1677 1220 1712 γὰρ
1233 1675 1309 1710 παρὰ
1333 1673 1485 1708 Ῥωμαίοις,
1501 1673 1529 1698 αἱ
1554 1672 1630 1704 φλιαὶ
1652 1671 1707 1698 τῶν
1722 1671 1812 1706 θυρῶν

1033 1720 1220 1756 ὀνομάζονται.
1238 1720 1357 1754 Ἀραρεν
1371 1715 1417 1744 οὖν
1439 1715 1580 1750 ἀληθεύειν
1605 1715 1731 1750 ὲναργῶς
1748 1715 1812 1745 τοὺς

1032 1767 1159 1800 λέγοντας
1176 1765 1223 1791 καὶ
1246 1763 1292 1790 τὸν
1307 1763 1375 1789 κατὰ
1394 1761 1507 1796 καιροὺς
1528 1759 1724 1794 χαρτοφύλακα
1742 1759 1813 1794 μετὰ

1033 1811 1159 1846 τοιαύτης
1174 1810 1270 1844 τιάρας
1286 1807 1388 1843 χρυσῆς
1415 1807 1467 1841 πρὸ
1490 1805 1684 1840 μετρουμένων
1708 1804 1812 1840 χρόνων

1034 1857 1126 1889 τινῶν,
1141 1856 1170 1883 ἐν
1184 1863 1239 1882 τισι
1263 1854 1410 1889 πανδήμοις
1425 1851 1584 1884 δοξάζεσθαι
1609 1851 1811 1886 πανηγύρεσιν,

1033 1902 1064 1927 οὐ
1081 1902 1160 1936 μόνον
1178 1900 1221 1926 ἐπ’
1250 1898 1411 1932 Ἐκκλησίας
1439 1897 1606 1932 γινομέναις,
1637 1897 1676 1928 ὡς
1703 1896 1811 1929 εἴωθεν,

1037 1946 1104 1974 ἀλλὰ
1120 1948 1166 1973 καὶ
1178 1946 1206 1972 ὲν
1217 1944 1349 1980 προόδοις,
1361 1943 1409 1970 καὶ
1419 1943 1542 1977 ἀγοραῖς.
1557 1941 1812 1978 Πεπληροφόρημαι

1033 1992 1062 2018 δὲ
1076 1992 1123 2018 καὶ
1139 1991 1228 2021 αὐτὸς.
1244 1988 1401 2016 ὰποκεῐσθαι
1421 1988 1500 2023 μέχρι
1513 1987 1558 2013 τοῦ
1578 1986 1626 2013 νῦν
1653 1988 1693 2018 είς
1720 1988 1751 2014 τὺ
1763 1987 1809 2013 τοῦ

1034 2035 1236 2072 χαρτοιρύλαιιος
1260 2033 1395 2065 κιὸώτιον,
1413 2033 1600 2067 χρυσόπαστον
1613 2032 1736 2058 τοιοῦτον
1752 2033 1812 2058 trti-

1035 2082 1084 2117 ὅλη
1090 2090 1128 2117 μα
1140 2090 1146 2097 ·
1162 2081 1208 2107 καὶ
1219 2079 1313 2115 χρόνος
1323 2079 1372 2104 οὐκ
1386 2078 1443 2104 ἐστι
1455 2076 1587 2112 γηραλέος
1601 2077 1649 2103 καὶ
1660 2078 1785 2111 πέμπελς

1036 2126 1104 2152 ἀλλὰ
1119 2125 1177 2156 νέος
1193 2125 1239 2150 καὶ
1261 2123 1425 2159 πρόσφατος.
1442 2122 1496 2147 Καὶ
1512 2121 1606 2154 φθόνος
1628 2121 1678 2146 οὐκ
1701 2121 1781 2154 ams

215 2179 288 2214 poris
312 2179 443 2214 spatium.
469 2177 516 2205 sed
540 2178 578 2205 rei
603 2177 730 2204 memoria
750 2184 845 2204 recens
861 2181 911 2203 est.
930 2176 982 2203 Nec

1036 2172 1052 2206 ἢ
1071 2172 1116 2198 καὶ
1143 2170 1304 2200 ἀπαίδευτος
1320 2168 1399 2203 δῆθεν
1421 2167 1558 2198 εὐλάϐεια,
1582 2168 1615 2192 τὰ
1637 2167 1668 2192 τὸ
1694 2166 1811 2192 τοιοῦτον

215 2225 342 2259 ignobilis
360 2224 471 2255 invidia,
491 2223 531 2250 vel
547 2223 670 2257 imperita
686 2222 790 2249 scilicet
808 2221 911 2256 religio.
930 2229 985 2248 ma-

216 2275 298 2303 gnum
321 2267 454 2302 ejusmodi
472 2267 641 2301 privilegium
664 2265 745 2298 hujus
763 2264 841 2291 ollicii
864 2263 986 2290 aboleve-

214 2309 289 2340 i-unt.
306 2313 409 2347 Quippe
428 2319 476 2346 per
496 2312 582 2345 ipsam
596 2315 621 2337 te
634 2310 773 2337 veritatem
789 2308 919 2339 obtestor,
939 2314 987 2340 per

214 2357 374 2383 charitatem
397 2356 561 2388 fraternam,
586 2362 633 2389 per
654 2360 773 2380 amorem
797 2359 859 2386 erga
883 2351 984 2383 Deum,

214 2402 259 2429 dic
281 2400 357 2432 mihi,
378 2400 513 2434 quodnam
538 2400 627 2435 majus
650 2399 730 2426 fuerit
750 2405 839 2433 opera:
858 2397 984 2432 pretium,

213 2453 294 2481 quam
309 2445 504 2474 chartularium
518 2445 607 2472 videre
629 2450 821 2477 nonnunquam
836 2450 882 2476 per
897 2441 983 2467 forum

213 2490 403 2524 procedentem
420 2497 480 2518 cum
494 2497 560 2516 auro
576 2490 741 2523 interspersa
758 2488 836 2517 tiara,
850 2487 895 2521 qui
911 2485 984 2512 mulo

213 2537 338 2568 vehatur,
355 2539 381 2563 ct
400 2543 473 2562 tuore
490 2534 664 2570 patriarchali
678 2537 791 2560 ornatus
805 2533 839 2558 sit
855 2532 916 2558 albo
931 2531 983 2558 liu-

213 2586 267 2615 teo,
280 2581 547 2617 quemadmodumid
561 2587 667 2614 quoque
689 2585 735 2613 per
753 2577 896 2604 indicatam
918 2583 982 2603 san-

1035 2216 1201 2251 σχολάσαντα
1216 2214 1285 2249 μέγα
1300 2213 1346 2240 τοῦ
1368 2212 1493 2247 όφφικίου
1517 2207 1676 2245 προνόμιον.
1692 2211 1724 2235 Τί
1747 2210 1810 2245 γὰρ,

1033 2261 1093 2289 ειπέ
1118 2270 1162 2296 μοι
1175 2260 1240 2294 πρδς
1251 2260 1299 2293 τῆς
1312 2258 1439 2292 ἀληθείας
1452 2257 1545 2290 αὐτῆς,
1561 2256 1628 2290 πρὸς
1641 2257 1692 2289 τῆς
1704 2256 1808 2288 ἀδελφιε
1838 2290 1842 2293 Α

1033 2307 1084 2342 κῆς
1112 2306 1232 2340 ἀγάπης,
1251 2304 1319 2338 πρὸς
1335 2303 1383 2336 τῆς
1401 2302 1470 2328 κατὰ
1498 2301 1562 2327 Θεὸν
1579 2300 1740 2332 διαθέσεως,
1768 2301 1809 2334 εἴη

1034 2353 1068 2379 ἂν
1084 2351 1301 2383 σπουδαιότερον,
1318 2349 1363 2375 τοῦ
1379 2348 1486 2382 βλέπειν
1500 2347 1573 2372 ἐστιν
1586 2346 1630 2371 ὅτε
1652 2346 1700 2371 τὸν
1714 2353 1810 2379 119:5-

1037 2397 1144 2431 φύλακα
1160 2395 1204 2421 διὰ
1223 2396 1271 2429 τῆς
1285 2393 1387 2428 ἀγορᾶς
1402 2391 1580 2426 προοδεύοντα
1595 2390 1665 2424 μετὰ
1680 2390 1811 2424 χρυσοπάι

1036 2450 1098 2468 στου
1118 2441 1226 2476 τιάρας,
1242 2439 1288 2465 καὶ
1306 2437 1485 2472 ἐποχούμενον
1499 2437 1527 2473 ὲν
1541 2436 1657 2470 ἡμιόνῳ,
1677 2443 1808 2469 turpia;-

1035 2487 1118 2521 χικῶς
1137 2484 1205 2519 μετὰ
1219 2483 1321 2509 όθονίου
1344 2482 1538 2516 κεκοσμημένη
1559 2480 1582 2495 ⁸¹
1597 2479 1708 2510 λευκοῦ,
1722 2479 1808 2508 καθὼς

1035 2531 1082 2558 καὶ
1097 2529 1177 2557 τοῦτο
1201 2529 1244 2554 διὰ
1260 2527 1306 2554 τοῦ
1333 2527 1459 2562 ῥηθέντος
1475 2525 1660 2559 θεσπίσματος
1685 2524 1808 2558 ὥρισται,

1037 2577 1083 2603 καὶ
1107 2574 1158 2601 ὑπὸ
1173 2573 1375 2607 ὲξκουὸιτώρων
1400 2571 1650 2605 δορυξεορούμενοη
1665 2570 1696 2596 El
1713 2569 1750 2603 μή
1767 2576 1808 2598 τις

842 2643 958 2674 VARI/1‘1
974 2641 1171 2676 LECTIONES.

247 2695 268 2710 “
279 2693 493 2729 κεκοσμημένον.

986 2743 1096 2772 NOTAE.

249 2798 303 2829 (ϐτί)
320 2797 385 2826 Nota
404 2796 551 2825 cardinales
566 2795 690 2823 Ecclesia:
717 2794 793 2821 Rom.
819 2795 882 2821 olim
912 2793 1052 2822 duodecim
1074 2791 1169 2820 fuisse.
