1894 3072
81 161 155 194 1049

787 161 840 191 ME
846 161 986 191 Dl'l‘A'l'A.

1617 155 1684 188 1030

84 225 163 258 λέγει
181 223 365 260 προτιμητέαν
379 221 447 250 εἶναι
463 223 513 259 τὴν
533 224 652 258 κεφαλὴν
667 224 714 258 τῆς
730 223 828 257 χειρὸς,
842 221 858 255 ἢ

929 221 1030 254 tionem
1055 223 1187 246 statutum
1216 225 1278 253 est,
1311 226 1339 248 et
1367 220 1553 248 excubitorum
1584 221 1681 248 habeat

84 270 168 297 ἄλλου
188 270 284 304 μέλους
299 269 345 296 τοῦ
361 269 495 304 σώματος.
517 269 600 295 Τοῦτο
622 269 675 303 γὰρ
685 269 728 295 διὰ
751 267 798 303 τὴν
815 268 860 294 εὑ-

85 314 184 348 ἠθειαν
200 314 230 340 οὐ
253 313 489 348 παραλληλίςεται.
519 312 589 340 Ἀλλ’
613 312 751 339 ἐπανιτέον
766 311 825 338 ὅθεν
847 312 862 336 ό

88 359 170 392 λόγος
198 358 341 393 μετέπεσε,
361 359 408 385 καὶ
428 358 569 392 ζητητέον,
598 359 670 384 τινος
701 357 780 392 χάριν
808 357 862 383 τῶν

89 405 140 439 μὲν
161 404 249 431 ἄλλων
274 405 409 439 σεκρέτων
424 404 448 429 o!
471 403 674 438 προκαθήμενοι
702 404 791 438 μόνοις
818 402 862 434 ἑξ-

92 449 292 483 υπηρετοῦνται
311 449 478 483 σεκρετικοῖς
489 448 651 479 δουλευταῖς·
662 449 675 474 ὁ
689 449 716 474 δὲ
729 447 862 482 χαρτοφύ-

86 492 139 524 λαξ
149 493 272 526 τάγμασι
282 493 381 524 διττοϊς
393 492 557 527 διακονητῶν
574 493 758 527 μεγεθύνεται.
772 492 863 526 Φαμὲν

87 536 146 569 οὖν,
163 538 204 564 ὃτι
218 538 251 564 τὰ
263 538 308 564 τοῦ
326 538 529 572 χαρτοφύλακος
546 538 634 564 δίκαια
643 537 764 572 ψυχικῶν
778 539 863 572 ῥυπα-

69 585 72 588 ’
89 582 203 616 «μάτων
219 583 272 608 εἰσὶ
285 582 466 617 καθαρτήρια,
476 583 522 608 καὶ
531 582 690 617 νοσημάτων
702 582 863 617 σωματικῶν

89 627 260 662 ἀλεξιτήρια.
279 628 324 653 Διὸ
349 629 396 654 καὶ
417 628 580 660 τετύπωται,
603 627 749 662 ταγμάτων
770 627 864 653 διττῶν

90 671 240 705 ὑπουργοῖς
249 671 318 697 αὑτά
332 671 554 698 κατευθύνεσθαι.
567 672 614 698 ’Δν
625 672 689 705 γοῦν
699 672 864 706 θεμιστεύων

93 717 277 752 προκάθηται,
295 718 342 743 καὶ
368 717 512 743 δικαστικὰ
535 717 658 749 διῦλίζων
670 718 803 752 νοήματα,
822 718 865 744 v6-

94 770 162 796 μους
179 762 302 796 συνάπτῃ
328 762 451 797 νομίμοις
471 762 685 797 θεσπιωδήμασι,
707 763 753 788 καὶ
773 764 865 789 κανόσι

92 807 211 838 κανόνας
234 807 385 842 ἀρμο).ογῇ.
414 807 447 834 ἂν
475 807 621 840 δικολογῶν
649 808 792 843 προτάσεις
818 808 868 835 καὶ

911 264 1090 293 satellitium?
1114 265 1164 291 nisi
1188 266 1248 299 quis
1272 266 1360 292 dicere
1387 266 1463 297 velit,
1488 266 1547 300 plus
1569 267 1681 294 honoris

911 309 1084 336 deferendum
1101 309 1192 343 capiti,
1206 317 1286 343 quam
1298 309 1400 341 manui,
1415 311 1456 336 vel
1469 310 1545 336 alteri
1560 311 1682 338 membro

912 353 1045 387 corporis.
1063 353 1129 380 Nam
1145 354 1201 380 haec
1216 356 1391 387 comparatio,
1408 362 1456 381 ceu
1469 355 1562 386 stulta,
1577 362 1630 381 non
1642 355 1684 380 in-

912 400 1045 429 stituitur.
1066 398 1118 427 Sed
1135 399 1314 432 redeundum,
1338 401 1407 426 unde
1420 400 1528 427 deﬂexit
1543 402 1642 432 oratio,
1658 407 1684 427 et

913 444 1102 478 inquirendum
1122 463 1129 476 ,
1161 444 1335 478 quamobrem
1372 444 1485 470 aliorum
1515 448 1682 472 secretorum

913 490 1042 524 praesides
1068 490 1206 517 secreticis
1243 490 1373 516 duntaxat
1401 490 1519 517 servitiis
1544 497 1654 517 utantur
1676 500 1684 517 :

913 542 974 562 cum
994 535 1178 562 chartularius
1193 535 1363 562 auctoritatis
1379 534 1490 569 majoris
1504 542 1586 562 causa
1601 536 1686 570 gemi-

913 587 964 607 nos
983 580 1079 607 habeat
1102 581 1289 607 ministrorum
1310 581 1429 607 ordines.
1444 580 1537 615 Itaque
1559 581 1685 614 dicimus,

914 624 941 651 in
957 632 988 652 eo
1002 625 1105 652 versari
1126 626 1187 659 jura
1202 626 1370 657 chartularii,
1385 631 1411 652 ut
1425 626 1576 652 animorum
1592 627 1687 654 sordes

915 672 1056 703 expurget,
1066 677 1096 695 ae
1111 670 1211 697 morbis
1223 671 1361 704 corporeis
1376 671 1537 698 medicinam
1550 671 1686 699 adhibeat.

915 713 1032 748 Ideoque
1052 718 1183 741 statutum
1201 720 1252 746 est,
1269 715 1330 746 haec
1348 722 1408 742 esse
1422 715 1562 749 dirigenda
1582 724 1629 750 per
1643 724 1689 750 ge-

916 759 1052 785 minorum
1069 759 1194 785 ordinum
1211 759 1394 787 administros.
1412 760 1474 787 Sive
1488 762 1568 795 igitur
1582 762 1627 795 jus
1646 762 1688 789 di-

915 811 980 838 cens
1002 803 1154 838 praesideat,
1177 809 1204 831 et
1235 804 1397 838 judiciarios
1419 807 1562 839 percolans
1585 806 1689 834 intelle-

93 851 244 882 ἀντιθέσεις
259 852 428 887 σφυρηλατῇ,
447 852 492 878 καὶ
513 853 561 883 τὰς
576 853 625 886 μὲν
645 852 814 889 ἀποσμιλεύῃ
832 855 864 889 τῇ

924 852 988 880 :tus,
1008 848 1080 883 leges
1097 856 1158 876 eum
1181 849 1268 883 legum
1289 850 1474 877 sanctionibus
1488 856 1640 885 componat,
1662 855 1689 878 et

93 896 172 931 λυδίᾳ
188 897 235 930 τῆς
261 896 442 930 διαγνώσεως,
467 898 515 927 τὰς
538 898 566 923 δὲ
592 898 794 933 παραδέχηται·
820 899 867 925 καὶ

924 900 1035 920 :anones
1059 901 1120 920 cum
1146 894 1298 921 canonibus
1324 895 1471 924 conciliet:
1501 896 1558 922 sive
1589 904 1688 924 causas

95 940 182 972 τέλος,
193 940 226 966 ἂν
239 940 342 973 κρίσεις
352 941 555 976 πατριαρχικῶν
566 942 697 977 νοταρίων
705 942 866 977 ζυγοστατῇ,

96 987 264 1020 σεκρετικῶν
289 985 438 1017 διαλαλιαῖς
466 986 660 1020 μεγαλύνεται·
685 987 731 1013 καὶ
758 988 867 1021 μᾶλλον,

97 1030 163 1057 ὅταν
182 1031 212 1056 τὺ
226 1030 399 1066 δικαστήριον
412 1032 440 1056 έν
454 1031 543 1065 μόνοις
553 1032 694 1066 πράγμασι
708 1031 870 1067 στημονίζη-

95 1083 151 1102 ται.
172 1075 202 1101 Et
226 1075 254 1101 δὲ
271 1075 440 1111 προκάθηται
452 1075 573 1110 ψυχικῶν
586 1077 807 1111 ἀρρωστημάτων
827 1077 870 1103 θε-

98 1120 215 1154 ραπείαν
243 1120 411 1154 ποιούμενος,
442 1120 488 1146 καὶ
520 1121 676 1155 σεσηπότων
708 1122 870 1156 τραυμάτων

97 1166 329 1200 ἐπισκεπτόμενος
341 1166 512 1201 κακοήθειαν,
526 1166 563 1200 πῆ
575 1167 623 1200 μὲν
636 1167 736 1201 σιδήρῳ
746 1166 870 1201 χωνεύων

99 1210 146 1236 τοῦ
163 1210 266 1241 πάθους
282 1210 330 1245 τὴν
349 1210 528 1245 ὑπουλὸτητα,
546 1212 584 1246 πῆ
595 1212 617 1237 δ’
632 1212 790 1238 ὲπιπάσσων
803 1212 870 1247 ήπια

99 1255 245 1290 φάρμακα,
268 1255 342 1290 παρὰ
363 1256 412 1290 τῆς
430 1255 532 1287 τάξεως
550 1256 722 1290 ὑπηρετεῖται
746 1257 799 1283 τῶν
812 1257 872 1283 ὲπι-

101 1301 281 1327 σκοπειανῶν.
307 1301 339 1327 Et
365 1301 387 1326 δ’
403 1301 476 1327 ἔστιν
491 1301 535 1327 ὅτε
564 1302 633 1328 κατὰ
659 1301 796 1337 διορισμὸν
820 1311 871 1329 πα-

99 1346 270 1380 τριαρχικὺν,
283 1345 345 1372 τινὰ
367 1347 421 1373 τῶν
442 1346 596 1382 προνομίων
619 1347 721 1374 τούτων
748 1356 872 1383 παρασα-

98 1389 228 1421 λεύοιντο,
244 1390 311 1421 τέως
326 1389 381 1424 ἐγὼ
392 1391 490 1424 ἀγνοῶ,
507 1391 554 1417 καὶ
573 1391 735 1426 συγγνώμης
754 1392 872 1427 ἀξιωθή-

99 1442 194 1469 σομαι,
210 1435 260 1469 τὴν
274 1434 390 1462 παλαιὰν
402 1435 583 1463 ἀναδιδάσκων
596 1436 753 1471 παράδοσιν.
766 1437 872 1464 Τούτων

99 1478 147 1507 οὖν
166 1479 237 1506 οὕτω
256 1481 345 1512 καλῶς
366 1481 615 1516 διευκρινηθέντων,
631 1482 668 1513 ὡς
688 1480 773 1517 οἴμαι,
789 1483 873 1517 άναγ-

104 1526 179 1551 καῖον
193 1525 265 1556 ἔδοξέ
286 1534 330 1560 μοι
344 1527 454 1561 ποιῆσαι
468 1528 513 1554 καὶ
528 1528 595 1562 πρὸς
606 1528 651 1554 τδν
671 1529 741 1555 κατὰ
761 1530 872 1564 καιροὺς

100 1570 296 1604 χαρτοφύλακα
313 1571 421 1597 δικαίαν
435 1571 556 1603 ἀξίωσιν.
572 1572 693 1599 Δέσποτά
710 1581 760 1605 μου
775 1582 872 1608 χαρτο-

101 1615 202 1648 φύλαξ,
236 1615 266 1641 τὸ
294 1616 474 1650 ὲμπιστευθέν
503 1625 544 1643 σοι
573 1617 700 1644 τάλαντον
729 1618 782 1644 ἀπὸ
806 1618 873 1645 Θεοῦ

102 1660 335 1695 παντοκράτορος,
353 1660 394 1697 μὴ’
407 1661 598 1696 καταχωσθείη
612 1662 655 1688 διὰ
668 1662 799 1697 νωθρείαν
815 1672 872 1696 σου,

102 1704 148 1730 ῐνα
164 1703 201 1738 μὴ
217 1704 334 1740 ἀκούσῃς
346 1695 437 1736 δοῖίλος
449 1695 563 1740 πονηρὸς
572 1695 619 1732 καὶ
634 1695 779 1741 ἀχάριστος
789 1715 796 1722 ο
809 1707 875 1742 μηδὲ

101 1749 133 1775 τὸ
150 1749 241 1784 κέρμα
254 1749 307 1776 τῶν
329 1750 454 1784 μεγάλων
471 1751 623 1785 προνομὶων
634 1751 715 1778 αὐτοῦ
734 1752 875 1787 προδοθείη

108 1794 182 1820 κατὰ
198 1793 246 1828 σὴν
264 1794 364 1829 πολλὴν
378 1795 527 1821 ἐπιείκειαν
539 1804 546 1811 ·
567 1795 635 1822 ἀλλὰ
648 1796 794 1831 διαδοθήτω
809 1798 876 1831 πρὸς

107 1838 285 1873 τραπεζίτας,
306 1838 353 1865 καὶ
367 1839 636 1874 διπλασιασθήσεται.
651 1840 755 1867 Σκοπόν
772 1849 801 1866 σε
816 1850 878 1868 κατ-

105 1883 204 1917 έστησε
230 1882 355 1917 δεύτερον
376 1885 390 1910 ὁ
415 1884 479 1915 Θεὸς
502 1884 547 1910 διὰ
570 1885 659 1919 χειρὸς
687 1885 877 1920 ὲπισκοπικῆς.

107 1927 263 1953 Κάντεῦῡεν
277 1928 321 1953 ἐπὶ
340 1927 378 1962 τῷ
394 1929 505 1963 στόματί
528 1937 574 1955 σου
598 1929 696 1960 πάντες
711 1930 878 1965 εἰσέρχονται

106 1973 147 2002 είς
164 1970 238 1999 οῐκον
251 1972 318 1999 Θεοῦ
333 1974 560 2009 παντοκράτορος,
585 1974 632 2000 καὶ
654 1975 700 2000 ἐπὶ
713 1975 751 2009 τῷ
767 1976 879 2010 στόματί

107 2025 156 2043 σου
173 2017 340 2052 ἐξέρχονται.
360 2017 406 2053 Μὴ
424 2017 470 2045 οὖν
485 2018 576 2054 εἴπῃς,
593 2019 625 2045 Τί
647 2019 737 2055 δοθείη
760 2029 816 2055 μοι,
834 2021 879 2047 καὶ

107 2062 133 2088 τί
146 2062 308 2097 προσ-τεθείη
324 2071 369 2098 μοι
383 2063 451 2098 πρὸς
469 2064 602 2098 μέριμναν
622 2064 788 2099 όλοχρὸνιον;
806 2065 880 2100 Μηδὲ

109 2107 237 2142 σιγήσῃς,
269 2108 335 2142 μηδὲ
360 2108 566 2144 καταπραύνῃς,
597 2109 663 2143 μηδὲ
700 2109 816 2145 λαλήσῃς
842 2110 880 2142 ὡς

106 2152 261 2187 ἀνθρώποις
295 2153 435 2187 ἀρέσκων,
465 2151 542 2180 εἶπεν
574 2154 588 2179 ὁ
624 2154 708 2188 μέγας
735 2155 880 2185 ἀπόστολος

918 946 1011 972 agens,
1035 939 1233 973 propositiones
1254 945 1280 966 et
1304 939 1468 972 obiectiones
1490 941 1540 968 sub
1564 941 1687 969 incudem

918 986 1035 1014 revocet,
1051 987 1078 1010 et
1100 983 1148 1010 has
1171 984 1277 1018 quidem
1301 985 1374 1010 velut
1390 985 1500 1012 abradat
1516 994 1562 1020 per
1576 985 1689 1022 Lydium

919 1027 1084 1061 cognitionis
1110 1028 1236 1062 lapidem,
1260 1028 1320 1056 illas
1341 1029 1479 1063 admittat;
1503 1031 1559 1058 sive
1576 1032 1691 1066 denique

917 1072 1018 1106 judicia
1040 1073 1207 1100 notariorum
1230 1075 1450 1108 patriarchalium
1472 1077 1619 1110 penderet,
1643 1086 1692 1112 per

920 1119 1112 1146 secreticorum
1128 1119 1315 1147 ministrorum
1333 1120 1440 1148 decreta
1454 1116 1578 1156 magnam
1597 1128 1693 1150 aucto—

919 1163 1025 1191 ritatem
1041 1165 1232 1199 consequitur;
1248 1166 1397 1200 praesertim
1413 1174 1474 1194 cum
1489 1168 1556 1195 solis
1570 1168 1597 1195 in
1610 1169 1693 1196 rebus

918 1208 1049 1242 judicium
1067 1209 1142 1236 texit.
1164 1209 1211 1237 Sin
1228 1211 1265 1237 ita
1285 1211 1420 1245 praesidet,
1444 1216 1472 1239 ut
1486 1213 1692 1247 a‘gritudinibus

920 1254 1004 1280 animi
1020 1247 1168 1281 remedium
1184 1255 1321 1288 adhibeat,
1334 1260 1361 1283 et
1372 1257 1538 1290 putridorum
1551 1259 1691 1286 vulnerum

920 1298 1069 1326 fmditatem
1090 1299 1231 1334 inspiciat,
1255 1308 1287 1328 ac
1308 1308 1501 1337 nonnunquam
1518 1304 1591 1331 ferro
1607 1305 1692 1332 latens

923 1343 980 1370 vitii
1000 1344 1101 1370 malum
1123 1345 1230 1376 adurat,
1249 1353 1441 1381 nonnunquam
1459 1347 1532 1375 mitia
1555 1349 1692 1384 inspergat

921 1389 1137 1423 medicamenta,
1164 1390 1268 1418 ordinis
1289 1391 1522 1426 episeopianorum
1544 1393 1694 1422 ministerio

923 1434 1019 1461 utitur.
1046 1435 1087 1462 An
1109 1442 1172 1462 vero
1195 1435 1331 1462 interdum
1352 1436 1391 1463 sic
1412 1437 1524 1471 jubente
1540 1445 1572 1465 ac
1589 1440 1695 1467 volente

924 1479 1077 1513 patriarcha
1094 1480 1249 1512 usuveniat,
1275 1485 1303 1508 ut
1329 1481 1438 1516 aliquod
1463 1482 1558 1510 horum
1583 1485 1695 1519 privile-

924 1524 1029 1558 giorum
1044 1525 1103 1552 loco
1119 1530 1273 1558 moveatur;
1285 1527 1409 1560 equidem
1427 1527 1496 1554 scire
1508 1535 1562 1556 non
1575 1537 1694 1563 possunt,

925 1572 952 1594 et
974 1568 1079 1595 veniant
1101 1570 1233 1601 merebor,
1245 1571 1292 1604 qui
1313 1571 1536 1598 consuetudinem
1557 1573 1694 1608 antiquam

925 1614 1018 1641 doceo.
1035 1613 1082 1642 His
1097 1615 1179 1648 igitur
1198 1615 1225 1641 in
1238 1615 1310 1642 hunc
1325 1615 1433 1642 modum
1453 1620 1525 1644 recte
1540 1617 1695 1651 declaratis,

925 1662 955 1685 ut
971 1659 1097 1691 arbitror,
1111 1661 1295 1687 necessarium
1308 1659 1373 1686 mihi
1385 1655 1475 1687 visum
1491 1665 1543 1694 est,
1557 1665 1586 1689 ut
1597 1663 1697 1696 justam

926 1704 1081 1738 petitionem
1103 1704 1136 1731 ad
1158 1705 1277 1739 cujusvis
1297 1705 1426 1739 temporis
1442 1705 1634 1734 chartularium
1656 1708 1698 1736 in-

927 1748 1048 1775 stituam.
1071 1748 1183 1775 Domine
1200 1749 1237 1775 mi
1260 1749 1465 1784 chartophylax,
1480 1751 1609 1778 talentum
1637 1753 1697 1781 ﬁdei

927 1797 980 1819 tuae
1002 1793 1134 1819 creditum
1156 1794 1190 1820 ab
1210 1793 1393 1827 omnipotente
1417 1794 1481 1827 Deo,
1500 1803 1548 1830 per
1562 1797 1696 1831 ignaviam

928 1841 1001 1864 tuam
1018 1845 1051 1864 ne
1065 1837 1202 1865 defossum
1216 1838 1269 1871 sit;
1285 1846 1318 1865 ne
1333 1846 1427 1866 servus
1439 1847 1553 1874 nequam
1568 1846 1594 1868 et
1609 1843 1698 1877 ingra—

928 1887 972 1909 tus
992 1882 1134 1916 appelletis
1158 1891 1165 1910 :
1191 1890 1259 1910 neve
1279 1890 1436 1916 magnorum
1453 1885 1532 1918 hujus
1549 1888 1627 1914 oﬁicii
1644 1890 1700 1922 prl-

928 1927 1086 1961 vilegiorum
1102 1934 1149 1959 aes,
1168 1927 1249 1954 nimia
1267 1929 1472 1956 mansuetudine
1487 1934 1529 1956 tua
1546 1933 1676 1966 prodatur
1691 1953 1698 1965 ,

930 1971 976 1998 sed
991 1973 1061 1998 inter
1081 1971 1275 1998 nummularios
1289 1972 1480 2006 distribuatur,
1495 1978 1522 2001 et
1536 1976 1698 2010 duplicetur.

930 2016 1051 2043 Alterum
1074 2020 1098 2043 te
1119 2023 1229 2052 scopum
1251 2016 1319 2044 Deus
1336 2025 1384 2051 per
1398 2019 1574 2053 episcopalem
1590 2029 1698 2051 manum

933 2061 1086 2089 constituit.
1110 2061 1169 2094 Quo
1197 2061 1237 2094 ﬁt,
1260 2066 1289 2088 ut
1308 2062 1341 2089 ad
1364 2069 1394 2089 os
1414 2068 1488 2090 tuum
1510 2066 1700 2099 omnipotentis

931 2105 979 2132 Dei
1001 2105 1111 2132 domum
1134 2113 1230 2132 omnes
1253 2106 1448 2141 ingrediantur,
1470 2111 1497 2134 et
1518 2109 1550 2134 ad
1571 2116 1602 2136 os
1625 2114 1699 2138 tuum

931 2150 1113 2184 egrediantur.
1135 2150 1193 2178 Non
1216 2159 1280 2185 ergo
1306 2151 1406 2179 dixeris
1429 2160 1436 2179 :
1463 2153 1531 2185 Quid
1554 2154 1611 2181 dari
1634 2156 1700 2184 mihi

107 2197 225 2229 Παῦλος,
246 2198 305 2224 κατ’
326 2199 428 2224 ἐκεῖνον
451 2198 497 2224 τὸν
521 2199 639 2233 πονηρὸν
665 2199 815 2233 μισθωτὸν,
832 2199 874 2225 τὸν

931 2195 1028 2229 possit,
1039 2200 1065 2221 et
1079 2194 1142 2228 quid
1159 2194 1238 2228 adjici
1258 2195 1290 2221 ad
1299 2195 1507 2229 sollicitudinem
1530 2201 1702 2232 perpetuam?

108 2242 172 2269 110"
187 2243 282 2269 ἑαυτὸν
307 2243 487 2278 ψιθυρίσαντα
501 2251 507 2258 ·
523 2243 553 2269 τὸ
576 2243 699 2269 ἐκλεῖπον
721 2243 879 2276 ἐκλειπέτω,

108 2288 137 2313 τὸ
152 2287 367 2322 ὶσκορπισμένον
383 2289 420 2322 μὴ
436 2288 590 2322 συναχθείη,
605 2287 653 2314 καὶ
675 2289 705 2314 τὸ
723 2297 882 2323 συντετριμ-

110 2332 192 2367 μένον
207 2333 244 2366 μὴ
255 2332 441 2366 ὁλομεληθείη.
467 2333 558 2367 Ἀρκεῖ
571 2333 623 2367 γὰρ
645 2334 677 2367 τῇ
694 2332 785 2367 ἡμέρᾳ
798 2334 814 2367 ὴ
830 2341 881 2359 κα-

109 2378 158 2405 κία
185 2377 280 2412 αὐτῆς.
308 2377 388 2404 Ἀλλά
408 2377 522 2412 σήρυξον
547 2377 741 2408 ἅποστολικῶς,
769 2377 883 2404 ἐνώπιον

110 2422 179 2448 Θεοῦ
196 2422 244 2456 τὴν
268 2422 406 2456 ἀλήθειαν.
436 2422 577 2457 Ἐπίστηθι
591 2421 735 2457 εὐκαίρως,
751 2423 882 2457 ἀκαίρως,

111 2467 230 2501 ἔλεγξον,
257 2468 427 2502 ἐπιτίμησον,
458 2467 658 2502 παρακάλεσον,
684 2468 882 2502 κακοπάθησον,

112 2513 194 2548 ἔργον
219 2512 330 2547 ποίησον
360 2512 561 2546 εὐαγγελιστοῦ,
587 2512 636 2546 τὴν
675 2512 810 2539 διακονίαν
837 2521 883 2539 σου

112 2559 332 2593 πληροφόρησον.
351 2558 406 2583 Καὶ
420 2557 489 2592 τάχα
503 2556 633 2587 νεανικῶς
653 2556 724 2582 οὕτω
743 2557 788 2582 τὸν
805 2556 885 2582 καλὴν

113 2604 208 2637 ἀγῶνα
230 2603 299 2629 κατὰ
313 2603 343 2628 τὸ
362 2602 536 2637 ἀπῃτημένον
554 2602 766 2635 ἀγωνισάμενος,
780 2602 826 2627 καὶ
838 2601 887 2636 τὴν

115 2649 252 2676 διακονίαν
292 2656 339 2674 σου
372 2648 544 2682 συντηρήσας
586 2647 806 2674 ἀνεπιϐούλευτον
841 2647 887 2673 καὶ

115 2694 261 2728 ἁμείωτον,
285 2694 313 2719 ὲν
335 2693 374 2727 τῷ
392 2693 485 2727 μηδενὶ
498 2692 529 2718 ἃν
551 2691 720 2728 ταπεινώσῃς
735 2692 796 2722 τοὺς
815 2692 887 2718 ἀντι-

116 2739 277 2768 πίπτοντας,
297 2738 343 2764 καὶ
363 2739 446 2772 ἐρεῖς,
471 2738 522 2763 Τὸν
545 2736 645 2770 δρόμον
673 2737 811 2768 τετέλεκα,
839 2737 888 2771 τὴν

117 2785 210 2809 πίστιν
224 2784 372 2818 τετήρηκα.
390 2783 488 2810 Λοιπὸν
503 2782 644 2809 ἀπόκειταί
659 2790 703 2815 μοι
720 2782 768 2816 τῆς
786 2782 887 2808 δικαιο-

119 2829 202 2862 σύνης
213 2830 226 2854 ὸ
243 2829 383 2863 στέφανος.
407 2830 454 2861 Ὃς
470 2829 514 2855 καὶ
528 2827 668 2861 δοθήσεταξ
685 2835 724 2853 σοι
737 2827 810 2861 παρὰ
823 2826 888 2852 Θεοῦ

931 2240 1003 2267 Neve
1029 2239 1156 2270 tacueris,
1172 2246 1221 2266 nec
1236 2239 1406 2273 demulseris,
1421 2249 1471 2268 nec
1486 2242 1592 2270 locutus
1608 2243 1701 2277 fueris,

932 2285 1014 2311 veluti
1032 2285 1078 2319 qui
1095 2284 1251 2311 hominibus
1268 2285 1373 2318 placere
1388 2286 1464 2319 velis,
1485 2287 1573 2321 inquit
1589 2295 1702 2323 magnus

933 2330 977 2357 ille
988 2330 1087 2358 Paulus
1097 2330 1245 2365 apostolus,
1257 2331 1342 2358 instar
1354 2331 1425 2358 illius
1444 2333 1516 2366 pravi
1531 2336 1702 2368 mercenarii,

934 2375 980 2409 qui
1001 2374 1071 2408 apud
1093 2375 1266 2408 semetipsum
1292 2376 1474 2403 susurrabat:
1491 2377 1611 2410 Deﬁciat,
1632 2380 1703 2413 quod

934 2420 1038 2451 deﬁcit,
1059 2419 1210 2454 dispersum
1233 2428 1287 2447 non
1309 2421 1459 2455 colligatur,
1481 2423 1627 2450 contritum
1649 2431 1702 2451 non

935 2465 1143 2499 redintegretur.
1168 2465 1271 2492 Suﬁicit
1295 2473 1413 2500 namque
1436 2467 1489 2494 diei
1512 2467 1621 2494 afﬂictio
1644 2475 1704 2495 sua.

935 2511 986 2538 Sed
1003 2510 1092 2545 potius
1112 2510 1260 2545 apostolico
1275 2518 1351 2537 more
1367 2511 1505 2539 veritatem
1521 2513 1547 2538 in
1560 2518 1705 2546 conspectu

936 2556 982 2583 Dei
1000 2555 1155 2590 praedicata.
1169 2555 1241 2583 lnsta
1252 2560 1414 2590 opportune,
1427 2556 1588 2590 importune.
1604 2557 1706 2584 Redar—

938 2608 999 2636 gue,
1017 2601 1136 2634 increpa,
1153 2601 1305 2632 cohortare,
1322 2600 1440 2626 tolerans
1452 2605 1520 2630 esto,
1535 2600 1576 2628 fac
1590 2601 1705 2628 ollicinm

938 2645 1118 2679 evangelista),
1136 2645 1316 2672 ministerium
1335 2648 1409 2671 tuum
1426 2644 1518 2678 imple.
1533 2645 1571 2671 Ac
1585 2644 1706 2672 fortassis

939 2691 974 2717 ita
992 2690 1148 2724 juveniliter
1165 2690 1289 2717 absoluto
1302 2689 1432 2724 praeclaro
1449 2689 1606 2723 certamine,
1627 2695 1707 2724 prout

940 2736 987 2763 abs
1003 2739 1028 2763 te
1046 2735 1210 2770 postulatum
1231 2735 1322 2767 fuerit,
1339 2739 1366 2760 et
1383 2738 1543 2761 conservato
1558 2735 1709 2762 ministerio

941 2785 986 2808 tuo
1007 2783 1073 2808 citra
1097 2780 1220 2810 insidias.
1239 2787 1270 2806 ac
1292 2778 1404 2806 minime
1420 2778 1567 2810 deminuto,
1588 2778 1615 2805 in
1636 2779 1709 2806 nullo

942 2826 1096 2854 humiliabis
1117 2825 1302 2858 adversantes,
1320 2832 1350 2850 ac
1364 2824 1438 2852 dices
1451 2833 1456 2850 :
1468 2823 1582 2851 Cursum
1596 2823 1708 2855 abso'vi,
