1894 3072
227 137 293 173 ιοᾱι

845 146 983 179 ΤΗΕΟΙ).
1004 147 1046 177 ΒΑ
1053 148 1118 177 LSA
1124 147 1198 177 MON
1207 149 1239 177 lS

1769 146 1827 179 1052
1846 147 1851 153 ’

227 209 306 235 iidem
327 209 498 236 conservavi.
516 209 551 236 De
567 213 667 236 caetero
683 209 801 242 reposita
817 209 882 236 mihi
900 213 941 236 est
957 217 984 237 cc

1036 221 1044 239 λ
1057 208 1272 243 παντοκράτορος
1288 208 1317 234 έν
1333 216 1361 234 τε
1375 208 1413 243 τῷ
1427 208 1473 235 νῦν
1493 208 1579 240 αἰῶνι,
1600 207 1647 235 καὶ
1659 209 1689 235 ὲν
1711 208 1750 243 τῷ
1767 209 1822 244 μέλ-

226 260 292 280 rona
312 252 435 288 justitiaa.
451 253 516 285 Quae
539 254 648 287 quidem
665 253 774 280 dabitur
791 254 837 280 tibi
861 255 893 281 ab
914 255 1000 281 omni-

226 303 334 332 potente
355 299 410 326 Deo
429 304 481 325 tam
506 300 534 326 in
559 300 609 326 hoc
633 300 742 330 tta-culo,
758 307 837 334 quam
857 300 881 326 in
898 300 1001 331 futuro,

224 343 306 376 idque
329 343 354 369 in
378 342 484 370 Christo
507 343 570 370 Jesu
595 343 708 370 Domino
733 348 837 377 nostro,
851 345 894 371 cui
917 345 1001 379 gloria

223 392 250 415 et
265 388 405 423 imperium
420 389 446 415 in
464 390 574 416 saecula.
593 389 690 415 Amen.

532 444 687 472 EJUSDEM

222 498 354 534 Cagnitio.
376 500 408 526 de
432 500 576 534 disreptala
597 501 624 527 in
645 501 742 535 synodo
766 503 917 535 quivstione,
939 510 999 529 nunt

293 542 359 560 unus
377 539 401 561 et
416 535 484 561 idem
502 535 603 562 duabus
616 537 727 562 sobrinis
738 536 815 570 jungi
830 536 932 563 debeat.

254 626 459 653 Atheniensium
477 630 532 653 tam
546 627 687 662 indigenm.
704 634 784 661 quam
800 627 918 659 advenae,
931 628 997 655 nulli

221 671 266 698 alii
283 671 321 697 rei
342 671 484 703 vacabant,
498 672 586 705 inquit
602 679 714 706 magnus
731 672 774 698 ille
791 671 900 704 Paulus,
917 681 996 708 quam

221 720 250 742 ut
266 716 367 750 aliquid
387 717 449 743 novi
475 721 531 742 tum
556 717 717 750 proferrent.
735 722 791 743 tum
812 717 947 744 audirent.
964 720 997 745 At

219 769 285 789 vero
312 761 433 789 Erclesia
450 761 508 792 Dei,
523 763 563 788 vel
581 769 659 789 sacra
682 763 773 796 potius
793 764 866 798 regia
882 764 997 791 sanctis-

219 807 294 833 simae
323 805 367 833 Dei
403 807 514 841 majoris
541 806 678 839 Ecclesia,
705 815 718 833 a
743 809 846 836 sanrtis
870 808 995 836 Patribus

218 851 326 877 decreta
349 851 543 884 eorroborans,
560 859 666 878 omnem
687 854 900 887 superlluitalem
917 853 994 880 novi-
1011 870 1030 898 Β

220 897 283 923 tatis
298 897 416 930 speciem
435 897 577 924 habentem
595 898 724 925 radicitus
739 899 881 933 exstirpat,
896 903 922 926 et
938 899 994 926 cul-

217 949 289 968 mum
307 942 428 969 veritatis
444 942 476 968 ad
490 942 628 968 ferendum
644 942 760 969 fructum
775 945 929 978 centuplum
939 944 996 971 vult

216 993 348 1013 crescere.
366 985 476 1013 Prohcit
497 987 567 1014 enim
593 995 639 1021 per
661 987 706 1014 Dei
731 988 857 1022 gratiam,
876 989 901 1016 in
920 990 993 1016 omni

215 1036 323 1064 accepta
348 1031 402 1058 Deo
428 1035 481 1058 tam
507 1032 641 1065 oratione,
657 1040 736 1067 quam
760 1034 878 1067 negotio.
893 1033 993 1066 Quam-

215 1077 307 1103 obrem
323 1076 405 1103 etiam
429 1076 466 1108 id,
482 1077 514 1103 de
529 1083 583 1110 quo
600 1085 653 1105 non
674 1077 711 1104 ita
730 1077 832 1112 pridem
850 1079 990 1113 quaesitum

213 1127 255 1150 est
270 1123 296 1149 in
316 1122 430 1157 synodo,
450 1130 513 1149 num
532 1130 602 1149 unus
631 1126 658 1150 ct
680 1123 750 1150 idem
777 1123 882 1151 duabus
905 1124 992 1151 sobri—

214 1168 257 1195 nis
283 1167 405 1202 copulari
431 1168 541 1200 debeat,
568 1168 680 1194 minime
708 1168 794 1194 voluit
818 1176 868 1196 ceu
891 1177 989 1196 novum

215 1214 328 1248 aliquid,
345 1213 371 1240 in
395 1213 521 1247 angulum
549 1212 667 1246 aliquem
691 1213 789 1240 cadere
814 1213 988 1248 neglectum:

213 1259 259 1285 sed
284 1258 321 1284 uti
343 1266 398 1285 rem
422 1257 539 1291 alicujus
556 1257 685 1284 momenti
710 1261 736 1284 et
755 1257 940 1291 utilissimam,
957 1259 989 1286 ad

212 1312 326 1331 examen
344 1304 480 1339 publicum
498 1303 648 1337 proposuit.
665 1303 695 1330 Et
715 1304 779 1338 quia
800 1304 989 1333 sanctissimus

212 1350 257 1377 ille
272 1357 388 1384 sponsus
406 1349 475 1384 ejus,
492 1354 517 1376 et
532 1349 724 1376 canonicarum
744 1349 918 1377 traditionmn
934 1358 990 1377 me-

211 1395 314 1421 ditator
328 1394 565 1429 vigilantissimus,
582 1402 632 1422 nos
649 1402 756 1429 quoque
772 1389 916 1430 participes
930 1395 988 1430 ejus

211 1439 273 1465 honi
294 1446 354 1466 esse
377 1439 481 1471 voluit,
504 1439 618 1466 dicimus
642 1440 747 1474 aliquos
765 1440 845 1466 latam
861 1444 888 1466 et
902 1439 986 1467 oﬂ'eu-

210 1484 295 1510 sionis
325 1488 461 1518 expertem
498 1489 546 1519 (ut
574 1484 624 1518 ipsi
656 1484 764 1518 quidem
796 1484 887 1519 aiunt)
916 1485 985 1511 viam

209 1527 349 1562 aperuisse
376 1527 517 1560 Demetrio,
533 1528 578 1562 qui
596 1528 686 1555 Maria:
707 1529 848 1563 cujusdam
874 1529 986 1556 maritus
1000 1531 1020 1560 c

209 1573 308 1601 fuerat.
324 1571 498 1599 matrimonio
523 1572 667 1606 copulaudi
690 1573 828 1600 sobrinam
851 1573 922 1606 ejus,
937 1580 985 1600 nos

207 1616 281 1642 mine
303 1615 482 1642 Theodoram.
507 1615 539 1642 Et
563 1616 729 1650 interrogati,
756 1616 943 1650 quamobrem.
958 1621 985 1644 et

208 1661 344 1697 quomodo
361 1661 393 1688 ad
411 1661 460 1688 hnc
477 1661 608 1691 invitent,
625 1661 712 1693 aiunt,
728 1661 800 1688 hunc
814 1665 983 1688 contractum

207 1706 240 1732 ad
264 1707 407 1740 septimum
432 1706 545 1740 gradum
570 1706 731 1740 pertingere.
750 1710 889 1740 propterea
912 1707 983 1740 quod

207 1751 361 1778 Demetrius
377 1755 404 1778 et
416 1750 510 1782 Maria,
529 1750 626 1783 conqu
643 1751 703 1784 ejus
720 1754 836 1783 mortua,
855 1758 983 1785 personas

206 1797 292 1829 duas,
317 1801 343 1824 et
366 1801 564 1831 consequenter
584 1797 683 1829 gradus
705 1796 773 1823 duos
796 1796 980 1828 constituant,

205 1842 268 1868 licet
291 1842 326 1869 ob
348 1849 510 1868 consensum
533 1845 559 1868 et
579 1848 697 1868 amorem
722 1846 844 1867 mutuum
865 1848 913 1875 pro
928 1848 981 1868 una

204 1887 286 1914 carne
313 1887 486 1914 haberentur.
510 1886 576 1913 Nam
602 1887 694 1919 Maria,
715 1887 851 1920 inquiunt,
875 1892 979 1914 sextum

205 1939 265 1958 cum
284 1931 425 1958 Theodora
441 1931 554 1966 gradum
577 1932 679 1963 habuit,
698 1939 749 1958 non
772 1932 862 1960 itidem
884 1932 979 1960 Deme-

204 1977 283 2007 trius.
296 1977 378 2003 veluti
392 1977 437 2011 qui
453 1976 486 2003 ad
502 1984 642 2010 personam
657 1977 807 2010 septimam,
820 1981 846 2004 et
858 1977 978 2011 ejusdem

202 2021 306 2048 numeri
320 2021 432 2056 gradum
447 2021 588 2048 referatur.
600 2022 635 2048 At
646 2021 794 2048 secundum
808 2022 896 2048 thema
917 2022 977 2056 (65)

201 2066 299 2100 capitis
322 2073 398 2092 xuii
428 2066 498 2092 tituli
519 2073 533 2091 v
562 2065 622 2092 libri
647 2073 730 2092 xxrm
749 2065 937 2098 Basilicorum,
951 2070 978 2094 et

200 2118 287 2138 canon
303 2118 347 2137 LIV
361 2114 459 2137 coacta:
478 2110 502 2136 in
516 2109 602 2143 magni
618 2110 710 2144 palatii
727 2109 820 2136 Trullo
837 2116 937 2137 sancta:
951 2115 978 2137 et

201 2156 363 2182 universalis
384 2154 490 2190 synodi,
513 2162 598 2190 usque
614 2155 646 2181 ad
662 2154 770 2189 gradum
792 2159 896 2181 sextum
918 2163 975 2181 ma-

199 2201 325 2229 trimonia
349 2205 402 2228 tam
425 2209 457 2228 ex
478 2200 616 2232 afﬁnitate,
632 2207 712 2235 quam
734 2200 894 2234 cognatione
910 2207 973 2227 con-
989 2188 1012 2215 Ῑ)

198 2251 292 2278 tracta.
309 2246 543 2273 constrinxerunt.
559 2245 624 2277 Quae
646 2252 710 2271 vero
727 2249 836 2272 sextum
854 2252 973 2279 sequun-

197 2293 264 2320 tur,
300 2290 387 2317 lbere
422 2283 533 2316 conﬂari
566 2289 758 2324 permiserunt.
790 2290 829 2316 Ac
864 2289 972 2316 tametsi

196 2335 350 2369 publicatus
365 2334 399 2359 sit
420 2341 514 2360 recens
530 2338 619 2361 tomus
632 2333 780 2368 synodalis,
795 2333 970 2361 conﬁrmatus

195 2377 278 2404 etiam
307 2377 397 2403 edicto
426 2377 623 2411 imperatorio,
649 2385 703 2412 quo
734 2378 908 2413 praecipitur,
939 2386 973 2405 ne

197 2423 283 2457 gradu
302 2423 418 2457 septimo
438 2423 576 2456 conjuncti
596 2431 642 2457 per
662 2425 861 2457 cognationem,
878 2424 973 2451 matri-

194 2467 284 2494 monia
309 2468 472 2494 contrahant
490 2476 497 2494 :
519 2471 608 2495 tamen
632 2467 665 2494 ad
689 2468 741 2495 hoc
767 2468 795 2500 ii,
811 2468 855 2502 qui
877 2469 969 2496 eodem

193 2512 279 2547 gradu
302 2519 350 2546 per
374 2511 527 2538 afﬁnitatem
553 2519 614 2539 sese
630 2512 810 2546 constrigunt,
833 2520 886 2539 non
906 2520 971 2539 con-

192 2558 376 2593 stringuntur.
401 2557 529 2591 ﬂagnum
557 2557 629 2584 enim
659 2557 806 2584 discrimen:
832 2563 872 2585 est
897 2558 967 2585 inter

190 2603 421 2631 necessitudinem
448 2602 599 2637 sanguinis,
622 2606 650 2630 et
673 2603 841 2638 cognatieam
866 2602 967 2637 simpli-

189 2648 257 2675 citer
279 2647 508 2683 propinquitatem
523 2654 530 2674 ι
548 2654 579 2674 ac
599 2654 696 2681 magna
721 2646 791 2673 inter
808 2648 864 2673 hate
885 2647 966 2674 stabi-

189 2693 236 2720 lita
252 2693 321 2721 ratio
336 2697 388 2726 est,
403 2692 471 2721 alios
485 2692 626 2726 copulans,
639 2691 706 2718 alios
720 2691 860 2718 dirimens.
877 2692 963 2719 Etiam

1053 254 1136 284 λοντι,
1154 255 1181 281 ὲν
1197 254 1307 289 Χριστῷ
1326 254 1413 289 Ὶησοῦ
1433 254 1472 288 τῷ
1484 254 1576 289 Κυρίῳ
1595 254 1684 290 ἡμῶν,
1704 250 1727 288 ᾧ
1741 255 1756 290 ἠ
1769 255 1822 287 δόξα

1055 300 1100 326 καὶ
1113 299 1142 326 τὸ
1157 299 1255 334 κράτος
1268 300 1307 331 είς
1321 299 1383 334 τοὺς
1393 299 1504 331 αἰῶνας.
1525 300 1618 336 Ἀμήν.

1334 447 1402 474 ΤΟΥ
1428 447 1543 474 ΑΥΤΟΥ

1052 501 1222 535 Διάγνωσις.
1242 502 1328 535 χάριν
1344 502 1398 528 τοῦ
1408 503 1592 536 λαληθέντος
1603 503 1774 536 συνοδικῶς
1784 502 1822 537 ξη-

1085 537 1224 569 τήματος,
1239 537 1303 570 περὶ
1315 537 1379 566 τοῦ.
1402 538 1428 563 εί
1450 538 1507 570 χρὴ
1524 537 1578 564 τὸν
1599 538 1695 565 αὐτὸν
1711 539 1760 565 καί
1776 539 1822 565 Era

1086 570 1154 597 δυσὶ
1170 570 1402 605 δισεξαδέλφαις
1417 571 1633 600 σινάπτεσθαι.

1084 627 1114 652 Οἱ
1129 627 1184 653 τῶν
1207 626 1355 662 Ἀθηναίων
1374 626 1505 661 ίθαγενεῖς
1523 627 1570 653 καὶ
1599 628 1766 663 προσήλυτοι
1789 629 1822 659 είς

1048 671 1122 697 οὐδὲν
1141 671 1234 707 ἕτερον
1256 672 1410 706 εὐκαίρουν,
1435 673 1449 698 ὁ
1469 672 1556 707 μέγας
1575 672 1681 704 nam;
1701 673 1820 708 φησιν,ἢ

1047 715 1135 748 λέγειν
1151 724 1176 742 τι
1192 716 1240 742 καὶ
1261 715 1369 743 ἀκούειν
1384 716 1551 750 καινότερον.
1573 716 1605 743 Ἦ
1629 717 1779 752 Ἐκκλησία.
1798 718 1820 744 δι

1045 759 1094 785 τοῦ
1107 760 1185 791 Θεοῦ,
1201 760 1249 786 καὶ
1264 760 1365 794 μᾶλλον
1378 759 1408 786 τὸ
1421 760 1492 787 θεῖον
1504 760 1653 795 ἀνάκτορον
1667 763 1718 796 τῆς
1745 763 1821 796 ἁγιω-

1045 804 1128 839 τάτης
1141 804 1188 830 τοῦ
1207 804 1273 830 Θεοῦ
1290 805 1410 839 μεγάλης
1428 805 1601 840 Ἑκκλησίας,
1625 807 1659 832 τὰ
1674 808 1750 842 παρὰ
1771 808 1819 834 τῶν

1045 848 1130 881 ἁγίων
1145 848 1275 883 Πατέρων
1298 849 1513 884 δογματισθέντα
1527 850 1710 885 κρατύνουσα,
1731 852 1819 887 προθέ-

1045 893 1144 928 λυμνον
1156 894 1265 929 ἀποσπᾷ
1286 895 1375 921 πᾶσαν
1391 895 1542 930 καινοφανῆ
1567 897 1760 931 περιττότητα,
1776 898 1818 924 ut

1045 939 1115 966 θέλει
1137 939 1188 973 τῆς
1210 939 1339 974 ἀληθείας
1352 940 1397 966 τὸν
1412 940 1531 974 ἄσταχυν
1545 940 1704 968 ἀνατέλλειν
1728 943 1818 969 ἑκατο-

1044 984 1181 1010 στεύοντα.
1205 975 1356 1019 Προκόπτὲι
1370 985 1423 1018 γὰρ
1443 986 1476 1020 τῇ
1491 985 1583 1020 χάριτι
1605 985 1656 1012 τοῦ
1672 987 1754 1019 Θεοῦ,
1776 988 1818 1014 ἐπὶ

1043 1029 1123 1055 παντὶ
1136 1029 1273 1064 θεαρέοτῳ
1291 1029 1361 1065 λόγῳ
1380 1030 1426 1057 καὶ
1444 1031 1596 1065 πράγματι.
1613 1032 1664 1059 Διά
1684 1041 1727 1059 τοι
1744 1033 1818 1060 τοῦτο

1042 1075 1089 1100 καὶ
1104 1074 1134 1100 τὸ
1151 1074 1298 1106 συνοδικῶς
1311 1075 1449 1109 ἐρωτηθὲν
1466 1076 1518 1110 πρὸ
1531 1076 1642 1111 μικροῦ,
1659 1078 1726 1112 περὶ
1739 1078 1786 1104 τοῦ
1798 1079 1818 1104 εί

1042 1120 1093 1154 χρὴ
1111 1119 1154 1146 τὸν
1167 1121 1246 1146 αὐτὸν
1262 1121 1308 1148 καὶ
1334 1121 1383 1147 ἕνα
1397 1121 1458 1148 δυσὶ
1472 1121 1673 1157 δισεξαδέλφαις
1689 1123 1816 1150 συνάπτε-

1043 1163 1113 1195 σθαι,
1130 1164 1180 1190 οὐκ
1194 1165 1343 1199 ηὐδόκησεν
1359 1164 1396 1196 ὡς
1413 1174 1438 1191 τι
1463 1167 1644 1201 καινοπρεπὲς
1659 1167 1713 1193 ὑπὸ
1722 1168 1816 1201 γωνίαν

1041 1209 1133 1234 πεσεῖν
1157 1208 1327 1242 ἀτημέλητον
1342 1217 1348 1224 ·
1365 1209 1422 1235 ἀλλ’
1439 1209 1476 1240 ὡς
1496 1211 1641 1237 σπουδαῖον
1662 1211 1711 1238 καὶΙ
1725 1220 1818 1246 χρησι-

1041 1252 1175 1287 μώτατον,
1189 1253 1228 1285 εἰς
1240 1253 1330 1289 κοινὴν
1343 1254 1472 1289 προέθετο
1488 1256 1674 1288 κατεξέτασιν.
1685 1257 1762 1284 Ἐπεὶ
1774 1257 1816 1284 οὖν

1038 1298 1052 1323 ὁ
1067 1298 1271 1330 παναγιώτατος
1292 1299 1407 1334 νυμφίος
1422 1300 1517 1335 αὐτῆς,
1538 1301 1586 1327 καὶ
1601 1302 1657 1328 τῶν
1671 1303 1817 1330 κανονικιῖιν

1039 1343 1211 1379 παραδόσεων
1238 1343 1391 1378 μελεδωνὺς
1408 1345 1624 1380 ἀγρυπνότατος,
1643 1347 1760 1382 ἠθέλησε
1773 1348 1818 1374 καὶ

1037 1388 1110 1422 ἡμᾶς
1132 1388 1317 1423 συμμεριστάς
1331 1390 1457 1423 γενέσθαι
1472 1390 1519 1416 τοῦ
1540 1390 1653 1424 ἀγαθοῦ,
1674 1393 1765 1427 φαμὲν
1777 1394 1817 1420 ὅτι

1036 1432 1108 1463 τινὲς
1131 1432 1261 1459 πλατεῖαν
1286 1432 1345 1459 ὁδον
1370 1433 1418 1460 καὶ
1444 1434 1618 1469 ἀπρόσκοπον
1645 1435 1695 1469 (ὥς
1724 1438 1816 1471 φασιν)

1035 1476 1166 1511 ἥπλωσαν
1195 1477 1233 1512 τῷ
1251 1478 1401 1513 Δημητρίῳ
1427 1479 1519 1513 τυχὸν,
1549 1479 1588 1514 τῷ
1614 1482 1816 1516 χρηματίσαντι

1038 1521 1144 1557 γαμέτῃ
1153 1522 1262 1557 Μαρίας
1273 1523 1354 1555 τινὸς,
1365 1523 1555 1559 δισεξαδέλφην
1564 1525 1667 1560 ταύτης
1676 1525 1817 1561 Θεοδώραν

1036 1566 1206 1602 καλουμένην
1237 1568 1418 1602 ἁρμόσασθαι.
1449 1569 1504 1595 Καὶ
1530 1569 1715 1604 ἐρωτώμενοι,
1736 1571 1817 1597 πόθεν

1034 1612 1082 1638 καὶ
1099 1612 1170 1643 ὅπως
1191 1612 1271 1638 τοῦτο
1295 1613 1484 1648 προτρέπουσι,
1503 1613 1627 1647 λέγουσιν
1642 1616 1684 1646 εἰς
1703 1615 1816 1651 ἒὸδομον

1034 1657 1138 1692 βαθμὸν
1165 1658 1299 1692 καταντᾷν
1321 1659 1369 1692 τὴν
1393 1658 1440 1684 τοῦ
1457 1659 1681 1694 συναλλάγματος
1695 1662 1815 1696 ποίησιν.

1033 1702 1077 1728 διὰ
1100 1703 1129 1728 τὸ
1145 1703 1278 1737 πρόσωπα
1300 1703 1355 1735 δύο,
1382 1704 1429 1729 καὶ
1444 1703 1598 1735 ἀκολούθως
1621 1705 1670 1732 δύο
1694 1707 1815 1740 βαθμοὺς

1034 1747 1216 1774 καθίστασθαι
1229 1748 1274 1774 τὸν
1289 1749 1442 1783 Δημήτριον
1472 1749 1540 1783 μετὰ
1565 1751 1675 1785 Μαρίας
1698 1752 1748 1786 τῆς
1762 1754 1815 1779 ἀτιθ-

1033 1793 1176 1828 οιχομένης
1191 1794 1309 1827 συζύγου
1333 1794 1427 1826 αὑτοῦ,
1445 1795 1496 1821 κᾶν
1514 1796 1546 1830 τῇ
1565 1796 1680 1832 ὁμονοίᾳ
1707 1798 1755 1824 καὶ
1780 1800 1812 1832 τῇ

1032 1841 1131 1873 στοργῇ
1148 1839 1215 1874 σὰρξ
1227 1839 1276 1874 μία
1285 1839 1456 1874 λογίζωνται.
1478 1840 1510 1867 Ἡ
1523 1841 1576 1876 γὰρ
1592 1842 1699 1877 Μαρία,
1719 1845 1812 1877 φασιν,

1031 1883 1108 1909 ἔκτον
1133 1882 1189 1918 εἶχε
1218 1885 1287 1918 μετά
1309 1885 1358 1918 τῆς
1375 1884 1514 1920 Θεοδὼρας
1529 1885 1645 1921 βαθμὸν,
1677 1888 1709 1914 οὖ
1731 1889 1786 1923 μὴν
1799 1889 1812 1914 ὁ

1030 1929 1195 1963 Δημήτριος,
1217 1929 1255 1961 ὼς
1274 1930 1313 1960 είς
1326 1929 1438 1964 ἕϐδομον
1458 1931 1613 1965 πρόσωπον,
1631 1933 1679 1959 καὶ
1707 1933 1810 1968 βαθμὸν

1029 1973 1246 2008 τοσαυτάριθμον
1261 1974 1439 2009 ἀναγόμενος.
1457 1975 1494 2002 Τδ
1509 1975 1536 2002 δὲ
1557 1976 1580 2011 β’
1596 1977 1679 2012 θέμα,
1703 1980 1752 2005 τοῦ
1772 1977 1810 2013 λβ¹

1029 2018 1176 2052 κεφαλαίου
1189 2018 1234 2045 τοῦ
1250 2019 1271 2044 ε’
1285 2020 1375 2046 τίτλου
1400 2020 1446 2046 τοῦ
1465 2020 1509 2055 κη’
1527 2020 1631 2055 βισλίου
1657 2023 1715 2049 τῶν
1731 2025 1809 2051 Βασι-

1027 2063 1122 2096 λικῶν,
1137 2065 1184 2090 καὶ
1195 2064 1209 2090 ὁ
1224 2063 1260 2090 νδ¹
1274 2064 1363 2091 κανὼν
1380 2066 1429 2100 τῆς
1451 2067 1481 2092 ὲν
1495 2066 1536 2100 τῷ
1550 2067 1680 2102 Τροῦλλῳ
1695 2070 1744 2096 τοῦ
1763 2079 1808 2104 με·

1025 2109 1109 2142 γάλου
1134 2109 1263 2136 παλατίου
1290 2111 1425 2145 συστάσης
1446 2111 1526 2145 ἁγίας
1545 2113 1592 2139 καὶ
1611 2114 1807 2150 οίκουμενικῆς

1029 2155 1148 2187 συνόδου,
1165 2155 1245 2190 μέχρι
1271 2156 1317 2182 τοῦ
1344 2156 1422 2183 ἕκτου
1445 2157 1549 2192 βαθμοῦ
1565 2159 1611 2185 καὶ
1631 2160 1715 2186 αὐτοῦ
1730 2161 1764 2187 τά
1777 2162 1806 2193 ἐξ

1026 2201 1181 2235 ἀγχιστείας
1194 2201 1240 2227 καὶ
1251 2202 1284 2228 τὰ
1298 2201 1327 2233 ὲξ
1339 2202 1454 2237 αἵματος
1467 2203 1666 2240 έξεστενοχὼρη
1674 2214 1724 2232 σαν
1748 2215 1807 2233 suv-

1025 2245 1195 2280 αλλάγματα.
1220 2246 1260 2272 Τά
1277 2247 1306 2272 δὲ
1330 2247 1398 2281 μετά
1423 2247 1532 2280 τοῦτον,
1555 2248 1643 2281 ἀδεῶς
1667 2251 1805 2278 ἀπέλυσαν

1025 2289 1237 2324 ἀναχὼννυσθαι.
1256 2291 1310 2317 Καὶ
1324 2292 1376 2318 κᾶν
1392 2292 1521 2328 ἐξηνέχθη
1540 2295 1706 2329 προσφάτως
1722 2297 1805 2330 τόμος

1025 2336 1173 2369 συνοδικδς,
1192 2336 1347 2372 στηριχθεὶς
1362 2338 1409 2364 καὶ
1420 2339 1567 2373 προστάξει
1585 2341 1725 2375 βασιλικῇ,
1742 2343 1803 2372 τοῦς

1023 2379 1053 2412 ἐξ
1071 2380 1185 2416 αἵματος
1199 2381 1278 2413 ὅντας
1294 2382 1406 2417 ἑϐδόμου
1428 2383 1531 2418 βαθμοῦ
1551 2384 1587 2419 μὴ
1607 2386 1801 2424 συνάπτεσθαι,

1022 2424 1090 2451 ἀλλὰ
1114 2426 1176 2457 τοὺς
1195 2426 1223 2459 ἐξ
1250 2427 1408 2461 ἀγχιστείας
1432 2428 1569 2455 οίκείωσιν
1594 2431 1801 2466 τοιουτόμετρον

1022 2469 1141 2505 ἔχοντας,
1160 2471 1210 2498 οὒκ
1232 2472 1444 2508 ὲστενοχώρησε.
1469 2474 1539 2500 Πολὺ
1556 2475 1609 2509 γάρ
1625 2477 1684 2502 ἐστι
1700 2477 1731 2503 τὸ
1743 2477 1801 2503 διά-

1022 2522 1103 2549 φορον
1122 2515 1205 2550 μέσον
1221 2517 1378 2550 συγγενείας
1392 2517 1420 2550 ἐξ
1433 2518 1556 2552 αἵματος,
1575 2520 1622 2546 καὶ
1637 2521 1799 2556 συγγενικῆς

1022 2559 1115 2591 ἁπλῶς
1132 2560 1312 2592 οἰκειώσεως·
1337 2562 1383 2588 καὶ
1414 2562 1493 2596 λόγος
1516 2564 1602 2598 μέγας
1633 2566 1715 2600 μέσον
1740 2565 1799 2592 τοῦ-

1018 2612 1073 2630 των
1100 2604 1274 2639 ἐστήρικται,
1307 2607 1371 2638 τοὺς
1399 2607 1449 2642 μὲν
1478 2608 1639 2641 συνάπτων,
1673 2611 1735 2641 τοὺς
1768 2611 1796 2636 δὲ

1018 2648 1140 2683 διαιρῶν,
1157 2649 1189 2675 Οἱ
1213 2649 1322 2681 πλείους
1344 2651 1372 2676 δὲ
1397 2650 1500 2678 τούτων
1528 2652 1574 2678 καὶ
1600 2654 1795 2688 ἐπιχειρήμασι

1019 2691 1231 2726 συλλογιστικοῖς
1247 2714 1254 2726 ,
1283 2695 1328 2722 καὶ
1346 2695 1388 2723 διὰ
1408 2697 1457 2731 τῆς
1481 2698 1519 2729 είς
1538 2697 1568 2724 τὸ
1590 2698 1720 2727 ἀδύνατον
1743 2699 1797 2727 ἁπ-

939 2772 1050 2800 NOTAE.

219 2816 276 2852 (65)
292 2818 368 2850 Quoi
384 2817 581 2853 paragraphuni
598 2817 682 2844 nostri
697 2817 803 2844 dicunt.
