1894 3072
90 167 162 202 1053

796 179 1006 213 MEDITATA.

1634 189 1708 233 1054,

94 229 212 263 αγωγῆς
226 228 288 260 τοὺς
301 229 418 262 οἰκείους
432 230 510 266 δῆθεν
527 232 622 266 λόγους
638 234 805 269 στηρίξουσι.
822 237 873 263 Λέ-

927 238 1046 273 plerique
1070 239 1168 267 borum
1191 242 1366 277 syllogisticis
1392 245 1578 280 argumentis,
1601 250 1627 272 et
1653 254 1700 281 per

94 283 176 307 γουσι
190 274 255 310 γὰρ,
269 275 306 307 ὡς
328 277 352 302 εί
375 275 465 311 δοθείη
490 277 615 309 γενέσθαι
631 278 679 313 τὴν
701 280 810 315 Μαρίαν
827 283 874 308 καὶ

93 319 143 344 τὸν
167 319 322 354 Δημήτριον
344 320 404 352 ἑνὸς
425 321 528 356 βαθμοῦ
549 323 617 357 μετά
644 324 692 358 τὴν
716 326 873 360 συνάφειαιν,

94 362 184 389 πολλά
200 365 381 398 συμπέσωσιν
395 365 481 392 ἄτοπα
491 374 498 380 ·
509 366 572 400 οἷον,
585 369 743 404 Δημήτριος
754 371 875 406 γαμέτης

94 407 146 442 τῆς
169 409 277 443 Μαρίας
301 409 476 444 καλούμενος,
501 412 547 438 καὶ
568 413 688 448 γαμὸρὺς
706 413 753 440 τοῦ
774 416 876 450 ταύτης

96 453 213 487 πατρδς,
229 454 322 480 τούτου
341 455 390 489 μὲν
407 457 481 487 παῖς,
496 457 603 492 ἐκείνης
623 458 650 484 δὲ
676 459 787 494 ἀδελφὸς
811 469 875 495 μετ-

100 499 332 532 ονομασθήσεται,
347 500 393 526 τοῦ
408 501 511 536 βαθμοῦ
527 504 559 537 τῇ
570 505 713 539 ταυτότητι
724 514 731 520 ·
747 507 793 532 καὶ
805 507 875 533 οὕτω

99 543 265 570 ἰιατπᾶσθαι
282 545 311 570 τὸ
329 546 503 578 συνοικέσιον,
523 548 561 578 είς
587 549 778 584 ἀδελφομιξίαν
795 560 873 587 περι-

151 599 158 611 ι
168 597 252 614 uva-1.
272 590 448 623 Προστιθέασι
459 592 486 618 δὲ
499 594 571 619 κατά
585 594 663 620 τοῦτο
674 595 703 621 τὸ
716 596 815 622 ἄτοπον
827 597 875 624 καὶ

122 647 142 659 ιν
178 636 205 666 ἐξ
229 637 366 663 ἀδιαθέτου
392 638 526 673 διαδοχᾶς,
549 640 669 675 ἀλλήλων
695 651 735 675 τε,
758 643 874 671 καὶτῶν

153 690 201 706 λων
222 682 331 711 τούτων.
352 684 394 708 ναὶ
412 685 504 717 μέντοι
529 686 574 712 καὶ
593 687 760 721 προσ-γενῶν,
777 689 875 720 αὐτοὺς

106 726 323 760 ψίτερίσαςθαι.
346 728 483 760 Ὡσαύτως
496 731 542 756 καὶ
561 731 590 756 τὺ
612 732 648 766 μὴ
668 732 796 760 δύνασθαι
813 734 875 765 τοὺς

99 769 275 804 ἑτερομερεῖς
290 772 426 806 ἀγχιστεῐς
438 774 562 808 ἀλλήλοις
576 777 767 810 συνάπτεσθαι,
784 778 875 811 καθὼς

99 813 148 845 τῆς
168 813 325 847 ἀγχιστείας
339 815 373 843 τὰ
394 817 493 851 νόμιμα
518 819 694 854 διορίζονται·
719 822 787 850 ἀλλὰ
805 823 875 852 κατὰ

99 857 162 889 τοὺς
178 858 282 893 γάμους
296 860 349 887 τῶν
366 861 394 893 ἐξ
408 862 522 898 αἵματος
536 866 703 899 προσγενῶν.

136 991 192 1017 Καὶ
204 991 258 1039 μὴν
272 993 301 1018 ἐν
315 995 346 1029 τῇ
367 994 506 1032 Ῥωμαϊκῇ
523 999 658 1036 συνηθείᾳ,
669 1001 715 1028 καὶ
725 1003 756 1038 τῇ
773 1003 874 1039 ἐκκλη-

102 1038 227 1070 σιαστικῇ
246 1039 419 1071 καταστάσει,
448 1041 523 1074 φασὶ,
547 1044 577 1068 τὸ
605 1045 728 1073 ἐναντίον
755 1038 876 1083 σήμερον

100 1081 283 1109 πολιτεύεται.
302 1082 377 1115 Θεῐος
395 1085 448 1120 γὰρ
464 1088 509 1112 καὶ
524 1087 631 1123 ἀνεψιὸς
647 1090 715 1124 μετά
738 1081 813 1124 θείας
829 1081 877 1121 καὶ

101 1125 215 1160 ἀνεψιᾶς
230 1127 375 1160 ἀκωλύτως
387 1131 575 1165 συνάπτονται,
589 1135 665 1161 ἕκτον
680 1136 709 1168 ἐξ
719 1138 877 1172 ἀγχιστείας

102 1172 150 1218 καὶ
166 1172 251 1199 ταῦτα
264 1174 388 1209 λαχόντες
403 1176 515 1212 βαθμὸν,
530 1179 566 1210 ὡς
575 1180 624 1206 τοῦ
636 1181 720 1216 τόμου
735 1183 782 1210 τοῦ
796 1179 877 1218 ἀγιωέ

101 1216 183 1263 τάτιιυ
194 1219 360 1254 πατριάρχου
373 1221 489 1248 Σισινίου
499 1224 561 1255 τοὺς
575 1225 697 1260 πρώτους
710 1216 874 1263 ὲξαδέλσρους

101 1262 272 1294 κωλύσαντος
295 1264 370 1291 δυσὶν
401 1266 578 1302 αὐταδέλφαις
608 1262 875 1301 συνάπτεσθαιίΔι-

102 1306 255 1334 ενίττανται
272 1308 309 1338 δὲ,
332 1310 398 1344 μηδὲ
411 1312 532 1346 ἀπρεπές
554 1322 588 1346 τι,
605 1316 650 1342 καὶ
667 1317 719 1343 τῶν
735 1318 876 1353 ὀνομάτων

104 1353 265 1387 συγχυτικὸν
289 1354 481 1390 ὑποσύρεσθαι,
508 1359 540 1385 ἐκ
564 1360 610 1386 τοῦ
638 1361 684 1386 τὸν
709 1363 791 1390 αὑτὸν
815 1364 875 1391 δυσὶ

102 1395 301 1432 δισέξαδέλφαις
327 1401 522 1429 συνάπτεσθαι·
537 1404 577 1431 ὅτι
594 1405 653 1432 τότε
671 1406 738 1440 φασὶ
750 1416 876 1444 παρατη-

103 1444 192 1477 ρείται
212 1444 264 1471 τῶν
286 1445 424 1481 ὀνομάτων
448 1449 583 1484 ἀκρίϐεια,
602 1451 695 1478 καὶτὸ
721 1453 876 1488 ἀσύγχυτον

102 1488 204 1515 τούτων
229 1490 401 1524 φυλάττεται,
429 1493 473 1520 ὅτε
501 1494 608 1532 δουλικὴ
633 1496 701 1532 τύχη
738 1500 876 1533 μεσιτεύει

927 284 1117 312 abductionem
1129 286 1161 313 ad
1176 286 1352 321 impossibile,
1366 289 1484 317 rationes
1498 297 1561 317 suas
1575 289 1698 319 fulciunt.

925 329 1008 356 Aiunt
1019 330 1090 357 enim
1106 331 1128 358 si
1142 338 1302 360 concessum
1315 334 1360 363 sit.
1371 333 1482 361 Mariam
1495 340 1521 362 et
1535 335 1698 364 Demetrium

925 379 985 408 post
1011 375 1213 410 copulationem
1245 378 1328 404 unius
1351 377 1409 404 fieri
1436 379 1554 413 gradus,
1582 380 1699 408 absurda

925 419 1011 446 multa
1033 427 1201 448 concursura
1215 429 1222 448 :
1235 422 1310 448 verbi
1329 422 1425 456 gratia,
1444 424 1516 457 quod
1536 423 1698 458 Demetrius,

925 462 1081 498 qui'Maria:
1099 466 1214 493 maritus
1234 473 1295 493 esse
1314 468 1482 500 perhibetur,
1499 472 1525 495 et
1539 470 1623 502 patris
1640 470 1699 503 cius

925 515 1024 543 gener,
1049 509 1170 543 ejusdem
1199 518 1307 546 quoque
1335 512 1417 544 filius,
1440 516 1466 540 et
1492 513 1574 540 frater
1597 514 1697 545 Μαι-ια»,

925 557 1035 587 propter
1054 555 1220 582 identitatem
1235 557 1345 590 gradus,
1361 558 1397 584 sit
1409 558 1596 592 appellandus.
1613 561 1662 593 Atq
1676 568 1699 586 te

924 597 975 624 hoc
1000 598 1078 625 modo
1097 599 1278 626 dirimendum
1297 602 1508 635 matrimonium,
1530 604 1612 630 veluti
1628 604 1698 638 quod

925 642 959 668 ad
977 644 1151 671 concubitum
1172 645 1265 673 fratris
1285 654 1346 673 cum
1365 654 1457 674 sorore
1473 649 1574 674 tendat.
1591 650 1699 675 Addunt

925 687 989 714 huic
1005 689 1124 715 absurdo
1140 697 1187 717 eos
1201 691 1280 717 etiam
1307 692 1493 720 successiones
1509 693 1541 720 ab
1561 693 1697 725 intestato,

924 735 978 758 tant
994 733 1114 767 ipsorum
1131 734 1200 761 inter
1215 743 1253 767 se,
1274 743 1353 770 quatn
1375 741 1528 771 parentum,
1549 738 1602 765 imo
1617 740 1697 764 etiam

925 779 1150 813 propinquorum,
1167 780 1218 807 sibi
1235 781 1382 808 vindicare.
1398 781 1582 809 Consimiliter
1595 791 1628 810 ex
1646 790 1700 809 una

925 827 1003 858 parte
1017 823 1148 850 duntaxat
1165 824 1257 852 allines
1273 825 1344 852 inter
1364 833 1394 853 se
1405 827 1523 860 copulari
1538 835 1592 854 non
1609 835 1698 862 posse,

926 868 1152 902 quemadmodum
1169 869 1306 897 alliuitatis
1322 870 1384 904 jura
1399 875 1521 899 statuunt
1538 880 1546 899 :
1564 872 1611 899 sed
1629 872 1698 899 idem

925 914 954 940 in
977 914 1018 941 his
1042 914 1203 947 faciendum,
1220 906 1292 949 quod
1311 915 1338 943 in
1362 917 1466 951 nuptiis
1489 917 1621 951 sanguine
1636 924 1700 951 pro-

924 960 1102 994 pinquorum.

961 1003 1040 1039 Atqui
1059 1004 1162 1036 dicunt,
1188 1005 1213 1031 in
1230 1005 1426 1033 consuetudine
1442 1005 1571 1039 Romana,
1588 1010 1614 1033 et
1627 1009 1698 1034 statu

925 1050 1123 1081 ecclesiastico,
1136 1050 1301 1077 contrarium
1311 1050 1391 1078 hodie
1399 1050 1568 1078 observatur.
1584 1051 1699 1079 Patruus

925 1098 1011 1130 enim,
1026 1100 1052 1124 et
1069 1097 1162 1124 fratris
1181 1096 1263 1130 filius,
1294 1104 1354 1123 cum
1372 1097 1454 1124 amita
1482 1101 1509 1124 et
1538 1097 1629 1124 fratris
1647 1097 1699 1124 filia

926 1143 984 1170 sine
1000 1142 1193 1176 impedimento
1215 1141 1387 1176 copulantur,
1414 1142 1459 1174 qui
1483 1142 1595 1176 gradum
1612 1150 1645 1170 ex
1657 1142 1699 1168 af-

926 1189 1029 1215 ﬁnitate
1036 1191 1140 1214 sextum
1147 1187 1269 1214 obtinent
1279 1195 1286 1213 :
1296 1195 1356 1214 cum
1365 1187 1529 1215 sanctissimi
1540 1188 1699 1222 patriarchae

928 1231 1040 1259 Sisinnii
1057 1235 1147 1258 tomus
1168 1230 1347 1265 consobrinos
1366 1231 1481 1257 vetuerit
1505 1238 1566 1258 cum
1594 1231 1700 1259 duabus

927 1278 1063 1313 germanis
1086 1276 1227 1304 sororibus
1242 1276 1329 1311 iungi.
1357 1276 1457 1312 Urgent
1476 1282 1618 1312 praeterea,
1647 1282 1698 1305 nec

926 1321 1062 1349 inhonesti
1083 1321 1241 1355 quidquam,
1258 1321 1297 1348 vel
1321 1322 1392 1355 quod
1419 1322 1526 1348 nomina
1541 1321 1698 1355 confundat,

926 1374 959 1393 ex
976 1373 1008 1392 eo
1025 1366 1154 1401 irrepere,
1177 1365 1250 1400 quod
1268 1365 1339 1392 idem
1351 1366 1457 1392 duabus
1484 1366 1600 1393 sobrinis
1615 1374 1699 1401 copu-

926 1412 1007 1439 letur.
1023 1411 1099 1438 Tunc
1115 1412 1199 1444 enim,
1217 1412 1353 1446 inquiunt.
1369 1417 1495 1439 accurata
1518 1412 1588 1439 ratio
1610 1413 1699 1440 nomi-

927 1465 990 1484 num
1009 1456 1132 1488 babetur,
1162 1461 1189 1483 et
1208 1457 1361 1484 eorumdem
1370 1456 1492 1484 confusio
1505 1461 1624 1491 cavetur,
1636 1464 1698 1484 cum

927 1502 1078 1535 cognationi
1111 1501 1219 1528 fortuna
1254 1501 1360 1528 servilis
1388 1501 1551 1529 intercedit:
1569 1510 1623 1529 non
1638 1509 1698 1529 cum

105 1535 281 1568 συγγένειανι
297 1537 327 1563 οὑ
350 1539 402 1572 μὴν
423 1538 486 1565 ὅταν
510 1539 542 1566 ὲκ
567 1542 713 1575 συναφείας
736 1543 875 1579 ὸμοζύγων

928 1553 962 1573 ex
978 1545 1148 1580 copulatione
1172 1545 1315 1580 coniugum
1337 1545 1442 1579 legibus
1474 1546 1601 1577 admissa,
1628 1545 1700 1572 velut

103 1582 158 1612 τοϊς
172 1582 262 1616 νόμοις
278 1583 383 1618 δεκτῇς,
398 1584 434 1616 ὼς
449 1586 480 1612 ὲκ
500 1586 575 1621 ῥίζης
587 1588 660 1620 τινὺς
687 1590 796 1625 πτόρθοι
812 1599 876 1625 γεν-

103 1626 204 1660 νηθῶσι
225 1628 397 1663 κατάλληλοι.
413 1630 443 1656 El
460 1631 514 1666 γὰρ
526 1632 614 1668 δοθείη
629 1634 681 1661 κάν
695 1635 801 1667 τούτοις
815 1645 878 1664 συν-

103 1672 244 1706 τηρεῑσοαι
259 1673 313 1698 τῶν
330 1674 468 1708 ὀνομάτων
490 1676 520 1702 τὸ
534 1677 671 1712 εὐπρεπὲς
693 1679 740 1706 καὶ
755 1681 875 1716 ἁσὺγχυ-

103 1724 158 1746 τον,
176 1718 389 1752 στενοχωρηθείη
421 1719 468 1745 καὶ
499 1720 552 1745 τῶν
576 1721 793 1757 τρισεξαδέλφων
830 1725 878 1751 καὶ

104 1761 202 1796 ἑφεξῆς
214 1763 229 1796 ὴ
252 1764 407 1798 ἐκχωρητέα
419 1765 441 1781 ⁸¹
455 1766 585 1800 συνάφεια
595 1773 601 1780 ·
616 1767 657 1793 ἵνα
678 1768 714 1802 μὴ
741 1769 878 1804 κληθῶσιν

104 1807 129 1833 ol.
149 1808 178 1839 ἐξ
193 1808 304 1834 ἐκείνων
320 1810 457 1844 φυόμενοι,
476 1810 583 1845 ἀδελφοὶ
602 1812 648 1838 καὶ
672 1815 879 1848 τετταρεξάδελ-

103 1859 160 1886 φοι,
178 1853 245 1887 ὅπερ
256 1853 285 1878 οὑ
298 1853 429 1880 δέδοκται.
449 1855 503 1881 Καὶ
517 1856 605 1887 αὐτοὶ,
620 1856 717 1883 ταῦτα.
740 1857 836 1893 Ἡμεῖς
849 1860 878 1887 δὲ

104 1897 191 1930 axoni]
197 1905 283 1932 σωμεν
295 1899 436 1932 πρότερον,
450 1901 473 1925 εί
490 1901 544 1931 τοῖς
558 1900 650 1935 νόμοις
667 1903 713 1928 καὶ
725 1903 782 1934 τοῖς
795 1905 877 1931 κανό-

104 1948 131 1966 σι
151 1940 231 1972 δοκεῖ,
250 1941 296 1967 δύο
312 1941 430 1976 βαθμοὺς
450 1943 512 1973 τοὺς
531 1943 682 1977 ὀμοζύγους
701 1945 877 1979 ψηφίζεσθαι,

104 1985 151 2012 καὶ
164 1985 206 2012 διὰ
223 1986 299 2012 τοῦτο
320 1987 507 2021 συγχωρητέον
524 1986 594 2015 εἶναι
619 1989 658 2022 τὸ,
676 1990 740 2024 περὶ
754 1987 785 2017 οὗ
807 1992 820 2017 ὁ
834 1991 877 2017 λό-

103 2039 160 2065 γος,
177 2031 360 2065 συνάλλαγμα.
379 2032 507 2067 Εἴπωμεν
522 2030 578 2067 οὖν,
593 2034 640 2061 καὶ
663 2035 744 2062 πάλιν
761 2036 878 2070 ἐκκορυ-

104 2075 238 2112 φώσωμεν
249 2077 282 2104 τά
293 2077 436 2112 λεγόμενα.

137 2213 205 2240 Φασί
221 2221 291 2244 τινες
303 2213 350 2248 τὴν
364 2213 454 2247 φωνὴν
471 2213 517 2240 τοῦ
533 2213 635 2248 Κυρίου
662 2214 712 2249 τὴν
734 2213 874 2249 λέγουσαν,

960 2220 1044 2246 Aiunt
1070 2217 1179 2253 quidam
1208 2220 1302 2244 vocem
1333 2215 1449 2247 Domini,

102 2259 158 2286 Καὶ
172 2259 274 2285 ἔσονται
291 2259 315 2284 σί
339 2258 467 2292 ὁμόζυγοι
483 2258 551 2293 σάρξ
573 2258 632 2293 μία,
654 2259 692 2294 μὴ
709 2259 877 2294 ἑκλαμϐάνε-

103 2305 166 2330 σθαι
181 2303 247 2338 πρὸς
269 2303 428 2338 ταυτότητα,
444 2303 510 2330 ἀλλά
528 2303 596 2338 πρὸς
615 2304 731 2339 στοργὴν
747 2303 795 2331 καὶ
811 2305 878 2340 ὁμό-

102 2357 185 2376 νοιαν.
198 2349 226 2374 Εἰ
237 2349 290 2383 γὰρ
301 2348 337 2384 μὴ
348 2348 433 2379 οὕτως
441 2349 562 2384 ὲκληφθῇ
572 2350 602 2375 τὸ
612 2350 750 2385 κυριακὸν
760 2350 877 2377 θεσπιώο

101 2395 185 2428 δημα,
214 2394 322 2428 ἀδελφοὶ
347 2393 469 2428 κληθεῖεν
492 2395 516 2421 οί
542 2395 733 2429 συναφθέντες,
760 2395 807 2422 καὶ
828 2396 878 2431 οὐχ

101 2438 230 2473 ὁμόζυγοι
241 2447 247 2453 ·
267 2439 315 2464 καὶ
335 2439 432 2473 ἐφεξῆς
453 2439 700 2475 ἐπακολουθήσουσι
714 2441 784 2468 κακά
798 2449 877 2476 μυρι-

101 2482 215 2517 ύριθμα,
237 2483 285 2518 τὴν
302 2483 416 2510 ἀτοπίαν
429 2483 477 2509 τοῦ
503 2484 658 2519 ζητήματος
681 2485 876 2520 μεγαλύνοντα.

107 2527 313 2554 ’Δκουσάτωσαν
326 2527 382 2560 οὖν,
405 2520 446 2560 ὡς’
461 2530 606 2564 προτάσεις
622 2530 729 2564 ψευδεῖς
752 2529 814 2557 οὔτε
832 2530 877 2558 διὰ

102 2572 290 2608 συλλογισμῶν
311 2574 438 2609 ἀλήθειαν
463 2575 701 2610 συμπεραίνουσιν,
727 2575 788 2602 οὔτε
809 2576 876 2611 πρὸς

101 2618 132 2645 τὸ
147 2618 275 2645 ἀδύνατον
285 2619 467 2654 ἁπαγόμεναι,
477 2619 523 2646 τοῦ
539 2621 718 2656 ὑποκειμένου
732 2621 780 2655 τὴν
796 2621 876 2655 φύσιν

104 2664 308 2700 μετατιοέασιψ
327 2665 384 2692 ἀλλ’
404 2666 433 2697 ἐξ
447 2667 670 2701 ὁμολογουμένων
682 2667 730 2695 καὶ
745 2667 873 2694 ἀπλανῶν

103 2709 244 2737 ἀνατέλλει
262 2709 311 2744 τῆς
334 2709 460 2743 ἀλτπθείας
475 2711 489 2737 ὁ
509 2710 593 2745 ἣλιος.
609 2712 640 2738 Εἰ
660 2712 713 2746 γάρ
736 2720 779 2743 τις
804 2711 876 2738 εἴποι

928 1597 959 1618 ex
974 1590 1065 1617 radice
1091 1590 1219 1625 quadam,
1250 1590 1318 1617 rami
1341 1590 1533 1617 convenientes
1556 1597 1698 1625 procrean-

928 1640 981 1663 tur.
1007 1635 1073 1662 Nam
1102 1635 1125 1662 si
1159 1635 1252 1662 datum
1276 1635 1453 1662 fueritetiam
1467 1635 1494 1661 in
1508 1635 1550 1662 his
1561 1634 1698 1662 observari

928 1680 1067 1707 nominum
1087 1680 1266 1712 honestatem,
1289 1682 1320 1706 et
1340 1679 1548 1706 declinationem
1560 1677 1700 1706 confusio-

927 1725 981 1758 nis,
1009 1726 1082 1752 velut
1118 1726 1145 1752 in
1159 1729 1262 1752 arctum
1279 1724 1416 1759 redigetur
1429 1724 1509 1752 etiam
1535 1731 1568 1751 ex
1581 1724 1700 1751 sobrinis

929 1776 1063 1804 natorum,
1085 1774 1111 1798 et
1133 1770 1227 1797 ordine
1253 1770 1425 1804 sequentium
1453 1770 1523 1796 licita
1536 1769 1699 1803 permitten-

928 1816 1015 1851 daque
1041 1816 1206 1850 coniunctio,
1231 1822 1265 1841 ne
1285 1814 1411 1842 videlicet
1444 1814 1580 1848 contingat
1601 1820 1634 1839 ex
1661 1813 1700 1840 eis

929 1862 1032 1897 genitos
1061 1860 1188 1894 appellari
1216 1859 1313 1887 fratres
1337 1859 1427 1891 simul,
1456 1863 1483 1885 et
1508 1862 1699 1892 prognawrum

928 1914 960 1933 ex
978 1906 1095 1933 sobrinis
1116 1905 1194 1936 filios,
1212 1905 1284 1939 quod
1305 1904 1415 1930 minime
1426 1903 1512 1929 visum
1535 1907 1585 1929 est.
1603 1902 1700 1929 Ethaac

928 1951 1036 1986 quidem
1055 1950 1102 1977 illi.
1126 1949 1181 1976 Nos
1192 1954 1279 1976 autem
1302 1949 1375 1983 prius
1405 1947 1647 1978 considerabimus.
1664 1954 1699 1974 an

927 1997 999 2031 leges
1015 2000 1094 2029 atque
1113 2002 1231 2022 canones
1261 1996 1398 2025 censeant,
1422 1992 1547 2027 coniuges
1565 1999 1614 2026 pro
1632 1992 1700 2019 duo-

928 2041 979 2068 bus
994 2041 1121 2075 gradibus
1150 2039 1297 2071 habendos,
1323 2046 1354 2065 ac
1381 2042 1521 2072 propterea
1539 2037 1700 2072 permitten-

928 2085 992 2113 dum
1030 2087 1208 2115 contractum,
1247 2090 1300 2118 quo
1338 2083 1370 2109 de
1406 2082 1505 2116 agitur.
1530 2081 1700 2108 Disseramus

928 2130 1018 2165 igitur.
1026 2133 1052 2156 et
1060 2129 1137 2164 quasi
1152 2132 1304 2162 repetamus
1310 2127 1343 2154 ab
1355 2127 1414 2161 ipso
1425 2126 1511 2160 apice,
1519 2133 1578 2160 quae
1587 2125 1700 2154 dicenda

927 2175 1051 2202 veniunt.

1495 2222 1545 2249 qua
1587 2214 1700 2246 dicitur,

927 2264 1014 2292 Erunt
1033 2263 1163 2297 coniuges
1176 2268 1230 2289 una
1250 2268 1325 2293 caro,
1337 2267 1392 2287 non
1411 2260 1445 2287 de
1469 2259 1605 2287 identitate
1627 2258 1702 2285 acci—

931 2308 1068 2344 piendam,
1082 2307 1130 2335 sed
1147 2307 1180 2334 de
1198 2313 1290 2333 amore
1303 2312 1334 2332 ac
1345 2312 1489 2332 consensu.
1500 2305 1602 2339 Quippe
1616 2304 1643 2331 ni
1659 2304 1700 2332 sic

927 2353 1066 2382 oraculum
1084 2351 1251 2378 Dominicum
1266 2349 1433 2377 intellectum
1461 2349 1552 2380 fuerit,
1581 2349 1699 2384 copulati

927 2397 1053 2432 coniugio
1083 2396 1197 2424 vocandi
1226 2398 1317 2423 essent
1341 2393 1443 2421 fratres
1458 2401 1490 2421 ac
1505 2401 1622 2425 sorores,
1642 2401 1698 2421 non

929 2442 1058 2476 coniuges
1071 2448 1078 2467 :
1094 2447 1126 2467 ac
1148 2439 1275 2473 deinceps
1288 2445 1394 2473 qquue
1408 2438 1699 2472 sequerentur-inﬁnita

929 2484 1110 2515 incommoda,
1122 2483 1278 2518 quaestionis
1288 2482 1481 2509 absurditatem
1499 2481 1627 2516 majorem
1641 2481 1699 2508 elli-

929 2531 1037 2560 eientia.
1054 2528 1172 2556 Audiant
1201 2535 1275 2562 ergo,
1302 2526 1500 2561 propositiones
1518 2526 1600 2553 falsas
1610 2532 1699 2559 neque

928 2584 976 2612 per
1003 2575 1173 2611 syllogismos
1192 2573 1332 2600 veritatem
1355 2572 1527 2604 concludere,
1552 2577 1640 2604 neque
1673 2569 1698 2597 si

927 2621 1096 2649 deducantur
1126 2619 1159 2646 ad
1180 2617 1358 2652 impossibile,
1374 2616 1487 2650 subjecti
1501 2619 1624 2642 naturam
1638 2621 1698 2641 mu-

927 2670 984 2693 tare
1003 2674 1009 2692 :
1025 2665 1072 2693 sed
1098 2672 1130 2691 cx
1146 2662 1282 2691 confessis
1296 2666 1323 2688 et
1336 2668 1428 2688 errore
1441 2658 1596 2687 carentibus
1613 2659 1697 2686 solem

927 2710 1046 2738 veritatis
1065 2709 1141 2736 oriri.
1166 2707 1233 2735 Nam
1259 2705 1332 2734 verbi
1354 2705 1450 2740 gratia,
1475 2704 1497 2733 si
1519 2701 1697 2738 quisdixerit,

765 2797 880 2826 VARle
896 2795 1095 2825 LECTIONES.

144 2844 167 2860 "
186 2842 352 2876 ἑγχωρητέα.
