1894 3072
214 126 281 158 1659

833 131 968 161 ΤΠΕΟΙ).
994 132 1230 163 BALSAMUNIS

1753 131 1814 163 ιω

218 194 350 221 Nimirum
368 194 412 229 qui
429 195 531 226 dicunt,
547 196 678 230 coniuges
703 196 773 224 inter
796 203 825 224 se
842 196 882 223 vel
900 196 985 226 unius,

1043 193 1111 221 εἶναι
1136 196 1198 226 τοὺς
1221 195 1351 230 συζύγους
1373 196 1430 227 ἐνὸς
1448 196 1464 230 ἢ
1479 195 1604 230 δευτέρου
1628 195 1747 230 βαθμοῦ,
1770 198 1811 223 καὶ

218 239 260 265 vel
275 239 385 265 secu'ndi
400 247 460 266 esse
475 240 584 275 gradus,
599 242 699 276 quique
712 248 759 275 per
774 241 872 275 gradus
891 248 939 268 eos
953 241 989 266 ita

217 283 328 314 librant,
340 283 379 310 uti
396 285 481 311 solent
500 293 542 313 res
556 286 616 317 illae,
636 293 695 320 quae
714 286 840 319 pondere,
864 286 902 313 vel
919 293 990 313 men-

215 335 291 360 sura,
305 328 347 354 vel
368 336 479 356 numero
493 334 640 363 constant;
664 332 767 358 similes
789 335 852 359 sunt
874 332 990 358 interro-

215 374 350 406 gantibus,
365 375 509 408 quoluplex
525 375 595 402 istud
608 377 789 410 pavimentum
802 377 868 410 lapis
879 377 988 408 ambiat,

215 422 241 445 et
255 420 491 453 respondentibus,
510 421 618 455 duplex.
629 422 732 456 Quippe
747 424 863 457 cingitur
873 430 886 448 a
904 424 990 456 lapide

216 464 317 496 prasini
334 464 443 496 coloris,
461 470 487 492 et
500 466 572 500 ligno
587 467 697 494 cedrino
709 468 900 495 circumdatur.
918 468 990 500 Qua-

215 508 336 535 mobrem
360 513 422 542 apte
443 510 569 543 dicimus,
597 519 646 538 nec
671 512 704 539 ad
724 513 838 539 duorum
858 513 988 547 graduum

216 553 443 581 necessitudinem
475 556 570 583 referri
600 557 727 590 coniuges
753 558 828 592 (quo
861 559 933 585 enim
963 559 988 586 id

216 601 294 630 pacto
308 599 391 626 '.'cum
410 600 530 626 eamdem
545 601 661 628 radicem
679 606 704 628 et
717 603 918 636 generationem
936 611 989 630 non

214 642 341 675 habeant,
354 651 386 670 ae
403 652 433 671 ea
448 652 529 673 causa
547 647 705 674 naturaliter
720 656 772 674 non
788 649 963 684 dividantur)
981 659 988 676 :

215 695 264 714 nee
287 689 368 715 etiam
389 690 468 718 unius
491 695 517 718 et
530 691 650 725 ejusdem
671 701 729 719 esse
752 695 863 728 gradus,
882 699 990 728 propter

215 733 342 760 unionem
355 736 500 768 carnalem,
517 741 545 763 ut
557 737 641 764 instar
654 738 732 764 mulsi
750 739 988 772 commisceantur,

214 776 277 810 (qua
301 778 371 805 enim
398 779 424 806 id
442 780 498 806 fieri
515 781 620 808 ratione
647 783 750 816 possit,
779 790 840 809 cum
868 782 996 817 personae

213 827 340 849 maneant
356 824 506 859 integrae?)
521 825 568 852 sed
581 831 691 861 propter
701 827 818 854 divinam
840 835 872 855 ac
886 829 987 855 saluta-

213 874 268 893 rem
281 876 372 895 vocem
384 869 501 903 Domini,
515 876 541 898 et
553 871 612 905 Dei,
626 877 652 899 et
667 874 814 901 servatoris
829 874 914 900 nostri
925 873 987 900 Jesu

212 911 325 945 Christi,
336 914 381 948 qui
396 915 463 942 dixit
474 917 506 943 ad
519 917 668 952 discipulos
681 919 767 952 ipsum
781 919 987 955 interrogantes,

212 957 342 984 liceretne
363 959 465 987 homini
485 961 618 989 divertere
632 962 666 989 ab
690 967 776 990 uxore
799 971 859 996 sua,
880 965 988 991 disertis

211 1003 302 1029 verbis
317 1004 372 1030 haec
388 1006 577 1041 subiungendo
590 1017 597 1034 :
617 1007 674 1034 Non
689 1009 802 1043 legistis,
817 1017 877 1036 eum
894 1010 939 1043 qui
954 1010 989 1037 ab

212 1047 287 1075 initio
302 1057 345 1076 res
353 1051 483 1083 condidit,
500 1060 598 1079 marem
608 1057 634 1079 et
647 1053 773 1081 feiniuam
788 1056 860 1089 ipsos
876 1055 985 1082 fecisse:

211 1101 263 1127 qua
287 1095 319 1123 de
339 1104 422 1124 causa
437 1099 573 1133 relinquet
588 1101 668 1127 homo
683 1105 785 1134 patrem
800 1108 878 1127 suum
893 1104 919 1127 et
932 1109 989 1128 ma-

212 1142 290 1171 trem,
305 1145 331 1167 et
345 1143 558 1176 agglutinabitur
573 1145 649 1171 uxori
673 1153 738 1172 suae.
755 1145 787 1171 Et
800 1149 878 1172 erunt
893 1145 919 1173 hi
934 1146 988 1173 duo

212 1184 238 1210 in
253 1192 360 1212 carnem
377 1195 469 1216 unam.
486 1188 575 1221 Quale
587 1197 642 1216 non
661 1191 777 1224 amplius
794 1191 848 1218 duo
860 1195 923 1218 sunt
939 1191 985 1218 sed

212 1237 265 1255 una
281 1238 344 1257 caro
362 1239 369 1257 :
383 1237 492 1266 propter
505 1234 574 1261 hanc
587 1242 650 1269 ergo
667 1242 759 1262 vocem
775 1236 886 1263 credere
898 1242 949 1262 nos
961 1238 988 1262 et

211 1275 347 1307 conﬁteri,
364 1285 445 1304 unum
460 1280 652 1313 propemodum
672 1281 824 1308 unaminem
840 1281 986 1313 hominem,

182 1348 185 1352 λ
211 1321 255 1354 qui
265 1322 378 1350 'duabus
397 1323 422 1350 iu
445 1325 567 1358 personis
585 1326 708 1354 cernitur
721 1348 727 1359 ,
747 1335 796 1362 pro
826 1327 987 1362 conjugihus

211 1367 376 1396 matrimonii
392 1377 472 1397 causa
490 1371 592 1399 haberi.
608 1373 660 1400 Sed
676 1373 746 1400 enim
765 1372 985 1405 permittendum,

211 1417 240 1439 ιιι
250 1414 322 1441 rivus
331 1416 464 1444 orationis
476 1418 556 1444 etiam
567 1418 599 1446 ad
612 1418 685 1446 aliud
697 1419 823 1453 quiddam
835 1422 986 1454 opportune

209 1463 311 1485 O'll'l'al.

213 1495 216 1499 ’
247 1503 383 1538 linigeniti
400 1505 461 1531 Filii
479 1505 522 1532 Dei
543 1506 824 1541 incomprehensibilis
843 1517 907 1545 erga
936 1519 986 1539 nos
999 1519 1021 1549 α

211 1549 351 1580 demissio,
365 1553 391 1576 et
409 1551 506 1586 pignus
518 1553 614 1579 salutis
627 1553 735 1580 humani
748 1555 864 1588 generis.
877 1564 938 1583 cum
956 1565 987 1583 ex

211 1595 273 1621 aliis
291 1595 383 1622 multis
400 1597 535 1631 mysteriis
552 1598 749 1632 magniﬁcalur.
767 1603 823 1626 lum
840 1601 919 1628 etiam
934 1610 986 1628 non

213 1647 305 1674 parum
322 1641 489 1674 gloriﬁcatur
501 1650 534 1668 ex
551 1642 737 1671 benedictione
751 1646 873 1679 nuptiali.
883 1645 988 1681 Quippe

211 1691 274 1711 eum
289 1684 405 1712 obnoxia
422 1692 533 1719 peccato
548 1687 705 1721 coniunctio
722 1689 748 1715 in
767 1691 920 1717 universam
941 1691 988 1717 ho-

212 1730 314 1756 minum
339 1738 455 1758 massam
477 1731 571 1759 {uisset
595 1733 682 1760 dedita
704 1738 765 1768 post
779 1735 905 1764 draconis
917 1736 986 1763 invi-

211 1775 295 1807 diam,
315 1781 342 1803 et
365 1778 483 1804 mandati
501 1778 585 1806 divini
602 1781 855 1815 transgressionem,
877 1782 988 1817 jamque

211 1822 310 1848 malum
326 1822 389 1849 illud
399 1823 431 1849 ad
444 1823 495 1850 alia
504 1825 574 1850 mala
586 1825 688 1859 majora
701 1827 877 1860 processisset
891 1837 897 1860 ;
913 1835 987 1854 curae

211 1867 328 1902 benigno
345 1867 400 1895 Deo
420 1868 470 1895 fuit
488 1870 657 1903 regeneralio
672 1874 765 1898 nostra
780 1872 984 1899 etinstauratio.

211 1911 369 1946 ltaquecum
381 1913 535 1947 unigenitus
547 1914 590 1941 Dei
607 1914 689 1942 Filius
701 1915 780 1942 homo
794 1916 883 1944 factus
891 1916 986 1943 fuisset

1004 853 1025 880 B

211 1957 298 1984 instar
320 1963 452 1990 nostrum,
471 1964 581 1993 propter
602 1968 661 1991 nos,
679 1965 705 1988 et
723 1968 828 1988 onmem
845 1962 924 1988 aliam
940 1962 988 1988 ad—

210 2001 437 2029 ministrationem
453 2003 600 2037 implesset,
618 2004 655 2030 uti
667 2012 716 2031 nos
730 2005 880 2032 beatitatem
896 2006 986 2040 pristi-

210 2054 272 2072 nam
288 2054 479 2081 recuperamus
503 2056 509 2074 :
529 2050 609 2076 etiam
624 2050 725 2083 nuptiis
742 2050 768 2076 in
783 2050 857 2077 Cana
871 2050 986 2077 Galilaeaa

209 2092 353 2119 celebratis
381 2093 541 2124 benedixit,
564 2099 589 2121 et
611 2101 708 2128 aquam
732 2094 929 2128 desperationis
956 2095 985 2121 in

210 2137 302 2163 vinum
316 2145 386 2165 verte
400 2137 445 2164 Dei
462 2139 627 2173 cognitionis
641 2139 754 2166 mutavit
767 2148 774 2172 ;
797 2140 927 2166 certiores
938 2147 985 2174 per

1041 239 1267 274 ζ’)γοστατοῦντες
1287 242 1330 268 διὰ
1350 241 1482 276 βαδμῐδων
1502 241 1609 272 αὐτοὺς,
1626 243 1700 269 κατά
1712 243 1745 268 τὰ
1756 251 1812 269 στα-

1041 284 1180 319 θμώμενα,
1208 286 1224 320 ἦ
1252 286 1430 322 μετρούμενα,
1454 287 1470 321 ἢ
1491 286 1689 320 ἀριθμούμενα,
1713 287 1810 312 ἐοίκασι

1039 330 1095 360 τοῖς
1106 330 1300 364 ὲρωτωμένοις,
1329 331 1411 361 πόσος
1434 331 1565 365 ἀμπίσχει
1583 331 1640 356 τόδε
1655 331 1685 356 τὸ
1706 331 1810 356 δάπεδον

1042 375 1197 409 μάργαρος;
1214 376 1260 401 καὶ
1283 375 1515 410 ἀποκρινομένοις,
1539 375 1636 405 διττός,
1659 376 1741 405 Alea;
1763 376 1810 409 γὰρ

1040 420 1180 453 πρασίζων
1204 421 1270 446 αὐτὸ
1294 421 1492 455 περιξώννυσι,
1522 421 1568 446 καὶ
1597 421 1675 452 ξύλον
1699 420 1811 454 κέδρινον

1040 464 1224 497 ἀμφιέννυσιν.
1243 465 1345 498 Ἀραρε
1361 465 1450 491 τοίνυν
1466 466 1552 497 λέγειν
1568 466 1652 499 ἡμᾶς,
1671 466 1740 498 μήτε
1752 465 1811 498 πρὸς

1039 508 1086 534 δύο
1103 508 1213 542 βαθμῶν
1237 509 1390 544 οἰκειότητα
1409 511 1470 539 τοὺς
1492 509 1643 543 όμοζύγους
1658 508 1811 541 ἀνάγεσθαι,

1040 552 1108 587 (πῶς
1120 554 1183 587 γὰρ,
1195 554 1218 579 οί
1236 554 1272 588 μὴ
1287 554 1333 588 τὴν
1349 555 1432 588 αὐτὴν
1446 554 1590 588 ἐσχηκότες
1603 554 1680 588 ῥίζαν
1697 554 1743 578 καὶ
1757 553 1813 585 γέν-

1040 608 1127 632 νησιν,
1151 600 1197 625 καὶ⁷
1221 600 1264 626 διὰ
1286 600 1365 626 τοῦτο
1386 600 1451 633 μηδὲ
1468 600 1587 634 φυσικῶς
1606 598 1813 634 διαιρούμενοις)

1041 644 1102 678 μήτ’
1128 641 1173 670 οὖν
1193 645 1250 674 ὲνὺς
1278 645 1404 678 γενέσθαι
1421 645 1523 679 βαθμοῦ
1535 666 1542 676 ,
1559 646 1602 671 διὰ
1618 645 1668 678 τὴν
1688 645 1814 677 ἕνσαρκον

1039 690 1145 719 ἕνωσιν,
1164 690 1210 715 καὶ
1226 690 1389 724 συγχυθῆναι
1403 690 1473 716 κατά
1485 690 1657 724 μελίκρατον.
1679 689 1739 719 lli-3;
1752 689 1812 722 γάρ;

1039 734 1203 767 Σωζομένων
1228 734 1405 761 ἀδιαπτώτων
1428 736 1482 760 τῶν
1504 736 1694 765 enuntiarem-1;
1722 734 1771 759 Διὰ
1789 734 1813 759 δὲ

1041 779 1090 813 τὴν
1117 779 1192 804 θείαν
1213 779 1259 805 καὶ
1277 779 1433 814 σωτηριώδη
1455 780 1545 814 φωνὴν
1569 779 1615 805 τοῦ
1634 779 1750 812 Κυρίου,
1773 778 1814 803 καὶ

1039 823 1104 850 Θεοῦ
1124 824 1169 850 καὶ
1189 824 1313 858 Σωτῆρος
1336 824 1413 858 ἡμῶν
1438 823 1523 858 Ἰησοῦ
1547 823 1676 857 Χριστοῦ,
1704 822 1749 848 τοῦ
1778 823 1812 847 εξ-

1042 871 1137 902 πόντος
1153 872 1221 906 προς
1240 871 1302 901 τοὺς
1327 870 1516 904 ἐρωτήσαντας
1532 868 1614 905 μύτδν
1635 867 1769 902 μαθητὰς,
1792 867 1813 892 εἰ

1041 916 1144 948 ἔξεστιν
1168 916 1302 951 ἀνθρώπῳ
1317 915 1449 942 ἀπολῦσαι
1467 914 1516 949 τὴν
1531 914 1647 946 γυναῖκα
1662 911 1756 942 αὑτοῦ,
1771 912 1814 937 καὶ

1042 961 1225 995 ἐπαγαγόντος
1248 960 1334 987 ταῦτα
1361 960 1463 995 ῥητῶς·
1488 959 1544 985 Οὺκ
1573 958 1719 990 ἀνέγνωτε.
1745 957 1785 983 ὅτι
1802 958 1814 982 ὁ

1041 1008 1156 1042 ποιήσας
1175 1007 1311 1040 ὰπαρχῆς,
1327 1006 1408 1040 ἄρσεν
1422 1005 1468 1031 καὶ
1481 1004 1546 1038 θῆλυ
1565 1004 1691 1037 ἐποίησεν
1703 1002 1812 1032 αὐτούς·

1041 1052 1087 1079 καὶ
1106 1052 1196 1078 ἕνεκεν
1211 1051 1304 1077 τούτου
1328 1050 1484 1084 καταλείψει
1502 1049 1643 1084 ἄνθρωπος
1654 1048 1701 1074 τὸν
1714 1047 1812 1082 πατέρα

1040 1096 1122 1123 αὐτοῦ
1139 1097 1186 1122 καὶ
1212 1096 1260 1129 τὴν
1285 1096 1400 1130 μητέρα,
1422 1094 1470 1121 καὶ¹
1498 1093 1765 1128 προσκολληθήσεται
1783 1093 1811 1125 τῇ

1040 1142 1149 1175 γυναικὶ
1163 1141 1244 1167 αὑτοῦ
1257 1149 1264 1156 ·
1285 1141 1331 1167 καὶ⁴
1343 1141 1448 1166 ἔσονται
1469 1140 1493 1166 οἱ
1512 1139 1558 1165 δύο
1573 1139 1613 1170 εἰς
1631 1139 1723 1172 σάρκα
1737 1138 1810 1171 μίαν·

1040 1187 1111 1214 ὥστε
1129 1187 1218 1213 οὐκέτι
1245 1186 1297 1212 alui.
1324 1186 1378 1217 δύο,
1404 1185 1472 1211 ἀλλά
1496 1184 1564 1220 σὰρξ
1586 1184 1650 1218 μία·
1680 1182 1812 1209 πιστεύειν

1040 1234 1123 1268 ἡμᾶς,
1142 1232 1188 1258 καὶ
1204 1231 1352 1266 ὁμολογεῖν,
1369 1230 1417 1257 ἕνα
1441 1230 1532 1264 σχεδὸν
1558 1229 1696 1264 όμόψυχον
1711 1228 1811 1262 ἀνθρω-

1040 1287 1090 1304 πον
1117 1278 1145 1304 ὲν
1167 1277 1226 1303 δυσὶ
1253 1275 1436 1310 θεωρούμενον
1454 1275 1644 1305 ὑποστάσεσιν,
1668 1272 1813 1308 ὁμοζύγους

1039 1323 1083 1351 διὰ
1095 1323 1139 1349 τὸν
1155 1322 1242 1356 γάμον
1254 1321 1416 1354 λογίζεσοαι.
1442 1320 1522 1347 Ἀλλὰ
1547 1319 1636 1345 δοτέον
1653 1318 1813 1352 ἀναδραμεῖν

1039 1369 1085 1396 τοῦ
1102 1369 1181 1402 λόγου
1194 1367 1238 1394 τὸν
1254 1367 1340 1402 ῥύακα
1354 1366 1400 1392 κα)⁸
1418 1365 1483 1400 πρὸς
1496 1366 1589 1400 ἕτερον
1602 1364 1722 1399 καίριον.

1080 1507 1112 1534 Ἡ
1135 1504 1181 1532 τοῦ
1212 1503 1370 1540 μονογενοῦς
1399 1502 1464 1530 Υἱοῦ
1494 1502 1541 1529 τοῦ
1564 1502 1631 1529 Θεοῦ
1659 1502 1730 1537 πρὸς
1744 1503 1816 1537 ἡμᾶς

1038 1551 1228 1585 ἀκατάληπτος
1247 1548 1457 1583 συγκατάῦασις,
1485 1548 1579 1574 καὶτὸ
1604 1548 1655 1583 τῆς
1681 1549 1816 1583 σωτηρίας

1037 1596 1083 1622 τοῦ
1106 1596 1202 1629 γένους
1225 1595 1278 1620 τῶν
1299 1593 1448 1628 ἀνθρώπων
1471 1593 1610 1628 ἐχέγγυον,
1637 1592 1817 1626 μεγαλύνεται

1039 1640 1087 1674 μὲν
1111 1639 1158 1666 καὶ
1180 1639 1208 1672 ἐξ
1225 1639 1309 1665 ἄλλων
1326 1636 1480 1672 μυστηρίων
1499 1636 1612 1667 πολλῶν,
1628 1636 1677 1670 οὐχ
1690 1634 1771 1671 ἦττον
1790 1635 1816 1661 δὲ

1037 1687 1083 1712 καὶ
1100 1687 1131 1712 ὲκ
1143 1684 1193 1719 τῆς
1207 1684 1326 1719 γαμικῆς
1343 1683 1493 1718 ἱερολογίας
1508 1682 1659 1715 δοξάζεται.
1683 1682 1741 1716 Τῆς
1764 1682 1817 1715 γὰρ

1037 1730 1226 1764 ἀμαρτητικῆς
1248 1728 1394 1762 συναφείας
1415 1727 1582 1762 διαδοθείσης
1607 1729 1647 1759 εις
1670 1727 1744 1754 ἁπαν
1765 1728 1818 1753 τῶν

1038 1775 1187 1809 ἀνθρώπων
1203 1774 1232 1800 τὸ
1248 1773 1370 1808 φύραμα,
1387 1773 1455 1808 μετὰ
1471 1773 1516 1799 τὸν
1532 1773 1629 1807 φθόνον
1644 1772 1693 1799 τοῦ
1704 1772 1818 1808 δράκον-

1036 1829 1092 1851 τος,
1118 1819 1164 1846 καὶ
1187 1820 1236 1853 τῆς
1257 1818 1365 1852 ἐντολῆς
1379 1818 1425 1845 τοῦ
1442 1818 1509 1845 Θεοῦ
1525 1819 1574 1854 τὴν
1591 1818 1758 1854 παράϐασιν,
1773 1819 1817 1844 xui

1036 1866 1082 1892 τοῦ
1094 1865 1177 1891 κακοῦ
1199 1865 1267 1899 πρὸς
1295 1864 1374 1899 ἔτερα
1407 1864 1478 1890 κακὰ
1505 1864 1736 1898 προχωρήσαντος
1758 1864 1818 1898 μεί-

1037 1912 1110 1944 ζονα,
1128 1912 1243 1947 ἐμέλησε.
1254 1911 1292 1946 τῷ
1305 1910 1485 1946 φιλανθρώπῳ
1495 1910 1553 1945 Θεῷ
1564 1910 1614 1944 τῆς
1630 1911 1645 1944 ἠ
1650 1911 1710 1945 μῶν
1723 1911 1773 1937 παλ
1781 1919 1818 1943 ιγ-

1037 1957 1159 1990 γενεσίας
1176 1956 1222 1982 καὶ
1238 1956 1425 1987 ἀναπλάσεως.
1446 1955 1566 1989 Γεγονὼς
1592 1955 1684 1981 τοίνυν
1711 1956 1817 1989 ἀνθρω-

1037 2010 1086 2032 πος
1107 2001 1168 2028 καθ’
1183 2002 1265 2036 ἡμᾶς,
1278 2001 1312 2027 δι’
1326 2002 1399 2036 ἡμᾶς
1417 2002 1432 2027 ὸ
1447 2000 1590 2035 μονογενὴς
1602 2000 1669 2031 Υἱὸς
1680 2000 1728 2026 τοῦ
1739 1999 1816 2030 Θεοῦ,

1037 2048 1083 2074 καὶ
1094 2048 1182 2074 πᾶσαν
1205 2047 1287 2082 ἄλλην
1307 2047 1453 2082 πληρώσας
1476 2046 1642 2080 οἰκονομίαν,
1671 2046 1718 2073 ἵνα
1740 2047 1818 2080 ἡμεῖς

1036 2092 1085 2126 τὴν
1100 2091 1216 2126 ἀρχαίαν
1235 2091 1422 2126 μακαριότητα
1439 2091 1574 2125 λάὸωμεν,
1596 2091 1644 2117 καὶ
1662 2090 1709 2116 τὸν
1723 2091 1751 2116 ὲν
1763 2091 1818 2116 Κι-

1037 2137 1070 2163 νᾶ
1082 2137 1131 2171 τῆς
1147 2136 1291 2168 Γαλιλαίας
1304 2137 1391 2172 γάμον
1404 2136 1549 2171 ηὑλόγησε,
1566 2137 1613 2162 καὶ
1631 2136 1662 2162 τὸ
1684 2136 1756 2171 ὕδωρ
1771 2135 1818 2168 τῆς

210 2183 260 2209 hoc
276 2183 387 2210 reddens
399 2184 532 2217 homines,
549 2185 620 2219 quod
638 2184 742 2212 femina:
760 2193 814 2212 non
832 2185 946 2220 amplius
961 2186 985 2212 in

1039 2183 1217 2216 ἀπογνώσεως
1228 2184 1266 2214 είς
1276 2180 1346 2210 οἶνον
1355 2182 1468 2218 ἀληθοῦς
1479 2182 1641 2216 θεογνωσίας
1656 2182 1814 2217 μετέίαλεγ

209 2227 352 2255 doloribus
372 2229 472 2257 liberos
496 2231 612 2263 pariant,
635 2238 684 2257 nec
701 2230 747 2264 qui
766 2234 943 2264 procreantur
953 2238 987 2257 ex

210 2274 382 2308 copulatione
405 2275 596 2302 matrimoniali
625 2276 740 2310 amplius
770 2275 886 2310 pristino
909 2283 986 2303 more

209 2317 311 2351 dicant,
325 2320 352 2346 In
363 2321 481 2354 peccatis
494 2321 618 2355 concepit
628 2329 670 2348 me
685 2325 771 2348 mater
785 2328 842 2348 mea
856 2329 863 2347 :
875 2321 922 2348 sed
938 2320 983 2348 Dei

210 2369 342 2398 praecepta
375 2370 523 2397 servantes,
552 2365 778 2399 quemadmodum
809 2366 912 2400 primus
940 2366 984 2392 ille

210 2414 307 2441 parcns
330 2413 421 2436 noster
443 2417 474 2436 ea
499 2411 615 2437 servavit
637 2415 700 2438 ante
721 2410 983 2445 transgressionem,

208 2453 334 2480 eumdem
349 2454 479 2482 honorem
497 2461 523 2483 et
542 2456 654 2490 gloriam
679 2460 898 2491 consequantur,
930 2463 982 2489 qua

209 2499 310 2526 fuerint
327 2500 415 2526 ornati
429 2500 507 2534 primi
523 2505 649 2534 parentes
664 2505 726 2528 ante
747 2501 967 2529 inobedientiam.

242 2587 404 2614 llonorabilc
419 2594 536 2621 namque
554 2587 754 2614 matrimonium
772 2592 823 2620 est,
839 2591 866 2615 et
894 2588 980 2615 lectus

207 2634 376 2668 impollutus,
393 2634 439 2668 qui
472 2633 585 2660 salutem
618 2633 739 2668 largitur.
764 2633 828 2665 Qua:
851 2641 912 2660 cum
946 2634 982 2661 ita

207 2680 272 2711 sint,
286 2683 314 2706 et
328 2686 389 2706 cum
405 2677 502 2705 tabulae
515 2677 643 2705 divinitus
661 2679 769 2713 scripta:
795 2679 896 2710 dicant,
922 2678 981 2705 Non

207 2724 366 2758 ingredieris
390 2724 423 2750 ad
449 2723 572 2757 quemvis
597 2724 778 2752 necessarium
810 2725 899 2752 carnis
916 2730 978 2756 tuae,

207 2774 234 2794 ut
253 2769 354 2795 reveles
372 2769 500 2803 pudorem
515 2769 573 2803 ejus
588 2778 594 2796 :
611 2777 671 2796 cum
692 2771 795 2804 primus
821 2769 865 2797 illc
882 2777 979 2804 Parens

208 2819 299 2841 noster
313 2814 375 2840 alibi
390 2814 568 2848 responderit,
591 2814 650 2841 Jam
665 2816 748 2849 magis
776 2822 844 2842 uxor
866 2823 923 2842 mea
937 2819 977 2842 est

1039 2228 1161 2255 ἐντεῦθεν
1176 2228 1352 2263 πληροφορῶν
1366 2228 1396 2254 τὸ
1410 2227 1589 2262 ἀνθρώπινον,
1603 2227 1641 2258 ὡς
1657 2228 1749 2253 οὐκέτι
1768 2235 1816 2260 γν-

1037 2275 1128 2304 ναῖκες
1149 2273 1177 2299 ὲν
1200 2273 1297 2305 λύπαις
1310 2273 1392 2300 τέκνα
1409 2273 1592 2308 γεννήσουσιν,
1609 2272 1672 2299 οὐδὲ
1689 2273 1721 2298 ὲκ
1737 2279 1816 2305 γαμι-

1036 2319 1087 2352 κῆς
1112 2317 1256 2351 συναφείας
1273 2317 1434 2350 τικτόμενοι,
1465 2317 1535 2342 κατά
1562 2316 1592 2342 τὸ
1616 2316 1750 2350 πρότερον
1781 2314 1818 2340 εί·

1037 2370 1120 2395 ποιεν,
1140 2363 1183 2388 Ἐν
1195 2363 1340 2396 ἁμαρτίαις
1351 2361 1476 2396 ὲκίσσησέ
1492 2369 1524 2396 με
1536 2362 1552 2396 ἡ
1563 2362 1657 2396 μήτηρ
1672 2369 1738 2396 μου·
1751 2360 1816 2386 am

1035 2408 1203 2442 τηρήσαντες
1218 2408 1265 2438 τὰς
1281 2407 1389 2438 ἐντολὰς
1411 2406 1456 2432 τοῦ
1472 2406 1551 2437 Θεοῦ,
1569 2406 1660 2438 καθὼς
1680 2407 1695 2432 ὀ
1708 2406 1815 2441 προπά-

1036 2461 1092 2488 τωρ
1103 2452 1190 2484 αὐτὸς
1204 2452 1320 2488 ἐτήρησε
1331 2452 1385 2487 πρὸ
1397 2452 1444 2486 τῆς
1467 2452 1658 2486 παραὸἀσεως,
1668 2451 1720 2485 τῆς
1732 2451 1815 2482 αὐτῆς

1034 2497 1117 2532 τιμῆς
1133 2498 1179 2524 καὶ
1193 2498 1270 2531 δόξης
1286 2497 1491 2533 ἀξιωθήσονται,
1507 2497 1566 2528 οἵας
1580 2497 1635 2531 πρὸ
1651 2497 1703 2531 τῆς
1726 2504 1813 2530 παρα·

1036 2543 1101 2577 κοῆς
1118 2543 1141 2569 οἱ
1161 2543 1343 2577 προπάτορες.

1070 2587 1164 2622 Τίμιος
1180 2587 1234 2622 γὰρ
1247 2588 1261 2613 ὁ
1274 2588 1370 2622 γάμος,
1385 2589 1430 2614 καὶ
1444 2587 1546 2622 ήκοίτη
1562 2587 1706 2622 ἀμίαντος,
1724 2595 1812 2620 σωτη·

1036 2633 1096 2667 ρέαν
1120 2632 1351 2667 φιλοτιμούμενος.
1373 2632 1482 2659 Τούτων
1506 2633 1592 2664 οὕτως
1609 2633 1742 2667 ἑχόντων,
1769 2634 1814 2657 καὶ

1033 2678 1086 2704 τῶν
1106 2677 1263 2712 θεογράφων
1283 2678 1392 2704 πλακῶν
1411 2678 1556 2711 λεγουσῶν·
1591 2679 1648 2704 Οὐκ
1669 2678 1813 2710 εἰσελεὺσῃ

1035 2723 1102 2757 πρὸς
1120 2723 1206 2749 πάντα
1223 2724 1322 2749 οἰκεῖον
1342 2724 1443 2757 σαρκός
1456 2732 1503 2749 σου
1524 2723 1702 2757 ἀποκαλύψαι
1716 2722 1813 2756 αἰσχύ-

1034 2776 1081 2800 νην
1100 2767 1181 2794 αὑτοῦ
1191 2776 1197 2782 ”
1215 2767 1317 2794 καὶτοῦ
1332 2769 1501 2803 προπάτορος
1520 2768 1743 2802 ἀποκρινομένου
1758 2767 1814 2794 ιτε-

1031 2815 1125 2847 ρωθεν.
1142 2814 1197 2840 Νῦν
1214 2815 1259 2840 καὶ
1277 2814 1374 2848 μᾶλλον
1398 2815 1413 2846 ὴ
1439 2814 1506 2846 γυνή
1523 2822 1573 2846 μου
1599 2814 1698 2840 ὀστοῦν
1712 2815 1746 2840 ὲκ
1760 2813 1812 2839 τῶν
