1894 3072
109 82 172 115 1061

833 81 1036 124 animier

1645 102 1655 134 1
1662 103 1714 135 Oti-2

110 146 197 172 ὀπων
221 146 270 180 μού
293 147 363 178 ἐστιγ
383 151 428 174 καὶ
452 148 518 182 σαρξ
538 149 566 182 ἐξ
585 150 633 185 τῆς
655 153 754 186 σαρκός
771 161 838 186 μου”
857 153 879 177 oi

940 163 970 181 os
984 164 1016 182 ex
1032 156 1139 183 ossibus
1154 156 1232 188 meis,
1244 159 1269 182 et
1282 163 1345 182 caro
1356 162 1388 182 ex
1401 163 1482 183 carne
1493 164 1550 183 mea
1565 167 1572 184 :
1585 159 1709 191 equidem

109 190 200 226 τολμῶ
211 192 273 223 τοὺς
289 192 438 226 ὀμοζύγους
456 194 541 221 εἰπεῖν
556 195 638 231 ἄλλης
653 197 700 223 καὶ
722 197 803 231 ἄλλης
817 195 886 224 εἶναι

110 236 222 270 σαρκὸς,
239 236 290 262 κᾶν
308 238 336 263 ὲν
358 237 434 263 δυσὶν
452 238 630 267 ὑποστάσεσιν
654 241 752 272 αὐτοὺς
772 241 883 276 θεωρεῖν

110 282 154 308 ἳνα
173 282 211 317 μὴ
235 282 345 314 δικαίως
361 284 518 319 κατακριθῶ
543 286 614 312 κατὰ
637 287 700 318 τοὺς
724 287 886 320 ἀϐετοῠντας

108 327 264 362 ἐγγράφους
282 328 328 354 καὶ
356 329 496 363 ἀγράφους
521 331 694 365 παραδόσεις.
717 333 771 359 τῶν
799 334 884 367 ἁγίων

114 373 282 408 Ἐκκλησιῶν
302 374 349 400 καὶ
367 375 416 408 τῆς
445 376 580 411 σωτηρίας
606 377 684 411 ἡμῶν
700 378 730 404 τὺ
742 379 883 412 ἐχέγγυον.

108 418 284 451 Διαγινώσκω
299 418 325 444 εξ
342 419 441 453 μᾶλλον
462 419 525 454 μίαν
544 421 631 455 σάρκα
654 422 763 454 τούτους
779 424 884 456 λογίζε-

108 462 181 494 σθαι,
199 463 246 489 καὶ
262 464 316 494 τοῖς
336 463 425 494 αὐτοῖς
449 466 671 499 στενοχωρεῖσθαι
686 467 730 492 τὸν
742 468 827 501 ἄνδρα
842 475 884 494 νο-

108 509 199 541 μικοῖς
209 507 257 534 καὶ
272 509 423 539 κανονικοῖς
441 503 750 544 παραγγέλμασιν,’ὃσον
761 512 829 543 τέως
845 513 885 543 εἰς

108 552 256 586 συνάφειαν
270 553 400 586 γαμικὴν,
416 550 455 584 οἷς
470 555 514 579 καὶ
527 555 542 588 ἡ
557 554 650 581 τούτου
676 558 883 591 στενοχωρεῖται

105 598 258 632 όμόζυγος·
271 597 364 633 ὥσπερ
384 599 430 624 καὶ
453 598 482 624 τὸ
503 599 648 627 ἀνάπαλιν.
669 601 722 627 Καὶ
747 601 790 627 διὰ
805 601 884 628 τοῦτο

108 644 147 678 μὴ
175 643 304 669 δύναοθαι
327 643 372 670 τὸν
395 645 548 679 Δημήτριον
566 645 605 675 εἰς
622 646 738 677 γυναῖκα
755 646 803 680 τὴν
819 646 884 672 Θεο-

104 689 196 723 δώραν
218 688 328 719 λαὸεἶν,
361 687 534 723 λογιζομένην
561 689 751 725 δισεξαδὲλφην
777 691 857 718 αὑτοῦ
875 712 882 724 ,

104 734 149 760 διὰ
164 734 214 768 τὴν
228 735 296 768 μετὰ
310 733 358 768 τῆς
369 735 476 769 Μαρίας
489 736 610 771 γαμικὴν
624 737 717 763 τούτου
727 739 882 771 συνάφειαν.

110 780 289 814 ’Δποδέχομαι
315 779 342 806 δὲ
370 781 415 806 καὶ
438 782 500 811 τοὺς
530 782 683 813 κωλύοντας
704 783 734 808 τὸ
765 783 883 809 τοιοῦτον

103 824 222 858 γαμικὸν
239 823 286 849 τοῦ
302 824 457 858 Δημητρίου
471 824 644 859 συνάλλαγμα
654 825 698 852 διὰ
715 826 776 856 τοὺς
785 826 882 860 νόμους
899 820 918 845 Β

103 868 167 899 τοὺς
179 868 316 901 λέγοντας,
329 868 426 898 ἐνστοῖς
437 869 534 902 γάμοις
549 869 579 895 οὐ
594 869 672 904 μόνον
686 869 716 895 τὸ
729 871 880 904 ἐφειμένον,

105 913 173 939 ἀλλὰ
190 913 238 939 καὶ
258 912 288 939 τὸ
307 912 444 948 εὐπρεπὲς
469 914 599 948 ζητητέον
611 922 618 930 ·
639 915 777 942 κατανοῶν
798 916 881 950 ἀπρε-

102 959 238 984 πέστατον
266 957 345 990 εἶναι,
372 959 417 985 τὸν
444 959 524 994 μέχρι
548 959 594 986 τοῦ
611 960 657 987 νῦν
669 961 793 996 γαμϐρὸν
807 962 881 994 παρὰ

101 1004 150 1038 τῆς
175 1004 363 1039 διπεξαδέλφης
392 1004 546 1039 λεγόμενον,
563 1005 697 1040 ὁμόζυγον
724 1007 808 1040 αὐτῆς
825 1008 882 1033 ὀνο-

103 1049 247 1087 μάζεσθαι.
266 1051 325 1077 Ὅτι
336 1051 365 1085 δὲ
393 1050 527 1085 χρώμενοι
542 1051 646 1085 ῥήμασι
659 1059 731 1082 τινες
751 1051 796 1078 τοῦ
812 1054 880 1079 κατᾶ

101 1097 151 1131 τὴν
162 1095 183 1121 λ’
198 1095 244 1121 τοῦ
260 1095 368 1122 Ἰουλίου
383 1095 476 1129 μηνὸς,
489 1095 537 1129 τῆς
555 1095 590 1130 ιβ’
605 1096 800 1131 ὲπινεμήσεως,
818 1106 881 1123 ουν-

102 1141 193 1168 οδικοῦ
209 1140 409 1176 σημειώματος,
423 1140 469 1167 τοῦ
487 1141 536 1175 μὲν
554 1141 704 1175 ἁγιωτάτου
716 1142 798 1177 κυροῦ
815 1142 880 1168 850-

101 1186 193 1213 δοαεου
209 1186 466 1221 πατριαρχεύοντος,
485 1186 562 1220 ἡμῶν
576 1187 604 1213 δὲ
619 1187 664 1214 τοῦ
678 1188 880 1222 χαρτοφύλακος

102 1231 286 1266 ἐνεργούντων
317 1231 422 1264 ὀφίκιον
439 1251 446 1263 ,
475 1233 522 1258 καὶ
549 1233 612 1268 περὶ
635 1233 665 1259 τὸ
696 1233 771 1264 τέλος
794 1233 879 1259 ταῦτα

101 1276 254 1310 διεξιοῦσιν.
273 1276 350 1302 Ἐπεὶ
364 1276 418 1311 γὰρ
433 1277 451 1310 ἠ
462 1277 536 1310 μετὰ
550 1277 689 1305 Ἰωάννου
703 1278 879 1305 τελεσθεῖσα

99 1321 247 1356 μνηστεια
261 1322 301 1353 ὡς
325 1321 533 1355 ἀνυπόστατος
545 1323 677 1356 λέλυται,
694 1323 741 1349 διὰ
754 1323 810 1357 τὴν
825 1323 879 1357 τῆς

102 1367 232 1401 Εἰρήνης
256 1367 432 1401 ἀνηϐότητα,
465 1367 562 1400 καλῶς
589 1369 608 1402 ἠ
628 1369 738 1403 Εἰρήνη
753 1369 879 1402 δευτέρῳ

100 1413 256 1446 ἐξαδέλφῳ
272 1411 364 1439 αὑτοῦ
383 1412 458 1439 κατὰ
478 1414 572 1446 νόμον
599 1413 692 1447 γάμου
716 1414 879 1448 συξευχθή-

100 1466 198 1485 σεται.
214 1458 287 1484 Οὔτε
303 1457 358 1492 γὰρ
380 1458 561 1492 συγγενικὸν
583 1459 743 1492 πρόσωπον
761 1460 818 1493 τὴν
831 1461 879 1486 El-
893 1476 915 1506 ο

95 1505 200 1539 prii-nr
213 1503 367 1538 λογίζεται,
388 1505 404 1531 ό
420 1503 576 1537 Θεόδωρος,
590 1504 657 1530 οὔτε
677 1505 738 1537 τοῖς
751 1505 784 1537 ἐξ
798 1505 880 1540 ἀγχι-

99 1550 205 1581 στείας
223 1548 345 1583 δεσμοῖς
359 1548 407 1575 καὶ
433 1548 513 1582 ὅροις
542 1549 749 1583 συσφιγτεται,
776 1550 825 1576 διὰ
848 1551 879 1577 τὸ

98 1594 264 1629 ὑπερϐῆναι
278 1594 331 1621 τὸν
342 1595 376 1626 ἐξ
388 1594 559 1629 ἀγχιστείας
575 1594 663 1621 ἕκτον
675 1596 803 1630 βαθμόν.

134 1640 264 1667 Θέλουσιν
283 1641 356 1674 ἡμᾶς
383 1640 500 1674 σιωπᾷν,
516 1640 577 1674 ἄρτι
600 1641 730 1667 τάναντία
758 1641 880 1675 διαγινώ-

99 1693 214 1716 σκοντας
226 1692 234 1700 '
252 1684 358 1719 πρῶτον
384 1684 433 1719 μὶν
459 1683 586 1719 λέγομεν,
607 1685 644 1716 ὡς
656 1685 669 1710 ὁ
681 1687 752 1712 κατὰ
768 1687 879 1721 καιροὺς

97 1728 274 1765 χαρτοφύλαξ
287 1730 373 1764 στόμα
389 1729 584 1764 πατριαρχικὺν
593 1729 776 1765 λογιζόμενος,
788 1732 878 1758 ἐκεῖνα

96 1775 175 1810 λέγει
192 1776 238 1801 καὶ
256 1776 368 1810 γράφει,
386 1776 437 1802 ὅσα
456 1775 602 1809 νεφελώσει
617 1775 664 1802 καὶ
681 1776 811 1803 ὐδατώσει
829 1778 878 1811 τῆς

97 1822 220 1856 κεφαλῆς
232 1821 249 1856 ἠ
258 1820 409 1856 ἀκρώρεια.
425 1820 528 1846 οὐκοῦν
542 1820 600 1846 οὐδὲ
614 1820 765 1851 αἰτιατέους
776 1820 792 1854 ἢ
802 1822 877 1847 ἐπαε-

95 1868 205 1899 νετέους
220 1866 349 1899 λογιεῖται
361 1874 405 1897 τις
423 1866 496 1900 ἡμᾶς
516 1864 790 1900 καλλιγραφήσαντας
813 1866 878 1897 ἴσως

94 1914 146 1949 τὴν
164 1913 304 1948 παροῦσαν
330 1911 468 1943 ὑπόθεσιν,
485 1911 500 1945 ἢ
520 1911 675 1937 τούναντίον
700 1911 877 1946 κακογραφὴ-

96 1968 210 1991 σαν-τας.
226 1959 303 1985 Κατὰ
320 1957 373 1992 γάρ
386 1956 431 1983 τὸν
446 1957 552 1991 Βαροὺχ
574 1956 877 1991 ὑπεγραμματεύσαμεν

94 2007 149 2032 ὅσα
183 2003 290 2038 θρηνῶν
311 2002 444 2037 Ἱερεμίας
467 2001 617 2036 ὲθρήνησε·
648 2002 695 2028 καὶ
726 2001 797 2027 κατὰ
832 2002 877 2027 τὸν

100 2047 210 2083 Ἀαρὼν
236 2046 416 2081 ἐλαλήσαμεν,
435 2047 485 2072 ὅσα
511 2046 599 2072 λαλῶν
620 2046 733 2078 ἔλάλησε
762 2046 873 2080 Μωσῆς.

93 2094 187 2127 Ὅπερ
202 2091 229 2117 δὲ
247 2091 293 2118 καὶ
311 2091 369 2117 τότε
384 2090 432 2124 τὴν
449 2091 604 2126 μικρόνοιαν
617 2091 695 2125 ἡμῶν
710 2091 875 2126 ἐθεράπευσε

938 201 1028 228 dicere
1041 209 1092 228 non
1108 201 1204 232 audeo,
1217 201 1344 236 conjuges
1359 202 1469 229 alterius
1483 203 1640 234 et,alterius
1650 197 1711 232 esse

937 247 1037 278 carnis,
1052 247 1113 273 licet
1124 254 1170 273 eos
1183 246 1210 273 in
1219 247 1324 274 duabus
1332 248 1454 280 persorris
1464 248 1540 274 video
1554 257 1559 274 :
1570 256 1602 275 ne
1614 250 1708 277 meritt.

936 291 1099 318 condemnet-
1111 292 1217 318 illorum
1250 300 1333 323 more,
1364 293 1409 327 qui
1443 293 1559 327 scriptas
1591 298 1617 321 et
1654 303 1707 322 nor:

935 337 1051 370 scriptas
1085 337 1244 364 traditiones
1276 339 1430 371 reprobant,
1460 346 1519 372 qua:
1548 344 1705 367 sanctarum

935 380 1116 408 Ecclesiarum
1128 387 1155 408 et
1177 382 1274 409 salutis
1303 387 1402 409 nostrae
1431 383 1528 417 pignus
1554 389 1626 411 sunt.
1654 386 1706 411 lmr

934 427 1025 462 potius
1037 431 1136 458 statuo,
1153 435 1202 461 pro
1216 435 1270 454 una
1291 435 1373 454 carne
1401 428 1548 461 ducendos,
1565 435 1591 456 et
1613 430 1704 456 iisdelr

934 472 1082 507 constringi
1097 474 1357 508 maritumlegnlibus
1373 478 1398 500 et
1407 475 1545 500 canonicis
1557 468 1708 508 praeceplis,

933 524 1062 553 quantum
1077 518 1179 546 scilicet
1192 519 1388 553 copulationem
1402 518 1625 545 matrimonialem
1645 520 1710 545 atti-

933 568 989 596 net,
1011 565 1108 599 quibus
1131 568 1158 591 et
1176 564 1275 597 conjux
1305 563 1364 597 ejus
1379 564 1546 590 includitur:
1579 564 1709 598 idemque

933 609 991 636 vice
1005 616 1083 636 versa
1103 609 1191 636 locum
1209 609 1317 635 habere.
1337 608 1425 641 Atque
1444 608 1494 634 hac
1510 609 1543 636 de
1559 616 1641 636 causa
1657 617 1709 635 non

932 662 1012 688 posse
1028 654 1192 681 Demetrium
1207 654 1234 681 in
1255 661 1366 680 uxorem
1398 654 1498 680 ducere
1526 653 1708 685 'l‘heodoram,

934 707 991 734 qua:
1002 707 1049 733 pro
1065 699 1175 726 sobrina
1191 699 1249 733 ejus
1276 699 1400 730 habetur,
1431 703 1540 732 propter
1566 700 1709 726 matrimo-

934 746 1030 772 niulcm
1045 744 1131 777 ipsius
1145 751 1206 771 cum
1223 743 1303 770 Maria
1317 744 1547 778 conjunctionem.
1567 744 1708 771 Assentior

933 791 1013 817 etiam
1029 791 1073 822 iis,
1091 790 1135 824 qui
1150 790 1376 816 matrimonialem
1388 789 1521 823 ejusmodi
1537 795 1706 816 contractum

933 834 1059 860 Demetrii
1082 833 1226 868 prohibent
1258 833 1345 867 legum
1375 833 1481 859 ratione
1510 833 1564 866 (66)
1591 841 1706 866 quarum

934 878 1012 904 verba
1028 882 1091 904 sunt
1107 877 1155 904 :ln
1172 877 1274 911 nuptiis
1291 885 1343 903 non
1363 877 1450 903 solum
1464 876 1528 910 quid
1546 878 1706 910 permissum

932 924 978 955 sit,
993 923 1039 950 sed
1053 923 1133 950 etiam
1149 923 1211 956 quid
1228 922 1382 954 honestum,
1399 921 1626 948 cctisideraudum
1641 926 1682 948 est
1699 931 1707 948 ;

931 969 994 994 dum
1021 968 1215 998 animadverto.
1243 967 1492 995 inhonestissimum
1517 974 1590 998 esse,
1619 967 1706 1000 utqui

931 1014 1061 1040 hactenus
1075 1021 1090 1039 τι
1109 1013 1220 1040 sobrina
1240 1017 1351 1039 vocatus
1373 1012 1454 1039 fuerit
1482 1011 1579 1044 aﬂinis,
1613 1017 1706 1045 postea

930 1058 1029 1092 conjux
1049 1058 1106 1091 ejus
1120 1057 1280 1092 appelletur.
1293 1057 1324 1084 Et
1354 1058 1416 1091 quia
1441 1057 1563 1084 nonnulli
1600 1062 1707 1084 utentes

930 1103 1019 1131 verbis
1031 1103 1124 1137 scripti
1141 1102 1285 1137 synodalis,
1315 1103 1441 1136 publicati
1465 1103 1508 1129 die
1520 1110 1576 1129 xxx
1603 1102 1707 1129 mensis

929 1148 1003 1181 Julii,
1024 1147 1171 1175 indictione
1185 1144 1356 1179 duodecima,
1373 1155 1434 1174 cum
1450 1152 1523 1174 esset
1551 1147 1706 1182 patriarcha

931 1194 1120 1222 sanctissimus
1136 1193 1181 1220 ille
1193 1193 1320 1219 dominus
1335 1192 1513 1226 Theodosius,
1525 1197 1551 1220 et
1561 1201 1609 1220 nos
1620 1193 1707 1219 otlicio

929 1239 1087 1267 chartularii
1116 1239 1300 1272 fungerentur.
1317 1245 1370 1272 quo
1384 1239 1411 1265 in
1427 1239 1528 1272 scripto
1541 1239 1612 1265 circa
1628 1239 1706 1264 linem

930 1285 986 1312 haec
996 1285 1077 1312 verba
1088 1285 1213 1318 leguntur
1225 1291 1232 1309 :
1242 1283 1308 1309 Cum
1320 1284 1386 1309 enim
1399 1283 1528 1309 celebrata
1537 1290 1595 1308 cum
1603 1282 1706 1308 Joanne

929 1330 1065 1364 sponsalia
1079 1350 1085 1361 ,
1108 1339 1154 1356 ctu
1173 1330 1279 1356 minime
1305 1329 1464 1359 constantia,
1481 1328 1628 1358 solvantur,
1642 1335 1706 1360 pro-

929 1380 985 1408 pter
1010 1379 1113 1402 aatutem
1126 1374 1211 1401 lrmaa
1227 1373 1382 1406 impuberem
1397 1381 1405 1398 :
1419 1377 1487 1399 recte
1503 1372 1582 1399 1mm
1600 1372 1705 1398 sobrina

930 1421 1013 1455 ipsius
1029 1420 1082 1455 lege
1097 1419 1287 1447 matrimoniali
1298 1418 1473 1452 copulabitur.
1491 1418 1589 1451 Quippe
1603 1426 1647 1444 nec
1659 1425 1705 1450 pro

930 1473 1040 1499 persona
1052 1470 1162 1499 cognata
1177 1463 1324 1490 Theodorus
1342 1462 1450 1489 lrenam
1461 1462 1542 1491 ducit.
1558 1470 1602 1488 uec
1621 1461 1706 1494 aﬂiui-

932 1511 993 1537 tatis
1012 1510 1121 1536 vinculis
1141 1515 1217 1544 atque
1241 1508 1338 1542 legibus
1363 1508 1551 1541 constringitur
1571 1512 1706 1540 propterea

929 1555 997 1586 quod
1011 1559 1110 1581 sextum
1122 1562 1153 1580 ex
1167 1554 1290 1588 afﬁnitate
1303 1553 1413 1587 gradum
1429 1553 1547 1579 excedat.

964 1640 1011 1667 His
1031 1647 1094 1673 ergo
1107 1639 1198 1666 verbis
1213 1642 1332 1669 utentes,
1346 1642 1435 1665 tacere
1451 1643 1501 1663 nos
1531 1635 1637 1665 volunt,
1661 1642 1705 1668 qm

926 1686 981 1720 jam
995 1685 1130 1713 contraria
1152 1685 1320 1711 statuimus:
1347 1683 1464 1717 primum
1494 1681 1705 1715 respondemus,

928 1731 1060 1765 cujusque
1071 1728 1200 1764 temporis
1218 1728 1427 1759 chartularium,
1444 1726 1489 1761 qui
1500 1733 1531 1753 os
1543 1726 1707 1760 patriareluu

928 1783 989 1803 esse
1007 1775 1125 1806 ducitur,
1142 1781 1172 1800 ea
1191 1777 1246 1799 tum
1265 1773 1366 1804 dicere,
1402 1775 1458 1798 tum
1489 1771 1618 1800 scribere,
1646 1777 1706 1803 quae

928 1817 1024 1856 capitis
1037 1820 1086 1854 ipsi
1103 1824 1195 1847 vertex
1214 1820 1303 1845 instar
1317 1817 1395 1844 nubis
1409 1820 1434 1843 et
1446 1823 1522 1850 aqua:
1537 1814 1702 1849 suppeditat.

927 1865 1042 1899 ideoque
1057 1872 1105 1891 nec
1117 1863 1276 1898 culpandos,
1294 1869 1343 1889 nec
1359 1861 1508 1888 laudandos
1525 1867 1574 1886 nos
1599 1858 1706 1893 putabit

926 1911 1071 1946 quispiam.
1087 1910 1132 1943 qui
1146 1909 1187 1936 vel
1205 1913 1277 1935 recte
1303 1911 1465 1941 prmsentem
1489 1912 1611 1936 causam,
1627 1904 1668 1930 vel
1690 1911 1706 1930 e

926 1956 1063 1983 contrario
1084 1955 1152 1982 male
1165 1954 1261 1981 litteris
1275 1952 1408 1986 complexi
1429 1951 1526 1978 simus.
1543 1949 1610 1976 Nam
1631 1956 1706 1975 mare

925 2002 1051 2034 Baruebi,
1069 2002 1164 2029 scriba:
1181 2007 1292 2026 munere
1304 1998 1387 2025 functi
1402 1997 1555 2024 notavimus
1577 2001 1706 2029 quaecun-

925 2055 977 2082 que
993 2045 1164 2074 lamentando
1181 2043 1332 2071 Hieremias
1354 2042 1518 2068 lamentatus
1538 2043 1599 2067 est:
1616 2042 1642 2065 et
1653 2038 1706 2063 Aa-

927 2094 1002 2120 ronis
1015 2099 1089 2118 inore
1105 2090 1236 2126 prolocuti
1263 2096 1368 2118 sumus,
1393 2093 1558 2121 qua-cunque
1571 2084 1706 2118 loquendo

93 2138 178 2172 χάριν
190 2136 236 2162 τοῦ
254 2136 374 2162 τοιούτου
397 2135 565 2170 ζητήματος,
585 2136 692 2171 ἐγράφη
717 2137 781 2170 παρ’
797 2136 875 2170 ἡμῶν

931 2139 1035 2165 locutus
1066 2140 1106 2163 est
1122 2135 1218 2161 Moses.
1233 2133 1308 2165 Quod
1326 2136 1414 2158 autem
1429 2130 1583 2156 intellectus
1614 2129 1703 2155 nostri

92 2184 125 2208 ἐν
138 2181 178 2216 τῷ
197 2181 218 2216 β’
235 2181 384 2216 κεφαλαίῳ,
401 2181 448 2207 τοῦ
463 2184 496 2215 ιγ’
513 2181 603 2207 τίτλου
626 2181 670 2207 τοῦ
685 2182 876 2215 νομοκανὸνου.

92 2227 216 2260 Εἴπομεν
227 2227 279 2260 γὰρ
288 2226 317 2252 τὺ
326 2226 445 2252 τοιοῦτον
457 2227 603 2260 κεφάλαιον
618 2225 825 2261 ἑρμηνεύοντες,
839 2226 876 2257 ὡς

91 2271 143 2298 καὶ
154 2270 293 2305 βασιλικὸν
305 2270 424 2297 ἐκώλυσε
439 2271 600 2306 πρόσταγμα
611 2270 640 2296 τὸ
654 2271 822 2305 ζητούμενον
833 2279 878 2296 συ-

90 2317 240 2348 νοικέσιον,
254 2316 306 2342 κᾶν
315 2316 595 2351 καταστρωθῆναιοὺκ
608 2315 798 2351 ἔφθασε,καὶή
817 2317 877 2343 Ἐκ-

90 2361 195 2397 κλησία
203 2361 251 2395 τὴν
259 2361 353 2388 τούτου
364 2361 473 2396 ποίησιν
485 2361 534 2387 οὐκ
545 2361 679 2395 ἀνέχεται.
691 2359 758 2387 Εἶτά
773 2369 874 2395 φαμεν,

89 2408 132 2438 ὡς
147 2400 350 2442 σημειωμάτων
363 2405 605 2441 προκομιζομένων
628 2406 813 2439 ταλαυγενῶν,
829 2406 875 2432 καὶ

89 2453 137 2479 διὰ
146 2451 171 2468 ⁸³
185 2452 357 2486 γραμμάτων
374 2452 472 2487 ὁμοίων
489 2452 733 2487 ὲκκληοιαστικῶν,
749 2452 877 2483 διυλιζόν-

88 2504 149 2523 των
167 2497 213 2522 καὶ
231 2496 310 2522 αὐτὸν
322 2497 367 2523 τὸν
382 2496 547 2530 φαυλότατον
565 2495 683 2523 κώνωπα
694 2496 741 2523 τοῦ
757 2497 874 2523 τοιούτου

89 2542 264 2576 ζητήματος,
271 2542 318 2568 καὶ¹
327 2541 533 2568 ἀποκαλούντων
546 2541 624 2568 τοῦτο
635 2541 872 2577 παρανομώτατον,

929 2181 1053 2208 tenuitati
1069 2185 1134 2206 tunc
1154 2178 1272 2206 remedio
1284 2177 1334 2204 fuit
1349 2177 1375 2203 in
1393 2176 1443 2202 hac
1466 2175 1630 2209 quaestione,
1646 2181 1706 2206 per-

928 2227 1058 2260 scriptum
1073 2233 1088 2251 a
1103 2224 1180 2251 nobis
1196 2227 1236 2250 est
1251 2223 1277 2248 in
1307 2221 1396 2255 capite
1421 2219 1539 2247 secundo
1554 2218 1624 2245 tituli
1646 2217 1708 2244 Xllt

929 2268 1122 2297 Notnocanoui.
1154 2267 1258 2300 Quippe
1290 2269 1371 2299 caput
1398 2264 1463 2291 illud
1498 2263 1707 2297 interpretantes

927 2315 1055 2345 diximus,
1070 2314 1151 2340 etiam
1167 2312 1253 2338 edicto
1266 2309 1439 2344 imperatorio
1461 2308 1625 2343 prohibitum
1637 2312 1708 2334 'esse

928 2358 1141 2390 matrimonium,
1157 2364 1210 2391 quo
1225 2356 1258 2383 de
1272 2355 1370 2389 agitur,
1386 2354 1448 2381 licet
1462 2354 1489 2380 in
1515 2357 1574 2380 acta
1591 2353 1706 2380 relatum

928 2413 981 2432 non
996 2405 1085 2435 fuerit,
1099 2407 1125 2430 et
1142 2402 1264 2429 Ecclesia
1293 2400 1534 2436 promulgationem
1562 2398 1622 2432 ejus
1651 2404 1705 2424 non

928 2450 1071 2476 susﬁneat.
1087 2447 1185 2475 Deinde
1199 2446 1370 2480 subjicimus,
1385 2445 1458 2480 quod
1469 2451 1530 2471 cum
1551 2443 1705 2470 natationes

928 2497 1025 2531 priscae
1040 2494 1224 2529 proferuntur,
1242 2497 1267 2519 et
1281 2491 1432 2519 consimilia
1449 2491 1548 2524 scripta
1576 2486 1705 2515 ecclesia-

927 2541 1005 2572 stica,
1022 2539 1213 2575 pravissimqu
1229 2543 1255 2564 ct
1270 2538 1326 2571 ipsa
1340 2536 1453 2564 culicem
1482 2533 1637 2568 quastionis
1650 2531 1704 2558 btt-

711 2609 824 2636 VARLE
847 2609 1047 2637 LECTIONES.

129 2656 154 2672 ³³
165 2655 393 2690 διαγραμμάτων.

843 2708 958 2736 NOTAE.

130 2767 187 2802 (66)
217 2767 333 2803 Semper.
351 2768 382 2796 ἰ).
402 2768 440 2796 De
454 2777 507 2803 reg.
521 2767 577 2802 jur.
591 2767 624 2794 Et
638 2768 655 2795 Ι.
670 2766 713 2795 42.
732 2766 760 2793 ι).
779 2766 870 2794 Derit.
893 2771 966 2800 nupt.
