1888 3070
43 110 115 144 1105

567 115 734 146 CONSTIT.
754 115 900 146 ECCLES.
919 117 1134 147 COLLECTIO.

1602 115 1668 144 “Uti

41 167 263 202 ἁρχιεπισκόπου
286 169 382 204 αὐτῆς,
403 170 468 196 ὅταν
492 167 578 205 ᾔτῶν
599 172 664 205 παρ’
680 171 763 198 αὐτοῦ
779 179 834 205 χει-

899 178 936 198 ιοε
953 171 1114 198 ordinantur
1129 170 1198 205 (55),
1224 175 1251 197 et
1276 177 1381 201 eorum.
1399 169 1445 204 qui
1474 168 1635 196 ordinantur
1653 174 1668 193 ει

43 214 253 248 ροτονουμένων
284 215 501 250 μητροπολιτῶν,
531 216 578 242 καὶ
593 216 649 242 τῶν
673 216 702 249 ἐξ
721 216 832 242 ἐκείνων

41 261 294 294 χειροτονουμένων
314 261 445 296 ἀκιδητον
461 261 477 296 ἢ
497 261 638 296 πολιτικὴν
665 262 771 296 σίτησιν
782 261 833 287 οὐκ

42 305 221 332 ἓκποιοῦσιν·
233 308 258 332 el
275 307 311 342 μὴ
325 307 468 342 ὲπωφελὴς
483 308 524 342 εἴη
543 308 558 341 ἡ
574 308 684 341 πρᾶσις,
703 307 719 342 ἢ
737 308 752 342 ἡ
766 307 834 333 ὑπο-

43 350 131 385 ϐήκη,
147 351 164 385 ἢ
184 353 200 384 ἠ
215 352 381 387 ἀνταλλαγὴ,
399 352 415 388 ἣ
437 352 566 387 διηνεκὴς
580 352 757 386 ἐμφύτευσις·
772 360 834 378 του-

42 397 149 428 τέστιν,
169 398 213 423 ὅτε
226 397 255 423 τὸ
272 398 382 432 τίμημα
396 398 442 425 τοῦ
461 399 698 433 πιπρασκομένου,
713 398 729 433 ἢ
744 397 774 423 τὸ
785 398 833 424 δα-

43 443 155 468 νεισθὲν
169 443 216 468 ἐπὶ
227 443 354 478 ὑποθήκῃ
371 443 465 478 μέλλει
476 445 630 478 προχωρεῖν
642 443 682 474 εἰς
697 442 837 477 λύτρωσιν

43 489 156 522 χρέους,
183 489 216 514 ἐκ
245 488 408 524 διαδοχῆςῆ
435 489 531 524 χρείας
556 489 653 523 ἑτέρας
683 487 833 521 ἀναγκαίας

44 533 226 568 ἐπικειμένου
240 534 278 568 τῷ
290 534 386 567 εὐαγεῖ
401 534 480 568 οἴκῳ,
506 535 522 569 ἢ
539 534 582 568 ἐφ’
598 531 620 568 ᾧ
638 535 732 568 ἕτερον
750 534 833 566 ἀναγ-

42 579 188 613 καιότερον
217 579 370 614 κτήσασθαι
399 580 529 615 πρᾶγμα,
553 579 569 614 ἢ
597 581 638 611 εἰς
655 579 835 612 κατεπείγου-

46 633 100 650 σαν
111 625 158 651 τοῦ
176 625 293 658 εὑαγοῦς
319 625 396 651 οἴκου
423 625 573 652 ἀνανέωσιν
599 625 646 651 καὶ
664 624 835 657 ἀνταλλαγὴν

43 671 171 697 ποιοῦσιν
185 671 231 698 ἐπὶ
250 671 457 707 ἁναγκαιοτέρῳ
480 672 635 706 πράγματι,
645 672 692 697 καὶ
706 670 836 703 πρόσοδον

45 717 100 742 οὐκ
110 716 242 742 ἐλάττονα
253 716 300 742 τοῦ
311 716 451 750 διδομένου
465 716 568 752 ἔχοντι,
581 716 629 743 καὶ
641 715 836 751 ἐμφυτεύσεις,

49 761 88 796 μὴ
119 762 363 796 μειουμένηςςτῆς
387 763 516 796 προσόδου
534 782 541 794 ,
561 763 577 798 ἢ
606 762 746 793 παντελῶς
771 763 838 788 ἀπο-

47 808 165 842 ροῦντος
176 807 223 833 τοῦ
243 808 415 842 πράγματος.
435 809 475 834 Τὰ
501 808 554 844 γὰρ
579 808 623 835 διὰ
641 808 689 843 τὴν
719 808 838 842 ἀπορίαν

887 217 1114 251 metropolitanis,
1129 223 1186 243 rem
1203 216 1318 250 aliquam
1330 215 1392 247 soli,
1406 214 1446 242 vel
1460 221 1593 241 annonam
1605 213 1670 239 civi-

885 262 950 294 lem,
965 271 1017 290 non
1042 262 1170 294 alienant,
1187 262 1240 289 nisi
1262 262 1296 288 sit
1325 261 1399 288 utilis
1415 269 1445 288 ea
1470 259 1602 292 venditio,
1628 258 1670 286 vei

886 309 1047 344 hypotheca,
1065 308 1106 335 Vl‘l
1123 308 1292 343 permutatio,
1313 307 1353 335 vel
1371 306 1555 341 empbytensis
1574 312 1669 339 perpe-

887 359 931 381 tua
948 361 955 380 :
973 354 1025 381 hoc
1041 358 1092 387 est,
1109 362 1168 381 cum
1186 354 1299 388 pretium
1311 353 1347 380 rei
1358 352 1482 385 vendita),
1492 352 1531 379 vel
1547 357 1668 378 mutuum

886 399 935 427 sub
952 400 1102 434 hypotheca
1117 403 1265 433 sumptum,
1281 406 1420 425 cessurum
1440 402 1481 425 est
1497 397 1530 424 ad
1554 397 1670 424 dissolu-

887 446 987 472 tionem
1004 445 1066 473 teris
1079 445 1168 477 alieni,
1186 445 1257 478 quod
1284 451 1317 472 ex
1345 444 1529 473 successione,
1555 442 1596 469 vel
1619 442 1672 468 alio

886 491 1011 526 quopiam
1028 498 1077 518 usu
1092 490 1247 518 necessario
1260 489 1408 517 venerabili
1436 489 1515 516 domo
1529 487 1670 519 incumbit,

886 537 928 564 vel
941 537 974 563 ad
989 536 1198 570 comparandam
1215 535 1293 562 aliam
1310 542 1366 562 rem
1382 534 1467 569 magis
1480 534 1672 564 necessariam,

886 583 928 609 vel
947 583 980 609 ad
998 588 1137 616 urgentem
1149 582 1244 608 donius
1259 581 1419 607 venerabilis
1433 580 1671 610 instaurationem;

888 628 1033 663 itidemque
1048 629 1069 655 si
1087 627 1249 661 permutatio
1267 627 1311 653 ﬁat
1326 635 1385 654 cum
1407 633 1434 653 re
1452 627 1536 659 magis
1551 631 1675 651 necessa-

889 674 938 704 ria,
954 681 1065 708 qumque
1077 673 1190 700 reditum
1209 679 1252 705 eo,
1268 673 1338 706 quod
1363 673 1452 703 datur,
1468 679 1519 698 nou
1545 670 1673 697 minorem

890 719 997 750 habent,
1025 725 1051 746 et
1073 719 1095 745 si
1120 718 1311 754 empbytcuses
1336 718 1546 749 constituantur,
1576 716 1676 750 absque

889 763 1073 791 deminutione
1088 763 1199 795 reditus,
1221 767 1266 790 aut
1281 770 1342 790 cum
1361 762 1472 789 omnino
1490 770 1533 790 res
1547 762 1604 797 ipsa
1622 764 1676 788 ste-

890 810 948 837 rilis
963 815 1014 837 est.
1044 810 1111 837 Nam
1127 817 1186 844 qua:
1202 809 1235 836 ob
1252 809 1421 836 sterilitatem
1451 809 1578 835 damnosa
1602 812 1675 839 sunt,

46 855 187 889 ἐπιζήμια
200 854 346 888 δωρεῖσθαι
382 854 429 880 καὶ
454 855 587 890 ἐκχωρεῖν
609 854 732 881 δύναται.
751 854 786 881 Τὸ
811 853 838 880 δὲ

901 857 992 883 lonare
1007 861 1089 890 atque
1101 855 1160 882 aliis
1175 855 1322 882 concedere
1339 858 1461 888 possunt.
1487 853 1562 886 Quod
1586 857 1677 881 autem

46 900 193 934 γινόμενον
207 900 257 926 οὐκ
282 900 370 931 ἄλλως
389 899 487 934 ἰσχύει,
504 900 528 926 εἰ
550 900 587 934 μὴ
614 899 664 934 μία
684 899 738 925 τῶν
760 899 838 933 εἰρη-

48 945 141 980 μένων
166 945 261 971 αίτιῶν
286 945 315 972 ἐν
346 946 525 980 ὑπομνήμασι
551 945 697 980 φανερωθῇ
727 945 755 970 ὲν
789 944 838 978 μὲν

49 991 196 1026 Βυζαντίῳ
208 991 283 1024 παρὰ
295 991 334 1027 τῷ
349 991 587 1026 μαγιστροκήνσῳ,
603 992 631 1017 ὲν
641 990 669 1017 δὲ
682 991 742 1021 ταῖς
754 990 839 1025 ἐπαρ-

47 1038 126 1072 χίαις
141 1038 218 1072 παρὰ
241 1037 435 1070 τοῖςηὲκδίκοις,
458 1037 646 1072 προκειμένων
668 1036 722 1062 τῶν
752 1035 838 1069 ἁγίων

49 1083 182 1118 Γραφῶν·
208 1083 256 1110 καὶ
283 1083 329 1109 ἐπὶ
360 1083 413 1117 μὲν
436 1083 490 1109 τῶν
516 1082 671 1117 ἐκκλησιῶν
696 1081 838 1116 παρόντων

49 1130 107 1155 ταῖν
126 1129 278 1162 οἰκονόμων
292 1129 347 1155 τῶν
363 1129 555 1163 ὲκδημοὺντων
579 1129 731 1165 κληρικῶν⁷
747 1130 793 1155 ἐπὶ
809 1130 838 1156 δὲ

49 1174 108 1200 τῶν
133 1173 325 1208 μοναστηρίων
354 1174 396 1200 δεῖ
421 1175 549 1209 παρεῖναι
585 1175 647 1206 τοὺς
672 1175 839 1209 ἡγουμένους

48 1220 98 1245 καὶ
115 1219 214 1249 ἄλλους
235 1219 389 1253 μοναχούς·
408 1219 454 1245 ἐπὶ
480 1219 508 1245 δὲ
539 1218 594 1245 τῶν
618 1220 762 1253 πτωχείων
790 1218 838 1245 τοῦ

48 1263 190 1296 διοικητοῦ
203 1265 250 1290 καὶ
263 1264 318 1290 τῶν
331 1265 551 1300 ὑπουργούντων,
571 1265 618 1292 καὶ
631 1265 686 1292 τῶν
702 1265 817 1300 πτωχῶν
830 1273 838 1280 ·

52 1312 101 1336 ἐπὶ
117 1311 146 1337 δὲ
162 1310 217 1337 τῶν
232 1310 354 1342 ξενὼνων
366 1310 413 1336 τοῦ
430 1311 567 1346 διοικητοῦ
584 1311 630 1338 καὶ
656 1311 766 1338 πάντων
785 1311 838 1338 τῶν

48 1358 260 1391 εὑρισκομένων
269 1357 468 1391 ὐπουργῶντῆς
481 1357 643 1391 διοικήσεως
659 1365 666 1373 ο
680 1357 727 1384 καὶ
736 1357 837 1390 ὁμοίως

49 1403 167 1429 ἐπὶτῶν
188 1403 400 1438 ὀρφανοτρόφων
429 1402 485 1438 [ἵσ.
504 1403 558 1428 τῶν
575 1402 838 1437 ὸρφανοτροφείων],

49 1448 123 1475 ὥστε
142 1449 257 1482 κρατεῖν
269 1448 300 1473 τὸ
311 1448 368 1478 τοῖς
385 1447 506 1474 πλείοσιν
526 1447 655 1482 ἀρέσκον,
683 1447 839 1474 συναινοῦν-

48 1503 96 1525 τος
114 1495 164 1520 καὶ
176 1494 220 1519 τοῦ
237 1493 388 1519 ἐπισκόπου
404 1493 457 1519 τῶν
469 1493 571 1525 τόπων,
584 1493 613 1520 ὲν
633 1491 672 1524 οἷς
687 1494 764 1520 τοῦτο
777 1495 841 1520 σῦν-

48 1540 117 1573 ηθες
144 1540 335 1574 ἐπιγίνεσθαι·
370 1538 410 1574 μὴ
434 1539 585 1573 δυναμένου
617 1539 664 1566 τοῦ
696 1548 840 1574 μαγιστρο-
857 1531 877 1558 C

51 1586 159 1620 κήνσου
175 1585 249 1618 ἢτοῦ
266 1585 374 1612 ὲκδίκου
392 1585 596 1620 παραιτεῖσθαι,
619 1586 842 1621 καταλαμϐάνειν

51 1631 100 1657 τὸν
132 1631 283 1665 σεϐάσμιον
311 1629 395 1663 οἷκον,
417 1631 446 1656 ἐν
463 1627 484 1665 ᾧ
511 1632 528 1666 ἡ
551 1631 665 1664 τοιαύτη
684 1631 843 1658 συνίσταται

53 1677 160 1711 πρᾶξις
183 1677 321 1712 ἀζημίως,
349 1678 398 1703 καὶ
430 1677 612 1705 ὲκδικούντων
638 1678 735 1713 αὐτήν.
760 1677 842 1704 Ὑπό-

53 1733 166 1754 κεινται
193 1725 248 1759 γὰρ
267 1726 298 1750 ἐκ
312 1724 489 1759 παραιϐασίας
505 1725 584 1759 ποινῇ
614 1724 727 1759 χρυσίου
745 1723 844 1758 λιτρῶν

51 1773 164 1799 εἴκοσι·
179 1770 224 1796 καὶ
240 1770 309 1803 μετὰ
324 1769 412 1796 ταῦτα
432 1770 538 1803 γίνεται
566 1769 719 1804 συμϐόλαια
742 1778 846 1804 μνημοο

53 1817 172 1844 νεύοντα
202 1815 257 1841 τῶν
291 1815 396 1845 αἰτιῶν,
421 1815 537 1849 καὶτῆς
559 1814 613 1841 τῶν
643 1815 846 1849 ὑπομνημάτων

53 1863 198 1898 πράξεως,
215 1862 261 1888 καὶ
274 1862 322 1895 τῆς
339 1861 527 1896 προσηγορίας
543 1860 597 1886 τῶν
606 1860 845 1895 παραγενομένων,

54 1911 105 1936 καὶ
123 1908 190 1942 παρ’
201 1904 223 1941 ᾦ
236 1907 365 1942 συνέστη.
387 1907 416 1932 Εἰ
429 1906 458 1932 δέ
485 1915 511 1933 τι
526 1906 579 1932 τῶν
607 1906 760 1941 εἰρημένων
776 1915 847 1941 παρ-

54 1956 142 1990 won.
276 1940 417 1987 δανειστὴς
435 1953 483 1979 καὶ
506 1952 519 1978 ὸ
537 1940 694 1987 ἀγοραστής
717 1940 846 1978 ἐκπίπτει

54 2000 106 2028 τοῦ
133 2000 297 2036 πράγματος
325 1999 373 2025 καὶ
402 1997 450 2024 τοῦ
471 1998 578 2032 χρέους,
604 1998 652 2023 καὶ
669 1996 723 2023 τῶν
739 1997 847 2032 τιμῶν·

55 2050 70 2075 ὁ
87 2048 116 2074 δὲ
133 2045 225 2072 λαϐὼν
241 2046 281 2076 εἰς
294 2044 474 2082 ἀνταλλαγὴν,
491 2044 538 2069 κα)⁸
567 2040 651 2078 οὗπερ
678 2043 771 2076 ἔδωκε,
801 2044 848 2070 καὶ

55 2090 148 2126 οὗπερ
164 2091 272 2123 ελαὸεν,
287 2090 416 2116 ἐκπίπτει
429 2097 436 2105 ·
454 2090 467 2116 ό
479 2089 507 2115 δὲ
527 2089 567 2120 είς
586 2088 755 2123 ἐμφύτευσιν
779 2090 848 2125 ὑπὲρ

56 2140 110 2174 τὴν
126 2138 196 2164 ἰδίαν
220 2137 292 2171 ζωὴν
315 2135 406 2162 λαϐὼν
421 2134 438 2170 ἦ
454 2135 568 2170 δωρεὰν,
584 2134 599 2169 ἦ
616 2134 771 2170 ἐκχώρησιν
779 2136 849 2169 ἀπη-

893 902 990 937 agitur,
1003 909 1055 929 non
1068 902 1146 929 aliter
1159 901 1240 932 valet,
1266 900 1319 927 nisi
1338 907 1480 928 causarum
1496 899 1676 926 iudicatarum

892 955 944 974 una
964 948 990 974 in
1009 951 1181 975 monumento
1207 954 1334 982 expressa
1360 945 1451 977 fuerit,
1474 945 1596 980 Byzantii
1617 945 1677 978 qui-

893 994 965 1025 dem,
985 993 1055 1028 apud
1084 993 1241 1028 magistrum
1267 999 1366 1020 census
1380 991 1456 1027 (56);
1483 991 1508 1017 in
1532 990 1676 1025 provinciis

893 1047 966 1072 vero,
982 1039 1052 1074 apud
1066 1039 1231 1070 defensores.
1247 1037 1390 1073 propositis
1407 1037 1492 1065 sacris
1503 1036 1650 1071 Scriptnris
1669 1045 1674 1062 :

892 1091 919 1113 et
935 1086 961 1112 iu
978 1085 1091 1120 negotiis
1104 1085 1291 1116 ecclesiarum,
1307 1085 1456 1111 meonomis
1471 1089 1498 1110 et
1510 1083 1615 1110 clericis
1631 1083 1676 1116 qui

893 1133 926 1159 ad
942 1133 1035 1159 urbem
1052 1135 1114 1158 sunt
1138 1131 1326 1165 praesentibus,
1343 1130 1368 1157 iu
1388 1129 1612 1157 monasteriorum
1629 1136 1676 1155 ne-

893 1179 982 1213 gotiis.
996 1178 1108 1204 abbates
1122 1182 1149 1204 et
1163 1176 1252 1204 caeteri
1274 1176 1398 1203 monachi
1412 1176 1505 1202 adesse
1519 1175 1615 1202 debent
1628 1183 1637 1207 ;
1649 1174 1675 1201 in

893 1223 1071 1258 plocliiorum,
1087 1222 1287 1249 administrator
1305 1222 1414 1256 ejusque
1431 1221 1556 1253 ministri,
1580 1225 1607 1247 et
1627 1220 1677 1254 ipsi

894 1276 1044 1304 pauperes;
1063 1268 1089 1294 in
1106 1275 1250 1300 xeuouum,
1275 1264 1479 1294 administrator
1502 1271 1530 1292 et
1558 1265 1676 1292 universi

893 1315 938 1349 qui
955 1314 1184 1341 administrationi
1207 1313 1379 1347 reperiuntur
1397 1312 1583 1344 iuservientes,
1598 1319 1628 1338 ac
1643 1305 1687 1338 si-'

893 1361 997 1388 militer
1008 1361 1033 1387 in
1046 1360 1159 1395 negotiis
1173 1359 1473 1394 orpliauotropbiorum,
1492 1358 1527 1384 ita
1544 1362 1573 1384 ut
1588 1361 1675 1384 ratum

894 1406 938 1438 sit,
953 1405 1023 1439 quod
1042 1405 1161 1439 pluribus
1182 1404 1279 1440 placet,
1305 1403 1386 1430 etiam
1419 1403 1546 1436 episcopo
1568 1401 1677 1427 illorum

894 1451 1026 1483 locorum,
1042 1450 1140 1486 quibus
1151 1451 1176 1477 in
1197 1450 1264 1477 locis
1279 1457 1324 1476 res
1341 1448 1398 1476 ﬁeri
1422 1447 1571 1478 consuevit,
1585 1454 1678 1474 asson-

895 1497 1000 1524 tieute:
1017 1504 1067 1524 nec
1091 1496 1175 1531 possit
1190 1495 1318 1530 magister
1344 1502 1451 1525 census,
1471 1498 1516 1520 aut
1541 1493 1677 1524 defensor,

896 1550 1027 1570 excusare
1049 1549 1096 1575 se,
1130 1541 1274 1576 quominus
1299 1540 1479 1568 venerabilem
1508 1541 1627 1572 domum,
1652 1539 1680 1566 in

897 1595 948 1623 qua
980 1587 1111 1622 ejusmodi
1144 1586 1278 1622 negotium
1311 1586 1497 1617 contrahitur,
1527 1585 1678 1612 indemnem

897 1633 1026 1668 suscipiat
1041 1642 1048 1660 :
1065 1633 1185 1667 adeoque
1203 1632 1229 1659 bi
1245 1639 1306 1659 eam
1331 1632 1486 1659 delendam.
1517 1630 1623 1657 Etenim
1648 1637 1680 1656 et

898 1679 1113 1714 transgressione
1127 1679 1236 1705 obnoxii
1247 1682 1309 1706 sunt
1321 1686 1407 1712 poena:
1421 1677 1456 1704 20
1466 1677 1595 1704 librarum
1610 1677 1679 1702 auri.

898 1725 936 1752 Ac
951 1725 1096 1752 secundum
1109 1725 1176 1757 haec,
1191 1724 1369 1751 instrumenta
1386 1723 1577 1754 coniiciuntur,
1604 1730 1680 1749 men-

899 1771 999 1797 tionem
1016 1770 1139 1797 facientia
1152 1777 1306 1800 causarum,
1321 1774 1349 1796 et
1365 1773 1600 1796 monumentorum
1613 1776 1680 1795 con—

900 1816 1033 1848 fectiouis,
1047 1821 1073 1843 et
1086 1816 1200 1844 nominis
1221 1823 1325 1847 eorum,
1341 1815 1386 1849 qui
1402 1815 1555 1847 adfuerunt,
1571 1819 1598 1841 et
1612 1814 1682 1848 apud

900 1869 979 1896 quem
994 1861 1116 1888 confecta
1143 1861 1206 1887 sint.
1233 1860 1261 1887 Si
1289 1867 1354 1887 vero
1371 1868 1404 1887 ex
1430 1859 1553 1886 iudicatis
1581 1858 1682 1892 aliquid

901 1907 1051 1941 neglectum
1068 1906 1160 1937 fuerit,
1176 1906 1293 1934 creditor
1314 1905 1435 1940 quidem,
1453 1909 1480 1932 et
1493 1909 1609 1939 emptor.
1625 1911 1680 1932 rem

901 1953 988 1988 ipsam
1014 1953 1122 1985 amittit,
1139 1957 1165 1980 et
1181 1952 1323 1983 creditum,
1344 1957 1370 1978 et
1399 1951 1483 1986 pretia
1501 1960 1507 1978 :
1524 1952 1568 1985 qui
1583 1949 1681 1977 autem

901 1999 1005 2033 acoepit
1026 1999 1133 2026 nomine
1145 1997 1359 2032 permutationis.
1377 2001 1430 2024 tam
1456 1997 1493 2029 id,
1505 1996 1575 2031 quod
1598 1995 1683 2026 dedit,

902 2054 982 2081 quam
995 2046 1065 2081 quod
1079 2045 1193 2080 accepit,
1211 2045 1311 2072 amittit
1325 2053 1332 2071 :
1351 2045 1396 2078 qui
1412 2051 1467 2071 rem
1480 2044 1684 2078 emphytcuscoa

903 2093 1011 2121 neruiue
1024 2099 1100 2119 suam
1113 2092 1146 2119 ad
1157 2092 1253 2124 vitam,
1272 2091 1312 2118 vel
1327 2091 1511 2122 donationem,
1528 2089 1568 2116 vel
1582 2089 1684 2116 cessio-

903 2147 964 2166 nem
977 2139 1149 2173 prohibitam,
1163 2137 1283 2170 arcepit;
1300 2142 1354 2163 tum
1370 2137 1406 2169 id,
1419 2136 1488 2170 quod
1504 2135 1615 2169 accepit,
1629 2139 1684 2161 tum

56 2184 247 2220 γορευμένην,
260 2181 420 2208 ἀναδίδωσιν
435 2181 503 2215 ὅπερ
521 2180 626 2215 εἴληφε.
648 2181 693 2207 καὶ
711 2181 846 2215 ποσότητα

903 2183 1080 2218 quantitatem
1104 2183 1226 2212 alteram.
1244 2181 1335 2216 quanti
1364 2186 1405 2208 est
1433 2181 1469 2211 id.
1497 2181 1568 2214 quod
1593 2180 1684 2206 datum

59 2228 172 2262 ἑτέραν,
196 2224 228 2262 ᾖς
244 2226 318 2259 ἄξιόν
330 2226 387 2252 ἔστι
411 2225 442 2252 τὸ
464 2225 551 2252 δοθέν.
571 2226 668 2259 Χώραν
687 2226 715 2252 δὲ
732 2225 788 2261 ἔχει
814 2226 848 2253 τὰ

58 2274 197 2309 εἰρημένα
214 2274 262 2299 καὶ
276 2273 322 2299 ἐπὶ
339 2273 395 2303 τοῖς
413 2271 540 2306 μέλλουσι
558 2273 686 2306 γενέσθαι
698 2273 846 2308 ὲκκλησια·

58 2321 168 2351 στικοϊς
184 2319 232 2345 καὶ
255 2320 312 2349 τοῖς
335 2318 476 2352 ἐσομένοις
493 2318 630 2352 εὐαγέσιν.
658 2319 726 2345 Ὑπὸ
750 2318 804 2344 τῶν
820 2319 848 2345 δὲ

59 2366 196 2402 κινητῶν,
213 2364 312 2398 ἔξωθεν
325 2363 379 2390 τῶν
398 2363 480 2400 ἱερῶν
494 2364 611 2397 σκευῶν,
628 2365 674 2390 καὶ
690 2364 848 2399 ἀρκούντων

902 2230 962 2261 fuit,
975 2228 1104 2256 restituit.
1121 2228 1226 2255 Habent
1240 2232 1328 2254 autem
1346 2227 1444 2257 locum.
1457 2234 1516 2260 qua:
1526 2227 1596 2253 dicta
1612 2230 1685 2256 sunt.

904 2279 957 2302 tam
979 2274 1004 2300 in
1031 2273 1065 2301 iis
1081 2280 1141 2307 qua:
1161 2272 1362 2303 ecclesiastica,
1378 2279 1456 2307 quam
1475 2279 1534 2305 quae
1563 2271 1685 2303 religiosa

901 2319 990 2346 futura
1014 2323 1077 2346 sunt
1090 2318 1169 2353 (56‘).
1186 2317 1262 2350 Quod
1276 2317 1297 2344 si
1315 2325 1358 2344 res
1374 2317 1485 2344 mobiles
1506 2322 1625 2350 exstent,
1642 2324 1682 2344 sa-

903 2365 956 2393 cris
968 2364 1039 2392 vasis
1050 2364 1182 2398 exceptis.
1199 2370 1290 2397 eaeque
1303 2363 1436 2391 sulliciant
1455 2358 1488 2392 ad
1504 2371 1600 2394 causas
1617 2363 1691 2390 indi--

662 2445 827 2476 Annibalis
844 2447 970 2478 Fabroti
989 2451 1082 2478 notae.

100 2508 159 2540 (55)
181 2507 231 2540 Qui
247 2508 279 2534 ab
297 2508 345 2535 Ima
361 2508 532 2535 ordinantur.
563 2507 763 2542 Metropolitani
795 2515 843 2534 or-

57 2545 194 2572 dinantur
221 2544 255 2570 ab
275 2543 397 2577 archiep.
424 2543 740 2577 Constantinopolitano,
775 2541 842 2570 Nov.

57 2587 113 2609 vn.
129 2585 155 2605 c.
175 2578 296 2604 lcoucil.
312 2577 441 2605 Cbalced.
459 2586 520 2605 can.
534 2577 579 2608 28,
599 2576 719 2611 episcopi
747 2584 760 2602 a
780 2585 840 2604 me-

59 2613 216 2647 tropolitis.
234 2617 262 2639 ut
283 2613 338 2640 hic.
356 2613 431 2640 Adde
453 2620 516 2642 can.
536 2613 570 2640 1‘2
588 2612 687 2640 concil.
707 2611 791 2638 Laod.
816 2617 843 2640 et

59 2646 127 2677 can.
142 2647 159 2674 6
183 2646 242 2675 Nic.
258 2655 319 2682 syu.

100 2682 158 2714 (56)
171 2682 328 2716 Magistrum
343 2691 445 2709 tensus.
462 2682 709 2717 Μαγιστροκήνσῳ.
723 2682 767 2709 Sic
797 2690 849 2709 ms.

62 2717 149 2745 unica
166 2725 241 2744 voce.
257 2717 362 2745 Glossa’
378 2717 463 2744 Basil.
482 2717 733 2752 μαγιστρόκηνσος,
759 2717 850 2752 ἄρχων

60 2754 116 2786 τῆς
159 2752 330 2786 ἀναγραφῆς.
367 2752 448 2779 llasil.
489 2753 506 2779 l.
529 2760 614 2783 xxxvi,
642 2760 668 2779 c.
695 2752 728 2778 de
758 2752 850 2779 danai.

63 2787 145 2822 παρὰ
162 2786 201 2821 τῷ
224 2788 343 2821 μεγίστῳ
360 2788 414 2813 τῶν
433 2787 551 2822 κήνσων.
578 2786 612 2814 Ut
631 2787 648 2814 l.
677 2795 753 2820 ηῐι,
777 2787 851 2822 infra

63 2824 98 2850 de
111 2821 231 2857 'episcop.
241 2822 291 2848 Alii
303 2822 509 2858 μαστρᾶκηνσον
522 2822 654 2855 scribunt,
663 2822 704 2849 vel
721 2821 851 2856 μαϊστρό-

898 2520 1010 2546 κηνσον.
1031 2510 1132 2546 quibus
1148 2509 1270 2546 μαστρος
1293 2509 1334 2536 vel
1360 2509 1491 2546 paiiarps;
1517 2515 1565 2546 pro
1599 2508 1688 2546 inagi-

898 2543 967 2574 Sll'O.
989 2543 1194 2580 Tlicophaues:
1218 2545 1302 2576 Ἰλλος
1319 2545 1342 2580 ὁν
1363 2544 1506 2580 μάῐστρος,
1538 2543 1683 2580 Codin..iu

899 2582 1005 2617 Origin.
1026 2577 1228 2617 Constaryinop.
1250 2580 1299 2617 ᾼιᾲ
1312 2577 1494 2617 ἓΣτρατηγ-ίου
1519 2577 1682 2617 patrio-59o:

899 2612 1110 2651 Maronis-ww:
1130 2612 1212 2651 Basil'.
1228 2614 1267 2651 ad
1279 2615 1297 2641 Ι.
1311 2614 1378 2651 7.ψῇ
1395 2614 1419 2651 1,
1448 2613 1480 2639 Ι).
1497 2612 1538 2651 _de
1562 2612 1679 2651 institor.

898 2646 1041 2686 Μιιῖἐτορι
1053 2646 1112 2676 ’τοῦ
1127 2650 1192 2676 ἰδίου
1205 2649 1310 2686 πλοίου.
1339 2646 1390 2686 διὸ,
1408 2647 1515 2686 legend.
1535 2651 1563 2673 ut
1579 2646 1684 2686 iu_Sy-_

909 2686 984 2720 nopsi
1002 2681 1054 2714 ms.
1073 2693 1125 2712 non
1144 2684 1304 2719 μαγίστωρα
1319 2703 1326 2713 ,
1343 2686 1371 2709 ιιι
1385 2682 1511 2720 ἱιιβιιξίι,
1535 2689 1586 2709 ius.
1607 2681 1685 2720 Apud

907 2716 1068 2755 magistrum
1081 2716 1346 2755 ecus'usiedebzintur
1368 2716 1564 2752 professiones,
1597 2721 1626 2744 et
1643 2716 1689 2742 ius

906 2754 1056 2782 struvneuta
1075 2754 1293 2789 publicabantur.

942 2790 1007 2825 (56')
1021 2786 1140 2822 Hoc-cst,
1155 2787 1292 2823 religiosis
1313 2787 1380 2815 locis
1397 2786 1557 2814 :tddiccuda.
