  <div class='ocr_page' id='page_1' title='image "/cluster/home/n/w/nwhite01/storage/ocr_20150623/138/njp.32101077773123/648.png"; bbox 0 0 1888 3070; ppageno 0'>
   <div class='ocr_carea' id='block_1_1' title="bbox 26 151 106 183">
    <p class='ocr_par' dir='ltr' id='par_1_1' title="bbox 26 151 106 183">
     <span class='ocr_line' id='line_1_1' title="bbox 26 151 106 183; baseline 0 -1"><span class='ocrx_word' id='word_1_1' title='bbox 26 151 106 183; x_wconf 87' lang='lat'><strong>1111</strong></span> 
     </span>
    </p>
   </div>
   <div class='ocr_carea' id='block_1_2' title="bbox 569 161 1134 199">
    <p class='ocr_par' dir='ltr' id='par_1_2' title="bbox 569 161 1134 199">
     <span class='ocr_line' id='line_1_2' title="bbox 569 161 1134 199; baseline 0.014 -9"><span class='ocrx_word' id='word_1_2' title='bbox 569 161 738 193; x_wconf 88' lang='lat' dir='ltr'><strong>CONSTIT.</strong></span> <span class='ocrx_word' id='word_1_3' title='bbox 754 162 906 193; x_wconf 86' lang='lat' dir='ltr'><strong>ECCLES.</strong></span> <span class='ocrx_word' id='word_1_4' title='bbox 919 164 1134 199; x_wconf 85' lang='lat' dir='ltr'><strong>COLLECTIO.</strong></span> 
     </span>
    </p>
   </div>
   <div class='ocr_carea' id='block_1_3' title="bbox 1599 160 1664 192">
    <p class='ocr_par' dir='ltr' id='par_1_3' title="bbox 1599 160 1664 192">
     <span class='ocr_line' id='line_1_3' title="bbox 1599 160 1664 192; baseline 0 0"><span class='ocrx_word' id='word_1_5' title='bbox 1599 160 1664 192; x_wconf 70' lang='lat'><strong>1118</strong></span> 
     </span>
    </p>
   </div>
   <div class='ocr_carea' id='block_1_4' title="bbox 26 209 816 252">
    <p class='ocr_par' dir='ltr' id='par_1_4' title="bbox 26 209 816 251">
     <span class='ocr_line' id='line_1_4' title="bbox 26 209 816 251; baseline 0.01 -16"><span class='ocrx_word' id='word_1_6' title='bbox 26 209 173 244; x_wconf 79' lang='grc' dir='ltr'>σχεθέντα</span> <span class='ocrx_word' id='word_1_7' title='bbox 192 210 253 241; x_wconf 81' lang='grc' dir='ltr'>ταῖς</span> <span class='ocrx_word' id='word_1_8' title='bbox 272 211 430 246; x_wconf 73' lang='grc' dir='ltr'>ἐκκλησίαις</span> <span class='ocrx_word' id='word_1_9' title='bbox 462 214 607 249; x_wconf 78' lang='grc' dir='ltr'>προνόμια.</span> <span class='ocrx_word' id='word_1_10' title='bbox 642 216 741 248; x_wconf 76' lang='grc' dir='ltr'>Μόνοις</span> <span class='ocrx_word' id='word_1_11' title='bbox 774 217 816 251; x_wconf 65' lang='grc' dir='ltr'>γὰ,</span> 
     </span>
    </p>
   </div>
   <div class='ocr_carea' id='block_1_5' title="bbox 909 209 1666 252">
    <p class='ocr_par' dir='ltr' id='par_1_5' title="bbox 910 217 1666 248">
     <span class='ocr_line' id='line_1_5' title="bbox 910 217 1666 248; baseline -0.005 -2"><span class='ocrx_word' id='word_1_12' title='bbox 910 219 1030 247; x_wconf 85' lang='lat' dir='ltr'><strong>ndiccnl.</strong></span> <span class='ocrx_word' id='word_1_13' title='bbox 1062 219 1130 248; x_wconf 79' lang='lat' dir='ltr'><strong>Nam</strong></span> <span class='ocrx_word' id='word_1_14' title='bbox 1160 220 1226 248; x_wconf 89' lang='lat' dir='ltr'><strong>solis</strong></span> <span class='ocrx_word' id='word_1_15' title='bbox 1255 219 1412 248; x_wconf 85' lang='lat' dir='ltr'><strong>orthodoxis</strong></span> <span class='ocrx_word' id='word_1_16' title='bbox 1442 225 1473 245; x_wconf 89' lang='lat' dir='ltr'><strong>ea</strong></span> <span class='ocrx_word' id='word_1_17' title='bbox 1510 217 1666 244; x_wconf 85' lang='lat' dir='ltr'><strong>concedun-</strong></span> 
     </span>
    </p>
   </div>
   <div class='ocr_carea' id='block_1_6' title="bbox 24 255 567 294">
    <p class='ocr_par' dir='ltr' id='par_1_6' title="bbox 24 255 567 294">
     <span class='ocr_line' id='line_1_6' title="bbox 24 255 567 294; baseline 0.009 -13"><span class='ocrx_word' id='word_1_18' title='bbox 24 255 125 282; x_wconf 66' lang='grc' dir='ltr'>ταῦτα</span> <span class='ocrx_word' id='word_1_19' title='bbox 139 257 197 287; x_wconf 80' lang='grc' dir='ltr'>τοῖς</span> <span class='ocrx_word' id='word_1_20' title='bbox 211 256 363 291; x_wconf 74' lang='grc' dir='ltr'>ὁρθοδόξοις</span> <span class='ocrx_word' id='word_1_21' title='bbox 379 259 567 294; x_wconf 80' lang='grc' dir='ltr'><strong>ἐπιτρέπεται.</strong></span> 
     </span>
    </p>
   </div>
   <div class='ocr_carea' id='block_1_7' title="bbox 66 299 829 343">
    <p class='ocr_par' dir='ltr' id='par_1_7' title="bbox 66 299 829 343">
     <span class='ocr_line' id='line_1_7' title="bbox 66 299 829 343; baseline 0.012 -17"><span class='ocrx_word' id='word_1_22' title='bbox 66 300 136 327; x_wconf 72' lang='grc' dir='ltr'>Βιϐ.</span> <span class='ocrx_word' id='word_1_23' title='bbox 159 299 193 333; x_wconf 88' lang='grc' dir='ltr'>α’,</span> <span class='ocrx_word' id='word_1_24' title='bbox 220 301 308 332; x_wconf 82' lang='grc' dir='ltr'>τίτλος</span> <span class='ocrx_word' id='word_1_25' title='bbox 334 301 365 333; x_wconf 90' lang='grc' dir='ltr'>ε’,</span> <span class='ocrx_word' id='word_1_26' title='bbox 392 303 513 336; x_wconf 75' lang='grc' dir='ltr'><strong>διάταξις</strong></span> <span class='ocrx_word' id='word_1_27' title='bbox 529 309 563 341; x_wconf 89' lang='grc' dir='ltr'><strong>η’,</strong></span> <span class='ocrx_word' id='word_1_28' title='bbox 579 304 612 342; x_wconf 84' lang='grc' dir='ltr'>ἦς</span> <span class='ocrx_word' id='word_1_29' title='bbox 629 308 644 342; x_wconf 87' lang='grc' dir='ltr'><strong>ἡ</strong></span> <span class='ocrx_word' id='word_1_30' title='bbox 662 308 745 343; x_wconf 80' lang='grc' dir='ltr'>ἀρχὴ,</span> <span class='ocrx_word' id='word_1_31' title='bbox 767 309 829 341; x_wconf 82' lang='lat' dir='ltr'><strong>Qui-</strong></span> 
     </span>
    </p>
   </div>
   <div class='ocr_carea' id='block_1_8' title="bbox 27 347 829 389">
    <p class='ocr_par' dir='ltr' id='par_1_8' title="bbox 27 347 829 389">
     <span class='ocr_line' id='line_1_8' title="bbox 27 347 829 389; baseline 0.012 -17"><span class='ocrx_word' id='word_1_32' title='bbox 27 355 153 381; x_wconf 75' lang='lat' dir='ltr'><strong>cunque.</strong></span> <span class='ocrx_word' id='word_1_33' title='bbox 177 347 218 373; x_wconf 79' lang='grc' dir='ltr'><strong>Τὰ</strong></span> <span class='ocrx_word' id='word_1_34' title='bbox 239 348 295 375; x_wconf 89' lang='grc' dir='ltr'><strong>τῶν</strong></span> <span class='ocrx_word' id='word_1_35' title='bbox 312 349 540 384; x_wconf 75' lang='grc' dir='ltr'>Εὑτυχιανιστῶν,</span> <span class='ocrx_word' id='word_1_36' title='bbox 555 353 614 388; x_wconf 78' lang='grc' dir='ltr'>ἤτοι</span> <span class='ocrx_word' id='word_1_37' title='bbox 638 354 829 389; x_wconf 77' lang='grc' dir='ltr'>Ἀπολλιναρι-</span> 
     </span>
    </p>
   </div>
   <div class='ocr_carea' id='block_1_9' title="bbox 30 391 829 435">
    <p class='ocr_par' dir='ltr' id='par_1_9' title="bbox 30 391 829 435">
     <span class='ocr_line' id='line_1_9' title="bbox 30 391 829 435; baseline 0.013 -18"><span class='ocrx_word' id='word_1_38' title='bbox 30 391 113 418; x_wconf 85' lang='grc' dir='ltr'><strong>στῶν</strong></span> <span class='ocrx_word' id='word_1_39' title='bbox 137 393 310 428; x_wconf 86' lang='grc' dir='ltr'>μοναστήρια</span> <span class='ocrx_word' id='word_1_40' title='bbox 327 395 359 429; x_wconf 79' lang='grc' dir='ltr'><strong>τῇ</strong></span> <span class='ocrx_word' id='word_1_41' title='bbox 385 396 434 429; x_wconf 77' lang='grc' dir='ltr'><strong>τῆς</strong></span> <span class='ocrx_word' id='word_1_42' title='bbox 464 397 571 432; x_wconf 79' lang='grc' dir='ltr'>ἐνορίας</span> <span class='ocrx_word' id='word_1_43' title='bbox 595 399 727 435; x_wconf 80' lang='grc' dir='ltr'><strong>ἐκκλησίᾳ</strong></span> <span class='ocrx_word' id='word_1_44' title='bbox 744 409 829 432; x_wconf 78' lang='grc' dir='ltr'>προσ-</span> 
     </span>
    </p>
   </div>
   <div class='ocr_carea' id='block_1_10' title="bbox 28 438 263 473">
    <p class='ocr_par' dir='ltr' id='par_1_10' title="bbox 28 438 263 473">
     <span class='ocr_line' id='line_1_10' title="bbox 28 438 263 473; baseline 0.013 -10"><span class='ocrx_word' id='word_1_45' title='bbox 28 438 263 473; x_wconf 80' lang='grc' dir='ltr'>κυρωθήσονται.</span> 
     </span>
    </p>
   </div>
   <div class='ocr_carea' id='block_1_11' title="bbox 66 483 828 528">
    <p class='ocr_par' dir='ltr' id='par_1_11' title="bbox 66 483 828 528">
     <span class='ocr_line' id='line_1_11' title="bbox 66 483 828 528; baseline 0.014 -19"><span class='ocrx_word' id='word_1_46' title='bbox 66 483 134 511; x_wconf 76' lang='grc' dir='ltr'><strong>Βιὸ.</strong></span> <span class='ocrx_word' id='word_1_47' title='bbox 150 484 186 516; x_wconf 83' lang='grc' dir='ltr'>α’,</span> <span class='ocrx_word' id='word_1_48' title='bbox 201 486 253 512; x_wconf 87' lang='grc' dir='ltr'><strong>τιτ.</strong></span> <span class='ocrx_word' id='word_1_49' title='bbox 270 489 301 516; x_wconf 86' lang='grc' dir='ltr'><strong>ε’,</strong></span> <span class='ocrx_word' id='word_1_50' title='bbox 316 487 384 514; x_wconf 80' lang='grc' dir='ltr'><strong>διάτ.</strong></span> <span class='ocrx_word' id='word_1_51' title='bbox 404 488 430 521; x_wconf 81' lang='grc' dir='ltr'><strong>ι’,</strong></span> <span class='ocrx_word' id='word_1_52' title='bbox 450 486 483 524; x_wconf 76' lang='grc' dir='ltr'><strong>ἧς</strong></span> <span class='ocrx_word' id='word_1_53' title='bbox 500 490 612 526; x_wconf 82' lang='grc' dir='ltr'>ἡάρχὴ,</span> <span class='ocrx_word' id='word_1_54' title='bbox 637 490 667 518; x_wconf 89' lang='lat' dir='ltr'><strong>Si</strong></span> <span class='ocrx_word' id='word_1_55' title='bbox 680 493 750 525; x_wconf 78' lang='lat' dir='ltr'><strong>quis.</strong></span> <span class='ocrx_word' id='word_1_56' title='bbox 767 493 828 528; x_wconf 87' lang='grc' dir='ltr'><strong>Μη-</strong></span> 
     </span>
    </p>
   </div>
   <div class='ocr_carea' id='block_1_12' title="bbox 28 528 827 571">
    <p class='ocr_par' dir='ltr' id='par_1_12' title="bbox 28 528 827 571">
     <span class='ocr_line' id='line_1_12' title="bbox 28 528 827 571; baseline 0.015 -18"><span class='ocrx_word' id='word_1_57' title='bbox 28 528 92 560; x_wconf 77' lang='grc' dir='ltr'>δεὶς</span> <span class='ocrx_word' id='word_1_58' title='bbox 115 530 173 555; x_wconf 84' lang='grc' dir='ltr'>τῶν</span> <span class='ocrx_word' id='word_1_59' title='bbox 190 531 339 565; x_wconf 68' lang='grc' dir='ltr'>ὁρθοδόξων</span> <span class='ocrx_word' id='word_1_60' title='bbox 359 533 464 568; x_wconf 80' lang='grc' dir='ltr'>κτῆμα,</span> <span class='ocrx_word' id='word_1_61' title='bbox 482 536 511 561; x_wconf 83' lang='grc' dir='ltr'><strong>ἐν</strong></span> <span class='ocrx_word' id='word_1_62' title='bbox 578 537 654 563; x_wconf 83' lang='grc' dir='ltr'>ἐστιν</span> <span class='ocrx_word' id='word_1_63' title='bbox 676 537 827 571; x_wconf 80' lang='grc' dir='ltr'>ὁρθοδόξων</span> 
     </span>
    </p>
   </div>
   <div class='ocr_carea' id='block_1_13' title="bbox 29 574 828 618">
    <p class='ocr_par' dir='ltr' id='par_1_13' title="bbox 29 574 828 618">
     <span class='ocr_line' id='line_1_13' title="bbox 29 574 828 618; baseline 0.013 -19"><span class='ocrx_word' id='word_1_64' title='bbox 29 574 186 608; x_wconf 81' lang='grc' dir='ltr'>ἐκκλησία,</span> <span class='ocrx_word' id='word_1_65' title='bbox 216 576 232 611; x_wconf 80' lang='grc' dir='ltr'>ἢ</span> <span class='ocrx_word' id='word_1_66' title='bbox 261 577 417 612; x_wconf 69' lang='grc' dir='ltr'>εὖκτήριον,</span> <span class='ocrx_word' id='word_1_67' title='bbox 441 580 470 606; x_wconf 90' lang='grc' dir='ltr'><strong>ἐν</strong></span> <span class='ocrx_word' id='word_1_68' title='bbox 490 580 608 616; x_wconf 78' lang='grc' dir='ltr'><strong>διαθήκῃ</strong></span> <span class='ocrx_word' id='word_1_69' title='bbox 623 582 639 616; x_wconf 86' lang='grc' dir='ltr'>ἢ</span> <span class='ocrx_word' id='word_1_70' title='bbox 656 582 755 617; x_wconf 80' lang='grc' dir='ltr'><strong>δωρεᾷ,</strong></span> <span class='ocrx_word' id='word_1_71' title='bbox 768 583 784 618; x_wconf 84' lang='grc' dir='ltr'><strong>ἦ</strong></span> <span class='ocrx_word' id='word_1_72' title='bbox 799 584 828 608; x_wconf 77' lang='grc' dir='ltr'><strong>ἐν</strong></span> 
     </span>
    </p>
   </div>
   <div class='ocr_carea' id='block_1_14' title="bbox 27 619 827 663">
    <p class='ocr_par' dir='ltr' id='par_1_14' title="bbox 27 619 827 663">
     <span class='ocr_line' id='line_1_14' title="bbox 27 619 827 663; baseline 0.015 -20"><span class='ocrx_word' id='word_1_73' title='bbox 27 619 186 655; x_wconf 73' lang='grc' dir='ltr'><strong>τελευταίᾳ</strong></span> <span class='ocrx_word' id='word_1_74' title='bbox 202 621 328 656; x_wconf 80' lang='grc' dir='ltr'><strong>βουλήσει</strong></span> <span class='ocrx_word' id='word_1_75' title='bbox 342 623 358 658; x_wconf 81' lang='grc' dir='ltr'>ἢ</span> <span class='ocrx_word' id='word_1_76' title='bbox 373 624 445 660; x_wconf 76' lang='grc' dir='ltr'>ἄλλῳ</span> <span class='ocrx_word' id='word_1_77' title='bbox 460 626 553 661; x_wconf 70' lang='grc' dir='ltr'>τρόπῳ</span> <span class='ocrx_word' id='word_1_78' title='bbox 573 627 729 660; x_wconf 79' lang='grc' dir='ltr'>ἐκποιείτω,</span> <span class='ocrx_word' id='word_1_79' title='bbox 748 628 764 663; x_wconf 88' lang='grc' dir='ltr'>ἢ</span> <span class='ocrx_word' id='word_1_80' title='bbox 786 628 827 655; x_wconf 82' lang='grc' dir='ltr'>δι-</span> 
     </span>
    </p>
   </div>
   <div class='ocr_carea' id='block_1_15' title="bbox 27 664 266 702">
    <p class='ocr_par' dir='ltr' id='par_1_15' title="bbox 27 664 266 702">
     <span class='ocr_line' id='line_1_15' title="bbox 27 664 266 702; baseline 0.021 -12"><span class='ocrx_word' id='word_1_81' title='bbox 27 664 104 691; x_wconf 69' lang='grc' dir='ltr'><strong>δότω</strong></span> <span class='ocrx_word' id='word_1_82' title='bbox 117 666 266 702; x_wconf 73' lang='grc' dir='ltr'>αἱρετικῷ.</span> 
     </span>
    </p>
   </div>
   <div class='ocr_carea' id='block_1_16' title="bbox 66 711 828 756">
    <p class='ocr_par' dir='ltr' id='par_1_16' title="bbox 66 711 828 756">
     <span class='ocr_line' id='line_1_16' title="bbox 66 711 828 756; baseline 0.017 -20"><span class='ocrx_word' id='word_1_83' title='bbox 66 711 133 737; x_wconf 75' lang='grc' dir='ltr'><strong>Βιὸ.</strong></span> <span class='ocrx_word' id='word_1_84' title='bbox 163 711 197 744; x_wconf 93' lang='grc' dir='ltr'>α’,</span> <span class='ocrx_word' id='word_1_85' title='bbox 216 713 269 741; x_wconf 80' lang='grc' dir='ltr'>τίτ,</span> <span class='ocrx_word' id='word_1_86' title='bbox 286 714 319 747; x_wconf 84' lang='grc' dir='ltr'>θ’,</span> <span class='ocrx_word' id='word_1_87' title='bbox 340 716 411 744; x_wconf 85' lang='grc' dir='ltr'>διάτ.</span> <span class='ocrx_word' id='word_1_88' title='bbox 436 717 480 751; x_wconf 86' lang='grc' dir='ltr'>ιβ’,</span> <span class='ocrx_word' id='word_1_89' title='bbox 495 716 529 753; x_wconf 82' lang='grc' dir='ltr'>ἧς</span> <span class='ocrx_word' id='word_1_90' title='bbox 547 720 562 754; x_wconf 84' lang='grc' dir='ltr'>ἡ</span> <span class='ocrx_word' id='word_1_91' title='bbox 587 720 669 756; x_wconf 83' lang='grc' dir='ltr'>ἀρχὴ,</span> <span class='ocrx_word' id='word_1_92' title='bbox 688 721 828 748; x_wconf 75' lang='grc' dir='ltr'>σωίὶεοια-</span> 
     </span>
    </p>
   </div>
   <div class='ocr_carea' id='block_1_17' title="bbox 28 757 828 800">
    <p class='ocr_par' dir='ltr' id='par_1_17' title="bbox 28 757 828 800">
     <span class='ocr_line' id='line_1_17' title="bbox 28 757 828 800; baseline 0.016 -20"><span class='ocrx_word' id='word_1_93' title='bbox 28 763 105 782; x_wconf 70' lang='lat' dir='ltr'><strong>vum.</strong></span> <span class='ocrx_word' id='word_1_94' title='bbox 123 757 156 783; x_wconf 83' lang='grc' dir='ltr'><strong>Οἱ</strong></span> <span class='ocrx_word' id='word_1_95' title='bbox 171 758 248 785; x_wconf 81' lang='grc' dir='ltr'>τόποι</span> <span class='ocrx_word' id='word_1_96' title='bbox 267 761 291 785; x_wconf 73' lang='grc' dir='ltr'>οἱ</span> <span class='ocrx_word' id='word_1_97' title='bbox 312 761 352 792; x_wconf 79' lang='grc' dir='ltr'>εὶς</span> <span class='ocrx_word' id='word_1_98' title='bbox 364 762 413 793; x_wconf 78' lang='grc' dir='ltr'>τὰς</span> <span class='ocrx_word' id='word_1_99' title='bbox 428 763 553 795; x_wconf 77' lang='grc' dir='ltr'><strong>συνόδους</strong></span> <span class='ocrx_word' id='word_1_100' title='bbox 569 765 758 800; x_wconf 70' lang='grc' dir='ltr'>ἀφωρισμένοι</span> <span class='ocrx_word' id='word_1_101' title='bbox 773 767 828 794; x_wconf 87' lang='grc' dir='ltr'><strong>τῶν</strong></span> 
     </span>
    </p>
   </div>
   <div class='ocr_carea' id='block_1_18' title="bbox 30 801 828 846">
    <p class='ocr_par' dir='ltr' id='par_1_18' title="bbox 30 801 828 846">
     <span class='ocr_line' id='line_1_18' title="bbox 30 801 828 846; baseline 0.016 -20"><span class='ocrx_word' id='word_1_102' title='bbox 30 801 176 829; x_wconf 74' lang='grc' dir='ltr'>σεϐόντων</span> <span class='ocrx_word' id='word_1_103' title='bbox 196 803 242 830; x_wconf 75' lang='grc' dir='ltr'><strong>τὸν</strong></span> <span class='ocrx_word' id='word_1_104' title='bbox 262 805 376 840; x_wconf 73' lang='grc' dir='ltr'>οὐρανὸν</span> <span class='ocrx_word' id='word_1_105' title='bbox 396 807 454 838; x_wconf 78' lang='grc' dir='ltr'>ταῖς</span> <span class='ocrx_word' id='word_1_106' title='bbox 475 809 637 844; x_wconf 77' lang='grc' dir='ltr'><strong>ἐκκλησίαις</strong></span> <span class='ocrx_word' id='word_1_107' title='bbox 652 812 828 846; x_wconf 73' lang='grc' dir='ltr'>προσκυροῦ-</span> 
     </span>
    </p>
   </div>
   <div class='ocr_carea' id='block_1_19' title="bbox 30 847 159 875">
    <p class='ocr_par' dir='ltr' id='par_1_19' title="bbox 30 847 159 875">
     <span class='ocr_line' id='line_1_19' title="bbox 30 847 159 875; baseline 0.008 -1"><span class='ocrx_word' id='word_1_108' title='bbox 30 847 159 875; x_wconf 79' lang='grc' dir='ltr'>σθωσαν.</span> 
     </span>
    </p>
   </div>
   <div class='ocr_carea' id='block_1_20' title="bbox 67 881 863 938">
    <p class='ocr_par' dir='ltr' id='par_1_20' title="bbox 67 881 863 938">
     <span class='ocr_line' id='line_1_20' title="bbox 67 881 863 938; baseline 0.016 -20"><span class='ocrx_word' id='word_1_109' title='bbox 67 894 133 920; x_wconf 79' lang='lat' dir='ltr'><strong>Bt6.</strong></span> <span class='ocrx_word' id='word_1_110' title='bbox 153 893 187 926; x_wconf 86' lang='grc' dir='ltr'>α’,</span> <span class='ocrx_word' id='word_1_111' title='bbox 200 895 253 924; x_wconf 85' lang='grc' dir='ltr'><strong>τίτ.</strong></span> <span class='ocrx_word' id='word_1_112' title='bbox 275 896 307 928; x_wconf 84' lang='lat'><strong>0&#39;,</strong></span> <span class='ocrx_word' id='word_1_113' title='bbox 329 897 400 926; x_wconf 77' lang='grc' dir='ltr'><strong>διὰτ.</strong></span> <span class='ocrx_word' id='word_1_114' title='bbox 418 903 464 934; x_wconf 83' lang='grc' dir='ltr'>ιη’,</span> <span class='ocrx_word' id='word_1_115' title='bbox 480 898 514 936; x_wconf 79' lang='grc' dir='ltr'><strong>ἧς</strong></span> <span class='ocrx_word' id='word_1_116' title='bbox 535 902 550 936; x_wconf 84' lang='grc' dir='ltr'>ἠ</span> <span class='ocrx_word' id='word_1_117' title='bbox 575 903 658 938; x_wconf 72' lang='grc' dir='ltr'>ἁρχὴ,</span> <span class='ocrx_word' id='word_1_118' title='bbox 687 902 744 930; x_wconf 82' lang='lat' dir='ltr'><strong>Hac</strong></span> <span class='ocrx_word' id='word_1_119' title='bbox 759 904 824 930; x_wconf 82' lang='lat' dir='ltr'><strong>cali—</strong></span> <span class='ocrx_word' id='word_1_120' title='bbox 838 881 863 911; x_wconf 74' lang='grc' dir='ltr'><strong>Β</strong></span> 
     </span>
    </p>
   </div>
   <div class='ocr_carea' id='block_1_21' title="bbox 29 942 826 986">
    <p class='ocr_par' dir='ltr' id='par_1_21' title="bbox 29 942 826 986">
     <span class='ocr_line' id='line_1_21' title="bbox 29 942 826 986; baseline 0.013 -20"><span class='ocrx_word' id='word_1_121' title='bbox 29 944 108 968; x_wconf 79' lang='lat' dir='ltr'><strong>tura.</strong></span> <span class='ocrx_word' id='word_1_122' title='bbox 131 942 204 969; x_wconf 78' lang='grc' dir='ltr'>Νέου</span> <span class='ocrx_word' id='word_1_123' title='bbox 222 945 480 974; x_wconf 76' lang='grc' dir='ltr'><strong>κατασκευασθεῖσα</strong></span> <span class='ocrx_word' id='word_1_124' title='bbox 497 950 642 984; x_wconf 76' lang='grc' dir='ltr'>συναγωγὴ</span> <span class='ocrx_word' id='word_1_125' title='bbox 659 949 794 977; x_wconf 81' lang='grc' dir='ltr'><strong>Ἰουδαίων</strong></span> <span class='ocrx_word' id='word_1_126' title='bbox 810 952 826 986; x_wconf 81' lang='grc' dir='ltr'>ἢ</span> 
     </span>
    </p>
   </div>
   <div class='ocr_carea' id='block_1_22' title="bbox 29 987 671 1030">
    <p class='ocr_par' dir='ltr' id='par_1_22' title="bbox 29 987 671 1030">
     <span class='ocr_line' id='line_1_22' title="bbox 29 987 671 1030; baseline 0.017 -18"><span class='ocrx_word' id='word_1_127' title='bbox 29 987 219 1021; x_wconf 64' lang='grc' dir='ltr'>Σαμαρειτῶν</span> <span class='ocrx_word' id='word_1_128' title='bbox 234 991 265 1025; x_wconf 81' lang='grc' dir='ltr'><strong>τῇ</strong></span> <span class='ocrx_word' id='word_1_129' title='bbox 284 991 419 1028; x_wconf 75' lang='grc' dir='ltr'><strong>ἐκκλησίᾳ</strong></span> <span class='ocrx_word' id='word_1_130' title='bbox 442 996 671 1030; x_wconf 80' lang='grc' dir='ltr'>προσκυρούσθω.</span> 
     </span>
    </p>
   </div>
   <div class='ocr_carea' id='block_1_23' title="bbox 70 1031 825 1074">
    <p class='ocr_par' dir='ltr' id='par_1_23' title="bbox 70 1031 825 1074">
     <span class='ocr_line' id='line_1_23' title="bbox 70 1031 825 1074; baseline 0.013 -17"><span class='ocrx_word' id='word_1_131' title='bbox 70 1031 134 1058; x_wconf 80' lang='grc' dir='ltr'><strong>Βιὸ.</strong></span> <span class='ocrx_word' id='word_1_132' title='bbox 150 1035 185 1064; x_wconf 89' lang='grc' dir='ltr'><strong>α’,</strong></span> <span class='ocrx_word' id='word_1_133' title='bbox 200 1033 253 1060; x_wconf 79' lang='grc' dir='ltr'><strong>τίτ.</strong></span> <span class='ocrx_word' id='word_1_134' title='bbox 270 1034 316 1066; x_wconf 83' lang='grc' dir='ltr'>ια’,</span> <span class='ocrx_word' id='word_1_135' title='bbox 332 1035 403 1063; x_wconf 87' lang='grc' dir='ltr'>διάτ.</span> <span class='ocrx_word' id='word_1_136' title='bbox 419 1040 450 1069; x_wconf 75' lang='grc' dir='ltr'>ε’,</span> <span class='ocrx_word' id='word_1_137' title='bbox 466 1035 500 1073; x_wconf 86' lang='grc' dir='ltr'>ἦς</span> <span class='ocrx_word' id='word_1_138' title='bbox 513 1039 528 1073; x_wconf 83' lang='grc' dir='ltr'>ἡ</span> <span class='ocrx_word' id='word_1_139' title='bbox 543 1039 625 1074; x_wconf 81' lang='grc' dir='ltr'>ἀρχὴ,</span> <span class='ocrx_word' id='word_1_140' title='bbox 641 1039 737 1066; x_wconf 83' lang='lat' dir='ltr'><strong>Omnia</strong></span> <span class='ocrx_word' id='word_1_141' title='bbox 758 1040 825 1067; x_wconf 82' lang='lat' dir='ltr'><strong>loca.</strong></span> 
     </span>
    </p>
   </div>
   <div class='ocr_carea' id='block_1_24' title="bbox 29 1077 828 1120">
    <p class='ocr_par' dir='ltr' id='par_1_24' title="bbox 29 1077 828 1120">
     <span class='ocr_line' id='line_1_24' title="bbox 29 1077 828 1120; baseline 0.013 -18"><span class='ocrx_word' id='word_1_142' title='bbox 29 1077 62 1103; x_wconf 84' lang='grc' dir='ltr'>Οἱ</span> <span class='ocrx_word' id='word_1_143' title='bbox 79 1078 109 1103; x_wconf 85' lang='grc' dir='ltr'><strong>ἐν</strong></span> <span class='ocrx_word' id='word_1_144' title='bbox 124 1077 290 1115; x_wconf 82' lang='grc' dir='ltr'>Καρθαγένῃ</span> <span class='ocrx_word' id='word_1_145' title='bbox 305 1081 439 1115; x_wconf 69' lang='grc' dir='ltr'>ἱερατικοὶ</span> <span class='ocrx_word' id='word_1_146' title='bbox 450 1084 542 1116; x_wconf 77' lang='grc' dir='ltr'>τόποι,</span> <span class='ocrx_word' id='word_1_147' title='bbox 557 1085 580 1110; x_wconf 79' lang='grc' dir='ltr'>οἱ</span> <span class='ocrx_word' id='word_1_148' title='bbox 594 1085 670 1119; x_wconf 73' lang='grc' dir='ltr'>παρὰ</span> <span class='ocrx_word' id='word_1_149' title='bbox 688 1086 735 1111; x_wconf 83' lang='grc' dir='ltr'><strong>τοῦ</strong></span> <span class='ocrx_word' id='word_1_150' title='bbox 750 1086 828 1120; x_wconf 77' lang='grc' dir='ltr'>βασι-</span> 
     </span>
    </p>
   </div>
   <div class='ocr_carea' id='block_1_25' title="bbox 28 1123 827 1166">
    <p class='ocr_par' dir='ltr' id='par_1_25' title="bbox 28 1123 827 1166">
     <span class='ocr_line' id='line_1_25' title="bbox 28 1123 827 1166; baseline 0.013 -18"><span class='ocrx_word' id='word_1_151' title='bbox 28 1123 104 1154; x_wconf 76' lang='grc' dir='ltr'>λέως</span> <span class='ocrx_word' id='word_1_152' title='bbox 132 1126 193 1156; x_wconf 87' lang='grc' dir='ltr'>ταῖς</span> <span class='ocrx_word' id='word_1_153' title='bbox 221 1126 385 1160; x_wconf 73' lang='grc' dir='ltr'><strong>ἐκκλησίαις</strong></span> <span class='ocrx_word' id='word_1_154' title='bbox 411 1128 598 1164; x_wconf 75' lang='grc' dir='ltr'>δωρηθέντες,</span> <span class='ocrx_word' id='word_1_155' title='bbox 635 1132 827 1166; x_wconf 72' lang='grc' dir='ltr'>ἁναφαιρέτως</span> 
     </span>
    </p>
   </div>
   <div class='ocr_carea' id='block_1_26' title="bbox 31 1169 402 1206">
    <p class='ocr_par' dir='ltr' id='par_1_26' title="bbox 31 1169 402 1206">
     <span class='ocr_line' id='line_1_26' title="bbox 31 1169 402 1206; baseline 0.016 -13"><span class='ocrx_word' id='word_1_156' title='bbox 31 1169 195 1202; x_wconf 71' lang='grc' dir='ltr'><strong>μενέτωσαν</strong></span> <span class='ocrx_word' id='word_1_157' title='bbox 209 1172 272 1206; x_wconf 63' lang='grc' dir='ltr'>παρ’</span> <span class='ocrx_word' id='word_1_158' title='bbox 294 1173 402 1204; x_wconf 79' lang='grc' dir='ltr'>αὑταῖς.</span> 
     </span>
    </p>
   </div>
   <div class='ocr_carea' id='block_1_27' title="bbox 69 1215 827 1258">
    <p class='ocr_par' dir='ltr' id='par_1_27' title="bbox 69 1215 827 1258">
     <span class='ocr_line' id='line_1_27' title="bbox 69 1215 827 1258; baseline 0.015 -18"><span class='ocrx_word' id='word_1_159' title='bbox 69 1215 132 1242; x_wconf 79' lang='grc' dir='ltr'><strong>Βιὸ.</strong></span> <span class='ocrx_word' id='word_1_160' title='bbox 151 1215 187 1248; x_wconf 87' lang='grc' dir='ltr'>α’,</span> <span class='ocrx_word' id='word_1_161' title='bbox 207 1217 261 1243; x_wconf 78' lang='grc' dir='ltr'><strong>τίτ.</strong></span> <span class='ocrx_word' id='word_1_162' title='bbox 286 1217 328 1253; x_wconf 82' lang='grc' dir='ltr'>ιβ’,</span> <span class='ocrx_word' id='word_1_163' title='bbox 341 1219 415 1246; x_wconf 58' lang='lat' dir='ltr'><strong>Bait.</strong></span> <span class='ocrx_word' id='word_1_164' title='bbox 437 1223 468 1253; x_wconf 84' lang='grc' dir='ltr'><strong>ε’,</strong></span> <span class='ocrx_word' id='word_1_165' title='bbox 486 1218 518 1256; x_wconf 75' lang='grc' dir='ltr'>ἦς</span> <span class='ocrx_word' id='word_1_166' title='bbox 534 1221 550 1256; x_wconf 83' lang='grc' dir='ltr'>ὴ</span> <span class='ocrx_word' id='word_1_167' title='bbox 567 1222 649 1258; x_wconf 80' lang='grc' dir='ltr'>ἁρχὴ,</span> <span class='ocrx_word' id='word_1_168' title='bbox 682 1223 827 1252; x_wconf 78' lang='lat' dir='ltr'><strong>Demtmia-</strong></span> 
     </span>
    </p>
   </div>
   <div class='ocr_carea' id='block_1_28' title="bbox 31 1261 825 1306">
    <p class='ocr_par' dir='ltr' id='par_1_28' title="bbox 31 1261 825 1306">
     <span class='ocr_line' id='line_1_28' title="bbox 31 1261 825 1306; baseline 0.014 -20"><span class='ocrx_word' id='word_1_169' title='bbox 31 1261 222 1296; x_wconf 66' lang='grc' dir='ltr'>νινε-Μηδεὶς</span> <span class='ocrx_word' id='word_1_170' title='bbox 242 1265 271 1290; x_wconf 90' lang='grc' dir='ltr'><strong>ἐν</strong></span> <span class='ocrx_word' id='word_1_171' title='bbox 295 1266 356 1296; x_wconf 77' lang='grc' dir='ltr'>ταῖς</span> <span class='ocrx_word' id='word_1_172' title='bbox 373 1265 542 1306; x_wconf 76' lang='grc' dir='ltr'>ἁγιωτάταις</span> <span class='ocrx_word' id='word_1_173' title='bbox 565 1269 735 1303; x_wconf 76' lang='grc' dir='ltr'><strong>ἐκκλησίαις,</strong></span> <span class='ocrx_word' id='word_1_174' title='bbox 761 1271 777 1305; x_wconf 87' lang='grc' dir='ltr'>ἢ</span> <span class='ocrx_word' id='word_1_175' title='bbox 796 1272 825 1298; x_wconf 86' lang='grc' dir='ltr'><strong>ἐν</strong></span> 
     </span>
    </p>
   </div>
   <div class='ocr_carea' id='block_1_29' title="bbox 30 1307 826 1351">
    <p class='ocr_par' dir='ltr' id='par_1_29' title="bbox 30 1307 826 1351">
     <span class='ocr_line' id='line_1_29' title="bbox 30 1307 826 1351; baseline 0.013 -17"><span class='ocrx_word' id='word_1_176' title='bbox 30 1307 128 1339; x_wconf 71' lang='grc' dir='ltr'>ἄλλοις</span> <span class='ocrx_word' id='word_1_177' title='bbox 145 1312 358 1345; x_wconf 81' lang='grc' dir='ltr'>προσκυνητοτς,</span> <span class='ocrx_word' id='word_1_178' title='bbox 372 1312 401 1338; x_wconf 85' lang='grc' dir='ltr'><strong>ἐν</strong></span> <span class='ocrx_word' id='word_1_179' title='bbox 425 1311 466 1344; x_wconf 79' lang='grc' dir='ltr'>οἷς</span> <span class='ocrx_word' id='word_1_180' title='bbox 486 1315 514 1340; x_wconf 83' lang='grc' dir='ltr'><strong>αι</strong></span> <span class='ocrx_word' id='word_1_181' title='bbox 529 1315 608 1350; x_wconf 74' lang='grc' dir='ltr'>εὐχαὶ</span> <span class='ocrx_word' id='word_1_182' title='bbox 625 1317 826 1351; x_wconf 76' lang='grc' dir='ltr'>ἐπιτελοῦνται,</span> 
     </span>
    </p>
   </div>
   <div class='ocr_carea' id='block_1_30' title="bbox 30 1354 825 1399">
    <p class='ocr_par' dir='ltr' id='par_1_30' title="bbox 30 1354 825 1399">
     <span class='ocr_line' id='line_1_30' title="bbox 30 1354 825 1399; baseline 0.015 -20"><span class='ocrx_word' id='word_1_183' title='bbox 30 1354 163 1389; x_wconf 74' lang='grc' dir='ltr'>ἑκϐοήσει</span> <span class='ocrx_word' id='word_1_184' title='bbox 177 1356 333 1392; x_wconf 83' lang='grc' dir='ltr'>κεχρήσθω,</span> <span class='ocrx_word' id='word_1_185' title='bbox 350 1358 365 1394; x_wconf 82' lang='grc' dir='ltr'>ἢ</span> <span class='ocrx_word' id='word_1_186' title='bbox 384 1360 480 1386; x_wconf 78' lang='grc' dir='ltr'>στάσιν</span> <span class='ocrx_word' id='word_1_187' title='bbox 504 1361 626 1394; x_wconf 78' lang='grc' dir='ltr'>κινείτω,</span> <span class='ocrx_word' id='word_1_188' title='bbox 645 1363 765 1399; x_wconf 80' lang='grc' dir='ltr'><strong>ἐσχάτην</strong></span> <span class='ocrx_word' id='word_1_189' title='bbox 781 1364 825 1390; x_wconf 77' lang='grc' dir='ltr'><strong>ἑν-</strong></span> 
     </span>
    </p>
   </div>
   <div class='ocr_carea' id='block_1_31' title="bbox 29 1400 488 1439">
    <p class='ocr_par' dir='ltr' id='par_1_31' title="bbox 29 1400 488 1439">
     <span class='ocr_line' id='line_1_31' title="bbox 29 1400 488 1439; baseline 0.017 -13"><span class='ocrx_word' id='word_1_190' title='bbox 29 1400 130 1427; x_wconf 76' lang='grc' dir='ltr'>τεῦθεν</span> <span class='ocrx_word' id='word_1_191' title='bbox 145 1401 324 1437; x_wconf 72' lang='grc' dir='ltr'>ὐίρορώμενος</span> <span class='ocrx_word' id='word_1_192' title='bbox 339 1405 488 1439; x_wconf 72' lang='grc' dir='ltr'>τιμωρίαν.</span> 
     </span>
    </p>
   </div>
   <div class='ocr_carea' id='block_1_32' title="bbox 70 1445 823 1490">
    <p class='ocr_par' dir='ltr' id='par_1_32' title="bbox 70 1445 823 1490">
     <span class='ocr_line' id='line_1_32' title="bbox 70 1445 823 1490; baseline 0.016 -19"><span class='ocrx_word' id='word_1_193' title='bbox 70 1445 130 1472; x_wconf 82' lang='grc' dir='ltr'><strong>Βιὸ.</strong></span> <span class='ocrx_word' id='word_1_194' title='bbox 145 1445 180 1478; x_wconf 82' lang='grc' dir='ltr'>α’,</span> <span class='ocrx_word' id='word_1_195' title='bbox 194 1447 246 1474; x_wconf 81' lang='grc' dir='ltr'><strong>τίτ.</strong></span> <span class='ocrx_word' id='word_1_196' title='bbox 263 1452 307 1482; x_wconf 88' lang='grc' dir='ltr'>ιγ’,</span> <span class='ocrx_word' id='word_1_197' title='bbox 320 1450 390 1478; x_wconf 84' lang='grc' dir='ltr'>διάτ.</span> <span class='ocrx_word' id='word_1_198' title='bbox 414 1452 445 1485; x_wconf 89' lang='grc' dir='ltr'><strong>δ’,</strong></span> <span class='ocrx_word' id='word_1_199' title='bbox 460 1450 521 1489; x_wconf 80' lang='grc' dir='ltr'><strong>ἦςὴ</strong></span> <span class='ocrx_word' id='word_1_200' title='bbox 539 1455 620 1490; x_wconf 83' lang='grc' dir='ltr'>ἀρχὴ,</span> <span class='ocrx_word' id='word_1_201' title='bbox 646 1455 823 1484; x_wconf 69' lang='lat' dir='ltr'><strong>Iamdudum.</strong></span> 
     </span>
    </p>
   </div>
   <div class='ocr_carea' id='block_1_33' title="bbox 36 1491 824 1536">
    <p class='ocr_par' dir='ltr' id='par_1_33' title="bbox 36 1491 824 1536">
     <span class='ocr_line' id='line_1_33' title="bbox 36 1491 824 1536; baseline 0.016 -20"><span class='ocrx_word' id='word_1_202' title='bbox 36 1491 68 1517; x_wconf 90' lang='lat'><strong>&#39;0</strong></span> <span class='ocrx_word' id='word_1_203' title='bbox 84 1492 113 1517; x_wconf 88' lang='grc' dir='ltr'><strong>ἐν</strong></span> <span class='ocrx_word' id='word_1_204' title='bbox 125 1492 260 1528; x_wconf 78' lang='grc' dir='ltr'><strong>ἐκκλησίᾳ</strong></span> <span class='ocrx_word' id='word_1_205' title='bbox 278 1494 471 1531; x_wconf 76' lang='grc' dir='ltr'><strong>ἐλευθερωθεὶς</strong></span> <span class='ocrx_word' id='word_1_206' title='bbox 484 1499 530 1525; x_wconf 81' lang='grc' dir='ltr'>ἐπὶ</span> <span class='ocrx_word' id='word_1_207' title='bbox 542 1499 588 1526; x_wconf 79' lang='grc' dir='ltr'><strong>τοῦ</strong></span> <span class='ocrx_word' id='word_1_208' title='bbox 600 1500 686 1536; x_wconf 82' lang='grc' dir='ltr'>δήμου</span> <span class='ocrx_word' id='word_1_209' title='bbox 703 1502 750 1528; x_wconf 70' lang='grc' dir='ltr'>καὶ</span> <span class='ocrx_word' id='word_1_210' title='bbox 762 1502 824 1528; x_wconf 79' lang='grc' dir='ltr'>ἐπι-</span> 
     </span>
    </p>
   </div>
   <div class='ocr_carea' id='block_1_34' title="bbox 32 1536 633 1582">
    <p class='ocr_par' dir='ltr' id='par_1_34' title="bbox 32 1536 633 1582">
     <span class='ocr_line' id='line_1_34' title="bbox 32 1536 633 1582; baseline 0.018 -19"><span class='ocrx_word' id='word_1_211' title='bbox 32 1536 138 1564; x_wconf 82' lang='grc' dir='ltr'>σκόπου</span> <span class='ocrx_word' id='word_1_212' title='bbox 157 1538 269 1573; x_wconf 76' lang='grc' dir='ltr'>βεϐαίαν</span> <span class='ocrx_word' id='word_1_213' title='bbox 285 1542 383 1569; x_wconf 79' lang='grc' dir='ltr'>κτᾶται</span> <span class='ocrx_word' id='word_1_214' title='bbox 398 1543 446 1578; x_wconf 82' lang='grc' dir='ltr'><strong>τὴν</strong></span> <span class='ocrx_word' id='word_1_215' title='bbox 464 1544 633 1582; x_wconf 79' lang='grc' dir='ltr'>ἐλευθερίαν.</span> 
     </span>
    </p>
   </div>
   <div class='ocr_carea' id='block_1_35' title="bbox 66 1629 825 1674">
    <p class='ocr_par' dir='ltr' id='par_1_35' title="bbox 66 1629 825 1674">
     <span class='ocr_line' id='line_1_35' title="bbox 66 1629 825 1674; baseline 0.016 -20"><span class='ocrx_word' id='word_1_216' title='bbox 66 1629 128 1657; x_wconf 78' lang='grc' dir='ltr'><strong>Βιε.</strong></span> <span class='ocrx_word' id='word_1_217' title='bbox 145 1633 180 1663; x_wconf 89' lang='grc' dir='ltr'>α’,</span> <span class='ocrx_word' id='word_1_218' title='bbox 193 1630 246 1658; x_wconf 82' lang='grc' dir='ltr'><strong>τίτ.</strong></span> <span class='ocrx_word' id='word_1_219' title='bbox 265 1635 311 1665; x_wconf 77' lang='grc' dir='ltr'>ιγ’,</span> <span class='ocrx_word' id='word_1_220' title='bbox 327 1632 446 1668; x_wconf 84' lang='grc' dir='ltr'>διάτ..β’,</span> <span class='ocrx_word' id='word_1_221' title='bbox 461 1633 496 1671; x_wconf 82' lang='grc' dir='ltr'>ἦς</span> <span class='ocrx_word' id='word_1_222' title='bbox 510 1637 527 1670; x_wconf 88' lang='grc' dir='ltr'>ἠ</span> <span class='ocrx_word' id='word_1_223' title='bbox 541 1636 624 1671; x_wconf 77' lang='grc' dir='ltr'>ἀρχὴ,</span> <span class='ocrx_word' id='word_1_224' title='bbox 654 1637 706 1670; x_wconf 85' lang='lat' dir='ltr'><strong>Qui</strong></span> <span class='ocrx_word' id='word_1_225' title='bbox 719 1638 825 1674; x_wconf 75' lang='lat' dir='ltr'><strong>religio-</strong></span> 
     </span>
    </p>
   </div>
   <div class='ocr_carea' id='block_1_36' title="bbox 29 1676 823 1717">
    <p class='ocr_par' dir='ltr' id='par_1_36' title="bbox 29 1676 823 1717">
     <span class='ocr_line' id='line_1_36' title="bbox 29 1676 823 1717; baseline 0.01 -14"><span class='ocrx_word' id='word_1_226' title='bbox 29 1685 72 1704; x_wconf 75' lang='grc' dir='ltr'><strong>ια.</strong></span> <span class='ocrx_word' id='word_1_227' title='bbox 88 1676 174 1703; x_wconf 81' lang='grc' dir='ltr'>Ὅταν</span> <span class='ocrx_word' id='word_1_228' title='bbox 192 1678 220 1703; x_wconf 83' lang='grc' dir='ltr'><strong>ἐν</strong></span> <span class='ocrx_word' id='word_1_229' title='bbox 233 1678 366 1714; x_wconf 76' lang='grc' dir='ltr'><strong>ἐκκλησίᾳ</strong></span> <span class='ocrx_word' id='word_1_230' title='bbox 380 1689 433 1712; x_wconf 87' lang='grc' dir='ltr'>τις,</span> <span class='ocrx_word' id='word_1_231' title='bbox 457 1682 591 1716; x_wconf 78' lang='grc' dir='ltr'>παρόντος</span> <span class='ocrx_word' id='word_1_232' title='bbox 605 1683 652 1710; x_wconf 81' lang='grc' dir='ltr'><strong>τοῦ</strong></span> <span class='ocrx_word' id='word_1_233' title='bbox 662 1684 823 1717; x_wconf 73' lang='grc' dir='ltr'>ἐπισκόπου,</span> 
     </span>
    </p>
   </div>
   <div class='ocr_carea' id='block_1_37' title="bbox 29 1722 824 1764">
    <p class='ocr_par' dir='ltr' id='par_1_37' title="bbox 29 1722 824 1764">
     <span class='ocr_line' id='line_1_37' title="bbox 29 1722 824 1764; baseline 0.013 -17"><span class='ocrx_word' id='word_1_234' title='bbox 29 1722 214 1758; x_wconf 76' lang='grc' dir='ltr'>ἐλευθερωθῇ,</span> <span class='ocrx_word' id='word_1_235' title='bbox 234 1724 305 1751; x_wconf 77' lang='grc' dir='ltr'><strong>οὕτω</strong></span> <span class='ocrx_word' id='word_1_236' title='bbox 330 1726 451 1759; x_wconf 81' lang='grc' dir='ltr'>γενέσθω</span> <span class='ocrx_word' id='word_1_237' title='bbox 476 1728 637 1764; x_wconf 77' lang='grc' dir='ltr'>ἐλεύθερος,</span> <span class='ocrx_word' id='word_1_238' title='bbox 660 1730 698 1762; x_wconf 85' lang='grc' dir='ltr'>ὡς</span> <span class='ocrx_word' id='word_1_239' title='bbox 713 1730 824 1757; x_wconf 79' lang='grc' dir='ltr'>πάντων</span> 
     </span>
    </p>
   </div>
   <div class='ocr_carea' id='block_1_38' title="bbox 29 1768 750 1809">
    <p class='ocr_par' dir='ltr' id='par_1_38' title="bbox 29 1768 750 1809">
     <span class='ocr_line' id='line_1_38' title="bbox 29 1768 750 1809; baseline 0.011 -15"><span class='ocrx_word' id='word_1_240' title='bbox 29 1768 87 1794; x_wconf 78' lang='grc' dir='ltr'>τῶν</span> <span class='ocrx_word' id='word_1_241' title='bbox 98 1770 302 1804; x_wconf 82' lang='grc' dir='ltr'>νενομισμένων</span> <span class='ocrx_word' id='word_1_242' title='bbox 314 1771 361 1797; x_wconf 76' lang='grc' dir='ltr'><strong>ἐπὶ</strong></span> <span class='ocrx_word' id='word_1_243' title='bbox 374 1773 406 1806; x_wconf 87' lang='grc' dir='ltr'><strong>τῇ</strong></span> <span class='ocrx_word' id='word_1_244' title='bbox 423 1772 567 1808; x_wconf 75' lang='grc' dir='ltr'>ἐλευθερία</span> <span class='ocrx_word' id='word_1_245' title='bbox 583 1776 750 1809; x_wconf 75' lang='grc' dir='ltr'>γενομένων.</span> 
     </span>
    </p>
   </div>
   <div class='ocr_carea' id='block_1_39' title="bbox 68 1813 824 1856">
    <p class='ocr_par' dir='ltr' id='par_1_39' title="bbox 68 1813 824 1856">
     <span class='ocr_line' id='line_1_39' title="bbox 68 1813 824 1856; baseline 0.011 -16"><span class='ocrx_word' id='word_1_246' title='bbox 68 1814 128 1842; x_wconf 73' lang='grc' dir='ltr'><strong>Βιὸ.</strong></span> <span class='ocrx_word' id='word_1_247' title='bbox 141 1813 176 1848; x_wconf 82' lang='grc' dir='ltr'>γ’,</span> <span class='ocrx_word' id='word_1_248' title='bbox 193 1815 246 1842; x_wconf 81' lang='grc' dir='ltr'><strong>τίτ.</strong></span> <span class='ocrx_word' id='word_1_249' title='bbox 272 1816 317 1850; x_wconf 84' lang='grc' dir='ltr'>ιβ’,</span> <span class='ocrx_word' id='word_1_250' title='bbox 342 1817 413 1844; x_wconf 77' lang='grc' dir='ltr'>διάτ.</span> <span class='ocrx_word' id='word_1_251' title='bbox 439 1817 472 1852; x_wconf 85' lang='grc' dir='ltr'><strong>β’,</strong></span> <span class='ocrx_word' id='word_1_252' title='bbox 489 1816 520 1855; x_wconf 83' lang='grc' dir='ltr'>ἧς</span> <span class='ocrx_word' id='word_1_253' title='bbox 532 1820 548 1853; x_wconf 87' lang='grc' dir='ltr'>ὴ</span> <span class='ocrx_word' id='word_1_254' title='bbox 563 1820 646 1856; x_wconf 80' lang='grc' dir='ltr'>ἀρχὴ,</span> <span class='ocrx_word' id='word_1_255' title='bbox 664 1820 772 1848; x_wconf 79' lang='lat' dir='ltr'><strong>Omnes.</strong></span> <span class='ocrx_word' id='word_1_256' title='bbox 792 1821 824 1847; x_wconf 77' lang='grc' dir='ltr'><strong>Οἱ</strong></span> 
     </span>
    </p>
   </div>
   <div class='ocr_carea' id='block_1_40' title="bbox 30 1859 823 1901">
    <p class='ocr_par' dir='ltr' id='par_1_40' title="bbox 30 1859 823 1901">
     <span class='ocr_line' id='line_1_40' title="bbox 30 1859 823 1901; baseline 0.011 -18"><span class='ocrx_word' id='word_1_257' title='bbox 30 1859 168 1891; x_wconf 77' lang='grc' dir='ltr'>δικασταὶ,</span> <span class='ocrx_word' id='word_1_258' title='bbox 186 1859 233 1885; x_wconf 83' lang='grc' dir='ltr'>καὶ</span> <span class='ocrx_word' id='word_1_259' title='bbox 245 1860 275 1886; x_wconf 70' lang='grc' dir='ltr'><strong>τὸ</strong></span> <span class='ocrx_word' id='word_1_260' title='bbox 289 1861 343 1887; x_wconf 84' lang='grc' dir='ltr'><strong>τῶν</strong></span> <span class='ocrx_word' id='word_1_261' title='bbox 355 1862 459 1888; x_wconf 71' lang='grc' dir='ltr'>πόλεων</span> <span class='ocrx_word' id='word_1_262' title='bbox 475 1863 589 1898; x_wconf 83' lang='grc' dir='ltr'>πλῆθος,</span> <span class='ocrx_word' id='word_1_263' title='bbox 615 1865 662 1891; x_wconf 76' lang='grc' dir='ltr'><strong>καὶ</strong></span> <span class='ocrx_word' id='word_1_264' title='bbox 675 1865 709 1891; x_wconf 72' lang='grc' dir='ltr'><strong>τὰ</strong></span> <span class='ocrx_word' id='word_1_265' title='bbox 724 1867 823 1901; x_wconf 83' lang='grc' dir='ltr'>συστή-</span> 
     </span>
    </p>
   </div>
   <div class='ocr_carea' id='block_1_41' title="bbox 34 1905 823 1946">
    <p class='ocr_par' dir='ltr' id='par_1_41' title="bbox 34 1905 823 1946">
     <span class='ocr_line' id='line_1_41' title="bbox 34 1905 823 1946; baseline 0.013 -17"><span class='ocrx_word' id='word_1_266' title='bbox 34 1912 108 1938; x_wconf 78' lang='grc' dir='ltr'>ματα</span> <span class='ocrx_word' id='word_1_267' title='bbox 134 1905 190 1930; x_wconf 84' lang='grc' dir='ltr'><strong>τῶν</strong></span> <span class='ocrx_word' id='word_1_268' title='bbox 209 1906 323 1940; x_wconf 77' lang='grc' dir='ltr'>τεχνῶν,</span> <span class='ocrx_word' id='word_1_269' title='bbox 345 1908 435 1934; x_wconf 80' lang='grc' dir='ltr'>πᾶσαν</span> <span class='ocrx_word' id='word_1_270' title='bbox 456 1908 506 1942; x_wconf 86' lang='grc' dir='ltr'><strong>τὴν</strong></span> <span class='ocrx_word' id='word_1_271' title='bbox 524 1910 667 1945; x_wconf 81' lang='grc' dir='ltr'>Κυριακὴν</span> <span class='ocrx_word' id='word_1_272' title='bbox 687 1912 823 1946; x_wconf 74' lang='grc' dir='ltr'><strong>ἀργείτω·</strong></span> 
     </span>
    </p>
   </div>
   <div class='ocr_carea' id='block_1_42' title="bbox 33 1953 823 1993">
    <p class='ocr_par' dir='ltr' id='par_1_42' title="bbox 33 1953 823 1993">
     <span class='ocr_line' id='line_1_42' title="bbox 33 1953 823 1993; baseline 0.011 -17"><span class='ocrx_word' id='word_1_273' title='bbox 33 1959 103 1977; x_wconf 85' lang='grc' dir='ltr'>σαν·</span> <span class='ocrx_word' id='word_1_274' title='bbox 132 1953 265 1986; x_wconf 80' lang='grc' dir='ltr'>γεωργοῖς</span> <span class='ocrx_word' id='word_1_275' title='bbox 292 1953 320 1979; x_wconf 85' lang='grc' dir='ltr'>δὲ</span> <span class='ocrx_word' id='word_1_276' title='bbox 336 1954 438 1986; x_wconf 79' lang='grc' dir='ltr'><strong>ἐξέστω</strong></span> <span class='ocrx_word' id='word_1_277' title='bbox 465 1957 525 1988; x_wconf 81' lang='grc' dir='ltr'>ταῖς</span> <span class='ocrx_word' id='word_1_278' title='bbox 549 1957 665 1989; x_wconf 76' lang='grc' dir='ltr'>οἰκείαις</span> <span class='ocrx_word' id='word_1_279' title='bbox 680 1958 823 1993; x_wconf 75' lang='grc' dir='ltr'>ἐργασίαις</span> 
     </span>
    </p>
   </div>
   <div class='ocr_carea' id='block_1_43' title="bbox 33 2000 263 2033">
    <p class='ocr_par' dir='ltr' id='par_1_43' title="bbox 33 2000 263 2033">
     <span class='ocr_line' id='line_1_43' title="bbox 33 2000 263 2033; baseline 0.009 -10"><span class='ocrx_word' id='word_1_280' title='bbox 33 2000 263 2033; x_wconf 82' lang='grc' dir='ltr'>προσκαρτερεῖν.</span> 
     </span>
    </p>
   </div>
   <div class='ocr_carea' id='block_1_44' title="bbox 69 2043 821 2084">
    <p class='ocr_par' dir='ltr' id='par_1_44' title="bbox 69 2043 821 2084">
     <span class='ocr_line' id='line_1_44' title="bbox 69 2043 821 2084; baseline 0.012 -16"><span class='ocrx_word' id='word_1_281' title='bbox 69 2043 128 2069; x_wconf 80' lang='grc' dir='ltr'><strong>Βιό.</strong></span> <span class='ocrx_word' id='word_1_282' title='bbox 146 2047 181 2076; x_wconf 80' lang='grc' dir='ltr'><strong>γ’,</strong></span> <span class='ocrx_word' id='word_1_283' title='bbox 209 2044 261 2071; x_wconf 78' lang='grc' dir='ltr'><strong>τιτ.</strong></span> <span class='ocrx_word' id='word_1_284' title='bbox 279 2045 322 2080; x_wconf 81' lang='grc' dir='ltr'>ιβ’,</span> <span class='ocrx_word' id='word_1_285' title='bbox 351 2046 421 2074; x_wconf 80' lang='grc' dir='ltr'>διάτ.</span> <span class='ocrx_word' id='word_1_286' title='bbox 448 2047 481 2081; x_wconf 87' lang='grc' dir='ltr'><strong>β’,</strong></span> <span class='ocrx_word' id='word_1_287' title='bbox 505 2045 539 2083; x_wconf 78' lang='grc' dir='ltr'>ἧς</span> <span class='ocrx_word' id='word_1_288' title='bbox 562 2050 578 2084; x_wconf 87' lang='grc' dir='ltr'>ἡ</span> <span class='ocrx_word' id='word_1_289' title='bbox 600 2049 681 2083; x_wconf 78' lang='grc' dir='ltr'>ἀρχὴ,</span> <span class='ocrx_word' id='word_1_290' title='bbox 700 2049 821 2082; x_wconf 80' lang='lat' dir='ltr'><strong>Quadra-</strong></span> 
     </span>
    </p>
   </div>
   <div class='ocr_carea' id='block_1_45' title="bbox 34 2090 823 2132">
    <p class='ocr_par' dir='ltr' id='par_1_45' title="bbox 34 2090 823 2132">
     <span class='ocr_line' id='line_1_45' title="bbox 34 2090 823 2132; baseline 0.011 -17"><span class='ocrx_word' id='word_1_291' title='bbox 34 2091 118 2123; x_wconf 77' lang='lat' dir='ltr'><strong>ginta.</strong></span> <span class='ocrx_word' id='word_1_292' title='bbox 141 2090 186 2116; x_wconf 81' lang='grc' dir='ltr'>Ἐν</span> <span class='ocrx_word' id='word_1_293' title='bbox 209 2093 240 2126; x_wconf 80' lang='grc' dir='ltr'><strong>τῇ</strong></span> <span class='ocrx_word' id='word_1_294' title='bbox 256 2095 462 2128; x_wconf 73' lang='grc' dir='ltr'>τεσσαρακοστῇ</span> <span class='ocrx_word' id='word_1_295' title='bbox 480 2094 534 2120; x_wconf 78' lang='grc' dir='ltr'><strong>τῶν</strong></span> <span class='ocrx_word' id='word_1_296' title='bbox 550 2096 683 2129; x_wconf 74' lang='grc' dir='ltr'>νηστειῶν</span> <span class='ocrx_word' id='word_1_297' title='bbox 700 2097 823 2132; x_wconf 75' lang='grc' dir='ltr'>μηδεμία</span> 
     </span>
    </p>
   </div>
   <div class='ocr_carea' id='block_1_46' title="bbox 32 2135 579 2173">
    <p class='ocr_par' dir='ltr' id='par_1_46' title="bbox 32 2135 579 2173">
     <span class='ocr_line' id='line_1_46' title="bbox 32 2135 579 2173; baseline 0.011 -11"><span class='ocrx_word' id='word_1_298' title='bbox 32 2135 179 2168; x_wconf 77' lang='grc' dir='ltr'>διάγνωσις</span> <span class='ocrx_word' id='word_1_299' title='bbox 194 2137 377 2171; x_wconf 80' lang='grc' dir='ltr'>ἐγκλημάτων</span> <span class='ocrx_word' id='word_1_300' title='bbox 395 2140 579 2173; x_wconf 76' lang='grc' dir='ltr'>προϐαινέτω,</span> 
     </span>
    </p>
   </div>
   <div class='ocr_carea' id='block_1_47' title="bbox 69 2179 820 2222">
    <p class='ocr_par' dir='ltr' id='par_1_47' title="bbox 69 2179 820 2222">
     <span class='ocr_line' id='line_1_47' title="bbox 69 2179 820 2222; baseline 0.012 -15"><span class='ocrx_word' id='word_1_301' title='bbox 69 2181 127 2208; x_wconf 79' lang='grc' dir='ltr'><strong>Βιϐ.</strong></span> <span class='ocrx_word' id='word_1_302' title='bbox 144 2179 178 2215; x_wconf 89' lang='grc' dir='ltr'>γ’,</span> <span class='ocrx_word' id='word_1_303' title='bbox 194 2182 248 2209; x_wconf 80' lang='grc' dir='ltr'><strong>τίτ.</strong></span> <span class='ocrx_word' id='word_1_304' title='bbox 263 2182 309 2218; x_wconf 80' lang='grc' dir='ltr'>ιβ’,</span> <span class='ocrx_word' id='word_1_305' title='bbox 339 2184 408 2211; x_wconf 85' lang='grc' dir='ltr'>διάτ.</span> <span class='ocrx_word' id='word_1_306' title='bbox 436 2187 473 2216; x_wconf 89' lang='grc' dir='ltr'><strong>ς’,</strong></span> <span class='ocrx_word' id='word_1_307' title='bbox 496 2183 529 2221; x_wconf 80' lang='grc' dir='ltr'>ἧς</span> <span class='ocrx_word' id='word_1_308' title='bbox 550 2186 566 2220; x_wconf 85' lang='grc' dir='ltr'>ἡ</span> <span class='ocrx_word' id='word_1_309' title='bbox 600 2188 683 2222; x_wconf 83' lang='grc' dir='ltr'>ἁρχὴ,</span> <span class='ocrx_word' id='word_1_310' title='bbox 712 2188 820 2216; x_wconf 82' lang='lat' dir='ltr'><strong>Omnes.</strong></span> 
     </span>
    </p>
   </div>
   <div class='ocr_carea' id='block_1_48' title="bbox 882 270 936 293">
    <p class='ocr_par' dir='ltr' id='par_1_48' title="bbox 882 270 936 293">
     <span class='ocr_line' id='line_1_48' title="bbox 882 270 936 293; baseline 0.037 -2"><span class='ocrx_word' id='word_1_311' title='bbox 882 270 936 293; x_wconf 89' lang='lat' dir='ltr'><strong>tur.</strong></span> 
     </span>
    </p>
   </div>
   <div class='ocr_carea' id='block_1_49' title="bbox 916 309 1669 345">
    <p class='ocr_par' dir='ltr' id='par_1_49' title="bbox 916 309 1669 345">
     <span class='ocr_line' id='line_1_49' title="bbox 916 309 1669 345; baseline -0.005 -7"><span class='ocrx_word' id='word_1_312' title='bbox 916 311 974 338; x_wconf 89' lang='lat' dir='ltr'><strong>Lib.</strong></span> <span class='ocrx_word' id='word_1_313' title='bbox 989 319 1007 344; x_wconf 84' lang='grc' dir='ltr'><strong>ι,</strong></span> <span class='ocrx_word' id='word_1_314' title='bbox 1024 312 1064 339; x_wconf 85' lang='grc' dir='ltr'>ιῑι.</span> <span class='ocrx_word' id='word_1_315' title='bbox 1079 312 1106 344; x_wconf 81' lang='lat'><strong>5,</strong></span> <span class='ocrx_word' id='word_1_316' title='bbox 1120 313 1230 339; x_wconf 88' lang='lat' dir='ltr'><strong>constit.</strong></span> <span class='ocrx_word' id='word_1_317' title='bbox 1242 312 1269 343; x_wconf 83' lang='lat'><strong>8,</strong></span> <span class='ocrx_word' id='word_1_318' title='bbox 1281 311 1359 345; x_wconf 76' lang='lat' dir='ltr'><strong>cujus</strong></span> <span class='ocrx_word' id='word_1_319' title='bbox 1373 310 1491 342; x_wconf 87' lang='lat' dir='ltr'><strong>initium,</strong></span> <span class='ocrx_word' id='word_1_320' title='bbox 1504 309 1669 343; x_wconf 79' lang='lat' dir='ltr'><strong>Quicunque.</strong></span> 
     </span>
    </p>
   </div>
   <div class='ocr_carea' id='block_1_50' title="bbox 881 355 1671 392">
    <p class='ocr_par' dir='ltr' id='par_1_50' title="bbox 881 355 1671 392">
     <span class='ocr_line' id='line_1_50' title="bbox 881 355 1671 392; baseline 0 -10"><span class='ocrx_word' id='word_1_321' title='bbox 881 356 1145 392; x_wconf 77' lang='lat' dir='ltr'><strong>Eulycliiauistarum</strong></span> <span class='ocrx_word' id='word_1_322' title='bbox 1157 358 1213 385; x_wconf 87' lang='lat' dir='ltr'><strong>sive</strong></span> <span class='ocrx_word' id='word_1_323' title='bbox 1224 357 1477 391; x_wconf 85' lang='lat' dir='ltr'><strong>Apollinaristarum</strong></span> <span class='ocrx_word' id='word_1_324' title='bbox 1506 355 1671 383; x_wconf 83' lang='lat' dir='ltr'><strong>monasteria</strong></span> 
     </span>
    </p>
   </div>
   <div class='ocr_carea' id='block_1_51' title="bbox 880 402 1347 429">
    <p class='ocr_par' dir='ltr' id='par_1_51' title="bbox 880 402 1347 429">
     <span class='ocr_line' id='line_1_51' title="bbox 880 402 1347 429; baseline 0 -1"><span class='ocrx_word' id='word_1_325' title='bbox 880 402 1002 429; x_wconf 78' lang='lat' dir='ltr'><strong>ecclesiae</strong></span> <span class='ocrx_word' id='word_1_326' title='bbox 1022 402 1159 429; x_wconf 89' lang='lat' dir='ltr'><strong>territorio</strong></span> <span class='ocrx_word' id='word_1_327' title='bbox 1175 402 1347 429; x_wconf 84' lang='lat' dir='ltr'><strong>addicentur.</strong></span> 
     </span>
    </p>
   </div>
   <div class='ocr_carea' id='block_1_52' title="bbox 917 491 1670 525">
    <p class='ocr_par' dir='ltr' id='par_1_52' title="bbox 917 491 1670 525">
     <span class='ocr_line' id='line_1_52' title="bbox 917 491 1670 525; baseline 0.001 -8"><span class='ocrx_word' id='word_1_328' title='bbox 917 491 976 518; x_wconf 87' lang='lat' dir='ltr'><strong>Lib.</strong></span> <span class='ocrx_word' id='word_1_329' title='bbox 994 499 1012 523; x_wconf 89' lang='grc' dir='ltr'><strong>ι,</strong></span> <span class='ocrx_word' id='word_1_330' title='bbox 1029 491 1070 518; x_wconf 80' lang='grc' dir='ltr'>ιιι.</span> <span class='ocrx_word' id='word_1_331' title='bbox 1089 492 1116 523; x_wconf 81' lang='lat'><strong>5,</strong></span> <span class='ocrx_word' id='word_1_332' title='bbox 1147 496 1237 519; x_wconf 90' lang='lat' dir='ltr'><strong>const.</strong></span> <span class='ocrx_word' id='word_1_333' title='bbox 1256 492 1299 523; x_wconf 90' lang='lat'><strong>10,</strong></span> <span class='ocrx_word' id='word_1_334' title='bbox 1321 491 1397 524; x_wconf 80' lang='lat' dir='ltr'><strong><em>cujus</em></strong></span> <span class='ocrx_word' id='word_1_335' title='bbox 1419 491 1524 518; x_wconf 92' lang='lat' dir='ltr'><strong>initium</strong></span> <span class='ocrx_word' id='word_1_336' title='bbox 1550 491 1580 518; x_wconf 70' lang='lat' dir='ltr'><strong>Si</strong></span> <span class='ocrx_word' id='word_1_337' title='bbox 1600 492 1670 525; x_wconf 77' lang='lat' dir='ltr'><strong>quis.</strong></span> 
     </span>
    </p>
   </div>
   <div class='ocr_carea' id='block_1_53' title="bbox 879 535 1670 572">
    <p class='ocr_par' dir='ltr' id='par_1_53' title="bbox 879 535 1670 572">
     <span class='ocr_line' id='line_1_53' title="bbox 879 535 1670 572; baseline 0.001 -9"><span class='ocrx_word' id='word_1_338' title='bbox 879 535 963 564; x_wconf 85' lang='lat' dir='ltr'><strong>Nemo</strong></span> <span class='ocrx_word' id='word_1_339' title='bbox 981 538 1110 572; x_wconf 70' lang='lat' dir='ltr'><strong>praulium</strong></span> <span class='ocrx_word' id='word_1_340' title='bbox 1135 538 1349 565; x_wconf 86' lang='lat' dir='ltr'><strong>orthodoxorum</strong></span> <span class='ocrx_word' id='word_1_341' title='bbox 1366 538 1392 565; x_wconf 90' lang='lat' dir='ltr'><strong>iu</strong></span> <span class='ocrx_word' id='word_1_342' title='bbox 1409 546 1464 572; x_wconf 87' lang='lat' dir='ltr'><strong>quo</strong></span> <span class='ocrx_word' id='word_1_343' title='bbox 1481 542 1523 564; x_wconf 83' lang='lat' dir='ltr'><strong>est</strong></span> <span class='ocrx_word' id='word_1_344' title='bbox 1538 538 1670 564; x_wconf 86' lang='lat' dir='ltr'><strong>orthodo-</strong></span> 
     </span>
    </p>
   </div>
   <div class='ocr_carea' id='block_1_54' title="bbox 879 583 1670 620">
    <p class='ocr_par' dir='ltr' id='par_1_54' title="bbox 879 583 1670 620">
     <span class='ocr_line' id='line_1_54' title="bbox 879 583 1670 620; baseline 0.003 -12"><span class='ocrx_word' id='word_1_345' title='bbox 879 589 976 620; x_wconf 51' lang='lat' dir='ltr'><strong>gorum</strong></span> <span class='ocrx_word' id='word_1_346' title='bbox 991 583 1117 613; x_wconf 75' lang='lat' dir='ltr'><strong>ecclesia.</strong></span> <span class='ocrx_word' id='word_1_347' title='bbox 1140 584 1181 610; x_wconf 91' lang='lat' dir='ltr'><strong>vel</strong></span> <span class='ocrx_word' id='word_1_348' title='bbox 1204 584 1365 614; x_wconf 82' lang='lat' dir='ltr'><strong>oratorium,</strong></span> <span class='ocrx_word' id='word_1_349' title='bbox 1383 583 1409 609; x_wconf 88' lang='lat' dir='ltr'><strong>in</strong></span> <span class='ocrx_word' id='word_1_350' title='bbox 1425 587 1597 614; x_wconf 78' lang='lat' dir='ltr'><strong>testamento,</strong></span> <span class='ocrx_word' id='word_1_351' title='bbox 1629 583 1670 610; x_wconf 85' lang='lat' dir='ltr'><strong>vel</strong></span> 
     </span>
    </p>
   </div>
   <div class='ocr_carea' id='block_1_55' title="bbox 879 621 1672 661">
    <p class='ocr_par' dir='ltr' id='par_1_55' title="bbox 879 621 1672 661">
     <span class='ocr_line' id='line_1_55' title="bbox 879 621 1672 661; baseline 0 -8"><span class='ocrx_word' id='word_1_352' title='bbox 879 621 1033 658; x_wconf 75' lang='lat' dir='ltr'><strong>donatione,</strong></span> <span class='ocrx_word' id='word_1_353' title='bbox 1047 628 1087 654; x_wconf 88' lang='lat' dir='ltr'><strong>vel</strong></span> <span class='ocrx_word' id='word_1_354' title='bbox 1106 628 1130 653; x_wconf 90' lang='lat' dir='ltr'><strong>in</strong></span> <span class='ocrx_word' id='word_1_355' title='bbox 1146 635 1271 661; x_wconf 82' lang='lat' dir='ltr'><strong>suprema</strong></span> <span class='ocrx_word' id='word_1_356' title='bbox 1294 627 1443 659; x_wconf 81' lang='lat' dir='ltr'><strong>voluntate,</strong></span> <span class='ocrx_word' id='word_1_357' title='bbox 1461 627 1502 653; x_wconf 90' lang='lat' dir='ltr'><strong>vel</strong></span> <span class='ocrx_word' id='word_1_358' title='bbox 1523 627 1575 653; x_wconf 89' lang='lat' dir='ltr'><strong>alio</strong></span> <span class='ocrx_word' id='word_1_359' title='bbox 1592 627 1672 653; x_wconf 86' lang='lat' dir='ltr'><strong>modo</strong></span> 
     </span>
    </p>
   </div>
   <div class='ocr_carea' id='block_1_56' title="bbox 881 673 1337 706">
    <p class='ocr_par' dir='ltr' id='par_1_56' title="bbox 881 673 1337 706">
     <span class='ocr_line' id='line_1_56' title="bbox 881 673 1337 706; baseline 0.002 -7"><span class='ocrx_word' id='word_1_360' title='bbox 881 673 988 705; x_wconf 86' lang='lat' dir='ltr'><strong>aiienel,</strong></span> <span class='ocrx_word' id='word_1_361' title='bbox 1006 678 1051 700; x_wconf 85' lang='lat' dir='ltr'><strong>aut</strong></span> <span class='ocrx_word' id='word_1_362' title='bbox 1068 673 1110 700; x_wconf 87' lang='lat' dir='ltr'><strong>det</strong></span> <span class='ocrx_word' id='word_1_363' title='bbox 1126 674 1252 700; x_wconf 62' lang='lat' dir='ltr'><strong>haeretiro</strong></span> <span class='ocrx_word' id='word_1_364' title='bbox 1271 673 1337 706; x_wconf 84' lang='lat'><strong>(81).</strong></span> 
     </span>
    </p>
   </div>
   <div class='ocr_carea' id='block_1_57' title="bbox 915 717 1673 752">
    <p class='ocr_par' dir='ltr' id='par_1_57' title="bbox 915 717 1673 752">
     <span class='ocr_line' id='line_1_57' title="bbox 915 717 1673 752; baseline -0.003 -7"><span class='ocrx_word' id='word_1_365' title='bbox 915 717 977 745; x_wconf 85' lang='lat' dir='ltr'><strong>Lib.</strong></span> <span class='ocrx_word' id='word_1_366' title='bbox 992 726 1010 750; x_wconf 93' lang='grc' dir='ltr'><strong>ι,</strong></span> <span class='ocrx_word' id='word_1_367' title='bbox 1028 719 1069 744; x_wconf 86' lang='lat' dir='ltr'><strong>lit.</strong></span> <span class='ocrx_word' id='word_1_368' title='bbox 1085 718 1113 750; x_wconf 83' lang='lat'><strong>9,</strong></span> <span class='ocrx_word' id='word_1_369' title='bbox 1132 719 1243 745; x_wconf 87' lang='lat' dir='ltr'><strong>conslit.</strong></span> <span class='ocrx_word' id='word_1_370' title='bbox 1262 719 1305 749; x_wconf 80' lang='grc'><strong>12,</strong></span> <span class='ocrx_word' id='word_1_371' title='bbox 1325 718 1401 752; x_wconf 84' lang='lat' dir='ltr'><strong><em>cujus</em></strong></span> <span class='ocrx_word' id='word_1_372' title='bbox 1420 718 1538 749; x_wconf 86' lang='lat' dir='ltr'><strong>initium,</strong></span> <span class='ocrx_word' id='word_1_373' title='bbox 1559 717 1673 744; x_wconf 50' lang='lat' dir='ltr'><strong>Gadita-</strong></span> 
     </span>
    </p>
   </div>
   <div class='ocr_carea' id='block_1_58' title="bbox 881 763 1671 798">
    <p class='ocr_par' dir='ltr' id='par_1_58' title="bbox 881 763 1671 798">
     <span class='ocr_line' id='line_1_58' title="bbox 881 763 1671 798; baseline -0.001 -7"><span class='ocrx_word' id='word_1_374' title='bbox 881 764 977 791; x_wconf 86' lang='lat' dir='ltr'><strong>larum.</strong></span> <span class='ocrx_word' id='word_1_375' title='bbox 991 763 1061 791; x_wconf 86' lang='lat' dir='ltr'><strong>Loca</strong></span> <span class='ocrx_word' id='word_1_376' title='bbox 1073 764 1256 791; x_wconf 68' lang='lat' dir='ltr'><strong>cmlicolarum</strong></span> <span class='ocrx_word' id='word_1_377' title='bbox 1274 764 1451 791; x_wconf 73' lang='lat' dir='ltr'><strong>conventibus</strong></span> <span class='ocrx_word' id='word_1_378' title='bbox 1461 764 1608 798; x_wconf 79' lang='lat' dir='ltr'><strong>assignato,</strong></span> <span class='ocrx_word' id='word_1_379' title='bbox 1626 771 1671 790; x_wconf 85' lang='lat' dir='ltr'><strong>cc-</strong></span> 
     </span>
    </p>
   </div>
   <div class='ocr_carea' id='block_1_59' title="bbox 880 810 1154 838">
    <p class='ocr_par' dir='ltr' id='par_1_59' title="bbox 880 810 1154 838">
     <span class='ocr_line' id='line_1_59' title="bbox 880 810 1154 838; baseline 0 -1"><span class='ocrx_word' id='word_1_380' title='bbox 880 810 970 838; x_wconf 87' lang='lat' dir='ltr'><strong>clesiis</strong></span> <span class='ocrx_word' id='word_1_381' title='bbox 985 811 1154 838; x_wconf 86' lang='lat' dir='ltr'><strong>addicuutor.</strong></span> 
     </span>
    </p>
   </div>
   <div class='ocr_carea' id='block_1_60' title="bbox 913 901 1672 937">
    <p class='ocr_par' dir='ltr' id='par_1_60' title="bbox 913 901 1672 937">
     <span class='ocr_line' id='line_1_60' title="bbox 913 901 1672 937; baseline 0.003 -9"><span class='ocrx_word' id='word_1_382' title='bbox 913 901 972 928; x_wconf 88' lang='lat' dir='ltr'><strong>Lib.</strong></span> <span class='ocrx_word' id='word_1_383' title='bbox 989 909 1008 932; x_wconf 87' lang='grc' dir='ltr'><strong>ι,</strong></span> <span class='ocrx_word' id='word_1_384' title='bbox 1027 901 1068 928; x_wconf 89' lang='lat' dir='ltr'><strong>tit.</strong></span> <span class='ocrx_word' id='word_1_385' title='bbox 1081 901 1108 934; x_wconf 88' lang='lat'><strong>9,</strong></span> <span class='ocrx_word' id='word_1_386' title='bbox 1123 902 1232 929; x_wconf 84' lang='lat' dir='ltr'><strong>constit.</strong></span> <span class='ocrx_word' id='word_1_387' title='bbox 1248 902 1292 933; x_wconf 91' lang='lat'><strong>18,</strong></span> <span class='ocrx_word' id='word_1_388' title='bbox 1310 903 1386 937; x_wconf 86' lang='lat' dir='ltr'><strong>cujus</strong></span> <span class='ocrx_word' id='word_1_389' title='bbox 1398 902 1516 933; x_wconf 89' lang='lat' dir='ltr'><strong>initium,</strong></span> <span class='ocrx_word' id='word_1_390' title='bbox 1536 903 1592 929; x_wconf 84' lang='lat' dir='ltr'><strong>Hac</strong></span> <span class='ocrx_word' id='word_1_391' title='bbox 1604 904 1672 930; x_wconf 80' lang='lat' dir='ltr'><strong>vali-</strong></span> 
     </span>
    </p>
   </div>
   <div class='ocr_carea' id='block_1_61' title="bbox 879 947 1669 977">
    <p class='ocr_par' dir='ltr' id='par_1_61' title="bbox 879 947 1669 977">
     <span class='ocr_line' id='line_1_61' title="bbox 879 947 1669 977; baseline 0.005 -4"><span class='ocrx_word' id='word_1_392' title='bbox 879 952 954 974; x_wconf 82' lang='lat' dir='ltr'><strong>tura.</strong></span> <span class='ocrx_word' id='word_1_393' title='bbox 966 947 1108 974; x_wconf 80' lang='lat' dir='ltr'><strong>Erstructa</strong></span> <span class='ocrx_word' id='word_1_394' title='bbox 1121 947 1276 975; x_wconf 66' lang='lat' dir='ltr'><strong>Jndmorum</strong></span> <span class='ocrx_word' id='word_1_395' title='bbox 1291 949 1332 976; x_wconf 85' lang='lat' dir='ltr'><strong>vel</strong></span> <span class='ocrx_word' id='word_1_396' title='bbox 1348 949 1583 976; x_wconf 86' lang='lat' dir='ltr'><strong>Samaritanorum</strong></span> <span class='ocrx_word' id='word_1_397' title='bbox 1601 957 1669 977; x_wconf 84' lang='lat' dir='ltr'><strong>nova</strong></span> 
     </span>
    </p>
   </div>
   <div class='ocr_carea' id='block_1_62' title="bbox 879 993 1326 1027">
    <p class='ocr_par' dir='ltr' id='par_1_62' title="bbox 879 993 1326 1027">
     <span class='ocr_line' id='line_1_62' title="bbox 879 993 1326 1027; baseline 0.009 -8"><span class='ocrx_word' id='word_1_398' title='bbox 879 1000 1026 1027; x_wconf 76' lang='lat' dir='ltr'><strong>synagoga,</strong></span> <span class='ocrx_word' id='word_1_399' title='bbox 1043 993 1164 1020; x_wconf 70' lang='lat' dir='ltr'><strong>ecclesia:</strong></span> <span class='ocrx_word' id='word_1_400' title='bbox 1180 994 1326 1023; x_wconf 77' lang='lat' dir='ltr'><strong>addicitor.</strong></span> 
     </span>
    </p>
   </div>
   <div class='ocr_carea' id='block_1_63' title="bbox 915 1038 1671 1075">
    <p class='ocr_par' dir='ltr' id='par_1_63' title="bbox 915 1038 1671 1075">
     <span class='ocr_line' id='line_1_63' title="bbox 915 1038 1671 1075; baseline 0.007 -11"><span class='ocrx_word' id='word_1_401' title='bbox 915 1038 1004 1070; x_wconf 89' lang='lat' dir='ltr'><strong>Lib.l,</strong></span> <span class='ocrx_word' id='word_1_402' title='bbox 1025 1039 1064 1066; x_wconf 90' lang='lat' dir='ltr'><strong>lit.</strong></span> <span class='ocrx_word' id='word_1_403' title='bbox 1079 1039 1122 1071; x_wconf 89' lang='lat'><strong>11,</strong></span> <span class='ocrx_word' id='word_1_404' title='bbox 1139 1041 1247 1067; x_wconf 82' lang='lat' dir='ltr'><strong>constit.</strong></span> <span class='ocrx_word' id='word_1_405' title='bbox 1265 1041 1292 1072; x_wconf 83' lang='lat'><strong>5,</strong></span> <span class='ocrx_word' id='word_1_406' title='bbox 1321 1041 1399 1075; x_wconf 85' lang='lat' dir='ltr'><strong><em>cujus</em></strong></span> <span class='ocrx_word' id='word_1_407' title='bbox 1426 1042 1544 1075; x_wconf 86' lang='lat' dir='ltr'><strong>initium,</strong></span> <span class='ocrx_word' id='word_1_408' title='bbox 1573 1041 1671 1069; x_wconf 69' lang='lat' dir='ltr'><strong>Omnia</strong></span> 
     </span>
    </p>
   </div>
   <div class='ocr_carea' id='block_1_64' title="bbox 879 1084 1671 1124">
    <p class='ocr_par' dir='ltr' id='par_1_64' title="bbox 879 1084 1671 1124">
     <span class='ocr_line' id='line_1_64' title="bbox 879 1084 1671 1124; baseline 0.006 -13"><span class='ocrx_word' id='word_1_409' title='bbox 879 1085 948 1111; x_wconf 82' lang='grc' dir='ltr'>[οι-α.</span> <span class='ocrx_word' id='word_1_410' title='bbox 965 1084 1047 1112; x_wconf 86' lang='lat' dir='ltr'><strong>Sacra</strong></span> <span class='ocrx_word' id='word_1_411' title='bbox 1065 1085 1230 1120; x_wconf 79' lang='lat' dir='ltr'><strong>Carthagine</strong></span> <span class='ocrx_word' id='word_1_412' title='bbox 1248 1087 1305 1113; x_wconf 86' lang='lat' dir='ltr'><strong>loca</strong></span> <span class='ocrx_word' id='word_1_413' title='bbox 1322 1087 1390 1122; x_wconf 75' lang='lat'><strong>(85),</strong></span> <span class='ocrx_word' id='word_1_414' title='bbox 1408 1088 1531 1116; x_wconf 83' lang='lat' dir='ltr'><strong>ecclesiis</strong></span> <span class='ocrx_word' id='word_1_415' title='bbox 1553 1089 1587 1116; x_wconf 86' lang='lat' dir='ltr'><strong>ab</strong></span> <span class='ocrx_word' id='word_1_416' title='bbox 1611 1089 1671 1124; x_wconf 90' lang='lat' dir='ltr'><strong>ipso</strong></span> 
     </span>
    </p>
   </div>
   <div class='ocr_carea' id='block_1_65' title="bbox 878 1130 1533 1169">
    <p class='ocr_par' dir='ltr' id='par_1_65' title="bbox 878 1130 1533 1169">
     <span class='ocr_line' id='line_1_65' title="bbox 878 1130 1533 1169; baseline 0.008 -13"><span class='ocrx_word' id='word_1_417' title='bbox 878 1130 1040 1165; x_wconf 86' lang='lat' dir='ltr'><strong>imperatore</strong></span> <span class='ocrx_word' id='word_1_418' title='bbox 1053 1132 1161 1162; x_wconf 85' lang='lat' dir='ltr'><strong>donata,</strong></span> <span class='ocrx_word' id='word_1_419' title='bbox 1177 1138 1301 1160; x_wconf 85' lang='lat' dir='ltr'><strong>maneant</strong></span> <span class='ocrx_word' id='word_1_420' title='bbox 1316 1134 1355 1161; x_wconf 86' lang='lat' dir='ltr'><strong>eis</strong></span> <span class='ocrx_word' id='word_1_421' title='bbox 1368 1135 1533 1169; x_wconf 85' lang='lat' dir='ltr'><strong>inadempta.</strong></span> 
     </span>
    </p>
   </div>
   <div class='ocr_carea' id='block_1_66' title="bbox 913 1222 1668 1257">
    <p class='ocr_par' dir='ltr' id='par_1_66' title="bbox 913 1222 1668 1257">
     <span class='ocr_line' id='line_1_66' title="bbox 913 1222 1668 1257; baseline 0.007 -9"><span class='ocrx_word' id='word_1_422' title='bbox 913 1222 973 1250; x_wconf 87' lang='lat' dir='ltr'><strong>Lib.</strong></span> <span class='ocrx_word' id='word_1_423' title='bbox 988 1230 1007 1254; x_wconf 90' lang='grc'>1,</span> <span class='ocrx_word' id='word_1_424' title='bbox 1025 1222 1068 1249; x_wconf 82' lang='grc' dir='ltr'>ιιι.</span> <span class='ocrx_word' id='word_1_425' title='bbox 1090 1223 1133 1256; x_wconf 78' lang='grc'><strong>12,</strong></span> <span class='ocrx_word' id='word_1_426' title='bbox 1153 1223 1264 1251; x_wconf 87' lang='lat' dir='ltr'><strong>constit.</strong></span> <span class='ocrx_word' id='word_1_427' title='bbox 1280 1224 1306 1256; x_wconf 81' lang='grc'>5,</span> <span class='ocrx_word' id='word_1_428' title='bbox 1322 1225 1400 1257; x_wconf 86' lang='lat' dir='ltr'><strong>cujus</strong></span> <span class='ocrx_word' id='word_1_429' title='bbox 1414 1225 1532 1257; x_wconf 86' lang='lat' dir='ltr'><strong>initium,</strong></span> <span class='ocrx_word' id='word_1_430' title='bbox 1561 1225 1668 1253; x_wconf 76' lang='lat' dir='ltr'><strong>Denun-</strong></span> 
     </span>
    </p>
   </div>
   <div class='ocr_carea' id='block_1_67' title="bbox 878 1268 1672 1304">
    <p class='ocr_par' dir='ltr' id='par_1_67' title="bbox 878 1268 1672 1304">
     <span class='ocr_line' id='line_1_67' title="bbox 878 1268 1672 1304; baseline 0.006 -10"><span class='ocrx_word' id='word_1_431' title='bbox 878 1269 987 1295; x_wconf 71' lang='lat' dir='ltr'><strong>liumul.</strong></span> <span class='ocrx_word' id='word_1_432' title='bbox 1004 1268 1089 1295; x_wconf 83' lang='lat' dir='ltr'><strong>Nemo</strong></span> <span class='ocrx_word' id='word_1_433' title='bbox 1103 1269 1285 1297; x_wconf 76' lang='lat' dir='ltr'><strong>sanctissimis</strong></span> <span class='ocrx_word' id='word_1_434' title='bbox 1300 1270 1325 1296; x_wconf 92' lang='lat' dir='ltr'><strong>in</strong></span> <span class='ocrx_word' id='word_1_435' title='bbox 1338 1271 1473 1304; x_wconf 84' lang='lat' dir='ltr'><strong>ecclesiis,</strong></span> <span class='ocrx_word' id='word_1_436' title='bbox 1497 1273 1538 1298; x_wconf 91' lang='lat' dir='ltr'><strong>vcl</strong></span> <span class='ocrx_word' id='word_1_437' title='bbox 1559 1273 1585 1299; x_wconf 88' lang='lat' dir='ltr'><strong>in</strong></span> <span class='ocrx_word' id='word_1_438' title='bbox 1610 1272 1672 1300; x_wconf 83' lang='lat' dir='ltr'><strong>aliis</strong></span> 
     </span>
    </p>
   </div>
   <div class='ocr_carea' id='block_1_68' title="bbox 878 1314 1670 1352">
    <p class='ocr_par' dir='ltr' id='par_1_68' title="bbox 878 1314 1670 1352">
     <span class='ocr_line' id='line_1_68' title="bbox 878 1314 1670 1352; baseline 0.005 -12"><span class='ocrx_word' id='word_1_439' title='bbox 878 1314 1081 1342; x_wconf 83' lang='lat' dir='ltr'><strong>venerabilibus</strong></span> <span class='ocrx_word' id='word_1_440' title='bbox 1107 1315 1182 1347; x_wconf 90' lang='lat' dir='ltr'><strong>locis,</strong></span> <span class='ocrx_word' id='word_1_441' title='bbox 1199 1316 1225 1342; x_wconf 92' lang='lat' dir='ltr'><strong>in</strong></span> <span class='ocrx_word' id='word_1_442' title='bbox 1250 1316 1347 1350; x_wconf 85' lang='lat' dir='ltr'><strong>quibus</strong></span> <span class='ocrx_word' id='word_1_443' title='bbox 1375 1322 1437 1344; x_wconf 89' lang='lat' dir='ltr'><strong>vota</strong></span> <span class='ocrx_word' id='word_1_444' title='bbox 1466 1318 1670 1352; x_wconf 86' lang='lat' dir='ltr'><strong>concipiuntur,</strong></span> 
     </span>
    </p>
   </div>
   <div class='ocr_carea' id='block_1_69' title="bbox 878 1360 1668 1396">
    <p class='ocr_par' dir='ltr' id='par_1_69' title="bbox 878 1360 1668 1396">
     <span class='ocr_line' id='line_1_69' title="bbox 878 1360 1668 1396; baseline 0.005 -10"><span class='ocrx_word' id='word_1_445' title='bbox 878 1360 1141 1387; x_wconf 69' lang='lat' dir='ltr'><strong>conclamationibus</strong></span> <span class='ocrx_word' id='word_1_446' title='bbox 1161 1362 1254 1393; x_wconf 88' lang='lat' dir='ltr'><strong>utitor,</strong></span> <span class='ocrx_word' id='word_1_447' title='bbox 1285 1363 1325 1389; x_wconf 96' lang='lat' dir='ltr'><strong>vel</strong></span> <span class='ocrx_word' id='word_1_448' title='bbox 1350 1363 1511 1390; x_wconf 78' lang='lat' dir='ltr'><strong>seditionem</strong></span> <span class='ocrx_word' id='word_1_449' title='bbox 1540 1369 1668 1396; x_wconf 82' lang='lat' dir='ltr'><strong>moveto;</strong></span> 
     </span>
    </p>
   </div>
   <div class='ocr_carea' id='block_1_70' title="bbox 878 1406 1440 1440">
    <p class='ocr_par' dir='ltr' id='par_1_70' title="bbox 878 1406 1440 1440">
     <span class='ocr_line' id='line_1_70' title="bbox 878 1406 1440 1440; baseline 0.005 -9"><span class='ocrx_word' id='word_1_450' title='bbox 878 1406 1003 1432; x_wconf 89' lang='lat' dir='ltr'><strong>ultimum</strong></span> <span class='ocrx_word' id='word_1_451' title='bbox 1022 1406 1084 1433; x_wconf 90' lang='lat' dir='ltr'><strong>inde</strong></span> <span class='ocrx_word' id='word_1_452' title='bbox 1101 1406 1262 1440; x_wconf 81' lang='lat' dir='ltr'><strong>supplicium</strong></span> <span class='ocrx_word' id='word_1_453' title='bbox 1281 1407 1440 1435; x_wconf 81' lang='lat' dir='ltr'><strong>formidans.</strong></span> 
     </span>
    </p>
   </div>
   <div class='ocr_carea' id='block_1_71' title="bbox 912 1451 1669 1489">
    <p class='ocr_par' dir='ltr' id='par_1_71' title="bbox 912 1451 1669 1489">
     <span class='ocr_line' id='line_1_71' title="bbox 912 1451 1669 1489; baseline 0.005 -11"><span class='ocrx_word' id='word_1_454' title='bbox 912 1452 971 1479; x_wconf 89' lang='lat' dir='ltr'><strong>Lib.</strong></span> <span class='ocrx_word' id='word_1_455' title='bbox 985 1461 1003 1484; x_wconf 85' lang='grc' dir='ltr'><strong>ι,</strong></span> <span class='ocrx_word' id='word_1_456' title='bbox 1025 1451 1066 1479; x_wconf 87' lang='lat' dir='ltr'><strong>lit.</strong></span> <span class='ocrx_word' id='word_1_457' title='bbox 1083 1453 1127 1482; x_wconf 72' lang='lat'><strong>15.</strong></span> <span class='ocrx_word' id='word_1_458' title='bbox 1146 1454 1254 1480; x_wconf 86' lang='lat' dir='ltr'><strong>constit.</strong></span> <span class='ocrx_word' id='word_1_459' title='bbox 1272 1454 1299 1485; x_wconf 79' lang='grc'>4,</span> <span class='ocrx_word' id='word_1_460' title='bbox 1321 1454 1398 1489; x_wconf 86' lang='lat' dir='ltr'><strong>cujus</strong></span> <span class='ocrx_word' id='word_1_461' title='bbox 1414 1455 1530 1488; x_wconf 81' lang='lat' dir='ltr'><strong>initium,</strong></span> <span class='ocrx_word' id='word_1_462' title='bbox 1553 1455 1669 1483; x_wconf 73' lang='lat' dir='ltr'><strong>Iamdu-</strong></span> 
     </span>
    </p>
   </div>
   <div class='ocr_carea' id='block_1_72' title="bbox 875 1497 1668 1532">
    <p class='ocr_par' dir='ltr' id='par_1_72' title="bbox 875 1497 1668 1532">
     <span class='ocr_line' id='line_1_72' title="bbox 875 1497 1668 1532; baseline 0.004 -8"><span class='ocrx_word' id='word_1_463' title='bbox 875 1497 938 1524; x_wconf 82' lang='lat' dir='ltr'><strong>dum</strong></span> <span class='ocrx_word' id='word_1_464' title='bbox 965 1497 1031 1532; x_wconf 86' lang='lat'><strong>(86).</strong></span> <span class='ocrx_word' id='word_1_465' title='bbox 1059 1497 1110 1530; x_wconf 79' lang='lat' dir='ltr'><strong>Qui</strong></span> <span class='ocrx_word' id='word_1_466' title='bbox 1139 1498 1321 1525; x_wconf 69' lang='lat' dir='ltr'><strong>manumissus</strong></span> <span class='ocrx_word' id='word_1_467' title='bbox 1339 1504 1380 1526; x_wconf 89' lang='lat' dir='ltr'><strong>est</strong></span> <span class='ocrx_word' id='word_1_468' title='bbox 1393 1499 1419 1525; x_wconf 95' lang='lat' dir='ltr'><strong>in</strong></span> <span class='ocrx_word' id='word_1_469' title='bbox 1432 1500 1558 1532; x_wconf 80' lang='lat' dir='ltr'><strong>ecclesia,</strong></span> <span class='ocrx_word' id='word_1_470' title='bbox 1577 1509 1668 1528; x_wconf 77' lang='lat' dir='ltr'><strong>caram</strong></span> 
     </span>
    </p>
   </div>
   <div class='ocr_carea' id='block_1_73' title="bbox 838 1543 1671 1582">
    <p class='ocr_par' dir='ltr' id='par_1_73' title="bbox 838 1543 1671 1582">
     <span class='ocr_line' id='line_1_73' title="bbox 838 1543 1671 1582; baseline 0.007 -13"><span class='ocrx_word' id='word_1_471' title='bbox 838 1551 861 1582; x_wconf 83' lang='lat' dir='ltr'><strong><em>C</em></strong></span> <span class='ocrx_word' id='word_1_472' title='bbox 878 1543 956 1578; x_wconf 84' lang='lat' dir='ltr'><strong>plebe</strong></span> <span class='ocrx_word' id='word_1_473' title='bbox 975 1551 1007 1570; x_wconf 87' lang='lat' dir='ltr'><strong>ac</strong></span> <span class='ocrx_word' id='word_1_474' title='bbox 1020 1543 1154 1578; x_wconf 72' lang='lat' dir='ltr'><strong>episcopis</strong></span> <span class='ocrx_word' id='word_1_475' title='bbox 1172 1544 1238 1580; x_wconf 85' lang='lat'><strong>(87),</strong></span> <span class='ocrx_word' id='word_1_476' title='bbox 1263 1544 1416 1573; x_wconf 83' lang='lat' dir='ltr'><strong>libertatem</strong></span> <span class='ocrx_word' id='word_1_477' title='bbox 1441 1552 1542 1574; x_wconf 88' lang='lat' dir='ltr'><strong>certam</strong></span> <span class='ocrx_word' id='word_1_478' title='bbox 1573 1555 1671 1575; x_wconf 86' lang='lat' dir='ltr'><strong>conse-</strong></span> 
     </span>
    </p>
   </div>
   <div class='ocr_carea' id='block_1_74' title="bbox 876 1589 977 1623">
    <p class='ocr_par' dir='ltr' id='par_1_74' title="bbox 876 1589 977 1623">
     <span class='ocr_line' id='line_1_74' title="bbox 876 1589 977 1623; baseline 0.01 -8"><span class='ocrx_word' id='word_1_479' title='bbox 876 1589 977 1623; x_wconf 88' lang='lat' dir='ltr'><strong>quitur.</strong></span> 
     </span>
    </p>
   </div>
   <div class='ocr_carea' id='block_1_75' title="bbox 914 1635 1670 1672">
    <p class='ocr_par' dir='ltr' id='par_1_75' title="bbox 914 1635 1670 1672">
     <span class='ocr_line' id='line_1_75' title="bbox 914 1635 1670 1672; baseline 0.005 -10"><span class='ocrx_word' id='word_1_480' title='bbox 914 1635 972 1662; x_wconf 85' lang='lat' dir='ltr'><strong>Lib.</strong></span> <span class='ocrx_word' id='word_1_481' title='bbox 993 1644 1011 1667; x_wconf 94' lang='lat' dir='ltr'><strong>I,</strong></span> <span class='ocrx_word' id='word_1_482' title='bbox 1030 1636 1070 1663; x_wconf 88' lang='lat' dir='ltr'><strong>tit.</strong></span> <span class='ocrx_word' id='word_1_483' title='bbox 1087 1637 1130 1668; x_wconf 79' lang='lat'><strong>15,</strong></span> <span class='ocrx_word' id='word_1_484' title='bbox 1143 1638 1253 1665; x_wconf 85' lang='lat' dir='ltr'><strong>constit.</strong></span> <span class='ocrx_word' id='word_1_485' title='bbox 1269 1638 1297 1670; x_wconf 83' lang='grc'><strong>2,</strong></span> <span class='ocrx_word' id='word_1_486' title='bbox 1314 1637 1392 1672; x_wconf 88' lang='lat' dir='ltr'><strong>cujus</strong></span> <span class='ocrx_word' id='word_1_487' title='bbox 1406 1638 1525 1670; x_wconf 82' lang='lat' dir='ltr'><strong>initium,</strong></span> <span class='ocrx_word' id='word_1_488' title='bbox 1540 1639 1593 1672; x_wconf 83' lang='lat' dir='ltr'><strong>Qui</strong></span> <span class='ocrx_word' id='word_1_489' title='bbox 1609 1640 1670 1667; x_wconf 86' lang='lat' dir='ltr'><strong>reli-</strong></span> 
     </span>
    </p>
   </div>
   <div class='ocr_carea' id='block_1_76' title="bbox 875 1683 1668 1720">
    <p class='ocr_par' dir='ltr' id='par_1_76' title="bbox 875 1683 1668 1720">
     <span class='ocr_line' id='line_1_76' title="bbox 875 1683 1668 1720; baseline 0.006 -11"><span class='ocrx_word' id='word_1_490' title='bbox 875 1683 959 1718; x_wconf 73' lang='lat' dir='ltr'><strong>giosa.</strong></span> <span class='ocrx_word' id='word_1_491' title='bbox 992 1683 1058 1711; x_wconf 81' lang='lat' dir='ltr'><strong>Cum</strong></span> <span class='ocrx_word' id='word_1_492' title='bbox 1079 1684 1105 1711; x_wconf 93' lang='lat' dir='ltr'><strong>in</strong></span> <span class='ocrx_word' id='word_1_493' title='bbox 1133 1685 1246 1711; x_wconf 79' lang='lat' dir='ltr'><strong>ecclesia</strong></span> <span class='ocrx_word' id='word_1_494' title='bbox 1272 1685 1343 1720; x_wconf 75' lang='lat' dir='ltr'><strong>quis,</strong></span> <span class='ocrx_word' id='word_1_495' title='bbox 1367 1687 1496 1720; x_wconf 83' lang='lat' dir='ltr'><strong>episcopo</strong></span> <span class='ocrx_word' id='word_1_496' title='bbox 1524 1691 1668 1720; x_wconf 59' lang='lat' dir='ltr'><strong>praesente,</strong></span> 
     </span>
    </p>
   </div>
   <div class='ocr_carea' id='block_1_77' title="bbox 877 1730 1668 1767">
    <p class='ocr_par' dir='ltr' id='par_1_77' title="bbox 877 1730 1668 1767">
     <span class='ocr_line' id='line_1_77' title="bbox 877 1730 1668 1767; baseline 0.005 -12"><span class='ocrx_word' id='word_1_497' title='bbox 877 1730 1058 1756; x_wconf 80' lang='lat' dir='ltr'><strong>manumissus</strong></span> <span class='ocrx_word' id='word_1_498' title='bbox 1077 1730 1166 1759; x_wconf 64' lang='lat' dir='ltr'><strong>ﬁxerit.</strong></span> <span class='ocrx_word' id='word_1_499' title='bbox 1186 1731 1222 1757; x_wconf 88' lang='lat' dir='ltr'><strong>ita</strong></span> <span class='ocrx_word' id='word_1_500' title='bbox 1239 1731 1306 1757; x_wconf 79' lang='lat' dir='ltr'><strong>liber</strong></span> <span class='ocrx_word' id='word_1_501' title='bbox 1323 1732 1379 1764; x_wconf 85' lang='lat' dir='ltr'><strong>ﬁat,</strong></span> <span class='ocrx_word' id='word_1_502' title='bbox 1392 1737 1473 1767; x_wconf 83' lang='lat' dir='ltr'><strong>atque</strong></span> <span class='ocrx_word' id='word_1_503' title='bbox 1490 1732 1512 1758; x_wconf 84' lang='lat' dir='ltr'><strong>si</strong></span> <span class='ocrx_word' id='word_1_504' title='bbox 1529 1732 1622 1759; x_wconf 82' lang='lat' dir='ltr'><strong>omnia</strong></span> <span class='ocrx_word' id='word_1_505' title='bbox 1639 1733 1668 1759; x_wconf 58' lang='lat' dir='ltr'><strong>in.</strong></span> 
     </span>
    </p>
   </div>
   <div class='ocr_carea' id='block_1_78' title="bbox 876 1776 1506 1804">
    <p class='ocr_par' dir='ltr' id='par_1_78' title="bbox 876 1776 1506 1804">
     <span class='ocr_line' id='line_1_78' title="bbox 876 1776 1506 1804; baseline 0.006 -4"><span class='ocrx_word' id='word_1_506' title='bbox 876 1776 1092 1802; x_wconf 82' lang='lat' dir='ltr'><strong>manumissiune</strong></span> <span class='ocrx_word' id='word_1_507' title='bbox 1107 1777 1240 1803; x_wconf 84' lang='lat' dir='ltr'><strong>solemnia</strong></span> <span class='ocrx_word' id='word_1_508' title='bbox 1255 1782 1363 1804; x_wconf 86' lang='lat' dir='ltr'><strong>servata</strong></span> <span class='ocrx_word' id='word_1_509' title='bbox 1378 1777 1506 1804; x_wconf 83' lang='lat' dir='ltr'><strong>fuissent.</strong></span> 
     </span>
    </p>
   </div>
   <div class='ocr_carea' id='block_1_79' title="bbox 913 1821 1666 1858">
    <p class='ocr_par' dir='ltr' id='par_1_79' title="bbox 913 1821 1666 1858">
     <span class='ocr_line' id='line_1_79' title="bbox 913 1821 1666 1858; baseline 0.007 -11"><span class='ocrx_word' id='word_1_510' title='bbox 913 1821 973 1850; x_wconf 86' lang='lat' dir='ltr'><strong>Lib.</strong></span> <span class='ocrx_word' id='word_1_511' title='bbox 989 1829 1029 1851; x_wconf 84' lang='lat' dir='ltr'><strong>Ill,</strong></span> <span class='ocrx_word' id='word_1_512' title='bbox 1047 1822 1088 1848; x_wconf 89' lang='lat' dir='ltr'><strong>tit.</strong></span> <span class='ocrx_word' id='word_1_513' title='bbox 1111 1822 1152 1852; x_wconf 83' lang='grc'><strong>12,</strong></span> <span class='ocrx_word' id='word_1_514' title='bbox 1168 1823 1279 1849; x_wconf 87' lang='lat' dir='ltr'><strong>constit.</strong></span> <span class='ocrx_word' id='word_1_515' title='bbox 1290 1823 1316 1855; x_wconf 85' lang='grc'><strong>2,</strong></span> <span class='ocrx_word' id='word_1_516' title='bbox 1340 1823 1544 1858; x_wconf 84' lang='lat' dir='ltr'><strong>cujusinitium,</strong></span> <span class='ocrx_word' id='word_1_517' title='bbox 1556 1823 1666 1852; x_wconf 72' lang='lat' dir='ltr'><strong>Omnes.</strong></span> 
     </span>
    </p>
   </div>
   <div class='ocr_carea' id='block_1_80' title="bbox 875 1867 1667 1904">
    <p class='ocr_par' dir='ltr' id='par_1_80' title="bbox 875 1867 1667 1904">
     <span class='ocr_line' id='line_1_80' title="bbox 875 1867 1667 1904; baseline 0.001 -9"><span class='ocrx_word' id='word_1_518' title='bbox 875 1868 923 1895; x_wconf 83' lang='lat' dir='ltr'><strong>Die</strong></span> <span class='ocrx_word' id='word_1_519' title='bbox 941 1867 1080 1895; x_wconf 87' lang='lat' dir='ltr'><strong>Dominico</strong></span> <span class='ocrx_word' id='word_1_520' title='bbox 1097 1868 1152 1903; x_wconf 90' lang='lat'><strong>(88)</strong></span> <span class='ocrx_word' id='word_1_521' title='bbox 1167 1868 1272 1901; x_wconf 88' lang='lat' dir='ltr'><strong>judices</strong></span> <span class='ocrx_word' id='word_1_522' title='bbox 1286 1877 1392 1900; x_wconf 90' lang='lat' dir='ltr'><strong>omnes,</strong></span> <span class='ocrx_word' id='word_1_523' title='bbox 1409 1875 1435 1896; x_wconf 85' lang='lat' dir='ltr'><strong>et</strong></span> <span class='ocrx_word' id='word_1_524' title='bbox 1450 1870 1591 1896; x_wconf 86' lang='lat' dir='ltr'><strong>civitatum</strong></span> <span class='ocrx_word' id='word_1_525' title='bbox 1606 1870 1667 1904; x_wconf 85' lang='lat' dir='ltr'><strong>plc-</strong></span> 
     </span>
    </p>
   </div>
   <div class='ocr_carea' id='block_1_81' title="bbox 876 1913 1665 1949">
    <p class='ocr_par' dir='ltr' id='par_1_81' title="bbox 876 1913 1665 1949">
     <span class='ocr_line' id='line_1_81' title="bbox 876 1913 1665 1949; baseline 0.005 -10"><span class='ocrx_word' id='word_1_526' title='bbox 876 1914 942 1944; x_wconf 85' lang='lat' dir='ltr'><strong>bes,</strong></span> <span class='ocrx_word' id='word_1_527' title='bbox 965 1918 992 1939; x_wconf 84' lang='lat' dir='ltr'><strong>et</strong></span> <span class='ocrx_word' id='word_1_528' title='bbox 1012 1914 1110 1940; x_wconf 82' lang='lat' dir='ltr'><strong>artium</strong></span> <span class='ocrx_word' id='word_1_529' title='bbox 1141 1918 1299 1941; x_wconf 89' lang='lat' dir='ltr'><strong>cunctarum</strong></span> <span class='ocrx_word' id='word_1_530' title='bbox 1328 1915 1439 1949; x_wconf 66' lang='lat' dir='ltr'><strong>collegia</strong></span> <span class='ocrx_word' id='word_1_531' title='bbox 1455 1934 1463 1947; x_wconf 84' lang='lat'><strong>,</strong></span> <span class='ocrx_word' id='word_1_532' title='bbox 1495 1913 1637 1949; x_wconf 81' lang='lat' dir='ltr'><strong>quiescant</strong></span> <span class='ocrx_word' id='word_1_533' title='bbox 1657 1924 1665 1942; x_wconf 88' lang='lat'><strong>:</strong></span> 
     </span>
    </p>
   </div>
   <div class='ocr_carea' id='block_1_82' title="bbox 875 1959 1592 1995">
    <p class='ocr_par' dir='ltr' id='par_1_82' title="bbox 875 1959 1592 1995">
     <span class='ocr_line' id='line_1_82' title="bbox 875 1959 1592 1995; baseline 0 -9"><span class='ocrx_word' id='word_1_534' title='bbox 875 1959 1001 1995; x_wconf 78' lang='lat' dir='ltr'><strong>agricolis</strong></span> <span class='ocrx_word' id='word_1_535' title='bbox 1022 1967 1086 1987; x_wconf 75' lang='lat' dir='ltr'><strong>vero</strong></span> <span class='ocrx_word' id='word_1_536' title='bbox 1103 1959 1184 1987; x_wconf 89' lang='lat' dir='ltr'><strong>liccat</strong></span> <span class='ocrx_word' id='word_1_537' title='bbox 1197 1965 1225 1986; x_wconf 93' lang='lat' dir='ltr'><strong>ut</strong></span> <span class='ocrx_word' id='word_1_538' title='bbox 1242 1959 1332 1994; x_wconf 86' lang='lat' dir='ltr'><strong>operis</strong></span> <span class='ocrx_word' id='word_1_539' title='bbox 1345 1960 1401 1988; x_wconf 84' lang='lat' dir='ltr'><strong>suis</strong></span> <span class='ocrx_word' id='word_1_540' title='bbox 1418 1960 1513 1987; x_wconf 84' lang='lat' dir='ltr'><strong>intenti</strong></span> <span class='ocrx_word' id='word_1_541' title='bbox 1527 1960 1592 1988; x_wconf 90' lang='lat' dir='ltr'><strong>sint.</strong></span> 
     </span>
    </p>
   </div>
   <div class='ocr_carea' id='block_1_83' title="bbox 909 2049 1668 2085">
    <p class='ocr_par' dir='ltr' id='par_1_83' title="bbox 909 2049 1668 2085">
     <span class='ocr_line' id='line_1_83' title="bbox 909 2049 1668 2085; baseline 0.003 -9"><span class='ocrx_word' id='word_1_542' title='bbox 909 2049 967 2076; x_wconf 87' lang='lat' dir='ltr'><strong>Lib.</strong></span> <span class='ocrx_word' id='word_1_543' title='bbox 987 2058 1027 2081; x_wconf 85' lang='grc' dir='ltr'>ιιι,</span> <span class='ocrx_word' id='word_1_544' title='bbox 1046 2051 1087 2077; x_wconf 85' lang='lat' dir='ltr'><strong>tit.</strong></span> <span class='ocrx_word' id='word_1_545' title='bbox 1104 2050 1148 2083; x_wconf 87' lang='grc'><strong>12,</strong></span> <span class='ocrx_word' id='word_1_546' title='bbox 1161 2051 1271 2077; x_wconf 80' lang='lat' dir='ltr'><strong>constit.</strong></span> <span class='ocrx_word' id='word_1_547' title='bbox 1285 2050 1310 2083; x_wconf 77' lang='lat'><strong>5,</strong></span> <span class='ocrx_word' id='word_1_548' title='bbox 1324 2051 1400 2085; x_wconf 84' lang='lat' dir='ltr'><strong>cujus</strong></span> <span class='ocrx_word' id='word_1_549' title='bbox 1411 2050 1528 2083; x_wconf 86' lang='lat' dir='ltr'><strong>initium,</strong></span> <span class='ocrx_word' id='word_1_550' title='bbox 1540 2050 1668 2082; x_wconf 70' lang='lat' dir='ltr'><strong>Quadra—</strong></span> 
     </span>
    </p>
   </div>
   <div class='ocr_carea' id='block_1_84' title="bbox 874 2097 1664 2133">
    <p class='ocr_par' dir='ltr' id='par_1_84' title="bbox 874 2097 1664 2133">
     <span class='ocr_line' id='line_1_84' title="bbox 874 2097 1664 2133; baseline 0.003 -10"><span class='ocrx_word' id='word_1_551' title='bbox 874 2098 948 2132; x_wconf 84' lang='lat' dir='ltr'><strong>ginta</strong></span> <span class='ocrx_word' id='word_1_552' title='bbox 966 2097 1034 2131; x_wconf 82' lang='lat'><strong>(89).</strong></span> <span class='ocrx_word' id='word_1_553' title='bbox 1048 2097 1074 2124; x_wconf 89' lang='lat' dir='ltr'><strong>lu</strong></span> <span class='ocrx_word' id='word_1_554' title='bbox 1088 2097 1254 2132; x_wconf 82' lang='lat' dir='ltr'><strong>jejuniorum</strong></span> <span class='ocrx_word' id='word_1_555' title='bbox 1276 2099 1496 2133; x_wconf 77' lang='lat' dir='ltr'><strong>quadragesima,</strong></span> <span class='ocrx_word' id='word_1_556' title='bbox 1523 2098 1595 2125; x_wconf 84' lang='lat' dir='ltr'><strong>nulla</strong></span> <span class='ocrx_word' id='word_1_557' title='bbox 1621 2105 1664 2125; x_wconf 67' lang='grc' dir='ltr'><strong>σοι</strong></span> 
     </span>
    </p>
   </div>
   <div class='ocr_carea' id='block_1_85' title="bbox 874 2143 1349 2178">
    <p class='ocr_par' dir='ltr' id='par_1_85' title="bbox 874 2143 1349 2178">
     <span class='ocr_line' id='line_1_85' title="bbox 874 2143 1349 2178; baseline 0 -8"><span class='ocrx_word' id='word_1_558' title='bbox 874 2145 959 2178; x_wconf 77' lang='lat' dir='ltr'><strong>guitio</strong></span> <span class='ocrx_word' id='word_1_559' title='bbox 975 2143 1124 2171; x_wconf 87' lang='lat' dir='ltr'><strong>criminalis</strong></span> <span class='ocrx_word' id='word_1_560' title='bbox 1139 2144 1225 2171; x_wconf 83' lang='lat' dir='ltr'><strong>locum</strong></span> <span class='ocrx_word' id='word_1_561' title='bbox 1242 2144 1349 2172; x_wconf 80' lang='lat' dir='ltr'><strong>habeat.</strong></span> 
     </span>
    </p>
   </div>
   <div class='ocr_carea' id='block_1_86' title="bbox 909 2189 1659 2225">
    <p class='ocr_par' dir='ltr' id='par_1_86' title="bbox 909 2189 1659 2225">
     <span class='ocr_line' id='line_1_86' title="bbox 909 2189 1659 2225; baseline 0 -9"><span class='ocrx_word' id='word_1_562' title='bbox 909 2190 968 2216; x_wconf 87' lang='lat' dir='ltr'><strong>Lib.</strong></span> <span class='ocrx_word' id='word_1_563' title='bbox 984 2197 1026 2222; x_wconf 89' lang='grc' dir='ltr'>ιιι,</span> <span class='ocrx_word' id='word_1_564' title='bbox 1039 2190 1081 2216; x_wconf 90' lang='lat' dir='ltr'><strong>til.</strong></span> <span class='ocrx_word' id='word_1_565' title='bbox 1108 2189 1150 2222; x_wconf 83' lang='grc'><strong>12,</strong></span> <span class='ocrx_word' id='word_1_566' title='bbox 1173 2190 1284 2217; x_wconf 88' lang='lat' dir='ltr'><strong>c0nstit.</strong></span> <span class='ocrx_word' id='word_1_567' title='bbox 1308 2191 1334 2223; x_wconf 83' lang='lat'><strong>6,</strong></span> <span class='ocrx_word' id='word_1_568' title='bbox 1362 2191 1418 2225; x_wconf 87' lang='lat'><strong>(90)</strong></span> <span class='ocrx_word' id='word_1_569' title='bbox 1446 2191 1522 2224; x_wconf 87' lang='lat' dir='ltr'><strong>cujus</strong></span> <span class='ocrx_word' id='word_1_570' title='bbox 1542 2190 1659 2222; x_wconf 81' lang='lat' dir='ltr'><strong>initium,</strong></span> 
     </span>
    </p>
   </div>
   <div class='ocr_carea' id='block_1_87' title="bbox 34 2226 816 2271">
    <p class='ocr_par' dir='ltr' id='par_1_87' title="bbox 34 2227 816 2270">
     <span class='ocr_line' id='line_1_87' title="bbox 34 2227 816 2270; baseline 0.012 -17"><span class='ocrx_word' id='word_1_571' title='bbox 34 2228 91 2259; x_wconf 72' lang='grc' dir='ltr'>Τὰς</span> <span class='ocrx_word' id='word_1_572' title='bbox 117 2227 148 2254; x_wconf 83' lang='grc' dir='ltr'>ιε’</span> <span class='ocrx_word' id='word_1_573' title='bbox 161 2228 211 2262; x_wconf 81' lang='grc' dir='ltr'><strong>τῆς</strong></span> <span class='ocrx_word' id='word_1_574' title='bbox 229 2229 386 2264; x_wconf 75' lang='grc' dir='ltr'>Πασχαλίας</span> <span class='ocrx_word' id='word_1_575' title='bbox 404 2231 523 2266; x_wconf 75' lang='grc' dir='ltr'>ἡμέρας,</span> <span class='ocrx_word' id='word_1_576' title='bbox 553 2233 599 2259; x_wconf 77' lang='grc' dir='ltr'><strong>καὶ</strong></span> <span class='ocrx_word' id='word_1_577' title='bbox 623 2233 672 2269; x_wconf 78' lang='grc' dir='ltr'><strong>τὴν</strong></span> <span class='ocrx_word' id='word_1_578' title='bbox 700 2234 816 2270; x_wconf 72' lang='grc' dir='ltr'>Χριστοῦ</span> 
     </span>
    </p>
   </div>
   <div class='ocr_carea' id='block_1_88' title="bbox 909 2226 1664 2271">
    <p class='ocr_par' dir='ltr' id='par_1_88' title="bbox 909 2236 1664 2271">
     <span class='ocr_line' id='line_1_88' title="bbox 909 2236 1664 2271; baseline 0.003 -9"><span class='ocrx_word' id='word_1_579' title='bbox 909 2245 981 2263; x_wconf 79' lang='lat' dir='ltr'><strong>nues,</strong></span> <span class='ocrx_word' id='word_1_580' title='bbox 1004 2237 1165 2269; x_wconf 88' lang='lat' dir='ltr'><strong>Quindecim</strong></span> <span class='ocrx_word' id='word_1_581' title='bbox 1180 2236 1274 2263; x_wconf 76' lang='lat' dir='ltr'><strong>diebus</strong></span> <span class='ocrx_word' id='word_1_582' title='bbox 1287 2237 1469 2271; x_wconf 73' lang='lat' dir='ltr'><strong>paschalibus,</strong></span> <span class='ocrx_word' id='word_1_583' title='bbox 1484 2242 1511 2264; x_wconf 86' lang='lat' dir='ltr'><strong>et</strong></span> <span class='ocrx_word' id='word_1_584' title='bbox 1525 2237 1568 2263; x_wconf 87' lang='lat' dir='ltr'><strong>die</strong></span> <span class='ocrx_word' id='word_1_585' title='bbox 1581 2237 1664 2264; x_wconf 80' lang='lat' dir='ltr'><strong>natali</strong></span> 
     </span>
    </p>
   </div>
   <div class='ocr_carea' id='block_1_89' title="bbox 32 2274 822 2316">
    <p class='ocr_par' dir='ltr' id='par_1_89' title="bbox 32 2274 822 2316">
     <span class='ocr_line' id='line_1_89' title="bbox 32 2274 822 2316; baseline 0.01 -16"><span class='ocrx_word' id='word_1_586' title='bbox 32 2274 143 2306; x_wconf 79' lang='grc' dir='ltr'>Γὲνναν,</span> <span class='ocrx_word' id='word_1_587' title='bbox 162 2274 255 2301; x_wconf 77' lang='grc' dir='ltr'>καὶτὰ</span> <span class='ocrx_word' id='word_1_588' title='bbox 271 2276 432 2310; x_wconf 77' lang='grc' dir='ltr'>θεοφάνεια,</span> <span class='ocrx_word' id='word_1_589' title='bbox 459 2277 506 2303; x_wconf 76' lang='grc' dir='ltr'><strong>καὶ</strong></span> <span class='ocrx_word' id='word_1_590' title='bbox 527 2278 647 2313; x_wconf 77' lang='grc' dir='ltr'>ἑκάστης</span> <span class='ocrx_word' id='word_1_591' title='bbox 673 2281 822 2316; x_wconf 76' lang='grc' dir='ltr'>ἐῦὀομὰδος</span> 
     </span>
    </p>
   </div>
   <div class='ocr_carea' id='block_1_90' title="bbox 33 2320 824 2359">
    <p class='ocr_par' dir='ltr' id='par_1_90' title="bbox 33 2320 824 2359">
     <span class='ocr_line' id='line_1_90' title="bbox 33 2320 824 2359; baseline 0.009 -12"><span class='ocrx_word' id='word_1_592' title='bbox 33 2320 187 2357; x_wconf 82' lang='grc' dir='ltr'>Κυριακὴν,</span> <span class='ocrx_word' id='word_1_593' title='bbox 214 2322 261 2348; x_wconf 74' lang='grc' dir='ltr'><strong>καὶ</strong></span> <span class='ocrx_word' id='word_1_594' title='bbox 287 2322 316 2348; x_wconf 81' lang='grc' dir='ltr'><strong>ἐν</strong></span> <span class='ocrx_word' id='word_1_595' title='bbox 332 2324 365 2357; x_wconf 83' lang='grc' dir='ltr'><strong>τῇ</strong></span> <span class='ocrx_word' id='word_1_596' title='bbox 393 2324 487 2359; x_wconf 83' lang='grc' dir='ltr'><strong>μνήμῃ</strong></span> <span class='ocrx_word' id='word_1_597' title='bbox 504 2324 552 2350; x_wconf 87' lang='grc' dir='ltr'><strong>τοῦ</strong></span> <span class='ocrx_word' id='word_1_598' title='bbox 569 2325 673 2357; x_wconf 80' lang='grc' dir='ltr'>πάθους</span> <span class='ocrx_word' id='word_1_599' title='bbox 687 2327 742 2353; x_wconf 81' lang='grc' dir='ltr'><strong>τῶν</strong></span> <span class='ocrx_word' id='word_1_600' title='bbox 757 2329 824 2354; x_wconf 75' lang='grc' dir='ltr'>ἀπο-</span> 
     </span>
    </p>
   </div>
   <div class='ocr_carea' id='block_1_91' title="bbox 874 2282 1664 2318">
    <p class='ocr_par' dir='ltr' id='par_1_91' title="bbox 874 2282 1664 2318">
     <span class='ocr_line' id='line_1_91' title="bbox 874 2282 1664 2318; baseline 0.001 -8"><span class='ocrx_word' id='word_1_601' title='bbox 874 2283 989 2315; x_wconf 84' lang='lat' dir='ltr'><strong>Christi,</strong></span> <span class='ocrx_word' id='word_1_602' title='bbox 1007 2288 1032 2310; x_wconf 88' lang='lat' dir='ltr'><strong>et</strong></span> <span class='ocrx_word' id='word_1_603' title='bbox 1049 2282 1250 2317; x_wconf 84' lang='lat' dir='ltr'><strong>Theophaniis,</strong></span> <span class='ocrx_word' id='word_1_604' title='bbox 1276 2288 1303 2310; x_wconf 84' lang='lat' dir='ltr'><strong>et</strong></span> <span class='ocrx_word' id='word_1_605' title='bbox 1326 2284 1472 2317; x_wconf 79' lang='lat' dir='ltr'><strong>cujuslibet</strong></span> <span class='ocrx_word' id='word_1_606' title='bbox 1503 2284 1664 2318; x_wconf 76' lang='lat' dir='ltr'><strong>septimame</strong></span> 
     </span>
    </p>
   </div>
   <div class='ocr_carea' id='block_1_92' title="bbox 875 2329 1663 2364">
    <p class='ocr_par' dir='ltr' id='par_1_92' title="bbox 875 2329 1663 2364">
     <span class='ocr_line' id='line_1_92' title="bbox 875 2329 1663 2364; baseline 0.001 -9"><span class='ocrx_word' id='word_1_607' title='bbox 875 2329 1026 2361; x_wconf 84' lang='lat' dir='ltr'><strong>Dominica,</strong></span> <span class='ocrx_word' id='word_1_608' title='bbox 1044 2329 1113 2356; x_wconf 85' lang='lat' dir='ltr'><strong>etin</strong></span> <span class='ocrx_word' id='word_1_609' title='bbox 1143 2330 1276 2356; x_wconf 85' lang='lat' dir='ltr'><strong>memoria</strong></span> <span class='ocrx_word' id='word_1_610' title='bbox 1304 2329 1442 2364; x_wconf 84' lang='lat' dir='ltr'><strong>passionis</strong></span> <span class='ocrx_word' id='word_1_611' title='bbox 1465 2330 1663 2364; x_wconf 76' lang='lat' dir='ltr'><strong>apostolorum,</strong></span> 
     </span>
    </p>
   </div>
   <div class='ocr_carea' id='block_1_93' title="bbox 609 2375 1036 2409">
    <p class='ocr_par' dir='ltr' id='par_1_93' title="bbox 609 2375 1036 2409">
     <span class='ocr_line' id='line_1_93' title="bbox 609 2375 1036 2409; baseline 0.009 -5"><span class='ocrx_word' id='word_1_612' title='bbox 609 2375 778 2406; x_wconf 84' lang='lat' dir='ltr'><strong>Annibalis</strong></span> <span class='ocrx_word' id='word_1_613' title='bbox 798 2378 928 2408; x_wconf 87' lang='lat' dir='ltr'><strong>Fabroti</strong></span> <span class='ocrx_word' id='word_1_614' title='bbox 943 2382 1036 2409; x_wconf 62' lang='lat' dir='ltr'><strong>notas.</strong></span> 
     </span>
    </p>
   </div>
   <div class='ocr_carea' id='block_1_94' title="bbox 68 2423 816 2462">
    <p class='ocr_par' dir='ltr' id='par_1_94' title="bbox 68 2423 816 2462">
     <span class='ocr_line' id='line_1_94' title="bbox 68 2423 816 2462; baseline 0.007 -11"><span class='ocrx_word' id='word_1_615' title='bbox 68 2424 123 2462; x_wconf 56' lang='lat' dir='ltr'><strong>(8i)</strong></span> <span class='ocrx_word' id='word_1_616' title='bbox 153 2423 298 2451; x_wconf 63' lang='lat' dir='ltr'><strong>Horreum.</strong></span> <span class='ocrx_word' id='word_1_617' title='bbox 331 2424 398 2451; x_wconf 87' lang='lat' dir='ltr'><strong>Nam</strong></span> <span class='ocrx_word' id='word_1_618' title='bbox 431 2425 653 2462; x_wconf 19' lang='lat' dir='ltr'><strong>neerhzereticus</strong></span> <span class='ocrx_word' id='word_1_619' title='bbox 679 2427 816 2462; x_wconf 84' lang='lat' dir='ltr'><strong>ejusmodi</strong></span> 
     </span>
    </p>
   </div>
   <div class='ocr_carea' id='block_1_95' title="bbox 33 2460 816 2499">
    <p class='ocr_par' dir='ltr' id='par_1_95' title="bbox 33 2460 816 2499">
     <span class='ocr_line' id='line_1_95' title="bbox 33 2460 816 2499; baseline 0.009 -14"><span class='ocrx_word' id='word_1_620' title='bbox 33 2461 162 2499; x_wconf 63' lang='lat' dir='ltr'><strong>praedium</strong></span> <span class='ocrx_word' id='word_1_621' title='bbox 178 2466 338 2499; x_wconf 72' lang='lat' dir='ltr'><strong>comparare</strong></span> <span class='ocrx_word' id='word_1_622' title='bbox 355 2464 456 2494; x_wconf 86' lang='lat' dir='ltr'><strong>potest.</strong></span> <span class='ocrx_word' id='word_1_623' title='bbox 471 2460 616 2496; x_wconf 85' lang='lat' dir='ltr'><strong>Theophil.</strong></span> <span class='ocrx_word' id='word_1_624' title='bbox 629 2463 662 2490; x_wconf 84' lang='lat' dir='ltr'><strong>ad</strong></span> <span class='ocrx_word' id='word_1_625' title='bbox 679 2460 731 2499; x_wconf 57' lang='grc' dir='ltr'>ςο.</span> <span class='ocrx_word' id='word_1_626' title='bbox 749 2464 816 2492; x_wconf 72' lang='lat' dir='ltr'><strong>Inst.</strong></span> 
     </span>
    </p>
   </div>
   <div class='ocr_carea' id='block_1_96' title="bbox 33 2494 277 2527">
    <p class='ocr_par' dir='ltr' id='par_1_96' title="bbox 33 2494 277 2527">
     <span class='ocr_line' id='line_1_96' title="bbox 33 2494 277 2527; baseline -0.012 -4"><span class='ocrx_word' id='word_1_627' title='bbox 33 2494 64 2523; x_wconf 69' lang='lat' dir='ltr'><strong>de</strong></span> <span class='ocrx_word' id='word_1_628' title='bbox 80 2494 168 2522; x_wconf 85' lang='lat' dir='ltr'><strong>inutil.</strong></span> <span class='ocrx_word' id='word_1_629' title='bbox 185 2495 277 2527; x_wconf 75' lang='lat' dir='ltr'><strong>stipat.</strong></span> 
     </span>
    </p>
   </div>
   <div class='ocr_carea' id='block_1_97' title="bbox 69 2529 817 2565">
    <p class='ocr_par' dir='ltr' id='par_1_97' title="bbox 69 2529 817 2565">
     <span class='ocr_line' id='line_1_97' title="bbox 69 2529 817 2565; baseline 0.004 -7"><span class='ocrx_word' id='word_1_630' title='bbox 69 2529 296 2565; x_wconf 76' lang='lat' dir='ltr'><strong>(85)Carthaginc</strong></span> <span class='ocrx_word' id='word_1_631' title='bbox 312 2531 380 2558; x_wconf 79' lang='lat' dir='ltr'><strong>ioca.</strong></span> <span class='ocrx_word' id='word_1_632' title='bbox 405 2531 574 2561; x_wconf 82' lang='lat' dir='ltr'><strong>Constitutio</strong></span> <span class='ocrx_word' id='word_1_633' title='bbox 605 2534 689 2561; x_wconf 85' lang='lat' dir='ltr'><strong>missa</strong></span> <span class='ocrx_word' id='word_1_634' title='bbox 715 2539 759 2561; x_wconf 87' lang='lat' dir='ltr'><strong>est</strong></span> <span class='ocrx_word' id='word_1_635' title='bbox 783 2536 817 2562; x_wconf 86' lang='lat' dir='ltr'><strong>ad</strong></span> 
     </span>
    </p>
   </div>
   <div class='ocr_carea' id='block_1_98' title="bbox 35 2565 423 2602">
    <p class='ocr_par' dir='ltr' id='par_1_98' title="bbox 35 2565 423 2602">
     <span class='ocr_line' id='line_1_98' title="bbox 35 2565 423 2602; baseline 0.008 -10"><span class='ocrx_word' id='word_1_636' title='bbox 35 2566 159 2602; x_wconf 79' lang='lat' dir='ltr'><strong>populum</strong></span> <span class='ocrx_word' id='word_1_637' title='bbox 171 2565 423 2602; x_wconf 73' lang='lat' dir='ltr'><strong>Carthagineusem.</strong></span> 
     </span>
    </p>
   </div>
   <div class='ocr_carea' id='block_1_99' title="bbox 69 2599 814 2635">
    <p class='ocr_par' dir='ltr' id='par_1_99' title="bbox 69 2599 814 2635">
     <span class='ocr_line' id='line_1_99' title="bbox 69 2599 814 2635; baseline 0.008 -8"><span class='ocrx_word' id='word_1_638' title='bbox 69 2601 123 2635; x_wconf 82' lang='grc'>(86)</span> <span class='ocrx_word' id='word_1_639' title='bbox 139 2599 313 2627; x_wconf 74' lang='lat' dir='ltr'><strong>Iamdudum.</strong></span> <span class='ocrx_word' id='word_1_640' title='bbox 336 2602 393 2630; x_wconf 85' lang='lat' dir='ltr'><strong>Una</strong></span> <span class='ocrx_word' id='word_1_641' title='bbox 411 2609 499 2632; x_wconf 79' lang='lat' dir='ltr'><strong>estex</strong></span> <span class='ocrx_word' id='word_1_642' title='bbox 525 2605 613 2632; x_wconf 86' lang='lat' dir='ltr'><strong>tribus</strong></span> <span class='ocrx_word' id='word_1_643' title='bbox 639 2604 814 2633; x_wconf 80' lang='lat' dir='ltr'><strong>Constantini</strong></span> 
     </span>
    </p>
   </div>
   <div class='ocr_carea' id='block_1_100' title="bbox 37 2635 679 2670">
    <p class='ocr_par' dir='ltr' id='par_1_100' title="bbox 37 2635 679 2670">
     <span class='ocr_line' id='line_1_100' title="bbox 37 2635 679 2670; baseline 0.003 -5"><span class='ocrx_word' id='word_1_644' title='bbox 37 2635 289 2664; x_wconf 68' lang='lat' dir='ltr'><strong>constitutionibus.</strong></span> <span class='ocrx_word' id='word_1_645' title='bbox 306 2636 451 2667; x_wconf 77' lang='lat' dir='ltr'><strong>Niccullor.</strong></span> <span class='ocrx_word' id='word_1_646' title='bbox 471 2640 518 2666; x_wconf 88' lang='lat' dir='ltr'><strong>lib.</strong></span> <span class='ocrx_word' id='word_1_647' title='bbox 533 2648 579 2670; x_wconf 86' lang='lat' dir='ltr'><strong>vn.</strong></span> <span class='ocrx_word' id='word_1_648' title='bbox 592 2647 617 2666; x_wconf 88' lang='lat' dir='ltr'><strong>c.</strong></span> <span class='ocrx_word' id='word_1_649' title='bbox 635 2639 679 2667; x_wconf 84' lang='lat'><strong>16.</strong></span> 
     </span>
    </p>
   </div>
   <div class='ocr_carea' id='block_1_101' title="bbox 71 2670 814 2710">
    <p class='ocr_par' dir='ltr' id='par_1_101' title="bbox 71 2670 814 2710">
     <span class='ocr_line' id='line_1_101' title="bbox 71 2670 814 2710; baseline 0.004 -12"><span class='ocrx_word' id='word_1_650' title='bbox 71 2671 124 2706; x_wconf 84' lang='lat'><strong>(87)</strong></span> <span class='ocrx_word' id='word_1_651' title='bbox 141 2670 178 2696; x_wconf 78' lang='lat' dir='ltr'><strong>Ac</strong></span> <span class='ocrx_word' id='word_1_652' title='bbox 193 2671 339 2710; x_wconf 37' lang='lat' dir='ltr'><strong>episcopis.</strong></span> <span class='ocrx_word' id='word_1_653' title='bbox 366 2673 435 2710; x_wconf 74' lang='grc' dir='ltr'><strong>Ὑπὸ</strong></span> <span class='ocrx_word' id='word_1_654' title='bbox 468 2675 586 2710; x_wconf 80' lang='grc' dir='ltr'>μάρτυσι</span> <span class='ocrx_word' id='word_1_655' title='bbox 603 2676 659 2706; x_wconf 83' lang='grc' dir='ltr'>τοῖς</span> <span class='ocrx_word' id='word_1_656' title='bbox 688 2675 814 2709; x_wconf 75' lang='grc' dir='ltr'>ἱερεῦσι,,</span> 
     </span>
    </p>
   </div>
   <div class='ocr_carea' id='block_1_102' title="bbox 37 2707 811 2738">
    <p class='ocr_par' dir='ltr' id='par_1_102' title="bbox 37 2707 811 2738">
     <span class='ocr_line' id='line_1_102' title="bbox 37 2707 811 2738; baseline 0.006 -5"><span class='ocrx_word' id='word_1_657' title='bbox 37 2707 213 2734; x_wconf 77' lang='lat' dir='ltr'><strong>Suzomenns.</strong></span> <span class='ocrx_word' id='word_1_658' title='bbox 233 2715 252 2737; x_wconf 83' lang='grc' dir='ltr'><strong>ι,</strong></span> <span class='ocrx_word' id='word_1_659' title='bbox 273 2708 352 2735; x_wconf 85' lang='lat' dir='ltr'><strong>c.19.</strong></span> <span class='ocrx_word' id='word_1_660' title='bbox 382 2707 473 2737; x_wconf 35' lang='lat' dir='ltr'><strong>Addit‘</strong></span> <span class='ocrx_word' id='word_1_661' title='bbox 487 2707 685 2737; x_wconf 69' lang='lat' dir='ltr'><strong>constantiuus</strong></span> <span class='ocrx_word' id='word_1_662' title='bbox 702 2707 728 2736; x_wconf 85' lang='lat' dir='ltr'><strong>in</strong></span> <span class='ocrx_word' id='word_1_663' title='bbox 760 2711 777 2738; x_wconf 91' lang='lat' dir='ltr'><strong>I.</strong></span> <span class='ocrx_word' id='word_1_664' title='bbox 805 2720 811 2738; x_wconf 92' lang='grc' dir='ltr'><strong>ι</strong></span> 
     </span>
    </p>
   </div>
   <div class='ocr_carea' id='block_1_103' title="bbox 37 2740 815 2778">
    <p class='ocr_par' dir='ltr' id='par_1_103' title="bbox 37 2740 815 2778">
     <span class='ocr_line' id='line_1_103' title="bbox 37 2740 815 2778; baseline 0.009 -12"><span class='ocrx_word' id='word_1_665' title='bbox 37 2742 97 2770; x_wconf 76' lang='lat' dir='ltr'><strong>cod.</strong></span> <span class='ocrx_word' id='word_1_666' title='bbox 118 2741 154 2778; x_wconf 62' lang='lat' dir='ltr'><strong>De</strong></span> <span class='ocrx_word' id='word_1_667' title='bbox 169 2740 208 2767; x_wconf 70' lang='lat' dir='ltr'><strong>his</strong></span> <span class='ocrx_word' id='word_1_668' title='bbox 224 2742 269 2776; x_wconf 77' lang='lat' dir='ltr'><strong>qui</strong></span> <span class='ocrx_word' id='word_1_669' title='bbox 293 2743 320 2770; x_wconf 82' lang='lat' dir='ltr'><strong>in</strong></span> <span class='ocrx_word' id='word_1_670' title='bbox 345 2743 419 2771; x_wconf 72' lang='lat' dir='ltr'><strong>Eccl.</strong></span> <span class='ocrx_word' id='word_1_671' title='bbox 448 2746 590 2772; x_wconf 83' lang='lat' dir='ltr'><strong>manumil.</strong></span> <span class='ocrx_word' id='word_1_672' title='bbox 618 2749 645 2772; x_wconf 89' lang='lat' dir='ltr'><strong>et</strong></span> <span class='ocrx_word' id='word_1_673' title='bbox 672 2753 742 2778; x_wconf 81' lang='lat' dir='ltr'><strong>scq.:</strong></span> <span class='ocrx_word' id='word_1_674' title='bbox 774 2746 815 2773; x_wconf 79' lang='lat' dir='ltr'><strong>Ab</strong></span> 
     </span>
    </p>
   </div>
   <div class='ocr_carea' id='block_1_104' title="bbox 38 2776 815 2846">
    <p class='ocr_par' dir='ltr' id='par_1_104' title="bbox 38 2776 815 2846">
     <span class='ocr_line' id='line_1_104' title="bbox 38 2776 815 2813; baseline 0.008 -11"><span class='ocrx_word' id='word_1_675' title='bbox 38 2776 170 2811; x_wconf 61' lang='lat' dir='ltr'><strong>episcopis</strong></span> <span class='ocrx_word' id='word_1_676' title='bbox 187 2783 295 2811; x_wconf 84' lang='lat' dir='ltr'><strong>quoque</strong></span> <span class='ocrx_word' id='word_1_677' title='bbox 315 2782 343 2805; x_wconf 80' lang='lat' dir='ltr'><strong>et</strong></span> <span class='ocrx_word' id='word_1_678' title='bbox 368 2779 477 2807; x_wconf 86' lang='lat' dir='ltr'><strong>clericis</strong></span> <span class='ocrx_word' id='word_1_679' title='bbox 503 2780 689 2807; x_wconf 81' lang='lat' dir='ltr'><strong>manumissos</strong></span> <span class='ocrx_word' id='word_1_680' title='bbox 713 2776 815 2813; x_wconf 75' lang='lat' dir='ltr'><strong>justam</strong></span> 
     </span>
     <span class='ocr_line' id='line_1_105' title="bbox 38 2812 814 2846; baseline 0.01 -10"><span class='ocrx_word' id='word_1_681' title='bbox 38 2812 186 2839; x_wconf 78' lang='lat' dir='ltr'><strong>libertatem</strong></span> <span class='ocrx_word' id='word_1_682' title='bbox 202 2813 349 2846; x_wconf 80' lang='lat' dir='ltr'><strong>consequi;</strong></span> <span class='ocrx_word' id='word_1_683' title='bbox 371 2821 488 2846; x_wconf 83' lang='lat' dir='ltr'><strong>quorum</strong></span> <span class='ocrx_word' id='word_1_684' title='bbox 523 2815 616 2842; x_wconf 79' lang='lat' dir='ltr'><strong>favore</strong></span> <span class='ocrx_word' id='word_1_685' title='bbox 641 2814 814 2844; x_wconf 83' lang='lat' dir='ltr'><strong>Justinianus</strong></span> 
     </span>
    </p>
   </div>
   <div class='ocr_carea' id='block_1_105' title="bbox 39 2846 812 2883">
    <p class='ocr_par' dir='ltr' id='par_1_105' title="bbox 39 2846 812 2883">
     <span class='ocr_line' id='line_1_106' title="bbox 39 2846 812 2883; baseline 0.006 -11"><span class='ocrx_word' id='word_1_686' title='bbox 39 2854 143 2883; x_wconf 66' lang='lat' dir='ltr'><strong>uinoque</strong></span> <span class='ocrx_word' id='word_1_687' title='bbox 162 2846 288 2883; x_wconf 80' lang='lat' dir='ltr'><strong>pleraque</strong></span> <span class='ocrx_word' id='word_1_688' title='bbox 305 2849 452 2881; x_wconf 71' lang='lat' dir='ltr'><strong>singularia</strong></span> <span class='ocrx_word' id='word_1_689' title='bbox 467 2851 655 2883; x_wconf 83' lang='lat' dir='ltr'><strong>constituerat,</strong></span> <span class='ocrx_word' id='word_1_690' title='bbox 673 2857 701 2876; x_wconf 86' lang='lat' dir='ltr'><strong>ut</strong></span> <span class='ocrx_word' id='word_1_691' title='bbox 716 2851 812 2878; x_wconf 82' lang='lat' dir='ltr'><strong>scribit</strong></span> 
     </span>
    </p>
   </div>
   <div class='ocr_carea' id='block_1_106' title="bbox 40 2881 809 2920">
    <p class='ocr_par' dir='ltr' id='par_1_106' title="bbox 40 2881 809 2920">
     <span class='ocr_line' id='line_1_107' title="bbox 40 2881 809 2920; baseline 0.008 -11"><span class='ocrx_word' id='word_1_692' title='bbox 40 2882 176 2909; x_wconf 82' lang='lat' dir='ltr'><strong>Balsamon</strong></span> <span class='ocrx_word' id='word_1_693' title='bbox 194 2881 227 2909; x_wconf 79' lang='lat' dir='ltr'><strong>ad</strong></span> <span class='ocrx_word' id='word_1_694' title='bbox 243 2889 304 2910; x_wconf 82' lang='lat' dir='ltr'><strong>can.</strong></span> <span class='ocrx_word' id='word_1_695' title='bbox 320 2883 365 2915; x_wconf 85' lang='grc'><strong>85,</strong></span> <span class='ocrx_word' id='word_1_696' title='bbox 399 2885 494 2916; x_wconf 78' lang='lat' dir='ltr'><strong>synodi</strong></span> <span class='ocrx_word' id='word_1_697' title='bbox 517 2881 653 2919; x_wconf 27' lang='lat' dir='ltr'><strong>Carthag.‘</strong></span> <span class='ocrx_word' id='word_1_698' title='bbox 666 2894 718 2920; x_wconf 86' lang='lat' dir='ltr'><strong>quo</strong></span> <span class='ocrx_word' id='word_1_699' title='bbox 748 2886 809 2919; x_wconf 79' lang='lat' dir='ltr'><strong>jure</strong></span> 
     </span>
    </p>
   </div>
   <div class='ocr_carea' id='block_1_107' title="bbox 869 2430 1662 2466">
    <p class='ocr_par' dir='ltr' id='par_1_107' title="bbox 869 2430 1662 2466">
     <span class='ocr_line' id='line_1_108' title="bbox 869 2430 1662 2466; baseline 0.003 -10"><span class='ocrx_word' id='word_1_700' title='bbox 869 2438 930 2466; x_wconf 87' lang='lat' dir='ltr'><strong>cum</strong></span> <span class='ocrx_word' id='word_1_701' title='bbox 949 2430 1022 2457; x_wconf 86' lang='lat' dir='ltr'><strong>italia</strong></span> <span class='ocrx_word' id='word_1_702' title='bbox 1036 2430 1138 2457; x_wconf 84' lang='lat' dir='ltr'><strong>dudum</strong></span> <span class='ocrx_word' id='word_1_703' title='bbox 1157 2435 1290 2465; x_wconf 73' lang='lat' dir='ltr'><strong>uteretur,</strong></span> <span class='ocrx_word' id='word_1_704' title='bbox 1309 2432 1412 2466; x_wconf 80' lang='lat' dir='ltr'><strong>placuit</strong></span> <span class='ocrx_word' id='word_1_705' title='bbox 1446 2432 1584 2459; x_wconf 79' lang='lat' dir='ltr'><strong>Africanis</strong></span> <span class='ocrx_word' id='word_1_706' title='bbox 1612 2432 1662 2458; x_wconf 71' lang='lat' dir='ltr'><strong>Pa~</strong></span> 
     </span>
    </p>
   </div>
   <div class='ocr_carea' id='block_1_108' title="bbox 872 2465 1661 2501">
    <p class='ocr_par' dir='ltr' id='par_1_108' title="bbox 872 2465 1661 2501">
     <span class='ocr_line' id='line_1_109' title="bbox 872 2465 1661 2501; baseline 0.003 -9"><span class='ocrx_word' id='word_1_707' title='bbox 872 2465 960 2493; x_wconf 88' lang='lat' dir='ltr'><strong>tribus</strong></span> <span class='ocrx_word' id='word_1_708' title='bbox 995 2466 1141 2501; x_wconf 73' lang='lat' dir='ltr'><strong>Augustini</strong></span> <span class='ocrx_word' id='word_1_709' title='bbox 1164 2467 1314 2501; x_wconf 70' lang='lat' dir='ltr'><strong>suggestio,</strong></span> <span class='ocrx_word' id='word_1_710' title='bbox 1351 2475 1404 2501; x_wconf 86' lang='lat' dir='ltr'><strong>qua</strong></span> <span class='ocrx_word' id='word_1_711' title='bbox 1437 2469 1605 2495; x_wconf 81' lang='lat' dir='ltr'><strong>suadebatur</strong></span> <span class='ocrx_word' id='word_1_712' title='bbox 1632 2471 1661 2494; x_wconf 85' lang='lat' dir='ltr'><strong>ut</strong></span> 
     </span>
    </p>
   </div>
   <div class='ocr_carea' id='block_1_109' title="bbox 871 2501 1660 2536">
    <p class='ocr_par' dir='ltr' id='par_1_109' title="bbox 871 2501 1660 2536">
     <span class='ocr_line' id='line_1_110' title="bbox 871 2501 1660 2536; baseline 0.004 -10"><span class='ocrx_word' id='word_1_713' title='bbox 871 2501 941 2527; x_wconf 79' lang='lat' dir='ltr'><strong>idem</strong></span> <span class='ocrx_word' id='word_1_714' title='bbox 957 2501 1030 2533; x_wconf 79' lang='lat' dir='ltr'><strong>jusa</strong></span> <span class='ocrx_word' id='word_1_715' title='bbox 1056 2501 1179 2535; x_wconf 84' lang='lat' dir='ltr'><strong>principe</strong></span> <span class='ocrx_word' id='word_1_716' title='bbox 1207 2504 1408 2536; x_wconf 71' lang='lat' dir='ltr'><strong>postularetur,</strong></span> <span class='ocrx_word' id='word_1_717' title='bbox 1431 2508 1461 2530; x_wconf 94' lang='lat' dir='ltr'><strong>ut</strong></span> <span class='ocrx_word' id='word_1_718' title='bbox 1489 2507 1598 2530; x_wconf 72' lang='lat' dir='ltr'><strong>constat</strong></span> <span class='ocrx_word' id='word_1_719' title='bbox 1626 2511 1660 2530; x_wconf 78' lang='lat' dir='ltr'><strong>cx</strong></span> 
     </span>
    </p>
   </div>
   <div class='ocr_carea' id='block_1_110' title="bbox 871 2537 1339 2565">
    <p class='ocr_par' dir='ltr' id='par_1_110' title="bbox 871 2537 1339 2565">
     <span class='ocr_line' id='line_1_111' title="bbox 871 2537 1339 2565; baseline 0 -2"><span class='ocrx_word' id='word_1_720' title='bbox 871 2543 973 2563; x_wconf 71' lang='lat' dir='ltr'><strong>Conon.</strong></span> <span class='ocrx_word' id='word_1_721' title='bbox 988 2537 1021 2563; x_wconf 62' lang='lat' dir='ltr'><strong>(iri</strong></span> <span class='ocrx_word' id='word_1_722' title='bbox 1038 2541 1062 2562; x_wconf 78' lang='lat' dir='ltr'><strong>ct</strong></span> <span class='ocrx_word' id='word_1_723' title='bbox 1080 2537 1115 2563; x_wconf 68' lang='lat'><strong>8‘2</strong></span> <span class='ocrx_word' id='word_1_724' title='bbox 1135 2537 1238 2564; x_wconf 76' lang='lat' dir='ltr'><strong>Ecclcs.</strong></span> <span class='ocrx_word' id='word_1_725' title='bbox 1255 2538 1339 2565; x_wconf 77' lang='lat' dir='ltr'><strong>Airic.</strong></span> 
     </span>
    </p>
   </div>
   <div class='ocr_carea' id='block_1_111' title="bbox 906 2571 1548 2606">
    <p class='ocr_par' dir='ltr' id='par_1_111' title="bbox 906 2571 1548 2606">
     <span class='ocr_line' id='line_1_112' title="bbox 906 2571 1548 2606; baseline 0.008 -10"><span class='ocrx_word' id='word_1_726' title='bbox 906 2571 1015 2603; x_wconf 67' lang='lat' dir='ltr'><strong>(88)!)ie</strong></span> <span class='ocrx_word' id='word_1_727' title='bbox 1030 2572 1177 2598; x_wconf 80' lang='lat' dir='ltr'><strong>Dominico.</strong></span> <span class='ocrx_word' id='word_1_728' title='bbox 1192 2573 1258 2599; x_wconf 86' lang='lat' dir='ltr'><strong>Vide</strong></span> <span class='ocrx_word' id='word_1_729' title='bbox 1273 2582 1335 2606; x_wconf 89' lang='lat' dir='ltr'><strong>sup.</strong></span> <span class='ocrx_word' id='word_1_730' title='bbox 1349 2573 1439 2600; x_wconf 78' lang='lat' dir='ltr'><strong>Parnt.</strong></span> <span class='ocrx_word' id='word_1_731' title='bbox 1463 2575 1505 2601; x_wconf 88' lang='lat' dir='ltr'><strong>til.</strong></span> <span class='ocrx_word' id='word_1_732' title='bbox 1524 2574 1548 2601; x_wconf 89' lang='lat'><strong>1.</strong></span> 
     </span>
    </p>
   </div>
   <div class='ocr_carea' id='block_1_112' title="bbox 905 2607 1518 2642">
    <p class='ocr_par' dir='ltr' id='par_1_112' title="bbox 905 2607 1518 2642">
     <span class='ocr_line' id='line_1_113' title="bbox 905 2607 1518 2642; baseline 0.005 -10"><span class='ocrx_word' id='word_1_733' title='bbox 905 2607 960 2639; x_wconf 86' lang='grc'>(89)</span> <span class='ocrx_word' id='word_1_734' title='bbox 975 2607 1168 2641; x_wconf 75' lang='lat' dir='ltr'><strong>Quadraginta.</strong></span> <span class='ocrx_word' id='word_1_735' title='bbox 1186 2607 1253 2634; x_wconf 80' lang='lat' dir='ltr'><strong>Vide</strong></span> <span class='ocrx_word' id='word_1_736' title='bbox 1268 2616 1328 2642; x_wconf 84' lang='lat' dir='ltr'><strong>sup.</strong></span> <span class='ocrx_word' id='word_1_737' title='bbox 1348 2610 1410 2635; x_wconf 69' lang='lat' dir='ltr'><strong>cod.</strong></span> <span class='ocrx_word' id='word_1_738' title='bbox 1429 2610 1518 2636; x_wconf 84' lang='lat' dir='ltr'><strong>l’arat.</strong></span> 
     </span>
    </p>
   </div>
   <div class='ocr_carea' id='block_1_113' title="bbox 903 2642 1656 2678">
    <p class='ocr_par' dir='ltr' id='par_1_113' title="bbox 903 2642 1656 2678">
     <span class='ocr_line' id='line_1_114' title="bbox 903 2642 1656 2678; baseline 0.005 -10"><span class='ocrx_word' id='word_1_739' title='bbox 903 2642 959 2678; x_wconf 77' lang='lat'><strong>(90)</strong></span> <span class='ocrx_word' id='word_1_740' title='bbox 990 2642 1050 2669; x_wconf 89' lang='lat' dir='ltr'><strong>Lib.</strong></span> <span class='ocrx_word' id='word_1_741' title='bbox 1085 2651 1126 2678; x_wconf 70' lang='lat' dir='ltr'><strong>ut.</strong></span> <span class='ocrx_word' id='word_1_742' title='bbox 1157 2643 1196 2669; x_wconf 87' lang='lat' dir='ltr'><strong>tit.</strong></span> <span class='ocrx_word' id='word_1_743' title='bbox 1218 2643 1259 2673; x_wconf 84' lang='grc'><strong>12,</strong></span> <span class='ocrx_word' id='word_1_744' title='bbox 1288 2643 1384 2670; x_wconf 82' lang='lat' dir='ltr'><strong>Const.</strong></span> <span class='ocrx_word' id='word_1_745' title='bbox 1412 2644 1446 2672; x_wconf 73' lang='grc' dir='ltr'><strong>ὅ.</strong></span> <span class='ocrx_word' id='word_1_746' title='bbox 1470 2644 1656 2678; x_wconf 73' lang='lat' dir='ltr'><strong>’l&#39;lwop/mniis.</strong></span> 
     </span>
    </p>
   </div>
   <div class='ocr_carea' id='block_1_114' title="bbox 867 2675 1656 2713">
    <p class='ocr_par' dir='ltr' id='par_1_114' title="bbox 867 2675 1656 2713">
     <span class='ocr_line' id='line_1_115' title="bbox 867 2675 1656 2713; baseline 0.005 -11"><span class='ocrx_word' id='word_1_747' title='bbox 867 2675 895 2702; x_wconf 84' lang='lat' dir='ltr'><strong>in</strong></span> <span class='ocrx_word' id='word_1_748' title='bbox 912 2677 935 2713; x_wconf 17' lang='lat' dir='ltr'><strong>Vl.</strong></span> <span class='ocrx_word' id='word_1_749' title='bbox 951 2675 991 2710; x_wconf 34' lang='lat'><strong>&#39;7,</strong></span> <span class='ocrx_word' id='word_1_750' title='bbox 1008 2686 1032 2704; x_wconf 72' lang='grc' dir='ltr'><strong>ρ.</strong></span> <span class='ocrx_word' id='word_1_751' title='bbox 1061 2678 1092 2705; x_wconf 79' lang='lat' dir='ltr'><strong>de</strong></span> <span class='ocrx_word' id='word_1_752' title='bbox 1109 2677 1159 2712; x_wconf 76' lang='lat' dir='ltr'><strong>fer.</strong></span> <span class='ocrx_word' id='word_1_753' title='bbox 1178 2677 1281 2704; x_wconf 59' lang='lat' dir='ltr'><strong>Brod-mi</strong></span> <span class='ocrx_word' id='word_1_754' title='bbox 1297 2679 1394 2711; x_wconf 75' lang='lat' dir='ltr'><strong>codex,</strong></span> <span class='ocrx_word' id='word_1_755' title='bbox 1430 2675 1656 2713; x_wconf 73' lang='lat' dir='ltr'><strong>Epipliauiarum,</strong></span> 
     </span>
    </p>
   </div>
   <div class='ocr_carea' id='block_1_115' title="bbox 870 2712 1661 2748">
    <p class='ocr_par' dir='ltr' id='par_1_115' title="bbox 870 2712 1661 2748">
     <span class='ocr_line' id='line_1_116' title="bbox 870 2712 1661 2748; baseline 0.003 -10"><span class='ocrx_word' id='word_1_756' title='bbox 870 2712 983 2748; x_wconf 83' lang='lat' dir='ltr'><strong>quidam</strong></span> <span class='ocrx_word' id='word_1_757' title='bbox 1003 2713 1236 2747; x_wconf 84' lang='lat' dir='ltr'><strong>Epiphaniorum.</strong></span> <span class='ocrx_word' id='word_1_758' title='bbox 1252 2719 1318 2740; x_wconf 86' lang='lat' dir='ltr'><strong>utc.</strong></span> <span class='ocrx_word' id='word_1_759' title='bbox 1340 2712 1469 2748; x_wconf 57' lang='lat' dir='ltr'><strong>Menapii,</strong></span> <span class='ocrx_word' id='word_1_760' title='bbox 1500 2715 1543 2741; x_wconf 86' lang='lat' dir='ltr'><strong>alii</strong></span> <span class='ocrx_word' id='word_1_761' title='bbox 1569 2715 1661 2742; x_wconf 83' lang='lat' dir='ltr'><strong>Theo-</strong></span> 
     </span>
    </p>
   </div>
   <div class='ocr_carea' id='block_1_116' title="bbox 872 2747 1659 2782">
    <p class='ocr_par' dir='ltr' id='par_1_116' title="bbox 872 2747 1659 2782">
     <span class='ocr_line' id='line_1_117' title="bbox 872 2747 1659 2782; baseline 0.005 -8"><span class='ocrx_word' id='word_1_762' title='bbox 872 2747 1046 2776; x_wconf 75' lang='lat' dir='ltr'><strong>phaniorum.</strong></span> <span class='ocrx_word' id='word_1_763' title='bbox 1079 2748 1152 2776; x_wconf 83' lang='lat' dir='ltr'><strong>Bals.</strong></span> <span class='ocrx_word' id='word_1_764' title='bbox 1187 2749 1232 2775; x_wconf 78' lang='grc' dir='ltr'><strong>τὰ·</strong></span> <span class='ocrx_word' id='word_1_765' title='bbox 1247 2748 1398 2782; x_wconf 71' lang='grc' dir='ltr'>Θεοφάνεια</span> <span class='ocrx_word' id='word_1_766' title='bbox 1416 2747 1577 2776; x_wconf 81' lang='lat' dir='ltr'><strong>neutraliter</strong></span> <span class='ocrx_word' id='word_1_767' title='bbox 1596 2771 1603 2782; x_wconf 93' lang='lat'><strong>,</strong></span> <span class='ocrx_word' id='word_1_768' title='bbox 1629 2757 1659 2778; x_wconf 86' lang='lat' dir='ltr'><strong>ut</strong></span> 
     </span>
    </p>
   </div>
   <div class='ocr_carea' id='block_1_117' title="bbox 870 2782 1656 2816">
    <p class='ocr_par' dir='ltr' id='par_1_117' title="bbox 870 2782 1656 2816">
     <span class='ocr_line' id='line_1_118' title="bbox 870 2782 1656 2816; baseline 0.005 -8"><span class='ocrx_word' id='word_1_769' title='bbox 870 2782 1112 2816; x_wconf 87' lang='lat' dir='ltr'><strong>Theophaniorum</strong></span> <span class='ocrx_word' id='word_1_770' title='bbox 1132 2784 1228 2816; x_wconf 71' lang='lat' dir='ltr'><strong>legisse</strong></span> <span class='ocrx_word' id='word_1_771' title='bbox 1247 2784 1381 2810; x_wconf 60' lang='lat' dir='ltr'><strong>videatur.</strong></span> <span class='ocrx_word' id='word_1_772' title='bbox 1399 2783 1454 2810; x_wconf 83' lang='lat' dir='ltr'><strong>Hoc</strong></span> <span class='ocrx_word' id='word_1_773' title='bbox 1470 2785 1570 2812; x_wconf 82' lang='lat' dir='ltr'><strong>festum</strong></span> <span class='ocrx_word' id='word_1_774' title='bbox 1602 2785 1656 2812; x_wconf 86' lang='lat' dir='ltr'><strong>La-</strong></span> 
     </span>
    </p>
   </div>
   <div class='ocr_carea' id='block_1_118' title="bbox 870 2817 1654 2852">
    <p class='ocr_par' dir='ltr' id='par_1_118' title="bbox 870 2817 1654 2852">
     <span class='ocr_line' id='line_1_119' title="bbox 870 2817 1654 2852; baseline 0.006 -9"><span class='ocrx_word' id='word_1_775' title='bbox 870 2817 918 2844; x_wconf 90' lang='lat' dir='ltr'><strong>tini</strong></span> <span class='ocrx_word' id='word_1_776' title='bbox 944 2817 1027 2844; x_wconf 90' lang='lat' dir='ltr'><strong>etiam</strong></span> <span class='ocrx_word' id='word_1_777' title='bbox 1055 2823 1163 2845; x_wconf 73' lang='lat' dir='ltr'><strong>veteres</strong></span> <span class='ocrx_word' id='word_1_778' title='bbox 1179 2817 1359 2852; x_wconf 83' lang='lat' dir='ltr'><strong>Epiphaniam</strong></span> <span class='ocrx_word' id='word_1_779' title='bbox 1390 2819 1534 2851; x_wconf 72' lang='lat' dir='ltr'><strong>vocabant,</strong></span> <span class='ocrx_word' id='word_1_780' title='bbox 1564 2819 1654 2848; x_wconf 77' lang='lat' dir='ltr'><strong>Amm.</strong></span> 
     </span>
    </p>
   </div>
   <div class='ocr_carea' id='block_1_119' title="bbox 868 2852 1525 2889">
    <p class='ocr_par' dir='ltr' id='par_1_119' title="bbox 868 2852 1525 2889">
     <span class='ocr_line' id='line_1_120' title="bbox 868 2852 1525 2889; baseline 0.005 -10"><span class='ocrx_word' id='word_1_781' title='bbox 868 2852 1020 2882; x_wconf 79' lang='lat' dir='ltr'><strong>Marcellin.</strong></span> <span class='ocrx_word' id='word_1_782' title='bbox 1040 2852 1139 2880; x_wconf 68' lang='lat' dir='ltr'><strong>“LV.</strong></span> <span class='ocrx_word' id='word_1_783' title='bbox 1157 2852 1239 2889; x_wconf 81' lang='lat' dir='ltr'><strong>Greg.</strong></span> <span class='ocrx_word' id='word_1_784' title='bbox 1261 2853 1328 2881; x_wconf 84' lang='lat' dir='ltr'><strong>Naz.</strong></span> <span class='ocrx_word' id='word_1_785' title='bbox 1345 2862 1386 2882; x_wconf 88' lang='lat' dir='ltr'><strong>or.</strong></span> <span class='ocrx_word' id='word_1_786' title='bbox 1405 2853 1451 2888; x_wconf 77' lang='lat'><strong>38,</strong></span> <span class='ocrx_word' id='word_1_787' title='bbox 1465 2855 1525 2882; x_wconf 87' lang='lat' dir='ltr'><strong>init.</strong></span> 
     </span>
    </p>
   </div>
  </div>
