1892 3071
94 151 169 183 1293

621 153 795 185 CONSTIT.
810 147 964 184 ECCLES.
981 152 1199 186 COLLECTIO.

1654 150 1722 184 1294

92 210 130 244 τῇ
161 209 310 244 ἀνα-πράξει
339 209 390 237 τῶν
421 210 627 245 χορηγηθέντων
647 212 738 242 αὐτοῖς
767 210 870 244 διαρίωι

941 209 1029 236 locum
1044 211 1192 238 introducti
1208 215 1283 243 sunt,
1301 212 1413 246 cauith
1429 217 1586 238 (nt-onmnos
1599 217 1646 244 per
1660 217 1722 237 exa-

138 301 260 337 Ὲγράφη
287 302 367 333 εἰδοῖς
392 303 556 336 Αὐγούστου,
574 302 688 337 ὑπατείᾳ
715 302 883 336 Βελισαρίου.

91 348 147 373 1Α¹.
164 347 254 374 Ὥστε
281 348 317 374 τὰ
333 349 503 381 καλούμενα
526 348 723 382 ἐμφανιστικὰ
748 349 797 374 ἐπὶ
827 347 886 374 τῶν

301 394 462 429 κληρικῶν,
480 395 525 421 καὶ
544 394 673 428 τὰέξῆς.

97 440 132 466 '0
149 441 241 473 αὐτὸς
255 440 405 472 ,βασιλεὺς
422 439 509 474 Μηνᾷ
521 440 678 474 ἐπισκόπῳ
697 441 884 466 Κωνσταντι-

130 487 315 519 νουπόλεως.
332 485 415 519 Παρὰ
435 485 559 512 πολλῶν
569 486 785 520 προσελεύσεις
799 484 883 519 δεχό-

127 541 226 565 μενοι.

131 577 215 603 Μόνοι
230 578 254 604 οἱ
269 577 499 612 χειροτονούμενοι
521 578 550 603 ὲν
565 579 598 613 τῇ
616 577 729 612 Μεγάλῃ
752 577 885 612 ἐκκλησίᾳ

95 623 409 654 Κωνσταντινουπύλεως
428 623 648 650 ἁπαιτείσθωσαν
669 623 830 658 συνηθείας·
860 623 884 648 οἱ

91 669 121 695 δὲ
136 668 190 694 τῶν
199 667 286 694 ἄλλων
298 668 449 701 ἐκκλησιῶν
464 668 601 704 κληρικοὶ,
615 669 792 700 ἀπαιτοῦντες
804 677 885 702 συνη-

92 715 170 746 θείας
188 716 250 746 τοὺς
265 716 293 742 ὲν
308 715 404 746 αὑταῖς
422 715 686 750 χειροτονουμένους,
702 715 751 747 τῆς
767 715 884 749 ἱερωσύ-

93 770 143 796 νης
160 761 381 791 ἐκπιπτέτωσαν,
407 761 462 787 τῶν
474 761 681 796 ἀπαιηθὲντων
705 762 768 794 τοὺς
795 762 884 788 αὐτῶν

93 806 266 837 ὑπεισιόντας
279 805 318 841 [in
336 805 389 832 alio
406 814 455 832 ms.
476 806 665 842 ὑπεισιόντων]
681 806 812 841 βαθμούς.

136 846 260 887 Ἐγράφη
277 852 331 888 πρὸ
343 856 367 886 γ’
380 854 471 879 νὼνων
484 852 657 887 Νοεμϐρίων,
676 853 799 888 βασιλείᾳ
813 853 880 879 Ἰου-

93 897 230 924 στινιανοῦ
246 897 276 924 τὸ
291 901 336 930 ια’,
347 898 415 932 μετὰ
430 897 479 933 τὴν
490 898 622 926 ὑπατείαν
631 898 789 932 Βελισαρίου
802 898 832 924 τὸ
843 901 880 932 γ’.

93 944 238 970 ίνδικτίωνι
256 948 291 970 α’.

93 988 144 1016 ΙΒ’.
165 989 259 1016 Ἔνθα
273 989 352 1022 τινὲς
374 990 556 1022 ἀφίστανται
581 989 731 1024 κληρικοι,
743 989 837 1023 ἕτεροι
852 990 886 1016 δὲ

163 1035 227 1061 ἀντ’
240 1035 341 1063 αὐτῶν
363 1036 649 1068 ἀντικαθίστανται,
665 1036 714 1063 καὶ
730 1036 814 1070 ἑξῆς.

97 1080 130 1106 '0
146 1081 238 1114 αὐτὸς
263 1080 413 1114 ,βασιλεὺς
432 1080 473 1114 τῷ
491 1081 580 1114 αὐτῷ.
607 1082 719 1109 Πολλοὶ
735 1082 886 1115 πολλάκις

417 1129 567 1162 animum].

129 1174 166 1199 Τὸ
182 1174 206 1200 α’
224 1173 370 1208 κεφάλαιον
382 1174 431 1208 τῆς
453 1174 601 1206 διατάξεως
618 1175 727 1207 γενικόν
743 1175 811 1201 ὲστι.
829 1175 882 1201 Κε-

93 1220 165 1246 λεύει
181 1220 236 1254 γὰρ
262 1220 325 1250 τοὺς
344 1219 573 1254 ἀντεισαχοέντας
597 1220 745 1255 κληρικοὶις
773 1220 813 1251 είς
834 1220 883 1255 τὴν

92 1265 170 1297 τάξιν
184 1265 239 1291 τῶν
255 1264 495 1300 ἀναχωρησάντων
523 1263 573 1296 τὰς
597 1265 710 1291 ἐκείνων
721 1264 883 1299 κομίζεσθαι

93 1312 226 1346 σιτήσεις,
239 1312 351 1337 ἐκείνων
366 1310 458 1336 λοιπὸν
483 1311 520 1345 μὴ
547 1310 781 1345 προσδεχομένων.
799 1309 835 1336 Τὸ
860 1310 881 1344 β’

92 1357 243 1390 κεφάλαιον
253 1357 364 1392 τοπικόν
374 1364 380 1370 ·
394 1355 574 1392 προαγορεύει
587 1356 640 1390 γὰρ
653 1357 711 1387 τοῖς
719 1355 881 1387 ἐπισκόποις

92 1402 404 1433 Κωνσταντινουπὸλεως
421 1403 489 1428 κατὰ
503 1402 665 1436 δοκιμασίαν
683 1401 818 1428 ποιεῖσθαι
831 1401 881 1432 τὰς

92 1449 259 1483 χειροτονίας
277 1447 331 1473 τῶν
349 1448 394 1474 ὑπ’
409 1448 507 1478 αὐτοὺς
524 1447 673 1482 κληρικῶν,
699 1447 737 1481 μὴ
755 1448 881 1481 ἐπιστρε-

93 1497 229 1529 φομένους
257 1495 318 1526 ταῖς
345 1495 471 1529 αίῑήσεσι
489 1494 541 1520 τῶν
559 1494 754 1528 προσαγόντων
768 1493 878 1524 αὐτούς·

938 256 1056 283 ctionem
1071 257 1305 291 suppeditatorum
1322 259 1374 284 illis
1390 258 1552 284 diariorum.

973 302 1033 330 Dat.
1051 303 1089 330 id.
1108 305 1176 338 Aug.
1196 304 1327 332 Belisario
1341 312 1397 331 eos.

938 347 983 376 XI.
1002 347 1035 374 Ut
1050 357 1108 382 qua:
1128 350 1290 378 insinuatiua
1305 356 1430 378 vocantur
1446 352 1472 378 in
1498 350 1611 383 clericis,
1628 357 1651 378 et
1669 360 1721 379 ca:—

1301 402 1369 423 [ενα.

939 439 1011 466 Idem
1023 442 1086 474 imp.
1112 441 1197 468 Mente
1221 442 1339 476 episcopo
1365 441 1674 476 Constantinopolitano.
1699 444 1718 468 Α

1113 487 1200 514 multis
1210 488 1284 519 aditi,
1294 492 1318 514 el
1326 495 1384 522 quae
1392 493 1545 522 sequuntur.

968 577 1009 604 Ab
1024 577 1068 608 iis,
1085 577 1131 611 qui
1154 577 1316 604 ordinantur
1342 578 1370 605 in
1391 578 1505 605 ecclesia
1534 578 1634 613 Maiore
1648 579 1720 606 Gon-

936 623 1190 657 stantinopolitana,
1203 623 1416 652 consuetudines
1426 625 1581 659 exiguntor.
1598 626 1718 652 Aliarum

935 677 1001 697 vero
1018 669 1194 697 ecclesiarum
1220 670 1314 697 clerici
1340 670 1374 697 ab
1397 671 1440 703 iis,
1457 671 1504 706 qui
1525 671 1558 698 ad
1575 679 1622 698 eas
1648 671 1723 698 ordi-

935 720 1047 753 nantur.
1076 714 1100 742 si
1133 715 1348 743 consuetudines
1377 717 1511 751 exigant,
1536 717 1718 744 sacerdotium

936 761 1072 792 amittant,
1102 761 1313 794 succedentibus
1342 761 1373 787 ad
1404 762 1503 796 gradus
1534 762 1655 795 ipsorum
1687 762 1721 789 iis

944 807 1022 842 ipsis,
1039 814 1053 833 a
1069 806 1170 840 quibus
1182 811 1284 833 exacta;
1301 808 1511 834 consuetudines
1529 808 1640 834 fuerint.

975 853 1035 880 Dat.
1050 861 1075 879 a.
1087 854 1114 880 d.‘
1130 861 1159 880 In
1169 852 1241 880 Non.
1260 852 1433 886 Novembris,
1453 853 1558 888 imperii
1574 853 1721 880 Iustiniani

939 907 1010 926 anno
1027 900 1182 929 undecimo.
1207 903 1267 934 post
1290 899 1460 926 consulatum
1493 899 1615 926 Bt-lisarii
1631 899 1721 931 tertio,

936 946 1084 973 indictiOne
1101 954 1119 972 I.

937 990 991 1017 XII.
1009 991 1061 1018 Ubi
1074 991 1162 1019 clerici
1174 993 1284 1026 quidam
1307 992 1459 1022 abscedunt,
1476 993 1544 1019 alios
1559 997 1645 1020 autem
1671 999 1719 1018 suo

1129 1038 1186 1064 loco
1200 1039 1372 1071 substituunt,
1381 1044 1405 1065 et
1418 1044 1525 1067 ca’tcra.
1695 1072 1699 1075 ἱ

1007 1079 1081 1106 Idem
1099 1081 1163 1114 imp.
1187 1081 1282 1109 eidem.
1311 1081 1389 1110 Mulli
1403 1092 1470 1117 su'pe
1483 1084 1580 1117 clerici,
1595 1089 1650 1113 etc.

975 1169 1096 1197 Primum
1113 1171 1321 1199 constitutionis
1334 1171 1417 1206 hujus
1434 1177 1516 1206 caput
1527 1173 1653 1208 generale
1668 1179 1719 1201 est.

934 1215 1017 1244 Jubet
1032 1216 1116 1248 enim,
1128 1221 1158 1244 ut
1171 1217 1264 1245 clerici
1277 1218 1323 1252 qui
1341 1218 1479 1254 subrogati
1495 1210 1560 1246 sunt
1588 1220 1614 1246 in
1630 1222 1719 1247 locum

935 1262 1065 1295 aliorum.
1081 1263 1126 1298 qui
1142 1267 1346 1296 successerunt,
1368 1263 1488 1298 ipsorum
1508 1272 1631 1292 annonas
1647 1267 1719 1293 acci-

935 1310 1033 1344 piant.
1059 1317 1108 1336 nec
1134 1309 1195 1336 illos
1223 1309 1352 1343 deincops
1376 1310 1569 1338 admittendos.
1597 1311 1719 1338 Alterum

933 1359 1015 1390 caput
1043 1359 1084 1382 est
1101 1355 1186 1382 locale
1207 1363 1214 1380 :
1238 1362 1299 1382 nam
1321 1355 1464 1382 denuntiat
1487 1357 1623 1391 episcopis
1649 1356 1720 1384 Cou-

933 1400 1191 1434 stantinnpolitanis.
1207 1404 1235 1426 ut
1249 1399 1374 1427 examine
1389 1400 1589 1428 interveniente
1603 1402 1719 1428 clericu-

934 1455 992 1473 rum
1008 1447 1058 1474 sibi
1075 1447 1259 1480 subiectorum
1277 1445 1463 1473 ordinationes
1487 1446 1600 1479 faciant,
1616 1447 1717 1473 nullam

933 1492 1065 1519 habentes
1092 1492 1222 1518 rationem
1257 1491 1418 1525 petitionum
1453 1491 1572 1522 illorum.
1599 1492 1645 1526 qui
1671 1500 1718 1519 eos

92 1543 116 1568 εἰ
137 1543 182 1568 καὶ
199 1543 276 1568 αὐτοὶ
304 1541 435 1576 χορηγίαν
453 1539 593 1567 ποιοῦνται
618 1540 666 1574 τῆς
690 1540 812 1573 δαπάνης
827 1538 870 1564 τῶε

940 1537 1098 1572 producunt,
1116 1537 1178 1563 licet
1205 1537 1255 1570 ipsi
1277 1542 1414 1571 stuuptum
1433 1537 1535 1564 eisdem
1558 1538 1718 1565 venerabili-

91 1587 181 1612 αὐτῶν
192 1586 299 1620 εὺιγῶν
316 1587 408 1618 οἴκων,
425 1586 464 1615 εἰς
484 1585 531 1616 οὓς
545 1585 643 1615 αὐτοὺς
667 1583 772 1616 ἀξιοῦσι
790 1590 880 1618 χειρο-

90 1632 170 1667 τονηθ
176 1633 247 1666 ἧναι.

133 1678 256 1713 Ἐγράςρη
274 1678 399 1712 βασιλείᾳ
415 1676 604 1704 Ίουστινιανοῦ
622 1676 652 1702 τὸ
675 1678 720 1707 ια’,
741 1674 810 1709 μετὰ
829 1674 878 1709 τὴν

91 1724 223 1751 ὑπατείαν
238 1724 406 1756 Βελισαρίου.
601 1738 617 1742 -

90 1769 140 1798 II".
158 1771 227 1804 Περὶ
238 1770 449 1804 μοναστηρίων
461 1770 510 1796 καὶ
518 1768 670 1803 μοναχῶν,
685 1768 732 1795 καὶ
748 1767 784 1794 τὰ
796 1767 877 1804 ἑξῆς.

96 1862 128 1887 ’0
143 1861 236 1893 αὐτὸς
262 1860 412 1892 βασιλεὺς
432 1860 597 1893 Ἐπιφανίῳ
624 1859 780 1891 ἐπισκόπῳ
797 1861 878 1886 Κων-

126 1905 416 1937 στιιντινουπόλεως.
441 1905 467 1930 '0
482 1905 516 1931 ἐν
533 1905 664 1937 ἀσκήσει
678 1905 842 1939 μοναχικῇ.

125 1994 226 2029 Μηδείς
241 1994 411 2021 ὲπιὸαλλέτω
440 1993 541 2025 κτίζειν
571 1995 769 2028 μοναστήριον,
795 1994 820 2019 εί
841 1993 878 2028 μὴ

89 2043 223 2077 πρότερον
236 2042 319 2076 εὐχῆς
334 2040 513 2076 ἡγησαμένης
530 2040 582 2066 ὑπδ
595 2040 642 2066 τοῦ
658 2039 808 2066 ἐπισκόπου
825 2048 877 2065 πα-

89 2090 125 2124 γῇ
138 2090 167 2114 ἐν
182 2089 220 2123 τῷ
228 2089 303 2122 τόπῳ
319 2089 333 2114 ὁ
344 2088 433 2121 τίμιος
445 2087 571 2122 σταυρὸς.

126 2134 229 2168 Μηδεὶς
242 2133 404 2167 λαμϐανέτω
429 2132 696 2167 σχῆμαμοναχικὸν,
713 2133 736 2159 εί
754 2133 792 2168 μὴ
810 2132 877 2167 πρό-

89 2189 169 2216 τερον
185 2180 306 2214 τριετίαν
324 2180 353 2205 ἐν
368 2178 543 2213 μοναστηρίῳ
565 2179 736 2214 καρτερήσῃ,
753 2179 802 2214 τὴν
813 2179 878 2214 περὶ

931 1582 983 1609 bus
1006 1581 1131 1608 domibus
1147 1581 1331 1615 suppeditent,
1354 1581 1386 1607 ad
1412 1589 1480 1616 quas
1509 1580 1570 1609 illos
1596 1582 1717 1610 ordinari

931 1628 1056 1663 cupiunt.

967 1674 1028 1701 Dat.
1042 1674 1148 1708 imperii
1161 1674 1307 1701 Iustiniani
1320 1681 1392 1701 anno
1405 1674 1560 1705 undecimo.
1578 1681 1638 1709 post
1653 1684 1717 1702 cou-

931 1721 1051 1748 sulatum
1069 1721 1192 1747 Belisarii
1214 1721 1305 1748 tertio.

930 1767 999 1794 XIII.
1014 1766 1052 1793 De
1072 1768 1238 1794 nmnastcriie
1273 1772 1297 1793 et
1314 1768 1460 1800 monachis,
1480 1773 1503 1794 et
1519 1776 1576 1802 quae
1601 1776 1715 1802 sequun-

1297 1817 1352 1838 tur.

931 1858 1005 1885 Idem
1019 1859 1082 1892 imp.
1106 1857 1252 1892 Epiphanio
1268 1859 1386 1892 episcopo
1410 1859 1715 1893 uoustnnfiuopolitanu.

973 1904 1040 1936 Vita,
1063 1913 1122 1939 qua:
1141 1905 1179 1938 _in
1208 1903 1394 1931 exercitatione
1423 1904 1548 1942 solitaria
1581 1906 1716 1931 consumi-

967 1956 1020 1982 tur,
1038 1956 1091 1978 etc.

967 1996 1051 2022 Nemo
1064 2001 1206 2024 exstruere
1221 1996 1418 2023 monasterium
1437 1995 1558 2030 incipiat.
1575 1997 1625 2024 nisi
1640 1998 1715 2032 prius

927 2042 1059 2076 precibus
1075 2043 1215 2076 conceptis
1236 2042 1270 2069 ab
1285 2042 1414 2076 episcopo
1428 2041 1517 2069 deﬁxa
1538 2041 1619 2069 fuerit
1634 2043 1660 2069 in
1682 2051 1714 2069 eo

930 2088 990 2114 loco
1007 2095 1072 2114 crux
1091 2087 1267 2115 venerabilis.

964 2134 1089 2161 Habitum
1105 2133 1257 2160 solitarium
1278 2139 1358 2160 nemo
1375 2138 1465 2160 sumat
1477 2133 1528 2160 nisi
1545 2134 1620 2167 prius
1633 2135 1716 2160 trien—

931 2180 1005 2206 nium
1025 2180 1051 2206 in
1068 2179 1233 2207 monasterio
1256 2179 1481 2213 perseveraverit.
1500 2184 1527 2206 et
1540 2179 1566 2206 in
1580 2179 1716 2207 exercita--

90 2226 140 2260 τὴν
152 2225 268 2259 ἄσκησιν
292 2224 495 2258 ἐνδεικνύμενος
526 2224 676 2249 συντονίαν.
709 2224 738 2250 'U
757 2224 784 2250 δὲ
806 2224 870 2250 οὗτοι

944 2226 1006 2252 ioue
1021 2226 1139 2252 studium
1154 2226 1287 2252 intentum
1307 2225 1470 2259 probaverit.
1485 2225 1535 2258 Qui
1550 2233 1614 2252 vero
1630 2227 1712 2252 vitam

91 2271 222 2306 μονάσαε,
248 2271 272 2296 εἰ
300 2269 349 2296 καὶ
372 2269 464 2300 δοῦλός
488 2270 572 2300 ἐστιν,
592 2268 783 2304 ἐλευθεροῦται
809 2270 879 2304 μετὰ

90 2318 221 2353 τριετίαν.
242 2318 271 2343 '0
294 2316 420 2351 ὑποσχὼν
442 2316 508 2349 περὶ
538 2316 733 2346 καταστάσεως
751 2316 878 2350 ζήτησιν,

90 2365 114 2389 εἰ
130 2363 161 2399 δὴ
176 2364 215 2394 είς
230 2363 321 2397 ἕτερον
335 2362 460 2397 μετέλθοι
474 2362 541 2396 βίον,
559 2361 782 2388 καταδουλοῦται.
802 2361 879 2393 Ἐξε-

91 2418 134 2435 στι
151 2410 180 2435 δὲ
196 2409 235 2444 τῷ
250 2409 368 2444 δεσπότῃ
383 2409 461 2442 λόγον
491 2408 625 2438 ἀπαθείας
656 2407 806 2443 παρέχοντι
825 2409 877 2442 πρὸ

88 2456 209 2490 τριετίας
225 2456 269 2482 τὸν
292 2455 358 2481 ἴδιον
371 2456 489 2481 ἐκδικεῖν
503 2454 608 2486 δοῦλον,
626 2454 686 2490 μεθ’
699 2451 737 2481 ὧν
752 2454 877 2488 ὑφείλετο

88 2503 136 2528 καὶ
154 2503 302 2536 εἰσήγαγεν
326 2503 356 2528 ἂν
376 2501 415 2536 τῷ
445 2501 620 2536 μοναστηρίῳ
639 2502 821 2535 πραγμάτων.
845 2501 876 2526 Et

89 2549 117 2575 δὲ
136 2548 220 2582 μηδὲν
237 2548 327 2574 αὐτῶν
353 2547 495 2582 διελεγχθῇ
522 2548 657 2581 πταῖσμα,
681 2547 819 2573 δείκνυται
847 2547 876 2573 δὲ

89 2594 199 2629 σεμνὸς,
215 2595 262 2621 καὶ
276 2594 340 2628 περὶ
355 2593 404 2628 τὴν
429 2593 546 2628 ἄσκησιν
564 2594 710 2624 σπουδαῖος
723 2595 736 2620 ὁ
753 2594 875 2628 οἰκέτης,

87 2641 119 2668 οὐ
134 2640 246 2667 δύναται
263 2641 345 2666 αὑτὸν
357 2640 419 2666 οὐδὲ
436 2640 489 2674 πρὸ
504 2640 553 2674 τῆς
573 2641 695 2673 τριετίας
711 2640 871 2675 λαμϐάνειν.

87 2687 129 2713 Τὰ
145 2687 236 2720 μέντοι
253 2687 415 2722 πράγματα,
432 2686 450 2713 ἃ
465 2687 591 2721 φαίνεται
604 2687 632 2712 ἓν
645 2686 683 2720 τῷ
698 2687 873 2722 μοναστηρίῳ

88 2733 256 2767 εἰσαγαγὼν,
271 2732 425 2768 εἰσπράξει.
444 2733 474 2760 Εἰ
499 2733 527 2759 δὲ
541 2733 670 2760 ἀπολίποι
689 2733 720 2759 τὸ
740 2734 875 2768 μοναστή-

87 2787 146 2814 ριον
160 2777 239 2811 οὗτος
254 2780 335 2809 αὐτὸς
347 2780 361 2805 ὁ
379 2780 498 2814 μονάσας
524 2780 645 2815 οἰκέτης,
664 2780 753 2811 ἔξεστι
778 2780 815 2814 τῷ
830 2780 873 2806 δε-

86 2824 174 2860 σπότῃ
185 2824 275 2852 ’έλκειν
290 2825 371 2852 αὑτὸν
386 2826 424 2858 εἰς
436 2826 569 2853 δουλείαν.

931 2270 1081 2297 solitariam
1110 2270 1146 2296 ita
1164 2269 1245 2296 fuerit
1260 2270 1412 2304 amplexus,
1433 2271 1539 2298 tametsi
1553 2279 1648 2298 servus
1662 2276 1713 2301 est,

931 2319 993 2350 post
1009 2316 1158 2343 triennium
1184 2316 1212 2342 ﬁt
1237 2316 1316 2343 liber.
1341 2316 1391 2348 Qui
1421 2320 1509 2343 status
1534 2317 1713 2351 qumstionem

931 2362 1076 2392 sustinuit.
1099 2362 1121 2388 si
1140 2361 1172 2387 ad
1187 2362 1298 2388 alteram
1312 2362 1393 2388 vitam
1412 2362 1561 2393 transierit,
1583 2360 1609 2388 in
1628 2364 1714 2389 servi-

930 2413 1016 2436 tutem
1046 2409 1204 2436 retrahitur.
1226 2409 1300 2436 Licet
1316 2414 1406 2436 autem
1428 2410 1548 2441 domix-o,
1563 2411 1667 2437 carenti
1680 2410 1713 2436 dr-

930 2462 985 2481 non
1003 2455 1125 2482 lzedendo
1144 2462 1234 2486 servo,
1252 2461 1315 2483 ante
1338 2455 1485 2482 triennium
1506 2457 1643 2483 vindicare
1659 2464 1715 2484 ser-

930 2505 993 2525 vum
1022 2507 1102 2525 suum
1122 2498 1189 2531 cum
1214 2500 1294 2527 rebus
1321 2501 1364 2532 iis.
1389 2509 1458 2536 quas
1483 2501 1594 2528 abstulit
1628 2506 1655 2528 et
1686 2502 1712 2528 in

930 2546 1127 2572 monasterium
1147 2546 1259 2572 invexit.
1279 2546 1306 2573 Si
1323 2555 1386 2574 vero
1403 2547 1505 2574 nullius
1529 2556 1590 2575 eunt
1619 2548 1711 2575 delicti

929 2593 1061 2627 coarguit,
1074 2597 1101 2620 et
1116 2586 1137 2620 si
1159 2599 1266 2620 constet
1291 2601 1353 2621 eum
1377 2594 1519 2622 honestum
1549 2602 1608 2622 esse
1623 2603 1654 2622 ac
1669 2603 1712 2622 sc-

928 2641 1021 2667 dulum
1031 2640 1058 2667 in
1069 2639 1270 2671 exercitatione,
1284 2647 1337 2666 non
1353 2644 1439 2674 potest
1447 2640 1580 2673 ejusmodi
1592 2648 1711 2670 Scrt‘tlttt,

928 2694 962 2713 ne
975 2686 1084 2721 quidem
1100 2690 1162 2712 ante
1190 2686 1336 2712 triennium
1362 2686 1492 2720 recipere.
1519 2685 1710 2712 Verumtamen

926 2739 1045 2765 eas-res,
1059 2739 1128 2766 quas
1144 2731 1232 2765 ipsum
1244 2735 1351 2758 constat
1367 2731 1394 2757 in
1417 2731 1611 2756 monasterium
1637 2731 1698 2756 iure

928 2779 1011 2810 xisse.
1028 2779 1156 2805 dominus
1168 2777 1268 2813 exiget.
1294 2777 1342 2804 Sin
1363 2782 1453 2804 autem
1469 2784 1564 2804 servus
1592 2776 1646 2806 iile,
1664 2777 1709 2809 qui

928 2826 1010 2852 vitam
1042 2825 1220 2852 monasticam
1251 2824 1394 2858 amplexus
1422 2829 1482 2853 est.
1516 2822 1710 2848 monasterium

926 2871 1076 2905 reliquerit,
1088 2871 1191 2897 licitum
1208 2876 1247 2896 est
1263 2870 1383 2902 domino,
1397 2875 1424 2896 ut
1437 2877 1497 2896 eum
1513 2869 1538 2895 in
1551 2867 1710 2895 servitutem

928 2918 984 2943 trah
996 2921 1024 2943 ιι.
