  <div class='ocr_page' id='page_1' title='image "/cluster/home/n/w/nwhite01/storage/ocr_20150623/138/njp.32101077773123/753.png"; bbox 0 0 1892 3071; ppageno 0'>
   <div class='ocr_carea' id='block_1_1' title="bbox 185 108 254 139">
    <p class='ocr_par' dir='ltr' id='par_1_1' title="bbox 185 108 254 139">
     <span class='ocr_line' id='line_1_1' title="bbox 185 108 254 139; baseline -0.014 -1"><span class='ocrx_word' id='word_1_1' title='bbox 185 109 194 138; x_wconf 81' lang='grc'>1</span> <span class='ocrx_word' id='word_1_2' title='bbox 203 108 254 139; x_wconf 67' lang='grc'><strong>299</strong></span> 
     </span>
    </p>
   </div>
   <div class='ocr_carea' id='block_1_2' title="bbox 793 111 1194 142">
    <p class='ocr_par' dir='ltr' id='par_1_2' title="bbox 793 111 1194 142">
     <span class='ocr_line' id='line_1_2' title="bbox 793 111 1194 142; baseline 0.002 -2"><span class='ocrx_word' id='word_1_3' title='bbox 793 111 930 142; x_wconf 82' lang='lat' dir='ltr'><strong>THEOD.</strong></span> <span class='ocrx_word' id='word_1_4' title='bbox 954 111 1069 140; x_wconf 62' lang='lat' dir='ltr'><strong>BALSA</strong></span> <span class='ocrx_word' id='word_1_5' title='bbox 1076 112 1153 142; x_wconf 84' lang='lat' dir='ltr'><strong>MON</strong></span> <span class='ocrx_word' id='word_1_6' title='bbox 1160 113 1194 141; x_wconf 73' lang='lat' dir='ltr'><strong>l5</strong></span> 
     </span>
    </p>
   </div>
   <div class='ocr_carea' id='block_1_3' title="bbox 1744 105 1804 136">
    <p class='ocr_par' dir='ltr' id='par_1_3' title="bbox 1744 105 1804 136">
     <span class='ocr_line' id='line_1_3' title="bbox 1744 105 1804 136; baseline 0 0"><span class='ocrx_word' id='word_1_7' title='bbox 1744 105 1804 136; x_wconf 71' lang='lat'><strong>1300</strong></span> 
     </span>
    </p>
   </div>
   <div class='ocr_carea' id='block_1_4' title="bbox 185 163 962 204">
    <p class='ocr_par' dir='ltr' id='par_1_4' title="bbox 185 165 962 202">
     <span class='ocr_line' id='line_1_4' title="bbox 185 165 962 202; baseline 0.004 -11"><span class='ocrx_word' id='word_1_8' title='bbox 185 165 252 192; x_wconf 89' lang='lat' dir='ltr'><strong>Cum</strong></span> <span class='ocrx_word' id='word_1_9' title='bbox 271 170 416 194; x_wconf 78' lang='lat' dir='ltr'><strong>accusatus</strong></span> <span class='ocrx_word' id='word_1_10' title='bbox 436 167 528 199; x_wconf 82' lang='lat' dir='ltr'><strong>fuerit,</strong></span> <span class='ocrx_word' id='word_1_11' title='bbox 551 166 597 201; x_wconf 86' lang='lat' dir='ltr'><strong>qui</strong></span> <span class='ocrx_word' id='word_1_12' title='bbox 614 166 784 194; x_wconf 89' lang='lat' dir='ltr'><strong>ordinandus</strong></span> <span class='ocrx_word' id='word_1_13' title='bbox 799 172 840 194; x_wconf 89' lang='lat' dir='ltr'><strong>cst</strong></span> <span class='ocrx_word' id='word_1_14' title='bbox 857 167 962 202; x_wconf 77' lang='lat' dir='ltr'><strong>episco-</strong></span> 
     </span>
    </p>
   </div>
   <div class='ocr_carea' id='block_1_5' title="bbox 1039 163 1805 204">
    <p class='ocr_par' dir='ltr' id='par_1_5' title="bbox 1039 163 1805 204">
     <span class='ocr_line' id='line_1_5' title="bbox 1039 163 1805 204; baseline -0.008 -9"><span class='ocrx_word' id='word_1_15' title='bbox 1039 169 1064 195; x_wconf 68' lang='lat'><strong>36</strong></span> <span class='ocrx_word' id='word_1_16' title='bbox 1085 169 1229 204; x_wconf 73' lang='grc' dir='ltr'>μέλλοντος</span> <span class='ocrx_word' id='word_1_17' title='bbox 1243 166 1454 203; x_wconf 76' lang='grc' dir='ltr'><strong>χειροτονεῖσθαι</strong></span> <span class='ocrx_word' id='word_1_18' title='bbox 1476 165 1637 196; x_wconf 80' lang='grc' dir='ltr'>ἐπισκόπου,</span> <span class='ocrx_word' id='word_1_19' title='bbox 1656 165 1672 198; x_wconf 82' lang='grc' dir='ltr'>ἦ</span> <span class='ocrx_word' id='word_1_20' title='bbox 1690 163 1805 198; x_wconf 69' lang='grc' dir='ltr'>πρεσϐυ-</span> 
     </span>
    </p>
   </div>
   <div class='ocr_carea' id='block_1_6' title="bbox 187 212 966 249">
    <p class='ocr_par' dir='ltr' id='par_1_6' title="bbox 187 212 966 249">
     <span class='ocr_line' id='line_1_6' title="bbox 187 212 966 249; baseline 0.004 -10"><span class='ocrx_word' id='word_1_21' title='bbox 187 220 248 246; x_wconf 84' lang='lat' dir='ltr'><strong>pus,</strong></span> <span class='ocrx_word' id='word_1_22' title='bbox 262 212 305 239; x_wconf 89' lang='lat' dir='ltr'><strong>vel</strong></span> <span class='ocrx_word' id='word_1_23' title='bbox 325 213 476 249; x_wconf 72' lang='lat' dir='ltr'><strong>presbyter,</strong></span> <span class='ocrx_word' id='word_1_24' title='bbox 495 214 536 242; x_wconf 86' lang='lat' dir='ltr'><strong>vel</strong></span> <span class='ocrx_word' id='word_1_25' title='bbox 551 213 694 246; x_wconf 84' lang='lat' dir='ltr'><strong>diaconus,</strong></span> <span class='ocrx_word' id='word_1_26' title='bbox 710 214 816 241; x_wconf 86' lang='lat' dir='ltr'><strong>aliusve</strong></span> <span class='ocrx_word' id='word_1_27' title='bbox 837 214 966 246; x_wconf 72' lang='lat' dir='ltr'><strong>clericus,</strong></span> 
     </span>
    </p>
   </div>
   <div class='ocr_carea' id='block_1_7' title="bbox 184 259 966 295">
    <p class='ocr_par' dir='ltr' id='par_1_7' title="bbox 184 259 966 295">
     <span class='ocr_line' id='line_1_7' title="bbox 184 259 966 295; baseline 0.004 -11"><span class='ocrx_word' id='word_1_28' title='bbox 184 264 230 285; x_wconf 85' lang='lat' dir='ltr'><strong>aut</strong></span> <span class='ocrx_word' id='word_1_29' title='bbox 248 259 343 292; x_wconf 86' lang='lat' dir='ltr'><strong>abbas,</strong></span> <span class='ocrx_word' id='word_1_30' title='bbox 362 264 428 287; x_wconf 89' lang='lat' dir='ltr'><strong>tunc</strong></span> <span class='ocrx_word' id='word_1_31' title='bbox 445 261 479 293; x_wconf 88' lang='lat' dir='ltr'><strong>is,</strong></span> <span class='ocrx_word' id='word_1_32' title='bbox 504 260 550 295; x_wconf 85' lang='lat' dir='ltr'><strong>qui</strong></span> <span class='ocrx_word' id='word_1_33' title='bbox 564 260 762 288; x_wconf 85' lang='lat' dir='ltr'><strong>ordinationem</strong></span> <span class='ocrx_word' id='word_1_34' title='bbox 785 260 828 288; x_wconf 89' lang='lat' dir='ltr'><strong>vel</strong></span> <span class='ocrx_word' id='word_1_35' title='bbox 849 260 966 288; x_wconf 87' lang='lat' dir='ltr'><strong>creatio-</strong></span> 
     </span>
    </p>
   </div>
   <div class='ocr_carea' id='block_1_8' title="bbox 184 306 967 340">
    <p class='ocr_par' dir='ltr' id='par_1_8' title="bbox 184 306 967 340">
     <span class='ocr_line' id='line_1_8' title="bbox 184 306 967 340; baseline 0.001 -9"><span class='ocrx_word' id='word_1_36' title='bbox 184 312 244 332; x_wconf 88' lang='lat' dir='ltr'><strong>nem</strong></span> <span class='ocrx_word' id='word_1_37' title='bbox 275 306 414 340; x_wconf 70' lang='lat' dir='ltr'><strong>periiCiet,</strong></span> <span class='ocrx_word' id='word_1_38' title='bbox 431 311 565 340; x_wconf 75' lang='lat' dir='ltr'><strong>praesente</strong></span> <span class='ocrx_word' id='word_1_39' title='bbox 600 311 693 333; x_wconf 86' lang='lat' dir='ltr'><strong>actore</strong></span> <span class='ocrx_word' id='word_1_40' title='bbox 716 314 748 333; x_wconf 85' lang='lat' dir='ltr'><strong>ac</strong></span> <span class='ocrx_word' id='word_1_41' title='bbox 773 306 846 333; x_wconf 92' lang='lat' dir='ltr'><strong>litem</strong></span> <span class='ocrx_word' id='word_1_42' title='bbox 874 313 967 339; x_wconf 88' lang='lat' dir='ltr'><strong>perse-</strong></span> 
     </span>
    </p>
   </div>
   <div class='ocr_carea' id='block_1_9' title="bbox 183 349 965 384">
    <p class='ocr_par' dir='ltr' id='par_1_9' title="bbox 183 349 965 384">
     <span class='ocr_line' id='line_1_9' title="bbox 183 349 965 384; baseline 0 -8"><span class='ocrx_word' id='word_1_43' title='bbox 183 354 297 383; x_wconf 82' lang='lat' dir='ltr'><strong>quente,</strong></span> <span class='ocrx_word' id='word_1_44' title='bbox 312 352 515 384; x_wconf 82' lang='lat' dir='ltr'><strong>accusationem</strong></span> <span class='ocrx_word' id='word_1_45' title='bbox 541 351 688 379; x_wconf 78' lang='lat' dir='ltr'><strong>examinet.</strong></span> <span class='ocrx_word' id='word_1_46' title='bbox 701 350 778 384; x_wconf 84' lang='lat' dir='ltr'><strong>Quod</strong></span> <span class='ocrx_word' id='word_1_47' title='bbox 798 350 819 378; x_wconf 89' lang='lat' dir='ltr'><strong>si</strong></span> <span class='ocrx_word' id='word_1_48' title='bbox 833 349 965 384; x_wconf 85' lang='lat' dir='ltr'><strong>judicium</strong></span> 
     </span>
    </p>
   </div>
   <div class='ocr_carea' id='block_1_10' title="bbox 185 395 967 431">
    <p class='ocr_par' dir='ltr' id='par_1_10' title="bbox 185 395 967 431">
     <span class='ocr_line' id='line_1_10' title="bbox 185 395 967 431; baseline 0 -10"><span class='ocrx_word' id='word_1_49' title='bbox 185 400 261 422; x_wconf 88' lang='lat' dir='ltr'><strong>actor</strong></span> <span class='ocrx_word' id='word_1_50' title='bbox 275 396 387 428; x_wconf 89' lang='lat' dir='ltr'><strong>deserit,</strong></span> <span class='ocrx_word' id='word_1_51' title='bbox 400 397 482 424; x_wconf 86' lang='lat' dir='ltr'><strong>ctiam</strong></span> <span class='ocrx_word' id='word_1_52' title='bbox 497 396 533 423; x_wconf 90' lang='lat' dir='ltr'><strong>ita</strong></span> <span class='ocrx_word' id='word_1_53' title='bbox 549 397 768 431; x_wconf 73' lang='lat' dir='ltr'><strong>disquisitionem</strong></span> <span class='ocrx_word' id='word_1_54' title='bbox 784 395 967 423; x_wconf 85' lang='lat' dir='ltr'><strong>accusationis</strong></span> 
     </span>
    </p>
   </div>
   <div class='ocr_carea' id='block_1_11' title="bbox 182 441 965 476">
    <p class='ocr_par' dir='ltr' id='par_1_11' title="bbox 182 441 965 476">
     <span class='ocr_line' id='line_1_11' title="bbox 182 441 965 476; baseline 0.001 -10"><span class='ocrx_word' id='word_1_55' title='bbox 182 442 420 470; x_wconf 77' lang='lat' dir='ltr'><strong>oceuratissimam</strong></span> <span class='ocrx_word' id='word_1_56' title='bbox 449 441 574 469; x_wconf 89' lang='lat' dir='ltr'><strong>instituat</strong></span> <span class='ocrx_word' id='word_1_57' title='bbox 601 442 670 469; x_wconf 90' lang='lat' dir='ltr'><strong>intra</strong></span> <span class='ocrx_word' id='word_1_58' title='bbox 695 446 751 469; x_wconf 92' lang='lat' dir='ltr'><strong>tres</strong></span> <span class='ocrx_word' id='word_1_59' title='bbox 774 449 883 469; x_wconf 87' lang='lat' dir='ltr'><strong>menses</strong></span> <span class='ocrx_word' id='word_1_60' title='bbox 899 441 938 476; x_wconf 86' lang='lat'><strong>(8)</strong></span> <span class='ocrx_word' id='word_1_61' title='bbox 959 450 965 467; x_wconf 91' lang='lat'><strong>:</strong></span> 
     </span>
    </p>
   </div>
   <div class='ocr_carea' id='block_1_12' title="bbox 183 486 967 522">
    <p class='ocr_par' dir='ltr' id='par_1_12' title="bbox 183 486 967 522">
     <span class='ocr_line' id='line_1_12' title="bbox 183 486 967 522; baseline 0.001 -9"><span class='ocrx_word' id='word_1_62' title='bbox 183 493 215 512; x_wconf 84' lang='lat' dir='ltr'><strong>ac</strong></span> <span class='ocrx_word' id='word_1_63' title='bbox 236 486 258 513; x_wconf 90' lang='lat' dir='ltr'><strong>si</strong></span> <span class='ocrx_word' id='word_1_64' title='bbox 273 487 382 521; x_wconf 89' lang='lat' dir='ltr'><strong>quidem</strong></span> <span class='ocrx_word' id='word_1_65' title='bbox 401 495 475 514; x_wconf 89' lang='lat' dir='ltr'><strong>reum</strong></span> <span class='ocrx_word' id='word_1_66' title='bbox 489 488 611 514; x_wconf 90' lang='lat' dir='ltr'><strong>inveniat</strong></span> <span class='ocrx_word' id='word_1_67' title='bbox 627 488 713 520; x_wconf 89' lang='lat' dir='ltr'><strong>ilium,</strong></span> <span class='ocrx_word' id='word_1_68' title='bbox 727 488 772 522; x_wconf 91' lang='lat' dir='ltr'><strong>qui</strong></span> <span class='ocrx_word' id='word_1_69' title='bbox 798 487 967 515; x_wconf 89' lang='lat' dir='ltr'><strong>ordinandus</strong></span> 
     </span>
    </p>
   </div>
   <div class='ocr_carea' id='block_1_13' title="bbox 184 532 967 565">
    <p class='ocr_par' dir='ltr' id='par_1_13' title="bbox 184 532 967 565">
     <span class='ocr_line' id='line_1_13' title="bbox 184 532 967 565; baseline 0.001 -7"><span class='ocrx_word' id='word_1_70' title='bbox 184 536 236 564; x_wconf 85' lang='lat' dir='ltr'><strong>est,</strong></span> <span class='ocrx_word' id='word_1_71' title='bbox 251 533 309 559; x_wconf 89' lang='lat' dir='ltr'><strong>sive</strong></span> <span class='ocrx_word' id='word_1_72' title='bbox 326 533 476 559; x_wconf 89' lang='lat' dir='ltr'><strong>secundum</strong></span> <span class='ocrx_word' id='word_1_73' title='bbox 499 541 619 561; x_wconf 84' lang='lat' dir='ltr'><strong>canones</strong></span> <span class='ocrx_word' id='word_1_74' title='bbox 639 534 697 560; x_wconf 87' lang='lat' dir='ltr'><strong>sive</strong></span> <span class='ocrx_word' id='word_1_75' title='bbox 721 532 871 560; x_wconf 87' lang='lat' dir='ltr'><strong>secundum</strong></span> <span class='ocrx_word' id='word_1_76' title='bbox 893 533 967 565; x_wconf 82' lang='lat' dir='ltr'><strong>leges</strong></span> 
     </span>
    </p>
   </div>
   <div class='ocr_carea' id='block_1_14' title="bbox 186 578 965 610">
    <p class='ocr_par' dir='ltr' id='par_1_14' title="bbox 186 578 965 610">
     <span class='ocr_line' id='line_1_14' title="bbox 186 578 965 610; baseline 0 -6"><span class='ocrx_word' id='word_1_77' title='bbox 186 578 292 610; x_wconf 86' lang='lat' dir='ltr'><strong>civiles,</strong></span> <span class='ocrx_word' id='word_1_78' title='bbox 309 578 509 606; x_wconf 67' lang='lat' dir='ltr'><strong>ordinationem</strong></span> <span class='ocrx_word' id='word_1_79' title='bbox 530 578 646 606; x_wconf 72' lang='lat' dir='ltr'><strong>differat.</strong></span> <span class='ocrx_word' id='word_1_80' title='bbox 669 579 821 606; x_wconf 75' lang='lat' dir='ltr'><strong>Accusator</strong></span> <span class='ocrx_word' id='word_1_81' title='bbox 836 582 927 605; x_wconf 84' lang='lat' dir='ltr'><strong>autem</strong></span> <span class='ocrx_word' id='word_1_82' title='bbox 943 578 965 604; x_wconf 85' lang='lat' dir='ltr'><strong>si</strong></span> 
     </span>
    </p>
   </div>
   <div class='ocr_carea' id='block_1_15' title="bbox 183 623 967 659">
    <p class='ocr_par' dir='ltr' id='par_1_15' title="bbox 183 623 967 659">
     <span class='ocr_line' id='line_1_15' title="bbox 183 623 967 659; baseline -0.001 -9"><span class='ocrx_word' id='word_1_83' title='bbox 183 632 237 650; x_wconf 86' lang='lat' dir='ltr'><strong>nun</strong></span> <span class='ocrx_word' id='word_1_84' title='bbox 263 624 428 658; x_wconf 82' lang='lat' dir='ltr'><strong>probaverit,</strong></span> <span class='ocrx_word' id='word_1_85' title='bbox 454 625 495 651; x_wconf 87' lang='lat' dir='ltr'><strong>vel</strong></span> <span class='ocrx_word' id='word_1_86' title='bbox 521 624 670 659; x_wconf 78' lang='lat' dir='ltr'><strong>aufugerit,</strong></span> <span class='ocrx_word' id='word_1_87' title='bbox 681 624 703 651; x_wconf 89' lang='lat' dir='ltr'><strong>si</strong></span> <span class='ocrx_word' id='word_1_88' title='bbox 722 623 832 658; x_wconf 85' lang='lat' dir='ltr'><strong>quidem</strong></span> <span class='ocrx_word' id='word_1_89' title='bbox 849 623 967 649; x_wconf 84' lang='lat' dir='ltr'><strong>clericus</strong></span> 
     </span>
    </p>
   </div>
   <div class='ocr_carea' id='block_1_16' title="bbox 183 669 967 704">
    <p class='ocr_par' dir='ltr' id='par_1_16' title="bbox 183 669 967 704">
     <span class='ocr_line' id='line_1_16' title="bbox 183 669 967 704; baseline 0.001 -9"><span class='ocrx_word' id='word_1_90' title='bbox 183 675 236 702; x_wconf 89' lang='lat' dir='ltr'><strong>est,</strong></span> <span class='ocrx_word' id='word_1_91' title='bbox 260 670 345 704; x_wconf 82' lang='lat' dir='ltr'><strong>gradu</strong></span> <span class='ocrx_word' id='word_1_92' title='bbox 379 678 430 697; x_wconf 88' lang='lat' dir='ltr'><strong>suo</strong></span> <span class='ocrx_word' id='word_1_93' title='bbox 451 669 587 703; x_wconf 84' lang='lat' dir='ltr'><strong>dejicitor,</strong></span> <span class='ocrx_word' id='word_1_94' title='bbox 619 670 662 697; x_wconf 87' lang='lat' dir='ltr'><strong>sin</strong></span> <span class='ocrx_word' id='word_1_95' title='bbox 688 669 784 701; x_wconf 88' lang='lat' dir='ltr'><strong>laicus,</strong></span> <span class='ocrx_word' id='word_1_96' title='bbox 809 669 967 703; x_wconf 77' lang='lat' dir='ltr'><strong>castigatio-</strong></span> 
     </span>
    </p>
   </div>
   <div class='ocr_carea' id='block_1_17' title="bbox 183 714 965 750">
    <p class='ocr_par' dir='ltr' id='par_1_17' title="bbox 183 714 965 750">
     <span class='ocr_line' id='line_1_17' title="bbox 183 714 965 750; baseline -0.004 -8"><span class='ocrx_word' id='word_1_97' title='bbox 183 723 245 742; x_wconf 85' lang='lat' dir='ltr'><strong>nem</strong></span> <span class='ocrx_word' id='word_1_98' title='bbox 262 720 459 750; x_wconf 82' lang='lat' dir='ltr'><strong>competentem</strong></span> <span class='ocrx_word' id='word_1_99' title='bbox 474 715 619 742; x_wconf 81' lang='lat' dir='ltr'><strong>sustinete.</strong></span> <span class='ocrx_word' id='word_1_100' title='bbox 630 714 695 748; x_wconf 63' lang='lat' dir='ltr'><strong>Quae</strong></span> <span class='ocrx_word' id='word_1_101' title='bbox 706 714 728 742; x_wconf 92' lang='lat' dir='ltr'><strong>si</strong></span> <span class='ocrx_word' id='word_1_102' title='bbox 742 721 795 741; x_wconf 91' lang='lat' dir='ltr'><strong>non</strong></span> <span class='ocrx_word' id='word_1_103' title='bbox 811 717 965 743; x_wconf 84' lang='lat' dir='ltr'><strong>serventur,</strong></span> 
     </span>
    </p>
   </div>
   <div class='ocr_carea' id='block_1_18' title="bbox 183 757 965 793">
    <p class='ocr_par' dir='ltr' id='par_1_18' title="bbox 183 757 965 793">
     <span class='ocr_line' id='line_1_18' title="bbox 183 757 965 793; baseline -0.004 -6"><span class='ocrx_word' id='word_1_104' title='bbox 183 760 364 787; x_wconf 86' lang='lat' dir='ltr'><strong>consimiliter</strong></span> <span class='ocrx_word' id='word_1_105' title='bbox 385 763 439 787; x_wconf 90' lang='lat' dir='ltr'><strong>tam</strong></span> <span class='ocrx_word' id='word_1_106' title='bbox 460 759 494 793; x_wconf 87' lang='lat' dir='ltr'><strong>is,</strong></span> <span class='ocrx_word' id='word_1_107' title='bbox 514 759 558 793; x_wconf 87' lang='lat' dir='ltr'><strong>qui</strong></span> <span class='ocrx_word' id='word_1_108' title='bbox 574 759 694 792; x_wconf 87' lang='lat' dir='ltr'><strong>ordinat,</strong></span> <span class='ocrx_word' id='word_1_109' title='bbox 720 766 802 793; x_wconf 91' lang='lat' dir='ltr'><strong>quam</strong></span> <span class='ocrx_word' id='word_1_110' title='bbox 819 758 866 793; x_wconf 90' lang='lat' dir='ltr'><strong>qui</strong></span> <span class='ocrx_word' id='word_1_111' title='bbox 890 757 965 785; x_wconf 82' lang='lat' dir='ltr'><strong>ordi-</strong></span> 
     </span>
    </p>
   </div>
   <div class='ocr_carea' id='block_1_19' title="bbox 1018 209 1802 249">
    <p class='ocr_par' dir='ltr' id='par_1_19' title="bbox 1018 209 1802 249">
     <span class='ocr_line' id='line_1_19' title="bbox 1018 209 1802 249; baseline -0.009 -8"><span class='ocrx_word' id='word_1_112' title='bbox 1018 213 1111 248; x_wconf 79' lang='grc' dir='ltr'>τέρου,</span> <span class='ocrx_word' id='word_1_113' title='bbox 1124 214 1140 249; x_wconf 86' lang='grc' dir='ltr'><strong>ἢ</strong></span> <span class='ocrx_word' id='word_1_114' title='bbox 1156 213 1293 246; x_wconf 76' lang='grc' dir='ltr'><strong>διακόνου,</strong></span> <span class='ocrx_word' id='word_1_115' title='bbox 1314 213 1329 248; x_wconf 84' lang='grc' dir='ltr'>ἢ</span> <span class='ocrx_word' id='word_1_116' title='bbox 1342 212 1423 238; x_wconf 86' lang='grc' dir='ltr'>ἄλλου</span> <span class='ocrx_word' id='word_1_117' title='bbox 1438 209 1583 246; x_wconf 79' lang='grc' dir='ltr'>κληριιιοῦ,</span> <span class='ocrx_word' id='word_1_118' title='bbox 1598 209 1615 244; x_wconf 81' lang='grc' dir='ltr'><strong>ἢ</strong></span> <span class='ocrx_word' id='word_1_119' title='bbox 1636 209 1802 244; x_wconf 71' lang='grc' dir='ltr'>ἡγουμένου,</span> 
     </span>
    </p>
   </div>
   <div class='ocr_carea' id='block_1_20' title="bbox 1017 254 1804 295">
    <p class='ocr_par' dir='ltr' id='par_1_20' title="bbox 1017 254 1804 295">
     <span class='ocr_line' id='line_1_20' title="bbox 1017 254 1804 295; baseline -0.009 -9"><span class='ocrx_word' id='word_1_120' title='bbox 1017 260 1032 285; x_wconf 85' lang='grc' dir='ltr'><strong><em>ὁ</em></strong></span> <span class='ocrx_word' id='word_1_121' title='bbox 1047 260 1151 294; x_wconf 78' lang='grc' dir='ltr'>μέλλων</span> <span class='ocrx_word' id='word_1_122' title='bbox 1167 260 1217 295; x_wconf 82' lang='grc' dir='ltr'><strong>τὴν</strong></span> <span class='ocrx_word' id='word_1_123' title='bbox 1234 258 1405 294; x_wconf 81' lang='grc' dir='ltr'>χειροτονίαν</span> <span class='ocrx_word' id='word_1_124' title='bbox 1416 257 1433 292; x_wconf 88' lang='grc' dir='ltr'>ἢ</span> <span class='ocrx_word' id='word_1_125' title='bbox 1450 257 1499 292; x_wconf 87' lang='grc' dir='ltr'><strong>τὴν</strong></span> <span class='ocrx_word' id='word_1_126' title='bbox 1514 255 1653 291; x_wconf 75' lang='grc' dir='ltr'>προϐολὴν</span> <span class='ocrx_word' id='word_1_127' title='bbox 1669 254 1804 280; x_wconf 65' lang='grc' dir='ltr'>ποιεῖσθαι</span> 
     </span>
    </p>
   </div>
   <div class='ocr_carea' id='block_1_21' title="bbox 1019 301 1804 340">
    <p class='ocr_par' dir='ltr' id='par_1_21' title="bbox 1019 301 1804 340">
     <span class='ocr_line' id='line_1_21' title="bbox 1019 301 1804 340; baseline -0.008 -8"><span class='ocrx_word' id='word_1_128' title='bbox 1019 305 1153 340; x_wconf 83' lang='grc' dir='ltr'>παρόντος</span> <span class='ocrx_word' id='word_1_129' title='bbox 1168 305 1215 332; x_wconf 85' lang='grc' dir='ltr'>τοῦ</span> <span class='ocrx_word' id='word_1_130' title='bbox 1237 305 1390 340; x_wconf 75' lang='grc' dir='ltr'><strong>κατηγόρου</strong></span> <span class='ocrx_word' id='word_1_131' title='bbox 1413 304 1460 330; x_wconf 78' lang='grc' dir='ltr'>καὶ</span> <span class='ocrx_word' id='word_1_132' title='bbox 1476 302 1631 335; x_wconf 80' lang='grc' dir='ltr'>ἐπεξιόντος</span> <span class='ocrx_word' id='word_1_133' title='bbox 1655 301 1804 334; x_wconf 75' lang='grc' dir='ltr'>ἐξεταζέτω</span> 
     </span>
    </p>
   </div>
   <div class='ocr_carea' id='block_1_22' title="bbox 1018 346 1806 386">
    <p class='ocr_par' dir='ltr' id='par_1_22' title="bbox 1018 346 1806 386">
     <span class='ocr_line' id='line_1_22' title="bbox 1018 346 1806 386; baseline -0.008 -8"><span class='ocrx_word' id='word_1_134' title='bbox 1018 351 1067 386; x_wconf 84' lang='grc' dir='ltr'><strong>τὴν</strong></span> <span class='ocrx_word' id='word_1_135' title='bbox 1081 351 1258 386; x_wconf 84' lang='grc' dir='ltr'>κατηγορίαν.</span> <span class='ocrx_word' id='word_1_136' title='bbox 1275 351 1306 377; x_wconf 88' lang='grc' dir='ltr'>Εί</span> <span class='ocrx_word' id='word_1_137' title='bbox 1319 350 1346 376; x_wconf 80' lang='grc' dir='ltr'><strong>δὲ</strong></span> <span class='ocrx_word' id='word_1_138' title='bbox 1363 349 1593 384; x_wconf 77' lang='grc' dir='ltr'>ἀπολιμπάνεται,</span> <span class='ocrx_word' id='word_1_139' title='bbox 1610 347 1746 375; x_wconf 73' lang='grc' dir='ltr'>ποιείσθω</span> <span class='ocrx_word' id='word_1_140' title='bbox 1760 346 1806 372; x_wconf 77' lang='grc' dir='ltr'>καὶ</span> 
     </span>
    </p>
   </div>
   <div class='ocr_carea' id='block_1_23' title="bbox 1018 391 1804 430">
    <p class='ocr_par' dir='ltr' id='par_1_23' title="bbox 1018 391 1804 430">
     <span class='ocr_line' id='line_1_23' title="bbox 1018 391 1804 430; baseline -0.008 -8"><span class='ocrx_word' id='word_1_141' title='bbox 1018 395 1089 422; x_wconf 84' lang='grc' dir='ltr'>οὕτω</span> <span class='ocrx_word' id='word_1_142' title='bbox 1117 396 1231 430; x_wconf 82' lang='grc' dir='ltr'>ζήτησιν</span> <span class='ocrx_word' id='word_1_143' title='bbox 1248 395 1451 430; x_wconf 75' lang='grc' dir='ltr'>ἀκριϐεστάτην</span> <span class='ocrx_word' id='word_1_144' title='bbox 1472 394 1521 428; x_wconf 87' lang='grc' dir='ltr'>τῆς</span> <span class='ocrx_word' id='word_1_145' title='bbox 1543 392 1720 427; x_wconf 75' lang='grc' dir='ltr'><strong>κατηγορίας</strong></span> <span class='ocrx_word' id='word_1_146' title='bbox 1742 391 1804 417; x_wconf 67' lang='lat' dir='ltr'><strong>erant</strong></span> 
     </span>
    </p>
   </div>
   <div class='ocr_carea' id='block_1_24' title="bbox 1020 437 1805 477">
    <p class='ocr_par' dir='ltr' id='par_1_24' title="bbox 1020 437 1805 477">
     <span class='ocr_line' id='line_1_24' title="bbox 1020 437 1805 477; baseline -0.008 -9"><span class='ocrx_word' id='word_1_147' title='bbox 1020 442 1113 477; x_wconf 84' lang='grc' dir='ltr'>μηνῶν</span> <span class='ocrx_word' id='word_1_148' title='bbox 1128 441 1230 476; x_wconf 83' lang='grc' dir='ltr'>τριῶν·</span> <span class='ocrx_word' id='word_1_149' title='bbox 1256 441 1304 467; x_wconf 75' lang='grc' dir='ltr'>καὶ</span> <span class='ocrx_word' id='word_1_150' title='bbox 1328 441 1465 475; x_wconf 77' lang='grc' dir='ltr'><strong>εὑρίσκων</strong></span> <span class='ocrx_word' id='word_1_151' title='bbox 1490 440 1577 466; x_wconf 73' lang='grc' dir='ltr'>αἴτιον</span> <span class='ocrx_word' id='word_1_152' title='bbox 1603 438 1650 465; x_wconf 70' lang='grc' dir='ltr'>τὸν</span> <span class='ocrx_word' id='word_1_153' title='bbox 1675 437 1805 472; x_wconf 79' lang='grc' dir='ltr'>μέλλοντα</span> 
     </span>
    </p>
   </div>
   <div class='ocr_carea' id='block_1_25' title="bbox 1018 484 1805 522">
    <p class='ocr_par' dir='ltr' id='par_1_25' title="bbox 1018 484 1805 522">
     <span class='ocr_line' id='line_1_25' title="bbox 1018 484 1805 522; baseline -0.006 -8"><span class='ocrx_word' id='word_1_154' title='bbox 1018 486 1244 522; x_wconf 72' lang='grc' dir='ltr'><strong>χειροτονεῖσθαι,</strong></span> <span class='ocrx_word' id='word_1_155' title='bbox 1259 487 1315 513; x_wconf 84' lang='grc' dir='ltr'>εῐτε</span> <span class='ocrx_word' id='word_1_156' title='bbox 1342 486 1413 512; x_wconf 76' lang='grc' dir='ltr'>κατὰ</span> <span class='ocrx_word' id='word_1_157' title='bbox 1430 487 1494 517; x_wconf 74' lang='grc' dir='ltr'>τοὺς</span> <span class='ocrx_word' id='word_1_158' title='bbox 1516 485 1646 516; x_wconf 82' lang='grc' dir='ltr'><strong>κανόνας,</strong></span> <span class='ocrx_word' id='word_1_159' title='bbox 1661 484 1719 510; x_wconf 76' lang='grc' dir='ltr'>εἴτε</span> <span class='ocrx_word' id='word_1_160' title='bbox 1738 484 1805 510; x_wconf 67' lang='grc' dir='ltr'>κατὰ.</span> 
     </span>
    </p>
   </div>
   <div class='ocr_carea' id='block_1_26' title="bbox 1017 529 1806 565">
    <p class='ocr_par' dir='ltr' id='par_1_26' title="bbox 1017 529 1806 565">
     <span class='ocr_line' id='line_1_26' title="bbox 1017 529 1806 565; baseline -0.008 -6"><span class='ocrx_word' id='word_1_161' title='bbox 1017 534 1082 564; x_wconf 79' lang='grc' dir='ltr'>τοὺς</span> <span class='ocrx_word' id='word_1_162' title='bbox 1098 531 1255 563; x_wconf 79' lang='grc' dir='ltr'>πολιτικοὺς</span> <span class='ocrx_word' id='word_1_163' title='bbox 1275 532 1389 562; x_wconf 88' lang='grc' dir='ltr'>τύπους,</span> <span class='ocrx_word' id='word_1_164' title='bbox 1413 530 1602 565; x_wconf 79' lang='grc' dir='ltr'>ὑπερτιθέσθω</span> <span class='ocrx_word' id='word_1_165' title='bbox 1619 529 1670 564; x_wconf 83' lang='grc' dir='ltr'><strong>τὴν</strong></span> <span class='ocrx_word' id='word_1_166' title='bbox 1692 536 1806 564; x_wconf 74' lang='grc' dir='ltr'>χειροτο·</span> 
     </span>
    </p>
   </div>
   <div class='ocr_carea' id='block_1_27' title="bbox 1019 573 1807 611">
    <p class='ocr_par' dir='ltr' id='par_1_27' title="bbox 1019 573 1807 611">
     <span class='ocr_line' id='line_1_27' title="bbox 1019 573 1807 611; baseline -0.008 -7"><span class='ocrx_word' id='word_1_167' title='bbox 1019 579 1090 604; x_wconf 70' lang='lat' dir='ltr'><strong>victv.</strong></span> <span class='ocrx_word' id='word_1_168' title='bbox 1107 577 1179 604; x_wconf 53' lang='lat'><strong>&#39;05:</strong></span> <span class='ocrx_word' id='word_1_169' title='bbox 1199 577 1365 611; x_wconf 80' lang='grc' dir='ltr'>κατήγορος,</span> <span class='ocrx_word' id='word_1_170' title='bbox 1382 576 1420 611; x_wconf 90' lang='grc' dir='ltr'><strong>μὴ</strong></span> <span class='ocrx_word' id='word_1_171' title='bbox 1439 576 1540 604; x_wconf 74' lang='grc' dir='ltr'>συστὰς</span> <span class='ocrx_word' id='word_1_172' title='bbox 1563 575 1579 609; x_wconf 78' lang='grc' dir='ltr'>ἦ</span> <span class='ocrx_word' id='word_1_173' title='bbox 1603 573 1768 608; x_wconf 70' lang='grc' dir='ltr'>ἀποφυγὼν,</span> <span class='ocrx_word' id='word_1_174' title='bbox 1785 573 1807 598; x_wconf 79' lang='grc' dir='ltr'><strong>εί</strong></span> 
     </span>
    </p>
   </div>
   <div class='ocr_carea' id='block_1_28' title="bbox 1020 617 1804 658">
    <p class='ocr_par' dir='ltr' id='par_1_28' title="bbox 1020 617 1804 658">
     <span class='ocr_line' id='line_1_28' title="bbox 1020 617 1804 658; baseline -0.008 -8"><span class='ocrx_word' id='word_1_175' title='bbox 1020 623 1067 658; x_wconf 78' lang='grc' dir='ltr'>μὲν</span> <span class='ocrx_word' id='word_1_176' title='bbox 1082 623 1212 658; x_wconf 85' lang='grc' dir='ltr'>κληρικός</span> <span class='ocrx_word' id='word_1_177' title='bbox 1229 624 1313 653; x_wconf 70' lang='grc' dir='ltr'>ἐστιν,</span> <span class='ocrx_word' id='word_1_178' title='bbox 1329 622 1483 654; x_wconf 76' lang='grc' dir='ltr'><strong>ἐξωθείσθω</strong></span> <span class='ocrx_word' id='word_1_179' title='bbox 1502 621 1550 647; x_wconf 78' lang='grc' dir='ltr'><strong>τοῦ</strong></span> <span class='ocrx_word' id='word_1_180' title='bbox 1565 620 1670 647; x_wconf 75' lang='grc' dir='ltr'>οἰκείου</span> <span class='ocrx_word' id='word_1_181' title='bbox 1686 617 1804 654; x_wconf 69' lang='grc' dir='ltr'>βαθμοῖν</span> 
     </span>
    </p>
   </div>
   <div class='ocr_carea' id='block_1_29' title="bbox 1017 664 1807 700">
    <p class='ocr_par' dir='ltr' id='par_1_29' title="bbox 1017 664 1807 700">
     <span class='ocr_line' id='line_1_29' title="bbox 1017 664 1807 700; baseline -0.008 -6"><span class='ocrx_word' id='word_1_182' title='bbox 1017 669 1042 694; x_wconf 83' lang='grc' dir='ltr'>εἰ</span> <span class='ocrx_word' id='word_1_183' title='bbox 1057 668 1085 694; x_wconf 71' lang='grc' dir='ltr'><strong>δὲ</strong></span> <span class='ocrx_word' id='word_1_184' title='bbox 1099 668 1203 699; x_wconf 81' lang='grc' dir='ltr'>λαῖκὸς,</span> <span class='ocrx_word' id='word_1_185' title='bbox 1215 667 1261 693; x_wconf 66' lang='grc' dir='ltr'><strong>τὸν</strong></span> <span class='ocrx_word' id='word_1_186' title='bbox 1284 666 1458 700; x_wconf 70' lang='grc' dir='ltr'>προσήκοντα</span> <span class='ocrx_word' id='word_1_187' title='bbox 1486 665 1678 700; x_wconf 72' lang='grc' dir='ltr'>σωφρονισμὸν</span> <span class='ocrx_word' id='word_1_188' title='bbox 1707 664 1807 697; x_wconf 68' lang='grc' dir='ltr'>ὑπομε-</span> 
     </span>
    </p>
   </div>
   <div class='ocr_carea' id='block_1_30' title="bbox 1017 709 1807 749">
    <p class='ocr_par' dir='ltr' id='par_1_30' title="bbox 1017 709 1807 749">
     <span class='ocr_line' id='line_1_30' title="bbox 1017 709 1807 749; baseline -0.006 -9"><span class='ocrx_word' id='word_1_189' title='bbox 1017 714 1097 741; x_wconf 84' lang='grc' dir='ltr'>νέτω.</span> <span class='ocrx_word' id='word_1_190' title='bbox 1115 714 1136 739; x_wconf 86' lang='grc' dir='ltr'>Τ</span> <span class='ocrx_word' id='word_1_191' title='bbox 1138 713 1226 740; x_wconf 89' lang='grc' dir='ltr'>ούτων</span> <span class='ocrx_word' id='word_1_192' title='bbox 1244 713 1272 739; x_wconf 77' lang='grc' dir='ltr'><strong>δὲ</strong></span> <span class='ocrx_word' id='word_1_193' title='bbox 1292 713 1329 749; x_wconf 88' lang='grc' dir='ltr'><strong>μὴ</strong></span> <span class='ocrx_word' id='word_1_194' title='bbox 1355 711 1660 747; x_wconf 67' lang='grc' dir='ltr'>παραφυλαττομένων,</span> <span class='ocrx_word' id='word_1_195' title='bbox 1675 709 1807 740; x_wconf 73' lang='grc' dir='ltr'>ὡσαύτως</span> 
     </span>
    </p>
   </div>
   <div class='ocr_carea' id='block_1_31' title="bbox 1018 754 1808 794">
    <p class='ocr_par' dir='ltr' id='par_1_31' title="bbox 1018 754 1808 794">
     <span class='ocr_line' id='line_1_31' title="bbox 1018 754 1808 794; baseline -0.006 -9"><span class='ocrx_word' id='word_1_196' title='bbox 1018 760 1032 785; x_wconf 85' lang='grc' dir='ltr'>ὁ</span> <span class='ocrx_word' id='word_1_197' title='bbox 1047 759 1209 794; x_wconf 75' lang='grc' dir='ltr'>χειροτονῶν</span> <span class='ocrx_word' id='word_1_198' title='bbox 1229 759 1277 785; x_wconf 69' lang='grc' dir='ltr'>καὶ</span> <span class='ocrx_word' id='word_1_199' title='bbox 1297 759 1311 784; x_wconf 87' lang='grc' dir='ltr'><strong><em>ὁ</em></strong></span> <span class='ocrx_word' id='word_1_200' title='bbox 1329 756 1533 793; x_wconf 75' lang='grc' dir='ltr'>χειροτονηθεὶς</span> <span class='ocrx_word' id='word_1_201' title='bbox 1556 755 1748 782; x_wconf 75' lang='grc' dir='ltr'>ἐκδαλλέσθω.</span> <span class='ocrx_word' id='word_1_202' title='bbox 1770 754 1808 781; x_wconf 72' lang='grc' dir='ltr'><strong>Τὰ</strong></span> 
     </span>
    </p>
   </div>
   <div class='ocr_carea' id='block_1_32' title="bbox 184 791 962 840">
    <p class='ocr_par' dir='ltr' id='par_1_32' title="bbox 184 791 962 840">
     <span class='ocr_line' id='line_1_32' title="bbox 184 791 962 840; baseline -0.003 -8"><span class='ocrx_word' id='word_1_203' title='bbox 184 810 263 833; x_wconf 87' lang='lat' dir='ltr'><strong>natus</strong></span> <span class='ocrx_word' id='word_1_204' title='bbox 286 811 347 837; x_wconf 88' lang='lat' dir='ltr'><strong>est,</strong></span> <span class='ocrx_word' id='word_1_205' title='bbox 374 791 528 840; x_wconf 50' lang='lat' dir='ltr'><strong>expellitor:</strong></span> <span class='ocrx_word' id='word_1_206' title='bbox 549 791 691 832; x_wconf 77' lang='lat' dir='ltr'><strong>Caeterum</strong></span> <span class='ocrx_word' id='word_1_207' title='bbox 709 791 770 839; x_wconf 63' lang='lat' dir='ltr'><strong>qua:</strong></span> <span class='ocrx_word' id='word_1_208' title='bbox 791 791 863 830; x_wconf 82' lang='lat' dir='ltr'><strong>dicta</strong></span> <span class='ocrx_word' id='word_1_209' title='bbox 888 807 962 836; x_wconf 80' lang='lat' dir='ltr'><strong>sunt,</strong></span> 
     </span>
    </p>
   </div>
   <div class='ocr_carea' id='block_1_33' title="bbox 1039 791 1776 840">
    <p class='ocr_par' dir='ltr' id='par_1_33' title="bbox 1039 791 1776 840">
     <span class='ocr_line' id='line_1_33' title="bbox 1039 791 1776 840; baseline -0.005 -8"><span class='ocrx_word' id='word_1_210' title='bbox 1039 791 1195 840; x_wconf 47' lang='lat' dir='ltr'><strong>ausipqptéva</strong></span> <span class='ocrx_word' id='word_1_211' title='bbox 1213 806 1260 832; x_wconf 76' lang='grc' dir='ltr'>καὶ</span> <span class='ocrx_word' id='word_1_212' title='bbox 1277 791 1475 838; x_wconf 22' lang='grc' dir='ltr'>ὲπὶγπροσοὶῆς</span> <span class='ocrx_word' id='word_1_213' title='bbox 1491 802 1652 838; x_wconf 77' lang='grc' dir='ltr'>ἡγουμένων</span> <span class='ocrx_word' id='word_1_214' title='bbox 1666 802 1776 837; x_wconf 75' lang='grc' dir='ltr'>κρατεῖ.</span> 
     </span>
    </p>
   </div>
   <div class='ocr_carea' id='block_1_34' title="bbox 181 849 815 879">
    <p class='ocr_par' dir='ltr' id='par_1_34' title="bbox 181 849 815 879">
     <span class='ocr_line' id='line_1_34' title="bbox 181 849 815 879; baseline -0.005 -1"><span class='ocrx_word' id='word_1_215' title='bbox 181 851 263 879; x_wconf 86' lang='lat' dir='ltr'><strong>eliam</strong></span> <span class='ocrx_word' id='word_1_216' title='bbox 279 851 305 878; x_wconf 90' lang='lat' dir='ltr'><strong>in</strong></span> <span class='ocrx_word' id='word_1_217' title='bbox 319 850 427 878; x_wconf 84' lang='lat' dir='ltr'><strong>abbatis</strong></span> <span class='ocrx_word' id='word_1_218' title='bbox 443 851 581 877; x_wconf 82' lang='lat' dir='ltr'><strong>creatione</strong></span> <span class='ocrx_word' id='word_1_219' title='bbox 595 850 686 877; x_wconf 88' lang='lat' dir='ltr'><strong>locum</strong></span> <span class='ocrx_word' id='word_1_220' title='bbox 704 849 815 876; x_wconf 88' lang='lat' dir='ltr'><strong>habent.</strong></span> 
     </span>
    </p>
   </div>
   <div class='ocr_carea' id='block_1_35' title="bbox 216 891 964 929">
    <p class='ocr_par' dir='ltr' id='par_1_35' title="bbox 216 891 964 929">
     <span class='ocr_line' id='line_1_35' title="bbox 216 891 964 929; baseline -0.003 -8"><span class='ocrx_word' id='word_1_221' title='bbox 216 894 356 929; x_wconf 85' lang='lat' dir='ltr'><strong>Synodum</strong></span> <span class='ocrx_word' id='word_1_222' title='bbox 380 895 573 928; x_wconf 86' lang='lat' dir='ltr'><strong>episcoporum</strong></span> <span class='ocrx_word' id='word_1_223' title='bbox 598 893 693 920; x_wconf 87' lang='lat' dir='ltr'><strong>haberi</strong></span> <span class='ocrx_word' id='word_1_224' title='bbox 716 897 826 927; x_wconf 87' lang='lat' dir='ltr'><strong>oportet</strong></span> <span class='ocrx_word' id='word_1_225' title='bbox 851 891 964 922; x_wconf 85' lang='lat' dir='ltr'><strong>Octobri</strong></span> 
     </span>
    </p>
   </div>
   <div class='ocr_carea' id='block_1_36' title="bbox 182 938 966 974">
    <p class='ocr_par' dir='ltr' id='par_1_36' title="bbox 182 938 966 974">
     <span class='ocr_line' id='line_1_36' title="bbox 182 938 966 974; baseline -0.003 -8"><span class='ocrx_word' id='word_1_226' title='bbox 182 947 275 967; x_wconf 84' lang='lat' dir='ltr'><strong>mense</strong></span> <span class='ocrx_word' id='word_1_227' title='bbox 303 939 461 974; x_wconf 81' lang='lat' dir='ltr'><strong>quotannis,</strong></span> <span class='ocrx_word' id='word_1_228' title='bbox 477 943 505 966; x_wconf 90' lang='lat' dir='ltr'><strong>et</strong></span> <span class='ocrx_word' id='word_1_229' title='bbox 524 938 671 966; x_wconf 89' lang='lat' dir='ltr'><strong>convenire</strong></span> <span class='ocrx_word' id='word_1_230' title='bbox 696 938 767 969; x_wconf 89' lang='lat' dir='ltr'><strong>illos,</strong></span> <span class='ocrx_word' id='word_1_231' title='bbox 785 938 831 972; x_wconf 82' lang='lat' dir='ltr'><strong>qui</strong></span> <span class='ocrx_word' id='word_1_232' title='bbox 847 938 892 972; x_wconf 88' lang='lat' dir='ltr'><strong>jus</strong></span> <span class='ocrx_word' id='word_1_233' title='bbox 908 945 966 964; x_wconf 90' lang='lat' dir='ltr'><strong>me-</strong></span> 
     </span>
    </p>
   </div>
   <div class='ocr_carea' id='block_1_37' title="bbox 179 982 967 1021">
    <p class='ocr_par' dir='ltr' id='par_1_37' title="bbox 179 982 967 1021">
     <span class='ocr_line' id='line_1_37' title="bbox 179 982 967 1021; baseline -0.006 -8"><span class='ocrx_word' id='word_1_234' title='bbox 179 986 364 1021; x_wconf 88' lang='lat' dir='ltr'><strong>tropolitienm</strong></span> <span class='ocrx_word' id='word_1_235' title='bbox 389 985 502 1018; x_wconf 88' lang='lat' dir='ltr'><strong>habent,</strong></span> <span class='ocrx_word' id='word_1_236' title='bbox 528 984 599 1018; x_wconf 87' lang='lat' dir='ltr'><strong>apud</strong></span> <span class='ocrx_word' id='word_1_237' title='bbox 624 987 823 1018; x_wconf 82' lang='lat' dir='ltr'><strong>competentem</strong></span> <span class='ocrx_word' id='word_1_238' title='bbox 851 982 967 1017; x_wconf 87' lang='lat' dir='ltr'><strong>patriar-</strong></span> 
     </span>
    </p>
   </div>
   <div class='ocr_carea' id='block_1_38' title="bbox 181 1029 963 1067">
    <p class='ocr_par' dir='ltr' id='par_1_38' title="bbox 181 1029 963 1067">
     <span class='ocr_line' id='line_1_38' title="bbox 181 1029 963 1067; baseline -0.004 -9"><span class='ocrx_word' id='word_1_239' title='bbox 181 1033 270 1064; x_wconf 83' lang='lat' dir='ltr'><strong>citam,</strong></span> <span class='ocrx_word' id='word_1_240' title='bbox 286 1032 432 1067; x_wconf 73' lang='lat' dir='ltr'><strong>episcopos</strong></span> <span class='ocrx_word' id='word_1_241' title='bbox 452 1038 516 1058; x_wconf 90' lang='lat' dir='ltr'><strong>vero</strong></span> <span class='ocrx_word' id='word_1_242' title='bbox 544 1030 617 1064; x_wconf 87' lang='lat' dir='ltr'><strong>apud</strong></span> <span class='ocrx_word' id='word_1_243' title='bbox 638 1037 702 1057; x_wconf 86' lang='lat' dir='ltr'><strong>suos</strong></span> <span class='ocrx_word' id='word_1_244' title='bbox 717 1029 963 1064; x_wconf 85' lang='lat' dir='ltr'><strong>metropolitanos:</strong></span> 
     </span>
    </p>
   </div>
   <div class='ocr_carea' id='block_1_39' title="bbox 180 1075 964 1114">
    <p class='ocr_par' dir='ltr' id='par_1_39' title="bbox 180 1075 964 1114">
     <span class='ocr_line' id='line_1_39' title="bbox 180 1075 964 1114; baseline -0.006 -8"><span class='ocrx_word' id='word_1_245' title='bbox 180 1084 210 1106; x_wconf 93' lang='lat' dir='ltr'><strong>ut</strong></span> <span class='ocrx_word' id='word_1_246' title='bbox 220 1079 291 1114; x_wconf 89' lang='lat' dir='ltr'><strong>apud</strong></span> <span class='ocrx_word' id='word_1_247' title='bbox 306 1086 353 1106; x_wconf 90' lang='lat' dir='ltr'><strong>eos</strong></span> <span class='ocrx_word' id='word_1_248' title='bbox 371 1077 545 1112; x_wconf 89' lang='lat' dir='ltr'><strong>perquiratur</strong></span> <span class='ocrx_word' id='word_1_249' title='bbox 560 1076 594 1104; x_wconf 87' lang='lat' dir='ltr'><strong>de</strong></span> <span class='ocrx_word' id='word_1_250' title='bbox 609 1076 702 1104; x_wconf 82' lang='lat' dir='ltr'><strong>causis</strong></span> <span class='ocrx_word' id='word_1_251' title='bbox 721 1076 872 1108; x_wconf 88' lang='lat' dir='ltr'><strong>canonicis,</strong></span> <span class='ocrx_word' id='word_1_252' title='bbox 889 1080 917 1102; x_wconf 88' lang='lat' dir='ltr'><strong>et</strong></span> <span class='ocrx_word' id='word_1_253' title='bbox 931 1075 964 1101; x_wconf 90' lang='lat' dir='ltr'><strong>de</strong></span> 
     </span>
    </p>
   </div>
   <div class='ocr_carea' id='block_1_40' title="bbox 179 1121 963 1159">
    <p class='ocr_par' dir='ltr' id='par_1_40' title="bbox 179 1121 963 1159">
     <span class='ocr_line' id='line_1_40' title="bbox 179 1121 963 1159; baseline -0.005 -7"><span class='ocrx_word' id='word_1_254' title='bbox 179 1125 223 1157; x_wconf 80' lang='lat' dir='ltr'><strong>iis,</strong></span> <span class='ocrx_word' id='word_1_255' title='bbox 239 1131 410 1159; x_wconf 71' lang='lat' dir='ltr'><strong>qurecunque</strong></span> <span class='ocrx_word' id='word_1_256' title='bbox 432 1122 556 1150; x_wconf 90' lang='lat' dir='ltr'><strong>nonnulli</strong></span> <span class='ocrx_word' id='word_1_257' title='bbox 571 1130 602 1149; x_wconf 83' lang='lat' dir='ltr'><strong>ex</strong></span> <span class='ocrx_word' id='word_1_258' title='bbox 621 1122 689 1156; x_wconf 86' lang='lat' dir='ltr'><strong>ipsis</strong></span> <span class='ocrx_word' id='word_1_259' title='bbox 705 1121 852 1156; x_wconf 86' lang='lat' dir='ltr'><strong>episcopis,</strong></span> <span class='ocrx_word' id='word_1_260' title='bbox 868 1125 895 1148; x_wconf 90' lang='lat' dir='ltr'><strong>et</strong></span> <span class='ocrx_word' id='word_1_261' title='bbox 906 1121 963 1148; x_wconf 90' lang='lat' dir='ltr'><strong>cle-</strong></span> 
     </span>
    </p>
   </div>
   <div class='ocr_carea' id='block_1_41' title="bbox 180 1167 963 1202">
    <p class='ocr_par' dir='ltr' id='par_1_41' title="bbox 180 1167 963 1202">
     <span class='ocr_line' id='line_1_41' title="bbox 180 1167 963 1202; baseline -0.006 -6"><span class='ocrx_word' id='word_1_262' title='bbox 180 1171 256 1202; x_wconf 88' lang='lat' dir='ltr'><strong>ricis,</strong></span> <span class='ocrx_word' id='word_1_263' title='bbox 280 1174 306 1197; x_wconf 82' lang='lat' dir='ltr'><strong>et</strong></span> <span class='ocrx_word' id='word_1_264' title='bbox 331 1169 483 1201; x_wconf 85' lang='lat' dir='ltr'><strong>monachis,</strong></span> <span class='ocrx_word' id='word_1_265' title='bbox 499 1173 525 1196; x_wconf 90' lang='lat' dir='ltr'><strong>et</strong></span> <span class='ocrx_word' id='word_1_266' title='bbox 550 1168 693 1194; x_wconf 85' lang='lat' dir='ltr'><strong>abbatibus</strong></span> <span class='ocrx_word' id='word_1_267' title='bbox 712 1167 738 1193; x_wconf 93' lang='lat' dir='ltr'><strong>in</strong></span> <span class='ocrx_word' id='word_1_268' title='bbox 757 1167 876 1193; x_wconf 85' lang='lat' dir='ltr'><strong>medium</strong></span> <span class='ocrx_word' id='word_1_269' title='bbox 899 1173 963 1201; x_wconf 91' lang='lat' dir='ltr'><strong>pro-</strong></span> 
     </span>
    </p>
   </div>
   <div class='ocr_carea' id='block_1_42' title="bbox 179 1212 962 1248">
    <p class='ocr_par' dir='ltr' id='par_1_42' title="bbox 179 1212 962 1248">
     <span class='ocr_line' id='line_1_42' title="bbox 179 1212 962 1248; baseline -0.006 -5"><span class='ocrx_word' id='word_1_270' title='bbox 179 1216 281 1248; x_wconf 76' lang='lat' dir='ltr'><strong>ferunt,</strong></span> <span class='ocrx_word' id='word_1_271' title='bbox 298 1215 380 1243; x_wconf 89' lang='lat' dir='ltr'><strong>veluti</strong></span> <span class='ocrx_word' id='word_1_272' title='bbox 394 1223 454 1248; x_wconf 70' lang='lat' dir='ltr'><strong>qua:</strong></span> <span class='ocrx_word' id='word_1_273' title='bbox 478 1217 576 1248; x_wconf 64' lang='lat' dir='ltr'><strong>printer</strong></span> <span class='ocrx_word' id='word_1_274' title='bbox 598 1213 704 1240; x_wconf 93' lang='lat' dir='ltr'><strong>divinos</strong></span> <span class='ocrx_word' id='word_1_275' title='bbox 719 1219 840 1240; x_wconf 90' lang='lat' dir='ltr'><strong>canones</strong></span> <span class='ocrx_word' id='word_1_276' title='bbox 861 1212 962 1239; x_wconf 86' lang='lat' dir='ltr'><strong>admit-</strong></span> 
     </span>
    </p>
   </div>
   <div class='ocr_carea' id='block_1_43' title="bbox 180 1255 963 1293">
    <p class='ocr_par' dir='ltr' id='par_1_43' title="bbox 180 1255 963 1293">
     <span class='ocr_line' id='line_1_43' title="bbox 180 1255 963 1293; baseline -0.008 -4"><span class='ocrx_word' id='word_1_277' title='bbox 180 1266 282 1293; x_wconf 88' lang='lat' dir='ltr'><strong>Iantur,</strong></span> <span class='ocrx_word' id='word_1_278' title='bbox 299 1261 448 1289; x_wconf 85' lang='lat' dir='ltr'><strong>secundum</strong></span> <span class='ocrx_word' id='word_1_279' title='bbox 464 1259 587 1287; x_wconf 83' lang='lat' dir='ltr'><strong>ordinem</strong></span> <span class='ocrx_word' id='word_1_280' title='bbox 599 1257 801 1293; x_wconf 87' lang='lat' dir='ltr'><strong>jurisdieliouis</strong></span> <span class='ocrx_word' id='word_1_281' title='bbox 815 1265 881 1284; x_wconf 67' lang='lat' dir='ltr'><strong>suae.</strong></span> <span class='ocrx_word' id='word_1_282' title='bbox 897 1255 963 1288; x_wconf 68' lang='lat' dir='ltr'><strong>Quae</strong></span> 
     </span>
    </p>
   </div>
   <div class='ocr_carea' id='block_1_44' title="bbox 178 1302 963 1341">
    <p class='ocr_par' dir='ltr' id='par_1_44' title="bbox 178 1302 963 1341">
     <span class='ocr_line' id='line_1_44' title="bbox 178 1302 963 1341; baseline -0.009 -7"><span class='ocrx_word' id='word_1_283' title='bbox 178 1308 288 1341; x_wconf 87' lang='lat' dir='ltr'><strong>quidem</strong></span> <span class='ocrx_word' id='word_1_284' title='bbox 314 1307 349 1334; x_wconf 90' lang='lat' dir='ltr'><strong>ita</strong></span> <span class='ocrx_word' id='word_1_285' title='bbox 374 1305 572 1336; x_wconf 88' lang='lat' dir='ltr'><strong>servabuntur,</strong></span> <span class='ocrx_word' id='word_1_286' title='bbox 596 1312 651 1331; x_wconf 90' lang='lat' dir='ltr'><strong>non</strong></span> <span class='ocrx_word' id='word_1_287' title='bbox 677 1303 800 1338; x_wconf 82' lang='lat' dir='ltr'><strong>ipsorum</strong></span> <span class='ocrx_word' id='word_1_288' title='bbox 827 1302 963 1328; x_wconf 81' lang='lat' dir='ltr'><strong>duntaxat</strong></span> 
     </span>
    </p>
   </div>
   <div class='ocr_carea' id='block_1_45' title="bbox 179 1349 964 1388">
    <p class='ocr_par' dir='ltr' id='par_1_45' title="bbox 179 1349 964 1388">
     <span class='ocr_line' id='line_1_45' title="bbox 179 1349 964 1388; baseline -0.008 -8"><span class='ocrx_word' id='word_1_289' title='bbox 179 1354 370 1388; x_wconf 87' lang='lat' dir='ltr'><strong>episcoporum</strong></span> <span class='ocrx_word' id='word_1_290' title='bbox 387 1359 464 1385; x_wconf 89' lang='lat' dir='ltr'><strong>cura,</strong></span> <span class='ocrx_word' id='word_1_291' title='bbox 476 1359 569 1378; x_wconf 84' lang='lat' dir='ltr'><strong>verum</strong></span> <span class='ocrx_word' id='word_1_292' title='bbox 586 1350 669 1378; x_wconf 90' lang='lat' dir='ltr'><strong>etiam</strong></span> <span class='ocrx_word' id='word_1_293' title='bbox 688 1349 897 1384; x_wconf 80' lang='lat' dir='ltr'><strong>magistratuum</strong></span> <span class='ocrx_word' id='word_1_294' title='bbox 925 1349 964 1375; x_wconf 81' lang='lat' dir='ltr'><strong>ci-</strong></span> 
     </span>
    </p>
   </div>
   <div class='ocr_carea' id='block_1_46' title="bbox 179 1400 284 1426">
    <p class='ocr_par' dir='ltr' id='par_1_46' title="bbox 179 1400 284 1426">
     <span class='ocr_line' id='line_1_46' title="bbox 179 1400 284 1426; baseline 0 0"><span class='ocrx_word' id='word_1_295' title='bbox 179 1400 284 1426; x_wconf 89' lang='lat' dir='ltr'><strong>vilium.</strong></span> 
     </span>
    </p>
   </div>
   <div class='ocr_carea' id='block_1_47' title="bbox 215 1441 997 1489">
    <p class='ocr_par' dir='ltr' id='par_1_47' title="bbox 215 1441 997 1489">
     <span class='ocr_line' id='line_1_47' title="bbox 215 1441 997 1489; baseline -0.005 -19"><span class='ocrx_word' id='word_1_296' title='bbox 215 1445 316 1472; x_wconf 89' lang='lat' dir='ltr'><strong>Debeut</strong></span> <span class='ocrx_word' id='word_1_297' title='bbox 340 1444 389 1477; x_wconf 87' lang='lat' dir='ltr'><strong>illi,</strong></span> <span class='ocrx_word' id='word_1_298' title='bbox 404 1444 451 1479; x_wconf 89' lang='lat' dir='ltr'><strong>qui</strong></span> <span class='ocrx_word' id='word_1_299' title='bbox 470 1443 635 1472; x_wconf 87' lang='lat' dir='ltr'><strong>oblationem</strong></span> <span class='ocrx_word' id='word_1_300' title='bbox 650 1442 775 1473; x_wconf 84' lang='lat' dir='ltr'><strong>‘l&#39;aciunt,</strong></span> <span class='ocrx_word' id='word_1_301' title='bbox 801 1441 842 1468; x_wconf 89' lang='lat' dir='ltr'><strong>vel</strong></span> <span class='ocrx_word' id='word_1_302' title='bbox 867 1447 961 1475; x_wconf 88' lang='lat' dir='ltr'><strong>preca-</strong></span> <span class='ocrx_word' id='word_1_303' title='bbox 976 1461 997 1489; x_wconf 75' lang='lat' dir='ltr'><strong><em>C</em></strong></span> 
     </span>
    </p>
   </div>
   <div class='ocr_carea' id='block_1_48' title="bbox 178 1487 963 1523">
    <p class='ocr_par' dir='ltr' id='par_1_48' title="bbox 178 1487 963 1523">
     <span class='ocr_line' id='line_1_48' title="bbox 178 1487 963 1523; baseline -0.008 -5"><span class='ocrx_word' id='word_1_304' title='bbox 178 1491 280 1518; x_wconf 86' lang='lat' dir='ltr'><strong>tionem</strong></span> <span class='ocrx_word' id='word_1_305' title='bbox 305 1490 471 1519; x_wconf 84' lang='lat' dir='ltr'><strong>sacrosancti</strong></span> <span class='ocrx_word' id='word_1_306' title='bbox 495 1489 672 1523; x_wconf 86' lang='lat' dir='ltr'><strong>baptismatis</strong></span> <span class='ocrx_word' id='word_1_307' title='bbox 692 1487 860 1521; x_wconf 90' lang='lat' dir='ltr'><strong>concipiunt,</strong></span> <span class='ocrx_word' id='word_1_308' title='bbox 885 1487 963 1514; x_wconf 85' lang='lat' dir='ltr'><strong>clara</strong></span> 
     </span>
    </p>
   </div>
   <div class='ocr_carea' id='block_1_49' title="bbox 178 1531 961 1571">
    <p class='ocr_par' dir='ltr' id='par_1_49' title="bbox 178 1531 961 1571">
     <span class='ocr_line' id='line_1_49' title="bbox 178 1531 961 1571; baseline -0.009 -7"><span class='ocrx_word' id='word_1_309' title='bbox 178 1544 245 1564; x_wconf 91' lang='lat' dir='ltr'><strong>voce</strong></span> <span class='ocrx_word' id='word_1_310' title='bbox 260 1543 354 1571; x_wconf 83' lang='lat' dir='ltr'><strong>preces</strong></span> <span class='ocrx_word' id='word_1_311' title='bbox 367 1535 440 1569; x_wconf 86' lang='lat' dir='ltr'><strong>ipsas</strong></span> <span class='ocrx_word' id='word_1_312' title='bbox 458 1540 484 1562; x_wconf 90' lang='lat' dir='ltr'><strong>et</strong></span> <span class='ocrx_word' id='word_1_313' title='bbox 495 1535 662 1563; x_wconf 79' lang='lat' dir='ltr'><strong>oblationem</strong></span> <span class='ocrx_word' id='word_1_314' title='bbox 685 1533 874 1568; x_wconf 79' lang='lat' dir='ltr'><strong>pronuntiare.</strong></span> <span class='ocrx_word' id='word_1_315' title='bbox 890 1531 961 1558; x_wconf 86' lang='lat' dir='ltr'><strong>Nam</strong></span> 
     </span>
    </p>
   </div>
   <div class='ocr_carea' id='block_1_50' title="bbox 179 1577 963 1614">
    <p class='ocr_par' dir='ltr' id='par_1_50' title="bbox 179 1577 963 1614">
     <span class='ocr_line' id='line_1_50' title="bbox 179 1577 963 1614; baseline -0.008 -5"><span class='ocrx_word' id='word_1_316' title='bbox 179 1583 232 1610; x_wconf 84' lang='lat' dir='ltr'><strong>hoe</strong></span> <span class='ocrx_word' id='word_1_317' title='bbox 248 1587 274 1608; x_wconf 92' lang='lat' dir='ltr'><strong>et</strong></span> <span class='ocrx_word' id='word_1_318' title='bbox 289 1589 303 1607; x_wconf 88' lang='lat' dir='ltr'><strong>a</strong></span> <span class='ocrx_word' id='word_1_319' title='bbox 319 1582 402 1608; x_wconf 84' lang='lat' dir='ltr'><strong>Paulo</strong></span> <span class='ocrx_word' id='word_1_320' title='bbox 418 1580 541 1614; x_wconf 87' lang='lat' dir='ltr'><strong>principe</strong></span> <span class='ocrx_word' id='word_1_321' title='bbox 557 1579 753 1613; x_wconf 79' lang='lat' dir='ltr'><strong>apostolorum,</strong></span> <span class='ocrx_word' id='word_1_322' title='bbox 777 1581 803 1604; x_wconf 90' lang='lat' dir='ltr'><strong>et</strong></span> <span class='ocrx_word' id='word_1_323' title='bbox 829 1585 842 1604; x_wconf 86' lang='lat' dir='ltr'><strong>a</strong></span> <span class='ocrx_word' id='word_1_324' title='bbox 860 1577 963 1605; x_wconf 88' lang='lat' dir='ltr'><strong>sanctis</strong></span> 
     </span>
    </p>
   </div>
   <div class='ocr_carea' id='block_1_51' title="bbox 179 1622 962 1660">
    <p class='ocr_par' dir='ltr' id='par_1_51' title="bbox 179 1622 962 1660">
     <span class='ocr_line' id='line_1_51' title="bbox 179 1622 962 1660; baseline -0.008 -6"><span class='ocrx_word' id='word_1_325' title='bbox 179 1626 307 1654; x_wconf 86' lang='lat' dir='ltr'><strong>Patribus</strong></span> <span class='ocrx_word' id='word_1_326' title='bbox 323 1625 489 1660; x_wconf 70' lang='lat' dir='ltr'><strong>praecipitur.</strong></span> <span class='ocrx_word' id='word_1_327' title='bbox 505 1623 669 1651; x_wconf 86' lang='lat' dir='ltr'><strong>Sacerdotes</strong></span> <span class='ocrx_word' id='word_1_328' title='bbox 684 1631 759 1653; x_wconf 84' lang='lat' dir='ltr'><strong>vero,</strong></span> <span class='ocrx_word' id='word_1_329' title='bbox 782 1623 828 1657; x_wconf 89' lang='lat' dir='ltr'><strong>qui</strong></span> <span class='ocrx_word' id='word_1_330' title='bbox 843 1622 894 1649; x_wconf 90' lang='lat' dir='ltr'><strong>hoc</strong></span> <span class='ocrx_word' id='word_1_331' title='bbox 907 1630 962 1649; x_wconf 90' lang='lat' dir='ltr'><strong>non</strong></span> 
     </span>
    </p>
   </div>
   <div class='ocr_carea' id='block_1_52' title="bbox 179 1667 963 1704">
    <p class='ocr_par' dir='ltr' id='par_1_52' title="bbox 179 1667 963 1704">
     <span class='ocr_line' id='line_1_52' title="bbox 179 1667 963 1704; baseline -0.009 -5"><span class='ocrx_word' id='word_1_332' title='bbox 179 1673 293 1704; x_wconf 82' lang='lat' dir='ltr'><strong>faciunt,</strong></span> <span class='ocrx_word' id='word_1_333' title='bbox 307 1670 442 1698; x_wconf 80' lang='lat' dir='ltr'><strong>obnoxios</strong></span> <span class='ocrx_word' id='word_1_334' title='bbox 454 1676 515 1696; x_wconf 82' lang='lat' dir='ltr'><strong>esse</strong></span> <span class='ocrx_word' id='word_1_335' title='bbox 528 1668 594 1695; x_wconf 89' lang='lat' dir='ltr'><strong>dicit</strong></span> <span class='ocrx_word' id='word_1_336' title='bbox 608 1668 665 1695; x_wconf 70' lang='lat' dir='ltr'><strong>haec</strong></span> <span class='ocrx_word' id='word_1_337' title='bbox 682 1667 846 1694; x_wconf 88' lang='lat' dir='ltr'><strong>constitutio</strong></span> <span class='ocrx_word' id='word_1_338' title='bbox 872 1667 963 1702; x_wconf 74' lang='lat' dir='ltr'><strong>magni</strong></span> 
     </span>
    </p>
   </div>
   <div class='ocr_carea' id='block_1_53' title="bbox 180 1712 917 1752">
    <p class='ocr_par' dir='ltr' id='par_1_53' title="bbox 180 1712 917 1752">
     <span class='ocr_line' id='line_1_53' title="bbox 180 1712 917 1752; baseline -0.007 -8"><span class='ocrx_word' id='word_1_339' title='bbox 180 1718 225 1745; x_wconf 86' lang='lat' dir='ltr'><strong>Dei</strong></span> <span class='ocrx_word' id='word_1_340' title='bbox 239 1717 354 1752; x_wconf 82' lang='lat' dir='ltr'><strong>judicio,</strong></span> <span class='ocrx_word' id='word_1_341' title='bbox 368 1724 417 1743; x_wconf 83' lang='lat' dir='ltr'><strong>nec</strong></span> <span class='ocrx_word' id='word_1_342' title='bbox 430 1716 549 1750; x_wconf 71' lang='lat' dir='ltr'><strong>vigorem</strong></span> <span class='ocrx_word' id='word_1_343' title='bbox 566 1713 773 1748; x_wconf 86' lang='lat' dir='ltr'><strong>imperatorium</strong></span> <span class='ocrx_word' id='word_1_344' title='bbox 789 1712 917 1748; x_wconf 78' lang='lat' dir='ltr'><strong>ell&#39;ugere.</strong></span> 
     </span>
    </p>
   </div>
   <div class='ocr_carea' id='block_1_54' title="bbox 217 1771 962 1810">
    <p class='ocr_par' dir='ltr' id='par_1_54' title="bbox 217 1771 962 1810">
     <span class='ocr_line' id='line_1_54' title="bbox 217 1771 962 1810; baseline -0.008 -8"><span class='ocrx_word' id='word_1_345' title='bbox 217 1776 276 1802; x_wconf 90' lang='lat' dir='ltr'><strong>Dat.</strong></span> <span class='ocrx_word' id='word_1_346' title='bbox 296 1783 311 1801; x_wconf 63' lang='grc' dir='ltr'><strong>χ</strong></span> <span class='ocrx_word' id='word_1_347' title='bbox 330 1774 386 1801; x_wconf 84' lang='lat' dir='ltr'><strong>Kal.</strong></span> <span class='ocrx_word' id='word_1_348' title='bbox 404 1773 490 1808; x_wconf 90' lang='lat' dir='ltr'><strong>April.</strong></span> <span class='ocrx_word' id='word_1_349' title='bbox 509 1771 765 1810; x_wconf 81' lang='lat' dir='ltr'><strong>Constantirmpoli,</strong></span> <span class='ocrx_word' id='word_1_350' title='bbox 786 1771 962 1805; x_wconf 84' lang='lat' dir='ltr'><strong>imperatoris</strong></span> 
     </span>
    </p>
   </div>
   <div class='ocr_carea' id='block_1_55' title="bbox 181 1815 962 1852">
    <p class='ocr_par' dir='ltr' id='par_1_55' title="bbox 181 1815 962 1852">
     <span class='ocr_line' id='line_1_55' title="bbox 181 1815 962 1852; baseline -0.006 -6"><span class='ocrx_word' id='word_1_351' title='bbox 181 1818 328 1852; x_wconf 70' lang='lat' dir='ltr'><strong>Justiniani</strong></span> <span class='ocrx_word' id='word_1_352' title='bbox 353 1825 424 1845; x_wconf 83' lang='lat' dir='ltr'><strong>anno</strong></span> <span class='ocrx_word' id='word_1_353' title='bbox 447 1817 585 1845; x_wconf 83' lang='lat' dir='ltr'><strong>tricesimo</strong></span> <span class='ocrx_word' id='word_1_354' title='bbox 605 1823 689 1849; x_wconf 87' lang='lat' dir='ltr'><strong>nouo,</strong></span> <span class='ocrx_word' id='word_1_355' title='bbox 714 1820 776 1851; x_wconf 86' lang='lat' dir='ltr'><strong>post</strong></span> <span class='ocrx_word' id='word_1_356' title='bbox 790 1815 962 1843; x_wconf 84' lang='lat' dir='ltr'><strong>consulatum</strong></span> 
     </span>
    </p>
   </div>
   <div class='ocr_carea' id='block_1_56' title="bbox 182 1865 540 1900">
    <p class='ocr_par' dir='ltr' id='par_1_56' title="bbox 182 1865 540 1900">
     <span class='ocr_line' id='line_1_56' title="bbox 182 1865 540 1900; baseline -0.011 -6"><span class='ocrx_word' id='word_1_357' title='bbox 182 1865 273 1900; x_wconf 75' lang='lat' dir='ltr'><strong>Basilii</strong></span> <span class='ocrx_word' id='word_1_358' title='bbox 289 1865 419 1892; x_wconf 83' lang='lat' dir='ltr'><strong>vicesimo</strong></span> <span class='ocrx_word' id='word_1_359' title='bbox 432 1868 540 1900; x_wconf 84' lang='lat' dir='ltr'><strong>quarto.</strong></span> 
     </span>
    </p>
   </div>
   <div class='ocr_carea' id='block_1_57' title="bbox 441 1919 715 1947">
    <p class='ocr_par' dir='ltr' id='par_1_57' title="bbox 441 1919 715 1947">
     <span class='ocr_line' id='line_1_57' title="bbox 441 1919 715 1947; baseline -0.004 0"><span class='ocrx_word' id='word_1_360' title='bbox 441 1920 522 1947; x_wconf 71' lang='lat' dir='ltr'><strong>Tituli</strong></span> <span class='ocrx_word' id='word_1_361' title='bbox 539 1920 552 1947; x_wconf 87' lang='grc'><em>1</em></span> <span class='ocrx_word' id='word_1_362' title='bbox 570 1919 715 1947; x_wconf 79' lang='lat' dir='ltr'><strong>Paratitla.</strong></span> 
     </span>
    </p>
   </div>
   <div class='ocr_carea' id='block_1_58' title="bbox 215 1964 962 2001">
    <p class='ocr_par' dir='ltr' id='par_1_58' title="bbox 215 1964 962 2001">
     <span class='ocr_line' id='line_1_58' title="bbox 215 1964 962 2001; baseline -0.005 -6"><span class='ocrx_word' id='word_1_363' title='bbox 215 1968 267 1997; x_wconf 79' lang='lat' dir='ltr'><strong>Tit.</strong></span> <span class='ocrx_word' id='word_1_364' title='bbox 283 1967 310 2001; x_wconf 73' lang='lat'><strong>2,</strong></span> <span class='ocrx_word' id='word_1_365' title='bbox 325 1967 408 2001; x_wconf 86' lang='lat' dir='ltr'><strong>hujus</strong></span> <span class='ocrx_word' id='word_1_366' title='bbox 431 1966 517 1994; x_wconf 72' lang='lat' dir='ltr'><strong>tertia:</strong></span> <span class='ocrx_word' id='word_1_367' title='bbox 535 1966 635 2000; x_wconf 72' lang='lat' dir='ltr'><strong>partis,</strong></span> <span class='ocrx_word' id='word_1_368' title='bbox 650 1964 809 1992; x_wconf 79' lang='lat' dir='ltr'><strong>constitutio</strong></span> <span class='ocrx_word' id='word_1_369' title='bbox 831 1966 857 1992; x_wconf 76' lang='grc'><strong>5.</strong></span> <span class='ocrx_word' id='word_1_370' title='bbox 871 1964 962 1992; x_wconf 89' lang='lat' dir='ltr'><strong>Prima</strong></span> 
     </span>
    </p>
   </div>
   <div class='ocr_carea' id='block_1_59' title="bbox 182 2010 962 2048">
    <p class='ocr_par' dir='ltr' id='par_1_59' title="bbox 182 2010 962 2048">
     <span class='ocr_line' id='line_1_59' title="bbox 182 2010 962 2048; baseline -0.005 -7"><span class='ocrx_word' id='word_1_371' title='bbox 182 2013 326 2042; x_wconf 78' lang='lat' dir='ltr'><strong>sacerdotii</strong></span> <span class='ocrx_word' id='word_1_372' title='bbox 343 2013 431 2048; x_wconf 61' lang='lat'><strong>(9-10)</strong></span> <span class='ocrx_word' id='word_1_373' title='bbox 451 2012 531 2041; x_wconf 87' lang='lat' dir='ltr'><strong>sedes</strong></span> <span class='ocrx_word' id='word_1_374' title='bbox 547 2016 587 2039; x_wconf 90' lang='lat' dir='ltr'><strong>est</strong></span> <span class='ocrx_word' id='word_1_375' title='bbox 598 2010 734 2043; x_wconf 80' lang='lat' dir='ltr'><strong>Romana,</strong></span> <span class='ocrx_word' id='word_1_376' title='bbox 745 2010 865 2038; x_wconf 88' lang='lat' dir='ltr'><strong>secunda</strong></span> <span class='ocrx_word' id='word_1_377' title='bbox 890 2010 962 2039; x_wconf 90' lang='lat' dir='ltr'><strong>Con-</strong></span> 
     </span>
    </p>
   </div>
   <div class='ocr_carea' id='block_1_60' title="bbox 180 2059 433 2093">
    <p class='ocr_par' dir='ltr' id='par_1_60' title="bbox 180 2059 433 2093">
     <span class='ocr_line' id='line_1_60' title="bbox 180 2059 433 2093; baseline -0.004 -7"><span class='ocrx_word' id='word_1_378' title='bbox 180 2059 433 2093; x_wconf 83' lang='lat' dir='ltr'><strong>stantinopolitana.</strong></span> 
     </span>
    </p>
   </div>
   <div class='ocr_carea' id='block_1_61' title="bbox 214 2101 963 2139">
    <p class='ocr_par' dir='ltr' id='par_1_61' title="bbox 214 2101 963 2139">
     <span class='ocr_line' id='line_1_61' title="bbox 214 2101 963 2139; baseline -0.003 -9"><span class='ocrx_word' id='word_1_379' title='bbox 214 2104 446 2139; x_wconf 82' lang='lat' dir='ltr'><strong>Archiepiscopus</strong></span> <span class='ocrx_word' id='word_1_380' title='bbox 470 2102 563 2136; x_wconf 61' lang='lat' dir='ltr'><strong>prima;</strong></span> <span class='ocrx_word' id='word_1_381' title='bbox 592 2101 753 2130; x_wconf 76' lang='lat' dir='ltr'><strong>.lustiuiame</strong></span> <span class='ocrx_word' id='word_1_382' title='bbox 782 2101 810 2128; x_wconf 89' lang='lat' dir='ltr'><strong>in</strong></span> <span class='ocrx_word' id='word_1_383' title='bbox 832 2102 963 2136; x_wconf 74' lang='lat' dir='ltr'><strong>subjectis</strong></span> 
     </span>
    </p>
   </div>
   <div class='ocr_carea' id='block_1_62' title="bbox 180 2144 1001 2185">
    <p class='ocr_par' dir='ltr' id='par_1_62' title="bbox 180 2144 1001 2185">
     <span class='ocr_line' id='line_1_62' title="bbox 180 2144 1001 2185; baseline -0.006 -8"><span class='ocrx_word' id='word_1_384' title='bbox 180 2150 230 2178; x_wconf 85' lang='lat' dir='ltr'><strong>sibi</strong></span> <span class='ocrx_word' id='word_1_385' title='bbox 250 2149 397 2185; x_wconf 84' lang='lat' dir='ltr'><strong>provinciis</strong></span> <span class='ocrx_word' id='word_1_386' title='bbox 417 2148 506 2175; x_wconf 86' lang='lat' dir='ltr'><strong>locum</strong></span> <span class='ocrx_word' id='word_1_387' title='bbox 524 2147 630 2174; x_wconf 85' lang='lat' dir='ltr'><strong>obtinet</strong></span> <span class='ocrx_word' id='word_1_388' title='bbox 644 2146 800 2182; x_wconf 66' lang='lat' dir='ltr'><strong>apostolicae</strong></span> <span class='ocrx_word' id='word_1_389' title='bbox 817 2146 891 2174; x_wconf 86' lang='lat' dir='ltr'><strong>sedis</strong></span> <span class='ocrx_word' id='word_1_390' title='bbox 905 2146 961 2174; x_wconf 75' lang='lat' dir='ltr'><strong>Ro-</strong></span> <span class='ocrx_word' id='word_1_391' title='bbox 980 2144 1001 2172; x_wconf 92' lang='lat' dir='ltr'><strong>D</strong></span> 
     </span>
    </p>
   </div>
   <div class='ocr_carea' id='block_1_63' title="bbox 181 2192 964 2229">
    <p class='ocr_par' dir='ltr' id='par_1_63' title="bbox 181 2192 964 2229">
     <span class='ocr_line' id='line_1_63' title="bbox 181 2192 964 2229; baseline -0.004 -6"><span class='ocrx_word' id='word_1_392' title='bbox 181 2203 277 2228; x_wconf 65' lang='lat' dir='ltr'><strong>manat,</strong></span> <span class='ocrx_word' id='word_1_393' title='bbox 303 2199 330 2222; x_wconf 89' lang='lat' dir='ltr'><strong>et</strong></span> <span class='ocrx_word' id='word_1_394' title='bbox 353 2194 469 2229; x_wconf 83' lang='lat' dir='ltr'><strong>similem</strong></span> <span class='ocrx_word' id='word_1_395' title='bbox 491 2194 570 2221; x_wconf 85' lang='lat' dir='ltr'><strong>habet</strong></span> <span class='ocrx_word' id='word_1_396' title='bbox 597 2192 743 2221; x_wconf 82' lang='lat' dir='ltr'><strong>sacerdotii</strong></span> <span class='ocrx_word' id='word_1_397' title='bbox 769 2193 884 2227; x_wconf 81' lang='lat' dir='ltr'><strong>gradum</strong></span> <span class='ocrx_word' id='word_1_398' title='bbox 905 2194 964 2228; x_wconf 90' lang='lat' dir='ltr'><strong>epi-</strong></span> 
     </span>
    </p>
   </div>
   <div class='ocr_carea' id='block_1_64' title="bbox 183 2240 639 2277">
    <p class='ocr_par' dir='ltr' id='par_1_64' title="bbox 183 2240 639 2277">
     <span class='ocr_line' id='line_1_64' title="bbox 183 2240 639 2277; baseline -0.009 -7"><span class='ocrx_word' id='word_1_399' title='bbox 183 2250 283 2277; x_wconf 83' lang='lat' dir='ltr'><strong>scopus</strong></span> <span class='ocrx_word' id='word_1_400' title='bbox 296 2241 468 2275; x_wconf 71' lang='lat' dir='ltr'><strong>Carthaginis</strong></span> <span class='ocrx_word' id='word_1_401' title='bbox 488 2241 515 2267; x_wconf 94' lang='lat' dir='ltr'><strong>iu</strong></span> <span class='ocrx_word' id='word_1_402' title='bbox 536 2240 639 2267; x_wconf 69' lang='lat' dir='ltr'><strong>Africa.</strong></span> 
     </span>
    </p>
   </div>
   <div class='ocr_carea' id='block_1_65' title="bbox 218 2331 960 2368">
    <p class='ocr_par' dir='ltr' id='par_1_65' title="bbox 218 2331 960 2368">
     <span class='ocr_line' id='line_1_65' title="bbox 218 2331 960 2368; baseline -0.003 -9"><span class='ocrx_word' id='word_1_403' title='bbox 218 2332 331 2368; x_wconf 84' lang='lat' dir='ltr'><strong>Oportet</strong></span> <span class='ocrx_word' id='word_1_404' title='bbox 349 2333 502 2368; x_wconf 83' lang='lat' dir='ltr'><strong>episcopos,</strong></span> <span class='ocrx_word' id='word_1_405' title='bbox 524 2332 571 2367; x_wconf 95' lang='lat' dir='ltr'><strong>qui</strong></span> <span class='ocrx_word' id='word_1_406' title='bbox 594 2332 640 2366; x_wconf 84' lang='lat' dir='ltr'><strong>jus</strong></span> <span class='ocrx_word' id='word_1_407' title='bbox 667 2331 894 2366; x_wconf 83' lang='lat' dir='ltr'><strong>metropoliticum</strong></span> <span class='ocrx_word' id='word_1_408' title='bbox 914 2331 960 2357; x_wconf 90' lang='lat' dir='ltr'><strong>ha-</strong></span> 
     </span>
    </p>
   </div>
   <div class='ocr_carea' id='block_1_66' title="bbox 183 2379 594 2414">
    <p class='ocr_par' dir='ltr' id='par_1_66' title="bbox 183 2379 594 2414">
     <span class='ocr_line' id='line_1_66' title="bbox 183 2379 594 2414; baseline -0.005 -7"><span class='ocrx_word' id='word_1_409' title='bbox 183 2380 259 2411; x_wconf 85' lang='lat' dir='ltr'><strong>bent,</strong></span> <span class='ocrx_word' id='word_1_410' title='bbox 273 2379 366 2405; x_wconf 81' lang='lat' dir='ltr'><strong>codcnt</strong></span> <span class='ocrx_word' id='word_1_411' title='bbox 383 2383 515 2414; x_wconf 83' lang='lat' dir='ltr'><strong>perpetuo</strong></span> <span class='ocrx_word' id='word_1_412' title='bbox 530 2379 594 2405; x_wconf 88' lang='lat' dir='ltr'><strong>i&#39;rui.</strong></span> 
     </span>
    </p>
   </div>
   <div class='ocr_carea' id='block_1_67' title="bbox 218 2423 964 2460">
    <p class='ocr_par' dir='ltr' id='par_1_67' title="bbox 218 2423 964 2460">
     <span class='ocr_line' id='line_1_67' title="bbox 218 2423 964 2460; baseline -0.004 -8"><span class='ocrx_word' id='word_1_413' title='bbox 218 2425 344 2460; x_wconf 78' lang='lat' dir='ltr'><strong>Episcopi</strong></span> <span class='ocrx_word' id='word_1_414' title='bbox 370 2426 468 2452; x_wconf 86' lang='lat' dir='ltr'><strong>debent</strong></span> <span class='ocrx_word' id='word_1_415' title='bbox 484 2425 736 2453; x_wconf 87' lang='lat' dir='ltr'><strong>administrationes</strong></span> <span class='ocrx_word' id='word_1_416' title='bbox 755 2431 852 2452; x_wconf 86' lang='lat' dir='ltr'><strong>eorum</strong></span> <span class='ocrx_word' id='word_1_417' title='bbox 879 2423 964 2457; x_wconf 91' lang='lat' dir='ltr'><strong>inspi-</strong></span> 
     </span>
    </p>
   </div>
   <div class='ocr_carea' id='block_1_68' title="bbox 180 2469 962 2506">
    <p class='ocr_par' dir='ltr' id='par_1_68' title="bbox 180 2469 962 2506">
     <span class='ocr_line' id='line_1_68' title="bbox 180 2469 962 2506; baseline -0.004 -8"><span class='ocrx_word' id='word_1_418' title='bbox 180 2478 253 2504; x_wconf 87' lang='lat' dir='ltr'><strong>cere,</strong></span> <span class='ocrx_word' id='word_1_419' title='bbox 279 2471 325 2506; x_wconf 90' lang='lat' dir='ltr'><strong>qui</strong></span> <span class='ocrx_word' id='word_1_420' title='bbox 347 2471 502 2506; x_wconf 86' lang='lat' dir='ltr'><strong>provisores</strong></span> <span class='ocrx_word' id='word_1_421' title='bbox 523 2471 550 2497; x_wconf 93' lang='lat' dir='ltr'><strong>iu</strong></span> <span class='ocrx_word' id='word_1_422' title='bbox 573 2470 736 2506; x_wconf 82' lang='lat' dir='ltr'><strong>quibusdam</strong></span> <span class='ocrx_word' id='word_1_423' title='bbox 758 2469 962 2498; x_wconf 82' lang='lat' dir='ltr'><strong>venerabilibus</strong></span> 
     </span>
    </p>
   </div>
   <div class='ocr_carea' id='block_1_69' title="bbox 180 2515 959 2550">
    <p class='ocr_par' dir='ltr' id='par_1_69' title="bbox 180 2515 959 2550">
     <span class='ocr_line' id='line_1_69' title="bbox 180 2515 959 2550; baseline -0.004 -6"><span class='ocrx_word' id='word_1_424' title='bbox 180 2517 306 2547; x_wconf 86' lang='lat' dir='ltr'><strong>domibus</strong></span> <span class='ocrx_word' id='word_1_425' title='bbox 320 2517 462 2544; x_wconf 77' lang='lat' dir='ltr'><strong>constituti</strong></span> <span class='ocrx_word' id='word_1_426' title='bbox 483 2522 547 2544; x_wconf 86' lang='lat' dir='ltr'><strong>sunt</strong></span> <span class='ocrx_word' id='word_1_427' title='bbox 570 2517 603 2544; x_wconf 87' lang='lat' dir='ltr'><strong>ab</strong></span> <span class='ocrx_word' id='word_1_428' title='bbox 620 2517 653 2544; x_wconf 90' lang='lat' dir='ltr'><strong>iis</strong></span> <span class='ocrx_word' id='word_1_429' title='bbox 681 2517 725 2550; x_wconf 87' lang='lat' dir='ltr'><strong>qui</strong></span> <span class='ocrx_word' id='word_1_430' title='bbox 751 2515 861 2543; x_wconf 83' lang='lat' dir='ltr'><strong>easdem</strong></span> <span class='ocrx_word' id='word_1_431' title='bbox 880 2522 959 2542; x_wconf 88' lang='lat' dir='ltr'><strong>vene-</strong></span> 
     </span>
    </p>
   </div>
   <div class='ocr_carea' id='block_1_70' title="bbox 180 2565 607 2592">
    <p class='ocr_par' dir='ltr' id='par_1_70' title="bbox 180 2565 607 2592">
     <span class='ocr_line' id='line_1_70' title="bbox 180 2565 607 2592; baseline 0 -1"><span class='ocrx_word' id='word_1_432' title='bbox 180 2565 277 2591; x_wconf 80' lang='lat' dir='ltr'><strong>rabiles</strong></span> <span class='ocrx_word' id='word_1_433' title='bbox 297 2565 392 2592; x_wconf 89' lang='lat' dir='ltr'><strong>domos</strong></span> <span class='ocrx_word' id='word_1_434' title='bbox 404 2568 607 2591; x_wconf 81' lang='lat' dir='ltr'><strong>exstruxerunt.</strong></span> 
     </span>
    </p>
   </div>
   <div class='ocr_carea' id='block_1_71' title="bbox 1051 892 1807 932">
    <p class='ocr_par' dir='ltr' id='par_1_71' title="bbox 1051 892 1807 932">
     <span class='ocr_line' id='line_1_71' title="bbox 1051 892 1807 932; baseline -0.007 -9"><span class='ocrx_word' id='word_1_435' title='bbox 1051 897 1111 932; x_wconf 87' lang='grc' dir='ltr'>Χρὴ</span> <span class='ocrx_word' id='word_1_436' title='bbox 1126 896 1154 922; x_wconf 79' lang='grc' dir='ltr'><strong>δὲ</strong></span> <span class='ocrx_word' id='word_1_437' title='bbox 1170 896 1279 922; x_wconf 83' lang='grc' dir='ltr'>σύνοδον</span> <span class='ocrx_word' id='word_1_438' title='bbox 1290 895 1414 929; x_wconf 75' lang='grc' dir='ltr'>γίνεσθαι</span> <span class='ocrx_word' id='word_1_439' title='bbox 1427 895 1480 921; x_wconf 86' lang='grc' dir='ltr'><strong>τῶν</strong></span> <span class='ocrx_word' id='word_1_440' title='bbox 1495 894 1658 920; x_wconf 76' lang='grc' dir='ltr'>ὲπισκᾶπων</span> <span class='ocrx_word' id='word_1_441' title='bbox 1678 893 1749 919; x_wconf 68' lang='grc' dir='ltr'>κατὰ</span> <span class='ocrx_word' id='word_1_442' title='bbox 1764 892 1807 918; x_wconf 61' lang='grc' dir='ltr'><strong>τὸν</strong></span> 
     </span>
    </p>
   </div>
   <div class='ocr_carea' id='block_1_72' title="bbox 1015 940 1806 978">
    <p class='ocr_par' dir='ltr' id='par_1_72' title="bbox 1015 940 1806 978">
     <span class='ocr_line' id='line_1_72' title="bbox 1015 940 1806 978; baseline -0.005 -9"><span class='ocrx_word' id='word_1_443' title='bbox 1015 942 1089 969; x_wconf 83' lang='grc' dir='ltr'>ὀκτὼ</span> <span class='ocrx_word' id='word_1_444' title='bbox 1105 942 1178 977; x_wconf 85' lang='grc' dir='ltr'>μῆνα</span> <span class='ocrx_word' id='word_1_445' title='bbox 1193 941 1390 978; x_wconf 76' lang='grc' dir='ltr'>[Ὀκτώὸριον]</span> <span class='ocrx_word' id='word_1_446' title='bbox 1408 941 1525 968; x_wconf 77' lang='grc' dir='ltr'>ἑκάστου</span> <span class='ocrx_word' id='word_1_447' title='bbox 1542 940 1632 973; x_wconf 74' lang='grc' dir='ltr'>ἔτους,</span> <span class='ocrx_word' id='word_1_448' title='bbox 1654 941 1704 967; x_wconf 74' lang='grc' dir='ltr'>καὶ</span> <span class='ocrx_word' id='word_1_449' title='bbox 1719 940 1806 966; x_wconf 75' lang='grc' dir='ltr'>συνιέ-</span> 
     </span>
    </p>
   </div>
   <div class='ocr_carea' id='block_1_73' title="bbox 1016 985 1807 1023">
    <p class='ocr_par' dir='ltr' id='par_1_73' title="bbox 1016 985 1807 1023">
     <span class='ocr_line' id='line_1_73' title="bbox 1016 985 1807 1023; baseline -0.005 -8"><span class='ocrx_word' id='word_1_450' title='bbox 1016 997 1059 1015; x_wconf 67' lang='grc' dir='ltr'><strong>ναι</strong></span> <span class='ocrx_word' id='word_1_451' title='bbox 1074 988 1136 1019; x_wconf 80' lang='grc' dir='ltr'>τοὺς</span> <span class='ocrx_word' id='word_1_452' title='bbox 1167 988 1216 1020; x_wconf 83' lang='grc' dir='ltr'>μὲν</span> <span class='ocrx_word' id='word_1_453' title='bbox 1240 986 1469 1023; x_wconf 72' lang='grc' dir='ltr'>μητροπολιτικὺν</span> <span class='ocrx_word' id='word_1_454' title='bbox 1482 986 1596 1020; x_wconf 74' lang='grc' dir='ltr'>ἔχοντας</span> <span class='ocrx_word' id='word_1_455' title='bbox 1611 985 1720 1012; x_wconf 78' lang='grc' dir='ltr'>δίκαιον</span> <span class='ocrx_word' id='word_1_456' title='bbox 1733 985 1807 1019; x_wconf 77' lang='grc' dir='ltr'>παρᾶ</span> 
     </span>
    </p>
   </div>
   <div class='ocr_carea' id='block_1_74' title="bbox 1015 1031 1806 1070">
    <p class='ocr_par' dir='ltr' id='par_1_74' title="bbox 1015 1031 1806 1070">
     <span class='ocr_line' id='line_1_74' title="bbox 1015 1031 1806 1070; baseline -0.005 -10"><span class='ocrx_word' id='word_1_457' title='bbox 1015 1035 1053 1070; x_wconf 82' lang='grc' dir='ltr'>τῷ</span> <span class='ocrx_word' id='word_1_458' title='bbox 1069 1034 1218 1069; x_wconf 83' lang='grc' dir='ltr'>προσφόρῳ</span> <span class='ocrx_word' id='word_1_459' title='bbox 1233 1033 1403 1068; x_wconf 80' lang='grc' dir='ltr'>πατριάρχῃ,</span> <span class='ocrx_word' id='word_1_460' title='bbox 1418 1033 1481 1064; x_wconf 82' lang='grc' dir='ltr'>τοὺς</span> <span class='ocrx_word' id='word_1_461' title='bbox 1499 1032 1527 1058; x_wconf 81' lang='grc' dir='ltr'><strong>δὲ</strong></span> <span class='ocrx_word' id='word_1_462' title='bbox 1543 1031 1717 1061; x_wconf 78' lang='grc' dir='ltr'>ἐπισκόπους</span> <span class='ocrx_word' id='word_1_463' title='bbox 1734 1031 1806 1065; x_wconf 67' lang='grc' dir='ltr'>παρίι</span> 
     </span>
    </p>
   </div>
   <div class='ocr_carea' id='block_1_75' title="bbox 1014 1074 1806 1114">
    <p class='ocr_par' dir='ltr' id='par_1_75' title="bbox 1014 1074 1806 1114">
     <span class='ocr_line' id='line_1_75' title="bbox 1014 1074 1806 1114; baseline -0.006 -7"><span class='ocrx_word' id='word_1_464' title='bbox 1014 1082 1070 1112; x_wconf 81' lang='grc' dir='ltr'>τοῖς</span> <span class='ocrx_word' id='word_1_465' title='bbox 1083 1080 1195 1111; x_wconf 78' lang='grc' dir='ltr'>οἰκείοις</span> <span class='ocrx_word' id='word_1_466' title='bbox 1213 1079 1437 1114; x_wconf 84' lang='grc' dir='ltr'>μητροπολίταις,</span> <span class='ocrx_word' id='word_1_467' title='bbox 1458 1078 1500 1111; x_wconf 79' lang='grc' dir='ltr'>ἐφ’</span> <span class='ocrx_word' id='word_1_468' title='bbox 1514 1074 1535 1110; x_wconf 85' lang='grc' dir='ltr'>ᾦ</span> <span class='ocrx_word' id='word_1_469' title='bbox 1550 1078 1617 1111; x_wconf 79' lang='grc' dir='ltr'>παρ’</span> <span class='ocrx_word' id='word_1_470' title='bbox 1633 1077 1729 1108; x_wconf 78' lang='grc' dir='ltr'>αὐτοῖς</span> <span class='ocrx_word' id='word_1_471' title='bbox 1749 1077 1806 1103; x_wconf 82' lang='grc' dir='ltr'>δια-</span> 
     </span>
    </p>
   </div>
   <div class='ocr_carea' id='block_1_76' title="bbox 1015 1122 1806 1160">
    <p class='ocr_par' dir='ltr' id='par_1_76' title="bbox 1015 1122 1806 1160">
     <span class='ocr_line' id='line_1_76' title="bbox 1015 1122 1806 1160; baseline -0.006 -8"><span class='ocrx_word' id='word_1_472' title='bbox 1015 1125 1158 1160; x_wconf 82' lang='grc' dir='ltr'>ζητεϊσθαι</span> <span class='ocrx_word' id='word_1_473' title='bbox 1174 1125 1224 1157; x_wconf 82' lang='grc' dir='ltr'><strong>τάς</strong></span> <span class='ocrx_word' id='word_1_474' title='bbox 1241 1133 1271 1151; x_wconf 87' lang='grc' dir='ltr'><strong>τε</strong></span> <span class='ocrx_word' id='word_1_475' title='bbox 1288 1124 1437 1155; x_wconf 81' lang='grc' dir='ltr'>κανονικὰς</span> <span class='ocrx_word' id='word_1_476' title='bbox 1464 1124 1565 1155; x_wconf 88' lang='grc' dir='ltr'>αίτίας,</span> <span class='ocrx_word' id='word_1_477' title='bbox 1581 1123 1632 1150; x_wconf 80' lang='grc' dir='ltr'>καὶ</span> <span class='ocrx_word' id='word_1_478' title='bbox 1658 1123 1712 1149; x_wconf 73' lang='grc' dir='ltr'>ὅσα</span> <span class='ocrx_word' id='word_1_479' title='bbox 1735 1122 1806 1152; x_wconf 64' lang='grc' dir='ltr'>τινὲς</span> 
     </span>
    </p>
   </div>
   <div class='ocr_carea' id='block_1_77' title="bbox 1015 1168 1807 1203">
    <p class='ocr_par' dir='ltr' id='par_1_77' title="bbox 1015 1168 1807 1203">
     <span class='ocr_line' id='line_1_77' title="bbox 1015 1168 1807 1203; baseline -0.008 -4"><span class='ocrx_word' id='word_1_480' title='bbox 1015 1172 1105 1199; x_wconf 80' lang='grc' dir='ltr'>αὐτῶν</span> <span class='ocrx_word' id='word_1_481' title='bbox 1129 1180 1158 1197; x_wconf 87' lang='grc' dir='ltr'><strong>τε</strong></span> <span class='ocrx_word' id='word_1_482' title='bbox 1184 1171 1238 1198; x_wconf 84' lang='grc' dir='ltr'>τῶν</span> <span class='ocrx_word' id='word_1_483' title='bbox 1256 1170 1425 1200; x_wconf 72' lang='grc' dir='ltr'>ἐπισκόπων,</span> <span class='ocrx_word' id='word_1_484' title='bbox 1443 1169 1490 1195; x_wconf 80' lang='grc' dir='ltr'>καὶ</span> <span class='ocrx_word' id='word_1_485' title='bbox 1512 1169 1568 1195; x_wconf 81' lang='grc' dir='ltr'><strong>τῶν</strong></span> <span class='ocrx_word' id='word_1_486' title='bbox 1589 1168 1747 1203; x_wconf 78' lang='grc' dir='ltr'>κληρικῶν,</span> <span class='ocrx_word' id='word_1_487' title='bbox 1763 1168 1807 1194; x_wconf 73' lang='grc' dir='ltr'>καὶ</span> 
     </span>
    </p>
   </div>
   <div class='ocr_carea' id='block_1_78' title="bbox 1014 1214 1805 1251">
    <p class='ocr_par' dir='ltr' id='par_1_78' title="bbox 1014 1214 1805 1251">
     <span class='ocr_line' id='line_1_78' title="bbox 1014 1214 1805 1251; baseline -0.009 -7"><span class='ocrx_word' id='word_1_488' title='bbox 1014 1218 1068 1243; x_wconf 83' lang='grc' dir='ltr'>τῶν</span> <span class='ocrx_word' id='word_1_489' title='bbox 1088 1217 1224 1251; x_wconf 85' lang='grc' dir='ltr'>μοναχῶν,</span> <span class='ocrx_word' id='word_1_490' title='bbox 1251 1217 1298 1243; x_wconf 69' lang='grc' dir='ltr'><strong>καὶ</strong></span> <span class='ocrx_word' id='word_1_491' title='bbox 1314 1223 1367 1242; x_wconf 86' lang='grc' dir='ltr'><strong>των</strong></span> <span class='ocrx_word' id='word_1_492' title='bbox 1392 1215 1572 1250; x_wconf 82' lang='grc' dir='ltr'>ἡγουμένων,</span> <span class='ocrx_word' id='word_1_493' title='bbox 1594 1214 1805 1247; x_wconf 76' lang='grc' dir='ltr'>καταλέγουσιν,</span> 
     </span>
    </p>
   </div>
   <div class='ocr_carea' id='block_1_79' title="bbox 1014 1259 1804 1296">
    <p class='ocr_par' dir='ltr' id='par_1_79' title="bbox 1014 1259 1804 1296">
     <span class='ocr_line' id='line_1_79' title="bbox 1014 1259 1804 1296; baseline -0.005 -8"><span class='ocrx_word' id='word_1_494' title='bbox 1014 1262 1052 1293; x_wconf 82' lang='grc' dir='ltr'>ὡς</span> <span class='ocrx_word' id='word_1_495' title='bbox 1078 1261 1153 1296; x_wconf 70' lang='grc' dir='ltr'>παρὰ</span> <span class='ocrx_word' id='word_1_496' title='bbox 1178 1262 1241 1292; x_wconf 77' lang='grc' dir='ltr'>τοὺς</span> <span class='ocrx_word' id='word_1_497' title='bbox 1265 1261 1354 1291; x_wconf 85' lang='grc' dir='ltr'>θείου;</span> <span class='ocrx_word' id='word_1_498' title='bbox 1372 1261 1488 1292; x_wconf 81' lang='grc' dir='ltr'>κανόνας</span> <span class='ocrx_word' id='word_1_499' title='bbox 1504 1269 1530 1287; x_wconf 82' lang='grc' dir='ltr'><strong>τι</strong></span> <span class='ocrx_word' id='word_1_500' title='bbox 1545 1259 1804 1294; x_wconf 76' lang='grc' dir='ltr'>διαπραττομένων,</span> 
     </span>
    </p>
   </div>
   <div class='ocr_carea' id='block_1_80' title="bbox 1015 1305 1806 1342">
    <p class='ocr_par' dir='ltr' id='par_1_80' title="bbox 1015 1305 1806 1342">
     <span class='ocr_line' id='line_1_80' title="bbox 1015 1305 1806 1342; baseline -0.003 -10"><span class='ocrx_word' id='word_1_501' title='bbox 1015 1308 1086 1334; x_wconf 77' lang='grc' dir='ltr'>κατὰ</span> <span class='ocrx_word' id='word_1_502' title='bbox 1111 1307 1159 1342; x_wconf 86' lang='grc' dir='ltr'><strong>τὴν</strong></span> <span class='ocrx_word' id='word_1_503' title='bbox 1182 1307 1258 1339; x_wconf 81' lang='grc' dir='ltr'>τάξιν</span> <span class='ocrx_word' id='word_1_504' title='bbox 1287 1307 1335 1341; x_wconf 80' lang='grc' dir='ltr'>τῆς</span> <span class='ocrx_word' id='word_1_505' title='bbox 1361 1307 1466 1337; x_wconf 71' lang='grc' dir='ltr'>οἰκείας</span> <span class='ocrx_word' id='word_1_506' title='bbox 1478 1305 1675 1337; x_wconf 81' lang='grc' dir='ltr'>δικαιοδοσίας,</span> <span class='ocrx_word' id='word_1_507' title='bbox 1704 1305 1806 1331; x_wconf 77' lang='grc' dir='ltr'>τούτων</span> 
     </span>
    </p>
   </div>
   <div class='ocr_carea' id='block_1_81' title="bbox 1015 1351 1804 1387">
    <p class='ocr_par' dir='ltr' id='par_1_81' title="bbox 1015 1351 1804 1387">
     <span class='ocr_line' id='line_1_81' title="bbox 1015 1351 1804 1387; baseline -0.003 -8"><span class='ocrx_word' id='word_1_508' title='bbox 1015 1353 1225 1387; x_wconf 69' lang='grc' dir='ltr'>φυλαττομένων</span> <span class='ocrx_word' id='word_1_509' title='bbox 1241 1352 1271 1379; x_wconf 85' lang='grc' dir='ltr'>οὺ</span> <span class='ocrx_word' id='word_1_510' title='bbox 1291 1353 1370 1387; x_wconf 71' lang='grc' dir='ltr'>μόνον</span> <span class='ocrx_word' id='word_1_511' title='bbox 1382 1353 1446 1387; x_wconf 79' lang='grc' dir='ltr'>παρ’</span> <span class='ocrx_word' id='word_1_512' title='bbox 1460 1352 1550 1378; x_wconf 82' lang='grc' dir='ltr'>αὐτῶν</span> <span class='ocrx_word' id='word_1_513' title='bbox 1563 1351 1618 1378; x_wconf 78' lang='grc' dir='ltr'><strong>τῶν</strong></span> <span class='ocrx_word' id='word_1_514' title='bbox 1633 1352 1804 1380; x_wconf 74' lang='grc' dir='ltr'>ἐπισκόπων.</span> 
     </span>
    </p>
   </div>
   <div class='ocr_carea' id='block_1_82' title="bbox 1015 1398 1630 1433">
    <p class='ocr_par' dir='ltr' id='par_1_82' title="bbox 1015 1398 1630 1433">
     <span class='ocr_line' id='line_1_82' title="bbox 1015 1398 1630 1433; baseline -0.002 -8"><span class='ocrx_word' id='word_1_515' title='bbox 1015 1399 1083 1425; x_wconf 81' lang='grc' dir='ltr'><strong>ἀλλὰ</strong></span> <span class='ocrx_word' id='word_1_516' title='bbox 1098 1399 1143 1425; x_wconf 85' lang='grc' dir='ltr'>καὶ</span> <span class='ocrx_word' id='word_1_517' title='bbox 1159 1399 1234 1433; x_wconf 74' lang='grc' dir='ltr'>παρὰ</span> <span class='ocrx_word' id='word_1_518' title='bbox 1247 1398 1302 1424; x_wconf 85' lang='grc' dir='ltr'>τῶν</span> <span class='ocrx_word' id='word_1_519' title='bbox 1317 1398 1463 1424; x_wconf 85' lang='grc' dir='ltr'>πολιτικῶν</span> <span class='ocrx_word' id='word_1_520' title='bbox 1477 1398 1630 1433; x_wconf 77' lang='grc' dir='ltr'>ἀρχόντων.</span> 
     </span>
    </p>
   </div>
   <div class='ocr_carea' id='block_1_83' title="bbox 1051 1442 1803 1480">
    <p class='ocr_par' dir='ltr' id='par_1_83' title="bbox 1051 1442 1803 1480">
     <span class='ocr_line' id='line_1_83' title="bbox 1051 1442 1803 1480; baseline -0.005 -8"><span class='ocrx_word' id='word_1_521' title='bbox 1051 1445 1113 1472; x_wconf 87' lang='grc' dir='ltr'>’Ότι</span> <span class='ocrx_word' id='word_1_522' title='bbox 1129 1444 1181 1480; x_wconf 79' lang='grc' dir='ltr'><strong>χρὴ</strong></span> <span class='ocrx_word' id='word_1_523' title='bbox 1203 1446 1268 1475; x_wconf 81' lang='grc' dir='ltr'>τοὺς</span> <span class='ocrx_word' id='word_1_524' title='bbox 1283 1443 1520 1479; x_wconf 80' lang='grc' dir='ltr'>προσκομίζοντας</span> <span class='ocrx_word' id='word_1_525' title='bbox 1537 1444 1554 1478; x_wconf 80' lang='grc' dir='ltr'>ἢ</span> <span class='ocrx_word' id='word_1_526' title='bbox 1568 1443 1620 1478; x_wconf 82' lang='grc' dir='ltr'><strong>τὴν</strong></span> <span class='ocrx_word' id='word_1_527' title='bbox 1645 1442 1734 1478; x_wconf 77' lang='grc' dir='ltr'>εὐχὴν</span> <span class='ocrx_word' id='word_1_528' title='bbox 1757 1442 1803 1468; x_wconf 70' lang='grc' dir='ltr'>τοῦ</span> 
     </span>
    </p>
   </div>
   <div class='ocr_carea' id='block_1_84' title="bbox 1014 1488 1806 1524">
    <p class='ocr_par' dir='ltr' id='par_1_84' title="bbox 1014 1488 1806 1524">
     <span class='ocr_line' id='line_1_84' title="bbox 1014 1488 1806 1524; baseline 0 -8"><span class='ocrx_word' id='word_1_529' title='bbox 1014 1490 1094 1523; x_wconf 80' lang='grc' dir='ltr'>ἁγίου</span> <span class='ocrx_word' id='word_1_530' title='bbox 1111 1489 1298 1524; x_wconf 82' lang='grc' dir='ltr'>βαπτίσματος</span> <span class='ocrx_word' id='word_1_531' title='bbox 1319 1488 1463 1520; x_wconf 79' lang='grc' dir='ltr'>ποιοῦντας</span> <span class='ocrx_word' id='word_1_532' title='bbox 1485 1489 1619 1523; x_wconf 72' lang='grc' dir='ltr'>ἐκφωνεῐν</span> <span class='ocrx_word' id='word_1_533' title='bbox 1648 1489 1700 1520; x_wconf 74' lang='grc' dir='ltr'><strong>τὰς</strong></span> <span class='ocrx_word' id='word_1_534' title='bbox 1726 1490 1806 1524; x_wconf 70' lang='grc' dir='ltr'>εὐχὰς</span> 
     </span>
    </p>
   </div>
   <div class='ocr_carea' id='block_1_85' title="bbox 1015 1534 1804 1573">
    <p class='ocr_par' dir='ltr' id='par_1_85' title="bbox 1015 1534 1804 1573">
     <span class='ocr_line' id='line_1_85' title="bbox 1015 1534 1804 1573; baseline 0.001 -11"><span class='ocrx_word' id='word_1_535' title='bbox 1015 1535 1064 1562; x_wconf 77' lang='grc' dir='ltr'>καὶ</span> <span class='ocrx_word' id='word_1_536' title='bbox 1081 1535 1131 1569; x_wconf 88' lang='grc' dir='ltr'><strong>τὴν</strong></span> <span class='ocrx_word' id='word_1_537' title='bbox 1146 1534 1347 1569; x_wconf 80' lang='grc' dir='ltr'>προσκομιδήν.</span> <span class='ocrx_word' id='word_1_538' title='bbox 1371 1534 1482 1570; x_wconf 84' lang='grc' dir='ltr'>Ἐπειδὴ</span> <span class='ocrx_word' id='word_1_539' title='bbox 1494 1535 1573 1561; x_wconf 82' lang='grc' dir='ltr'>τοῦτο</span> <span class='ocrx_word' id='word_1_540' title='bbox 1587 1537 1637 1562; x_wconf 73' lang='grc' dir='ltr'>καὶ</span> <span class='ocrx_word' id='word_1_541' title='bbox 1652 1537 1754 1573; x_wconf 80' lang='grc' dir='ltr'>Παύλῳ</span> <span class='ocrx_word' id='word_1_542' title='bbox 1767 1537 1804 1571; x_wconf 81' lang='grc' dir='ltr'><strong>τῷ</strong></span> 
     </span>
    </p>
   </div>
   <div class='ocr_carea' id='block_1_86' title="bbox 1015 1579 1806 1616">
    <p class='ocr_par' dir='ltr' id='par_1_86' title="bbox 1015 1579 1806 1616">
     <span class='ocr_line' id='line_1_86' title="bbox 1015 1579 1806 1616; baseline 0.004 -10"><span class='ocrx_word' id='word_1_543' title='bbox 1015 1580 1157 1616; x_wconf 82' lang='grc' dir='ltr'>κορυφαίῳ</span> <span class='ocrx_word' id='word_1_544' title='bbox 1182 1579 1236 1606; x_wconf 79' lang='grc' dir='ltr'>τῶν</span> <span class='ocrx_word' id='word_1_545' title='bbox 1259 1580 1418 1606; x_wconf 77' lang='grc' dir='ltr'>ἀποστόλων</span> <span class='ocrx_word' id='word_1_546' title='bbox 1449 1581 1496 1606; x_wconf 72' lang='grc' dir='ltr'>καὶ</span> <span class='ocrx_word' id='word_1_547' title='bbox 1523 1581 1580 1611; x_wconf 85' lang='grc' dir='ltr'>τοῖς</span> <span class='ocrx_word' id='word_1_548' title='bbox 1605 1581 1697 1615; x_wconf 80' lang='grc' dir='ltr'>ἁγίοις</span> <span class='ocrx_word' id='word_1_549' title='bbox 1714 1582 1806 1616; x_wconf 76' lang='grc' dir='ltr'>διαγο-</span> 
     </span>
    </p>
   </div>
   <div class='ocr_carea' id='block_1_87' title="bbox 1016 1625 1804 1663">
    <p class='ocr_par' dir='ltr' id='par_1_87' title="bbox 1016 1625 1804 1663">
     <span class='ocr_line' id='line_1_87' title="bbox 1016 1625 1804 1663; baseline 0.003 -11"><span class='ocrx_word' id='word_1_550' title='bbox 1016 1627 1125 1662; x_wconf 80' lang='grc' dir='ltr'>ρεύεται</span> <span class='ocrx_word' id='word_1_551' title='bbox 1141 1625 1352 1660; x_wconf 75' lang='grc' dir='ltr'>Πατράσι.Τοὺς</span> <span class='ocrx_word' id='word_1_552' title='bbox 1364 1625 1392 1651; x_wconf 76' lang='grc' dir='ltr'><strong>δὲ</strong></span> <span class='ocrx_word' id='word_1_553' title='bbox 1413 1625 1451 1660; x_wconf 88' lang='grc' dir='ltr'><strong>μὴ</strong></span> <span class='ocrx_word' id='word_1_554' title='bbox 1462 1626 1541 1652; x_wconf 80' lang='grc' dir='ltr'>τοῦτο</span> <span class='ocrx_word' id='word_1_555' title='bbox 1555 1626 1704 1659; x_wconf 83' lang='grc' dir='ltr'>ποιοῦντας</span> <span class='ocrx_word' id='word_1_556' title='bbox 1721 1628 1804 1663; x_wconf 76' lang='grc' dir='ltr'>ἱερεῖς</span> 
     </span>
    </p>
   </div>
   <div class='ocr_carea' id='block_1_88' title="bbox 1015 1668 1803 1706">
    <p class='ocr_par' dir='ltr' id='par_1_88' title="bbox 1015 1668 1803 1706">
     <span class='ocr_line' id='line_1_88' title="bbox 1015 1668 1803 1706; baseline 0.001 -8"><span class='ocrx_word' id='word_1_557' title='bbox 1015 1671 1183 1703; x_wconf 79' lang='grc' dir='ltr'>ὑπευθύνους</span> <span class='ocrx_word' id='word_1_558' title='bbox 1198 1668 1269 1697; x_wconf 77' lang='grc' dir='ltr'>εῖναι</span> <span class='ocrx_word' id='word_1_559' title='bbox 1285 1672 1319 1706; x_wconf 85' lang='grc' dir='ltr'><strong>τῇ</strong></span> <span class='ocrx_word' id='word_1_560' title='bbox 1336 1672 1426 1705; x_wconf 84' lang='grc' dir='ltr'>κρίσει</span> <span class='ocrx_word' id='word_1_561' title='bbox 1442 1671 1490 1698; x_wconf 76' lang='grc' dir='ltr'>τοῦ</span> <span class='ocrx_word' id='word_1_562' title='bbox 1515 1672 1635 1706; x_wconf 77' lang='grc' dir='ltr'>μεγάλου</span> <span class='ocrx_word' id='word_1_563' title='bbox 1655 1673 1737 1706; x_wconf 80' lang='grc' dir='ltr'>Θεοῦ,</span> <span class='ocrx_word' id='word_1_564' title='bbox 1757 1676 1803 1701; x_wconf 76' lang='grc' dir='ltr'>καὶ</span> 
     </span>
    </p>
   </div>
   <div class='ocr_carea' id='block_1_89' title="bbox 1016 1717 1516 1752">
    <p class='ocr_par' dir='ltr' id='par_1_89' title="bbox 1016 1717 1516 1752">
     <span class='ocr_line' id='line_1_89' title="bbox 1016 1717 1516 1752; baseline 0 -8"><span class='ocrx_word' id='word_1_565' title='bbox 1016 1717 1054 1752; x_wconf 79' lang='grc' dir='ltr'><strong>μὴ</strong></span> <span class='ocrx_word' id='word_1_566' title='bbox 1073 1717 1219 1750; x_wconf 81' lang='grc' dir='ltr'>ἐκφεύγειν</span> <span class='ocrx_word' id='word_1_567' title='bbox 1232 1717 1344 1752; x_wconf 83' lang='grc' dir='ltr'>κίνησιν</span> <span class='ocrx_word' id='word_1_568' title='bbox 1359 1717 1516 1752; x_wconf 86' lang='grc' dir='ltr'>βασιλικήν.</span> 
     </span>
    </p>
   </div>
   <div class='ocr_carea' id='block_1_90' title="bbox 1051 1774 1802 1812">
    <p class='ocr_par' dir='ltr' id='par_1_90' title="bbox 1051 1774 1802 1812">
     <span class='ocr_line' id='line_1_90' title="bbox 1051 1774 1802 1812; baseline 0.001 -11"><span class='ocrx_word' id='word_1_569' title='bbox 1051 1777 1115 1803; x_wconf 89' lang='grc' dir='ltr'>Δατ.</span> <span class='ocrx_word' id='word_1_570' title='bbox 1129 1775 1238 1802; x_wconf 84' lang='grc' dir='ltr'>καλενδ.</span> <span class='ocrx_word' id='word_1_571' title='bbox 1264 1776 1356 1810; x_wconf 85' lang='grc' dir='ltr'>’Δπρ.,</span> <span class='ocrx_word' id='word_1_572' title='bbox 1371 1776 1529 1805; x_wconf 79' lang='grc' dir='ltr'>Κωνσταντ.</span> <span class='ocrx_word' id='word_1_573' title='bbox 1546 1774 1675 1812; x_wconf 79' lang='grc' dir='ltr'>βασιλείᾳ</span> <span class='ocrx_word' id='word_1_574' title='bbox 1686 1775 1802 1804; x_wconf 80' lang='grc' dir='ltr'>Ίουστι‹</span> 
     </span>
    </p>
   </div>
   <div class='ocr_carea' id='block_1_91' title="bbox 1015 1817 1638 1858">
    <p class='ocr_par' dir='ltr' id='par_1_91' title="bbox 1015 1817 1638 1858">
     <span class='ocr_line' id='line_1_91' title="bbox 1015 1817 1638 1858; baseline 0.002 -10"><span class='ocrx_word' id='word_1_575' title='bbox 1015 1821 1103 1849; x_wconf 78' lang='grc' dir='ltr'>νιανοῦ</span> <span class='ocrx_word' id='word_1_576' title='bbox 1119 1820 1168 1854; x_wconf 87' lang='grc' dir='ltr'>λθ’,</span> <span class='ocrx_word' id='word_1_577' title='bbox 1186 1821 1255 1857; x_wconf 80' lang='grc' dir='ltr'>μετὰ</span> <span class='ocrx_word' id='word_1_578' title='bbox 1269 1821 1319 1858; x_wconf 84' lang='grc' dir='ltr'><strong>τὴν</strong></span> <span class='ocrx_word' id='word_1_579' title='bbox 1335 1821 1518 1850; x_wconf 66' lang='grc' dir='ltr'><strong>ὑπατείαν-⁸.⁹</strong></span> <span class='ocrx_word' id='word_1_580' title='bbox 1636 1817 1638 1819; x_wconf 47' lang='grc'><em>’</em></span> 
     </span>
    </p>
   </div>
   <div class='ocr_carea' id='block_1_92' title="bbox 1203 1923 1620 1957">
    <p class='ocr_par' dir='ltr' id='par_1_92' title="bbox 1203 1923 1620 1957">
     <span class='ocr_line' id='line_1_92' title="bbox 1203 1923 1620 1957; baseline 0.005 -8"><span class='ocrx_word' id='word_1_581' title='bbox 1203 1923 1243 1950; x_wconf 86' lang='grc' dir='ltr'><strong>Τὰ</strong></span> <span class='ocrx_word' id='word_1_582' title='bbox 1257 1923 1422 1957; x_wconf 77' lang='grc' dir='ltr'>παράτιτλα</span> <span class='ocrx_word' id='word_1_583' title='bbox 1437 1923 1491 1951; x_wconf 84' lang='grc' dir='ltr'>τοῦ</span> <span class='ocrx_word' id='word_1_584' title='bbox 1503 1923 1559 1951; x_wconf 68' lang='grc' dir='ltr'>τις.</span> <span class='ocrx_word' id='word_1_585' title='bbox 1577 1925 1620 1951; x_wconf 86' lang='lat' dir='ltr'><strong>A’.</strong></span> 
     </span>
    </p>
   </div>
   <div class='ocr_carea' id='block_1_93' title="bbox 1050 1967 1808 2003">
    <p class='ocr_par' dir='ltr' id='par_1_93' title="bbox 1050 1967 1808 2003">
     <span class='ocr_line' id='line_1_93' title="bbox 1050 1967 1808 2003; baseline 0.001 -9"><span class='ocrx_word' id='word_1_586' title='bbox 1050 1968 1147 1995; x_wconf 83' lang='grc' dir='ltr'>Τίτλου</span> <span class='ocrx_word' id='word_1_587' title='bbox 1175 1968 1198 2003; x_wconf 86' lang='grc' dir='ltr'><strong>β’</strong></span> <span class='ocrx_word' id='word_1_588' title='bbox 1222 1968 1344 2002; x_wconf 74' lang='grc' dir='ltr'>διάταξις</span> <span class='ocrx_word' id='word_1_589' title='bbox 1371 1967 1407 2001; x_wconf 85' lang='grc' dir='ltr'><strong>γ’.</strong></span> <span class='ocrx_word' id='word_1_590' title='bbox 1427 1968 1541 2003; x_wconf 78' lang='grc' dir='ltr'>Πρῶτός</span> <span class='ocrx_word' id='word_1_591' title='bbox 1559 1969 1634 1995; x_wconf 74' lang='grc' dir='ltr'>ἐστιν</span> <span class='ocrx_word' id='word_1_592' title='bbox 1656 1968 1808 2003; x_wconf 76' lang='grc' dir='ltr'>ῑερωσὺνης</span> 
     </span>
    </p>
   </div>
   <div class='ocr_carea' id='block_1_94' title="bbox 1014 2013 1807 2049">
    <p class='ocr_par' dir='ltr' id='par_1_94' title="bbox 1014 2013 1807 2049">
     <span class='ocr_line' id='line_1_94' title="bbox 1014 2013 1807 2049; baseline 0 -9"><span class='ocrx_word' id='word_1_593' title='bbox 1014 2014 1107 2049; x_wconf 68' lang='grc' dir='ltr'>θρόνος</span> <span class='ocrx_word' id='word_1_594' title='bbox 1122 2015 1136 2040; x_wconf 82' lang='grc' dir='ltr'>ὁ</span> <span class='ocrx_word' id='word_1_595' title='bbox 1155 2014 1276 2048; x_wconf 83' lang='grc' dir='ltr'><strong>Ῥώμης,</strong></span> <span class='ocrx_word' id='word_1_596' title='bbox 1297 2013 1425 2048; x_wconf 83' lang='grc' dir='ltr'>δεύτερος</span> <span class='ocrx_word' id='word_1_597' title='bbox 1442 2014 1456 2039; x_wconf 81' lang='grc' dir='ltr'>ὁ</span> <span class='ocrx_word' id='word_1_598' title='bbox 1473 2013 1807 2045; x_wconf 67' lang='grc' dir='ltr'>Κωνσταντινουπέλεως.</span> 
     </span>
    </p>
   </div>
   <div class='ocr_carea' id='block_1_95' title="bbox 1056 2103 1810 2140">
    <p class='ocr_par' dir='ltr' id='par_1_95' title="bbox 1056 2103 1810 2140">
     <span class='ocr_line' id='line_1_95' title="bbox 1056 2103 1810 2140; baseline -0.003 -6"><span class='ocrx_word' id='word_1_599' title='bbox 1056 2103 1085 2129; x_wconf 85' lang='grc' dir='ltr'>Ὀ</span> <span class='ocrx_word' id='word_1_600' title='bbox 1107 2103 1322 2138; x_wconf 76' lang='grc' dir='ltr'>ἀρχιεπίσκοπυς</span> <span class='ocrx_word' id='word_1_601' title='bbox 1345 2104 1397 2138; x_wconf 81' lang='grc' dir='ltr'>τῆς</span> <span class='ocrx_word' id='word_1_602' title='bbox 1417 2103 1528 2139; x_wconf 82' lang='grc' dir='ltr'>πρώτης</span> <span class='ocrx_word' id='word_1_603' title='bbox 1553 2105 1756 2140; x_wconf 77' lang='grc' dir='ltr'>Ἰουστινιανῆς</span> <span class='ocrx_word' id='word_1_604' title='bbox 1781 2106 1810 2132; x_wconf 79' lang='grc' dir='ltr'><strong>ἐν</strong></span> 
     </span>
    </p>
   </div>
   <div class='ocr_carea' id='block_1_96' title="bbox 1015 2149 1808 2186">
    <p class='ocr_par' dir='ltr' id='par_1_96' title="bbox 1015 2149 1808 2186">
     <span class='ocr_line' id='line_1_96' title="bbox 1015 2149 1808 2186; baseline 0.001 -10"><span class='ocrx_word' id='word_1_605' title='bbox 1015 2150 1074 2180; x_wconf 80' lang='grc' dir='ltr'>ταῖς</span> <span class='ocrx_word' id='word_1_606' title='bbox 1092 2149 1139 2176; x_wconf 83' lang='grc' dir='ltr'><strong>ὑπ’</strong></span> <span class='ocrx_word' id='word_1_607' title='bbox 1166 2150 1248 2176; x_wconf 78' lang='grc' dir='ltr'>αὑτὸν</span> <span class='ocrx_word' id='word_1_608' title='bbox 1278 2150 1426 2185; x_wconf 77' lang='grc' dir='ltr'>ἐπαρχίαις</span> <span class='ocrx_word' id='word_1_609' title='bbox 1461 2151 1506 2177; x_wconf 77' lang='grc' dir='ltr'>τὸν</span> <span class='ocrx_word' id='word_1_610' title='bbox 1529 2151 1614 2177; x_wconf 80' lang='grc' dir='ltr'>τόπον</span> <span class='ocrx_word' id='word_1_611' title='bbox 1641 2152 1741 2186; x_wconf 78' lang='grc' dir='ltr'>ἐπέχει</span> <span class='ocrx_word' id='word_1_612' title='bbox 1761 2152 1808 2177; x_wconf 79' lang='grc' dir='ltr'>τοῦ</span> 
     </span>
    </p>
   </div>
   <div class='ocr_carea' id='block_1_97' title="bbox 1014 2195 1808 2231">
    <p class='ocr_par' dir='ltr' id='par_1_97' title="bbox 1014 2195 1808 2231">
     <span class='ocr_line' id='line_1_97' title="bbox 1014 2195 1808 2231; baseline 0.003 -9"><span class='ocrx_word' id='word_1_613' title='bbox 1014 2195 1195 2229; x_wconf 81' lang='grc' dir='ltr'>ᾀποστολικοῦ</span> <span class='ocrx_word' id='word_1_614' title='bbox 1224 2195 1321 2230; x_wconf 82' lang='grc' dir='ltr'>θρόνου</span> <span class='ocrx_word' id='word_1_615' title='bbox 1355 2195 1476 2230; x_wconf 82' lang='grc' dir='ltr'>Ῥώμης,</span> <span class='ocrx_word' id='word_1_616' title='bbox 1491 2196 1538 2222; x_wconf 73' lang='grc' dir='ltr'>καὶ</span> <span class='ocrx_word' id='word_1_617' title='bbox 1565 2195 1613 2222; x_wconf 84' lang='grc' dir='ltr'>τδν</span> <span class='ocrx_word' id='word_1_618' title='bbox 1634 2196 1734 2230; x_wconf 80' lang='grc' dir='ltr'>ὃμκον</span> <span class='ocrx_word' id='word_1_619' title='bbox 1757 2197 1808 2231; x_wconf 80' lang='grc' dir='ltr'>τῆς</span> 
     </span>
    </p>
   </div>
   <div class='ocr_carea' id='block_1_98' title="bbox 1015 2240 1807 2277">
    <p class='ocr_par' dir='ltr' id='par_1_98' title="bbox 1015 2240 1807 2277">
     <span class='ocr_line' id='line_1_98' title="bbox 1015 2240 1807 2277; baseline 0.001 -10"><span class='ocrx_word' id='word_1_620' title='bbox 1015 2240 1164 2276; x_wconf 73' lang='grc' dir='ltr'>ἱερωσύνης</span> <span class='ocrx_word' id='word_1_621' title='bbox 1184 2240 1288 2276; x_wconf 81' lang='grc' dir='ltr'>βαθμὸν</span> <span class='ocrx_word' id='word_1_622' title='bbox 1303 2240 1350 2269; x_wconf 82' lang='grc' dir='ltr'><strong>τοῦ</strong></span> <span class='ocrx_word' id='word_1_623' title='bbox 1364 2241 1515 2267; x_wconf 75' lang='grc' dir='ltr'>ἐπισκόπου</span> <span class='ocrx_word' id='word_1_624' title='bbox 1534 2240 1590 2276; x_wconf 68' lang='lat' dir='ltr'><strong>[Im</strong></span> <span class='ocrx_word' id='word_1_625' title='bbox 1608 2241 1624 2267; x_wconf 82' lang='grc' dir='ltr'>ὁ</span> <span class='ocrx_word' id='word_1_626' title='bbox 1639 2240 1807 2277; x_wconf 74' lang='grc' dir='ltr'>ἐπίσκοπος]</span> 
     </span>
    </p>
   </div>
   <div class='ocr_carea' id='block_1_99' title="bbox 1015 2286 1438 2322">
    <p class='ocr_par' dir='ltr' id='par_1_99' title="bbox 1015 2286 1438 2322">
     <span class='ocr_line' id='line_1_99' title="bbox 1015 2286 1438 2322; baseline 0.002 -9"><span class='ocrx_word' id='word_1_627' title='bbox 1015 2286 1199 2321; x_wconf 81' lang='grc' dir='ltr'>Καρθαγένης</span> <span class='ocrx_word' id='word_1_628' title='bbox 1219 2286 1269 2321; x_wconf 81' lang='grc' dir='ltr'>τῆς</span> <span class='ocrx_word' id='word_1_629' title='bbox 1293 2287 1438 2322; x_wconf 75' lang='grc' dir='ltr'>Ἀφρικῆς.</span> 
     </span>
    </p>
   </div>
   <div class='ocr_carea' id='block_1_100' title="bbox 1050 2331 1807 2369">
    <p class='ocr_par' dir='ltr' id='par_1_100' title="bbox 1050 2331 1807 2369">
     <span class='ocr_line' id='line_1_100' title="bbox 1050 2331 1807 2369; baseline 0.004 -12"><span class='ocrx_word' id='word_1_630' title='bbox 1050 2332 1112 2367; x_wconf 88' lang='grc' dir='ltr'>Χρὴ</span> <span class='ocrx_word' id='word_1_631' title='bbox 1125 2332 1189 2363; x_wconf 79' lang='grc' dir='ltr'>τοὺς</span> <span class='ocrx_word' id='word_1_632' title='bbox 1205 2332 1374 2363; x_wconf 80' lang='grc' dir='ltr'>ἐπισκόπους</span> <span class='ocrx_word' id='word_1_633' title='bbox 1386 2332 1450 2363; x_wconf 77' lang='grc' dir='ltr'>τοὺς</span> <span class='ocrx_word' id='word_1_634' title='bbox 1466 2331 1580 2367; x_wconf 73' lang='grc' dir='ltr'>ἔχοντας</span> <span class='ocrx_word' id='word_1_635' title='bbox 1606 2335 1807 2369; x_wconf 79' lang='grc' dir='ltr'>μητροπολιτι-</span> 
     </span>
    </p>
   </div>
   <div class='ocr_carea' id='block_1_101' title="bbox 1017 2377 1624 2409">
    <p class='ocr_par' dir='ltr' id='par_1_101' title="bbox 1017 2377 1624 2409">
     <span class='ocr_line' id='line_1_101' title="bbox 1017 2377 1624 2409; baseline 0.002 -6"><span class='ocrx_word' id='word_1_636' title='bbox 1017 2377 1065 2403; x_wconf 76' lang='grc' dir='ltr'><strong>κον</strong></span> <span class='ocrx_word' id='word_1_637' title='bbox 1080 2377 1184 2403; x_wconf 82' lang='grc' dir='ltr'>δίκαιον</span> <span class='ocrx_word' id='word_1_638' title='bbox 1200 2377 1347 2403; x_wconf 82' lang='grc' dir='ltr'>ἀπολαύειν</span> <span class='ocrx_word' id='word_1_639' title='bbox 1365 2377 1462 2403; x_wconf 85' lang='grc' dir='ltr'>τούτου</span> <span class='ocrx_word' id='word_1_640' title='bbox 1479 2377 1624 2409; x_wconf 74' lang='grc' dir='ltr'>διηνεκῶς.</span> 
     </span>
    </p>
   </div>
   <div class='ocr_carea' id='block_1_102' title="bbox 1053 2423 1808 2459">
    <p class='ocr_par' dir='ltr' id='par_1_102' title="bbox 1053 2423 1808 2459">
     <span class='ocr_line' id='line_1_102' title="bbox 1053 2423 1808 2459; baseline 0 -10"><span class='ocrx_word' id='word_1_641' title='bbox 1053 2423 1114 2458; x_wconf 83' lang='grc' dir='ltr'>Χρὴ</span> <span class='ocrx_word' id='word_1_642' title='bbox 1134 2423 1197 2454; x_wconf 71' lang='grc' dir='ltr'>τοὺς</span> <span class='ocrx_word' id='word_1_643' title='bbox 1226 2423 1393 2453; x_wconf 72' lang='grc' dir='ltr'>ἐπισκόπους</span> <span class='ocrx_word' id='word_1_644' title='bbox 1408 2423 1572 2450; x_wconf 81' lang='grc' dir='ltr'>ἐποπτεύειν</span> <span class='ocrx_word' id='word_1_645' title='bbox 1591 2423 1643 2455; x_wconf 79' lang='grc' dir='ltr'><strong>τὰς</strong></span> <span class='ocrx_word' id='word_1_646' title='bbox 1659 2424 1808 2459; x_wconf 64' lang='grc' dir='ltr'>διοικήσεις</span> 
     </span>
    </p>
   </div>
   <div class='ocr_carea' id='block_1_103' title="bbox 1016 2469 1806 2504">
    <p class='ocr_par' dir='ltr' id='par_1_103' title="bbox 1016 2469 1806 2504">
     <span class='ocr_line' id='line_1_103' title="bbox 1016 2469 1806 2504; baseline 0 -9"><span class='ocrx_word' id='word_1_647' title='bbox 1016 2469 1071 2495; x_wconf 82' lang='grc' dir='ltr'>τῶν</span> <span class='ocrx_word' id='word_1_648' title='bbox 1089 2470 1118 2496; x_wconf 79' lang='grc' dir='ltr'>ἓν</span> <span class='ocrx_word' id='word_1_649' title='bbox 1147 2477 1220 2495; x_wconf 83' lang='grc' dir='ltr'>τισιν</span> <span class='ocrx_word' id='word_1_650' title='bbox 1246 2469 1376 2502; x_wconf 79' lang='grc' dir='ltr'>εὐαγὲσιν</span> <span class='ocrx_word' id='word_1_651' title='bbox 1402 2469 1486 2500; x_wconf 85' lang='grc' dir='ltr'>οῐκοις</span> <span class='ocrx_word' id='word_1_652' title='bbox 1513 2469 1714 2497; x_wconf 79' lang='grc' dir='ltr'>καταστάντων</span> <span class='ocrx_word' id='word_1_653' title='bbox 1739 2478 1806 2504; x_wconf 82' lang='grc' dir='ltr'>προ-</span> 
     </span>
    </p>
   </div>
   <div class='ocr_carea' id='block_1_104' title="bbox 1015 2514 1805 2551">
    <p class='ocr_par' dir='ltr' id='par_1_104' title="bbox 1015 2514 1805 2551">
     <span class='ocr_line' id='line_1_104' title="bbox 1015 2514 1805 2551; baseline 0 -11"><span class='ocrx_word' id='word_1_654' title='bbox 1015 2515 1118 2550; x_wconf 74' lang='grc' dir='ltr'>νοητῶν</span> <span class='ocrx_word' id='word_1_655' title='bbox 1146 2515 1209 2547; x_wconf 82' lang='grc' dir='ltr'>τοὺς</span> <span class='ocrx_word' id='word_1_656' title='bbox 1233 2515 1319 2550; x_wconf 82' lang='grc' dir='ltr'>αὐτῆς</span> <span class='ocrx_word' id='word_1_657' title='bbox 1345 2515 1455 2551; x_wconf 73' lang='grc' dir='ltr'>εὐαγεῖς</span> <span class='ocrx_word' id='word_1_658' title='bbox 1480 2514 1574 2547; x_wconf 78' lang='grc' dir='ltr'>οἴκους</span> <span class='ocrx_word' id='word_1_659' title='bbox 1603 2515 1805 2550; x_wconf 55' lang='grc' dir='ltr'>οἰκοδομησῶι-</span> 
     </span>
    </p>
   </div>
   <div class='ocr_carea' id='block_1_105' title="bbox 1014 2570 1076 2587">
    <p class='ocr_par' dir='ltr' id='par_1_105' title="bbox 1014 2570 1076 2587">
     <span class='ocr_line' id='line_1_105' title="bbox 1014 2570 1076 2587; baseline 0 0"><span class='ocrx_word' id='word_1_660' title='bbox 1014 2570 1076 2587; x_wconf 78' lang='grc' dir='ltr'>των.</span> 
     </span>
    </p>
   </div>
   <div class='ocr_carea' id='block_1_106' title="bbox 1314 2595 1332 2612">
    <p class='ocr_par' dir='ltr' id='par_1_106' title="bbox 1314 2595 1332 2612">
     <span class='ocr_line' id='line_1_106' title="bbox 1314 2595 1332 2612; baseline 0 0"><span class='ocrx_word' id='word_1_661' title='bbox 1314 2595 1332 2612; x_wconf 83' lang='lat'><strong>\</strong></span> 
     </span>
    </p>
   </div>
   <div class='ocr_carea' id='block_1_107' title="bbox 750 2641 1172 2673">
    <p class='ocr_par' dir='ltr' id='par_1_107' title="bbox 750 2641 1172 2673">
     <span class='ocr_line' id='line_1_107' title="bbox 750 2641 1172 2673; baseline 0 -1"><span class='ocrx_word' id='word_1_662' title='bbox 750 2641 912 2673; x_wconf 81' lang='lat' dir='ltr'><strong>Annibalis</strong></span> <span class='ocrx_word' id='word_1_663' title='bbox 929 2641 1051 2671; x_wconf 63' lang='lat' dir='ltr'><strong>l’abroti</strong></span> <span class='ocrx_word' id='word_1_664' title='bbox 1076 2646 1172 2672; x_wconf 62' lang='lat' dir='ltr'><strong>uolua.</strong></span> 
     </span>
    </p>
   </div>
   <div class='ocr_carea' id='block_1_108' title="bbox 214 2713 956 2748">
    <p class='ocr_par' dir='ltr' id='par_1_108' title="bbox 214 2713 956 2748">
     <span class='ocr_line' id='line_1_108' title="bbox 214 2713 956 2748; baseline 0.001 -7"><span class='ocrx_word' id='word_1_665' title='bbox 214 2715 252 2748; x_wconf 73' lang='lat'><strong>(8)</strong></span> <span class='ocrx_word' id='word_1_666' title='bbox 272 2713 347 2740; x_wconf 71' lang='lat' dir='ltr'><strong>Intra</strong></span> <span class='ocrx_word' id='word_1_667' title='bbox 376 2720 426 2741; x_wconf 68' lang='lat' dir='ltr'><strong>nos</strong></span> <span class='ocrx_word' id='word_1_668' title='bbox 456 2723 563 2740; x_wconf 65' lang='lat' dir='ltr'><strong>nienses.</strong></span> <span class='ocrx_word' id='word_1_669' title='bbox 590 2714 734 2740; x_wconf 81' lang='lat' dir='ltr'><strong>Balsauton</strong></span> <span class='ocrx_word' id='word_1_670' title='bbox 754 2714 785 2740; x_wconf 87' lang='lat' dir='ltr'><strong>ad</strong></span> <span class='ocrx_word' id='word_1_671' title='bbox 810 2715 956 2742; x_wconf 83' lang='lat' dir='ltr'><strong>Nomocmt.</strong></span> 
     </span>
    </p>
   </div>
   <div class='ocr_carea' id='block_1_109' title="bbox 179 2749 954 2782">
    <p class='ocr_par' dir='ltr' id='par_1_109' title="bbox 179 2749 954 2782">
     <span class='ocr_line' id='line_1_109' title="bbox 179 2749 954 2782; baseline 0 -5"><span class='ocrx_word' id='word_1_672' title='bbox 179 2749 269 2777; x_wconf 80' lang='lat' dir='ltr'><strong>I’ltotii</strong></span> <span class='ocrx_word' id='word_1_673' title='bbox 287 2750 330 2776; x_wconf 86' lang='lat' dir='ltr'><strong>tit.</strong></span> <span class='ocrx_word' id='word_1_674' title='bbox 349 2751 372 2781; x_wconf 83' lang='grc' dir='ltr'>Ι,</span> <span class='ocrx_word' id='word_1_675' title='bbox 392 2758 417 2776; x_wconf 55' lang='grc'><strong>(³.</strong></span> <span class='ocrx_word' id='word_1_676' title='bbox 438 2750 465 2780; x_wconf 74' lang='lat'><strong>8,</strong></span> <span class='ocrx_word' id='word_1_677' title='bbox 492 2750 590 2776; x_wconf 75' lang='lat' dir='ltr'><strong>scribit</strong></span> <span class='ocrx_word' id='word_1_678' title='bbox 615 2749 756 2782; x_wconf 80' lang='lat' dir='ltr'><strong>singulare</strong></span> <span class='ocrx_word' id='word_1_679' title='bbox 780 2758 840 2776; x_wconf 68' lang='lat' dir='ltr'><strong>esse</strong></span> <span class='ocrx_word' id='word_1_680' title='bbox 857 2755 885 2776; x_wconf 89' lang='lat' dir='ltr'><strong>ut</strong></span> <span class='ocrx_word' id='word_1_681' title='bbox 906 2752 954 2777; x_wconf 37' lang='lat' dir='ltr'><strong>ab,</strong></span> 
     </span>
    </p>
   </div>
   <div class='ocr_carea' id='block_1_110' title="bbox 179 2784 955 2818">
    <p class='ocr_par' dir='ltr' id='par_1_110' title="bbox 179 2784 955 2818">
     <span class='ocr_line' id='line_1_110' title="bbox 179 2784 955 2818; baseline 0.001 -7"><span class='ocrx_word' id='word_1_682' title='bbox 179 2788 254 2811; x_wconf 77' lang='lat' dir='ltr'><strong>scnte</strong></span> <span class='ocrx_word' id='word_1_683' title='bbox 270 2790 430 2811; x_wconf 70' lang='lat' dir='ltr'><strong>accusatore</strong></span> <span class='ocrx_word' id='word_1_684' title='bbox 443 2785 502 2815; x_wconf 73' lang='lat' dir='ltr'><strong>cius</strong></span> <span class='ocrx_word' id='word_1_685' title='bbox 525 2785 570 2818; x_wconf 88' lang='lat' dir='ltr'><strong>qui</strong></span> <span class='ocrx_word' id='word_1_686' title='bbox 599 2784 630 2810; x_wconf 78' lang='lat' dir='ltr'><strong>ad</strong></span> <span class='ocrx_word' id='word_1_687' title='bbox 649 2784 836 2817; x_wconf 65' lang='lat' dir='ltr'><strong>rpismpatuul</strong></span> <span class='ocrx_word' id='word_1_688' title='bbox 853 2786 955 2813; x_wconf 63' lang='lat' dir='ltr'><strong>t‘lCl&#39;lllS</strong></span> 
     </span>
    </p>
   </div>
   <div class='ocr_carea' id='block_1_111' title="bbox 178 2818 953 2848">
    <p class='ocr_par' dir='ltr' id='par_1_111' title="bbox 178 2818 953 2848">
     <span class='ocr_line' id='line_1_111' title="bbox 178 2818 953 2848; baseline 0.005 -6"><span class='ocrx_word' id='word_1_689' title='bbox 178 2823 227 2848; x_wconf 68' lang='lat' dir='ltr'><strong>pst.</strong></span> <span class='ocrx_word' id='word_1_690' title='bbox 243 2827 290 2845; x_wconf 68' lang='lat' dir='ltr'><strong>rec</strong></span> <span class='ocrx_word' id='word_1_691' title='bbox 315 2821 515 2846; x_wconf 59' lang='lat' dir='ltr'><strong>tltcltsnlitmem</strong></span> <span class='ocrx_word' id='word_1_692' title='bbox 549 2820 688 2846; x_wconf 65' lang='lat' dir='ltr'><strong>implente.</strong></span> <span class='ocrx_word' id='word_1_693' title='bbox 712 2818 779 2845; x_wconf 76' lang='lat' dir='ltr'><strong>intra</strong></span> <span class='ocrx_word' id='word_1_694' title='bbox 800 2825 854 2847; x_wconf 81' lang='lat' dir='ltr'><strong>tres</strong></span> <span class='ocrx_word' id='word_1_695' title='bbox 879 2830 953 2848; x_wconf 77' lang='lat' dir='ltr'><strong>tuen-</strong></span> 
     </span>
    </p>
   </div>
   <div class='ocr_carea' id='block_1_112' title="bbox 1013 2716 1794 2751">
    <p class='ocr_par' dir='ltr' id='par_1_112' title="bbox 1013 2716 1794 2751">
     <span class='ocr_line' id='line_1_112' title="bbox 1013 2716 1794 2751; baseline 0.001 -9"><span class='ocrx_word' id='word_1_696' title='bbox 1013 2723 1056 2742; x_wconf 74' lang='lat' dir='ltr'><strong>ses</strong></span> <span class='ocrx_word' id='word_1_697' title='bbox 1073 2724 1128 2743; x_wconf 81' lang='lat' dir='ltr'><strong>rem</strong></span> <span class='ocrx_word' id='word_1_698' title='bbox 1147 2716 1258 2743; x_wconf 84' lang='lat' dir='ltr'><strong>deﬁniat</strong></span> <span class='ocrx_word' id='word_1_699' title='bbox 1271 2716 1294 2743; x_wconf 82' lang='lat' dir='ltr'><strong>is</strong></span> <span class='ocrx_word' id='word_1_700' title='bbox 1308 2717 1354 2750; x_wconf 89' lang='lat' dir='ltr'><strong>qui</strong></span> <span class='ocrx_word' id='word_1_701' title='bbox 1371 2717 1530 2751; x_wconf 80' lang='lat' dir='ltr'><strong>episcopum</strong></span> <span class='ocrx_word' id='word_1_702' title='bbox 1547 2717 1732 2745; x_wconf 83' lang='lat' dir='ltr'><strong>ordinaturus</strong></span> <span class='ocrx_word' id='word_1_703' title='bbox 1741 2721 1794 2745; x_wconf 81' lang='lat' dir='ltr'><strong>est:</strong></span> 
     </span>
    </p>
   </div>
   <div class='ocr_carea' id='block_1_113' title="bbox 1018 2751 1714 2787">
    <p class='ocr_par' dir='ltr' id='par_1_113' title="bbox 1018 2751 1714 2787">
     <span class='ocr_line' id='line_1_113' title="bbox 1018 2751 1714 2787; baseline 0.004 -11"><span class='ocrx_word' id='word_1_704' title='bbox 1018 2751 1110 2787; x_wconf 66' lang='grc' dir='ltr'><strong>’ἰδικνξν</strong></span> <span class='ocrx_word' id='word_1_705' title='bbox 1130 2753 1186 2787; x_wconf 73' lang='grc' dir='ltr'>ἐστι</span> <span class='ocrx_word' id='word_1_706' title='bbox 1199 2752 1243 2778; x_wconf 69' lang='grc' dir='ltr'>διὰ</span> <span class='ocrx_word' id='word_1_707' title='bbox 1259 2752 1288 2778; x_wconf 83' lang='grc' dir='ltr'>τὸ</span> <span class='ocrx_word' id='word_1_708' title='bbox 1305 2753 1441 2786; x_wconf 76' lang='grc' dir='ltr'>χρήσιμον</span> <span class='ocrx_word' id='word_1_709' title='bbox 1463 2753 1513 2786; x_wconf 79' lang='grc' dir='ltr'>τῆς</span> <span class='ocrx_word' id='word_1_710' title='bbox 1530 2753 1714 2787; x_wconf 77' lang='grc' dir='ltr'>χειροτονίας.</span> 
     </span>
    </p>
   </div>
   <div class='ocr_carea' id='block_1_114' title="bbox 1046 2786 1795 2820">
    <p class='ocr_par' dir='ltr' id='par_1_114' title="bbox 1046 2786 1795 2820">
     <span class='ocr_line' id='line_1_114' title="bbox 1046 2786 1795 2820; baseline 0.001 -9"><span class='ocrx_word' id='word_1_711' title='bbox 1046 2786 1130 2820; x_wconf 69' lang='grc'><strong>(9-10)</strong></span> <span class='ocrx_word' id='word_1_712' title='bbox 1147 2786 1235 2813; x_wconf 84' lang='lat' dir='ltr'><strong>Prium</strong></span> <span class='ocrx_word' id='word_1_713' title='bbox 1252 2786 1472 2813; x_wconf 71' lang='lat' dir='ltr'><strong>sawnlolii.Vidu</strong></span> <span class='ocrx_word' id='word_1_714' title='bbox 1491 2786 1591 2814; x_wconf 56' lang='lat' dir='ltr'><strong>lunae.</strong></span> <span class='ocrx_word' id='word_1_715' title='bbox 1610 2789 1643 2820; x_wconf 77' lang='lat' dir='ltr'><strong>ad</strong></span> <span class='ocrx_word' id='word_1_716' title='bbox 1662 2796 1761 2814; x_wconf 67' lang='lat' dir='ltr'><strong>canon.</strong></span> <span class='ocrx_word' id='word_1_717' title='bbox 1779 2787 1795 2812; x_wconf 75' lang='lat'><em>3</em></span> 
     </span>
    </p>
   </div>
   <div class='ocr_carea' id='block_1_115' title="bbox 1011 2822 1791 2854">
    <p class='ocr_par' dir='ltr' id='par_1_115' title="bbox 1011 2822 1791 2854">
     <span class='ocr_line' id='line_1_115' title="bbox 1011 2822 1791 2854; baseline 0 -6"><span class='ocrx_word' id='word_1_718' title='bbox 1011 2822 1108 2848; x_wconf 70' lang='grc' dir='ltr'>εγω)Λὶ</span> <span class='ocrx_word' id='word_1_719' title='bbox 1122 2823 1331 2853; x_wconf 72' lang='lat' dir='ltr'><strong>tiunstantiuup.</strong></span> <span class='ocrx_word' id='word_1_720' title='bbox 1349 2830 1367 2854; x_wconf 81' lang='grc' dir='ltr'><strong>ι,</strong></span> <span class='ocrx_word' id='word_1_721' title='bbox 1384 2827 1409 2849; x_wconf 89' lang='lat' dir='ltr'><strong>ct</strong></span> <span class='ocrx_word' id='word_1_722' title='bbox 1427 2823 1459 2848; x_wconf 89' lang='lat' dir='ltr'><strong>ad</strong></span> <span class='ocrx_word' id='word_1_723' title='bbox 1471 2830 1494 2848; x_wconf 67' lang='grc' dir='ltr'><strong>(ξ.</strong></span> <span class='ocrx_word' id='word_1_724' title='bbox 1515 2823 1530 2847; x_wconf 79' lang='grc'>8</span> <span class='ocrx_word' id='word_1_725' title='bbox 1547 2824 1646 2850; x_wconf 72' lang='grc' dir='ltr'><strong>(ΤηηιῖίΙ.</strong></span> <span class='ocrx_word' id='word_1_726' title='bbox 1664 2823 1791 2850; x_wconf 72' lang='lat' dir='ltr'><strong>tlhalccrl.</strong></span> 
     </span>
    </p>
   </div>
  </div>
