1892 3071
68 140 137 172 13ΟῙ

598 145 769 178 CONSTIT.
794 147 861 179 ECC
867 147 945 178 LES.
962 148 1179 181 COLLECTIO.

1621 149 1691 182 1302

103 200 238 226 Διατυποῖ
250 200 266 234 ἡ
276 199 398 232 διάταξις
415 200 442 227 τί
463 201 517 238 χρὴ
531 203 665 238 πράττειν
681 205 727 230 τὸν
742 203 850 230 ἐπίσκο-

947 204 1050 232 Statuit
1067 206 1161 234 eadem
1175 206 1345 239 constitutio,
1363 206 1428 241 quid
1442 214 1587 241 episcopus
1599 206 1690 235 facere

66 254 119 272 πον
141 246 207 280 περὶ
229 246 284 273 τῶν
309 247 350 278 εἰς
377 247 497 275 διάδοσιν
522 249 680 285 πτωχῶν,ῆ
701 250 853 285 ἀνάρρυσιν

64 291 122 317 τῶν
147 292 342 326 αἰχμαλώτων,
366 292 540 329 ἁπροσώπως
568 303 597 321 τε
628 296 675 322 καὶ
703 295 854 330 ἀνωνύμως

65 337 316 372 καταλειφθέντων.

102 381 159 413 Τὰς
172 382 225 409 τῶν
238 382 367 418 διαδόχων
383 385 429 412 καὶ
447 386 597 413 ἀδιαθέτων
614 386 787 418 ἐπισκόπων,
807 387 854 413 καὶ

64 427 170 453 λοιπῶν
190 429 337 463 ίερατικῶν
372 431 527 466 προσώπων
558 431 717 466 περιουσίας
743 432 771 458 αί
794 432 854 459 κατ’

64 473 167 505 αὐτοὺς
186 474 329 510 ἐκκλησίαι
347 475 527 511 διαδέχονται.

101 563 125 590 Τ
128 563 200 590 ίτλου
218 565 265 591 τοῦ
278 566 361 592 αὐτοῦ
374 566 496 599 διάταξις
508 567 540 594 0'.
557 569 603 593 Δεῖ
616 569 679 600 τοὺς
695 570 855 604 οἰκονόμους

64 609 122 636 τῶν
135 610 291 646 ἐκκλησιῶν
304 611 389 643 ἀδεῶς
411 613 529 639 ἐκδικεῖν
553 614 586 640 τὰ
612 614 790 649 περιελθόντα
814 616 854 647 είς

63 654 116 689 τὴν
132 654 271 689 βασιλείαν
286 657 342 684 τῶν
356 658 466 692 εὐαγῶν
485 659 569 685 οίκων
587 660 705 694 ἀκίνητα
721 661 856 696 πράγμα-

65 710 112 734 τα,
137 701 185 728 καὶ
211 702 353 738 ἀμεῗψεῳς
376 705 478 738 τρόπον
504 704 560 740 [ἴθ’.
587 705 703 742 τρόπῳ],
722 708 770 734 ἐὰν
787 707 857 742 πρὸς

65 744 164 780 ἕτερον
180 746 331 780 μετέλθωσι
349 749 506 782 πρόσωπον.
523 751 681 784 Σημείωσαι
707 751 735 778 δὲ
763 753 804 778 ὅτι
825 752 857 778 τὸ

66 793 191 845 ἐναντίον
205 794 287 828 φησὶν
299 795 315 829 ἡ
331 795 454 829 διάταξις
467 797 515 824 τοῦ
526 798 616 825 τίτλου
633 800 857 836 μεταγενεστέρα

66 844 148 865 ουσα.

907 250 1004 278 debeat
1021 251 1055 278 de
1070 252 1114 283 iis,
1128 259 1188 287 quae
1203 253 1367 288 pauperibus
1379 253 1579 285 distribuenda,
1595 253 1637 280 vel
1654 253 1688 280 ad

907 297 1122 332 redemptionem
1139 299 1320 333 captivorum.
1335 299 1438 333 absque
1454 305 1632 333 personarum
1655 305 1687 326 ac

906 344 1048 370 nominum
1064 344 1240 379 expressione
1253 345 1346 372 relicta
1367 349 1442 372 sunt.

941 390 971 417 ln
993 390 1204 425 episcoporum,
1229 395 1256 418 et
1278 392 1445 425 reliquarum
1472 391 1686 419 saccrdotalium

906 443 1102 469 personarum.
1132 436 1191 464 sine
1216 437 1422 464 successeribus
1445 441 1471 464 et
1499 437 1558 464 sine
1589 435 1689 463 tabulis

906 481 1094 510 decedentiqu
1117 483 1305 516 facultatibus,
1336 482 1456 518 ipsorum
1483 482 1607 510 ecclesia:
1634 481 1689 509 sint
1720 496 1723 506 .

906 529 1031 556 haeredes
1036 547 1043 555 .

943 574 1070 609 Ejusdem
1087 575 1158 602 tituli
1173 575 1335 602 constitutio
1350 575 1378 602 9.
1398 574 1512 608 Oportet
1531 581 1691 601 mcouomos

906 621 1084 649 ecclesiarum
1098 622 1209 656 impune
1224 621 1364 649 vindicare
1378 629 1421 649 res
1437 621 1590 648 immobiles
1606 628 1692 648 vene-

906 667 1032 694 rabilium
1048 667 1203 701 domorum,
1220 675 1282 702 qua:
1295 667 1327 695 ad
1341 668 1544 702 imperatoriam
1563 667 1692 701 majesta-

908 718 960 740 tcm
977 713 1055 741 titulo
1069 713 1277 748 permutationis
1294 717 1487 748 pervenerunt,
1508 713 1531 740 si
1562 713 1595 740 ad
1611 713 1691 739 aliam

908 766 1052 793 personam
1067 760 1210 787 translatae
1230 759 1341 787 fuerint.
1360 759 1474 786 Notabis
1492 763 1595 790 autem,
1619 757 1692 793 quod

907 805 1075 832 contrarium
1091 805 1166 832 dicat
1176 804 1335 833 constitutio
1351 804 1396 837 54,
1411 808 1533 839 tempore
1548 804 1694 839 posterior.

101 883 199 910 Τιτλου
222 884 243 911 δ’
268 886 388 919 διάταξις
416 892 440 915 α’
468 890 541 916 ἐστὶν
573 891 603 917 ὲν
627 891 666 926 τῷ
692 892 767 928 ρητῷ
789 892 850 928 ριη⁷ι

945 892 1003 921 Tit.
1027 893 1054 925 τί,
1076 891 1239 920 constitutio
1263 892 1298 924 l,
1328 899 1388 926 quae
1414 891 1441 918 in
1467 895 1540 918 textu
1563 895 1603 918 est
1633 889 1694 917 ll8.

66 929 129 964 Χρὴ
145 931 209 961 τοὺς
224 932 390 964 ἐπισκόπους
401 933 459 967 ἅμα
476 936 532 966 τοῖς
547 936 677 972 κτήτορσι
688 937 736 968 τὰς
748 937 856 970 ἀδικίας

65 974 122 1000 τῶν
132 975 273 1010 ἀρχόντων
291 977 329 1012 τῷ
344 977 450 1012 βασιλεί
465 983 698 1016 προσαναφέρειν.

103 1020 165 1055 Χρὴ
186 1022 250 1052 τοὺς
271 1023 441 1054 ἐπισκόπους
469 1026 518 1056 τὰς
548 1028 696 1059 κανονικὰς
722 1028 855 1064 ζητήσεις

67 1067 128 1101 ἅμα
143 1068 198 1098 τοῖς
210 1067 323 1103 ἄρχουσι
336 1069 391 1095 τῶν
406 1070 549 1105 ἐπαρχιῶν
562 1072 711 1105 ἐξετάζειν.

109 1112 261 1146 ’Λνάγνωθι
281 1114 332 1148 τὴν
358 1115 379 1141 δ’
393 1115 517 1150 διάταξιν
539 1117 586 1144 τοῦ
608 1119 743 1154 παρόντος
753 1121 855 1148 τίτλου.

68 1158 178 1185 Κωλύει
202 1160 257 1194 γὰρ
279 1160 326 1187 τὺν
352 1161 471 1196 ἄρχοντα
495 1163 536 1194 εἰς
553 1165 700 1200 κανονικὴν
723 1166 858 1202 ἀκρόασιν

68 1205 256 1240 παραϐάλλειν
275 1207 384 1235 ἑαυτόν.
402 1208 481 1235 Ἔστι
495 1209 524 1236 δὲ
540 1210 569 1236 ἐν
588 1211 627 1246 τῷ
642 1213 717 1246 ῥητῷ
731 1213 786 1247 πβ¹.

104 1250 235 1284 Διάταξις
251 1251 293 1287 κβ’
309 1253 383 1279 ἐστὶν
409 1254 437 1281 ἐν
454 1254 492 1289 τῷ
513 1256 589 1291 ῥητῷ
613 1261 661 1291 ρν¹.
679 1258 715 1284 Οὐ
737 1259 789 1294 χρὴ
811 1259 858 1285 τον

69 1298 221 1325 ἐπίσκοπον
246 1301 399 1335 συγχωρεῖν
420 1300 589 1338 βιοκωλυτὴν
611 1303 627 1338 ἥ
655 1304 859 1341 λῃστοδιώκτην

70 1344 254 1378 χρηματίζειν
270 1346 299 1372 ὲν
313 1347 398 1380 τόπῳ.

109 1390 171 1417 Ὅτι
184 1391 214 1417 οὐ
229 1391 270 1417 δεῖ
280 1392 326 1418 τὸν
336 1392 488 1421 ἐπίσκοπον
506 1396 657 1430 συγχωρεῖν
671 1397 727 1428 τοῖς
742 1397 857 1432 ἄρχουσι

70 1437 129 1468 τοῖς
154 1437 303 1468 πολιτικοῖς
332 1438 348 1472 ἢ
377 1442 628 1477 στρατιωτικοῖς,ἢ
659 1443 721 1474 ταῖς
750 1444 859 1476 τάξεσιν

71 1481 164 1508 αὐτῶν
194 1483 310 1510 κωλύειν
337 1484 470 1520 διαθήκας
494 1487 632 1520 γενέσθαι,
664 1489 680 1524 ἢ
707 1489 859 1524 ἐμφανείας

69 1528 176 1560 αὐτῶν,
202 1529 218 1564 ἢ
248 1530 364 1565 γάμους,
381 1531 398 1566 ἢ
423 1533 548 1568 γαμικὰς
570 1534 716 1570 δωρεὰς,ἢ
740 1536 800 1566 τοὺς
816 1544 860 1562 τε-

71 1575 256 1610 λευτήσαντας
275 1578 365 1613 ταφῆς
381 1579 542 1614 ἀξιωθῆναι,
561 1581 576 1615 ῆ
595 1581 685 1607 ἐλθεῖν
703 1581 719 1616 ἢ
735 1581 791 1617 [ισ.
805 1582 857 1617 είς]

70 1621 167 1656 ἕτερόν
183 1631 209 1650 τι
223 1624 280 1655 τοῖς
295 1623 389 1659 νόμοις
402 1625 453 1652 οὐκ
466 1625 723 1662 ἀπαγορευόμενον.

108 1714 172 1741 ὀτι
198 1715 229 1742 οὐ
253 1715 296 1743 δεῖ
318 1717 486 1753 μονάστριαν
510 1719 563 1745 τῶν
594 1719 667 1746 ίδίων
690 1719 860 1754 ἀφέλκεσθαι

70 1761 162 1788 τόπων
167 1783 173 1788 .

107 1807 330 1841 Παρακελεύεται
347 1810 364 1846 ἡ
378 1811 503 1844 διάταξις
522 1812 572 1843 τὰς
598 1813 793 1848 μοιχευθεῖσας
810 1821 861 1846 γυ-

70 1853 171 1885 ναῖκας
198 1855 437 1890 σωφρονιζομένας
469 1858 510 1889 είς
539 1859 726 1893 μοναστήριον
757 1858 862 1893 ἐμϐάλ-

71 1899 179 1930 λεσϐαι,
192 1899 359 1928 διατυποῦσα
383 1904 419 1928 τὰ
443 1903 510 1938 περὶ
529 1904 579 1938 τῆς
607 1904 786 1936 ὑποστάσεως
813 1904 862 1931 αὑ-

70 1943 139 1977 τῶν,
160 1944 217 1971 εῐτε
234 1946 332 1977 παῖδας
347 1947 402 1973 εἴτε
416 1949 506 1980 γονεῖς
524 1948 621 1983 ἔχοιεν,
639 1949 694 1975 εἴτε
712 1949 759 1975 καὶ
777 1949 826 1984 μή.

108 2036 207 2063 Τίτλου
224 2036 271 2063 τοῦ
299 2036 382 2064 αὑτοῦ
397 2037 467 2065 διάτ.
485 2037 525 2064 κδ’
540 2039 614 2065 ἐστὶν
634 2040 662 2066 ἐν
680 2039 720 2074 τῷ
736 2040 810 2075 ῥητῷ
821 2039 861 2068 ιε’.

72 2081 154 2108 Κατὰ
173 2081 303 2116 ψήφισμα
326 2082 372 2109 τοῦ
393 2084 544 2110 ἐπισκόπου
571 2085 618 2111 καὶ
642 2084 697 2110 τῶν
719 2084 862 2120 κτητόρων

74 2128 268 2162 προκειμένων
282 2129 336 2156 τῶν
352 2129 439 2164 ἁγίων
455 2131 631 2166 Εὑαγγελίων
645 2131 669 2157 οί
688 2131 791 2158 ἔκδικοι
808 2130 863 2158 τῶν

73 2173 181 2200 πόλεων
195 2175 471 2210 προχειριζέσθωσαν.

910 943 1022 977 Oportet
1062 941 1206 975 episcopos
1238 947 1290 966 una
1319 946 1380 966 cum
1422 937 1626 972 possessoribus
1650 937 1693 963 in-

909 987 1030 1022 jus1itias
1047 985 1195 1021 prmsidum
1214 985 1247 1012 ad
1264 985 1460 1019 imperatorem
1476 983 1591 1011 referre.

946 1031 1057 1066 Oportet
1068 1030 1212 1065 episcopos
1225 1030 1390 1064 quaestiones
1402 1028 1548 1056 canonicos
1564 1035 1616 1054 una
1631 1035 1694 1055 cum

910 1077 1112 1113 provinciarum
1129 1076 1292 1111 prtesidibus
1306 1076 1475 1107 examinare,

946 1123 1040 1157 Legim
1055 1122 1278 1150 constitutionem
1301 1122 1317 1148 4
1342 1121 1486 1156 praesentis
1513 1120 1595 1148 tituli.
1622 1119 1692 1147 Pro-

913 1168 987 1195 hibet
1009 1168 1081 1195 enim
1107 1175 1140 1194 ne
1170 1174 1270 1202 praeses
1286 1166 1432 1193 audientiae
1451 1165 1592 1193 canonica:
1610 1170 1696 1193 semet

913 1214 1027 1248 ingerat.
1044 1213 1076 1240 Et
1093 1219 1132 1241 est
1146 1213 1174 1240 lu
1190 1217 1264 1240 textu
1282 1212 1440 1241 constitutio
1455 1212 1501 1240 8‘2.

948 1258 1113 1286 Constitutio
1136 1258 1172 1285 22
1187 1262 1228 1286 est
1241 1259 1267 1285 in
1286 1261 1360 1286 textu
1382 1257 1441 1285 150.
1455 1257 1618 1292 Episcopum
1633 1264 1695 1292 per-

913 1305 1020 1331 mittere
1036 1311 1090 1330 non
1105 1307 1212 1338 oportet
1230 1307 1259 1329 ut
1272 1303 1374 1338 aliquis
1387 1303 1414 1330 in
1431 1303 1485 1330 ullo
1500 1303 1535 1330 sit
1559 1303 1619 1329 loco
1637 1303 1695 1329 vio-

913 1350 1002 1377 lentiae
1017 1349 1163 1380 cohibitor,
1181 1354 1227 1376 aut
1243 1349 1380 1376 latronum
1402 1353 1572 1384 persecutor.

949 1393 1025 1425 ltem,
1047 1401 1102 1420 non
1113 1393 1193 1420 debet
1213 1393 1358 1428 episcopus
1379 1392 1539 1427 permittere
1568 1391 1695 1425 praesidi-

914 1440 964 1468 bus
983 1440 1120 1472 civilibus,
1141 1444 1187 1467 aut
1205 1439 1383 1470 militaribus.
1402 1442 1449 1466 aut
1471 1446 1565 1467 eorum
1587 1438 1696 1470 olllciis,

914 1491 943 1513 ul
966 1486 1128 1521 prohibeant
1156 1486 1214 1513 ﬂeri
1234 1489 1409 1518 testamenta,
1433 1485 1474 1513 vel
1501 1492 1533 1513 ea
1551 1485 1695 1520 publicari.

915 1532 955 1559 vel
971 1532 1080 1566 nuptias
1100 1531 1238 1565 contrahi,
1253 1532 1295 1560 vel
1310 1531 1492 1559 instrumenta
1518 1530 1696 1558 donationum

915 1579 1074 1613 nuptialium
1093 1578 1203 1610 conlici,
1224 1577 1266 1606 vel
1280 1578 1424 1606 defunctos
1450 1577 1598 1612 sepulturae
1621 1585 1698 1604 mau-

914 1625 984 1656 dari,
1002 1625 1042 1652 vel
1059 1624 1092 1652 ad
1109 1624 1182 1652 aliud
1200 1624 1340 1660 quidpiam
1358 1623 1481 1660 procedi,
1500 1624 1573 1658 quod
1593 1623 1697 1657 legibus

913 1679 965 1698 non
985 1671 1020 1698 sit
1038 1671 1222 1698 interdictum.

948 1716 1024 1750 Item,
1042 1724 1096 1743 non
1112 1716 1212 1744 debere
1227 1715 1403 1744 monastriam
1418 1716 1475 1744 suis
1496 1723 1529 1743 ex
1546 1715 1613 1743 locis
1635 1715 1697 1742 abs-

914 1762 996 1790 trahi.

948 1809 1028 1836 Jubet
1039 1809 1133 1836 eadem
1150 1808 1330 1841 constitutio,
1349 1808 1452 1835 debere
1469 1807 1598 1834 mulieres
1615 1807 1695 1834 adul-

913 1859 998 1888 teras,
1015 1861 1075 1890 quae
1091 1854 1255 1890 castiganda:
1273 1858 1349 1887 sunt,
1375 1854 1401 1881 in
1417 1853 1614 1880 monasterium
1641 1854 1693 1879 iiii—

914 1901 984 1927 niitti
1009 1909 1015 1927 :
1037 1901 1176 1932 sanciens,
1191 1899 1255 1935 quid
1273 1899 1307 1928 de
1321 1900 1442 1935 ipsarum
1460 1899 1612 1926 substantia
1637 1899 1694 1925 ﬁeri

913 1945 1022 1978 debeat,
1049 1946 1106 1973 sive
1129 1945 1229 1973 liberos
1250 1949 1298 1973 aut
1322 1948 1449 1980 parentes
1475 1943 1610 1975 habeant,
1637 1943 1696 1970 sive

915 2001 967 2020 non
988 1993 1116 2021 habeant.

949 2038 1004 2066 Tit.
1019 2038 1142 2073 ejusdem
1155 2038 1316 2066 constitutio
1325 2037 1371 2070 24,
1383 2045 1445 2073 quae
1460 2042 1502 2065 est
1514 2037 1541 2065 in
1558 2041 1634 2064 textu
1653 2037 1694 2063 15.

914 2085 966 2113 Per
978 2086 1118 2113 decretum
1132 2085 1254 2120 episcopi
1276 2088 1304 2112 et
1321 2092 1525 2119 possessorum.
1547 2083 1696 2119 propositis

914 2132 1016 2160 sanctis
1049 2131 1220 2167 Evangeliis,
1250 2132 1408 2164 defensores
1431 2131 1570 2158 civitatum
1595 2130 1699 2156 consti-

914 2181 1037 2205 tuuntor.

108 2219 208 2246 Τίτλου
225 2223 241 2247 ι’
255 2220 376 2254 διάταξις
399 2222 420 2256 β’
445 2222 520 2249 ἐστὶν
542 2223 572 2250 ἐν
599 2223 636 2258 τῷ
663 2223 736 2259 ῥητῷ
760 2213 812 2258 κβ).
832 2222 850 2250 ’(

948 2224 1001 2251 Tit.
1019 2224 1064 2256 10,
1078 2223 1239 2251 constitutio
1252 2223 1280 2256 2,
1295 2230 1356 2259 quae
1379 2227 1420 2250 est
1447 2222 1474 2250 in
1495 2226 1570 2249 textu
1587 2221 1632 2251 22.
1647 2221 1698 2254 Qui

75 2264 110 2291 δι’
132 2265 252 2299 ἄσκησιν
263 2266 336 2294 λύων
355 2267 401 2295 τὸν
418 2268 485 2296 ἴδιον
498 2269 589 2304 γάμον
605 2269 645 2305 τῷ
658 2269 713 2296 άπὸ
730 2269 863 2304 τελευτῆς

73 2311 90 2336 ὑ
95 2310 160 2337 πόκε
166 2319 218 2337 ιται
230 2311 316 2347 κάσῳ.

109 2356 207 2385 Τίτλου
229 2356 269 2392 Ὶβ⁷
288 2358 358 2386 διάτ.
376 2361 400 2393 β’
416 2359 492 2386 ἐστὶν
513 2360 543 2387 ἐν
567 2361 606 2395 τῷ
624 2360 701 2396 ρητῷ
731 2364 788 2396 μιν.
803 2361 865 2388 Ὀτι

72 2403 128 2437 χρὴ
155 2402 204 2430 τὸν
226 2404 378 2431 ιπίσκοπον
414 2408 541 2441 προνοεῖν
571 2407 618 2433 τοῦ
643 2407 681 2443 μὴ
708 2407 864 2435 κωλύεσθαι

71 2448 124 2479 τὰς
157 2450 291 2484 σκηνικὰς
323 2450 490 2486 βουλομένας
518 2453 569 2488 τῆς
598 2453 702 2488 σκηνῆς
729 2452 864 2480 ἀταλλάτ-

71 2494 168 2520 τεσθαι
187 2495 442 2534 [ἀπαλλάττεσθαι].

109 2539 206 2565 Τίτλου
239 2543 272 2575 ιη’
288 2541 409 2575 διάταξις
433 2546 457 2577 η’
478 2543 569 2570 κεῖται
591 2544 621 2571 ἐν
645 2543 685 2578 τῷ
713 2543 788 2579 ρητῷ
811 2543 864 2570 να’.

74 2584 138 2611 Ὀτι
153 2585 206 2620 χρὴ
222 2587 286 2617 τοὺς
308 2587 477 2621 ἐπισκόπους
501 2589 732 2624 παραφυλάττειν
747 2590 782 2616 τὰ
800 2589 863 2624 περὶ

73 2631 129 2658 τῶν
143 2632 388 2668 εὑνουχιζομένων.

912 2275 1024 2306 propter
1046 2270 1271 2298 exercitationem
1305 2269 1456 2297 solitariam
1488 2268 1695 2295 matrimonium

913 2326 992 2346 suum
1008 2317 1099 2349 solvit,
1114 2324 1146 2344 ex
1169 2316 1265 2344 mortis
1284 2323 1351 2344 casu
1365 2318 1487 2343 tenetur.

949 2363 1004 2391 'l'it.
1021 2363 1065 2395 l2.
1090 2362 1202 2390 constit.
1225 2361 1253 2393 ἓ,
1276 2369 1336 2397 quae
1354 2361 1381 2388 in
1397 2366 1472 2389 textu
1489 2365 1532 2389 est
1548 2361 1592 2389 48.
1617 2361 1694 2394 Quod

914 2409 1059 2445 cpiscopus
1074 2416 1171 2435 curare
1185 2408 1292 2440 debeat,
1310 2415 1344 2435 ne
1357 2407 1556 2442 prohibeantur
1581 2407 1697 2434 scenica:

914 2455 1051 2487 mulieres,
1073 2454 1205 2489 siquidem
1221 2454 1257 2480 ita
1270 2453 1366 2486 velint,
1383 2461 1398 2481 a
1412 2461 1493 2482 scena
1507 2453 1660 2480 dis<-cdere.

951 2501 1006 2528 Tit.
1025 2499 1069 2534 18,
1081 2499 1241 2528 constitutio
1254 2500 1280 2531 8,
1292 2506 1353 2534 quae
1366 2499 1392 2524 in
1406 2502 1482 2526 textu
1495 2498 1583 2532 posita
1596 2501 1637 2524 cst
1651 2497 1695 2524 5t.

915 2546 992 2579 Quod
1017 2546 1164 2573 observare
1187 2545 1304 2573 debeant
1322 2544 1444 2579 episcopi
1471 2544 1578 2572 sancita
1610 2543 1643 2569 de
1665 2543 1698 2569 iis

915 2592 961 2627 qui
978 2596 1143 2620 castrantur.
