1892 3071
80 138 150 168 13L!)

606 139 781 169 CONSTIT.
798 139 947 169 ECCLES.
969 139 1184 170 COLI.ECTIO.

1642 136 1708 168 i310

75 197 169 224 αὐτῶν
203 197 308 232 εὐαγῶν
341 197 423 224 οἴκων
445 197 510 233 παρ’
530 198 599 224 αὐτὰ
628 197 683 234 [ῑσ.
700 196 867 233 παραυτίκα]

953 199 1046 225 endam
1065 198 1205 225 I'ruendam
1221 181 1330 232 accipit,
1345 196 1440 229 statim
1454 195 1501 222 det
1515 195 1555 222 eis
1568 195 1628 228 jure
1645 201 1708 229 pro-

75 243 174 270 διδότω
191 245 281 274 αὐτοῖς
290 244 330 275 εἰς
345 243 503 270 δεσποτείαν
517 245 634 279 πρᾶγμα
661 243 757 278 ὁμοίας
781 252 868 278 προσ-

74 289 139 316 όδου
154 298 184 316 τε
202 290 250 316 καὶ
270 289 436 322 συντελείας,
451 290 494 324 ἐφ’
516 287 538 324 ᾧ
561 289 629 324 μετὰ
650 289 700 324 τὴν
723 289 804 315 αὑτοῦ
827 298 870 315 τε-

75 335 267 371 λευτὴνῆτὺν
288 335 444 371 ὁριζόμενον
475 336 571 370 χρόνον
597 336 634 370 μὴ
670 335 870 369 ὑπερϐαίνοντα

76 381 129 415 τὴν
143 381 241 407 τούτου
254 381 326 416 ζωὴν
353 383 400 408 καὶ
415 382 445 408 τὸ
459 381 534 408 δοθὲν
558 381 632 416 αὐτῷ
659 381 812 416 περιελθεῖν
831 382 870 412 είς

77 427 125 453 τὸν
141 427 324 461 εὐαγέστατον
337 425 420 454 οἷκον.

113 473 147 499 Δί
170 472 317 507 μισθώσεις
344 473 397 499 τῶν
416 473 570 508 εἰρημένων
600 473 705 500 σεπτῶν
729 474 811 500 οίκων
835 473 871 508 μὴ

77 518 324 553 ὑπερϐαινέτωσαν
340 519 573 553 τριακονταετίαν.

115 566 149 593 Εἰ
167 566 252 592 δεῖται
272 567 421 601 χρημάτων
441 565 482 599 εἷς
510 567 565 593 τῶν
594 567 700 601 εὗαγῶν
727 566 811 593 οἴκων
833 567 872 598 εἰς

76 612 215 646 δημοσίαν
224 612 241 647 ἢ
256 612 296 643 είς
306 612 388 647 ἄλλην
399 612 504 648 χρείαν,
517 613 629 639 διδόσθω
642 613 768 647 ἀκίνητον
778 613 873 647 πρᾶγ-

79 666 120 690 μα
145 659 186 688 είς
216 657 299 684 ίδικδν
331 659 455 692 ἐνέχυρον
469 678 476 690 ,
489 658 532 684 ἵνα
549 659 562 684 ὁ
576 657 729 691 δανειστὴς,
759 656 874 691 πληρού-

79 711 164 736 μενος
179 703 208 735 ἐξ
221 703 302 730 αὖτοῦ
322 704 351 730 τὸ
365 704 512 736 κεφάλαιον
532 703 577 729 καὶ
592 704 656 734 τοὺς
673 702 726 728 ἀπὸ
742 702 873 737 τετάρτου

79 750 234 785 ἑκατοστῆς
249 751 356 782 τόκους,
371 750 502 778 ἀναδώσει
517 751 546 776 τὸ
560 751 694 786 ἐνέχυρον.

115 840 149 866 Αἱ
167 840 347 874 ὲμφυτεύσεις
361 841 410 867 καὶ
427 841 454 866 at
474 841 542 875 ὑπὲρ
570 841 733 868 πενταετίαν
768 841 872 876 μισθὼι

80 894 141 918 σεις
156 887 232 921 παρὰ
247 886 358 921 γνώμην
373 886 419 913 τοῦ
433 887 647 922 ἀρχιεπισκόπου
675 887 691 921 ἢ
721 887 776 913 τῶν
792 896 872 921 προε-
887 876 909 904 Β

81 931 195 958 στὼτων
206 931 262 961 τῶν
275 932 380 965 εὐαγῶν
402 932 484 958 οἴκων
508 932 545 966 μὴ
572 933 805 967 προδαινέτωσαν.
828 934 873 959 Δεῖ

81 976 137 1010 γὰρ
151 975 262 1010 ὀμνύειν
277 976 339 1008 τοὺς
353 977 509 1012 οἰκονόμους
521 977 566 1004 καὶ
591 977 806 1013 χαρτουλαρίους
832 977 870 1007 ὡς

80 1022 213 1056 οὒδεμίαν
225 1022 399 1058 περιγραφὴν
416 1021 472 1057 ἔχει
486 1022 516 1048 τὺ
546 1022 732 1056 συνάλλαγμα.
763 1022 874 1048 Τοὶτων

81 1068 110 1094 δὲ
131 1068 170 1103 μὴ
182 1067 277 1100 ὅντων,
294 1068 356 1099 τοὺς
380 1068 555 1102 προεστῶτας
579 1067 634 1094 τῶν
661 1068 768 1102 εὖαγῶν
790 1068 874 1095 οἴκων

82 1114 274 1149 προκειμένων
308 1114 360 1140 τῶν
386 1115 471 1148 ἁγίων
496 1114 668 1149 Εὐαγγελίων
688 1115 824 1141 ποιεῖσθαι
845 1115 875 1140 τὸ

83 1159 272 1194 συνάλλαγμα,
283 1160 329 1186 τοῦ
341 1160 422 1188 αὐτοῦ
437 1161 643 1196 ἐγγραφομένου
659 1160 687 1187 ὲν
696 1162 751 1192 τοῖς
765 1161 875 1196 προϊοῦ-

84 1214 111 1232 σι
130 1205 316 1240 συμϐολαίοις.

117 1297 223 1331 Μηδεὶς
238 1297 291 1323 τῶν
305 1297 476 1332 τρακτευτῶν
497 1297 513 1331 ἢ
529 1296 700 1323 διοικούντων
719 1296 753 1323 τὰ
787 1297 875 1332 πράγ-

86 1351 160 1376 ματα
173 1342 227 1368 τῶν
242 1339 349 1369 σεπτὶὒν
369 1342 461 1374 οἴκων,
489 1342 506 1377 ἢ
525 1343 658 1377 συγγενὴς
679 1342 769 1368 αὐτῶν
790 1343 806 1377 ἦ
825 1344 876 1376 ἀγ-

84 1388 191 1423 χιστὴς,
209 1387 388 1422 ἒμφυτεύσεις
405 1388 421 1422 ἢ
439 1388 580 1422 ὑποθήκας
593 1388 747 1414 τῶναύτῶν
765 1388 873 1414 σεπτῶν

83 1434 167 1461 οῐκων
182 1434 342 1469 λαμϐανέτω
350 1434 382 1461 δι’
396 1434 492 1460 ἑαυτοῦ
506 1434 523 1468 ἢ
532 1433 699 1470 πσρενθέτου
715 1433 874 1468 προσώπου.

85 1481 164 1508 Ἐπεί
180 1481 221 1506 τοί
234 1489 277 1514 γε,
298 1480 380 1506 αὐτοῦ
395 1480 579 1515 λαμϐάνοντος
592 1480 639 1506 καὶ
653 1479 708 1506 τῶν
724 1480 874 1513 οἰκονόμων

85 1527 133 1553 καὶ
145 1526 362 1562 χαρτουλαρίων,
374 1526 424 1557 τὰς
443 1527 536 1558 οὐσίας
556 1527 580 1553 οἱ
603 1527 696 1552 σεπτοὶ
722 1525 875 1552 ἑκδικοῦσιν

85 1571 155 1599 οἶκοι
160 1592 167 1600 .

126 1665 189 1692 Ἐπὶ
199 1665 256 1695 τοῖς
267 1664 406 1698 ἀκινήτοις
437 1663 582 1698 πράγμασι
608 1663 662 1689 τῶν
680 1663 708 1689 ἑν
731 1663 876 1696 ἐπαρχίαις

85 1710 270 1746 διακειμένων
283 1709 447 1744 ἐκκλησιῶν,
461 1709 508 1736 καὶ
525 1709 631 1735 σεπτῶν
648 1708 768 1735 εὐσεϐῶν
782 1709 875 1739 οἴκων,

87 1757 134 1783 καὶ
148 1755 204 1782 τῶν
220 1755 249 1781 ἐν
265 1753 550 1781 Κωνσταντινουπόλει
579 1755 627 1780 καὶ
648 1752 788 1788 πανταχοῦ
805 1754 878 1788 ἱδρυ-

88 1803 178 1837 μένων
195 1801 394 1836 μοναστηρίων,
413 1800 554 1835 προϐαίνει
580 1800 708 1835 διηνεκὴς
740 1799 877 1834 Epeo-rso-

88 1857 140 1881 σις,
158 1847 330 1883 κρατοῦντων
343 1847 387 1873 ἐπ’
412 1846 480 1881 αὐτῇ
503 1845 614 1872 πάντων
638 1846 692 1872 τῶν
723 1845 876 1880 εἰρημένων

86 1893 133 1920 ἐπὶ
162 1893 222 1924 ταῖς
245 1890 428 1925 ὲμφυτεύσεσι
453 1891 511 1921 ταῖς
539 1890 570 1916 ὲκ
589 1889 644 1916 τῶν
664 1890 815 1925 ἐκκλησιῶν
827 1890 876 1924 τῆς

88 1937 286 1974 βασιλευούσης
302 1936 406 1967 πόλεως
432 1935 630 1970 ἐκδιδομέναις.
655 1936 806 1970 Ἀνὰγνωθι
832 1944 877 1961 κε-

88 1987 203 2022 φάλαιον
221 1983 244 2020 β’
259 1985 341 2019 τῆσδε
357 1984 405 2019 τῆς
419 1982 578 2016 διατάξεως.

123 2033 187 2059 Ἐὰν
201 2032 250 2067 μία
260 2031 315 2058 τῶν
328 2030 483 2066 εἰρημένων
500 2028 654 2064 ὲκκλησιῶν
673 2029 690 2064 ἦ
711 2028 817 2055 σεπτῶν
831 2027 873 2054 οἶ·
905 2063 911 2067 η

88 2088 144 2106 κων
158 2079 244 2105 δεῖται
260 2076 408 2112 χρημάτων
437 2076 477 2107 είς
508 2075 662 2109 καταϐολὴν
687 2074 833 2109 δημοσίων,
859 2074 876 2108 ἢ

89 2123 258 2158 εὐλύρτωσιν
278 2122 387 2158 χρέους,
403 2121 452 2147 καὶ
466 2121 503 2155 μὴ
520 2120 578 2155 ἔχει
603 2120 700 2154 κινητὰ
716 2119 875 2155 πράγματα,

87 2171 134 2205 ἀφ’
149 2167 186 2197 ὧν
197 2169 310 2196 δυνατὸν
328 2168 439 2203 λυθῆναι
451 2167 480 2194 τὸ
491 2167 612 2202 ὄφλημα,
626 2166 736 2192 διδόσθω
750 2166 877 2201 ἀκίνητον

920 245 1042 279 prietatis
1067 252 1123 271 rem
1146 244 1296 272 consimilis
1324 243 1426 271 reditus
1446 247 1473 269 et
1496 241 1660 272 collationis,
1679 245 1709 267 ut

919 295 979 325 post
997 290 1057 324 ejus
1073 295 1197 322 mortem,
1211 289 1252 316 vel
1269 293 1330 324 post
1341 289 1482 316 delinitum
1499 292 1617 322 tempus,
1633 286 1707 320 quod

921 340 1015 363 tamen
1034 335 1094 370 ejus
1112 335 1194 362 vitam
1213 342 1266 362 non
1282 335 1400 365 excedit,
1417 334 1498 361 etiam
1511 333 1569 368 ipsa
1588 340 1631 359 res
1648 332 1710 358 data

921 381 1062 416 perveniat
1082 382 1116 408 ad
1135 381 1245 408 domum
1262 380 1431 415 reiigiosam.

958 471 1120 499 Locationes
1137 471 1171 498 ab
1187 470 1313 498 indicatis
1328 469 1463 504 religiosis
1476 469 1603 496 domibus
1622 468 1708 500 factae,

923 518 1041 552 spatium
1062 525 1196 544 annorum
1214 517 1326 552 triginta
1343 524 1396 544 non
1412 517 1555 543 excedant.

960 564 987 591 Si
1005 564 1049 591 cui
1063 563 1155 590 domui
1172 563 1305 598 religiosa!
1321 562 1443 596 pecuniis
1461 569 1530 596 opus
1547 565 1598 592 est.
1616 561 1649 587 ad
1670 560 1704 587 li-

923 610 1034 641 scalem,
1054 610 1095 637 vel
1117 609 1197 636 aliam
1225 609 1413 636 necessitatem
1428 628 1435 639 ,
1452 608 1497 635 det
1515 614 1570 634 rem
1589 607 1711 642 aliquam

924 656 1088 684 immobilem
1105 657 1131 682 in
1149 655 1267 690 speciale
1285 655 1393 689 pignus,
1409 659 1439 681 ut
1458 662 1518 680 cum
1535 661 1566 680 ex
1583 660 1614 679 ea
1624 653 1713 680 credi-

925 701 975 728 tori
1000 699 1168 727 satisfactum
1194 699 1277 726 i'uerit
1301 704 1354 726 tam
1381 699 1490 725 nomine
1511 698 1604 728 sortis.
1631 705 1712 730 quam

925 755 1026 778 usurae.
1042 751 1117 781 parte
1128 746 1284 774 centesimze
1297 749 1394 780 quarta
1407 745 1535 777 definitae,
1553 745 1651 779 pignus
1668 744 1713 771 ille

928 793 1066 821 restituat.

962 838 1160 874 Emphyteuses
1185 842 1213 865 et
1229 837 1387 868 locationes,
1404 844 1463 871 quae
1475 843 1544 863 ultra
1559 837 1715 871 quinquen-

926 886 963 912 nii
981 885 1098 918 spatiqu
1113 884 1308 915 extenduntur,
1325 883 1429 918 absque
1445 883 1585 909 voluntate
1600 882 1710 908 archie-

925 931 1038 966 pismipi.
1053 930 1093 957 vel
1105 938 1211 962 eorum,
1228 930 1272 964 qui
1285 929 1419 963 religiosis
1436 929 1564 955 domibus
1579 932 1713 960 prorsum,

925 987 978 1006 non
998 977 1158 1013 procedant.
1176 976 1242 1003 Nam
1262 977 1356 1011 jurare
1372 980 1426 1002 tam
1445 982 1616 1007 meonomos,
1630 982 1712 1009 quam

927 1023 1108 1052 ehartularios
1127 1026 1246 1057 oportet,
1264 1021 1366 1048 nullam
1385 1022 1475 1049 inesse
1490 1021 1642 1048 contractui
1661 1021 1715 1048 cir-

925 1070 1177 1106 cumscriptionem.
1202 1067 1280 1100 Quod
1305 1069 1329 1095 si
1358 1068 1425 1095 nulli
1452 1068 1506 1094 sint
1534 1067 1715 1100 chartularii,

926 1121 1085 1146 contractus
1103 1116 1136 1143 ab
1168 1116 1211 1147 iis,
1224 1115 1270 1149 qui
1287 1114 1419 1149 religiosis
1436 1113 1563 1141 domibus
1583 1117 1715 1148 prmsnnt,

925 1163 1108 1191 sacrosanctis
1134 1160 1290 1195 Evangeliis
1319 1160 1477 1194 propositis,
1513 1159 1568 1191 ﬁat,
1587 1159 1637 1185 hoc
1657 1159 1717 1192 ipso

926 1208 1126 1240 instrumentis,
1142 1214 1202 1242 quae
1225 1214 1306 1241 super
1330 1214 1362 1233 eo
1385 1206 1589 1239 conliciunlur,
1615 1205 1717 1232 inseri-

927 1254 1027 1283 bendo.

962 1301 1058 1328 Nullus
1074 1304 1161 1332 actor,
1182 1303 1230 1326 aut
1245 1297 1457 1326 administrator
1472 1307 1563 1326 rerum
1578 1317 1586 1330 ,
1602 1305 1662 1333 qua:
1684 1297 1717 1324 ad

926 1345 1092 1372 venerabiles
1108 1344 1203 1371 domos
1228 1345 1387 1378 pertinent,
1404 1351 1451 1370 ncc
1467 1352 1559 1370 eorum
1574 1348 1717 1378 cognatus,

926 1394 973 1417 aut
996 1390 1178 1425 propinquus.
1194 1389 1392 1424 emphyteuses
1421 1389 1461 1415 vel
1485 1388 1651 1423 itypolltecas
1672 1395 1719 1414 ea-

927 1436 1052 1462 rumdem
1071 1435 1268 1462 venerabilium
1289 1434 1433 1460 domorutu
1465 1433 1581 1468 accipiat
1602 1440 1650 1466 per
1673 1440 1718 1459 se-

928 1481 1027 1515 ipsum,
1042 1485 1089 1507 aut
1103 1488 1150 1515 per
1162 1480 1314 1514 subjectam
1345 1486 1500 1514 personam.
1525 1478 1591 1505 Nam
1617 1478 1718 1512 alioqui

930 1530 985 1553 tam
1019 1526 1106 1560 ipsius
1133 1525 1317 1560 accipientis,
1342 1532 1424 1560 quam
1457 1531 1661 1552 teconomorum
1690 1528 1719 1550 et

929 1572 1165 1600 chartulariorum
1182 1571 1337 1605 facultates,
1360 1571 1425 1606 ipsae
1437 1571 1534 1598 domus
1550 1570 1667 1597 venerab
1680 1571 1719 1597 les

927 1619 979 1646 sibi
995 1617 1146 1645 vindicant.

964 1664 992 1691 In
1021 1665 1103 1691 rebus
1134 1665 1319 1692 immobilibus
1360 1665 1474 1692 sitarum
1499 1664 1528 1690 in
1565 1663 1714 1698 provinciis

926 1709 1114 1742 ecclesiarum,
1134 1717 1166 1737 ac
1181 1710 1375 1736 venerabilium
1392 1710 1553 1744 piarnmque
1572 1709 1717 1739 domuum,

927 1761 954 1783 et
967 1757 1178 1783 constitutorum
1200 1761 1254 1783 tam
1272 1756 1298 1783 in
1317 1756 1384 1783 urbe
1398 1755 1714 1789 Constantinopolitano.

927 1810 1007 1837 quam
1022 1802 1124 1837 ubique
1139 1802 1378 1834 monasteriorum,
1397 1803 1491 1829 locum
1509 1802 1590 1828 habet
1603 1802 1717 1836 emphy-

928 1849 1013 1876 tensis
1041 1852 1194 1884 perpetua:
1214 1848 1254 1875 sic
1278 1854 1378 1880 tamen,
1399 1853 1429 1874 ut
1461 1848 1604 1874 obtineant
1628 1847 1655 1874 in
1683 1855 1714 1874 ea

928 1898 1027 1920 cuncta
1051 1894 1177 1928 superius
1201 1893 1275 1920 dicta
1292 1894 1324 1920 de
1347 1894 1582 1929 emphyteusibus,
1607 1901 1667 1928 quae
1684 1894 1717 1920 ah

928 1940 1052 1968 ecclesiis
1070 1940 1145 1968 urbis
1164 1941 1346 1975 imperatoriae
1362 1941 1565 1968 conceduntur.
1585 1940 1655 1976 Lege
1671 1948 1717 1967 ca-

929 1991 976 2021 put
991 1987 1142 2014 secundum
1159 1987 1242 2022 hujus
1262 1987 1483 2014 constitutionis.

966 2033 992 2059 Si
1009 2041 1062 2068 qua
1078 2033 1214 2060 dictarum
1238 2033 1417 2061 ecclesiarum
1428 2053 1436 2065 ,
1452 2036 1498 2059 aut
1519 2033 1716 2060 venerabilium

928 2078 1082 2110 domarum,
1101 2079 1226 2113 pecuniis
1244 2077 1348 2112 indiget
1367 2077 1400 2104 ad
1416 2078 1578 2105 solutionem
1595 2078 1714 2105 tributo-

929 2132 988 2151 rum
1007 2124 1150 2157 iiscalium,
1162 2129 1210 2151 aut
1226 2123 1426 2158 expeditionem
1441 2124 1504 2152 teris
1518 2124 1610 2155 alieni,
1625 2132 1714 2158 neque

931 2177 976 2197 res
1002 2170 1116 2197 Ittobiies
1147 2170 1247 2202 habet,
1276 2177 1308 2197 ex
1336 2170 1436 2205 quibus
1458 2170 1570 2197 dissolvi
1597 2169 1717 2196 debitum

89 2218 205 2252 πρᾶγμα
221 2216 260 2246 είς
276 2214 359 2241 ἰδικδν
374 2213 500 2248 ἐνέχυρον
514 2212 552 2247 τῷ
562 2213 699 2247 δανειστῇ,
718 2212 761 2238 ἵνα
780 2212 809 2244 ἐξ
825 2212 872 2237 αὐ-

953 2215 1028 2247 nssit,
1052 2223 1095 2242 res
1111 2215 1258 2243 immobilis
1276 2215 1302 2242 in
1332 2216 1450 2250 speciale
1465 2216 1563 2252 pignus
1588 2216 1717 2244 creditori

88 2262 134 2290 τοῦ
147 2262 178 2289 τὸ
191 2262 281 2297 χρέος,
302 2261 349 2287 καὶ
363 2260 427 2291 τοὺς
442 2259 495 2286 ἀπὸ
508 2259 637 2294 τετάρτου
655 2259 804 2293 ἑκατοστῆς
817 2258 879 2293 κλη.

91 2310 164 2347 ρωθῇ
181 2310 288 2340 τόκους.
308 2307 376 2334 Είδὲ
386 2307 506 2334 τοιοῦτον
529 2307 660 2341 ἐνέχυρον
676 2307 712 2342 μή
729 2307 802 2332 ἐστιν
820 2306 879 2332 ἰκα-

90 2357 133 2382 νὸν
147 2354 274 2382 ἐπιλῦσαι
287 2354 317 2380 τὸ
342 2353 432 2389 χρέος,
446 2354 574 2388 πράσεως
600 2352 725 2388 ἀζημίως
751 2360 876 2378 συνιστα-

91 2402 172 2437 μένης
193 2399 269 2435 παρὰ
300 2401 356 2430 τοῖς
378 2398 543 2434 προσφόροις
569 2398 752 2433 πατριάρχαις
784 2406 813 2423 τε
830 2399 877 2424 καὶ

91 2444 312 2480 μητροπολίταις,
330 2443 376 2470 καὶ
390 2442 560 2475 ἐπισκόποις,
586 2442 749 2478 ὀμνύτωσαν
771 2443 796 2469 oi
821 2443 876 2469 τῶν

89 2490 195 2524 εὐαγῶν
209 2489 290 2516 οῐχων
301 2489 447 2522 διοικηταὶ,
464 2489 501 2520 ὡς
517 2489 568 2515 οὐκ
581 2488 654 2515 ἔστιν
668 2489 762 2524 ἔτερος
775 2489 876 2524 τρόπος

89 2536 204 2563 διαλύων
215 2535 245 2561 τὸ
263 2535 343 2569 χρέος
355 2542 363 2548 ·
376 2535 422 2562 καὶ
443 2535 654 2569 φανερούτωσαν
670 2534 720 2570 τὴν
741 2535 877 2570 ποσότητα

90 2584 140 2609 τῶν
155 2581 348 2616 ὀφειλομένων,
362 2581 409 2607 καὶ
428 2580 500 2607 οὓτω
530 2581 702 2615 προϐαινέτω
724 2582 741 2615 ἠ
776 2583 877 2616 πρᾶσις

89 2629 218 2663 ἀκινήτου
233 2628 404 2662 πράγματος,
426 2626 566 2661 δημοσίων
592 2628 819 2663 προγραμμάτων
831 2629 877 2655 ἐπὶ

89 2674 231 2709 κ’ὴμέρας
255 2672 468 2707 προτιθεμένων,
496 2674 543 2699 καὶ
571 2674 781 2709 προτρεπόντων
809 2674 874 2707 τοὺς

90 2720 233 2756 ἀγοράζειν
255 2719 446 2753 βουλομένους,
467 2718 510 2745 ἵνα
522 2719 536 2744 ὁ
555 2719 635 2746 πλέον
650 2719 780 2755 παρέχων
806 2729 874 2756 προ-

88 2765 198 2800 τιμηθῇ.
216 2765 326 2791 Τούτων
343 2765 370 2790 δὲ
385 2765 545 2800 προϊόντων,
560 2766 678 2799 γινέσθω
706 2767 722 2801 ὴ
755 2767 855 2802 πρᾶσις
866 2775 872 2781 ·

91 2814 134 2838 καὶ
147 2813 178 2837 τὸ
189 2811 297 2846 τίμημα
311 2811 324 2836 ὁ
339 2810 494 2845 ἀγοραστής
511 2812 704 2838 καταϐαλλέτω
718 2812 757 2847 τῷ
785 2813 872 2838 δανεμ

90 2858 136 2892 στῇ
165 2857 210 2883 καὶ
227 2856 306 2882 τοῦτο
321 2856 409 2889 ῥητῶς
425 2856 564 2890 ἐγγράφου
598 2857 657 2892 μεθ’
684 2857 765 2892 ὅρκου
790 2858 818 2883 ὲν
840 2860 871 2893 τῇ

928 2261 1019 2294 detur,
1035 2265 1065 2287 ut
1077 2261 1163 2288 eidem
1178 2268 1211 2288 ex
1235 2269 1266 2289 ca
1283 2265 1338 2288 tam
1354 2262 1448 2294 eortis,
1471 2269 1553 2296 quam
1573 2269 1718 2289 usurarum

928 2306 1048 2338 nomine,
1065 2306 1099 2332 ad
1115 2311 1241 2340 quartam
1262 2314 1346 2341 usque
1361 2307 1518 2335 centesimae
1531 2313 1634 2341 partem
1650 2329 1656 2339 ,
1674 2315 1718 2334 sa-

930 2354 1024 2380 tislial.
1049 2352 1126 2385 Quod
1144 2353 1166 2380 si
1192 2353 1290 2388 pignus
1317 2353 1454 2388 ejusmodi
1480 2361 1534 2380 non
1563 2353 1662 2380 sufﬁcit
1684 2355 1717 2380 ad

929 2399 1131 2426 dissolvendum
1147 2407 1184 2426 aes
1200 2399 1329 2432 alienum,
1358 2408 1404 2434 per
1433 2396 1508 2435 gesta
1528 2405 1718 2428 monumento-

931 2453 1002 2477 rum,
1023 2453 1083 2480 qua:
1097 2445 1157 2473 sine
1173 2446 1295 2480 impensa
1314 2447 1496 2474 conﬁcieutur
1516 2447 1587 2482 apud
1606 2454 1718 2481 compe-

931 2495 1020 2519 tentes
1036 2491 1220 2525 patriarchas,
1239 2498 1266 2520 et
1281 2493 1519 2527 metropolitanos,
1533 2499 1560 2521 et
1574 2494 1718 2528 episcopos

929 2537 1124 2572 jusjurandum
1147 2543 1278 2572 praestent
1303 2540 1498 2568 venerabilium
1512 2540 1655 2568 domorum
1670 2540 1718 2566 ad-

932 2582 1145 2616 ministratores,
1158 2585 1231 2619 quod
1249 2593 1301 2612 non
1319 2585 1354 2612 sit
1370 2586 1439 2614 alius
1452 2587 1548 2614 rnodns
1559 2586 1621 2613 aeris
1637 2586 1718 2613 alieni

929 2631 1108 2662 dissolvendi,
1130 2636 1157 2659 ct
1174 2633 1352 2666 quantitatem
1367 2641 1461 2660 eorum
1474 2654 1481 2666 ,
1495 2642 1555 2669 qua-
1571 2634 1715 2665 debentur,

931 2677 1103 2713 patefaciant,
1118 2684 1200 2714 atque
1223 2678 1259 2705 ita
1286 2680 1450 2714 procedatur
1475 2680 1508 2707 ad
1535 2680 1716 2708 vcnditiomm

929 2723 1076 2768 immobilis
1099 2725 1147 2757 rei,
1173 2724 1420 2759 proscriptionibus
1436 2724 1469 2751 ad
1487 2724 1581 2759 viginti
1595 2724 1653 2752 dies
1670 2733 1716 2750 cx-

925 2769 1031 2804 positis,
1045 2778 1106 2804 quit:
1128 2772 1307 2798 cohortentur
1321 2777 1412 2797 emere
1441 2770 1581 2801 volentes,
1611 2775 1640 2796 ut
1668 2770 1714 2803 qui

928 2815 987 2850 plus
1005 2815 1094 2849 solvit,
1110 2816 1214 2843 caneris
1226 2817 1262 2844 sit
1281 2816 1378 2852 potior.
1391 2815 1496 2848 Quibus
1513 2816 1548 2842 ita
1565 2815 1714 2842 succeden—

927 2862 1013 2893 tibus,
1038 2862 1158 2890 venditio
1181 2863 1248 2897 iiat;
1277 2868 1304 2890 ct
1323 2867 1428 2898 emptor
1451 2862 1566 2897 pretium
1584 2861 1711 2888 creditori
