1892 3071
196 152 264 184 1315

192 254 286 282 eodem
305 259 434 289 perpetuo
448 253 584 280 fruuntur.

229 299 358 326 Ecclesiis
380 304 407 326 et
436 298 571 333 religiosis
608 297 732 325 domibus
756 302 809 324 tam
833 296 974 331 privilegia

194 353 244 372 sua
257 366 264 377 ,
280 353 360 379 quam
378 352 438 379 quae
455 345 520 379 ipsis
535 344 610 371 varie
624 351 753 371 concessa
774 348 837 370 sunt
853 343 972 378 impera-

193 396 281 419 torum
301 383 478 423 liberalitate;
493 395 646 418 servantor.

227 437 355 465 Ecclesiae
370 437 404 464 ab
417 437 490 464 Ollllll
509 443 621 463 munere
638 435 749 463 sordido
773 439 801 462 et
822 435 974 463 extraordi-

193 484 279 513 nario.
296 488 323 511 et
337 483 371 510 ab
389 483 532 510 exactione
557 486 639 516 atque
663 489 745 509 onere
759 482 952 508 lucrativorum
966 502 974 514 ,

192 531 328 557 immunes
360 533 453 559 sunto.
485 528 618 556 duntaxat
642 527 768 555 itinerum
798 527 976 562 pontiumque

193 576 342 602 structuris
357 574 492 602 obnoxiae.

227 621 355 655 Cujusvis
370 620 585 655 prmscriptionis
602 619 674 654 longi
689 619 821 653 temporis
837 619 906 649 loco,
919 619 975 646 sola

193 667 369 701 quadraginta
384 674 518 694 annorum
542 666 666 701 exceptio
689 664 826 700 religiosis
847 664 975 691 demibus

192 717 356 746 opponatur.

229 758 280 791 Qui
294 758 475 785 venerabilem
493 757 606 784 domum
627 757 761 784 aediﬁcare
777 757 835 783 vult
846 776 853 786 ,
868 759 914 781 aut
931 762 977 781 ve-

194 809 293 830 tustate
305 803 488 831 labascentem
503 803 667 834 instaurare.
680 807 734 829 tam
751 801 879 835 scipsum,
897 807 976 834 quam

194 849 327 877 haeredcm
344 857 422 876 suum
439 849 472 876 ad
486 849 577 882 operis
592 848 786 884 perfectionem
801 847 914 882 obligat,
931 854 977 873 vc-

194 895 306 922 nerabili
322 901 404 922 cruce
421 894 496 929 prius
507 895 541 921 ab
552 895 679 928 episcopo
695 894 721 920 in
735 893 817 921 domo
827 892 977 928 deligenda,

193 946 253 972 qua:
269 938 349 965 debet
367 938 482 965 exstrui.

227 983 279 1016 Qui
292 984 381 1010 suain
397 983 490 1016 domo,
503 983 544 1010 vel
559 983 727 1015 suburbano,
744 982 785 1010 vel
802 982 896 1013 fundo,
913 990 979 1009 con-

197 1030 335 1057 venticula
353 1034 459 1057 secreta
477 1029 592 1064 peragit,
613 1030 806 1064 proprietatem
822 1028 880 1063 ejus
899 1029 981 1056 amit-

193 1077 236 1109 tit,
251 1076 366 1104 ecclesia
383 1076 435 1103 loci
452 1083 509 1102 rem
523 1075 684 1110 accipiente.
704 1076 733 1102 Si
748 1083 810 1103 vero
831 1080 914 1108 tutor,
932 1080 979 1102 aut

193 1127 331 1156 exceptor,
342 1127 389 1148 aut
402 1121 772 1156 einphyteuta,conductorve
795 1121 912 1156 congerit
929 1122 980 1149 hu-

191 1168 309 1202 jnsmodi
324 1167 526 1198 conventicula,
542 1166 654 1194 domino
672 1167 826 1201 ignorante,
839 1167 980 1200 provincia

193 1213 342 1247 expellitur,
370 1217 397 1239 et
424 1212 546 1239 ecclesiae
566 1211 708 1238 facultates
726 1211 786 1244 ejus
804 1211 978 1239 addicuntor.

229 1303 359 1338 Legatum
373 1303 482 1330 Christo
511 1302 563 1330 Deo
581 1305 676 1329 nostro
706 1301 831 1328 relictutn
860 1300 979 1334 ipsorum

193 1349 314 1376 locorum
334 1348 450 1376 ecclesia
469 1348 520 1375 sibi
536 1348 674 1381 vindicet,
691 1347 791 1383 quibus
806 1347 832 1374 in
848 1346 914 1373 locis
930 1346 979 1372 do-

195 1394 326 1422 micilium
346 1395 492 1422 defunctus
511 1395 615 1421 habuit.
643 1393 690 1421 Sin
714 1394 794 1420 alicui
822 1397 978 1420 sanctorum

192 1440 351 1466 nominatim
369 1441 484 1474 legatum
502 1440 626 1467 relictum
641 1439 731 1471 fuerit,
744 1447 804 1466 cum
818 1439 908 1466 multze
921 1438 978 1465 sint

194 1485 327 1520 religiosa:
342 1485 439 1512 domus
458 1485 518 1519 ejus
542 1485 743 1519 appellationis,
762 1483 914 1518 pauperiori
931 1484 977 1509 de-

195 1536 238 1558 tur
253 1531 381 1565 legatum.
400 1530 428 1557 Si
445 1536 534 1558 autem
551 1531 626 1557 nulla
639 1530 676 1557 sit
694 1531 792 1558 domus
811 1536 886 1557 sacra
901 1528 976 1563 ejus-

195 1577 256 1604 dem
276 1576 465 1611 appellationis
484 1577 509 1602 in
529 1581 583 1602 tota
601 1577 710 1604 civitate
727 1576 767 1603 vel
797 1575 855 1609 ejus
869 1576 978 1603 territo-

196 1623 248 1655 rio,
263 1623 305 1648 vel
321 1622 347 1648 in
363 1622 504 1656 provincia
517 1642 524 1653 ,
542 1621 662 1648 locorum
681 1621 788 1647 illorum
813 1621 928 1647 ecclesia
942 1620 979 1647 le-

195 1673 286 1703 gatum
314 1668 364 1694 sibi
390 1667 509 1694 vindicat
529 1667 620 1694 :idem
649 1667 675 1693 in
693 1666 850 1694 hmreditatc
867 1666 979 1693 obtinet.

196 1715 245 1741 Est
261 1713 343 1741 etiam
357 1713 422 1740 ﬁsco
440 1714 528 1747 potior
548 1712 660 1739 ecclesia
677 1712 755 1747 (Μ’).

231 1758 323 1786 Haeres
335 1758 430 1793 jussus
443 1756 586 1789 aediﬁcare,
601 1756 623 1783 si
638 1756 747 1790 quidem
763 1756 872 1783 douium
891 1759 984 1782 orato-

197 1807 276 1833 riam.
292 1812 361 1839 opus
377 1804 427 1830 hoc
442 1803 513 1830 intra
534 1803 751 1837 quinquennium
777 1802 918 1833 absolvat;
938 1801 980 1828 sin

196 1851 236 1878 vel
253 1849 453 1882 nosoeomium,
470 1848 512 1875 vel
528 1848 607 1874 aliam
627 1847 795 1874 consimilem
811 1847 920 1874 domum
935 1854 983 1873 ex-

197 1901 303 1923 struere
317 1895 423 1930 jussus,
438 1894 581 1922 a-diﬁcium
608 1894 678 1920 intra
704 1893 821 1928 spatium
840 1892 903 1919 anni
928 1899 981 1918 non

197 1941 353 1971 absolverit,
382 1940 482 1966 interea
514 1940 645 1974 temporis
676 1947 767 1967 emere
789 1939 905 1973 cogitur,
936 1944 983 1965 aut

197 1988 349 2014 conducere
365 1987 487 2018 domum,
503 1990 585 2020 atque
602 1986 648 2016 ita.
661 1986 734 2021 quod
758 1986 782 2012 ci
807 1985 849 2020 pic
870 1984 983 2010 manda-

198 2038 253 2060 llllll
272 2039 322 2065 est,
339 2035 372 2059 ad
388 2033 466 2059 linem
481 2032 637 2065 perducere.
651 2032 784 2059 Cmtcrum
801 2039 859 2062 eos,
876 2030 921 2064 qui
935 2038 984 2057 cu-

197 2087 258 2106 rare
281 2079 376 2106 domos
393 2078 504 2105 easdem
529 2078 683 2112 religiosas,
709 2077 784 2112 juxta
814 2077 982 2103 voluntatem

199 2125 336 2151 testatoris
353 2124 461 2153 debent,
481 2123 568 2150 haeres
584 2123 677 2156 eligat,
691 2127 850 2157 potestatem
866 2122 982 2148 habente

199 2169 323 2196 locorum
341 2168 446 2194 illorum
459 2168 596 2202 episcopo,
611 2168 872 2194 administrationem
888 2174 982 2194 eorum

806 149 945 180 ΤΠΕΟΙ).
963 149 1204 179 BALSAMONlS

229 209 365 243 Quotquot
383 207 503 242 episcopi
531 206 759 241 metropolitieum
793 207 836 240 jus
855 206 953 232 habent
966 225 974 237 ,
989 206 1012 234 Α

1753 148 1817 180 1316

1062 207 1138 233 Ὅσοι
1152 205 1205 232 τῶν
1222 205 1378 232 ἐπισκόπων
1407 205 1633 241 μητροπολιτικδν
1657 205 1751 239 ἔχουσι
1780 206 1817 231 δί-

1027 259 1112 282 καιον,
1127 250 1336 277 ἀπολαυέτωσαν
1347 251 1429 277 αὑτοῦ
1439 250 1579 286 διηνεκῶς.

1061 295 1288 323 Φυλαττέσθωσαν
1301 297 1360 327 ταῖς
1383 295 1541 328 ἐκκλησίαις
1562 297 1609 322 καὶ
1642 297 1754 327 semei;
1781 296 1818 322 οἱ·

1026 351 1083 373 κοις
1097 342 1130 368 τὰ
1140 343 1227 368 οἰκεῖα
1238 341 1373 377 προνόμια
1388 343 1457 368 κατὰ
1471 342 1505 369 τὰ
1519 343 1659 377 διαφόρως
1674 341 1766 372 αὐτοῖς
1789 343 1818 367 ὲκ

1027 388 1160 423 βασιλέων
1176 388 1398 423 φιλοτιμηθέντα.

1064 434 1158 467 Πάσης
1176 434 1302 467 ρυπαρᾶς
1310 433 1489 468 λειτουργίας,
1496 433 1759 469 ὲκστραορδιναρίας
1768 435 1819 460 δια-

1027 479 1149 515 γραφῆς,
1164 479 1211 506 καὶ
1227 478 1413 513 λουκρατίϐων
1437 478 1538 513 βάρους
1559 479 1688 506 ἔστωσαν
1716 479 1819 510 ἀτελεῖς

1027 525 1218 560 αίὲκκλησίαι,
1236 524 1329 560 μόναις
1346 523 1526 559 ὑποκείμεναι
1549 524 1750 559 ὁδοστρωσίαις
1776 525 1820 551 καὶ

1026 571 1243 606 γεφυροποιίαις.

1069 616 1143 642 ’Λντὶ
1168 616 1258 650 πάσης
1291 616 1400 651 χρονίας
1431 615 1619 650 παραγραφῆς
1638 615 1710 649 μόνη
1727 615 1781 640 τῶν
1795 616 1820 648 μ’

1028 661 1160 688 ἐνιαυτῶν
1176 661 1338 688 ἁντικείσθω
1351 661 1520 697 παραγραφὴ
1541 661 1598 692 τοῖς
1629 660 1762 694 εὐαγέσιν
1785 660 1820 685 οἷ-

1028 716 1095 739 κοις.

1068 754 1098 780 '0
1113 753 1274 789 βουλόμενος
1290 753 1394 785 κτίζειν
1411 753 1508 779 σεπτδν
1527 753 1543 787 ἧ
1575 753 1623 778 τὸν
1646 751 1820 786 σαθρωθέντα

1029 800 1216 834 ἐποικοδομεῖν
1241 799 1341 826 ἑαυτὸν
1353 798 1457 826 καὶτὸν
1480 799 1546 825 ῐδιον
1565 797 1738 832 κλημνᾶμον
1758 800 1820 824 ὑπσ-

1029 844 1123 871 6άλλει
1136 846 1168 880 τῇ
1183 844 1322 880 πληρώσει
1335 844 1381 870 τοῦ
1399 843 1492 878 ἔργου,
1514 843 1648 878 πρότερον
1679 843 1820 877 πηγνυμέ-

1030 899 1076 918 νου
1105 890 1152 917 τοῦ
1174 891 1267 925 τιμίου
1299 889 1417 925 σταυροῦ
1437 890 1488 916 ὑπὸ
1502 889 1548 916 τοῦ
1575 890 1730 916 ἐπισκόπου
1742 890 1772 915 ἐν
1785 889 1821 923 τῷ

1033 937 1156 972 μέλλοντι
1168 936 1309 968 κτίζεσθαι
1324 936 1401 971 οἴκῳ.

1072 983 1102 1011 '0
1119 983 1148 1009 ὲν
1164 983 1220 1018 ἰδίῳ
1235 983 1301 1017 οἴκῳ
1317 982 1333 1017 ἢ
1351 982 1504 1017 προαστείῳ
1516 981 1531 1017 ἦ
1544 982 1667 1017 κτήματι
1684 990 1822 1016 παρασυν-

1030 1030 1104 1062 άξεις
1123 1029 1207 1056 ποιῶν
1234 1029 1362 1055 ὲκπίπτει
1379 1028 1429 1062 τῆς
1451 1028 1545 1054 τούτου
1577 1027 1749 1058 δεσποτείας,
1775 1027 1819 1060 τῆς

1030 1076 1152 1104 ὲντοπίου
1168 1074 1314 1110 ἐκκλησίας
1322 1073 1400 1100 τοῦτο
1410 1073 1612 1108 λαμϐανούσης.
1630 1073 1661 1100 El
1672 1073 1702 1099 δὲ
1715 1073 1820 1106 ἐπίτρο-

1031 1131 1091 1154 πος,
1107 1122 1123 1157 ἢ
1141 1121 1297 1156 ἐκλήπτωρ,
1311 1120 1327 1155 ἢ
1341 1119 1522 1158 εμφυτευτὴς,
1539 1119 1556 1154 ἦ
1571 1119 1714 1154 μισθωτὴς
1732 1127 1817 1152 παρι-

1032 1169 1140 1203 συνῆξε,
1154 1168 1202 1194 τοῦ
1216 1166 1347 1194 δεσπότου
1365 1167 1402 1201 μὴ
1427 1166 1618 1200 γινώσκοντος,
1647 1165 1819 1191 ὲκὸαλλὲσθιυ

1030 1215 1079 1249 τῆς
1092 1214 1238 1249 ἐπαρχίας,
1254 1213 1308 1240 τῶν
1324 1213 1406 1240 αὑτοῦ
1433 1213 1604 1248 πραγμάτων
1630 1214 1664 1248 τῇ
1688 1212 1818 1247 ἐκκλησία

1031 1261 1291 1297 προσκυρουμένων.

1065 1308 1102 1334 Τὸ
1113 1307 1292 1341 καταλειφθὲν
1306 1307 1423 1342 ληγάτον
1438 1306 1550 1340 Χριστῷ
1566 1305 1606 1340 τῷ
1623 1305 1686 1340 Θεῷ
1710 1306 1788 1340 ἡμῶν
1802 1306 1817 1339 ἡ

1031 1352 1162 1387 ἐκκλησία
1181 1351 1322 1378 ὲκδικείτω
1334 1350 1388 1376 τῶν
1410 1351 1511 1382 τόπων,
1531 1351 1560 1376 ἐν
1574 1347 1615 1381 οἷς
1627 1351 1643 1375 ὁ
1656 1351 1819 1385 τελευτήσες

1030 1399 1079 1434 τὴν
1103 1398 1208 1434 οἴκησιν
1235 1395 1317 1432 εἶχεν.
1350 1396 1381 1422 El
1409 1397 1438 1424 δέ
1465 1405 1518 1423 τινι
1535 1397 1589 1422 τῶν
1603 1396 1692 1429 ἁγίων
1711 1396 1820 1430 ὀνόματι

1031 1448 1196 1483 κατελείφθη
1214 1447 1342 1483 ληγᾶτον,
1370 1444 1476 1472 πολλῶν
1497 1444 1581 1470 ὅντων
1611 1443 1720 1476 εὖαγῶν
1740 1442 1820 1468 οἴκων

1033 1493 1179 1527 τῆςαῦτοῦ
1193 1492 1387 1527 προσηγορίας,
1403 1491 1441 1525 τῷ
1472 1487 1626 1523 πενεστὲρῳ
1651 1486 1767 1513 διδόσθω
1793 1487 1820 1510 rb

1033 1537 1160 1572 ληγάτον.
1175 1537 1206 1564 Εἰ
1225 1537 1254 1563 δὲ
1272 1537 1365 1571 μηδείς
1379 1537 1453 1561 ἐστιν
1465 1534 1567 1568 εὐαγής
1583 1530 1656 1563 nixo;
1670 1531 1721 1565 τῆς
1737 1529 1820 1563 αὐτῆς

1031 1583 1213 1619 προσηγορίας
1229 1584 1257 1609 ὲν
1268 1583 1314 1617 ὅλῃ
1329 1583 1361 1616 τῇ
1375 1581 1462 1612 πόλει,
1475 1580 1490 1610 ἢ
1504 1581 1537 1614 τῇ
1552 1578 1748 1614 ἑνορίᾳαὺτῆς,
1761 1577 1778 1611 ἢ
1790 1577 1818 1609 τῇ

1031 1628 1160 1663 ἐπαρχίᾳ,
1176 1628 1192 1662 ἡ
1208 1626 1338 1661 ἐκκλησία
1352 1626 1407 1652 τῶν
1421 1625 1510 1651 τόπων
1523 1624 1628 1650 ἑκδικεῖ
1643 1624 1674 1649 τὸ
1684 1623 1802 1656 ληγὰτον
1812 1630 1818 1634 ·

1031 1674 1061 1700 τὸ
1079 1674 1144 1699 αὐτὸ
1166 1672 1214 1698 καὶ
1234 1673 1279 1698 ἐπὶ
1296 1670 1477 1706 κληρονομίας
1497 1670 1542 1696 καὶ
1559 1669 1660 1703 φίσκου
1678 1669 1782 1703 κρατεῖ.

1072 1763 1103 1790 ’0
1117 1762 1284 1798 κληρονόμος
1313 1759 1495 1794 προσταχθεὶς
1512 1758 1703 1793 οἰκοδομῆσαι,
1722 1758 1746 1783 εἰ
1774 1758 1819 1790 μὲν

1033 1809 1178 1843 εὐκτήριον
1194 1806 1278 1838 οἷκον,
1295 1807 1361 1832 εἴσω
1376 1807 1538 1836 πενταετίας
1557 1805 1705 1839 πληρούτω
1725 1806 1754 1830 τὸ
1781 1806 1819 1838 ἕρ-

1032 1860 1094 1885 γον·
1109 1852 1173 1878 εἰδὲ
1189 1851 1360 1885 νοσοκομείον
1374 1850 1390 1885 ἢ
1404 1850 1468 1877 ἄλλο
1488 1850 1690 1885 παραπλήσιον,
1707 1850 1745 1884 μὴ
1760 1851 1820 1875 εἴσω

1034 1898 1157 1924 ἐνιαυτοῦ
1170 1897 1300 1932 τελειώσῃ
1318 1897 1366 1932 τὴν
1391 1897 1545 1931 οἰκοδομὴν,
1572 1897 1763 1930 ἀναγκάζεται
1796 1897 1819 1921 ἐν

1033 1944 1071 1979 τῷ
1087 1944 1188 1979 μεταξὺ
1205 1941 1279 1970 οἷκον
1296 1943 1430 1977 ἀγοράσαι
1444 1943 1460 1978 ἢ
1495 1942 1698 1977 μισθώσασθαι,
1723 1943 1770 1968 καὶ
1795 1943 1821 1967 τὲ

1034 1990 1152 2022 εὐσεϐῶς
1165 1990 1334 2025 προσταχθὲν
1351 1989 1448 2024 πέρατι
1461 1988 1563 2015 δοῦναι.
1577 1989 1646 2020 Τοὺς
1658 1988 1686 2014 δὲ
1703 1988 1822 2022 ὁςεῐλον-

1034 2046 1083 2067 τας
1100 2037 1223 2072 προνοεῖν
1237 2035 1292 2062 τῶν
1306 2035 1396 2062 αὐτῶν
1425 2035 1531 2067 εὖαγῶν
1559 2034 1655 2065 οἴκων,
1682 2035 1754 2060 κατὰ
1778 2033 1823 2067 την

1034 2081 1080 2107 τοῦ
1099 2080 1260 2115 τεστάτορος
1274 2080 1387 2114 γνώμην
1402 2078 1567 2113 ἑπιλεγέσθω
1600 2080 1614 2104 ὁ
1642 2079 1823 2112 κληρονόμο;,

1035 2127 1126 2154 ἄδειαν
1142 2126 1248 2162 ἔχοντος
1265 2126 1310 2153 τοῦ
1324 2126 1472 2152 ἐπισκόπου
1484 2127 1538 2151 τῶν
1551 2126 1644 2151 τόπων
1661 2126 1825 2152 ἐποπτεύειν

1034 2174 1084 2206 τὴν
1094 2173 1184 2200 αὐτῶν
1202 2173 1333 2208 διοίκησιν
1346 2181 1354 2189 ·
1367 2173 1414 2199 καὶ
1432 2173 1478 2198 ἐὰν
1498 2172 1552 2208 [ἷσ.
1657 2173 1824 2207 ἐπιτηδείους

199 2213 382 2249 inspiciendi;
401 2222 432 2241 ac
449 2214 472 2241 si
495 2214 602 2248 quidem
620 2221 673 2240 non
702 2213 815 2240 idoneos
840 2213 980 2247 repererit,

1063 2228 1121 2254 ιροι,
1141 2218 1236 2249 ἄλλους
1249 2217 1453 2253 ὰντικαθιστᾷν.

199 2261 266 2286 alios
284 2268 378 2287 eorum
395 2260 456 2287 loco
474 2260 668 2287 substituendi.

235 2305 299 2337 Qum
312 2305 478 2340 pauperibus
491 2305 691 2337 distribuenda,
708 2305 747 2331 vel
763 2303 796 2330 ad
812 2303 985 2331 redimendos

199 2350 321 2384 captivos
347 2351 438 2377 relicta
456 2357 529 2384 sunt,
556 2352 632 2386 juxta
658 2351 796 2378 Icstatoris
819 2350 982 2377 voluntatem

199 2396 435 2423 administrantor.
454 2397 503 2423 Ubi
520 2404 583 2423 vero
595 2401 709 2424 testator
723 2405 776 2423 nou
798 2402 890 2430 aperte
912 2403 981 2430 pra!-

200 2443 280 2476 cepit,
296 2442 389 2476 ηιι.11ε›
404 2449 535 2476 pauperes
549 2443 620 2470 alere
635 2443 668 2470 de
689 2447 853 2470 testamento
879 2442 982 2470 relictis

202 2488 276 2520 velit,
294 2496 355 2514 cum
371 2488 444 2514 omni
469 2487 646 2520 discretione,
667 2497 725 2523 qua:
747 2489 874 2516 mandata
899 2494 982 2520 sunt,

202 2534 354 2567 implentur.
370 2533 416 2558 Sin
438 2533 470 2564 is,
488 2533 532 2567 qui
557 2533 649 2567 jussus
666 2539 707 2561 est
731 2534 819 2562 facere
831 2554 838 2567 ,
857 2535 939 2562 semel
957 2539 985 2562 et

203 2580 244 2605 bis
262 2587 309 2613 per
324 2579 446 2614 publicas
464 2586 594 2613 personas
621 2581 777 2607 admonitus
798 2582 832 2607 ah
845 2583 984 2615 episeopo,

202 2623 307 2650 diﬂerat
321 2623 447 2650 ell'ectum
472 2624 547 2656 dare,
568 2625 639 2658 quod
653 2625 748 2659 jussus
762 2632 813 2658 est,
847 2627 902 2660 ipse
918 2625 964 2659 qui
976 2640 985 2644 -

202 2669 262 2695 dem
283 2669 389 2696 lucrum
406 2676 497 2701 omne,
517 2670 588 2703 quod
612 2671 645 2697 ad
672 2678 733 2697 eum
750 2679 764 2697 ο
784 2676 912 2698 Iestatore
927 2679 988 2705 per-

206 2715 322 2746 venerit,
350 2714 463 2746 amittit,
495 2723 587 2742 eorum
608 2725 672 2744 vero
690 2717 809 2743 loeorum
832 2718 986 2752 episcopus,

204 2760 361 2794 pm‘tliclum
380 2761 483 2787 lucrum
502 2761 560 2789 aliis
576 2770 636 2789 cum
659 2762 740 2790 rebus
762 2764 898 2797 accipiens
911 2784 918 2796 ,
936 2772 985 2791 vo-

1073 2307 1113 2333 Τὰ
1127 2307 1165 2338 είς
1178 2306 1293 2333 διάδοσιν
1305 2307 1428 2341 πενήτων
1439 2307 1455 2342 ἢ
1470 2307 1621 2342 ἀνάρῤυσιν
1643 2310 1825 2342 αἰχμαλώτων

1037 2351 1251 2386 καταλειφθέντα
1271 2352 1341 2378 κατὰ
1353 2351 1402 2386 τὴν
1425 2352 1471 2378 τοῦ
1496 2352 1688 2387 διατιθεμένου
1717 2354 1827 2380 διοικεὲ-

1038 2397 1143 2423 σθωσαν
1159 2397 1266 2432 βουλήν.
1289 2397 1332 2423 Ἐν
1351 2395 1373 2430 ᾧ
1387 2396 1414 2422 δὲ
1436 2398 1451 2423 ὁ
1475 2396 1639 2433 [τεστατωρ]
1673 2398 1711 2432 μὴ
1740 2399 1827 2434 ῥητῶς

1035 2443 1174 2476 ἐπέσκηψε
1189 2443 1282 2474 ποίους
1297 2444 1414 2478 πένητας
1431 2443 1554 2478 βούλεται
1569 2444 1604 2469 τὰ
1630 2444 1828 2478 καταλειςθέν-

1035 2498 1069 2515 τα
1082 2489 1244 2524 μεθοδεύων,
1259 2490 1327 2524 μετὰ
1340 2490 1430 2524 πάσης
1441 2490 1604 2524 διακρίσεως
1622 2490 1770 2525 πληρςὺτω
1796 2492 1828 2517 τὰ

1035 2535 1243 2569 διατεταγμένα.
1263 2534 1293 2561 Ει
1307 2535 1346 2566 δὲ,
1370 2535 1526 2566 κελευσθεὶς
1547 2535 1635 2562 ταῦτα
1665 2536 1826 2570 διαπρᾶξαι.

1036 2581 1108 2613 ἂπαξ
1123 2583 1169 2608 καὶ
1182 2582 1222 2612 δὶς
1240 2581 1425 2617 ὑπομνησθεὶς
1442 2583 1516 2616 παρὰ
1537 2582 1584 2608 τοῦ
1612 2583 1763 2609 ἐπισκόπου
1786 2583 1828 2608 διὰ

1035 2627 1173 2660 δημοσίων
1188 2627 1351 2662 προσώπων,
1372 2627 1565 2662 ὑτιέρθηταιτὸ
1584 2630 1758 2663 προσταχθὲν
1790 2630 1827 2658 εἰς

1037 2672 1117 2706 ἔργον
1132 2674 1257 2706 ἀγαγεῖν,
1283 2673 1363 2704 αὐτὸς
1381 2677 1430 2706 μὲν
1446 2674 1545 2705 παντὸς
1570 2674 1686 2709 κέρδους
1721 2675 1827 2709 περιελ-

1037 2719 1128 2749 θόντος
1145 2720 1183 2749 εἰς
1198 2719 1279 2745 αὐτὸν
1296 2720 1329 2753 ὲιι¹
1345 2719 1392 2745 τιυῦ
1409 2720 1570 2755 τεστάτυρος
1587 2721 1730 2750 ἐκπίπτει,
1757 2722 1771 2746 ὁ
1800 2720 1827 2745 δὲ

1038 2765 1091 2790 τῶν
1105 2766 1195 2791 τόπων
1209 2762 1355 2796 ἐπίσκοπος
1369 2765 1398 2791 τὸ
1408 2767 1554 2802 εἰρημένον
1570 2768 1667 2801 κέρεος
1686 2770 1755 2801 μετᾷ
1783 2768 1826 2791 καὶ

238 2841 306 2876 (11⁵)
324 2843 419 2874 Verba.
436 2851 473 2870 est
486 2846 603 2873 elia‘a—
615 2847 736 2880 ccciesiu,
756 2847 781 2874 in
797 2849 856 2882 ipsa
875 2849 982 2875 novella
998 2846 1051 2875 non
1069 2851 1272 2883 exprimuntur.
