1892 3071
96 142 163 174 13ὶ7

617 121 794 172 CONS'i‘IT.
814 138 964 170 ECCLES.
988 139 1205 170 COLLECTlO.

1655 140 1723 171 1318

92 200 148 226 τῶν
156 199 246 226 ἄλλων
265 198 411 233 λαμϐάνων
426 198 608 233 πραγμάτιον,
630 199 678 233 τὴν
690 197 804 231 ,ἐκείνου
817 198 879 232 πλη-

954 199 1071 222 untatem
1087 195 1145 228 ejus
1163 195 1295 229 implebit,
1311 195 1428 222 habente
1442 199 1604 230 potestatem
1624 201 1722 223 metro-

92 244 176 280 ρώσει
192 244 291 280 βουλήν
306 252 313 259 ·
339 244 431 271 ἄδειαν
464 243 571 278 ἔχοντος
595 243 640 270 τοῦ
672 243 880 279 μητροπολίτου,

92 293 140 318 καὶ
156 293 255 323 παντὸς
269 291 374 326 ἐτέρου,
389 290 438 324 τὴν
447 290 575 325 τοιαύτην
591 291 741 324 ἐπαγαγεῖν
759 290 798 324 τῷ
821 291 883 316 ἐπι»

93 338 190 372 σκὸπῳ
202 337 327 372 ζήτησιν,
337 337 386 371 ἐφ’
402 333 423 370 ᾧ
438 335 572 368 παντοίως
586 335 765 371 πληρωθῆναι
791 336 825 362 τὰ
842 336 884 361 εὑ-

92 383 182 413 σεεῶς
198 382 311 415 δόξαντα
324 381 362 416 τῷ
379 382 571 416 τελευτήσαντι
587 383 626 413 εις
648 381 728 416 ἔργον
753 381 882 416 ἀχθῆναι.

129 428 171 454 Τὲι
184 428 311 462 εὺαγέσιν
321 428 418 459 οίκοις,
441 428 458 463 ἢ
487 428 654 462 ἐκκλησίαις,
681 428 697 462 ἢ
729 427 883 461 συστήμασι

91 475 311 510 καταλειφθέντα
325 475 431 510 ληγάτα
447 476 513 502 εἴσω
525 476 618 511 μηνῶν
633 475 662 509 ἒξ
673 475 721 509 τῆς
734 474 883 509 ἐμφανείας

91 522 143 556 τῆς
161 521 293 556 διαθήκης
307 521 529 549 καταϐαλλέσθω.
545 522 577 548 Et
590 521 619 547 δέ
634 522 670 556 μή
698 529 740 554 γε,
755 522 768 547 ὁ
779 520 884 551 τούτοις

93 568 283 603 βεσαρημένος
295 569 417 603 καρποὺς
432 567 478 594 καὶ
502 568 598 599 τόκους
619 567 709 595 αὐτῶν
724 568 771 593 καὶ
797 568 883 593 ἐπαυ-

95 614 127 649 εὴ
131 622 205 649 ματα
218 614 379 650 προσδώσει.

130 705 179 739 To}
190 705 371 739 καταλειφθὲν
402 704 528 738 εὐαγέσιν
555 704 642 736 οίκοις
669 703 685 738 ἢ
714 703 885 738 συστήμασιν

93 751 222 778 ἁννάλιον
232 751 350 785 ληγάτον
363 751 456 786 μηδενὶ
465 750 603 785 προσώπῳ
623 749 663 785 [in
677 757 726 776 ms.
739 748 755 775 ,1
759 753 812 776 ιλιι.
821 747 885 783 τρό-

93 797 150 832 πῳ]
162 791 328 823 ἐκποιείδθω
339 804 347 812 ⁸
363 797 436 832 πλὴν
453 798 477 824 ει
494 797 532 832 μὴ
546 797 570 823 οἱ
586 796 663 823 τόποι
677 797 726 822 καὶ
747 795 780 822 τὰ
802 794 886 830 βεϐα-

94 843 203 878 ρημένα
229 842 361 878 πρόσωπα
399 843 508 878 μακρὰν
531 843 699 876 διεστήκασι.
728 840 884 875 Τηνικαῦτα

93 889 149 924 γὰρ
176 888 302 916 δύνανται
320 889 344 915 οἱ
362 890 456 916 σεπτοὶ
471 887 541 916 οἴκοι
560 888 752 915 ἀνταλλάττειν
769 887 804 914 τὰ
826 896 884 914 τοι·

94 935 165 961 αὕτα
177 935 282 969 ληγάτα
296 934 325 960 ἐν
336 934 514 968 πλησιάζουσι
526 935 629 967 τόποις,
643 933 712 968 μετὰ
725 932 884 968 προσθήκης

94 979 143 1007 τοῦ
158 980 184 1007 δ’·
195 981 294 1016 μέρους
313 981 362 1015 τῆς
375 980 605 1015 καταλειφθείσης
627 980 739 1014 ἐτησίας
767 979 884 1014 ποσότη-

94 1035 152 1061 τος,
178 1027 195 1062 ἢ
227 1027 310 1054 εἰσέτι
334 1027 384 1061 τῆς
409 1027 520 1062 ἐτησίας
539 1026 693 1062 καταόολῆς
720 1027 841 1054 ἐκποιεῖν
853 1027 884 1053 τὸ

94 1074 216 1100 τοιοῦτον
231 1074 359 1109 ληγάτον.

132 1121 164 1147 ΟΕ
176 1121 321 1147 ἐπίσκοποι
339 1121 385 1148 καὶ
403 1122 426 1148 ol.
442 1121 578 1156 διοικηταὶ
595 1120 650 1147 τῶν
673 1120 780 1154 εὐαγῶν
800 1121 883 1147 οίκων

94 1175 124 1193 τε
138 1167 186 1193 καὶ
201 1167 383 1202 συστημάτων
396 1168 431 1195 τὰ
452 1167 505 1203 πρὸ
531 1167 585 1193 τῶν
607 1167 767 1201 διοικήσεων
793 1167 810 1204 ἢ
833 1168 883 1202 τῆς

95 1214 250 1248 ἐπισκοπῆς
266 1213 411 1248 κτηθέντα,
429 1215 477 1241 καὶ
486 1215 536 1241 ὅσα
552 1215 580 1240 ἐν
598 1216 658 1245 ταῖς
674 1214 824 1249 διοικήσεςι
837 1215 883 1241 καὶ

94 1259 259 1291 ἐπισκοπαῖς
270 1260 346 1292 ὄντες
360 1261 391 1287 ἐκ
405 1261 532 1294 τελευτῆς
545 1260 707 1293 διεδέξαντο,
731 1259 785 1286 τῶν
802 1261 882 1296 μέχρι

96 1305 152 1342 [ισ.
168 1305 201 1342 δ’]
213 1306 317 1341 βαθμοῦ
335 1307 483 1341 συγγενῶν,
505 1303 545 1337 οἷς
561 1306 701 1341 βούλονται
725 1308 881 1341 παρεχέτω-

96 1361 157 1381 σαν.
170 1354 210 1380 Τὰ
229 1354 258 1380 δέ
268 1354 352 1388 χωρὶς
363 1353 466 1379 τούτων
478 1352 621 1388 κτηθέκντα,
635 1352 688 1378 εἴτε
710 1353 741 1378 ἐκ
757 1353 882 1388 διαδοχῆς

96 1399 246 1433 συγγενῶν,
267 1399 283 1434 ἢ
299 1399 360 1426 καθ’
374 1400 468 1434 ἕτερον
482 1400 592 1435 τρόπον,
608 1400 635 1426 αἱ
652 1400 712 1426 κατ’
723 1399 821 1431 αὐτοὺς
835 1401 881 1425 ἐκ·

96 1443 207 1478 κλησίαι
223 1444 450 1479 διαδεχέσθωσαν.
463 1445 596 1471 Δύνανται
617 1445 646 1471 δὲ
674 1446 714 1477 εἰς
742 1444 882 1480 αἰχμαλώ-

94 1499 148 1517 των
161 1491 321 1526 ἀνάρρυσιν,
340 1491 386 1517 καὶ
406 1491 521 1526 πτωχῶν
543 1491 656 1526 τροφὰς,
676 1491 722 1518 καὶ
739 1491 779 1522 εἰς
799 1490 882 1521 ἄλλοις

935 241 1068 275 politano,
1083 245 1108 268 et
1124 241 1176 267 alio
1191 242 1288 275 quovis
1317 241 1450 274 ejusmodi
1467 242 1647 276 qumstionem
1665 243 1723 276 cpi-

935 293 1021 320 scopo
1042 286 1180 319 movendi,
1194 292 1224 313 ut
1240 287 1351 314 omnino
1367 287 1410 322 pie
1430 288 1547 315 decretis
1562 295 1576 314 a
1592 287 1722 315 defuncto

935 330 1062 358 satisﬁat.

971 421 1037 454 Quae
1055 422 1190 456 religiosis
1206 423 1345 455 domibus,
1364 429 1411 450 aut
1431 424 1564 456 ecclesiis,
1582 425 1722 452 autcolle-

935 467 986 502 giis
1000 487 1007 499 .
1025 467 1118 495 relicta
1140 472 1203 494 sunt
1216 469 1315 502 legata,
1331 469 1379 496 se'x
1394 468 1463 496 intra
1480 477 1586 497 menses
1603 478 1617 497 a
1636 470 1720 504 publi-

936 513 1045 541 catione
1070 513 1225 541 tabularum
1243 515 1397 542 testamenti
1417 515 1570 542 solvuntur.
1595 515 1622 542 Id
1641 516 1663 542 si
1682 516 1724 542 fa-

935 565 1010 587 ctum
1026 568 1078 587 non
1095 559 1189 592 fuerit,
1201 561 1224 587 is
1236 561 1282 595 qui
1300 565 1430 595 gravatus
1446 567 1488 588 est
1506 562 1538 588 iis
1551 562 1724 596 prmstandis.

936 607 1016 633 etiam
1034 611 1166 641 praetcrea
1185 607 1303 640 fructus,
1321 611 1348 635 et
1367 615 1465 635 usuras
1479 615 1586 640 eorutn,
1606 616 1667 635 cum
1683 616 1721 634 ae

938 653 1122 685 cessi‘onibus,
1143 653 1241 680 solvet.

972 698 1050 731 Quod
1069 699 1195 725 relictum
1211 704 1253 726 est
1268 699 1405 733 religiosis
1419 699 1557 730 domibus,
1574 705 1619 727 aut
1639 700 1724 728 colle-

937 743 988 778 giis
1008 744 1126 778 legatum
1158 752 1299 776 annuum,
1316 745 1389 772 nullo
1405 746 1485 773 modo
1502 745 1633 773 alicnator
1652 766 1659 778 ,
1676 754 1725 772 ex-

937 795 1061 825 traquam
1081 791 1102 818 si
1120 791 1189 823 loca,
1206 798 1381 825 personaeque
1395 795 1512 825 gravata:
1529 791 1608 825 longo
1624 792 1725 818 distent

937 838 1091 865 intervallo.
1106 837 1184 865 Tunc
1207 837 1279 864 enim
1298 842 1413 872 possunt
1430 837 1598 864 venerabiles
1623 837 1722 864 domus

935 883 1068 918 ejusmodi
1093 884 1178 918 legata
1205 889 1362 918 permutare
1390 883 1487 910 vicinis
1506 883 1533 909 in
1559 883 1637 916 locis,
1658 891 1719 910 cum

935 930 1093 957 accessione
1107 936 1211 964 quarta:
1244 930 1330 964 partis
1346 929 1448 956 relicta:
1464 936 1562 956 annuae
1586 929 1726 963 quantita-

935 976 980 1008 tis,
995 981 1041 1002 aut
1061 976 1183 1002 eamdem
1210 983 1265 1002 rem
1285 975 1401 1009 legatam
1425 975 1544 1002 vendere
1560 982 1609 1009 pro
1634 981 1725 1001 annuo

935 1022 1036 1056 pretio,
1051 1022 1123 1056 quod
1143 1022 1222 1048 annis
1239 1021 1273 1047 55
1291 1024 1462 1048 numeratur.

970 1123 1096 1158 Episcopi
1113 1128 1140 1150 et
1160 1122 1398 1150 administratorcs
1415 1123 1615 1150 venerabilium
1630 1123 1725 1151 domo-

934 1177 994 1196 rum
1009 1175 1035 1196 et
1050 1169 1236 1204 collegiorum,
1251 1174 1314 1196 ante
1330 1169 1596 1201 administrationes,
1610 1170 1724 1204 antepi-

935 1219 1078 1249 scopalnm
1093 1215 1238 1250 acquisita,
1251 1223 1313 1242 cum
1330 1216 1373 1247 iis,
1387 1223 1446 1250 quae
1460 1216 1624 1243 durantibus
1637 1217 1723 1243 admi-

933 1262 1141 1290 nistralionibus
1155 1267 1182 1289 et
1193 1262 1363 1296 episcopatu,
1378 1270 1410 1289 ex
1425 1267 1603 1295 cognatorum
1619 1263 1722 1290 ultimis

932 1309 1117 1336 voluntatibus
1132 1309 1165 1336 ad
1180 1313 1306 1343 quartum
1317 1315 1402 1342 usque
1417 1308 1529 1343 gradum
1546 1308 1726 1344 (12)accepc-

933 1359 1020 1387 runt,
1036 1354 1188 1381 concedant
1204 1354 1248 1387 iis,
1264 1355 1363 1388 quibus
1375 1354 1479 1381 volunt.
1491 1354 1556 1387 Qure
1569 1362 1633 1381 vero
1648 1359 1724 1381 extra

933 1400 990 1427 hinc
1006 1400 1139 1435 acquisita
1160 1400 1272 1432 fuerint,
1289 1396 1345 1427 sive
1359 1407 1390 1427 ex
1408 1404 1586 1434 cognatorum
1610 1407 1724 1427 succes-

933 1446 1020 1478 sione,
1031 1446 1071 1473 vel
1087 1447 1141 1473 alio
1156 1446 1248 1480 aliquo
1265 1445 1357 1475 modo,
1374 1446 1399 1471 in
1416 1445 1449 1472 iis
1465 1446 1585 1479 ipsorum
1603 1445 1725 1472 ecclesiae

934 1492 1093 1520 Succedent.
1117 1493 1235 1520 Possunt
1259 1498 1350 1519 autem
1377 1492 1433 1519 hazc
1453 1491 1480 1517 in
1509 1491 1723 1525 redemptionem

95 1537 218 1568 εὐσεϐεῖς
235 1537 322 1569 αίτίας
338 1537 425 1564 ταῦτα
438 1538 570 1573 δαπανᾷν,
586 1538 688 1564 τούτων
711 1537 879 1572 κρατούντων

954 1538 1116 1572 aptivorum,
1133 1543 1159 1565 et
1186 1538 1313 1565 alimenta
1339 1545 1489 1572 pauperum
1501 1557 1507 1568 ,
1529 1537 1650 1571 aliasque
1665 1536 1724 1570 pias

95 1572 144 1609 καὶ
158 1583 206 1609 ἐπὶ
217 1583 384 1618 νοσοκόμων,
401 1584 448 1610 καὶ
467 1572 688 1619 ὀρφανοτρόφων,
711 1584 758 1610 καὶ
782 1583 884 1610 λοιπῶν

95 1628 241 1655 διοικητῶν
256 1629 303 1655 καὶ
314 1629 421 1663 εὐαγῶν
437 1629 531 1656 οἴκων.

129 1719 187 1750 ιτὰς
202 1719 255 1745 τῶν
267 1719 415 1755 ἀδιαδόχων
427 1721 474 1747 καὶ
485 1720 634 1748 ἀδιαθέτων
667 1722 822 1748 ἐπισκόπων
838 1722 884 1748 καὶ

96 1763 235 1798 κληρικῶν
251 1764 298 1790 καὶ
308 1764 408 1790 λοιπῶν
425 1765 575 1800 ίερωμένας
594 1766 754 1802 περιουσίας
771 1768 798 1792 αἱ
824 1766 884 1793 κατ’

95 1808 194 1840 αὐτοὺς
212 1809 355 1844 ἐκκλησίαι
375 1809 637 1846 κληρονομείτωσαν.

129 1901 232 1936 Μηδεὶς
248 1901 349 1936 εὐαγής
362 1900 435 1933 οἶκος
453 1902 581 1929 ἐκδιδότω
602 1903 735 1938 αἱρετικῷ
757 1904 883 1939 ἀκίνητον

94 1948 204 1982 κτῆσιν,
224 1947 273 1978 τὰς
287 1947 470 1982 διωρισμένας
481 1948 520 1983 τῷ
531 1949 605 1984 νόμῳ
620 1949 715 1980 ποινὰς
742 1948 812 1983 μετὰ
835 1948 883 1975 τοῦ

94 1993 274 2028 ἐμϐάλλοντος
286 1993 529 2027 ὑποστελλόμενος.
544 1993 627 2028 Λέγει
644 1994 671 2021 δέ
693 1995 733 2021 ὅτι
749 1995 762 2021 ό
778 1995 827 2030 μὲν
840 1996 883 2021 αἱ-

95 2037 214 2074 ρετικδς,
230 2037 255 2063 εἰ
276 2046 302 2064 τι
315 2037 440 2071 δέδωκεν,
456 2038 603 2065 ἀπόλλυσιν
621 2048 628 2055 ·
642 2040 655 2066 ὁ
667 2039 695 2065 δὲ
713 2039 808 2071 ἐκδοὺς
829 2040 883 2066 πά-

95 2093 144 2118 σης
174 2085 345 2111 ἀποκινεῖται
368 2085 538 2120 διοικήσεως,
563 2085 609 2112 καὶ
636 2086 676 2117 εἰς
700 2087 883 2121 μοναστήριον

93 2130 270 2165 ὲμὸάλλεται,
289 2130 335 2157 καὶ
348 2130 393 2157 ἐπὶ
417 2131 540 2157 ἐνιαυτὸν
558 2132 608 2166 τῆς
638 2130 717 2164 ἁγίας
741 2132 883 2164 κοινωνίας

94 2177 242 2213 χωρίζεται
260 2185 268 2193 '
286 2177 316 2204 τὸ
331 2177 359 2204 δὲ
374 2177 491 2213 πρᾶγμα
505 2178 543 2213 τῷ
572 2178 666 2212 εὐαγεῖ
687 2178 754 2213 οἴκῳ
779 2179 883 2206 ἀποκα-

94 2226 230 2252 θίσταται.

130 2271 168 2297 Τὸ
181 2270 327 2306 ἐκποιηοέν
346 2270 398 2297 ὑπὸ
411 2269 458 2296 τοῦ
480 2270 620 2304 ὀρθοδόξου
636 2270 736 2305 χωρίον
751 2271 882 2307 Ἰουδαίῳ,

126 2316 295 2351 Σαμαρείτῃ,
311 2315 327 2350 ἢ
344 2316 533 2350 Μωντανιστῇ,
553 2316 569 2351 ἦ
590 2315 661 2351 ἄλλῳ
689 2316 880 2352 αίρετικῷ,’ἐκ-

93 2363 188 2389 διδότω
204 2362 258 2397 [ίσ.
277 2359 436 2396 ἐκδικείτω]Δ
448 2363 488 2392 είς
503 2361 569 2387 [δίαν
582 2361 740 2388 δεσποτείαν
755 2363 777 2398 ζὴ
791 2365 819 2389 ἐν
833 2363 882 2389 αὺ-

92 2409 133 2444 τῷ
147 2408 305 2443 διακειμένη
321 2406 459 2442 ὸρθόδοξος
476 2407 617 2442 ἐκκλησία.

130 2455 200 2487 Τοὺς
210 2455 369 2485 κτισθέντας
389 2454 440 2480 ὑπὸ
452 2453 506 2479 τῶν
519 2453 662 2487 αἱρετικῶν
679 2454 758 2486 ναοὺς
776 2454 823 2482 καὶ
833 2455 882 2487 τὰς

93 2502 147 2528 ὑπὸ
166 2501 299 2528 Ἰουδαίων
310 2500 532 2535 οἰκοδομηθεῖσας
544 2501 703 2535 συναγωγὰς
727 2502 823 2534 καινὰς
854 2504 882 2530 αί

93 2549 212 2575 ἐντόπιοι
224 2547 365 2581 ἐκκλησίαι
373 2546 602 2574 διεκδικείτωσαν.

135 2593 165 2619 '0
176 2594 205 2619 ἐν
219 2592 319 2626 είδήσει
331 2591 426 2622 ἐκδοὺς
437 2591 567 2626 αἱρετικῷ
587 2592 655 2618 ὶδίαν
679 2593 774 2627 κτῆσιν
802 2595 882 2621 ἐκπι-

92 2640 183 2668 πτέτω
194 2638 247 2665 τῶν
261 2637 408 2673 προσόδων,
426 2636 476 2672 τῆς
505 2637 650 2673 ἐκκλησίας
674 2639 759 2665 ταῦτα
785 2640 881 2667 διεκδι-

936 1592 1031 1611 causas
1047 1585 1212 1618 expendere,
1230 1583 1325 1611 iisdem
1354 1583 1442 1610 locum
1460 1583 1622 1610 habentibus
1638 1583 1722 1609 etiam

936 1630 961 1657 in
979 1630 1142 1657 nosoeomiis
1163 1634 1189 1656 et
1207 1629 1447 1664 orphanotrophiis
1460 1650 1468 1662 ,
1485 1633 1512 1656 et
1531 1628 1591 1655 aliis
1616 1627 1725 1663 religio-

935 1684 1028 1704 sarum
1044 1676 1174 1703 domuum
1190 1675 1470 1703 administratoribus.

971 1722 1022 1755 Qui
1045 1730 1097 1748 non
1125 1722 1225 1748 habent
1252 1721 1389 1752 haeredes,
1412 1725 1459 1748 aut
1482 1721 1586 1755 absque
1609 1721 1722 1748 condito

938 1771 1102 1795 testamento
1125 1767 1277 1800 decedunt,
1302 1767 1434 1802 episcopi,
1450 1770 1476 1794 et
1492 1766 1595 1799 clerici,
1613 1771 1640 1793 et
1657 1767 1720 1792 reli—

939 1814 985 1848 qni
1002 1813 1163 1840 sacerdotes
1175 1833 1182 1844 ,
1199 1813 1226 1840 in
1241 1821 1335 1840 eorum
1354 1812 1527 1839 facultatibus
1542 1812 1662 1847 ipsorum
1680 1821 1723 1840 cc-

935 1859 1023 1887 clesiae
1038 1858 1198 1887 succedant.

972 1906 1052 1933 Nulla
1080 1906 1206 1941 religiosa
1236 1905 1334 1932 domus
1363 1905 1493 1932 haeretico
1521 1905 1722 1939 possessionem

935 1952 1102 1980 immobilem
1119 1952 1202 1984 locet,
1218 1957 1302 1986 atque
1317 1952 1345 1978 in
1360 1951 1411 1978 hoe
1426 1954 1545 1978 statutas
1559 1957 1573 1977 a
1589 1951 1648 1985 lege
1665 1957 1722 1984 pm-
1760 1967 1764 1969 -

934 2008 983 2027 nas
1001 2007 1054 2026 una
1080 2006 1142 2026 cum
1159 1997 1326 2025 conductore
1344 2000 1455 2024 metuat.
1473 1995 1529 2024 Hoc
1550 1996 1641 2023 dicere
1667 1996 1723 2024 vult

934 2045 1107 2077 constitutio,
1123 2044 1292 2074 haereticum,
1310 2044 1332 2070 si
1353 2043 1419 2078 quid
1436 2042 1553 2074 dederit,
1573 2043 1718 2075 amittere;

934 2092 1069 2119 locantem
1091 2097 1157 2118 vero
1183 2090 1217 2116 ab
1236 2089 1310 2116 omni
1324 2088 1560 2116 administratione
1576 2089 1723 2124 removeri,

933 2143 960 2166 et
976 2138 1002 2164 in
1017 2136 1213 2164 monasterium
1230 2135 1310 2166 mitti,
1328 2139 1356 2162 et
1372 2134 1403 2161 ad
1423 2135 1487 2161 anni
1508 2135 1624 2168 spatium
1645 2141 1659 2160 a
1677 2142 1723 2163 sa-

940 2186 1085 2212 crosancta
1115 2180 1307 2209 communione
1325 2179 1480 2215 segregari;
1498 2187 1554 2206 rem
1570 2180 1656 2214 ipsam
1675 2180 1722 2206 de-

935 2231 1016 2265 niquc
1029 2228 1123 2256 domui
1139 2227 1272 2262 religiosa)
1287 2226 1405 2254 restitui.

969 2275 1124 2303 Alienatum
1142 2273 1176 2300 ab
1205 2272 1358 2300 orlhodoxo
1375 2271 1487 2298 hindum
1503 2270 1653 2303 Judaeo,vel
1668 2272 1721 2299 Sa—

936 2321 1052 2351 maritae,
1068 2320 1108 2346 vel
1126 2318 1308 2348 Montanistze.
1325 2317 1366 2344 vel
1381 2317 1458 2344 alteri
1476 2317 1614 2348 hzrretico.
1631 2319 1718 2345 vindiv

934 2371 978 2393 cet
992 2367 1019 2392 in
1046 2364 1238 2399 proprietatem
1257 2369 1334 2389 suam
1350 2361 1502 2389 orthodoxa
1517 2362 1642 2394 ecclesia,
1659 2370 1720 2397 quae

937 2411 964 2437 in
982 2410 1030 2438 illo
1047 2409 1132 2437 fundo
1149 2409 1199 2435 sita
1218 2413 1270 2434 est.

969 2455 1079 2489 Templa
1094 2455 1127 2481 ab
1145 2454 1278 2481 haereticis
1304 2458 1455 2485 exstructa.
1476 2462 1616 2489 novasque
1637 2461 1717 2488 syna-

932 2509 1018 2537 gogas
1033 2508 1048 2527 a
1061 2500 1161 2528 Judmis
1175 2501 1334 2533 azdilicatas,
1353 2501 1475 2536 ipsorum
1493 2502 1616 2529 locorum
1630 2502 1718 2528 eccle-

930 2547 977 2574 sia?
989 2546 1041 2574 sibi
1061 2546 1208 2573 vindicem.

966 2593 1016 2625 Qui
1032 2593 1122 2620 sciens
1136 2593 1264 2620 heretico
1278 2593 1407 2627 praedium
1424 2600 1504 2620 suum
1521 2591 1658 2623 locaverit,
1672 2599 1715 2619 re-

935 2639 1008 2667 ditus
1022 2639 1139 2672 amittat,
1159 2639 1316 2666 vindicante
1333 2640 1382 2666 hos
1399 2639 1515 2666 ecclesia
1543 2643 1570 2665 et
1590 2639 1717 2665 lneretit-o

684 2697 849 2728 Annibalis
865 2699 990 2730 Fabroti
1010 2703 1103 2730 notas.

129 2759 186 2795 (12)
213 2759 255 2795 Διί
283 2763 409 2795 quartum
436 2758 559 2795 gradum.
575 2758 612 2785 Ex
642 2759 661 2786 l.
688 2759 719 2786 -Η
751 2769 811 2794 sup.
837 2761 874 2788 De

87 2793 168 2830 epiic.
186 2798 211 2821 et
225 2793 314 2830 cleric.
331 2794 468 2828 Episcopi.
500 2795 525 2830 si_
540 2802 601 2828 quae
623 2799 685 2828 post
715 2793 872 2823 electionem

89 2827 282 2865 acquisierint,
297 2830 322 2855 in
338 2830 420 2865 alium
433 2827 587 2865 transferre
599 2827 651 2855 non
670 2836 797 2862 possunt,
820 2832 870 2857 nisi

90 2868 113 2894 si
136 2864 201 2900 'qua‘.
216 2864 255 2891 eis
272 2864 432 2891 obvenerint
449 2871 462 2890 ἒ
478 2864 649 2898 parentibus,
670 2866 800 2893 l'ratrtbns
822 2872 868 2893 aut

929 2763 1044 2797 patruis.
1075 2763 1112 2789 Ex
1139 2762 1248 2790 Nowlla
1280 2769 1346 2788 vero
1373 2768 1467 2790 exul.
1490 2769 1524 2797 _c.
1553 2760 1594 2790 l5.
1620 2761 1716 2788 dehis

930 2795 1015 2823 libere
1049 2802 1170 2825 statuere
1192 2797 1354 2825 conceditur
1377 2803 1438 2830 qua:
1463 2795 1496 2822 ad
1520 2803 1566 2822 eos
1586 2803 1716 2830 pervene-

929 2836 993 2858 runt
1009 2832 1071 2864 jure
1092 2833 1265 2866 cognationis
1281 2840 1368 2866 nsune
1383 2831 1415 2858 ad
1429 2836 1554 2866 quartum
1580 2832 1692 2866 gradum
1708 2841 1715 2864 ;

928 2872 1025 2894 camera
1043 2873 1187 2895 servantur
1203 2867 1343 2895 Ecclesim.
