1892 3071
98 119 172 150 i333

95 174 287 209 σωφρονισμῴ
312 172 359 199 καὶ
378 171 511 207 δημεύσει
527 171 575 198 καὶ
596 169 689 205 ὶξορία
713 165 889 195 καθυποϐἀλ-
905 165 927 193 Δ

920 225 922 227 ν
943 207 1110 238 blicationis,
1129 212 1154 233 et
1168 203 1255 232 exsilii
1268 224 1274 235 ,
1287 206 1313 230 et
1330 207 1416 236 poenae
1434 195 1585 232 corporalis
1605 193 1724 227 subjicit.

94 221 151 247 iet.
171 220 242 251 Τοὺς
261 220 353 253 μέντοι
373 218 410 254 μὴ
429 218 559 253 λέγοντας
585 215 677 251 κρίσιν
697 215 714 250 ῆ
730 213 888 243 ἀνάστασιν,

95 267 113 302 ἦ
128 267 193 298 τοὺς
210 265 344 300 ἀγγέλους
357 265 496 299 κτίσματα
514 261 595 294 είναι,
609 262 669 293 ταῖς
688 259 782 286 πασῶν
809 256 891 292 ἐσχά-

95 321 161 344 ταις
182 311 330 347 τιμωρίαις
346 310 519 346 ὑποτίθησιν.

75 444 82 462 ὶ
138 414 237 440 Datum
267 415 294 445 ς’
312 411 497 447 Φεϐρουαρῑου
527 409 667 445 βασιλείας
699 403 892 434 ’1ουστινιανοῦ

78 452 82 504 ξ
97 460 180 492 ἔτους
192 458 238 492 κς¹
254 459 323 494 μετὰ
337 458 387 493 τὴν
400 457 534 484 ὑπατείαν
551 455 696 483 Βασιλείου
711 453 742 479 τδ
757 452 802 487 ιβ’.

75 507 82 553 ί
305 527 344 554 Τὰ
355 526 524 561 παράτιτλα
538 524 591 552 τοῦ
604 525 660 551 τίτ.

139 586 203 614 Τίτ.
219 583 403 619 α’.,διάταξις
430 586 462 610 ε’.
494 580 704 617 Ἀναθεματίζει
730 581 747 616 ὴ
775 580 896 613 διάταξις

103 632 242 666 Ἀνθιμον
255 630 303 658 καὶ
317 630 449 665 Σευῆρον,
461 629 564 664 Πέτρον
579 628 625 655 καὶ
650 627 772 661 Ζωορᾶν,
792 626 829 658 ὡς
854 626 898 652 αι-

104 678 247 714 ρετικοὺς,
260 676 408 704 κελεύουσα
423 676 492 711 μήτε
503 675 538 702 τὰ
557 676 644 702 οἰκεῖα
670 674 806 701 διδάσκειν
834 672 897 707 δόγο

105 734 196 762 ματα,
223 725 292 761 μήτε
321 724 579 760 παραϐαπτισματα
605 723 702 755 ποιεῖν,
721 722 737 758 ἢ
754 727 899 757 παρασυν-

104 772 196 805 ἁξεις,
214 773 277 804 τοὺς
288 772 380 803 οἴκους
398 771 427 798 ἐν
438 768 480 802 οἷς
491 769 572 797 τοῦτο
602 768 817 805 πλημμελετται,
837 767 898 798 ταῖς

105 817 272 853 ἐκκλησίαις
286 816 490 852 προσκυροῦσα.

143 875 275 906 Διάτ.ς’.
302 873 365 901 Ἐὰν
377 873 462 910 χωρὶς
487 872 601 908 γνώμης
629 871 676 899 τοῦ
696 871 848 898 ὲπισκόπου
872 869 901 896 ἐν

110 920 241 956 ἰδιωτικῷ
254 921 321 956 οίκῳ
334 920 447 954 γένηται
462 919 584 952 σὺναξις,
608 919 646 949 ὡς
676 917 729 944 ὑπὸ
762 914 901 952 αἰρετικοῦ

106 967 324 1002 δεσποζόμενος,
338 965 492 1002 δημεύεται
510 966 524 992 ὸ
538 964 661 996 τοιοῦτος
673 962 759 995 οἶκος.

150 1067 211 1094 Τίτ.
231 1066 265 1102 β’,
278 1066 351 1094 διὰτ.
379 1065 414 1100 γ’.
433 1063 464 1093 ⁸0
485 1065 515 1092 ὲν
538 1063 668 1099 ἰδιωτικῷ
685 1063 752 1099 οῐκῳ
784 1063 800 1098 ἢ
837 1071 903 1098 προ-

111 1114 218 1148 αστείῳ
231 1113 247 1148 ἢ
260 1112 381 1148 κτήματι
393 1111 596 1147 παρασυνάξεις
607 1109 692 1137 ποιῶν
709 1109 838 1136 ἐκπίπτει
855 1108 906 1143 τῆς

115 1161 213 1189 τούτου
241 1159 413 1191 δεσποτείας,
443 1159 493 1193 τῆς
516 1158 642 1186 ὲντοπίου
671 1156 821 1192 ἐκκλησίας
842 1155 907 1187 τοὺς

114 1208 255 1240 τοιούτους
267 1206 458 1240 διεκδικούσης
474 1206 587 1236 τόπους.

153 1253 260 1288 Μηδεὶς
273 1252 376 1287 εὐαγὴς
395 1249 469 1283 οἶκος
483 1251 612 1278 ἐκδιδότω
634 1249 767 1286 αίρετικῷ
779 1249 908 1285 ἀκίνητον

116 1300 227 1335 κτῆσιν,
243 1297 293 1330 τὰς
308 1297 347 1332 τῷ
365 1296 442 1332 νόμῳ
451 1296 636 1331 διωρισμένας
647 1295 745 1327 ποινὰς
773 1294 842 1331 μετὰ
854 1293 906 1329 ¹’1ιοῦ

118 1345 298 1376 ἐκϐάλλοντας
313 1342 554 1380 ὑποστελλόμενος.

157 1391 195 1418 Τὸ
205 1389 353 1425 ὲκποιηθὲν
366 1388 419 1415 ὑπὸ
434 1387 578 1423 ὸρθοδόξου
590 1387 691 1422 χωρίον
718 1386 734 1422 ἢ
762 1386 909 1422 Ἰουδαίῳῆ

120 1435 334 1471 Μωντανιστῇῆ
354 1434 428 1470 ἄλλῳ
449 1433 580 1469 αίρετικῷ
603 1432 748 1460 ὲκδικείτω
772 1434 813 1463 εἰς
842 1432 910 1459 ἰδίαν

121 1482 285 1511 δεσποτείαν
297 1482 314 1516 ἡ
333 1482 362 1509 εν
372 1480 447 1517 αὒτῷ
463 1480 503 1517 τῷ
517 1480 608 1516 χωρίῳ
635 1479 798 1515 διακειμένη
827 1478 910 1514 ὀρθό-
928 1498 948 1527 c

121 1529 199 1562 δοξος
213 1528 358 1564 ἐκκλησία.

160 1576 230 1607 Τοὺς
245 1575 406 1606 κτισθέντας
423 1573 476 1601 ὖπδ
499 1573 554 1600 τῶν
580 1572 728 1607 αἱρετικῶν
757 1573 840 1604 ναοὺς
867 1572 914 1599 καὶ

123 1623 174 1655 τὰς
192 1622 245 1649 ὑπὸ
263 1620 400 1648 Ἰουδαίων
414 1619 646 1654 οίκοδομηθείσας
662 1619 725 1650 νέας
749 1617 915 1653 συναγωγὰς

125 1670 155 1697 αἱ
167 1668 286 1696 ἐντόπιοι
298 1666 444 1700 ἐκκλησίαι
463 1665 668 1693 ὲκδικείτωσαν.

170 1715 202 1742 Ὅ
217 1715 246 1742 ὲν
262 1715 366 1750 είδήσει
378 1713 439 1745 δοὺς
455 1711 589 1748 αἱρετικῷ
614 1712 685 1739 ίδίαν
719 1711 818 1746 κτῆσιν
837 1711 917 1738 ἐκπι-

129 1762 222 1804 Ιιετέτω
235 1761 288 1789 τῶν
302 1760 452 1796 προσόδων,
477 1760 526 1794 τῆς
543 1758 693 1794 ἐκκλησίας
721 1757 822 1790 ταύτας
845 1758 919 1784 διεκο

127 1809 277 1844 δικούσης,
304 1807 352 1835 καὶ
378 1806 426 1833 τοῦ
460 1804 601 1841 αίρετικοῦ
632 1804 831 1839 ἑκϐαλλομένου
868 1803 917 1838 τῆς

130 1857 267 1891 κτήσεως,
286 1853 473 1889 καὶδημεύσει
489 1851 778 1885 καθυποϐαλλομὲνου.

169 1902 298 1934 Διάταξις
313 1900 351 1934 ς’.
369 1900 512 1936 Αίρετικὺς
526 1898 563 1933 μὴ
591 1897 757 1932 βαπτιςέτω,
784 1897 851 1932 μηδὲ
871 1905 917 1923 πο-

131 1947 295 1980 λιτευέσθω,
309 1947 376 1982 μηδὲ
386 1945 512 1980 ὸφφίκιον
530 1942 658 1979 μετιέτω.

168 1995 201 2022 ’0
220 1992 435 2024 ἅναὸαπτισθεὶς
449 1991 574 2026 ἁπεχέτω
590 1989 745 2026 στρατείας.

179 2087 209 2114 '0
223 2085 350 2116 Ἰουδαῖος
364 2081 530 2118 Χριστιανὸν
554 2080 726 2116 ἀνδράποδον
762 2079 800 2115 μὴ
825 2079 924 2113 ἐχέτω,

139 2135 207 2172 μηδὲ
227 2131 435 2168 κατηχούμενον
454 2128 655 2164 περιτεμνέτω.

175 2180 280 2215 Μηδεὶς
291 2179 374 2211 τόπος
388 2180 445 2209 τοῖς
457 2175 606 2212 αίρετικοϊς
619 2174 659 2205 είς
676 2173 759 2208 εὐχὴν
775 2172 856 2199 ἔστω.

172 2239 231 2267 Τίτ.
249 2237 281 2272 δ’,
293 2236 414 2269 διάταξις
432 2234 467 2270 γ’.
502 2234 543 2260 Τὰ
560 2232 625 2267 περὶ
651 2230 860 2267 υρησκευτικῶν
886 2238 929 2256 κι-

138 2286 258 2321 νούμενα
270 2285 284 2311 ὁ
302 2285 394 2320 ἄρχων
413 2280 568 2314 ἐξεταζέτω
582 2280 650 2314 πρδς
666 2278 697 2304 τὸ
716 2277 855 2312 συμφέρον
882 2275 928 2302 τοῦ

139 2329 354 2367 δημοσίου,1καὶ
389 2327 484 2363 μηδενὶ
518 2326 605 2361 ἑτέρῳ
642 2323 818 2358 συγχωρείτω
843 2321 931 2348 ταῦτα

142 2379 246 2412 ζητεῖν,
256 2377 280 2403 ει
297 2375 334 2411 μή
349 2374 389 2401 τοί
406 2382 437 2409 γε
449 2374 482 2400 ὲκ
497 2372 573 2403 θείας
608 2370 762 2400 κελεύσεως
787 2368 932 2402 ἐπιτέτρα-

142 2433 221 2453 πται.

177 2469 304 2502 Διάταξις
328 2468 377 2496 κδ’.
397 2467 459 2494 Ὅτι
483 2465 535 2502 χρὴ
559 2465 622 2496 τοὺς

147 2520 208 2552 Eon;
225 2516 306 2544 εἶναι.

182 2576 243 2603 Τίτ.
267 2574 300 2607 ζ’,
318 2574 389 2601 διάτ.
406 2571 439 2606 ζ’.
450 2571 488 2598 Τὺ
501 2568 572 2598 εἶναι
587 2567 746 2603 αἱρετικοὺς
780 2565 880 2597 παῖδας
897 2565 936 2596 εἰς

147 2623 248 2659 τρῦτον
264 2619 430 2656 ἀχαριστίας
456 2617 599 2645 είσάνεται
628 2615 684 2646 τοῖς
709 2611 829 2640 γονεῦσι.

192 2712 222 2737 '0
234 2709 373 2745 αἱρετικδς
389 2707 497 2743 γονεὺς,
517 2705 568 2733 κᾶν
588 2705 663 2740 θέλῃ,
676 2703 727 2730 κᾶν
741 2702 778 2737 μὴ
793 2700 870 2735 θέλῃ,
887 2699 940 2726 ὐπδ

149 2757 204 2784 τῶν
220 2754 371 2792 ὁρθοδόξων
386 2753 493 2780 παίδων
507 2752 523 2787 ἢ
543 2751 683 2786 συγγενῶν
713 2746 938 2782 κληρονομεῖται.

188 2790 312 2830 Τὰ-τοῦ
352 2798 492 2835 αἱρετικοῦ
525 2798 677 2832 πράγματα
702 2793 751 2820 τοῦ
787 2791 824 2827 μὴ
860 2790 936 2824 ἔχον-

153 2859 203 2884 τος
242 2848 340 2880 παῖδας
369 2846 384 2881 ἢ
416 2845 557 2880 συγγενεῖς
594 2840 750 2878 ὀρθιδόξους
782 2837 939 2873 δημεύεται.

636 112 810 144 CONSTIT.
828 108 982 139 ECCLES.
997 102 1216 138 COLLECTIO.

671 2462 795 2493 ἐκδίκους
827 2460 935 2496 ὀρθοδό-

1658 89 1726 122 1334

943 171 1001 191 rum
1022 161 1164 189 lectionem
1190 157 1299 188 nolunt,
1326 150 1496 188 castigationi
1525 149 1657 177 bonorum
1677 155 1726 181 pu-

942 257 997 284 Eos
1014 258 1116 286 autem,
1143 251 1190 287 qui
1212 249 1314 277 nullum
1330 254 1392 274 esse
1415 245 1508 272 dicunt
1523 241 1668 276 judicium.
1687 238 1727 264 Vt'l

943 284 1184 328 resurrectionem,
1197 294 1238 322 vel
1251 292 1359 327 angelos
1376 294 1476 324 negant
1488 293 1549 314 esse
1562 284 1609 312 Dei
1621 290 1726 312 ert-aia.

907 372 915 378 .
943 336 1064 376 omnium
1081 341 1212 371 extremis
1232 337 1369 373 suppliciis
1381 334 1490 363 addicit.

980 403 1039 430 Dat.
1060 401 1100 430 ld.
1119 397 1289 428 Februariis,
1310 393 1414 428 imperii
1428 389 1574 419 Justiniani
1592 394 1665 414 anno
1689 385 1727 411 vi—

946 448 1050 477 cesimo
1070 451 1159 478 sexto,
1173 448 1235 480 post
1255 441 1427 470 consulatum
1442 435 1537 465 Basilii
1555 432 1730 462 duodecimo.

1191 508 1272 537 Tituli
1293 505 1339 534 III
1357 504 1502 532 Paratilla.

982 572 1035 598 Tit.
1054 573 1077 603 l,
1092 568 1201 597 constit.
1210 568 1236 594 5.
1249 565 1312 594 [hec
1319 562 1479 592 constitutio
1491 559 1622 597 pracipit,
1634 562 1663 585 ut
1676 557 1732 583 hae-

947 617 1025 645 retici
1053 623 1103 642 nec
1128 614 1255 648 dogmata
1274 618 1323 638 sua
1341 608 1469 639 tradant,
1495 612 1545 632 nec
1571 602 1734 637 baptismata

948 669 1072 690 seorsum
1088 659 1241 688 instituant,
1255 663 1307 684 nec
1320 661 1403 690 prava
1415 650 1603 681 conventicula
1617 657 1624 676 :
1639 649 1734 675 domos

948 716 1007 742 eas,
1036 707 1064 733 in
1091 704 1191 740 quibus
1211 702 1314 730 cultum
1340 707 1419 729 suum
1439 698 1553 728 obeunt,
1577 691 1738 722 orthodoxis

949 753 1075 782 ecclesiis
1086 751 1226 779 addicens.

987 854 1105 883 Constit.
1116 852 1144 880 6.
1166 851 1194 879 Si
1208 850 1312 883 absque
1323 847 1464 876 voluntate
1479 843 1600 880 episcopi
1610 862 1617 875 ,
1630 841 1736 878 privata

953 902 981 928 in
996 900 1078 927 domo
1099 895 1209 936 synaxis
1220 893 1316 922 habita
1327 891 1421 924 fuerit,
1441 897 1495 918 non
1513 889 1602 920 aliter,
1619 890 1700 921 atque
1715 885 1738 912 si

953 947 1051 975 domus
1062 933 1197 980 ejusmodi
1211 941 1281 969 foret
1291 942 1320 967 in
1333 937 1455 967 haeretici
1468 934 1600 966 dominio,
1615 932 1737 968 publiea-

956 999 1013 1021 tur.

991 1049 1046 1078 Tit.
1062 1049 1090 1080 Ξ,
1110 1047 1222 1076 constit.
1244 1045 1271 1073 '5.
1290 1043 1340 1077 Qui
1359 1050 1408 1070 sua
1427 1041 1456 1068 in
1481 1040 1573 1072 domo,
1589 1037 1631 1065 vel
1644 1035 1744 1064 subur-

956 1098 1039 1129 bano,
1067 1095 1108 1122 vel
1135 1093 1249 1128 praedio,
1276 1096 1359 1126 prava
1389 1085 1577 1116 conventicula
1607 1083 1741 1112 celebrat.

957 1143 1079 1178 ipsorum
1099 1147 1190 1168 rerum
1212 1136 1406 1172 proprietatem
1430 1131 1542 1164 amittit,
1559 1130 1616 1164 ejus
1628 1129 1681 1156 loci
1697 1135 1743 1155 ee-

958 1187 1041 1216 clesia
1058 1185 1109 1214 sibi
1124 1182 1258 1218 ejusmodi
1276 1181 1333 1209 loca
1346 1179 1514 1208 vindicante.

993 1232 1075 1260 Nulla
1097 1229 1228 1264 religiosa
1255 1227 1353 1255 donius
1384 1223 1513 1252 haeretica
1542 1219 1744 1257 possessionem

960 1279 988 1306 in
1012 1285 1042 1305 re
1062 1276 1111 1304 soli
1128 1275 1307 1304 constitutam
1325 1272 1409 1305 locet,
1435 1272 1552 1298 statutas
1574 1267 1631 1301 lege
1653 1267 1746 1298 pinnas

961 1332 1014 1352 una
1029 1331 1090 1352 cum
1103 1322 1272 1350 eondnetore
1286 1319 1384 1347 verita.

996 1368 1132 1396 Prandium
1160 1366 1193 1393 ab
1220 1363 1383 1392 orthodoxis
1404 1361 1553 1389 alienatum
1578 1360 1618 1387 vel
1643 1359 1747 1390 Jnda’o.

963 1415 1003 1443 vel
1019 1414 1162 1442 Samaritae
1173 1433 1180 1445 ,
1198 1412 1239 1439 vel
1251 1409 1434 1440 Montanistze,
1446 1408 1486 1435 vel
1499 1407 1544 1434 alii
1560 1406 1675 1440 cuipiam
1693 1406 1748 1433 lttB-

964 1461 1061 1492 retico,
1084 1459 1204 1487 vindicet
1231 1457 1257 1484 in
1276 1456 1468 1491 proprietatem
1499 1461 1576 1481 suam
1599 1452 1749 1480 orthodoxa

966 1505 1093 1537 ecclesia,
1109 1504 1153 1531 illo
1169 1504 1229 1538 ipso
1247 1502 1273 1528 in
1290 1508 1356 1536 agro
1369 1500 1432 1528 sita.

1001 1553 1145 1579 Exstrncta
1162 1550 1197 1577 ab
1212 1548 1345 1576 btet-elicis
1366 1545 1465 1581 templa
1477 1565 1483 1577 ,
1509 1549 1536 1572 et
1551 1552 1637 1572 novas
1669 1551 1683 1571 a
1701 1543 1750 1571 Ju-

965 1599 1031 1628 dmis
1052 1597 1201 1627 azditieatas
1222 1601 1393 1630 synagogas,
1414 1594 1535 1628 ipsorum
1562 1591 1684 1621 locorum
1707 1598 1752 1617 ee-

966 1644 1058 1672 c!csi:n
1075 1643 1127 1671 sibi
1145 1641 1314 1668 vindicanto.

1003 1690 1055 1724 Qui
1077 1688 1208 1724 prazdinm
1233 1694 1313 1714 suum
1348 1685 1476 1713 hmretieo
1488 1684 1579 1712 sciens
1602 1682 1733 1710 locaverit
1747 1701 1754 1713 .

968 1736 1100 1763 reditibus
1115 1733 1237 1768 privetur
1249 1751 1258 1764 .
1280 1732 1314 1759 iis
1334 1731 1401 1766 ipsis
1422 1731 1456 1758 ab
1474 1729 1593 1761 ecclesia
1612 1728 1755 1756 vindican-

969 1783 1023 1815 dis,
1042 1787 1068 1809 οι
1085 1779 1214 1807 hieretico
1234 1787 1249 1806 e
1268 1777 1369 1813 praedio
1384 1775 1556 1812 depellendo,
1569 1775 1757 1809 honorumque

971 1827 1149 1863 publicationi
1165 1825 1347 1861 subiiciendo.

1006 1873 1155 1901 Constitut.
1167 1873 1195 1900 6.
1226 1871 1376 1899 [hereticus
1400 1877 1434 1898 ne
1457 1868 1596 1904 baptizato
1610 1887 1617 1900 ,
1635 1873 1685 1895 nec
1697 1869 1757 1894 esto

972 1920 1092 1952 decurio,
1110 1927 1160 1947 nec
1175 1919 1291 1948 oﬂicium
1310 1917 1420 1952 aliquod
1432 1915 1530 1953 gerito.

1010 1967 1060 2001 Qui
1089 1967 1187 1994 iterum
1215 1965 1371 2000 baptizatus
1392 1968 1454 1995 est.
1486 1962 1625 1990 abstineat
1655 1967 1670 1987 a
1707 1959 1760 1986 mi~

975 2014 1044 2042 lilia.

1009 2061 1120 2089 Judmus
1133 2059 1320 2086 Christianum
1337 2055 1504 2091 mancipium
1516 2061 1571 2081 non
1586 2053 1695 2084 habeto,
1713 2058 1762 2077 nec

977 2107 1201 2136 catechumenum
1218 2103 1417 2132 circumcidito.

951 2168 975 2197 D
1012 2154 1109 2182 Nullus
1125 2156 1184 2181 esto
1199 2152 1273 2179 locus
1286 2149 1419 2178 haereticis
1432 2148 1465 2176 ad
1479 2146 1658 2183 precandum.

1013 2212 1069 2240 Tit.
1091 2211 1119 2243 4,
1142 2209 1250 2238 constit.
1267 2209 1294 2236 5.
1313 2207 1379 2240 Quae
1394 2206 1525 2233 adversus
1543 2202 1687 2231 haereticos
1704 2208 1761 2227 mn-

979 2263 1088 2291 ventur,
1109 2264 1209 2293 prmses
1230 2255 1368 2283 examinet
1382 2253 1415 2280 ad
1430 2252 1575 2280 utilitatem
1592 2249 1663 2280 ﬁsci,
1677 2254 1704 2274 et
1721 2247 1766 2275 alii

980 2303 1084 2333 nemini
1107 2302 1248 2338 permittat
1270 2301 1370 2328 horum
1397 2297 1618 2333 inquisitionem,
1635 2293 1686 2321 nisi
1703 2301 1768 2320 eun-

982 2357 1090 2379 cessum
1104 2350 1155 2377 hoe
1170 2349 1194 2376 ei
1208 2347 1291 2375 fuerit
1307 2345 1431 2381 jussione
1445 2343 1550 2373 divina.

1022 2452 1169 2481 Constitut.
1187 2450 1233 2478 ΞΔ.
1247 2448 1324 2482 Quod
1348 2446 1507 2475 defensores
1541 2442 1688 2472 orthodoxi
1711 2448 1773 2469 esse

987 2499 1113 2528 debeant.

1027 2556 1080 2583 Tit.
1101 2556 1129 2588 7,
1144 2554 1288 2582 constitnt.
1304 2551 1331 2579 'l.
1347 2550 1424 2584 Quod
1439 2549 1485 2577 lilii
1511 2549 1565 2576 sint
1583 2544 1716 2576 hterclici,
1735 2543 1776 2570 in-

992 2608 1032 2630 ter
1055 2608 1154 2629 causas
1169 2597 1377 2635 ingratitudinis
1401 2605 1415 2624 ξι
1433 2595 1593 2632 parentibus
1618 2590 1713 2620 relerri
1727 2597 1776 2626 po-

994 2653 1056 2677 test.

1030 2693 1180 2722 [hereticus
1203 2695 1291 2727 pater,
1307 2688 1371 2717 velit
1389 2691 1436 2715 ant
1455 2687 1532 2719 nolit,
1558 2684 1725 2713 orthodoxos
1741 2686 1780 2709 ta-

993 2748 1053 2768 men
1074 2738 1174 2766 liberos
1203 2740 1250 2764 aut
1268 2734 1446 2770 propinquos,
1465 2731 1588 2758 hzercdes
1603 2729 1694 2758 habet.

1030 2786 1083 2813 Res
1112 2783 1244 2814 heretici,
1280 2781 1325 2815 qui
1347 2779 1435 2806 nullos
1449 2778 1530 2804 habet
1546 2777 1660 2806 liberos,
1674 2777 1720 2801 aut
1737 2780 1782 2800 eo.

994 2837 1089 2868 gnatos
1101 2830 1277 2861 orthodoxos,
1294 2825 1476 2862 publicantur.
1491 2823 1537 2850 Sin
1548 2822 1669 2849 habitum
1685 2819 1778 2846 clerici
