1892 3071
66 141 136 172 13:37

688 147 812 177 Iii‘lS'l‘.
824 147 872 176 DE
892 147 1079 177 JEJUNllS.

1626 155 1694 187 1358

98 205 150 232 κδ’.
167 205 238 232 Οἰδὲ
250 205 352 231 τούτων
371 204 519 240 σοφώτεροι
545 205 591 231 καὶ
608 205 675 239 πρὸς
704 205 752 240 τὴν
774 214 842 231 σινο-

941 205 985 232 24.
1004 206 1090 233 Porro
1107 209 1189 241 quicx
1205 207 1257 235 illis
1272 209 1454 244 Sapientiorcs
1472 218 1546 244 sunt,
1565 219 1694 248 tanquam

60 250 145 282 δικῶς
164 251 382 286 ἐγχαραχθεῖσαν
397 252 545 286 ἀπόκρισιν
561 251 633 278 κατὰ
664 251 714 286 τὴν
751 252 857 286 ἐφημε-

60 297 126 331 ρίαν
139 298 189 324 τοῦ
203 298 359 332 ἁγιωτάτου
375 298 481 324 ἐκείνου
499 297 672 333 πατριάρχου
700 297 784 332 κυροῠ
806 297 857 324 Νι-

59 343 177 375 κολάου,
202 344 249 370 καὶ
274 344 526 378 διαλαμϐάνουσαν,
552 343 590 375 ὡς
612 343 779 378 διείληπται,
802 351 852 378 με·

57 389 210 422 τατεθῆναι
226 388 276 424 τὴν
295 389 424 423 νηστείαν
443 388 492 416 τοῦ
522 388 678 422 Αὐγούστου
706 389 801 423 μηνὸς,
818 388 856 418 ὡς

60 436 102 466 εἰς
139 435 170 461 τὸ
203 435 396 470 κρησφύγετον
434 434 659 469 καταφεύγουσι,
695 436 743 460 καὶ
776 435 854 461 ἀδια-

58 481 173 516 κρίτους
198 481 371 508 ἀποκαλοῦσι
388 481 434 508 καὶ
449 482 634 516 νηπιὸφρονας
665 482 727 513 τοὺς
743 481 856 515 νηστεύ-

55 537 153 558 οντας.
170 529 201 554 Εί
220 528 248 554 δέ
268 536 310 559 τις
330 528 502 563 ὲπιστομίσει
526 528 658 560 τούτους,
686 527 784 561 εἰπὼν,
811 527 855 554 ‘Ev

58 575 147 601 παντὶ
164 574 254 610 καιρῷ
271 574 302 600 τὸ
319 575 368 609 τῆς
380 575 507 609 νηστείας
522 574 658 609 ἠνέῳκται
675 573 793 605 στάδιον,
808 573 854 600 καὶ

55 621 87 647 τὸ
101 621 134 647 ἐκ
154 621 257 656 ταύτης
275 621 400 656 βραϐεῖον
414 621 444 647 οὐ
459 619 634 655 μεσιτεύεται
648 628 655 635 '
674 619 771 646 Ἄπιθι
787 619 855 654 πρὸς

54 667 121 698 τοὺς
147 666 319 698 πωλοῦντας,
335 667 413 701 φασὶ,
428 667 462 693 τὰ
474 666 506 692 ἐκ
523 666 682 702 βουκολὶων,
711 667 757 692 καὶ
793 674 856 693 ποι-

56 714 160 748 μνίων,
199 715 247 740 καὶ
269 714 412 745 πετεινῶν.
441 715 487 740 καὶ
529 714 714 747 κατανοήσεις
747 713 853 740 ἐκεῖθεν

53 761 165 795 ταύτης
179 761 228 795 τῆς
247 761 378 795 νηστείας
401 760 431 787 τὸ
455 760 639 794 ἀποτέλεσμα.
660 760 690 786 Εἰ
720 760 770 794 μὲν
799 759 853 795 γὰρ

53 806 234 842 ἀπρακτοῠσι
260 808 294 834 τὰ
323 807 397 842 παρὰ
434 807 535 833 τούτων
569 807 697 841 διδόμενα
731 807 780 833 καὶ
804 807 852 833 ἀν-

54 853 226 888 τιδιδόμενα,
241 853 368 888 νηστείας
383 854 442 880 ἐστὶ
459 854 556 889 καιρός
569 861 576 869 ⁸
595 855 619 880 εί
635 853 665 880 δὲ
685 853 720 880 τὰ
736 853 851 888 κρέατος

908 250 941 276 ad
956 251 1076 284 praesidii
1103 252 1234 280 latebram
1260 255 1422 289 confugiunt
1441 257 1474 284 ad
1490 259 1694 292 responsionem

908 296 1039 330 synodico
1066 303 1206 324 exalatanl
1227 304 1349 334 tempore
1366 302 1534 330 sanctissimi
1560 304 1632 332 illius
1649 313 1697 340 pa-

908 341 1033 369 triarclne
1055 343 1158 370 domini
1172 343 1275 372 Nicolai
1288 366 1295 378 ,
1312 354 1372 380 qua:
1395 348 1484 380 docet,
1499 350 1570 377 sicut
1585 351 1695 386 exposi-

907 391 965 415 tum
983 389 1040 423 jam
1068 389 1129 422 init,
1143 391 1303 418 translatum
1320 392 1405 421 fuisse
1419 394 1554 429 jejunium
1578 397 1695 432 Augusti

907 435 1030 468 mensis;
1048 441 1130 470 atque
1153 437 1327 466 discernendi
1353 439 1498 474 imperitos
1527 447 1553 470 et
1581 443 1693 477 puerilia

907 481 1058 509 sentientes
1079 487 1178 510 vocant.
1199 491 1247 511 eos
1272 485 1318 518 qui
1333 485 1469 520 jejunant.
1495 487 1571 520 Quod
1590 490 1613 517 si
1631 490 1695 524 quis

905 532 937 552 os
962 526 1016 554 illis
1038 527 1218 562 obturaverit,
1232 529 1338 562 dicens,
1367 533 1395 559 in
1416 533 1491 560 omni
1509 539 1633 570 tempore
1653 535 1695 570 je-

903 570 973 605 junii
997 571 1116 600 stadium
1137 579 1241 608 patere,
1269 584 1300 604 ac
1322 579 1463 612 praemium
1489 579 1514 607 ei
1529 580 1693 609 destinatum

906 617 1080 645 medietatem
1098 621 1341 657 exceptionemque
1375 632 1428 651 non
1449 626 1616 654 admittere:
1631 627 1693 661 Abi,

906 664 1082 698 respondent,
1105 666 1139 692 ad
1164 673 1212 693 eos
1224 667 1271 701 qui
1285 675 1384 696 carnes
1406 669 1526 698 bubulas
1549 676 1576 699 et
1598 673 1694 700 ovinas

904 716 1024 744 avesque
1047 711 1176 744 vendunt,
1197 713 1315 747 hincque
1338 721 1472 749 agnosces
1496 717 1578 752 hujus
1595 718 1694 754 jejunii

903 756 1144 790 complementum.
1168 757 1235 784 Nam
1263 759 1285 785 si
1311 758 1446 787 feriantur
1469 769 1530 796 quae
1548 770 1596 798 per
1621 763 1696 798 ipsos

904 799 1007 827 dantur
1029 805 1057 828 et
1077 801 1263 836 accipiuntur,
1277 803 1376 838 jejunii
1394 808 1501 840 tempus
1517 811 1569 833 est.
1583 807 1632 835 Sin
1648 816 1696 835 au-

904 848 958 872 tem
974 853 1072 874 carnes
1087 848 1206 879 venales,
1223 855 1272 882 pro
1287 856 1362 876 more
1379 850 1412 876 ad
1426 857 1538 877 censum
1549 857 1693 885 vocantur,

53 899 126 925 ὥνια
157 900 280 935 συνήθως
301 900 553 933 κατακηνσεύονται
579 899 616 935 μὴ
635 899 842 934 κατακιὸδήλευε

930 891 960 917 »Ιί
984 891 1134 926 depravare
1143 893 1342 927 celebritatem,
1372 903 1423 923 nec
1448 897 1534 924 solata
1555 898 1590 924 ob
1611 899 1696 934 hypo-

52 947 107 979 τὴν
139 946 310 980 πανήγυριν,
345 945 412 980 μηδὲ
445 945 490 971 διὰ
518 946 602 980 μόνην
633 945 778 980 ὑπόκρισιν
805 946 854 976 τὰς

53 991 109 1026 ἠδη
132 991 304 1025 σχολασάσας
319 991 374 1017 τῶν
397 991 532 1018 Ἰουδαίων
548 991 674 1025 νηστείας
695 991 854 1025 ἐπισφαλῶς

53 1036 229 1068 ἀνακαίνιζε.
257 1037 303 1071 Μὴ
319 1036 395 1070 γοῦν,
425 1037 495 1064 κατὰ
519 1038 633 1069 τούτους
651 1039 800 1072 προφάσει;
825 1038 854 1063 ὲν

52 1083 208 1118 ἁμαρτίαις
231 1083 473 1118 προφασιζόμενοι,
493 1084 547 1111 τῶν
567 1084 702 1119 ρηθεισῶν
720 1084 853 1119 νηστειῶν

51 1130 254 1165 ἀχρειώσωμεν
268 1131 317 1164 τὴν
333 1130 487 1165 σεμνότητα
501 1138 507 1144 ”
532 1131 599 1166 μηδὲ
611 1131 682 1157 κατὰ
696 1131 742 1158 τὸν
760 1131 852 1158 δοῦλον

49 1177 159 1203 ἐκεῖνον
172 1177 217 1203 τὸν
231 1178 416 1212 περιπόνηρον
431 1178 462 1204 τὸ
481 1179 531 1212 τῆς
545 1179 670 1213 νηστείας
688 1178 852 1206 ὀλὸιώτατον

49 1223 187 1251 τάλαντον
222 1225 262 1256 εἰς
300 1225 352 1259 γῆν
394 1225 618 1260 γαστριμαργίας
654 1226 700 1252 καὶΙ
725 1225 852 1259 ἀπογνώ-

50 1278 123 1300 σεως
136 1270 357 1305 καταχώσωμεν·
378 1271 446 1306 μηδὲ
460 1272 583 1305 εἴπωμεν
599 1273 668 1307 arpi);
684 1272 729 1299 τὸν
749 1273 849 1299 Δεσπό-

49 1325 102 1349 την
126 1316 175 1341 καὶ
201 1315 268 1342 Θεὸν
295 1316 374 1351 ἡμῶν
392 1325 400 1332 ·
429 1316 528 1351 Ἔχεις
553 1318 586 1344 τὸ
611 1319 693 1344 σόν·
720 1319 846 1353 νηστείαν

48 1364 108 1398 γὰρ
130 1363 333 1398 ὲνηστεύσαμεν
351 1364 651 1399 τεσσαρακονοήμερον,
668 1365 701 1400 ἢν
731 1366 778 1392 καὶ
798 1365 846 1391 αὐ-

48 1409 96 1440 τὸς
117 1409 288 1443 ὲνήστευσας
309 1409 347 1442 ὡς
368 1410 546 1446 θεάνθρωπος
561 1419 568 1425 ο
583 1411 651 1437 ἀλλὰ
685 1411 758 1438 κατὰ
798 1412 845 1438 τὸν

48 1455 145 1481 δοῦλον
157 1455 203 1481 τὸν
222 1456 325 1490 ἀγαθὸν
341 1457 643 1493 πολλαπλασιάσωμεν,
658 1458 702 1484 διὰ
715 1458 843 1492 νηστείας

48 1501 97 1526 καὶ
112 1501 267 1536 προσευχῆς
287 1501 338 1536 τὴν
355 1503 494 1537 ἐμπορίαν
516 1502 566 1538 τῆς
591 1503 728 1538 σωτηρίας
747 1511 838 1538 πραγ-

50 1547 246 1581 ματευόμενοι.

87 1595 138 1618 κε’.
159 1591 222 1618 Ὅτι
237 1592 266 1618 δὲ
281 1592 331 1623 τὰς
344 1592 431 1624 Θείας,
444 1593 493 1619 καὶ
523 1593 614 1626 ἁγίοις
641 1594 802 1626 ἀποστόλοις
816 1595 844 1622 ὲν

46 1638 90 1674 τῷ
106 1637 145 1671 ἔθ’
162 1638 256 1665 κανόνι
295 1639 519 1674 νενομοθέτηται,
547 1641 597 1672 τὰς
621 1642 844 1677 παραδεδομένας

45 1685 194 1720 νηστείας,
214 1685 258 1712 διὰ
275 1687 442 1721 σωματικὴν
458 1687 603 1714 ἀσθένειαν
635 1688 818 1715 καταλύεσθαι
837 1697 843 1704 ·

46 1730 108 1758 εἶεν
121 1731 150 1758 δὲ
161 1730 280 1759 αὖταιαί
292 1733 340 1758 τοῦ
357 1732 418 1759 ὅλου
435 1733 534 1768 χρόνου
563 1734 700 1769 Τετράδες
727 1737 773 1761 καὶ
791 1736 846 1762 Πα-

50 1776 190 1811 ρασκευαί
203 1784 210 1791 ·
230 1778 435 1813 παρεγγυῶμαι
448 1778 522 1812 ὑμῖν,
546 1779 599 1813 πρὸ
620 1778 669 1813 μὲν
697 1779 843 1813 ἑπτὰήμε-

48 1823 109 1858 ρῶν
122 1823 243 1859 ἑκάστης
263 1824 318 1850 τῶν
335 1824 474 1860 ρηοεισῶν
487 1825 604 1860 ἑορτῶν,
620 1825 651 1857 ἐξ
687 1825 844 1859 ἀπαραιτὴ-

45 1879 97 1896 του
115 1869 259 1904 νηστεύειν
275 1871 323 1897 καὶ
343 1870 574 1905 ὲγκρατεύεσθαι,
594 1870 685 1901 καθὼς
711 1871 758 1896 καὶ
771 1872 843 1897 κατὰ

44 1916 99 1950 τὴν
131 1915 179 1942 τοῦ
200 1915 320 1949 μεγάλου
348 1915 552 1951 οεοπαραδότου
586 1916 845 1952 τεσσαρακονϐημέ-

45 1970 108 1996 ρον,
136 1961 184 1987 καὶ
201 1961 238 1996 μὴ
251 1961 398 1988 καταλύειν
417 1962 496 1993 ὅλως,
526 1962 571 1988 διά
592 1971 652 1989 τινα
680 1963 842 1998 περίστασιν

44 2007 177 2043 σώματος
193 2016 200 2023 ·
213 2009 242 2035 ὲν
257 2008 285 2034 δὲ
300 2009 359 2040 ταῖς
374 2008 482 2039 λοιπαῖς
494 2009 639 2044 νηστίμοις
661 2009 791 2044 ἡμέραις,
804 2010 841 2040 ὡς

43 2056 170 2089 εἴρηται,
196 2054 242 2081 δύο
271 2055 407 2091 λαμπρῶν
439 2055 635 2090 πανηγύρεων,
666 2055 721 2082 τῶν
755 2057 842 2089 ἁγίων

50 2100 237 2134 Ἀποστδλων,
259 2102 341 2137 φημὶ,
363 2102 412 2128 καὶ
427 2103 481 2128 τῶν
495 2102 645 2128 Γενεθλίων
656 2102 703 2129 τοῦ
718 2103 839 2138 Χριστοῦ

45 2146 95 2172 καὶ
107 2145 187 2177 Θεοῦ,
201 2147 261 2178 ταῖς
277 2147 331 2181 πρὸ
343 2147 397 2173 τῶν
407 2147 608 2182 ἑπτὰιὴμερὼν
640 2149 692 2183 τῆς
717 2149 839 2184 ἀπαραι-

43 2195 130 2226 τήτου
148 2193 274 2226 νηστείας
291 2194 537 2228 παραδεδομέναις,
561 2195 599 2226 ὡς
618 2195 738 2230 εἴρηται,
753 2196 777 2221 εί
789 2204 838 2222 κα-

904 936 1010 967 crisim.
1026 938 1081 972 jam
1097 940 1182 967 desita
1193 939 1352 969 Judzeorum
1365 942 1470 977 jejunia
1486 951 1620 973 renovare
1629 954 1691 973 cum

904 983 1039 1015 periculo.
1067 984 1107 1012 Ne
1130 985 1213 1020 igitur
1246 995 1340 1014 eorum
1371 989 1497 1023 exemplo
1526 996 1692 1020 excusantes

904 1029 1097 1057 excusationes
1119 1030 1146 1058 in
1165 1033 1288 1067 peccatis
1302 1034 1336 1066 ¹¹,
1360 1033 1496 1062 dictorum
1523 1037 1690 1072 jejuniorum

905 1074 1064 1103 aboleatnns
1089 1077 1286 1112 sanctitatem;
1308 1087 1396 1115 neque
1421 1080 1499 1116 juxta
1520 1089 1630 1109 servum
1659 1083 1691 1109 il-

905 1120 960 1147 lum
974 1122 1186 1157 nequissimum,
1211 1125 1308 1160 jejunii
1331 1126 1521 1154 beatissimum
1537 1128 1667 1162 talentum
1683 1148 1691 1161 .

902 1165 930 1192 in
946 1170 1046 1194 terram
1064 1169 1133 1203 gulae
1148 1173 1175 1196 et
1188 1170 1302 1205 abjecta:
1321 1172 1381 1207 spei
1399 1173 1566 1206 obruamus;
1585 1182 1635 1201 nec
1653 1174 1694 1201 di-

902 1219 997 1240 camus
1038 1213 1071 1240 ad
1100 1215 1245 1243 Dominum
1274 1217 1417 1254 Deumque
1442 1220 1692 1248 nostrum:Hubes

900 1259 970 1293 quod
988 1264 1061 1287 tuum
1081 1266 1118 1287 est
1145 1262 1167 1277 “
1186 1271 1192 1287 ι
1219 1262 1464 1299 Qttadragesimam
1487 1267 1560 1293 enitn
1583 1267 1691 1302 jejuna-

902 1303 1004 1336 vimus,
1024 1313 1106 1339 quatn
1124 1307 1183 1341 ipse
1204 1311 1233 1333 tu
1248 1307 1380 1342 jejnnasti
1399 1310 1472 1336 velut
1486 1309 1559 1338 Deus
1583 1312 1666 1339 homo
1683 1321 1690 1340 :

901 1349 949 1376 sed
962 1349 1039 1383 juxta
1054 1358 1164 1377 servum
1184 1358 1297 1385 bonum,
1316 1354 1540 1389 multiplicemus,
1557 1363 1606 1391 per
1620 1357 1691 1392 jeju-

901 1394 977 1420 nium
995 1399 1022 1421 et
1040 1397 1191 1423 orationem
1207 1397 1240 1424 ad
1261 1399 1478 1433 negotiationem
1502 1401 1599 1429 salutis
1618 1403 1688 1437 adji-

899 1440 1004 1468 cientes
1021 1443 1155 1468 animum.

934 1587 979 1615 25.
997 1589 1131 1617 Caeterum
1150 1591 1215 1625 quia
1240 1599 1289 1626 per
1307 1597 1419 1621 sanctos
1441 1595 1583 1630 apostolos
1599 1596 1625 1623 in
1641 1604 1688 1624 cn-

899 1642 970 1661 none
995 1635 1039 1666 6!),
1064 1636 1123 1671 lege
1148 1637 1286 1665 sancitum
1301 1644 1355 1672 est,
1378 1643 1407 1666 ut
1423 1640 1517 1668 divina
1537 1642 1690 1678 traditaque

895 1678 1000 1714 jejunia
1017 1686 1130 1716 propter
1143 1685 1312 1716 corporalem
1326 1684 1512 1714 inﬁrmitatem
1529 1688 1689 1722 solvantur;

899 1725 1000 1752 iuerint
1013 1731 1104 1754 autem
1125 1728 1182 1760 illa,
1199 1730 1283 1756 toties
1301 1731 1365 1757 anni
1382 1737 1486 1766 quartae
1497 1739 1635 1769 sextaque
1647 1735 1690 1762 le.—

900 1772 963 1804 riaa;
982 1773 1114 1800 denuntio
1128 1774 1216 1807 vobis,
1233 1779 1262 1802 ut
1278 1780 1341 1803 ante
1354 1781 1456 1811 septem
1477 1779 1536 1806 dies
1551 1781 1686 1816 cujusque

896 1819 1044 1846 relatorum
1063 1820 1206 1854 festorum,
1223 1823 1292 1850 citra
1313 1823 1532 1859 deprecationem
1553 1826 1684 1862 jejunetis

895 1869 923 1892 et
939 1865 1108 1892 abstinenter
1122 1867 1230 1901 vivatis,
1253 1876 1359 1896 necnon
1377 1877 1424 1904 per
1438 1878 1564 1906 magnam
1591 1881 1606 1900 a
1632 1873 1688 1902 Deo

901 1911 1028 1937 traditam
1045 1910 1299 1948 Quadragcsimam,
1315 1923 1365 1942 nec
1376 1916 1509 1953 ullatenus
1523 1918 1633 1948 solvatis
1644 1920 1688 1955 je-

892 1956 1000 1991 junium
1027 1963 1141 1993 propter
1157 1960 1307 1994 quamlibet
1322 1963 1449 1996 corporis
1472 1965 1687 1998 necessitatem;

894 2005 920 2030 in
933 2005 1046 2039 reliquis
1066 2013 1131 2033 vero
1149 2007 1316 2036 esurialibus
1327 2008 1439 2043 diebus,
1457 2015 1486 2037 ut
1501 2011 1605 2039 dictum
1624 2017 1686 2043 est.

893 2050 1010 2078 duarum
1023 2052 1160 2079 clararum
1175 2054 1376 2086 celebritatum.
1398 2062 1558 2086 sanctorum
1577 2066 1688 2094 aposto-

893 2096 993 2131 lorum,
1008 2098 1133 2133 inquam,
1149 2104 1174 2126 et
1192 2099 1299 2128 Natalis
1314 2101 1418 2130 Christi
1439 2103 1553 2140 Deique,
1570 2113 1618 2140 per
1634 2112 1689 2133 Ira-

891 2142 962 2170 ditos
989 2143 1049 2171 dies
1069 2145 1114 2179 qui
1131 2145 1288 2180 praecedunt
1308 2147 1371 2175 illos
1387 2155 1555 2179 memoratos
1575 2157 1677 2184 septem

887 2189 983 2223 jejunii
1014 2190 1126 2218 omnino
1155 2193 1322 2226 necessarii,
1353 2194 1376 2222 si
1406 2194 1541 2230 jejunium
1573 2198 1681 2225 solvere

42 2238 163 2265 ταλῠσαι
193 2239 297 2272 δεήσει,
334 2239 379 2265 διὰ,
410 2240 571 2274 σωματικὴν
602 2241 667 2272 ἴσως
696 2241 838 2268 ἀσθένειαν

930 2240 1034 2268 orteat,
1056 2237 1149 2264 forsan
1178 2239 1332 2272 corporalis
1356 2242 1530 2270 necessitatis
1552 2251 1630 2279 ergo.
1653 2246 1679 2273 id

43 2285 135 2310 ποιεῖν
166 2284 211 2310 καὶ
239 2283 328 2317 τοῦτο,
356 2284 425 2319 μετὰ
448 2285 609 2320 προτροπῆς
646 2286 840 2321 ἑπισκοπικῆς.

43 2329 155 2363 ’Δλλως
167 2331 327 2362 κινδυνῶδες
340 2332 398 2358 ἐστι
419 2332 465 2358 καὶ
480 2332 616 2367 ὀλέθριον.

81 2409 139 2441 κς’.
154 2409 341 2444 Νηστεύοντες
359 2409 399 2442 δὲ,
415 2409 452 2445 μὴ
463 2410 661 2446 νηστεύσωμεν
675 2412 715 2443 εἰς
732 2413 840 2448 κρίσεις

43 2457 94 2483 καὶ
110 2456 201 2491 μάχας
213 2457 260 2483 καὶ
273 2456 477 2492 ψιθυρίσματα,
491 2457 560 2492 μηδὲ
569 2457 699 2492 τύψωμεν
715 2461 839 2494 πυγμαῖς

42 2504 91 2530 τὸν
108 2503 237 2529 ταπεινὸν
251 2504 298 2530 καὶ
308 2503 492 2538 προσήλυτον.
522 2504 658 2539 Λύσωμιν
688 2505 716 2531 δὲ
738 2506 841 2541 μᾶλλον

45 2548 138 2575 πάντα
150 2547 300 2582 σύνδεσμον
312 2547 432 2581 ἀδικίας,
454 2548 502 2575 καὶ
518 2549 616 2584 βιαίων
648 2550 842 2586 συναλλαγμά-

44 2603 100 2620 των
118 2594 289 2629 χειρόγραφα
301 2594 498 2628 διασπάσωμεν
514 2603 521 2610 ·
537 2595 654 2622 πεινῶσι
669 2596 718 2630 μὲν
743 2597 842 2631 ἄρτους

44 2641 94 2666 καὶ
107 2640 211 2675 τρογὰς
226 2640 452 2676 διαῠρύπτοντες,
469 2642 596 2676 ἁστέγοις
605 2643 634 2668 δὲ
650 2643 697 2668 καὶ
723 2645 843 2678 πτωχοῖς

43 2687 110 2717 τοὺς
132 2687 225 2718 οἴκους
261 2688 429 2722 ἀνοίγοντες,
464 2689 534 2715 κατὰ
563 2689 593 2715 τὸ
624 2689 672 2715 τοῦ
699 2690 841 2725 προφήτου

45 2733 245 2768 παράγγελμα.
261 2733 407 2769 Οὖτωγὲιρ
420 2735 450 2760 τὸ
472 2735 530 2768 φῶς
553 2736 602 2771 τῆς
635 2736 708 2770 ζωῆς
756 2737 836 2772 ἡμῶν

50 2779 156 2815 λάμψει
174 2781 206 2806 ὲκ
218 2781 335 2816 πρωῖας,
354 2782 391 2813 ὡς
402 2782 570 2815 γέγραπται,
587 2783 634 2810 καὶ
652 2783 701 2818 τῆς
713 2783 837 2819 κραυγῆς

83 2869 103 2885 ³¹
120 2869 192 2898 Psal.
206 2877 266 2903 οη,
281 2871 307 2898 Α.
348 2872 369 2888 ³¹
391 2871 486 2899 Matth.
505 2881 569 2907 xxv,
582 2875 625 2902 9.5.

893 2288 1002 2315 quoque
1024 2280 1132 2308 faciatis
1156 2289 1217 2308 cum
1242 2283 1366 2317 episcopi
1393 2286 1583 2314 concessione.
1617 2289 1680 2316 Alio

891 2325 993 2360 quippe
1014 2325 1106 2358 modo,
1123 2326 1275 2361 quamlibet
1289 2335 1452 2356 cunctarum
1479 2331 1551 2359 diem
1575 2333 1681 2362 violare

891 2371 982 2398 soluto
1000 2371 1119 2407 jejunio.
1142 2372 1328 2405 periculosum
1352 2380 1395 2402 est
1420 2381 1503 2412 atque
1520 2379 1683 2409 exitiosum.

927 2417 973 2445 26.
993 2416 1059 2444 Dum
1077 2422 1166 2446 autem
1179 2418 1389 2454 jejunamus,ne
1402 2421 1429 2448 in
1442 2422 1516 2457 lites,
1531 2424 1689 2454 dimicatio-

891 2471 940 2490 nes
955 2467 982 2490 et
1007 2464 1156 2493 maledicos
1171 2473 1300 2493 susurros
1315 2466 1471 2501 jejunemus
1485 2489 1492 2501 ,
1504 2478 1571 2498 neve
1586 2473 1685 2506 pugnis

891 2509 1070 2537 verberemus
1087 2510 1217 2539 humilem
1230 2516 1258 2539 ct
1275 2513 1419 2540 advenam.
1437 2514 1508 2547 Quin
1525 2517 1617 2551 potius
1631 2520 1687 2546 sol-

891 2563 988 2582 vamus
1003 2563 1084 2584 omne
1103 2557 1243 2585 vinculum
1268 2559 1433 2593 iniquitatis.
1455 2566 1483 2587 et.
1501 2561 1686 2592 violentorum

892 2607 1086 2629 contractuum
1111 2604 1293 2640 chirographa
1315 2606 1528 2641 discerpamus;
1553 2610 1684 2636 esurien-

893 2646 968 2674 tibus
986 2648 1097 2683 quidem
1131 2650 1286 2686 frangentes
1299 2659 1384 2687 panes
1404 2657 1429 2679 et
1441 2653 1528 2686 cibos,
1543 2659 1615 2682 tecto
1637 2663 1687 2683 au-

897 2698 950 2720 tem
971 2695 1131 2722 carentibus
1156 2700 1184 2723 et
1209 2698 1377 2733 pauperibus
1398 2699 1555 2734 aperientes
1576 2700 1685 2735 domos,

888 2740 966 2774 juxta
983 2741 1121 2775 prophetae
1140 2745 1274 2771 monitum
1289 2745 1322 2772 ³³.
1346 2745 1392 2773 Sic
1409 2746 1482 2773 enim
1508 2747 1600 2775 lumen
1622 2749 1686 2777 vita

893 2792 996 2813 nostrae
1026 2787 1146 2815 diluculo
1160 2788 1284 2824 fulgebit,
1301 2792 1528 2827 quemadmodum
1550 2794 1682 2830 scriptum

666 2875 687 2891 ³³
703 2875 752 2903 lsa.
769 2884 846 2911 L\'ltl,
862 2879 878 2906 6
891 2883 917 2905 et
934 2886 988 2913 seq.
