1892 3071
82 137 147 169 i361

676 138 797 169 EPIST.
809 138 856 168 DE
872 138 920 170 BA
926 138 1113 168 SOPHORIS

1638 141 1706 172 Πθὲ

79 205 211 223 σκουσαν.
224 196 284 223 Κᾶν
301 197 354 231 γὰρ
380 197 513 232 χρίσματι
545 198 715 233 χειροτονίας
736 198 850 233 ὲχρίσθη

923 198 997 225 enim
1015 206 1064 233 per
1077 198 1296 226 misericordiam
1325 198 1370 226 Dei
1389 198 1536 226 chrismate
1553 199 1705 227 ordinatio-

78 251 130 276 μεν
143 242 212 277 ἐλέῳ
241 242 393 275 Θεοῦ,όιλλ’
421 243 502 279 ἐλαίῳ
527 243 706 275 διδασκαλίας
732 244 865 272 λιπαίνειν

75 288 140 318 «οὓς
165 288 298 322 μετόχους
309 288 359 322 τῆς
367 288 417 322 γῆς
429 288 532 323 ταύτης
551 289 748 325 ὲπετράπημεν
764 297 772 305 ·
799 288 835 316 δι’
852 288 866 315 ὃ

74 335 126 360 καὶ
141 335 214 361 κατὰ
234 335 297 366 τοὺς
313 335 342 361 ἐν
362 335 454 361 σκότει
469 336 516 362 καὶ
526 336 591 371 σκιᾷ
602 336 775 371 καθημένους
793 336 866 369 ἀγω-

74 380 219 415 νιάζομεν.
237 381 314 407 Ἐπεὶ
330 381 359 406 δὲ
377 381 407 408 τὸ
419 382 468 416 μὲν
481 383 617 409 διδάσκειν
632 383 794 418 ὑπερορίους
807 383 866 409 ὲπι-

75 427 202 457 σκόπους
221 427 422 462 ἀπηγόρευται,
448 428 477 454 τὸ
492 428 519 454 δὲ
537 428 731 462 ἀπολογεῖσθαι
747 430 812 464 περὶ
827 425 865 455 ὧν

73 472 234 506 ἐρωτῶνται
248 473 417 507 νενόμισται·
433 474 471 500 Τὰ
480 475 568 508 χειλη
585 474 650 510 γὰρ,
665 475 759 509 φησὶν.
780 473 866 509 ἡμῶν

71 519 145 551 παρ’
157 518 232 552 ἡμῖν
244 519 325 546 εἰσιν
340 528 347 535 ·
363 519 565 555 ἁπεστείλαμέν
597 530 639 547 σοι
663 521 709 547 τὸν
742 521 865 556 παρόντα

74 564 162 590 παῖδα
178 564 258 598 λόγον
275 565 366 600 ἡμῶν,
383 566 625 601 ἀπολογησόμενον
639 567 708 601 πρὸς
732 567 781 599 τὰς
801 567 866 594 πεύ-

74 618 135 640 σεις
156 618 214 641 σου,
234 610 272 644 μὴ
282 611 505 646 πεποικιλμένον,
529 613 566 643 ὡς
588 613 652 644 ἔδει,
675 613 745 647 μετὰ
766 622 866 648 χρυσο-

73 655 362 691 πάστωνῑματισμῶν
392 658 440 683 καὶ
480 658 647 691 σοφιστικῶν
687 660 864 694 κροσσωτῶν,

71 701 145 728 ἀλλὰ
172 702 243 736 μετὰ
278 703 433 738 χλαμυδίων
464 704 593 739 ἀμούσων
624 705 672 732 καὶ
713 705 863 740 ῥυπαρῶν·

71 748 191 774 τοιαῦτα
208 750 260 783 γὰρ
279 747 348 776 οἶδεν
362 749 486 783 ὑφαίνειν
503 751 574 783 ἱστὸς
596 751 753 786 ὑπερόριος.
770 752 800 778 El
815 753 865 785 μὲν

71 794 123 820 οὖν
143 795 213 829 πρδς
226 796 277 828 τὴν
289 796 425 830 ἐρώτησιν
443 797 646 832 ἀπολογήσεται
661 806 688 824 τι
711 799 865 832 πρόσφορον

71 840 122 866 καὶ
141 840 322 875 κατάλληλον,
334 840 534 876 φιλοφροσύνης
543 841 687 876 ἀξιωθήτω
700 849 706 857 ·
724 842 748 867 εί
762 841 784 868 δ’
794 844 866 877 ἀμα-

73 885 156 917 θείας
176 886 285 918 ἀπόζει,
302 887 513 922 ἀντιστραφήτω
527 889 595 922 πρὸς
611 888 657 913 τὴν
675 888 864 922 γεγεννηκότα

74 932 197 967 πατέρα,
215 932 264 968 τὴν
280 933 390 960 δικαίαν
403 934 581 969 ἀποστροφὴν
601 935 830 970 προαρπάσαντα.

111 1023 146 1057 β’.
178 1023 326 1059 Ἔγραψας
345 1025 421 1060 ἡμῖν,
439 1024 477 1056 ὥς
493 1033 568 1057 τινες
582 1026 614 1052 ἐκ
640 1026 693 1053 τῶν
706 1026 865 1062 ρασοφόρων

70 1068 124 1103 τῆς
134 1069 205 1095 κατὰ
224 1069 253 1095 σὲ
277 1070 358 1103 ἁγίας
392 1070 487 1105 μονῆς,
513 1072 734 1106 ἀναγκαζόμενοι
755 1072 864 1099 τελειω-

69 1115 410 1150 Θῆναιδι’ἀποχάρσεω;.
429 1116 557 1150 λέγουσιν
578 1118 616 1148 ὡς
645 1118 659 1143 ὁ
693 1117 783 1153 μέγας
811 1118 865 1145 Βα-

72 1161 179 1192 uilem;
195 1162 223 1187 έν
237 1170 294 1188 τισι
308 1162 363 1188 τῶν
379 1162 541 1197 ἀσκητικῶν
571 1164 754 1191 διδασκαλιῶν
781 1165 863 1198 αὐτοῦ

70 1207 223 1241 διωρίσατο
237 1208 284 1234 ἐπὶ
299 1208 406 1244 τριετίᾳ
417 1209 463 1235 τὸν
484 1209 602 1244 μονάσαι
622 1209 768 1244 ὀφείλοντα
787 1211 862 1238 δοκι-

74 1251 226 1285 μάζεσθαι,
245 1253 293 1279 καὶ
322 1253 391 1288 μετὰ
423 1253 473 1289 τὴν
511 1254 614 1289 ταύτης
641 1256 825 1291 παραδρομὴν
848 1257 864 1292 ἦ

71 1298 227 1332 λαμϐάνειν
242 1299 290 1334 τὴν
305 1300 386 1334 χάριν
409 1301 459 1335 τῆς
473 1301 666 1336 ἀποκάρσεως.
683 1302 698 1337 ἢ
715 1303 865 1338 ἀναχωρεῖν

70 1344 125 1379 τῆς
145 1345 240 1380 μονῆς,
253 1346 301 1372 καὶ
315 1345 384 1380 πρὺς
395 1346 445 1380 τὴν
455 1347 594 1381 προτέραν
628 1347 729 1382 λαῖκὴν
747 1350 865 1383 μεταπί-

71 1401 154 1419 πτειν
171 1393 320 1427 διαγωγὴν,
335 1393 512 1428 λαμϐάνοντα
529 1395 576 1421 καὶ
591 1395 609 1422 ἃ.
638 1395 691 1430 πρὸ
705 1396 753 1422 τοῦ
782 1405 867 1431 προσ·-

71 1439 164 1467 ελθεῖν
188 1442 220 1475 τῇ
250 1442 316 1476 μονῇ
345 1442 530 1469 ἐνεδιδύσκετο
556 1442 670 1477 ἄμφιασ
702 1445 749 1470 καὶ
778 1444 865 1471 ταῦτα

71 1487 130 1521 γὰρ
157 1488 186 1513 ὲν
202 1487 295 1522 ἀσύλῳ
311 1488 502 1523 συντηρεῖσθαι
523 1490 757 1524 παρεκελεύσατο.
782 1491 862 1518 Ὶνατί

921 244 965 272 nis
981 244 1086 271 inuncti
1104 244 1249 277 fuerimus,
1266 245 1325 272 oleo
1337 245 1573 272 tamen‘doctrinze
1588 253 1703 273 consor-

924 295 964 317 tes
978 293 1059 329 terra:
1077 290 1157 325 hujus
1176 291 1346 326 impinguare
1361 292 1539 319 commissum
1556 292 1704 323 nubisest;

920 336 991 364 unde
1020 342 1046 364 et
1067 337 1155 364 instar
1178 344 1272 364 eorum
1293 337 1339 372 qui
1362 337 1388 364 in
1416 338 1538 365 tenebris
1557 342 1583 365 et
1608 338 1705 365 umbra

919 382 1015 411 sedent
1034 382 1233 410 conﬂictamur.
1258 382 1327 416 Quia
1345 391 1408 410 vero
1434 387 1463 410 ut
1485 384 1604 418 episcopi
1627 388 1708 410 extra

920 428 1089 463 provinciam
1116 429 1197 463 positi
1212 429 1328 456 doceant
1344 429 1456 456 vetitum
1478 434 1519 457 est
1534 450 1541 463 ,
1569 431 1706 457 rationem

920 480 1012 502 autem
1036 475 1149 502 reddere
1173 475 1206 503 de
1223 476 1256 503 iis
1276 475 1310 503 de
1328 476 1426 510 quibus
1452 476 1656 511 interrogantur
1671 476 1705 502 li-

919 520 1154 554 cet;Lnbiaenim
1170 526 1271 552 nostra.
1289 521 1388 556 inquit,
1404 530 1419 548 α
1433 521 1506 548 nobis
1523 522 1621 553 δαημς
1636 521 1705 548 adtc

920 567 1047 594 misimus
1069 572 1231 602 praesentem
1246 575 1372 602 puerum,
1386 574 1540 594 sermonem
1560 570 1684 594 nostrum
1695 585 1704 598 ,

920 613 965 648 qui
983 612 1176 641 satisfacturus
1200 613 1237 640 sit
1256 613 1289 640 ad
1304 613 1473 647 quaeationes
1498 617 1577 645 tuas;
1592 619 1646 639 non
1660 620 1706 638 va-

920 659 959 686 rie
981 664 1119 690 ornatum,
1131 663 1161 685 ut
1181 658 1284 691 decuit,
1296 666 1359 685 cum
1376 659 1476 686 vestitu
1490 662 1598 690 aurato,
1615 657 1707 691 sophi—
1736 684 1738 691 ι

920 704 1053 739 sticisque
1074 704 1231 738 ﬁmbriatis,
1258 704 1306 732 sed
1335 712 1397 731 cum
1412 703 1596 739 chlamydulis
1623 703 1705 730 insci-
1735 701 1738 711 '

920 750 955 777 tis
980 754 1009 778 et
1035 749 1155 777 sordidis
1182 759 1189 777 :
1219 750 1378 785 huiusmodi
1402 749 1505 784 quippe
1529 749 1616 775 ordiri
1635 748 1704 775 solet

919 803 952 822 ac
966 795 1042 822 novit
1064 796 1214 822 textorium
1234 798 1388 822 externum.
1408 793 1502 828 itaque
1524 793 1546 820 si
1564 792 1597 820 ad
1616 792 1704 819 inter-

920 841 1087 875 rogationem
1111 841 1212 876 aliquid
1239 839 1410 875 responderit
1434 843 1526 874 aptum
1554 843 1582 866 et
1604 845 1705 865 conve-

919 887 1009 920 niens,
1032 887 1165 915 benevole
1187 886 1362 921 excipiatur;
1397 885 1420 913 si
1448 892 1514 912 vero
1535 883 1700 919 imperitiam

916 933 1030 965 redolet,
1053 933 1086 960 ad
1110 937 1213 967 patrem
1236 932 1282 967 qui
1305 932 1399 967 genuit
1415 931 1581 963 remittatur,
1600 928 1702 964 quique

912 980 1015 1014 justam
1037 979 1239 1006 aversationem
1260 976 1470 1013 prmoecupavit.

953 1026 980 1052 2.
1001 1024 1141 1060 Scripsiin
1165 1024 1257 1056 nobis,
1285 1024 1418 1058 quosdam
1451 1022 1539 1050 sancti
1562 1024 1700 1048 monaste-

914 1073 947 1099 rii
963 1071 1001 1099 tui
1018 1071 1207 1106 Rasophoros,
1223 1070 1286 1098 dum
1300 1078 1348 1105 per
1362 1075 1504 1098 tonsuram
1515 1066 1700 1096 consummari

914 1123 1061 1153 coguntur,
1078 1117 1170 1144 dicere
1188 1116 1259 1151 quod
1274 1123 1389 1151 magnus
1403 1115 1518 1143 Basilius
1539 1114 1567 1141 in
1583 1113 1700 1148 quibus-

915 1166 978 1192 dam
1006 1163 1065 1191 suis
1092 1163 1219 1191 asceticis
1235 1161 1467 1197 prmceptionibus
1493 1159 1651 1192 delluierit,
1673 1161 1703 1184 ut.

915 1210 961 1245 qui
974 1209 1126 1237 monachus
1142 1208 1254 1236 futurus
1265 1212 1318 1240 est,
1330 1214 1377 1242 per
1395 1206 1542 1233 triennium
1561 1205 1702 1240 probetur,

915 1263 971 1292 quo
990 1258 1141 1286 transacto,
1165 1259 1213 1281 aut
1228 1253 1343 1289 gratiam
1363 1257 1487 1279 tonsurae
1512 1251 1639 1285 accipiat,
1656 1254 1704 1278 aut

917 1302 1026 1329 recedat
1044 1309 1058 1328 a
1082 1300 1251 1328 monasterio
1276 1303 1302 1326 et
1316 1299 1350 1326 ad
1369 1298 1487 1333 priorem
1504 1297 1600 1324 laicam
1617 1297 1702 1323 vitam

916 1348 1068 1379 relabatur,
1091 1345 1210 1381 receptis
1237 1345 1320 1372 etiam
1343 1342 1513 1371 indumentis
1539 1349 1600 1376 quae
1626 1344 1704 1368 ante-

915 1403 998 1430 quam
1025 1393 1058 1420 ad
1080 1391 1276 1420 monasterium
1306 1390 1450 1417 accederet
1472 1389 1616 1423 gestabat:
1644 1386 1703 1414 haec

915 1440 987 1467 enim
1006 1440 1032 1466 iu
1053 1443 1111 1466 tuto
1125 1439 1185 1465 loco
1201 1436 1360 1465 conservari
1381 1435 1475 1470 jussit.
1489 1435 1543 1462 Cur
1559 1441 1624 1468 ergo
1637 1435 1702 1460 ante

917 1486 1063 1513 triennium
1088 1484 1213 1518 cogimur
1238 1487 1360 1510 tonsura:
1382 1489 1465 1508 onere
1481 1478 1702 1516 premi?Verisi-

70 1532 141 1567 γοῦν
171 1533 225 1566 πρὸ
254 1533 302 1568 τῆς
328 1534 452 1574 τριετίας
476 1534 692 1569 ἀναγκαζόμεθα
719 1536 749 1563 τὸ
780 1536 851 1572 ﬁdem

918 1531 978 1559 mile
1000 1535 1052 1564 est,
1069 1531 1139 1558 intra
1152 1530 1218 1557 illud
1236 1537 1284 1557 nos
1300 1528 1463 1556 sententiam
1482 1531 1648 1557 mutaturos,
1671 1529 1699 1552 et

69 1578 305 1613 ὲπιφορτισθῆναι
319 1581 369 1613 τῆς
388 1580 591 1614 ἀποκάρσεωςς
624 1581 706 1613 Είκός
723 1583 781 1609 ἐστι
795 1583 862 1610 ’παῦε

67 1633 122 1659 της
139 1625 216 1656 ἐντὸς
229 1626 452 1660 μεταμεληθῆναι
465 1627 550 1661 ἡμᾶς,
567 1627 614 1654 καὶ
628 1628 676 1663 τῆς
691 1630 864 1665 τραχυτέρας

70 1673 146 1706 ζωῆς
158 1671 209 1707 τὴν
224 1672 425 1708 μαλακωτέραν
454 1674 692 1709 προτιμήσασθαι,
732 1676 781 1702 καὶ
812 1677 863 1710 τῆς

69 1718 204 1745 ἐπιπόνου
228 1719 277 1754 τὴν
305 1719 417 1750 ἄπονον.
449 1720 498 1746 καὶ¹
523 1720 713 1755 ἀπεκδυθῆναι
750 1722 801 1756 μὲν
828 1722 863 1749 τὰ

74 1765 223 1799 μοναχςκὰ,
255 1764 400 1799 ἐνδυθῆναι
425 1765 454 1791 δὲ
469 1765 656 1801 κογχυλόχροα
680 1767 727 1794 καὶ
756 1768 863 1803 χρυσό-

75 1819 181 1837 παστα·
208 1811 277 1838 ἀλλὰ
291 1811 344 1846 μὴν
357 1811 404 1838 καὶ
433 1813 644 1847 κρεωφαγῆσαι,
671 1813 720 1840 κα)⁸
737 1814 862 1848 νομίμως

72 1856 248 1891 συναφθῆναι
263 1857 389 1890 γυναιξίν
403 1866 409 1872 ·
427 1858 451 1883 εί
466 1858 559 1892 δεήσει
573 1857 612 1891 δὲ,
634 1859 684 1884 καὶ
715 1859 864 1893 στρατολο-

72 1902 207 1937 γηθῆναι,
241 1903 289 1929 καὶ
328 1903 420 1935 ζώνας
457 1903 656 1939 περιὸληθῆναι
696 1904 860 1939 ἀξιωμάτων

72 1948 238 1983 βασιλικῶν.
260 1949 348 1982 ’Ἄφες
364 1946 411 1975 οὖν
422 1949 471 1982 τῆς
489 1948 659 1984 προθεσμίας
675 1949 725 1984 τὴν
756 1949 859 1983 δωρεὰν

69 1994 281 2028 ἀκιεδήλευτον.
306 1994 388 2025 Ἴσως
402 1995 457 2030 γὰρ
472 1994 643 2031 παραδράμῃ
660 1995 728 2030 μετὰ
747 1995 796 2030 τῆς
814 1995 861 2021 αὐ-

69 2041 120 2074 τῆς
135 2040 346 2075 εὐθυδρομοῢσα
376 2040 542 2074 προθέσεως,
579 2041 627 2067 καὶ
655 2039 779 2075 στηρίξει
811 2041 860 2076 τῆς

69 2086 239 2120 ἐπαγγελίας
258 2086 307 2121 τὴν
322 2086 477 2121 εἴσπραξιν.
492 2086 524 2112 El
554 2087 582 2113 δὲ
609 2089 786 2122 κατεπείγεις
810 2087 860 2121 τὴν

68 2133 144 2159 δῦσιν
161 2133 236 2167 παρὰ
251 2132 284 2159 τὰ
293 2132 416 2164 δόξαντα,
436 2133 514 2158 αὐτοὶ
545 2133 654 2164 ἑαυτοῖς
686 2135 718 2160 ὲκ
738 2133 861 2169 μεταμέ-

69 2179 118 2205 λου
133 2178 304 2213 χαρισάμεθα
320 2177 372 2211 τὴν
383 2178 519 2205 ἀθώωσιν.
534 2178 639 2210 Ἀλλως
655 2188 684 2205 τε
697 2179 761 2210 τοὺς
778 2179 858 2205 εὐλα-

70 2224 227 2258 ϐουμένους
257 2223 309 2258 τὴν
338 2223 498 2256 τελειότητα
525 2223 573 2250 τοῦ
601 2225 774 2259 χαρίσματος
799 2225 858 2251 δέον

72 2271 133 2298 ἐστὶ
147 2269 350 2305 φιλοτιμεῖσθαι
365 2270 465 2303 μᾶλλον
478 2270 524 2296 καὶ
541 2270 577 2305 μὴ
591 2270 763 2303 κολάζεσθαι,
781 2272 861 2306 εὐχα-

71 2317 224 2353 ριστεῖσθαι
241 2316 287 2342 καὶ
303 2315 340 2350 μὴ
364 2315 544 2347 τωθάζεσοαι,
559 2315 743 2351 κηρύττεσθαι
757 2317 804 2342 καὶ
823 2318 860 2353 μὴ

71 2360 324 2396 ἀποκηρύττεσθαι.
343 2359 374 2386 Ἦ
400 2359 449 2394 μὲν
464 2359 519 2392 γὰρ
528 2360 592 2394 περὶ
608 2359 642 2385 τὰ
661 2358 721 2385 θεῖα
734 2359 860 2385 εὐλάϐεια

70 2407 213 2440 συνίστησι
230 2405 526 2439 πίστεωςκαῡαρότητα
538 2412 545 2420 ”
560 2405 576 2438 ὴ
594 2403 616 2429 δ’
629 2405 672 2430 ἐπ’
683 2405 774 2434 aurei;
789 2405 859 2439 πρό-

70 2460 160 2488 χειρος
175 2452 338 2478 ἀνευλάόεια
353 2450 480 2481 ἀπιστίας
496 2451 644 2486 παρίστησι
663 2450 853 2485 κιὸδηλότητα.

104 2503 139 2533 γ’.
157 2497 223 2525 Εἶτά
239 2506 324 2534 φασι⁴
339 2498 496 2528 Παλαιστὰς
523 2498 571 2532 μὲν
590 2498 634 2524 καὶ
667 2499 729 2528 τοὺς
757 2497 855 2528 ἄλλους

70 2543 289 2579 ἀγωνιζομένους
303 2542 473 2578 παγκράτιον
484 2542 528 2568 διὰ
542 2541 669 2577 χρονικῆς
686 2542 856 2577 προθεσμίας

72 2591 158 2621 θέλεις
175 2589 360 2624 γυμνάζεσθαι
371 2596 379 2604 '
395 2588 457 2619 τοὺς
469 2588 497 2614 δὲ
520 2588 668 2614 πένταθλον
693 2587 859 2622 ἀναδεχομέ-

71 2645 133 2668 νους
151 2636 304 2671 αἰσθήσεσιν
317 2633 505 2664 ἀϐασανίστως
529 2634 694 2669 προτρέπεις
703 2632 741 2667 τῷ
754 2633 860 2664 ἐξεναν-

71 2684 131 2714 τίας
152 2681 379 2717 συμπλέκεσθαι·
396 2679 444 2706 καὶ
473 2680 526 2715 μὴν
545 2680 656 2710 τούτους
681 2678 780 2714 μᾶλλον
805 2678 858 2704 ἔδει

73 2729 142 2765 μετὰ
153 2728 316 2762 δοκιμασίας
327 2728 366 2759 εις
384 2727 428 2753 τὸν
439 2726 533 2760 ἀγῶνα
545 2727 593 2760 τῆς
609 2725 752 2759 ἀσκήσεως
765 2732 855 2757 παρα-

71 2775 205 2810 δέχεσθαι.
219 2774 333 2800 Ἐκεῖνοι
355 2773 402 2807 μὲν
428 2772 481 2807 γὰρ
503 2772 612 2806 ὁρατοῖς
639 2771 852 2805 ἁντιμάχονται,

108 2864 116 2878 ¹
132 2861 201 2888 Psal.
228 2869 263 2890 xi.
276 2861 301 2887 5.

913 1579 975 1605 vitae
996 1577 1141 1605 austeriori
1158 1583 1190 1603 ac
1215 1575 1360 1603 laboriosae
1377 1575 1532 1602 molliorem
1554 1578 1581 1600 et
1606 1572 1700 1600 labore

912 1627 1052 1651 carentem
1067 1623 1249 1657 praelaturos,
1271 1627 1379 1648 necnon
1398 1624 1532 1646 exuturos
1551 1616 1698 1644 monacha-

913 1669 965 1698 leni
982 1669 1126 1702 vestitum,
1148 1672 1230 1702 atque
1255 1667 1400 1694 induturos
1428 1671 1595 1700 purpureum
1619 1669 1700 1689 auro-

913 1724 966 1751 que
980 1715 1141 1743 distinctum
1155 1723 1162 1745 ;
1178 1713 1226 1741 sed
1245 1717 1272 1740 et
1292 1720 1401 1749 carnem
1416 1715 1589 1738 comesturos
1617 1714 1699 1742 atque

914 1760 1034 1795 legitime
1053 1766 1166 1787 uxorem
1184 1758 1339 1789 ducturos;
1357 1757 1379 1783 si
1397 1762 1511 1783 necesse
1530 1759 1622 1781 autem
1640 1754 1699 1780 fue-

914 1807 961 1839 rit,
982 1807 1063 1833 etiam
1090 1805 1269 1836 militaturos,
1286 1803 1409 1837 itemque
1423 1800 1531 1835 cingula
1550 1800 1698 1835 imperato-

913 1853 1016 1879 riarum
1037 1851 1198 1886 dignitatum
1217 1852 1420 1883 assumpturos.
1454 1847 1588 1881 Relinque
1613 1846 1697 1879 igitur

913 1897 1059 1933 praestituti
1081 1895 1212 1930 temporis
1223 1894 1339 1929 gratiam
1353 1893 1523 1920 inviolatam.
1537 1891 1617 1918 Forte
1625 1891 1698 1918 enim

912 1942 1071 1980 praeteribit,
1087 1949 1149 1969 cum
1156 1940 1256 1969 eodem
1271 1939 1416 1974 proposito
1429 1943 1504 1965 recta
1519 1945 1634 1965 currens
1645 1957 1652 1969 ,
1670 1940 1698 1963 et

912 1988 1042 2024 promissi
1056 1986 1228 2015 exactionem
1242 1983 1429 2012 conlirmabit.
1445 1983 1492 2010 Sin
1507 1987 1599 2009 autem
1613 1982 1698 2009 tradi-

912 2035 1012 2062 tionem
1033 2037 1132 2068 prazter
1157 2031 1268 2058 decreta
1289 2037 1385 2065 urges,
1413 2029 1466 2064 ipsi
1491 2029 1698 2061 nobismetipsis

910 2090 942 2110 ex
957 2078 1149 2116 resipiscentia
1167 2078 1369 2106 absolutionem
1385 2077 1544 2112 largiamur.
1558 2075 1694 2102 Praeterea

909 2128 957 2164 qui
979 2126 1155 2155 charismatis
1180 2124 1377 2160 perfectionem
1402 2128 1573 2156 reverentur,
1597 2122 1697 2149 debent

914 2174 1004 2209 potius
1032 2171 1219 2207 comprobari,
1237 2177 1320 2205 quam
1352 2169 1453 2203 puniri,
1475 2168 1623 2203 gratiarum
1651 2174 1697 2193 ac-

912 2222 1012 2248 tionem
1026 2218 1141 2249 reierre,
1159 2224 1214 2244 non
1230 2215 1366 2248 convicia,
1384 2214 1602 2250 praedicnri,non
1621 2213 1697 2239 abdi—

913 2265 982 2294 cari.
1001 2265 1030 2292 Si
1052 2264 1163 2299 quidem
1181 2269 1245 2296 erga
1265 2260 1443 2295 res,divinas,
1457 2259 1619 2291 reverentia,
1632 2259 1694 2285 lldei

911 2312 1058 2348 puritatem
1086 2308 1278 2339 commendat;
1301 2313 1362 2332 cum
1390 2310 1486 2332 contra
1510 2308 1636 2339 prompta
1665 2303 1692 2330 in

909 2366 957 2386 eas
982 2354 1180 2386 irreverentia,
1197 2351 1368 2380 inﬁdelitatis
1393 2351 1520 2379 exhibeat
1551 2354 1694 2385 corrupte-

945 2499 972 2525 3.
987 2494 1254 2530 Deinde,,inquiunt,
1271 2493 1421 2519 luctatores
1440 2490 1550 2525 quidem
1569 2490 1694 2522 alioﬁquo

913 2544 959 2579 qui
983 2541 1124 2578 pancratio
1148 2542 1276 2571 certant,
1308 2545 1357 2572 per
1393 2541 1501 2570 tempus
1532 2534 1702 2569 praeﬁnitum

910 2588 1033 2617 exerceri
1057 2587 1116 2619 vis;
1141 2593 1188 2613 eos
1205 2591 1271 2611 vero
1288 2582 1335 2618 qui
1361 2588 1494 2609 sensuum
1521 2579 1691 2614 peutathlum

911 2635 967 2661 sive
988 2630 1195 2667 quinquenium
1222 2628 1394 2662 suscipiunt,
1425 2626 1529 2659 absque
1557 2624 1692 2651 exercita-

909 2679 983 2705 tione
1010 2685 1071 2704 cum
1104 2675 1261 2703 adversario
1291 2672 1420 2708 congredi
1445 2670 1611 2706 compellis:
1644 2669 1693 2695 hos

910 2728 1000 2749 tamen
1021 2721 1107 2756 magis
1120 2719 1262 2755 oportebat
1285 2726 1346 2746 cum
1368 2717 1531 2753 probatione
1547 2714 1579 2742 ad
1596 2719 1692 2741 asceti-

907 2776 969 2796 cum
978 2771 1116 2796 certamen
1132 2767 1284 2794 admittere.
1295 2765 1335 2792 llli
1351 2764 1483 2799 siquidem
1503 2771 1565 2789 cum
1581 2761 1693 2788 visibili-
