4214 6438
737 393 799 450 l9
1958 415 2235 477 Tusoo.
2280 417 2671 477 BALSAMON
3835 398 3908 459 9°

729 520 745 547 ι
789 503 905 556 bilis
922 504 1164 562 Ecclesia)
1187 513 1437 573 Romanae
1451 521 1730 589 episcopus
1752 524 2074 586 Bonifacius,
2094 527 2277 594 utipse
2306 535 2349 588 Α
2386 547 2393 575 ε

2250 545 2277 582 e
2306 535 2349 588 Α
2386 544 2404 576 ι
2443 525 2690 593 οὐδαμῶς
2710 525 2941 593 εὖρομεν
2964 520 3156 573 ταῦτα.
3187 517 3373 583 Ὅμως
3401 514 3545 581 ἡμᾶς
3576 510 3709 580 πρὸς
3730 506 3909 568 ὀλίγον

723 605 743 638 ι
771 605 980 684 quoque
1015 597 1259 663 dignetur
1298 608 1364 658 ad
1393 619 1711 663 memoratas
1768 613 2029 666 Ecclesias
2078 614 2282 684 aliquos

2256 647 2282 684 s
2389 631 2407 662 ‘
2446 613 2789 677 φυλάξοντας.
2815 612 2889 668 ὥς
2922 609 3199 675 προεῖπον,
3234 604 3337 663 ἕως
3380 595 3439 653 οὗ
3469 599 3536 652 τὰ
3582 594 3767 661 έντελῆ
3793 594 3916 684 λῐσα

724 694 742 767 ι
772 677 1003 767 mittere,
1036 686 1123 749 qui
1154 690 1335 741 eadem
1367 694 1710 766 exemplaria,
1756 697 1901 763 iuxta
1937 699 2024 750 illa
2056 677 2179 766 «μιαί
2211 677 2282 751 ab

2251 677 2282 751 [ἶ
2388 720 2406 752 ι
2448 703 2689 764 ἔλθωσιν,
2762 696 3147 767 ὁμολογοῦμεν.
3228 692 3539 759 Ὀφείλομεν
3592 686 3646 738 δὶ
3699 681 3915 747 αἰτῆσαι

721 766 736 792 ⁸
772 763 884 830 ipso
906 770 1101 836 scripta
1125 784 1266 837 sunt,
1293 778 1535 832 afferant.
1562 763 1707 835 Nunc
1734 795 1909 838 autem
1933 763 2085 838 dictas
2116 787 2281 839 Nicae-

720 868 741 899 α
776 868 855 951 na
873 861 1205 929 synodi,quae
1226 865 1493 934 habemus,
1512 873 1834 941 exemplaria
1858 876 1989 928 actis
2018 876 2132 929 istis
2154 891 2280 929 con-

718 956 741 987 ε
774 957 1075 1009 iungemus.
1136 968 1154 999 ι

724 1050 741 1080 ι
777 1035 1050 1099 νευθείσας
1096 1042 1417 1113 Ἐκκλησίας
1449 1053 1653 1104 στεῖλαί
1702 1071 1873 1115 τινας.

2387 809 2405 841 ι
2452 790 2742 857 γράμμασι
2770 787 3057 855 ἡμετέροις
3085 781 3294 834 καὶτὸν
3342 774 3784 845 σεσασμιῶτατον
3816 770 3914 857 τῆς

2385 896 2403 928 ε
2452 856 2769 943 Ἐκκλησίας
2811 874 3027 942 Ῥώμης
3050 872 3349 923 ὶπίσκοπον
3414 862 3766 932 Βονηφάτιον,
3825 856 3916 907 ῐνα

2386 984 2405 1015 ι
2446 968 2538 1017 καὶ
2562 965 2719 1025 αὐτὸς
2757 962 2954 1031 ὁμοίως
2981 958 3295 1028 καταξιώσῃ
3350 956 3483 1024 πρὸς
3542 951 3642 1012 τάς
3709 959 3920 1015 μνημο-

1957 1054 2267 1120 ὀφείλοντας
2333 1060 2397 1109 τὰ
2458 1058 2595 1109 αύτά
2626 1058 2714 1108 ίσα
2742 1055 2882 1107 κατά
2913 1053 2982 1103 τὰ
3014 1053 3146 1119 παρ’
3208 1047 3371 1101 αὑτοῦ
3438 1042 3720 1111 γραφέντα
3782 1037 3920 1101 ἀγα·

720 1143 737 1172 ⁴
779 1129 912 1188 γεῖν.
947 1128 1059 1179 Νῦν
1086 1130 1138 1183 δὲ
1170 1134 1265 1201 τῆς
1298 1140 1759 1209 μνημονευθείσης
1780 1143 1837 1193 ὲν
1872 1143 2078 1212 Νικαίᾳ
2131 1144 2368 1204 συνόδου,
2442 1144 2584 1202 ἀπερ
2644 1142 2858 1210 ἔχομεν,
2924 1140 3017 1191 ίσα
3077 1138 3189 1198 τοῖς
3251 1130 3655 1200 πεπραγμένοις
3709 1124 3922 1184 τούτοις

721 1235 737 1263 ι
775 1217 1119 1287 συζεύξομεν.
1160 1242 1177 1275 ι

790 1302 1113 1373 FauSIinus,
1168 1311 1422 1368 Ecclesia:
1488 1318 1735 1372 Romanae
1811 1324 2051 1388 legatus,
2114 1323 2280 1376 dixit:

718 1420 734 1450 ι
767 1399 948 1453 Vestra
974 1402 1227 1453 sanctitas
1249 1404 1445 1454 nullum
1467 1404 1717 1459 Romana:
1740 1406 1982 1461 Ecclesia:
2004 1410 2124 1462 facit
2150 1425 2284 1475 pre-

718 1508 735 1537 ε
781 1489 1058 1555 judicium,
1094 1492 1206 1543 sive
1261 1493 1325 1544 de
1373 1495 1471 1546 hoc
1530 1496 1785 1561 capitulo,
1836 1497 1948 1549 sive
1991 1500 2054 1550 de
2111 1499 2277 1549 aliis:

718 1594 736 1622 ε
773 1576 1205 1640 quandoquidem
1240 1581 1445 1631 censuit
1484 1580 1644 1633 frater
1670 1594 1855 1635 noster
1896 1594 1947 1635 et
1991 1584 2275 1636 commini-

718 1682 734 1711 ι
771 1671 881 1716 ster
898 1664 1119 1733 Alypius
1142 1666 1333 1720 dubios
1348 1684 1464 1722 esse
1487 1686 1738 1724 canones.
1763 1671 1865 1725 Sed
1897 1673 2009 1725 hac
2038 1675 2268 1726 sanctis-

717 1771 736 1801 ε
777 1753 912 1805 simo
941 1764 993 1806 et
1028 1755 1340 1811 beatissimo
1366 1775 1513 1827 papae
1542 1771 1721 1814 nostro
1743 1763 1976 1815 scribere
2000 1761 2265 1829 dignemi-

2455 1320 2741 1369 Φαυστϊνοε
2770 1312 3138 1382 τοποτηρητὴς
3169 1311 3265 1378 τῆς
3302 1308 3516 1375 Ῥώμης
3566 1299 3684 1355 εἷπε
3716 1318 3732 1333 ο
3769 1318 3788 1351 ι
3827 1299 3929 1352 Οὐ-

2391 1428 2407 1457 ε
2455 1406 2541 1457 δὲν
2577 1407 2608 1471 ἠ
2642 1405 2883 1472 ὑμετέρα
2908 1399 3185 1467 ἀγιωσύνη
3206 1400 3489 1467 πρόκριμα
3519 1394 3662 1445 ποιεί
3690 1393 3754 1457 τῇ
3801 1389 3927 1440 Ἐκ-

2389 1516 2406 1547 ι
2445 1495 2647 1563 κλησίᾳ
2691 1492 2929 1560 Ῥώμης.
2965 1492 3070 1543 εἴτε
3107 1489 3235 1556 περὶ
3259 1486 3447 1538 τούτου
3478 1483 3571 1535 τοῦ
3604 1478 3925 1546 κεφαλαίου,

2382 1604 2400 1634 ι
2438 1586 2541 1636 εῐτε
2570 1584 2696 1650 περὶ
2725 1583 2896 1635 ἀλλων
2924 1598 2937 1611 ο
2976 1579 3160 1645 έπειδὴ
3192 1578 3422 1643 ἠξίωσεν
3480 1574 3507 1624 ὀ
3560 1570 3788 1637 ἀδελφὸς
3834 1566 3929 1619 καὶ

2381 1690 2398 1721 ι
2440 1672 2845 1740 συλλειτουργδς
2874 1670 3031 1739 ἡμῶν
3105 1666 3357 1728 Ἀλύπιος
3400 1661 3729 1731 ἀμφιϐόλους
3788 1653 3929 1709 εἶναι

2375 1778 2393 1809 ι
2439 1762 2565 1821 τοὺς
2605 1760 2857 1820 κανόνας.
2909 1759 3068 1812 Ἀλλά
3094 1755 3283 1809 ταῦτα,
3301 1754 3435 1823 πρὸς
3483 1752 3573 1803 τὸν
3624 1748 3931 1814 ἁγιώτατον

717 1857 733 1887 ι
778 1841 851 1902 ni,
882 1852 935 1894 nt
960 1845 1055 1907 sic,
1080 1860 1198 1898 cum
1225 1858 1398 1900 vestra
1431 1851 1711 1900 sanctitate
1764 1852 1993 1914 integros
2027 1862 2262 1901 canones
2372 1868 2381 1898 ι

2372 1868 2390 1898 ι
2437 1849 2532 1900 καὶ
2589 1848 3002 1917 μακαριώτατον
3066 1848 3294 1899 πάππαν
3350 1842 3504 1909 ἡμῶν
3543 1838 3749 1907 γράψαι
3798 1852 3930 1888 κατ-

717 1946 734 1977 ι
767 1933 1106 1997 conquirens,
1142 1935 1223 2000 Ide
1267 1937 1517 1989 omnibus
1547 1936 1773 1989 decretis
1826 1941 2035 1990 tractet.
2065 1933 2269 1988 Sufficit
2375 1954 2381 1981 ι

2375 1953 2392 1983 ι
2440 1933 2732 1998 αξιὼσατε,
2767 1934 2853 1985 ἴνα
2872 1935 2967 1985 καὶ
2991 1933 3160 1992 οὕτως
3190 1930 3514 1998 ὁλοκλήρους
3540 1929 3663 1989 τοὺς
3689 1924 3921 1985 κανόνας
3972 1921 3975 1925 ’

717 2035 736 2067 ι
772 2022 910 2071 enim
955 2028 1028 2083 ut,
1089 2026 1534 2089 quemadmodum
1560 2034 1735 2077 vestra
1766 2026 2021 2077 sanctitas
2049 2023 2185 2089 apud
2206 2036 2263 2074 se
2373 2043 2381 2071 ι

2262 2048 2263 2067 ι
2373 2042 2389 2072 ι
2430 2022 2678 2088 συζητῶν
2740 2022 2880 2089 μετὰ
2945 2022 3043 2089 τῆς
3101 2020 3373 2087 ὑμετέρας
3436 2015 3745 2091 ἁγιωσύνης
3798 2014 3926 2080 περὶ

717 2123 735 2153 ο
779 2118 993 2169 tractat.
1041 2114 1116 2166 sic
1144 2122 1196 2166 et
1221 2114 1330 2179 ipse
1364 2129 1456 2181 per
1487 2116 1720 2180 seipsum
1748 2115 2053 2181 conquirat,
2090 2128 2153 2164 ne
2186 2112 2269 2163 in.

716 2217 733 2247 ο
759 2210 837 2251 ter
869 2200 1134 2255 Ecclesias
1156 2204 1331 2270 aliqua
1354 2206 1622 2256 contentio
1648 2203 1920 2255 exoriatur
1946 2219 1961 2264 ;
1987 2202 2077 2254 sed
2098 2202 2271 2267 potius

719 2305 738 2336 ε
770 2287 1000 2341 fraterna
1033 2292 1311 2345 dilectione
1341 2277 1652 2356 consulatis,
1679 2307 1742 2345 eo
1766 2292 2113 2353 rescribente,
2144 2289 2270 2357 quid

719 2392 736 2423 ι
772 2378 955 2429 melius
987 2380 1262 2433 observari
1297 2381 1469 2434 debet.
1506 2399 1524 2430 ι

716 2575 735 2607 ι
769 2560 929 2621 τόνως
965 2560 1318 2629 φυλαχθῆναι.
1364 2580 1381 2611 ι
1952 2590 1955 2593 π

1089 2657 1332 2711 Aurelius
1354 2659 1617 2725 episwpats
1645 2659 1774 2711 disi!
1790 2673 1809 2711 :

784 2762 803 2796 ι
843 2743 1042 2797 Ρτιειεε
1088 2759 1173 2808 ea,
1198 2761 1315 2814 qua:
1346 2748 1397 2800 in
1429 2748 1563 2801 actis
1603 2746 1995 2815 proposuimus,
2046 2758 2267 2799 necesse

714 2847 741 2882 ε
775 2842 875 2893 εδι,
904 2841 961 2885 ut
994 2833 1187 2887 litteris
1209 2851 1417 2901 quoque
1445 2848 1641 2891 nostra!
1670 2836 1948 2903 parvitatis
1982 2833 2263 2888 sanctissi-

718 2938 737 2968 ι
772 2934 857 2973 mo
885 2922 1032 2973 fratri
1067 2932 1249 2976 nostro
1294 2936 1345 2976 et
1374 2940 1645 2978 sacrorum
1686 2924 2055 2977 comministro
2105 2922 2266 2974 Boni-

715 3028 736 3059 ι
772 3008 907 3064 facio
938 3014 1136 3075 omnia,
1160 3028 1274 3080 qua:
1301 3025 1607 3075 tractamus,
1644 3014 1947 3079 plenissime
1967 3013 2271 3080 significen-

717 3115 731 3145 ι
766 3106 873 3153 tur.
900 3101 1117 3169 Anergo
1144 3113 1323 3155 nostra
1352 3103 1596 3156 onmibus
1618 3102 1825 3169 placeat
1865 3101 2267 3170 consequentia,

712 3207 734 3238 ε
770 3204 833 3243 ex
893 3205 986 3244 ore
1042 3194 1278 3245 omnium
1339 3193 1634 3248 discamus.
1700 3212 1717 3244 ι

1015 3363 1267 3418 Universos
1300 3367 1525 3435 synodus
1556 3368 1709 3443 dixit.
1732 3368 1929 3421 Placet.

785 3451 1016 3511 Novatus
1066 3457 1376 3526 episcopus,
1433 3456 1761 3510 Mauritaniae
1809 3456 2072 3510 Sitifensis
2129 3456 2271 3525 lega-

710 3550 1007 3611 tus.dixit:
1049 3568 1067 3600 ι
1115 3550 1449 3602 Meminimus
1506 3550 1748 3615 equidem
1787 3549 1886 3601 hoc
1917 3549 2271 3601 commonito-

715 3664 731 3693 ι
776 3644 912 3695 rium
951 3643 1015 3693 de
1040 3641 1389 3708 presbyteris,
1426 3648 1480 3690 et
1505 3647 1760 3702 praeterea
1792 3639 1856 3691 de
1886 3638 2123 3691 diacouis
2169 3637 2199 3689 fi
2223 3653 2274 3690 r-

717 3749 739 3780 ε
777 3742 861 3783 me
880 3728 1177 3787 continere,
1209 3727 1435 3795 qualiter
1464 3727 1691 3777 debeant
1731 3742 1759 3778 a
1802 3727 2031 3792 propriis
2061 3726 2271 3793 episco-

714 3836 735 3870 ε
779 3819 878 3881 pis,
904 3817 983 3868 vel
1011 3817 1075 3868 ab
1112 3816 1173 3867 iis
1205 3816 1293 3880 qui
1353 3824 1476 3867 sunt
1509 3814 1739 3873 ﬁnitimi,
1784 3814 1988 3875 audiri;
2034 3816 2171 3880 quod
2221 3815 2271 3866 in

714 3921 732 3952 ι
773 3901 979 3955 Nicena
1012 3904 1214 3969 synodo
1257 3917 1587 3969 nequaquam
1621 3900 1863 3968 legimus.
1896 3890 2198 3968 Propterea
2224 3902 2271 3954 id

714 4012 732 4043 ι
764 3994 967 4060 jnbebit
1002 3984 1177 4045 vestra
1210 3992 1466 4044 sanctitas
1491 3993 1609 4060 legi.
1645 4010 1660 4041 ι

779 4172 1019 4225 Aurelius
1039 4172 1316 4237 episcopus
1343 4170 1501 4223 dixit:
1524 4189 1540 4219 ι
1564 4170 1754 4223 Coram
1781 4172 1982 4240 legatur
2012 4175 2109 4227 hoc
2142 4188 2274 4242 quo-

717 4282 737 4315 ι
780 4277 883 4331 que
910 4263 1053 4330 quod
1084 4262 1359 4327 qnmritur.
1412 4279 1429 4310 ι

1175 4350 1359 4402 Daniel
1382 4351 1614 4403 notarius
1640 4351 1756 4420 legit
1778 4368 1791 4403 :

794 4458 813 4493 ι
857 4440 928 4494 De
953 4440 1399 4509 appellationibus
1428 4450 1603 4493 autem
1647 4440 1989 4504 clericorum,
2028 4442 2127 4498 hoc
2159 4453 2262 4507 est,

2294 4372 2346 4430 D

2380 2131 2396 2161 ι
2431 2112 2648 2163 πάντων
2678 2111 2784 2162 τῶν
2822 2110 3149 2178 ὀρισθέντων
3174 2108 3502 2177 τρακταῖση.
3570 2104 3756 2171 ’Δρκεί
3820 2099 3928 2169 γὰρ

2382 2222 2399 2251 ι
2436 2204 2522 2253 ἵνα
2556 2200 2739 2264 καθὼς
2765 2201 3005 2269 ὑμετέρα
3061 2198 3337 2266 ἀγιωσύνη
3394 2196 3523 2263 παρ’
3576 2194 3742 2259 ἑαυτῇ
3800 2206 3932 2258 τρα-

2386 2311 2402 2341 ι
2438 2293 2674 2355 κταῖζει,
2708 2292 2850 2343 οὕτω
2880 2294 2974 2344 καὶ
2997 2292 3157 2351 αὐτὸς
3201 2289 3322 2360 καθξ
3371 2286 3561 2341 ἑαυτὸν
3621 2280 3923 2351 συζητήσῃ.

2385 2399 2402 2430 ⁸
2442 2382 2663 2449 μήπως
2722 2381 3017 2448 φιλονεικία
3068 2378 3268 2447 μεταξὺ
3311 2377 3419 2430 τῶν
3458 2374 3793 2442 Ἐκκλησιῶν
3839 2387 3925 2439 τις

612 2508 617 2514 .
714 2482 736 2516 ε
779 2466 1029 2537 ἀναφυῇο
1088 2469 1221 2521 ἀλλά
1306 2470 1505 2539 μᾶλλον
1571 2470 1831 2542 ἀδελφικῇ
1893 2470 2081 2538 ἀγάπῃ
2144 2467 2553 2537 βουλεύσασθαι,
2628 2472 3052 2540 ἀντιγράφοντος
3120 2467 3310 2529 αὐτοῦ,
3372 2466 3425 2519 τί
3481 2466 3685 2534 ὀφείλει
3747 2477 3933 2533 κρειτ-

2718 2648 3015 2715 Αὐρήλιος
3041 2647 3377 2710 ἐπίσκοπος
3408 2639 3561 2695 εἴπεο

2445 2759 2463 2791 ι
2517 2740 2702 2801 Ἐκτδς
2736 2731 2809 2791 ὧν
2838 2737 3262 2807 προτεθείκαμεν
3288 2737 3345 2787 ὲν
3373 2736 3483 2794 τοῖς
3502 2730 3928 2799 πεπραγμένοις,

2374 2849 2392 2881 ι
2430 2832 2642 2897 ἀνάγκη
2668 2828 2787 2880 carl.
2840 2829 2933 2879 καὶ
2963 2827 3252 2895 γράμμασι
3314 2824 3415 2892 τῆς
3461 2820 3739 2890 ἡμετέρας
3803 2814 3932 2883 βρα·

2376 2941 2393 2971 ι
2436 2922 2663 2989 χύτητοε
2694 2917 2772 2987 τῷ
2813 2916 3097 2985 ἁγιωτάτῳ
3148 2914 3361 2983 ἀδελφῷ
3396 2914 3491 2965 καὶ
3537 2906 3932 2978 συλλειτουργῷ

2380 3032 2397 3062 ι
2430 3010 2583 3078 ἡμῶν
2638 3007 2957 3077 Βονηφατίῳ
3013 3008 3216 3069 πάντα,
3274 3006 3376 3057 δσα
3437 3000 3803 3070 ψηλαφῶμεν,
3852 2999 3932 3058 είς

2380 3117 2397 3148 ι
2435 3098 2633 3166 πλῆρες
2666 3097 2958 3165 έμφανίσαι
2994 3094 3128 3145 ἐὰν
3191 3092 3370 3146 τοίνυν
3420 3092 3583 3143 πᾶσιν
3631 3089 3838 3157 ἀρέσκῃ
3895 3088 3928 3154 ἠ

2380 3189 2701 3256 «ἡμετέρα
2794 3182 3247 3254 έπακολούθησις,
3342 3182 3605 3252 μάθωμεν
3698 3179 3929 3245 στόματι

2378 3296 2396 3329 ι
2439 3280 2669 3331 πάντων.
2702 3295 2720 3327 ι

2544 3370 2838 3435 Σύμπασα
2868 3370 2903 3433 ἡ
2936 3366 3197 3429 σύνοδος
3221 3359 3411 3418 εἴπεν-θ
3458 3361 3748 3435 Ἀρέσκειο

2442 3458 2687 3521 Ναυιιτος
2750 3458 3043 3516 έπίσκοπος
3084 3494 3100 3520 ,
3134 3451 3507 3520 τοποτηρητὴς
3553 3446 3927 3517 Μαυριτανίας

2374 3546 2719 3613 Σιτιφένσης,
2775 3542 2926 3597 εῐπε·
2971 3564 2989 3596 ι
3029 3539 3373 3608 Μεμνήμεθα
3444 3537 3625 3589 τοίνυν
3687 3531 3929 3585 τοῦτο-ιδ

2386 3656 2404 3687 ι
2445 3636 2879 3706 κομμονιτώριον
2908 3634 3039 3703 περὶ
3066 3628 3471 3702 πρεσϐυτέρων,
3527 3626 3606 3677 ἔτι
3659 3624 3765 3693 μὴν
3811 3622 3929 3673 δια-

2379 3745 2398 3777 ι
2434 3728 2605 3780 κόνων
2637 3728 2712 3788 ὡς
2780 3726 3076 3794 περιέχειν,
3133 3722 3250 3783 πῶς
3307 3717 3614 3785 ὀφείλουσιν
3669 3713 3776 3767 ἀπὸ
3821 3710 3930 3761 τῶν

2378 3837 2395 3868 ι
2436 3819 2582 3870 ίδίων
2608 3818 2927 3869 ἐπισκόπων
2980 3815 3012 3885 ἢ
3053 3814 3117 3865 ἑκ
3176 3811 3281 3863 τῶν
3350 3806 3692 3876 ὁμορούντων
3734 3801 3930 3855 ἀκούε-

2378 3926 2395 3957 ι
2435 3906 2578 3969 σθαι,
2598 3908 2735 3975 ὅπερ
2754 3908 2811 3958 έν
2828 3907 2890 3973 τῇ
2930 3901 3184 3955 Νικαέων
3205 3897 3406 3966 συνόδῳ
3434 3892 3687 3962 οὐδαμῶς
3712 3890 3922 3954 ἀνέγνω

2378 4015 2395 4047 ι
2438 4014 2535 4063 μεν
2567 4012 2580 4025 ·
2614 3996 2693 4047 διδ
2718 3995 2875 4047 τοῦτο
2902 3993 3031 4045 αὐτὸ
3051 3988 3294 4043 κελεύσει
3322 3988 3355 4057 ἡ
3382 3983 3627 4054 ὑμετέρα
3651 3978 3927 4049 ἀγιωσύνη

2377 4107 2393 4136 ι
2434 4084 2861 4152 ἀναγνωσθῆναι.
2897 4100 2915 4133 ι

2440 4174 2705 4243 Αὐρήλιος
2749 4172 3045 4232 ἐπίσκοπος
3068 4164 3223 4221 εἶπεν
3259 4180 3272 4193 ⁸
3316 4185 3334 4218 ι
3376 4159 3810 4231 ’Δναγνωσθήτω
3832 4157 3927 4215 ιπι

2383 4283 2400 4312 ε
2440 4266 2603 4316 τόπου
2628 4263 2719 4313 καὶ
2750 4260 2905 4312 τοῦτο
2935 4265 2996 4311 se
3020 4259 3371 4327 ζητούμενον.
3414 4272 3433 4307 ι

2740 4349 2961 4417 Δανιὴλ
3015 4348 3289 4415 νοτάριος
3313 4345 3563 4413 ἀνέγνωο

2450 4466 2465 4494 ι
2506 4444 2637 4513 Περὶ
2668 4444 2945 4508 ἐκκλήτων
2986 4442 3042 4493 δὲ
3073 4439 3369 4508 κληρικῶν,
3425 4437 3567 4489 τοῦτ’
3644 4437 3778 4512 ἔστι,
3834 4432 3928 4486 τοῦ

713 4551 735 4584 ι
780 4532 1001 4585 minoris
1027 4530 1147 4592 loci,
1199 4540 1343 4583 certa
1374 4538 1457 4583 cst
1509 4531 1692 4599 synodi
1722 4532 2121 4598 responsio:de
2168 4548 2270 4600 qua
2366 4554 2377 4571 ε

2261 4549 2270 4583 I
2366 4552 2396 4582 -ι
2432 4505 2657 4601 ἥττονος
2682 4505 2870 4593 τόπου,
2898 4531 2999 4598 τῆς
3062 4505 3279 4581 συνόδου
3340 4526 3533 4596 βεϐαία
3582 4505 3730 4578 ἐστὶν
3789 4525 3925 4577 ἀπό-

713 4644 728 4674 ι
757 4625 882 4692 quid
901 4622 1075 4678 velitis
1092 4636 1249 4689 agere
1268 4621 1603 4675 inserendum
1620 4622 2004 4685 existimamus,
2020 4624 2270 4692 quoniam

712 4733 728 4763 ι
754 4716 828 4768 sic
854 4715 922 4767 di.
944 4725 1052 4769 tum
1081 4722 1182 4769 est.
1204 4732 1221 4763 ι
1559 4696 1571 4706 ’

776 4804 934 4872 512
967 4803 1127 4857 Osius
1165 4802 1449 4870 episc0pus
1492 4803 1626 4855 dixit
1663 4820 1676 4854 :
1729 4822 1745 4852 ι
1778 4803 1929 4867 Quod
1965 4818 2049 4856 me
2098 4803 2271 4857 adhuc

710 4911 727 4941 ε
763 4902 955 4950 inuvet,
994 4900 1174 4943 tacere
1206 4905 1309 4942 non
1344 4890 1532 4944 debeo.
1562 4890 1617 4943 Si
1649 4891 1771 4955 quis
1810 4891 1945 4944 forte
1977 4892 2268 4945 iracundus

702 5000 727 5031 τ
749 4981 1031 5050 episcopus
1052 4982 1213 5047 (quod
1243 4995 1361 5034 esse
1379 4997 1484 5033 non
1510 4980 1689 5046 debet)
1710 4982 1967 5035 adversus
1988 4984 2266 5051 presbyte-

699 5093 725 5119 4
764 5088 877 5125 rum
905 5071 983 5124 vel
1017 5070 1298 5123 diaconum
1325 5086 1478 5123 suum
1508 5072 1614 5123 cito
1640 5072 1721 5123 vel
1753 5072 1911 5124 etiam
1939 5087 2126 5140 aspere
2155 5086 2267 5125 mo-

710 5182 723 5211 ι
764 5175 869 5223 tus,
888 5178 1007 5215 eum
1036 5177 1061 5212 a
1090 5161 1301 5230 propria
1319 5161 1542 5214 ecclesia
1571 5177 1851 5230 segregare
1866 5162 2113 5223 voluerit,
2140 5178 2265 5231 pro-

708 5272 723 5301 ε
762 5251 1043 5305 videndum
1067 5262 1167 5313 est,
1201 5265 1265 5303 ne
1288 5252 1404 5303 sine
1430 5267 1587 5304 causa
1612 5254 2020 5314 condemnetur,
2046 5253 2123 5304 vel
2145 5267 2265 5321 per-

707 5361 725 5392 ε
759 5342 1296 5394 datcommunionem
1336 5360 1347 5392 :
1382 5342 1571 5394 habeat
1598 5358 1725 5409 ergo
1770 5351 2089 5410 p0testalem
2149 5342 2259 5410 eje-

707 5454 723 5484 ι
757 5445 873 5487 ctus
918 5432 1171 5486 finitimos
1214 5434 1522 5493 accedendi,
1557 5440 1610 5483 ut
1643 5447 1800 5485 causa
1856 5434 1972 5499 ejus
2013 5435 2261 5485 audiatur

700 5547 720 5575 ι
770 5535 822 5578 et
852 5525 1157 5590 diligentius
1180 5532 1459 5576 tractetur.
1484 5521 1541 5574 Ei
1570 5522 1712 5575 enim
1747 5524 1953 5589 roganti
1980 5522 2254 5574 audientis

706 5635 723 5661 ι
766 5630 868 5668 ιιοιι
903 5625 983 5667 est
1011 5615 1321 5684 deneganda
1364 5633 1374 5667 :
1432 5614 1558 5681 quin
1616 5623 1666 5666 ct
1704 5613 1789 5667 ille
1824 5616 2132 5682 episcopus,
2164 5615 2253 5682 qui

707 5727 727 5755 ι
754 5722 892 5771 eum,
928 5707 1038 5760 sive
1065 5706 1184 5773 jure
1208 5706 1318 5759 sive
1337 5705 1551 5774 injuria,
1576 5704 1755 5771 ejeclt,
1776 5720 1889 5760 rem
1936 5706 2131 5761 discuti
2159 5722 2255 5775 pa-

2380 4642 2398 4672 ι
2434 4640 2614 4690 κρισις
2644 4639 2658 4653 ·
2689 4622 2816 4691 περὶ
2840 4618 2906 4693 ἧς
2936 4622 2989 4673 τί
3022 4622 3245 4689 μέλλετε
3295 4619 3552 4687 πράττειν
3592 4615 3923 4685 ἡγησάμεθα

2376 4732 2393 4764 ι
2432 4713 2664 4779 ὀφείλειν
2694 4715 2967 4781 ὲναγῆναι,
3045 4710 3231 4779 ἐπειδὴ
3270 4708 3443 4770 οὕτως
3490 4708 3758 4760 λέλεκται.
3791 4725 3808 4757 ι

2446 4806 2632 4865 Ὀσιος
2655 4803 2951 4865 ἐπίσκοπος
2982 4797 3105 4855 εἷπε
3126 4818 3139 4833 ο
3161 4821 3179 4853 ι
3201 4801 3277 4854 Τὸ
3303 4800 3381 4853 ἔτι
3416 4800 3597 4852 κινοῦν
3622 4817 3687 4868 με
3715 4799 3925 4865 σιωπῆ-

2373 4912 2393 4945 ι
2442 4912 2527 4947 σαι
2556 4895 2657 4947 οὑκ
2686 4893 2906 4962 ὀφείλω.
2944 4893 3069 4945 Ἐάν
3095 4910 3179 4955 τις
3211 4892 3375 4959 τυχὸν
3451 4891 3748 4950 έπίσκοπος
3770 4889 3921 4958 ὀργίο

2374 5004 2392 5037 ι
2428 4986 2540 5049 λος,
2584 4986 2721 5056 ὅπερ
2779 4985 2877 5036 οὐκ
2934 4983 3159 5049 ὀφείλει,
3187 4984 3393 5051 ταχέως
3446 4982 3480 5049 ἢ
3542 4982 3633 5032 καὶ
3677 4981 3925 5048 τραχέως

2373 5094 2391 5126 ι
2431 5075 2674 5144 κινηθεὶς
2733 5076 2871 5126 κατά
2922 5074 3295 5143 πρεσϐυτέρου
3372 5072 3405 5141 ἢ
3460 5072 3706 5125 διακόνου
3764 5072 3918 5136 ίδὶου,

2375 5187 2391 5217 ι
2432 5166 2698 5235 ἀφορίσαι
2742 5164 2931 5216 τοῦτον
2979 5165 3075 5230 τῆς
3127 5164 3258 5224 ίδίας
3312 5162 3526 5230 θελήσοι
3601 5163 3916 5231 έκκλησίας,

2374 5276 2391 5307 ι
2430 5256 2759 5325 προνοητέον
2797 5256 2964 5315 ἐστὶν,
3023 5255 3110 5306 ἴνα
3147 5256 3219 5324 μὴ
3274 5254 3529 5315 ἀναιτίως
3578 5252 3910 5320 κατακριθῇ,

2372 5366 2389 5397 ι
2439 5346 2741 5414 ῆάπολέσῃ
2766 5345 2863 5411 τὴν
2886 5345 3173 5397 κοινωνίαν
3208 5361 3223 5375 ο
3276 5344 3447 5413 ἐχέτω
3516 5338 3608 5396 οὖν
3669 5340 3919 5401 έεουσίαν

2371 5457 2387 5487 ι
2427 5436 2713 5505 ἐκϐληθεὶς
2742 5436 3059 5505 προσελθεῖν
3090 5439 3201 5498 τοῖς
3236 5438 3481 5505 ὁμόροις,
3529 5434 3667 5486 ὥστε
3743 5434 3913 5484 ἀκου-

2371 5543 2389 5575 ι
2430 5524 2621 5592 σθῆναι
2662 5524 2761 5593 τὴν
2821 5524 2998 5577 αἰτίαν
3074 5526 3263 5589 αὑτοῦ,
3329 5526 3421 5578 καὶ
3480 5524 3905 5591 ἐπιμελέστερον

2372 5633 2389 5665 ι
2426 5613 2967 5683 ψηλαφηθῆναι.ούκ
3014 5615 3216 5681 ὀφείλει
3276 5615 3385 5682 γὰρ
3464 5612 3611 5681 αύτῷ
3661 5627 3913 5679 παρακα-

2372 5724 2388 5755 ι
2427 5704 2603 5756 λοῦντι
2637 5704 2857 5771 ὑπακοὴ
2887 5704 3185 5773 ἀρνηθῆναι
3224 5721 3235 5734 ·
3270 5707 3515 5765 κάκεῖνος
3545 5703 3599 5756 δὲ
3633 5706 3659 5754 ὀ
3699 5702 3919 5752 ἐπίστιος-
