4214 6438
704 438 776 498 39
1976 429 2077 487 ΤΗ
2087 426 2183 487 ΕΟ
2194 427 2262 485 D.
2304 426 2393 485 ΒΑ
2403 426 2705 490 ιεΑδιοΝ
3895 450 3966 513 ιο

691 545 768 600 De
818 558 915 599 sua
966 543 1110 597 enim
1164 540 1426 611 dignitate
1487 540 1541 595 in
1587 538 1886 609 periculum
1935 540 2135 606 veniet,
2171 540 2265 593 hoc

2380 536 2703 635 έκφεύξεται
2740 539 2836 635 τὸν.
2867 541 3135 600 κίνδυνον.
3174 547 3525 608 Κινδυνεύσει
3563 558 3673 629 γάρ
3712 561 3841 632 περὶ
3873 566 3969 635 τὴν

690 647 793 694 est.
846 635 1168 700 deponetur.

758 722 1014 779 ZONAR.
1042 722 1175 777 Cum
1200 724 1266 776 de
1312 720 1693 776 interdicendo
1743 720 1959 776 clericis
1988 718 2265 774 fenerat-io

688 825 897 887 qna-stu
948 816 1035 869 bic
1091 828 1266 867 canon
1319 824 1543 866 acturus
1572 812 1665 876 sit,
1720 810 1789 866 de
1838 810 2065 865 avaritia
2100 813 2275 879 primo

688 908 933 971 disserit,
982 920 1211 974 eamque
1259 904 1502 959 omnium
1557 904 1819 959 malorum
1868 913 2147 973 parentem
2179 918 2276 972 ap-

687 998 868 1065 pellat,
896 997 1409 1061 continendamque,
1454 996 1558 1049 hoc
1600 1005 1687 1049 est
1722 996 2077 1049 coercendam
2111 1005 2274 1064 atque

687 1090 1075 1157 umputandam
1106 1103 1229 1143 esse
1258 1087 1523 1153 decernit,
1561 1102 1628 1142 ne
1666 1102 1755 1141 res
1785 1087 1992 1141 alienas
2026 1086 2269 1153 invadat,

684 1178 877 1248 eisque
927 1181 1203 1233 abutatur.
1254 1179 1498 1233 Abnsum
1531 1191 1661 1233 vero
1691 1178 2068 1232 inconcessum
2098 1177 2271 1231 alicu-

681 1271 770 1339 jus
806 1271 885 1324 rel
918 1286 1073 1323 usum
1101 1270 1421 1323 nominavit.
1450 1266 1596 1323 Usus
1620 1281 1748 1321 vero
1802 1267 1878 1320 rei
1918 1267 2270 1320 inconcessus

682 1364 847 1417 etiam
901 1371 1008 1424 cst,
1043 1360 1247 1430 aliquid
1280 1359 1525 1413 honesta:
1549 1373 1731 1413 causa
1764 1366 2151 1429 praetereuntem
2186 1372 2273 1411 res

682 1452 890 1506 alienas
936 1452 1175 1504 auferre.
1212 1449 1367 1512 Nam.
1414 1458 1468 1503 et
1512 1450 1607 1518 qui
1648 1447 1921 1514 inruerant,
1976 1449 2131 1518 quasi
2179 1448 2270 1516 qui

679 1541 869 1598 fenore
900 1542 1179 1611 accipiunt
1226 1541 1357 1594 illud
1412 1540 1467 1594 in
1524 1555 1681 1594 suum
1735 1542 2079 1596 commodum
2138 1554 2270 1595 con-

681 1645 919 1694 vertant,
972 1634 1044 1685 ita
1078 1647 1142 1685 cx
1191 1630 1377 1685 fenore
1427 1630 1580 1684 lucro
1621 1645 1743 1685 sese
1762 1631 1942 1699 [petiri
1975 1630 2267 1685 amrmant.

680 1722 1056 1778 ltesecandam
1102 1724 1285 1791 itaque
1331 1723 1490 1776 aliter
1543 1724 1829 1777 avaritiam
1868 1734 2137 1787 autumat,
2181 1739 2265 1791 αρ,

676 1829 748 1869 ne
797 1816 932 1869 lucri
971 1815 1273 1884 cupiditate
1302 1814 1632 1868 constitutos
1662 1829 1690 1867 a
1721 1812 1975 1869 Patribus
2007 1816 2267 1880 terminos

674 1906 949 1975 quispiam
987 1905 1283 1968 transiliat,
1319 1904 1731 1972 providendum.
1775 1902 2062 1959 Terminos
2102 1919 2267 1975 porro

675 1994 898 2049 Patrum
930 2011 1118 2051 sacros
1152 2011 1394 2051 canones
1423 1997 1749 2051 nominavit.
1795 1996 1928 2050 Nam
1960 2005 2015 2051 et
2045 2006 2267 2050 sancto-

677 2105 796 2142 rum
838 2089 1206 2157 apostolorum
1249 2101 1446 2151 qnarto
1492 2098 1545 2142 et
1584 2089 2006 2159 quadragesimo
2034 2102 2264 2155 canone,

672 2181 815 2235 sacri
860 2180 1072 2233 ordinis
1124 2180 1437 2233 hominibus
1470 2177 1720 2233 fenerare
1753 2194 1818 2233 ne
1847 2179 2033 2243 liceat,
2062 2179 2264 2234 consti-

673 2282 869 2326 tutum.
894 2271 963 2325 Et
983 2271 1170 2339 prima
1187 2272 1541 2325 mcumeniea:
1561 2271 1752 2342 synodi
1783 2270 1996 2326 decimo
2013 2271 2263 2339 septimo,

671 2365 761 2434 qui
815 2375 1169 2418 recensentur
1224 2363 1274 2416 in
1320 2378 1550 2429 canone,
1630 2363 1676 2418 si
1741 2362 1896 2417 l‘enus
1950 2373 2261 2429 exerceant,

670 2455 1017 2525 depositione
1049 2454 1349 2509 multantur
1373 2465 1431 2510 et
1482 2454 1937 2510 condemnantnr.
1968 2452 2034 2508 Et
2068 2452 2268 2508 Laodi-

669 2563 817 2602 centc
864 2549 1058 2617 synodi
1097 2562 1271 2600 canon
1304 2546 1338 2601 ι
1390 2545 1562 2600 sacris
1594 2545 1835 2599 initiatos
1881 2562 1994 2599 rem
2029 2545 2264 2614 aliquam

669 2641 861 2695 fenore
884 2639 1067 2694 locare
1096 2637 1320 2692 omnino
1360 2646 1531 2692 vetat.
1567 2635 1679 2691 Hos
1715 2653 1845 2712 ergo
1887 2652 2127 2693 canones
2166 2637 2267 2691 Pa-

673 2742 819 2786 trum
852 2732 1115 2786 terminos
1146 2730 1497 2800 nuncupavit.
1532 2728 1835 2785 Rcsecetur
1865 2744 2017 2793 vero,
2067 2728 2264 2799 inquit,

670 2823 1015 2893 inexplebilis
1063 2823 1292 2876 habendi
1324 2822 1622 2890 cupiditas,
1674 2832 1734 2875 ut
1778 2836 1847 2875 ne
1898 2821 2100 2877 clerico
2150 2819 2266 2875 cui-

668 2928 833 2984 quam
881 2929 1096 2977 usuras,
1134 2927 1461 2984 quacunque
1493 2912 1712 2967 demum
1741 2927 1809 2966 ex
1868 2928 1949 2979 re,
1987 2913 2268 2982 percipere

672 3006 782 3060 ullo
829 3008 989 3059 modo
1019 3004 1199 3059 liceat.
1264 3002 1377 3059 Nec
1411 3005 1557 3058 enim
1622 3018 1855 3075 pecunia
1901 3004 2264 3068 solummodo,

670 3098 767 3152 sed
794 3095 1132 3151 frumentum
1186 3111 1427 3165 quoque,
1470 3099 1656 3151 vinum
1709 3098 1990 3161 etoicum,
2052 3095 2267 3164 aliaque

2377 628 2588 682 οίκείαν
2620 632 2929 701 έπιτιμίαν,
2964 635 3209 697 τουτέστι
3242 628 3721 716 καθαιρεθήσεται.

2449 718 2700 774 ΖΩΝΔΡ.
2734 722 2873 792 Περὶ
2903 723 2996 777 τοῦ
3028 725 3106 796 μὴ
3132 730 3373 795 τοκίζειν
3403 734 3700 805 κληρικοὺς
3728 743 3758 795 δ
3790 745 3969 799 κανὼν

2376 804 2740 901 διατάξασθαι
2797 813 3049 879 μέλλων,
3107 819 3238 887 περὶ
3292 804 3605 896 ἀπληστίας
3654 831 3967 901 διαλέγεται

2376 898 2617 968 πρῶτον,
2650 901 2745 954 καὶ
2775 902 2979 975 ταύτην
3010 906 3158 963 εἷναί
3187 928 3321 981 φησι
3350 916 3462 970 τῶν
3493 922 3681 976 κακῶν
3711 898 3970 982 ἀπάντων

2377 987 2617 1083 μητέρα,
2660 991 2727 1061 ἢν
2767 995 2864 1046 καὶ
2906 996 3130 1067 ἐπέχειν
3171 1001 3371 1071 ὁρίζει,
3410 1012 3663 1065 τουτέστι
3709 1016 3963 1083 κωλύειν,

2374 1077 2706 1178 ἀνακόπτειν
2726 1123 2741 1145 ,
2776 1082 2866 1137 ἴνα
2886 1085 2977 1178 μὴ
3008 1090 3121 1153 τοῖς
3152 1092 3459 1166 ἀλλοτρίοις
3490 1101 3835 1178 έπεμϐαίνῃ,
3868 1077 3967 1163 καί

2372 1170 2785 1269 κατακέξρηται
2836 1177 3041 1269 αύτοῐς.
3084 1181 3441 1255 Κατάχρησιν
3489 1189 3535 1243 δ’
3563 1170 3829 1262 ὠνόμασε
3869 1197 3969 1269 τὴν

2373 1260 2527 1327 παρά
2557 1261 2617 1312 τδ
2653 1262 2771 1315 δέον
2801 1266 3033 1336 χρῆσιν·
3068 1272 3265 1342 χρῆσις
3306 1275 3363 1329 δδ
3409 1281 3560 1349 παρὰ
3590 1284 3651 1337 τὸ
3680 1260 3814 1341 -δέον
3845 1260 3967 1343 tesi

2372 1349 2469 1447 καὶ
2495 1349 2553 1447 τό
2579 1352 2912 1447 εὐαφόρμως
2937 1358 3081 1429 τάχα
3106 1364 3175 1415 τὰ
3204 1364 3467 1437 ἀλλότρια
3494 1372 3874 1447 ἀφαιρείσθαι,
3900 1384 3968 1437 οι

2372 1440 2482 1539 γάρ
2516 1439 2857 1539 δανείζοντες
2892 1450 2987 1501 ἐπὶ
3020 1453 3223 1517 τόκοις,
3256 1455 3333 1520 ὡς
3364 1458 3529 1530 δῆθεν
3561 1439 3967 1539 ὠφελουμένων

2370 1532 2478 1583 τῶν
2514 1532 2940 1628 δανειζομένων,
2980 1542 3045 1594 έκ
3084 1544 3176 1597 τοῦ
3217 1546 3413 1613 δάνους
3455 1555 3592 1619 φασὶ
3623 1532 3727 1611 καὶ
3766 1532 3969 1628 αὐτοὺς

2372 1626 2746 1696 συμμετέχειν
2773 1630 2868 1681 τοῦ
2902 1632 3154 1701 κέρδους.
3186 1636 3298 1691 Καί
3331 1639 3509 1707 άλλως
3538 1645 3595 1698 δι
3629 1626 3969 1708 ἀνακόπτειν

2370 1714 2485 1809 δεῖ,
2508 1720 2697 1809 Ῠφησὶ,
2733 1718 2831 1791 τὴν
2870 1723 3221 1793 πλεονεξίαν,
3258 1729 3349 1783 ῐνα
3386 1733 3462 1805 μὴ
3498 1733 3585 1788 διά
3619 1738 3809 1809 κέρδος
3838 1742 3969 1808 τοὺς

2369 1806 2478 1858 τῶν
2507 1808 2769 1870 Πατέρων
2798 1812 2959 1881 ὅρους
2988 1832 3071 1879 τις
3103 1818 3433 1895 ὑπερϐαίνῃ.
3463 1826 3623 1897 δρους
3650 1806 3760 1883 τιῖιν
3789 1806 3968 1889 nati;

2372 1914 2484 1994 ρων
2513 1900 2643 1994 τοὺς
2680 1903 2862 1994 ίεροὺς
2899 1907 3133 1973 κανόνας
3170 1911 3379 1968 καλῶν.
3407 1916 3477 1969 '0
3508 1933 3567 1971 τε
3608 1920 3718 1992 γάρ
3757 1922 3841 1994 μδ’
3867 1943 3969 1979 κα-

2369 1988 2479 2043 νὼν
2520 1992 2629 2044 τῶν
2670 1993 2989 2050 ἀποστόλων
3032 2001 3094 2053 τὸ
3139 2002 3410 2069 δανείζειν
3452 2008 3580 2072 τοὺς
3622 1988 3965 2081 ἥρω-μένους

2368 2082 2462 2178 ἀπὶ
2490 2084 2672 2178 τόκοις
2702 2087 3062 2178 ἀπαγορεύει,
3096 2094 3191 2148 καὶ
3216 2097 3245 2149 ό
3270 2096 3370 2165 τῆς
3398 2099 3625 2172 πρώτης
3652 2105 3967 2178 οξκουμινιγ

2368 2174 2473 2243 κῆς
2508 2176 2731 2229 συνόδου
2770 2176 2832 2243 ιζ’
2858 2180 3042 2235 κανὼν
3072 2183 3396 2253 καθαιρέσει
3427 2174 3833 2248 καθυποϐάλλει
3867 2174 3965 2253 καὶ

2368 2266 2726 2330 καταδικάζει
2766 2271 2895 2334 τοὺς
2938 2274 2998 2325 έν
3040 2272 3118 2343 τῷ
3162 2276 3351 2329 κανόνι
3396 2277 3824 2351 έξεταζομένους
3867 2288 3965 2341 έπὶ

2366 2361 2547 2425 τόκοις
2581 2362 2955 2429 δανείζοντας.
2987 2365 3100 2420 Καὶ
3130 2367 3160 2420 ό
3189 2366 3292 2437 τῆς
3324 2370 3383 2422 έν
3412 2370 3710 2447 Λαοδικείᾳ
3743 2380 3962 2435 συνόδου

2366 2449 2408 2504 δ’
2436 2452 2618 2506 κανὼν
2643 2456 2948 2526 ἀποτρέπει
2976 2458 3089 2519 τοῖς
3122 2459 3422 2527 ἱερατικοῖς
3446 2462 3508 2515 τὸ
3536 2463 3633 2516 έπὶ
3658 2466 3841 2533 τόκοις
3867 2469 3963 2523 δα-

2367 2544 2585 2609 νείζειν.
2621 2546 2860 2611 Τούτους
2890 2543 2986 2602 οὖν
3015 2550 3145 2614 τοὺς
3178 2551 3412 2617 κανόνας
3444 2554 3606 2623 δρους
3637 2559 3750 2615 τῶν
3782 2562 3961 2617 nam-

2370 2648 2481 2707 ρων
2515 2637 2797 2695 ἐκάλεσεν.
2828 2640 3247 2699 ’Δνακοπτέσθω
3270 2646 3347 2713 δι,
3379 2652 3574 2720 φησὶν,
3602 2654 3636 2723 ὴ
3661 2652 3961 2724 ἀπληστία,

2368 2731 2466 2782 καὶ
2499 2729 2587 2782 ίνα
2624 2732 2702 2800 μὴ
2737 2730 2833 2802 ιξῇ
2870 2733 3121 2806 κληρικῷ
3154 2738 3432 2809 οίῳδήτινι
3463 2742 3625 2798 τόκον
3657 2744 3963 2814 λαμϐάνειν

2368 2819 2476 2873 ἀπὸ
2508 2822 2831 2891 οίουδήποτε
2868 2825 3222 2897 πράγματος.
3259 2832 3336 2885 Οὐ
3376 2834 3541 2901 μόνον
3572 2836 3687 2906 γὰρ
3719 2838 3965 2908 ἀργύρια

2368 2912 2728 2979 δανείζονται,
2758 2916 2895 2969 ἀλλά
2927 2920 3021 2971 καὶ
3053 2923 3201 2983 σῖτος
3233 2923 3328 2975 καὶ
3357 2918 3502 2987 οἶνος
3535 2928 3629 2979 καὶ
3658 2926 3838 2980 ιλαιον
3869 2928 3963 2982 καὶ

2373 3003 2546 3075 μυρία
2583 3005 2749 3070 ιτερά
2784 3007 2923 3078 εῐδη.
2959 3008 3072 3063 Καὶ
3107 3009 3300 3082 ὥσπερ
3337 3014 3434 3067 ἀπὶ
3461 3016 3573 3069 τῶν
3603 3018 3962 3089 νομισμάτων

2373 3100 2751 3167 συμφωνεῖται
2789 3098 3030 3153 δίδοσθαι
3066 3103 3245 3169 τόκος,
3281 3103 3427 3161 οὕτω
3470 3108 3567 3161 καὶ
3609 3109 3706 3162 ἐπὶ
3736 3109 3847 3162 τῶν
3887 3112 3967 3163 εί-

671 3204 856 3243 rerum
919 3203 1120 3260 genera
1186 3188 1606 3243 innumerabilia
1653 3188 1829 3243 lenori
1889 3187 2159 3241 locantur.
2200 3185 2261 3240 Et

2369 3187 2495 3244 δῶν.
2528 3191 2802 3256 Δανείζων
2834 3194 2944 3263 γάρ
2975 3210 3060 3256 τις
3096 3198 3243 3249 σῖτον
3274 3198 3438 3268 τυχὸν
3473 3200 3692 3266 μοδίους
3724 3202 3959 3268 έκατδν,

666 3282 1126 3351 quemadmodum
1161 3280 1212 3334 in
1253 3281 1505 3352 pecunia,
1538 3279 1613 3333 ita
1648 3295 1713 3334 es
1778 3280 2031 3335 condicto
2084 3295 2266 3335 usura:

667 3376 721 3429 in
753 3376 877 3430 aliis
902 3389 1084 3430 rerum
1119 3376 1419 3443 generibus
1472 3376 1791 3442 exiguntur.
1856 3370 2011 3427 Datis
2069 3386 2267 3441 nempe

665 3472 965 3541 quispiam,
994 3470 1231 3539 exempli
1276 3483 1466 3530 causa,
1504 3468 1714 3521 mutuis
1747 3477 1967 3521 centum
2005 3465 2264 3520 frumenti

668 3565 892 3628 modiis,
928 3563 1202 3631 pratlnito
1231 3570 1479 3629 tempore
1514 3553 1705 3628 elapso
1760 3570 1975 3613 centum
2014 3573 2075 3611 se
2111 3559 2263 3612 insu-

668 3672 770 3729 per
819 3655 1130 3711 modiorum
1187 3668 1476 3707 numerum
1542 3659 1899 3719 accepturum
1950 3650 2264 3719 paciscitur,

668 3748 831 3815 idque
862 3747 917 3801 io
950 3746 1074 3801 aliis
1095 3746 1288 3800 eodem
1326 3744 1509 3797 modo.
1540 3739 1620 3797 Ne
1666 3741 1793 3811 quis
1824 3742 1989 3811 igitur
2025 3751 2175 3795 esset
2210 3741 2265 3795 in

667 3840 1029 3895 adt-iterando
1055 3852 1263 3892 canone
1285 3834 1461 3891 fraudi
1516 3834 1692 3899 locus,
1723 3836 1798 3890 ita
1846 3844 1967 3889 uta
2032 3833 2263 3905 pecunia

666 3932 885 4001 quidem
917 3928 1239 3992 feneranda.
1272 3944 1379 3983 non
1408 3938 1589 3983 tamen
1620 3932 1689 3983 ab
1726 3928 1911 3982 usuris
1943 3941 2009 3983 ex
2033 3926 2264 3981 aliarum

667 4041 853 4081 rerum
908 4022 1212 4078 mutatione
1235 4022 1562 4090 colligendis
1603 4022 1805 4076 sacrati
1836 4022 2087 4076 homines
2139 4017 2265 4072 abs-

667 4120 945 4181 tinerent;
998 4114 1207 4170 idcirco
1234 4112 1450 4179 Patres,
1487 4127 1557 4168 ne
1579 4128 1644 4167 ex
1680 4127 2010 4182 quacunque
2054 4125 2113 4166 re
2167 4109 2265 4166 de-

668 4226 816 4266 mum
854 4223 1055 4264 usuras
1100 4207 1383 4277 percipere
1417 4206 1601 4269 liceat,
1632 4206 1910 4260 addidere.
1940 4205 2019 4258 Ae
2044 4219 2109 4259 ea
2144 4204 2267 4275 qui-

664 4301 811 4368 dem,
842 4300 1118 4369 inquiunt,
1150 4313 1272 4369 qua:
1329 4297 1496 4351 relata
1549 4312 1746 4365 nuper,
1806 4299 1909 4351 hoc
1958 4306 2062 4359 est,
2109 4296 2265 4351 nobis

666 4393 975 4462 signiticata
1009 4400 1160 4455 sunt,
1214 4386 1449 4442 obscura
1504 4382 1728 4456 quippe,
1764 4386 1817 4441 id
1868 4395 1973 4451 est,
2034 4387 2264 4453 incerta,

666 4483 909 4538 involuta
936 4482 1178 4538 tenebris
1212 4491 1267 4536 et
1300 4482 1505 4551 ignota,
1542 4476 1992 4543 cliormabuntur,
2026 4480 2127 4534 hoc
2156 4490 2262 4546 est,

665 4594 696 4632 a
727 4579 882 4632 nobis
912 4588 1171 4632 accurate
1196 4576 1455 4629 meditata
1486 4573 1851 4627 delinieutur:
1877 4588 2000 4644 quas
2030 4588 2162 4629 vero
2178 4575 2263 4629 di-

666 4670 807 4724 vina:
840 4668 1141 4739 Scriptura:
1169 4667 1409 4722 oraculis
1467 4668 1813 4737 prcscripta,
1878 4667 1995 4722 sive
2057 4666 2265 4723 consti-

667 4772 806 4826 tuta,
831 4763 1053 4815 decreta
1086 4768 1238 4825 sunt,
1264 4760 1398 4812 nihil
1416 4760 1485 4814 de
1521 4742 1589 4813 iis
1615 4760 1913 4829 quidquam
1943 4762 2261 4823 decernere,

666 4854 770 4907 hoc
799 4861 925 4913 est,
982 4851 1362 4914 constituere,
1418 4851 1653 4913 sedca,
1692 4865 1811 4919 qua;
1865 4851 1979 4921 jam
2039 4849 2262 4904 delinita

664 4955 815 5008 sunt,
844 4945 1000 5013 sequi
1028 4958 1095 4998 ac
1123 4956 1346 4997 servare
1374 4951 1613 5011 oportet.
1644 4942 1852 4997 Divina:
1914 4957 2079 5008 porro
2108 4942 2262 4998 Scri-

664 5044 841 5105 ptum
865 5034 1231 5103 appellatione
1300 5047 1488 5088 sacros
1543 5047 1786 5088 canones
1843 5047 1911 5087 ac
1961 5030 2264 5105 Scriptura

664 5129 975 5184 testimonia
1009 5127 1364 5197 signiﬁcavit,
1398 5124 1558 5196 quale
1583 5125 1713 5181 illud
1765 5135 1882 5181 est:
1916 5123 2043 5179 Non
2105 5125 2263 5181 dabis

665 5223 822 5293 [ram
852 5231 943 5274 tuo
965 5223 1244 5291 pecuniam
1280 5222 1350 5274 ad
1373 5236 1631 5287 usuram;
1656 5229 1711 5277 et
1740 5220 1895 5286 illud,
1964 5218 2263 5276 Pecuniam

663 5332 816 5370 suam
868 5332 972 5369 non
998 5315 1143 5369 dedit
1174 5316 1245 5370 ad
1280 5331 1528 5379 usuram,
1556 5324 1611 5369 et
1633 5329 1972 5384 quacunque
2021 5314 2129 5368 alia
2162 5314 2263 5368 hu-

660 5410 900 5480 iusmodi
937 5413 1308 5480 reperiuntur.
1373 5406 1513 5463 Hinc.
1542 5408 1809 5463 rationem
1875 5422 2117 5478 quoque,
2164 5423 2265 5463 cur

669 5510 908 5561 sacratis
956 5506 1272 5561 hominibus
1312 5504 1568 5560 fenerare
1620 5504 1941 5561 indecorum
1987 5521 2051 5561 ac
2104 5515 2265 5575 turpe

667 5604 760 5665 sit,
786 5598 1085 5668 explicant.
1112 5598 1266 5665 Quod
1325 5598 1472 5653 enim
1527 5598 1578 5652 in
1643 5596 1823 5662 laicis,
1857 5598 2135 5667 inquiunt,
2175 5612 2265 5651 an-

667 5708 785 5747 sam
826 5691 1271 5763 reprehensionis
1298 5692 1526 5763 praebet,
1558 5691 1663 5747 hoc
1711 5700 1819 5758 cst,
1881 5690 2267 5761 vituperationi

668 5786 1158 5856 crintinationique
1213 5787 1513 5841 obnoxium
1566 5794 1690 5851 est,
1751 5786 1924 5840 multo
1980 5784 2154 5856 magis
2210 5786 2265 5841 in

668 5884 886 5942 clericis
919 5881 1083 5941 luerit
1106 5883 1607 5941 condemnandum.
1629 5881 1711 5937 Ad
1742 5881 1856 5938 hac
1903 5882 2139 5953 synodus
2170 5896 2265 5938 ne-

2370 3286 2655 3351 συμφωνεῖ
2704 3284 2892 3339 λαϐεῖν
2943 3287 3087 3356 μετά
3137 3291 3335 3359 καιρὸν
3381 3291 3693 3363 ὡρισμένον
3745 3296 3965 3367 μοδίους

2367 3374 2629 3428 ἀπέκεινα
2668 3376 2885 3445 τόσους,
2932 3380 3028 3433 καὶ
3072 3380 3169 3435 έπὶ
3210 3383 3321 3436 τῶν
3365 3384 3545 3439 ἀλλων
3586 3386 3815 3457 δμοίως.
3845 3388 3965 3443 ἰνα

2366 3466 2461 3520 οὖν
2501 3470 2577 3538 μη
2615 3471 3034 3542 περιγράφηται
3072 3476 3102 3526 ό
3142 3473 3350 3541 κανὼν,
3385 3477 3705 3548 νομίσματα
3747 3479 3847 3548 μιν
3888 3480 3967 3552 μὴ

2366 3558 2726 3622 δανειζόντων
2761 3562 2865 3614 έπὶι
2891 3563 3037 3634 τόκῳ
3068 3563 3179 3619 τῶν
3216 3565 3569 3637 ίερωμένων,
3606 3570 3668 3623 ιν
3702 3571 3869 3625 εῐδεσι
3908 3572 3967 3625 δὲ

2366 3648 2528 3702 τοῦτο
2579 3652 2914 3716 ποιούντων,
2958 3655 3290 3725 προσέθεντο
3333 3659 3385 3712 ei
3430 3660 3716 3731 Πατέρες,
3764 3662 3970 3733 οίουδή·

2368 3759 2501 3797 ποτε
2543 3744 2893 3815 πράγματος.
2936 3744 3050 3800 Καὶ
3087 3747 3156 3801 τὰ
3200 3748 3302 3818 μιν
3342 3752 3539 3806 νεωστὶ
3575 3754 3965 3825 ἀνενεχθέντα,

2365 3835 2648 3889 τουτέστιν
2671 3837 3123 3908 ὑπομνησθέντα.
3147 3842 3337 3910 φασὶν,
3362 3842 3593 3914 ἀμαυρά
3614 3844 3771 3915 δντα,
3794 3848 3968 3919 ἦγουν

2365 3929 2584 4001 ἀσαφῆ,
2614 3932 2872 3985 σκοτεινά
2891 3971 2908 3999 ,
2938 3932 3288 4003 ἀγνοούμενα
3308 3972 3326 3999 ,
3352 3937 3779 4008 τυπωθήσσνται
3796 3978 3811 4001 ,
3842 3938 3968 3993 ἀντὶ

2365 4020 2463 4073 τοῦ
2502 4020 2892 4093 όρισθήσονται
2932 4021 3064 4094 παρ’
3091 4025 3251 4095 ἡμῶν
3293 4028 3672 4099 σκοπούμενα,
3712 4028 3751 4085 ἀ
3793 4033 3891 4085 καὶ
3933 4032 3968 4102 ἡ

2368 4110 2490 4164 θεία
2516 4111 2711 4185 Γραφῇ
2734 4112 3047 4178 έθέσπισεν,
3077 4114 3198 4185 ἦτοι
3223 4117 3613 4189 ἀνομοθέτησε,
3642 4119 3966 4191 διωρίσατο,

2367 4204 2498 4273 περὶ
2534 4206 2761 4257 εκείνων
2794 4204 2859 4258 οὐ
2895 4204 2980 4259 δεῖ
3013 4205 3375 4277 ψηφίζεσθαι,
3413 4211 3700 4265 τουτέστιν
3736 4213 3970 4281 ἀποφαί-

2368 4299 2591 4364 νεσθαι,
2620 4298 2760 4353 ἀλλά
2794 4300 2890 4353 καὶ
2923 4298 3157 4354 επεσθαι
3192 4302 3287 4354 καὶ
3321 4302 3644 4357 ἀκολουθεῐν
3676 4306 3793 4370 τοῖς
3825 4321 3972 4360 νενο-

2370 4391 2791 4463 μοθετημένας.
2816 4391 2982 4446 Θείαν
3011 4392 3067 4446 δὲ
3096 4392 3324 4463 Γραφὴν
3350 4384 3480 4458 τούς
3505 4411 3567 4449 τε
3601 4396 3785 4466 ἱεροὺς
3815 4398 3974 4451 κανόο

2370 4500 2467 4547 νας
2485 4482 2762 4552 ὠνόμασε,
2782 4484 2881 4544 τὰς
2904 4483 3280 4562 γραφικάςορη
3290 4500 3427 4550 σεις,
3444 4485 3505 4538 τὺ
3528 4488 3653 4541 οὐκ
3674 4487 3972 4556 atomi;-

2373 4574 2438 4627 τὸ
2462 4574 2754 4641 ἀργύριόν
2768 4586 2888 4627 σου
2905 4572 2985 4638 τῷ
3008 4571 3254 4642 ἀδελφῷ
3275 4590 3417 4639 σου,
3436 4576 3535 4630 καὶ
3549 4576 3631 4643 τὸ,
3658 4578 3973 4648 Ἀργύριον

2372 4664 2561 4719 αὑτοῦ
2586 4665 2701 4719 οὐκ
2728 4663 2957 4719 ἔδωκεν
2976 4664 3079 4719 dxi
3106 4666 3281 4732 τόκῳ,
3310 4664 3407 4719 καὶ
3430 4666 3532 4721 δσα
3554 4668 3804 4724 τοιαῦτα.
3831 4665 3969 4726 Εἶτα

2374 4757 2471 4811 καὶ
2500 4754 2980 4820 κατασκευάζουσι
3007 4755 3126 4819 πῶς
3152 4756 3357 4812 ἀτοπόν
3381 4760 3501 4813 ἑστι
3530 4761 3626 4813 καὶ
3654 4763 3881 4833 αἰσχρὸν
3908 4765 3971 4819 τὸ

2373 4848 2643 4913 δανείζειν
2670 4848 2767 4901 ἀπὶ
2795 4849 2978 4913 τόκοις
3006 4849 3133 4912 τοὺς
3165 4848 3526 4920 ίερωμένους,
3559 4851 3656 4905 καί
3688 4869 3855 4922 φασιν
3883 4858 3968 4912 ὅτι

2373 4942 2513 5011 δπερ
2545 4956 2605 4997 εν
2630 4943 2844 5005 λαῖκοίς
2875 4940 3215 5012 ἀπιλήψιμόν
3244 4941 3416 5006 εστιν,
3447 4943 3617 5013 ητουν
3641 4945 3846 5015 ψεκτὸν
3872 4951 3970 5003 καὶ

2366 5034 2795 5106 διαϐαλλόμενον
2813 5074 2829 5101 ,
2858 5033 3178 5095 ἀκολούθως
3206 5035 3267 5087 ιν
3295 5033 3396 5107 κλη
3409 5039 3587 5107 ρικοίς
3621 5038 3803 5111 πολλῷ
3836 5042 3971 5110 μιλ.

2368 5130 2463 5182 λον
2500 5128 2707 5196 ὀφείλει
2747 5126 3235 5192 καταδικάζεσθαι.
3273 5127 3420 5197 Πρὸς
3455 5128 3634 5183 ταῦτα
3672 5131 3707 5202 ἡ
3747 5131 3970 5197 σύνοδος

2368 5218 2560 5276 εἶπεν·
2589 5221 2783 5283 Οὐδεὶς
2812 5218 2958 5273 κατά
2990 5220 3101 5272 τῶν
3132 5221 3457 5292 προφητῶν,
3485 5220 3667 5284 οὐδεὶς
3698 5224 3843 5279 κατά
3872 5224 3969 5280 τοῦ

2371 5313 2710 5382 Εὑαγγελίου
2742 5314 2918 5383 χωρὶς
2952 5312 3201 5367 κινδύνου
3236 5312 3516 5383 ἀποίησεν.
3545 5314 3717 5368 Τοῦτο
3747 5314 3793 5368 δ’
3816 5316 3969 5370 έστιν

2367 5406 2397 5461 δ
2426 5402 2617 5460 εἷπον·
2640 5406 2745 5471 δτι,
2771 5406 2897 5458 imi
2921 5404 3016 5459 καὶ
3039 5408 3107 5477 τῇ
3140 5405 3483 5478 παλαιοτέρα
3510 5406 3729 5479 Γραφῇ,
3755 5411 3968 5479 ταύτην

2370 5500 2482 5571 γάρ
2510 5499 2602 5553 διά
2630 5498 2742 5553 τῶν
2771 5500 3071 5571 προφητῶν
3100 5498 3326 5570 ᾐνίξατο
3344 5540 3361 5565 ,
3394 5502 3489 5553 καὶ
3520 5504 3587 5573 τῇ
3618 5502 3746 5573 νέα,
3779 5500 3849 5573 ἢν
3875 5502 3969 5556 ad;

2369 5594 2466 5647 τοῦ
2509 5593 2845 5663 Εὑαγγελίου
2886 5594 3182 5664 ενέφηνεν,
3220 5594 3717 5663 ἀποτετραμμένον
3748 5596 3869 5646 ἐστι
3907 5595 3968 5646 τὸ

2370 5686 2608 5753 τοκίζειν
2628 5726 2643 5751 ,
2673 5686 2848 5750 οὐδεὶς
2881 5686 3057 5740 ποιῶν
3085 5685 3155 5739 τά
3187 5685 3620 5757 ἀπηγορευμένα
3654 5685 3849 5749 αὑταῖς
3880 5686 3971 5738 ικ-

2371 5782 2631 5852 φεύξιται
2674 5780 2775 5850 τὴν
2818 5780 3089 5837 κίνδυνον.
3132 5779 3493 5834 Κινδυνεύσει
3536 5779 3649 5849 γάρ
3697 5780 3825 5853 περὶ
3864 5776 3985 5853 την

2370 5878 2581 5935 οἰκείαν
2611 5876 2915 5947 ιπιςιμίαν,
2942 5876 3192 5933 τουτέστι
3223 5874 3716 5940 καθαιρεθήσεται.
