4214 6438
772 395 841 455 43
2010 412 2284 474 mmo.
2322 411 2718 473 BALSAMON
3891 413 3959 473 ιι

770 511 994 578 mystica
1038 514 1303 578 peractio.
1371 518 1758 577 Reconciliatio
1818 526 2190 594 paenitentiam
2235 534 2318 577 est
2346 526 2434 589 At

2299 534 2318 577 t
2346 526 2387 579 Α
2418 537 2510 589 pou
2537 523 2725 590 τελετή
2747 535 2764 553 ο
2811 518 3128 591 καταλλαγὴ
3163 520 3567 589 μετανοούντων
3609 520 3672 572 τὸ
3715 518 3960 589 δέχεσθαι

773 612 955 672 eorum
982 602 1072 669 qui
1115 615 1361 669 peccant,
1400 609 1764 667 confessiones
1807 615 2013 676 audire,
2045 624 2101 667 et
2153 629 2245 669 eos
2289 630 2319 668 α

773 701 930 753 ptena
976 696 1204 756 solvere,
1258 696 1452 761 quibus
1499 714 1657 765 poma
1718 702 1851 755 forte
1928 704 2163 771 iujuncta
2213 715 2316 760 est.

773 776 1004 832 Medicus
1028 782 1168 833 enim
1192 784 1382 839 auinsa:
1396 801 1485 840 eos
1501 787 1661 858 520
1673 790 1779 844 Deo
1796 794 2065 857 conciliat,
2092 809 2185 861 per
2210 809 2321 861 pae-

770 868 1048 923 nitentiam
1100 881 1153 924 et
1202 877 1266 925 ad
1301 876 1351 927 id
1392 879 1532 943 quod
1556 881 1744 933 melius
1772 893 1854 933 est
1889 884 2313 936 conversionem.

771 957 1074 1011 Puellarum
1111 970 1286 1014 autem
1338 969 1698 1031 consecratio,
1734 983 1837 1021 non
1868 980 1949 1024 est
1978 971 2319 1025 diaconissa-

768 1061 886 1099 rum
919 1064 1016 1116 per
1050 1066 1299 1104 manuum
1328 1053 1722 1121 impositiouem
1757 1062 2043 1125 ordinatio,
2081 1063 2175 1115 sed
2202 1077 2317 1117 mos

769 1147 885 1187 erat
924 1140 1124 1202 puellas
1164 1140 1522 1208 virginitatem
1565 1147 1881 1211 profltentes
1924 1148 1991 1202 ad
2034 1151 2313 1202 ecclesiam

768 1226 979 1292 adduci,
1000 1237 1053 1281 et
1085 1244 1178 1282 eas
1206 1232 1466 1298 episcopi,
1500 1244 1557 1285 ut
1592 1233 1698 1287 Deo
1729 1236 2025 1301 dedicatas,
2074 1254 2169 1305 per
2194 1252 2317 1303 pre-

766 1330 856 1367 ces
878 1319 1285 1383 consecrabant,
1334 1335 1623 1391 earumque
1667 1327 1922 1380 custodia:
1945 1342 2127 1380 curam
2162 1342 2315 1395 gere-

768 1406 917 1468 bant,
946 1416 1001 1458 ut
1038 1423 1103 1459 ex
1132 1408 1201 1461 44
1232 1425 1440 1465 canone
1466 1416 1743 1479 praesentis
1767 1416 1952 1483 synodi
1985 1418 2312 1469 declaratur.

765 1495 886 1548 llicc
932 1511 1061 1565 ergo
1118 1514 1143 1550 a
1201 1502 1528 1570 presbyteris
1586 1504 1698 1555 fieri
1745 1505 2016 1570 prohibuit
2043 1506 2311 1574 synodus,

763 1590 1210 1652 quemadmodum
1269 1600 1321 1643 et
1378 1592 1701 1659 templorum
1731 1595 2231 1659 consecrationem;
2260 1602 2315 1647 et

762 1688 946 1727 corum
980 1674 1287 1729 facultatem
1343 1679 1490 1732 dedit
1534 1680 1888 1736 antistitibus.
1922 1683 2052 1736 Illud
2110 1691 2309 1743 autem,

762 1763 976 1826 publito
1006 1766 1080 1815 rei
1109 1780 1276 1817 sacrae
1315 1765 1612 1821 ministerio
1656 1771 2032 1834 reconciliare,
2062 1780 2143 1822 est
2166 1772 2311 1838 ejus-

2419 609 2709 676 λογισμοὺς
2744 609 3196 678 ἁμαρτανόντων,
3228 610 3322 661 καὶ
3353 608 3499 661 λύειν
3527 608 3653 669 τοὺς
3679 607 3809 670 toto;
3838 610 3955 660 hst-

2419 700 2743 769 τιμηθέντας
2768 702 2832 752 tu
2859 698 2954 751 τοῦ
2979 700 3278 767 επιτιμίου.
3311 698 3688 751 Καταλλάσσει
3716 698 3821 766 γάρ
3844 697 3961 749 τού-ι

2417 804 2543 849 τους
2574 791 2603 840 ὁ
2632 788 2859 856 ψυχικὸς
2896 788 3080 857 ιατρὸς
3109 790 3246 857 μετά
3273 788 3367 839 τοῦ
3393 786 3529 839 Θεοῦ
3558 786 3644 838 διά
3671 788 3771 853 τῆς
3804 801 3961 852 μετα-

2419 878 2564 938 νοίας
2600 878 2693 928 καὶ
2721 877 2818 943 τῆς
2853 877 2989 946 πρὸς
3022 877 3083 929 τὸ
3117 878 3361 945 κρεῖττον
3392 876 3747 943 επιστροφῆς.
3777 874 3963 941 Κορῶν

2416 964 2473 1017 δὲ
2525 965 2846 1034 καθιέρωσις
2896 965 3017 1032 οὐχὶ
3060 963 3411 1017 διακονισσῶν
3445 965 3752 1034 χειροθεσία
3787 964 3962 1015 έστίψ

2417 1054 2532 1107 ἀλλ’
2563 1053 2680 1115 ἔθος
2712 1049 2778 1122 ἦν
2810 1054 2982 1122 κόρας
3020 1053 3391 1121 προσάγεσθαι
3426 1056 3493 1122 τῇ
3530 1053 3795 1121 ἐκκλησία
3825 1067 3963 1120 παρ’

2418 1142 2597 1194 θενίαν
2649 1142 3032 1210 ὁμολογούσας,
3083 1141 3175 1193 καὶ
3226 1140 3420 1201 ταύτας
3461 1141 3510 1192 oi
3564 1139 3844 1192 ἐπίσκοποι
3892 1138 3965 1190 δι’

2415 1230 2592 1295 εὐχῶν
2648 1231 2959 1298 καθιέρουν,
3014 1230 3091 1292 ὡς
3140 1230 3494 1291 ἀνατεθείσας
3549 1229 3627 1297 τῷ
3680 1228 3818 1297 Θεῷ,
3875 1227 3965 1279 καὶ

2414 1320 2608 1372 έκεῖνοι
2636 1319 2949 1390 ἐφρόντιζον
2976 1322 3073 1388 τῆς
3100 1319 3349 1387 φυλακῆς
3377 1318 3555 1373 αὐτῶν
3576 1316 3759 1380 καθὼς
3782 1316 3965 1384 δηλοῦ-

2412 1423 2499 1459 ται
2543 1408 2651 1459 ἀπὸ
2700 1406 2793 1459 τοῦ
2850 1405 2929 1475 μδ¹
2981 1408 3201 1467 κανόνος
3254 1408 3351 1476 τῆς
3406 1407 3685 1475 παρούσης
3730 1405 3966 1457 συνόδου.

2412 1495 2595 1548 Ταῦτα
2642 1492 2734 1548 οὖν
2768 1496 3011 1567 γίνεσθαι
3053 1495 3206 1563 παρά
3249 1495 3634 1563 πρεσϐυτέρων
3671 1495 3704 1561 ἡ
3755 1492 3965 1552 σύνοδος

2412 1585 2788 1653 ἀπηγόρευσεν
2807 1621 2823 1645 ,
2849 1584 3036 1653 ὥσπερ
3064 1584 3157 1636 καὶ
3176 1585 3273 1653 τὴν
3298 1584 3406 1636 τῶν
3437 1583 3580 1633 ναῶν
3602 1581 3927 1649 καθιέρωσιν
3950 1595 3963 1611 ·

2414 1673 2506 1723 καὶ
2532 1673 2733 1725 δέδωκε
2762 1672 2860 1741 τὴν
2890 1673 3136 1736 ὶξουσίαν
3166 1673 3343 1726 αὐτῶν
3372 1676 3487 1735 τοῖς
3515 1669 3857 1741 ἀρχιερεῦσι.
3894 1670 3962 1724 τὲ

2411 1762 2466 1813 δὲ
2520 1761 2849 1826 καταλλάξαι
2900 1766 2981 1825 είς
3028 1764 3291 1833 δημοσίαν
3332 1762 3672 1833 λειτουργίαν
3729 1759 3960 1813 τοιοῦτόν

761 1852 922 1903 modi.
959 1852 1018 1914 li,
1052 1853 1246 1918 quibus
1276 1866 1437 1919 paena
1488 1856 1729 1925 injuncta
1758 1865 1859 1920 est,
1897 1860 2095 1926 quique
2116 1872 2306 1909 arcen-
2333 1840 2425 1902 ΒΙ

2303 1886 2306 1895 .
2333 1840 2384 1899 Β
2409 1853 2573 1904 έστιν.
2602 1852 2665 1904 οι
2690 1852 3122 1920 ἐπιτιμηθέντας,
3149 1854 3240 1905 καὶ
3262 1854 3357 1921 τῆς
3387 1853 3681 1919 ἐκκλησίας
3718 1850 3967 1919 εἰργόμεο

760 1950 843 1991 tur
877 1942 943 1994 ab
993 1943 1258 2008 ecclesia,
1307 1960 1415 1999 non
1469 1948 1853 2015 permittuntur
1910 1962 2031 2001 cum
2063 1949 2311 2002 ﬁdelibus

759 2033 1079 2097 consistere,
1134 2036 1225 2087 sed
1282 2050 1377 2103 per
1432 2052 1491 2092 se
1547 2038 1713 2092 Deum
1748 2038 1967 2092 laudare
1998 2053 2102 2092 non
2128 2040 2315 2107 prohi-

761 2119 975 2173 bentur.
1010 2122 1237 2187 Quando
1267 2133 1446 2180 autem
1500 2141 1529 2179 a
1583 2142 1737 2195 ptena
1797 2128 2027 2181 absoluti
2083 2127 2306 2187 fuerint,

756 2219 881 2263 tunc
920 2213 1226 2267 consistunt
1258 2229 1379 2267 cum
1411 2216 1677 2284 fidelibus,
1702 2225 1755 2270 ct
1782 2217 1993 2286 publice
2016 2231 2109 2271 seu
2134 2217 2305 2285 palam

760 2303 921 2354 licunt
973 2320 1093 2359 cum
1149 2306 1345 2374 p0pulo
1380 2306 1615 2359 laudant.
1658 2306 1797 2376 Lege
1844 2319 1893 2361 et
1927 2308 1997 2362 ιδ
2043 2322 2303 2360 canonem

758 2383 1039 2459 tvimscntis
1073 2396 1260 2464 synodi
1297 2415 1308 2449 :
1341 2411 1440 2449 nec
1500 2396 1595 2449 tibi
1629 2410 1927 2465 repugnare
1960 2397 2205 2449 videatur
2236 2394 2305 2447 52

754 2500 927 2538 canon
981 2487 1325 2553 apostolicus,
1357 2488 1447 2554 qui
1503 2488 1632 2541 dicit
1683 2490 1967 2556 episcOpos
2000 2496 2048 2542 et
2085 2488 2305 2555 presby-

757 2590 898 2631 teros
959 2580 1233 2645 suscipere
1291 2593 1383 2631 eos
1429 2580 1517 2645 qui
1570 2587 1981 2632 convertuntur.
2028 2577 2133 2630 Sed
2193 2577 2300 2640 dic,

756 2670 883 2719 istos
914 2669 1265 2735 presbyteros
1296 2668 1671 2734 episcoporum
1708 2668 2080 2720 adhortatione
2129 2666 2305 2733 paeni-

754 2768 925 2811 tentes
961 2761 1251 2825 suscipere.
1272 2755 1447 2821 Quare
1474 2765 1620 2818 nota,
1652 2758 1790 2822 quod
1814 2756 1926 2823 qui,
1947 2756 2062 2807 sine
2091 2756 2301 2821 episco-

750 2850 852 2917 pali
886 2850 1241 2916 perinissione
1284 2848 1560 2901 hominum
1596 2847 1965 2899 confessiones
2005 2847 2299 2913 excipiunt,

747 2942 941 2995 sacrati
996 2939 1244 2993 monachi
1304 2938 1442 2990 male
1497 2935 1742 2999 faciunt;
1783 2936 1951 2989 multo
1983 2944 2159 2987 autem
2193 2951 2304 2987 tua-

751 3032 834 3101 εἰσ
868 3028 1105 3098 profani.
1138 3028 1175 3081 li
1211 3028 1352 3081 enim
1394 3042 1494 3080 nec
1521 3041 1642 3080 cum
1690 3025 2013 3077 adhortante
2053 3025 2303 3091 episcopo

2412 1942 2598 2004 νοι,ού
2644 1942 3091 2012 παραχωροῦνται
3150 1942 3497 1995 συνίστασθαι
3553 1942 3688 2007 μετά
3733 1941 3840 1992 τῶν
3879 1954 3967 1991 πι-

2412 2034 2573 2095 στῶν,
2599 2034 2717 2085 καθ’
2748 2035 2971 2095 ἑαυτοὺς
3003 2034 3058 2086 δὲ
3092 2035 3277 2102 ὑμνεῖν
3296 2034 3384 2085 τὸν
3409 2032 3538 2083 Θεὸν
3565 2032 3625 2082 ού
3650 2030 3963 2082 κωλύονται.

2413 2122 2536 2175 Ὀτε
2561 2123 2617 2175 δὲ
2647 2122 2741 2176 τοῦ
2767 2127 3039 2194 ἐπιτιμίου
3067 2124 3267 2177 λυθῶσι
3290 2164 3305 2186 ,
3332 2126 3452 2177 τότε
3480 2122 3823 2176 συνίστανται
3855 2122 3965 2181 τοῖς

2408 2216 2636 2276 πιστοῖς,
2659 2214 2750 2265 καὶ
2768 2215 3001 2284 δημοσίᾳ
3019 2215 3182 2283 ἤγουν
3206 2214 3471 2283 φανερῶς,
3492 2212 3715 2281 ὑμνοῦσι
3730 2212 3817 2263 τὸν
3837 2209 3966 2261 Θεὸν

2410 2302 2544 2371 μετά
2575 2302 2668 2354 τοῦ
2689 2303 2881 2372 δήμου.
2940 2304 3234 2370 ’Δνάγνωθι
3267 2306 3360 2357 καὶ
3392 2308 3483 2357 τὸν
3520 2302 3610 2372 μγ¹
3640 2301 3837 2354 κανόνα
3865 2297 3965 2367 τῆς

2407 2392 2682 2463 παρούσης
2707 2396 2926 2447 συνόδου
2949 2410 2962 2424 ·
2989 2396 3082 2447 καὶ
3110 2395 3185 2465 μὴ
3211 2395 3504 2465 ἐναντιωθῇ
3534 2411 3617 2445 σοι
3644 2396 3672 2446 δ
3690 2390 3768 2462 νβ’
3829 2392 3965 2443 ἀπο-

2408 2485 2648 2546 στολικὸς
2677 2485 2886 2551 κανὼν,
2941 2486 3111 2553 λέγων
3157 2486 3282 2549 τοὺς
3336 2487 3663 2547 έπισκόπους
3718 2485 3810 2537 καὶ
3840 2485 3963 2545 τοὺς

2406 2572 2809 2645 πρεσϐυτέρους
2852 2576 3099 2646 δέχεσθαι
3149 2579 3271 2638 τοὺς
3315 2578 3759 2647 ἐπιστρέφοντας.
3823 2574 3964 2630 Ἀλλ’

2405 2666 2528 2719 sint
2562 2668 2656 2719 καὶ
2692 2667 2912 2729 τούτους
2946 2669 3070 2729 τοὺς
3110 2669 3515 2737 πρεσϐυτέρους
3547 2668 3687 2721 κατά
3733 2685 3962 2739 προτροο

2406 2756 2513 2824 πὴν
2560 2758 2671 2809 τῶν
2716 2758 3031 2809 ἐπισκόπων
3079 2757 3331 2827 δέχεσθαι
3378 2758 3505 2819 τοὺς
3551 2760 3960 2827 μετανοοῦντας.

2407 2844 2569 2897 ’Ὥστε
2610 2848 2915 2916 σημείωσαι
2944 2850 3028 2899 ὁτι
3064 2851 3113 2899 oi
3145 2850 3313 2918 χωρὶς
3346 2851 3642 2918 ἐπιτροπῆς
3672 2851 3961 2903 ἐπισκοπι-

2406 2936 2505 3003 κῆς
2532 2937 2809 3005 δεχόμενοι
2838 2924 3133 3006 λογισμοὺς
3162 2939 3466 3008 ἀνθρώπων
3491 2943 3532 2993 ίε
3544 2944 3775 3011 ρωμένοι
3803 2960 3963 3011 μονα-

2409 3028 2513 3094 χοὶ,
2575 3026 2758 3088 κακῶς
2814 3027 3065 3079 ποιοῦσι⁹
3100 3027 3281 3097 πολλῷ
3334 3031 3390 3082 δὲ
3442 3031 3601 3083 πλέον
3636 3032 3685 3082 oi
3736 3032 3962 3101 ἀνίεροι.

757 3127 983 3186 possunt
1019 3118 1121 3171 tale
1153 3119 1441 3184 quidquam
1478 3130 1754 3167 exercere.
1790 3114 1852 3166 Et
1888 3114 2006 3166 ideo
2030 3112 2299 3182 synodalia
2321 3146 2368 3209 ϐ
2403 3120 2421 3170 (

2298 3146 2368 3209 κο
2403 3112 2564 3171 Οὗτοι
2594 3120 2702 3187 γὰρ
2730 3118 2849 3170 ούδὶ
2879 3121 3015 3188 μετά
3042 3123 3355 3189 προτροπῆς
3385 3123 3746 3189 ὲπισκσπικῆς
3776 3124 3962 3176 δύναν.

746 3221 959 3273 quoque
988 3204 1282 3258 declaratio
1308 3204 1445 3254 facta
1477 3210 1585 3264 est,
1610 3216 1673 3253 ex
1715 3201 2110 3267 supplicatione
2135 3213 2297 3252 vene-

748 3298 936 3351 rabilis
968 3291 1671 3360 monasteriiEvergetidis;
1707 3292 1870 3356 quod,
1909 3291 2163 3357 quoniam
2193 3299 2303 3341 sta-

746 3396 916 3439 tutum
966 3382 1282 3437 monasterii
1320 3380 1734 3441 decerniteum,
1762 3379 1851 3445 qui
1895 3378 2051 3431 statis
2097 3386 2299 3444 tempo-

746 3475 892 3528 ribus
918 3473 1031 3540 ejus
1060 3472 1340 3539 praefectus
1371 3479 1472 3531 est,
1507 3470 1888 3521 monachorum
1935 3465 2299 3519 confessiones

747 3566 955 3628 audire,
1000 3563 1222 3631 profano
1251 3574 1427 3614 autem
1459 3573 1560 3612 non
1587 3560 1919 3626 permittitur
1939 3557 2300 3611 confessiones

741 3656 1022 3722 escipcre;
1057 3652 1367 3705 necessario
1397 3650 1638 3715 sequitur
1674 3646 1988 3715 praefectum
2037 3661 2162 3700 esse
2211 3662 2298 3698 sa-

740 3745 1033 3796 cerdotem.
1070 3740 1315 3793 Praefecti
1346 3749 1546 3800 autem,
1581 3748 1640 3790 ut
1669 3752 1808 3804 saepe
1834 3737 2088 3798 diximus,
2122 3736 2297 3787 homi-

740 3849 833 3886 nes
869 3832 1079 3900 profani
1116 3830 1269 3883 fiunt.
1318 3827 1449 3881 Nam
1490 3838 1541 3881 et
1570 3830 1826 3882 mulieres
1857 3842 2071 3895 quoque
2105 3837 2292 3879 mona-

738 3922 923 3975 steriis
985 3916 1393 3987 pt'te'liciuntur,
1445 3919 1539 3971 sed
1590 3918 1867 3970 hominum
1927 3916 2297 3970 confessiones

738 4029 842 4068 non
881 4014 1126 4065 audiunt.
1162 3995 1258 4063 His
1306 4010 1380 4060 ita
1413 4022 1470 4062 se
1520 4008 1865 4069 habentibus,
1894 4007 2292 4076 dicuntaliqui,

734 4105 896 4173 quod,
923 4104 1181 4171 quoniam
1226 4101 1294 4153 ab
1325 4097 1659 4152 antistitibus
1690 4098 1747 4149 lit
1794 4096 2094 4166 puellarum
2162 4112 2290 4150 con-

734 4196 987 4256 secratio,
1024 4208 1133 4247 non
1187 4191 1369 4245 licebit
1422 4189 1733 4242 monasterii
1790 4188 2065 4257 prafecto,
2092 4189 2183 4255 qui
2211 4196 2294 4241 est

731 4296 998 4349 sacratus,
1032 4284 1110 4337 vel
1138 4282 1455 4351 simpliciter
1484 4279 1750 4333 sacerdoti
1782 4280 2068 4339 monacho,
2103 4292 2291 4345 quem-

733 4380 810 4430 vis
837 4372 1163 4428 monachum
1192 4373 1413 4425 tondere
1444 4371 1560 4422 sine
1588 4366 1880 4435 episcopali
1908 4366 2286 4434 permissione.

2404 3224 2493 3259 ται
2516 3206 2757 3258 τοιοῦτόν
2780 3223 2831 3257 τι
2859 3207 3169 3275 ἐνεργῆσαι.
3202 3209 3293 3259 Διὸ
3322 3212 3413 3259 καὶ
3444 3212 3737 3278 σημείωμα
3768 3214 3961 3278 γέγονε

2406 3296 2681 3348 συνοδικὸν
2714 3300 2778 3348 ὲκ
2812 3296 3217 3364 προσελεύσεως
3248 3299 3357 3366 (10)
3388 3299 3477 3351 τοῦ
3517 3303 3715 3369 μέρους
3741 3305 3836 3375 τῆς
3870 3320 3962 3354 σε·

2402 3386 2640 3451 όασμίας
2666 3386 2849 3453 Ιμονῆς
2876 3387 3377 3456 τῆςεύεργέτιδος,
3408 3389 3513 3453 ὡς,
3544 3393 3666 3441 ἐπεὶ
3698 3391 3767 3443 τὸ
3805 3408 3962 3443 τυπι-

2400 3478 2495 3526 κὸν
2526 3476 2640 3542 τῆς·
2661 3475 2823 3543 μονῆς
2854 3474 3143 3543 διορίζεται
3169 3476 3415 3543 δέχεσθαι
3447 3478 3539 3528 τὸν
3568 3478 3707 3529 κατά
3735 3478 3960 3546 καιροὺς

2406 3563 2819 3631 καθηγούμενον
2853 3566 3023 3631 αὐτῆς
3058 3565 3183 3627 τοὺς
3220 3565 3511 3635 λογισμοὺς
3539 3566 3646 3618 τῶν
3679 3570 3957 3645 μοναχῶν.

2398 3654 2498 3703 οὐκ
2517 3655 2724 3719 ἐφεῖται
2739 3654 2795 3705 δὲ
2814 3654 3013 3721 ἀνιέρῳ
3034 3652 3283 3720 δέχεσθαι
3306 3654 3614 3721 λογισμοὺς,
3638 3653 3695 3717 ἐξ
3716 3657 3959 3725 ἀνάγκης

2397 3740 2587 3791 ἕπεται
2609 3741 2684 3809 τῷ
2712 3739 2849 3793 εῐναι
2876 3742 2966 3792 τὸν
3004 3742 3410 3808 καθηγούμενον
3435 3743 3602 3807 ἱερέα.
3638 3744 3958 3812 Ἠγούμενοι

2395 3832 2575 3894 δὲ,.ὠ,.
2610 3829 2870 3893 πολλάκις
2899 3831 3142 3899 εἴπομεν,
3179 3831 3385 3901 ἀνίεροι
3416 3832 3674 3897 γίνονται.
3737 3836 3831 3885 Οτι
3863 3838 3953 3887 καὶ

2396 3924 2653 3983 γυναῖκες
2670 3921 3097 3989 ἡγουμενεύουσι
3126 3922 3242 3988 μὲν,
3263 3920 3553 3989 λογισμοὺς
3576 3923 3630 3974 δὲ
3657 3924 3951 3993 ἀνθρώπων

2396 4012 2454 4062 ού
2500 4010 2765 4079 δέχονται.
2810 4009 3027 4063 Τούτων
3065 4009 3236 4072 οὓτως
3268 4012 3517 4080 ἐχόντων,
3568 4012 3783 4078 λέγουσί
3814 4029 3954 4075 τινες

2394 4103 2469 4164 ὼς
2490 4142 2503 4165 ,
2530 4104 2649 4153 επεὶ
2677 4101 2826 4169 παρά
2856 4102 3155 4170 ἀρχιερέων
3183 4102 3217 4170 ἡ
3264 4103 3372 4154 τῶν
3420 4102 3597 4171 κορῶν
3627 4103 3956 4171 καθιέρωσις

2394 4192 2623 4258 γίνεται,
2651 4191 2749 4242 οὐκ
2772 4190 2922 4241 ἔσται
2942 4188 3029 4239 ἐπ’
3056 4191 3235 4250 ἀδείας
3257 4192 3538 4258 ίερωμένῳ
3559 4190 3956 4261 καθηγουμένῳ

2393 4282 2425 4351 ἢ
2450 4282 2632 4342 ἁπλῶς
2656 4282 2788 4351 ἱερεῖ
2823 4280 3042 4349 μοναχῷ
3061 4279 3375 4348 ἀποκείρειν
3408 4281 3699 4351 οίονδήτινα
3727 4283 3955 4351 μοναχὸν

2393 4371 2560 4441 χωρὶς
2611 4370 2975 4437 ἑπισκοπικῆς
3010 4369 3337 4438 ἐπιτροπῆς.
3362 4370 3567 4421 Ταυτὸν
3599 4369 3706 4437 γάρ
3750 4372 3894 4422 ἔστιν
3922 4371 3954 4439 ἡ

731 4468 875 4520 Idem
908 4466 1049 4517 enini
1089 4473 1175 4517 est
1201 4462 1499 4529 puellarum
1524 4457 1864 4513 consecratio
1894 4466 1948 4509 et
1994 4457 2287 4509 monacho—
2316 4457 2395 4516 Dn

2316 4457 2367 4516 υ
2392 4462 2499 4513 τῶν
2528 4461 2701 4529 κομῶν
2738 4460 3068 4529 καθιέρωσις
3100 4462 3191 4509 καὶ
3220 4460 3392 4527 ἠπιων
3430 4460 3679 4526 μοναχῶν
3707 4460 3952 4527 ἀπόκαρ-

732 4571 849 4610 rum
880 4562 1125 4607 tonsura.
1176 4548 1303 4603 Mihi
1343 4555 1521 4602 autem
1560 4546 1790 4612 videtur,
1812 4547 2121 4599 sacerdotes
2153 4559 2291 4613 prae-

723 4648 898 4701 fectos
952 4658 1110 4714 posse
1161 4643 1299 4695 citra
1336 4639 1500 4693 ullutn
1534 4636 1979 4720 impedimentum
2042 4640 2289 4701 tondere,

724 4744 887 4795 etiam
922 4742 1039 4794 sine
1062 4735 1355 4804 episcopali
1389 4731 1761 4801 permissione.
1798 4730 1855 4783 Si
1879 4731 2024 4785 enim
2047 4732 2288 4785 decimus

724 4838 948 4900 quartus
987 4842 1159 4881 canon
1198 4825 1440 4892 septima
1493 4822 1684 4891 synodi
1734 4819 1985 4887 praefecto
2024 4823 2288 4889 permittit

724 4922 884 4975 etiam
920 4917 1141 4972 lectoris
1170 4916 1543 4969 characterem
1595 4911 1646 4963 in
1699 4911 1918 4978 proprio
1955 4913 2287 4964 monasterio

723 5016 923 5072 lacere,
974 5009 1140 5061 multo
1190 5007 1359 5071 magis
1397 5004 1445 5057 ei
1494 5002 1717 5055 tondere
1764 5000 2026 5069 permisit.
2062 5000 2125 5053 Et
2168 5002 2285 5067 lege

722 5117 838 5169 qua
864 5103 917 5154 in
945 5113 1010 5153 eo
1040 5100 1158 5167 ipso
1198 5106 1388 5165 quarto
1421 5095 1631 5147 decinto
1658 5106 1867 5146 canone
1901 5094 2097 5159 scripta
2129 5103 2275 5147 sunt.

722 5193 819 5257 Qui
854 5200 1028 5244 antem
1068 5198 1193 5243 sunt
1218 5186 1533 5255 simpliciter
1565 5186 1875 5237 sacerdotes
1906 5188 2175 5251 monachi,
2210 5187 2278 5240 ob

721 5294 1036 5350 pmumem
1088 5292 1349 5331 canonem
1413 5286 1665 5328 tonsuras
1714 5291 1835 5326 cuiu
1904 5277 2128 5328 scientia
2164 5280 2278 5347 epi-

2395 4569 2503 4614 σις.
2542 4551 2694 4620 Ἐμοὶ
2720 4551 2774 4602 δὲ
2798 4550 2940 4601 δοκεί
2970 4549 3461 4617 ἀπαρεμποδίστως
3498 4548 3626 4609 τοὺς
3664 4550 3827 4617 ίερεῖς
3855 4566 3955 4601 κα-

2394 4642 2761 4711 θηγουμένους
2789 4639 3103 4705 ἀποκείρειν
3132 4638 3226 4690 καὶ
3249 4638 3370 4706 δίχα
3399 4638 3701 4706 ἐπιτροπῆς
3730 4640 3951 4702 ἐπισκο-

2392 4733 2582 4799 πικῆς.
2624 4731 2686 4783 Ei
2724 4730 2831 4798 γάρ
2858 4732 2886 4781 ὁ
2921 4726 2981 4780 ιδ’
3011 4726 3191 4779 κανὼν
3233 4728 3332 4795 τῆς
3374 4727 3415 4789 ζ’
3455 4728 3675 4779 συνόδου
3718 4731 3954 4798 ἐπιχωρεῖ

2389 4823 2467 4892 τῷ
2502 4822 2898 4891 καθηγουμένῳ
2922 4818 3014 4872 xui.
3040 4818 3272 4887 σφαγίδα
3296 4819 3640 4885 ἀναγνώστου
3674 4822 3845 4871 ποιεῖν
3871 4822 3952 4880 εἰς

2386 4916 2485 4983 τὴν
2520 4911 2724 4965 οίκείαν
2766 4913 2932 4979 μονὴν
2954 4950 2969 4975 ,
3002 4908 3175 4975 πολλῷ
3212 4908 3374 4961 πλέον
3424 4907 3763 4980 ἐξεχώρησεν
3801 4908 3953 4975 αύτῷ

2393 5009 2565 5060 ποιεῖν
2592 5006 2691 5073 τὴν
2721 5004 3042 5071 ἀπόκαρσιν.
3084 5002 3192 5054 Καὶ
3219 5000 3491 5066 ἀνάγνωθι
3514 5001 3583 5053 τά
3612 5001 3671 5051 έν
3700 4997 3777 5068 τῷ
3802 4997 3953 5068 αύτῷ

2395 5097 2453 5148 ιδ’
2499 5096 2681 5147 κανόνι
2720 5092 3019 5160 γραφέντα.
3065 5090 3126 5140 υί
3175 5087 3231 5140 δὲ
3274 5086 3459 5145 ἀπλῶς
3514 5088 3675 5154 ίερεῖς
3730 5092 3954 5152 μσναχοι

2391 5190 2662 5255 ὀφείλουσι
2719 5187 2815 5247 τὰς
2876 5182 3216 5251 ἀποκάρσεις
3264 5181 3437 5231 ποιεῖν
3497 5180 3637 5247 μετά
3695 5177 3953 5246 είδήσεως

2390 5280 2749 5347 ἑπισκοπικῆς
2785 5277 2872 5329 διὰ
2894 5277 2983 5327 τὸν
3010 5273 3251 5343 παρόντα
3281 5271 3477 5325 κανόνα
3504 5289 3517 5303 ·
3552 5273 3602 5322 εἰ
3635 5270 3709 5340 μή
3738 5269 3839 5322 πού
3870 5284 3953 5329 τις

1936 5414 2131 5472 tinill.
2176 5419 2503 5497 Bevcrt-gii
2545 5426 2727 5478 llOll‘P.

785 5551 897 5618 (ιο)
932 5544 1467 5618 Σημείωματέτονε
1494 5542 1821 5596 συνοόικὸν
1852 5541 1939 5618 ’ἑκι
1958 5546 2284 5618 προσελεύ-

721 5612 892 5684 vei-ac:
925 5612 1125 5670 Unities
1151 5612 1383 5684 codices
1407 5653 1420 5676 ,
1452 5622 1559 5684 tam
1589 5612 1942 5684 manuscripti
1972 5626 2142 5684 quam
2180 5614 2279 5665 im-

2381 5548 2496 5598 σίου
2533 5547 2597 5597 έκ
2648 5543 3080 5613 προσελεύσεως,
3132 5548 3239 5593 etc.
3267 5536 3576 5613 _Synodalis
3603 5606 3612 5613 _
3636 5532 3935 5613 Δειὶίᾳνοιξο

2374 5616 2518 5683 facta
2549 5623 2626 5667 est
2661 5601 2753 5665 sub
2779 5601 3111 5663 sanctiut'nio
3136 5601 3441 5675 patriarcha
3470 5606 3683 5658 domino
3708 5601 3951 5658 Theodo-

718 5680 905 5758 pressi,
926 5697 1118 5758 praeter
1147 5683 1525 5758 Bodleianum,
1548 5680 1751 5758 legunt,
1777 5681 2270 5758 σημείωμαγέγονε
2370 5680 2382 5737 i

1473 5696 1525 5743 n,
1548 5680 1751 5758 legunt,
1777 5681 2270 5758 σημείωμαγέγονε
2370 5680 2470 5749 εἰσ,
2504 5700 2567 5737 ex
2596 5683 2999 5750 supplicatione,
3031 5693 3137 5732 etc.

718 5751 988 5811 συνοδικὸν
1020 5757 1110 5806 τοῦ
1138 5756 1438 5821 ἀγιωτάτου
1487 5753 1823 5818 πατριάρχου
1861 5751 2025 5817 κυςού
2076 5751 2269 5802 65050-
