4214 6438
251 378 323 439 45
1312 379 1391 441 1N
1419 378 1582 440 CAN.
1641 378 1710 437 γι
1764 374 1968 432 conc.
2008 369 2375 429 CARTHAG.
3391 358 3459 417 ιδ

257 489 353 540 καὶ
387 488 545 543 τοῦτο
573 491 789 561 θελήσει
822 497 1066 561 γίνεσθαι
1090 496 1227 549 κατὰ
1254 495 1421 563 μόνην
1449 489 1544 543 τοῦ
1574 483 1811 557 μοναιοῧ
1846 492 1883 545 Α
1915 497 1921 531 ¹

1796 484 1811 535 ι
1846 492 1883 545 Α
1915 480 2062 545 scopi
2114 478 2294 530 facere
2353 474 2545 529 debent
2577 490 2590 525 :
2626 472 2725 524 nisi
2760 470 2881 535 quis
2928 468 3065 521 forte
3115 466 3217 520 hoc
3247 476 3460 531 quoque

254 578 444 644 ἱερέως
483 552 699 648 θέλησιύ
730 552 1207 655 ἂκδντῆςιμακριις
1244 552 1529 650 συνηθείας
1552 552 1652 643 τῆς
1681 552 1800 626 ἀντὶ
1897 582 1918 619 l

1792 589 1800 621 ι
1897 568 2007 619 sola
2058 566 2304 617 monachi
2362 560 2664 616 sacerdotis
2705 559 2977 624 voluntate
3031 556 3148 606 ﬁeri
3205 552 3456 611 velit.es

253 668 420 733 νόμου
454 672 544 721 καὶ
576 676 795 734 κανόνος
826 674 1128 743 κρατούσης
1161 674 1320 741 μέχρι
1344 672 1432 724 τοῦ
1462 672 1574 723 νῦν·

325 846 907 915 ΖΩΝᾹΡηΧρίσματος
939 845 1151 913 ποίησις
1188 846 1221 915 ἡ
1252 846 1339 895 ἐπὶ
1371 844 1448 911 τῷ
1477 845 1615 910 ἁγίῳ
1649 844 1804 910 μύρῳ

253 944 371 994 ἐστὶ
408 941 619 1005 τελετή.
655 937 987 1005 Καταλλαγὴ
1030 937 1086 987 δέ
1123 936 1521 1002 μετανοούντων
1548 934 1611 985 τὸ
1647 934 1805 985 λῦσαι

252 1031 344 1083 τδν
375 1028 907 1096 ἐξομολογησάμενον
938 1025 1033 1077 τοῦ
1074 1025 1347 1093 ἐπιτιμίου
1371 1064 1386 1087 ,
1423 1026 1517 1076 καὶ
1547 1027 1603 1075 ἐν
1640 1042 1805 1092 μετα-

252 1121 372 1190 νοίᾳ
404 1121 689 1186 γενόμενον
722 1121 812 1169 καὶ
841 1115 1254 1184 ἐπιτιμηθέντα.
1304 1116 1388 1175 '0;
1422 1116 1529 1184 γὰρ
1555 1115 1653 1183 ἠδη
1689 1117 1805 1167 lxa-

251 1212 356 1273 νῶς
392 1212 518 1271 ἴσως
540 1212 565 1261 ὁ
584 1207 817 1267 τοιοῦτος
836 1207 1121 1265 δουλεύσας
1146 1205 1220 1272 τῷ
1243 1206 1513 1274 ἐπιτιμίῳ,
1540 1206 1571 1273 ἢ
1606 1206 1695 1257 καὶ
1716 1205 1804 1257 τὸν

249 1300 552 1368 ὡρισμένον
580 1298 872 1365 πληρώσας
898 1296 1105 1363 χρόνον,
1137 1295 1233 1347 καῖ
1259 1294 1514 1361 ἀνάλογον
1544 1294 1807 1357 ἐπιδειξά-

258 1405 421 1459 μενος
463 1388 559 1455 τὴν
595 1388 905 1455 μετάνοιαν,
942 1386 1128 1436 λύεται
1159 1384 1254 1437 τοῦ
1284 1384 1579 1451 ἐπιτιμίου,
1625 1386 1720 1437 καὶ
1770 1384 1803 1453 ἢ

253 1480 575 1532 συνεστάναι
616 1479 729 1537 τοῖς
771 1478 984 1535 πιστοῖς
1031 1477 1457 1543 παραχωρεῖται,
1508 1475 1541 1543 ἢ
1576 1475 1670 1525 καὶ
1700 1473 1807 1525 τῶν

252 1568 613 1635 ἁγιασμάτων
640 1566 1090 1634 μεταλαμϐάνειν.
1111 1564 1481 1617 Καταλλάττει
1501 1563 1607 1631 γὰρ
1622 1562 1807 1629 ὥσπερ

253 1658 419 1709 αὐτὸν
452 1656 528 1724 τῷ
560 1655 677 1726 Θεῷ
704 1656 732 1706 ό
782 1654 1066 1723 ἀρχιερεὺς
1097 1652 1183 1704 διὰ
1227 1653 1323 1719 τῆς
1367 1652 1679 1720 μετανοίας,
1714 1651 1809 1703 καὶ

254 1746 399 1797 οὕτω
422 1747 733 1812 συνίστησιν
754 1744 913 1795 αὐτὸν
941 1747 1053 1805 τοῖς
1076 1745 1283 1805 πιστοῖς
1306 1743 1363 1793 ἐν
1386 1743 1452 1810 τῇ
1492 1740 1805 1811 Ἐκκλησία,
1834 1781 1883 1841 Β

254 1834 475 1886 καὶτῶν
505 1832 859 1899 ἁγιασμάτων
882 1831 1126 1895 καταξιοῖ
1147 1845 1161 1860 ο
1185 1830 1216 1899 ἢ
1242 1832 1355 1893 καὶ,
1387 1831 1464 1880 ἐτι
1490 1829 1587 1881 τοῦ
1615 1830 1805 1898 χρόνου

251 1921 351 1997 τῆς
372 1920 653 1987 μετανοίας
673 1917 1182 1985 ἐπιδαψιλευομινου
1194 1917 1647 1981 καταλλάττεται,
1661 1917 1807 1970 ἐστιν

254 2012 363 2074 ὅτε,
395 2012 480 2062 ὅτε
516 2009 715 2078 δηλαδὴ
747 2010 874 2077 περὶ
902 2008 1001 2077 τὴν
1035 2006 1180 2077 ζωὴν
1214 2008 1531 2067 κινδυνεύει,
1568 2006 1642 2068 ὥς
1677 2024 1808 2076 φησι

251 2102 383 2169 περὶ
422 2099 611 2152 τούτου
652 2102 680 2150 ὁ
709 2099 909 2166 ἐφεξῆς
946 2097 1141 2152 κανών.
1173 2098 1366 2166 Κορῶν
1398 2098 1453 2150 δέ
1484 2097 1808 2166 καθιέρωσις

251 2193 376 2259 οὐχὶ
427 2191 791 2243 διακονισσιῖιν-
832 2189 1134 2258 χειροθεσία
1181 2172 1360 2240 ἐστίν·
1405 2188 1517 2241 ἀλλ’
1574 2188 1691 2251 ἔθος
1740 2185 1809 2259 ἦν

252 2279 624 2348 προσάγεσθαι
656 2280 820 2346 κόρας
862 2281 980 2339 ταῖς
1011 2277 1325 2345 ἐκκλησίαις
1355 2278 1650 2344 παρθενίαν
1679 2280 1810 2347 ὁμο·

250 2370 544 2435 λοτούσας,
579 2370 673 2421 καὶ
702 2369 954 2433 ἁγνεύειν
985 2369 1416 2434 ύπισχνουμένας
1435 2408 1450 2431 ,
1484 2368 1579 2421 καὶ
1609 2367 1811 2430 ταύτας

246 2463 301 2511 οι
344 2460 628 2510 ἐπίσκοποι
682 2457 749 2510 δι’
788 2458 959 2525 εὐχῶν
990 2456 1311 2523 καθιέρουν,
1358 2456 1434 2517 ὠς
1462 2455 1809 2518 ἀνατεθείσας

248 2553 329 2619 τῷ
373 2551 512 2617 Θεῷ,
563 2551 656 2602 καὶ
708 2551 901 2600 ἐκεῖνοι
951 2544 1263 2615 ἐφρόντιζον
1307 2546 1403 2614 τῆς
1438 2546 1679 2614 φυλακῆς
1718 2546 1810 2598 καὶ

246 2642 539 2708 ἀναγωγῆς
565 2640 765 2699 αὐτῶν,
802 2639 935 2705 μετὰ
960 2638 1019 2689 τὸ
1039 2636 1371 2705 χωρισθῆναι
1405 2637 1572 2698 αὑτὰς
1601 2638 1664 2688 ἐκ
1699 2637 1808 2690 τῶν

248 2734 502 2798 πατέρων
549 2729 724 2780 αὐτῶν
772 2726 949 2787 καθὼς
994 2726 1141 2794 δηλοῖ
1163 2728 1191 2777 ὁ
1224 2725 1303 2795 μδ⁹
1343 2727 1520 2780 κανὼν
1550 2728 1647 2795 τῆς
1668 2742 1810 2795 παρ-

245 2816 414 2889 ούσης
461 2820 701 2874 συνόδου.
750 2818 930 2868 Ταῦτα
952 2812 1045 2868 οὖν
1072 2817 1319 2880 γίνεσθαι
1343 2818 1492 2883 παρὰ
1514 2816 1811 2888 πρεσϐυτέ-

249 2903 361 2976 ρων
402 2911 780 2978 ἀπηγόρευσεν
812 2908 845 2974 ἡ
891 2906 1125 2967 σύνοδος.
1177 2906 1330 2971 Παρὰ
1363 2906 1470 2971 γὰρ
1511 2906 1809 2974 ἀρχιερέων

248 3004 346 3055 καὶ
373 3004 431 3053 τὸ
482 3001 635 3065 ἅγιον
679 3000 887 3067 χρίσμα
934 2996 1167 3047 τελεῖται
1216 2997 1309 3049 καὶ
1356 2995 1663 3060 ἁγιάζεται,
1711 2994 1809 3046 καὶ

1902 659 2055 722 longa
2085 652 2492 716 consuetudine,
2527 662 2646 718 quae
2674 662 2770 714 pro
2794 646 2905 710 lege
2936 654 2988 695 ut
3017 657 3224 695 canone
3260 643 3458 693 hucus-

1901 764 2003 816 que
2032 747 2281 800 obtinuit.

1980 834 2233 889 ΖΟΝΑΒ.
2286 832 2612 888 Chrismatis
2635 829 2906 884 confectio
2948 838 3030 881 est
3058 828 3197 879 sacri
3258 828 3358 878 olei
3392 842 3457 879 es

1906 925 2137 992 mystico
2156 922 2604 976 caeremoniarum
2658 920 2764 971 ritu
2794 902 3154 971 consecratio:
3190 915 3459 967 Pa‘nitett-

1906 1015 2038 1065 tium
2069 1026 2198 1065 vero
2258 1009 2622 1065 reconciliatio
2655 1008 2734 1071 lit,
2761 1021 2882 1061 cum
2942 1005 3206 1073 quispiam
3258 1004 3459 1057 crimen

1910 1101 2217 1165 confessus,
2280 1109 2563 1170 postquam
2638 1099 2776 1151 inter
2806 1096 3131 1167 pmnitentcs
3163 1094 3292 1162 egit,
3325 1097 3463 1146 mul-

1908 1200 2124 1259 tamque
2184 1191 2471 1259 persolvit',
2504 1204 2534 1243 a
2565 1203 2718 1259 paena
2757 1189 2807 1241 in
2843 1187 3079 1239 futurum
3123 1195 3331 1252 tempus
3365 1186 3462 1239 ab-

1906 1281 2155 1335 solvitur.
2181 1280 2463 1349 Tanquam
2496 1281 2637 1333 enim
2671 1280 2717 1333 is
2744 1277 2883 1332 forte
2906 1278 3016 1343 jam
3059 1277 3191 1328 satis
3212 1276 3457 1343 supplicii

1907 1372 2092 1437 luerit,
2119 1372 2203 1427 vel
2241 1373 2402 1426 etiam
2433 1372 2557 1440 quia
2586 1370 2860 1424 deﬁnitum
2892 1377 3104 1435 tempus
3130 1365 3459 1432 impleverit.

1909 1479 1971 1519 ac
1993 1464 2126 1518 satis
2148 1476 2397 1531 magnum
2420 1462 2585 1514 animi
2611 1461 2846 1513 dolorem
2868 1471 2965 1525 pro
2993 1458 3197 1509 ratione
3216 1455 3459 1509 criminis

1886 1554 2188 1614 'Indicarlt,
2220 1568 2248 1604 a
2280 1564 2434 1619 ptrna
2468 1550 2747 1610 liberatur,
2770 1547 2927 1614 eique
2948 1547 3029 1600 vel
3062 1560 3183 1598 cum
3212 1543 3460 1597 iidelibus

1909 1643 2227 1708 consistere,
2252 1642 2338 1695 vel
2369 1640 2538 1694 sacris
2561 1638 2722 1691 etiam
2757 1637 3030 1705 mysteriis
3066 1636 3465 1689 communicare

1910 1730 2262 1801 permittitur.
2295 1730 2405 1783 Deo
2454 1728 2595 1782 enim
2631 1726 3026 1795 quodannnodo
3058 1724 3309 1779 conciliat
3338 1738 3461 1776 eum

1916 1820 2171 1888 antistes,
2235 1818 2612 1872 intercedente
2671 1817 3013 1886 paenitentia,
3058 1831 3119 1865 ac
3157 1814 3209 1867 in
3239 1810 3461 1867 ecclesia

1910 1925 2035 1966 cum
2067 1909 2319 1964 ﬁdelibus
2355 1908 2673 1973 constituit,
2696 1918 2855 1973 atque
2877 1909 2943 1959 ad
2971 1916 3280 1959 sanctorum
3316 1916 3463 1955 com-

1908 2001 2328 2055 municationem
2374 2000 2631 2054 admittit.
2688 1997 3019 2053 Conciliatur
3062 2005 3313 2062 praterea
3342 1994 3463 2060 quis

1907 2092 2218 2161 aliquando,
2242 2092 2363 2145 licet
2388 2090 2721 2159 paenitentia:
2748 2099 2986 2159 tempore
3008 2090 3240 2141 nondum
3259 2088 3462 2152 elapso,

1912 2184 1957 2236 si
1993 2184 2059 2237 de
2086 2182 2199 2237 vita
2233 2183 2480 2237 videlicet
2512 2183 2565 2235 in
2611 2180 2909 2250 periculum
2944 2180 3147 2239 veniat,
3182 2185 3237 2230 ut
3268 2179 3333 2229 de
3366 2178 3465 2228 hac

1911 2290 1969 2330 re
2004 2290 2177 2328 canon
2234 2276 2285 2327 iu
2331 2274 2684 2343 sequentibus
2718 2272 2958 2347 disserit.
3020 2271 3267 2339 Virgines
3304 2283 3464 2337 porro

1918 2380 2243 2421 consecrare
2291 2382 2395 2420 nun
2449 2367 2587 2421 idem
2616 2375 2720 2430 est,
2756 2379 2819 2419 ac
2843 2362 3176 2417 diaconissas
3207 2374 3462 2414 manuum

1922 2460 2264 2527 impositionc
2286 2459 2655 2523 constituere;
2688 2471 2871 2511 verum
2909 2456 3117 2523 antiqui
3150 2454 3315 2507 moris
3343 2451 3465 2517 fuit,

1907 2550 2132 2618 puellas,
2169 2566 2287 2618 qua:
2317 2550 2680 2617 virginitatem
2708 2533 3104 2615 prollterentur'
3125 2553 3179 2596 et
3207 2543 3464 2596 castimo-

1910 2639 2055 2693 niam
2108 2647 2383 2702 voverent,
2419 2638 2471 2690 in
2527 2636 2725 2704 templo
2785 2636 2999 2698 sistere,
3052 2648 3188 2702 quas
3230 2631 3467 2699 episcopi

1910 2728 2171 2782 adhibitis
2210 2727 2634 2796 precationibus,
2678 2724 2842 2779 veluti
2878 2725 2987 2777 Deo
3021 2725 3250 2785 dicatas,
3284 2736 3470 2773 conse-

1910 2818 2187 2893 crabant,
2243 2829 2541 2884 earumque
2590 2816 2847 2869 custodiae
2922 2830 2985 2869 ac
3058 2812 3414 2866 institutionis
3451 2849 3467 2872 ,

1910 2916 2196 2976 postquam
2257 2922 2285 2959 a
2334 2905 2648 2974 parentibus
2698 2906 3074 2964 secessissent,
3118 2918 3301 2956 curam
3368 2903 3467 2970 ipsi

1910 2996 2294 3065 suscipiebant,
2318 3004 2454 3049 utex
2479 3002 2667 3062 quarto
2696 3002 2749 3047 et
2778 2992 3184 3061 quadragesimo
3204 2991 3361 3059 hujus
3383 3004 3473 3058 sy-

246 3091 564 3158 καταλλαγὴ
604 3088 1003 3155 μετανοούντων
1044 3085 1272 3151 γίνεται.
1309 3078 1403 3146 Οἷς
1450 3085 1558 3154 γὰρ
1586 3085 1803 3153 δεσμεῖν
1831 3093 1873 3152 c
1907 3104 1910 3140 ι

1831 3093 1873 3152 c
1907 3089 2032 3158 nodj
2058 3099 2261 3140 canone
2278 3084 2431 3139 facile
2457 3092 2695 3151 apparet.
2729 3081 2883 3150 521
2917 3079 3040 3133 Haec
3056 3094 3184 3147 ergo
3203 3095 3231 3131 a
3255 3080 3472 3147 presby-

245 3180 475 3242 δέδοται,
514 3177 716 3236 τούτοις
736 3175 833 3226 καὶ
859 3174 916 3225 τὸ
947 3172 1091 3225 λύειν
1114 3174 1529 3238 ἐπιτέτραπται.
1560 3173 1666 3224 Kal
1690 3170 1807 3239 ἅμα

1907 3177 2035 3231 teris
2058 3176 2170 3231 lieri
2195 3175 2431 3245 synodus
2456 3174 2641 3227 vetuit.
2676 3171 2777 3225 Per
2803 3171 3071 3224 antistites
3099 3171 3240 3222 enim
3268 3182 3315 3221 et
3349 3184 3474 3220 san-

245 3268 571 3335 διακρίσεως
593 3264 850 3331 ἁκριῦοῦς
872 3264 1029 3331 χρεία
1053 3264 1130 3322 είς
1154 3262 1214 3314 τὸ
1238 3262 1459 3328 γνῶναι,
1480 3262 1528 3313 εί
1550 3262 1611 3313 ἐκ
1633 3260 1807 3330 ψυχῆς
1906 3289 1909 3309 ι

1805 3280 1807 3287 '
1906 3276 2047 3319 Clum
2066 3264 2302 3318 chrisma
2328 3261 2552 3315 solemni
2578 3262 2680 3313 ritu
2698 3259 2983 3313 coniicitur
3009 3267 3063 3310 et
3086 3255 3469 3311 sanctiﬁcatur.

254 3355 548 3423 μετενόησε
603 3354 694 3404 καί
745 3352 1062 3419 ἀρκούντως
1108 3353 1143 3403 ὁ·
1190 3352 1539 3419 ἁμαρτήσας,
1598 3352 1733 3419 πρὸς
1773 3349 1809 3402 ἃ.
1911 3376 1918 3407 ι

1807 3389 1809 3398 ι
1911 3368 1963 3411 et
1999 3356 2173 3423 poenis
2202 3353 2415 3407 obnoxii
2447 3351 2823 3406 conciliantur.
2852 3349 3053 3413 Quibus
3082 3349 3226 3402 enim
3255 3347 3471 3413 ligandi,

246 3447 281 3497 ό
315 3444 691 3515 πρεσϐύτερος
717 3444 847 3502 ἴσως
878 3442 975 3509 οὐχ
1011 3441 1193 3502 ἱκανὸς
1225 3441 1399 3495 ἔσται.
1435 3443 1541 3493 Kal
1570 3443 1602 3511 ὴ
1633 3440 1811 3510 κορῶν

1810 3464 1811 3473 ‘
1911 3448 2100 3501 iisdem
2154 3454 2208 3497 et
2263 3442 2506 3498 solvendi
2568 3451 2805 3510 potestas
2836 3442 3102 3508 permissa
3133 3447 3236 3493 est.
3274 3438 3474 3491 Solerti

249 3534 588 3600 καθιέρωσις
635 3530 784 3599 παρὰ
816 3529 1115 3598 ἀρχιερέων
1148 3528 1392 3595 γίνεσθαι
1428 3530 1809 3594 διατέτακται,

1914 3542 2173 3603 praeterea
2203 3532 2415 3598 judicio
2444 3542 2527 3583 est
2554 3543 2713 3597 opus,
2752 3538 2844 3592 ut,
2875 3543 2940 3581 an
2974 3544 3038 3581 ex
3072 3529 3251 3579 animo
3300 3527 3477 3580 doleat

250 3630 343 3679 ῖνα
384 3627 592 3691 εἴδησιν
638 3623 775 3690 ἔχων
820 3623 899 3672 ὃτι
947 3618 1381 3688 καθιερώθησαν,
1423 3621 1681 3689 φροντίζῃ
1723 3622 1814 3671 καὶ

1812 3658 1814 3669 ι
1914 3625 2005 3693 qui
2057 3622 2300 3689 peccavit
2354 3629 2406 3673 et
2458 3623 2592 3673 satis
2647 3620 2895 3689 supplicii
2937 3620 3117 3684 luerit,
3150 3618 3476 3685 investiges;

250 3718 349 3784 τῆς
391 3712 571 3766 αὐτῶν
607 3710 877 3777 διαγωγῆς
913 3726 973 3760 τε
1010 3710 1103 3761 καὶ
1148 3709 1394 3777 φυλακῆς
1436 3710 1663 3771 Exacto;
1703 3710 1812 3760 τῶν

1915 3712 1985 3765 ad
2016 3726 2134 3778 quae
2163 3709 2493 3774 providenda
2541 3708 2720 3763 minus
2752 3709 2982 3761 idoneus
3033 3707 3171 3760 forte
3224 3708 3479 3760 sacerdos

252 3804 591 3856 ἐπισκόπων.
624 3800 696 3850 Τὸ
720 3799 777 3849 δέ
806 3796 1137 3859 καταλλάξαι
1168 3799 1248 3857 είς
1275 3798 1541 3864 δημοσίαν
1570 3797 1815 3865 λειτουρ-

1814 3829 1815 3835 η
1920 3800 2105 3856 fuerit.
2168 3799 2415 3869 Virgines
2472 3812 2688 3869 quoque
2740 3812 2837 3866 per
2873 3798 3145 3856 antistites
3169 3799 3478 3860 consecrari

252 3896 380 3962 γίαν
437 3890 677 3944 τοιοῦτόν
731 3892 920 3941 ἐστιν’
980 3889 1041 3940 Οί
1100 3887 1511 3956 ἐπιτιμηθέντες
1566 3888 1660 3941 καὶ
1717 3888 1817 3956 τῆς

1919 3892 2191 3946 decretum
2227 3900 2333 3954 est,
2364 3898 2423 3943 ut
2472 3902 2595 3942 cum
2622 3904 2717 3942 eas
2771 3889 3009 3942 initiatas
3076 3904 3195 3942 esse
3244 3889 3481 3957 episcopi

252 3984 543 4051 ἐκκλησίας
574 3980 879 4050 εἰργόμενοι
904 3980 959 4030 ἐν
990 3982 1110 4039 ταῖς
1144 3978 1394 4041 συνάξεσι
1428 3978 1524 4047 μὲν
1550 3980 1683 4047 μετὰ
1708 3979 1816 4030 τῶν

1814 3996 1816 4017 ι
1920 3981 2120 4042 norint,
2203 3993 2388 4033 earum
2444 3978 2776 4032 institutioni
2852 3988 2908 4031 et
2970 3978 3227 4032 custodiae
3285 3978 3478 4047 singuli

253 4074 465 4127 πιστῶν
500 4072 561 4123 ού
608 4068 1062 4138 παραχωροῦνται
1107 4069 1449 4121 συνίστασθαι
1480 4085 1493 4097 ·
1538 4067 1660 4119 καθ’
1696 4069 1819 4120 ἐαυ-

1812 4097 1819 4107 -
1926 4068 2253 4122 deserviant.
2294 4067 2443 4133 Quod
2498 4077 2677 4120 autem
2709 4068 2933 4129 dicitur,
2973 4068 3039 4119 ad
3088 4067 3365 4135 publicum
3400 4066 3476 4118 rei

251 4167 377 4226 τοὺς
423 4164 480 4216 δέ
514 4165 701 4231 ὑμνεῖν
736 4162 827 4213 τὸν
871 4160 1003 4212 Θεὸν
1037 4162 1129 4211 καὶ
1162 4160 1378 4212 δέεσθαι
1424 4158 1587 4211 αὐτοῦ
1613 4161 1673 4210 οὐ
1704 4175 1817 4211 κω-

1812 4189 1817 4202 ι
1922 4174 2087 4213 sacrae
2110 4158 2467 4212 ministerium
2494 4158 2807 4223 conciliare,
2835 4158 3047 4212 id'vero
3068 4173 3149 4212 est
3173 4158 3433 4224 ejusmodi
3463 4175 3476 4209 :

252 4258 473 4310 λύονται
493 4270 506 4283 ο
534 4256 618 4307 ὅτε
644 4237 816 4305 δὲ’τοῦ
844 4251 1121 4318 ἐπιτιμίου
1147 4250 1368 4311 λυθῶσι,
1392 4250 1512 4301 τότε
1543 4250 1819 4302 συνίσταν·

1818 4281 1819 4287 η
1923 4250 2129 4315 Quibus
2192 4249 2373 4302 multte
2431 4249 2647 4302 indictae
2700 4257 2844 4312 sunt,
2883 4249 3082 4315 quique
3143 4250 3208 4301 ah
3242 4248 3482 4301 Ecclesia

253 4363 345 4399 ται
370 4348 481 4405 τοῖς
513 4344 745 4403 πιστοῖς,
768 4342 862 4392 καὶ
888 4339 1139 4408 δημοσίᾳ,
1168 4337 1334 4407 ἧγουν
1360 4338 1495 4406 μετὰ
1525 4337 1617 4389 τοῦ
1645 4338 1816 4407 δήμου
1848 4399 1885 4408 _

1848 4399 1885 4408 _
1925 4352 2177 4395 arcentur
2214 4377 2229 4403 ,
2295 4340 2361 4393 iis
2414 4340 2467 4392 in
2526 4349 2793 4393 conventu
2889 4338 3126 4392 iidelium
3184 4339 3483 4393 c0nsislere

254 4436 363 4488 τῶν
415 4399 644 4493 πιστῶν,
701 4399 793 4482 τοῦ
847 4399 1814 4497 πλήθους.δηλαδὴίλειτουργούσιν,
1848 4399 1893 4453 D

1848 4399 1893 4453 θ
1926 4399 2336 4501 haudquaquam
2355 4430 2518 4495 licet;
2544 4431 2795 4499 privatim
2822 4439 2998 4484 tamen
3022 4430 3216 4484 divinis
3241 4430 3483 4483 laudibus

252 4530 373 4583 ἀντὶ
404 4525 500 4577 τοῦ
534 4522 785 4591 φανερῶς
819 4519 1049 4588 ὑμνοῦσι
1080 4520 1139 4570 τὸ
1174 4519 1335 4578 θεῖον,
1373 4522 1463 4570 καὶ
1500 4519 1816 4587 λατρεύουσι

1925 4539 1988 4579 ac
2047 4523 2347 4593 precationi
2403 4536 2598 4575 vacare
2660 4521 2881 4575 minime
2951 4520 3321 4589 prohibentur.
3385 4518 3484 4573 Ubi

249 4618 329 4685 τῷ
356 4616 499 4684 Θεῷ.
536 4614 882 4681 Ἐξείληπται
909 4612 1018 4678 γὰρ
1041 4612 1100 4661 τὸ
1131 4608 1463 4679 λειτουργεῖν
1492 4612 1586 4662 καὶ
1612 4611 1704 4661 ἐπὶ
1728 4611 1818 4662 λα-

1924 4629 2056 4669 vero
2087 4628 2261 4682 pinnae
2288 4612 2506 4665 obnoxii
2534 4625 2652 4665 esse
2677 4610 2959 4673 desierint,
2996 4620 3126 4665 tunc
3159 4613 3224 4664 ad
3248 4609 3485 4664 ﬁdelium

248 4709 437 4779 τρείις
471 4708 566 4759 καὶ
609 4705 797 4773 ὕμνου.

1924 4719 2275 4774 congressum
2308 4703 2689 4765 admittuntur,
2724 4711 2779 4756 et
2806 4702 3041 4770 publice,
3076 4704 3177 4755 hoc
3216 4711 3321 4764 est,
3356 4716 3481 4755 cum

251 4801 473 4873 populo,
506 4796 739 4851 iideliutr.
789 4793 1040 4879 videlicet
1086 4792 1450 4857 multitudine,
1530 4796 1607 4850 rei
1658 4813 1829 4857 sacrae
1906 4797 2210 4859 ministerio
2261 4804 2476 4859 vacant,
2536 4796 2639 4849 hoc
2692 4805 2794 4856 est,
2888 4795 3007 4849 luce
3063 4799 3238 4863 palam
3288 4796 3483 4849 divinis

250 4883 1275 4942 laudibusaevenerationiinserviunt.
1330 4882 1443 4938 Hoc
1485 4884 1601 4940 loco
1665 4903 1897 4960 namque
1937 4888 2210 4945 veneratio
2268 4896 2323 4941 et
2374 4882 2556 4941 laudes
2607 4902 2702 4955 per
2758 4888 2833 4942 rei
2903 4901 3070 4942 sacrae
3132 4886 3486 4941 ministerium

253 4981 652 5049 signiﬁcantur.

252 5074 471 5128 ΔΡΙΣΤ.
512 5091 529 5122 ι
571 5072 678 5124 Kal
706 5070 1014 5141 χρίσματος
1031 5070 1269 5138 ποίησις,
1302 5071 1468 5139 ἦγουν
1498 5069 1670 5140 μύρου
1726 5091 1823 5124 κα.

331 5182 349 5214 ι
386 5162 647 5229 τασκευὴ,
709 5163 887 5230 κορῶν
936 5160 1290 5227 καθιέρωσις,
1351 5161 1446 5211 καὶ
1504 5160 1817 5233 καταλλαγή

1925 5070 2158 5128 ARIST.
2198 5090 2216 5123 ι
2276 5071 2342 5124 Et
2371 5070 2687 5126 chrismatis
2725 5068 3012 5131 confectio,
3064 5069 3180 5122 sive
3228 5066 3483 5135 unguenti

1997 5178 2014 5209 ‹
2056 5160 2401 5229 praeparatio,
2444 5158 2749 5227 puellarum
2782 5160 3150 5223 consecratio,
3197 5167 3252 5211 et
3289 5172 3484 5211 recon-

330 5275 348 5306 ι
386 5269 530 5313 τινος
561 5253 640 5312 είς
665 5250 927 5318 δημοσίαν
958 5247 1304 5317 λειτουργίαν
1329 5288 1344 5314 ,
1377 5246 1484 5299 ἀπὸ
1514 5248 1817 5315 πρεσϐυτέο

328 5361 349 5395 ι
388 5360 497 5412 ρων
529 5342 602 5412 μὴ
632 5339 879 5407 γινέσθω.
919 5357 938 5389 ι

1996 5359 2014 5393 ε
2047 5358 2077 5396 a
2109 5340 2444 5412 presbyteris
2472 5356 2537 5395 ne
2568 5340 2710 5395 (iatn

322 5435 434 5500 Τὴν
468 5434 561 5485 τοῦ
595 5432 752 5498 ἁγίου
784 5431 956 5500 μύρου
990 5433 1360 5499 κατασκευὴν,
1388 5431 1484 5481 καὶ
1514 5432 1815 5496 τελείωσιν,

1994 5432 2178 5487 Sancti
2198 5432 2508 5486 chrismatis
2524 5442 2990 5500 praeparationem,
3009 5441 3062 5485 et
3080 5432 3484 5500 perfectionem,

248 5526 344 5577 καὶ
374 5526 475 5592 τὴν
504 5524 832 5592 καθιέρωσιν
860 5525 966 5574 τῶν
993 5522 1277 5594 παρθένων
1300 5564 1313 5585 ,
1357 5525 1452 5578 καὶ
1479 5524 1573 5594 τὴν
1603 5524 1813 5577 τελείαν

1920 5534 1975 5579 et
2011 5524 2475 5578 consecrationem
2505 5525 2798 5592 virginum,
2833 5533 2887 5577 et
2933 5523 3225 5592 perfectam
3274 5540 3482 5581 eorum.

250 5618 599 5685 καταλλαγὴν
629 5618 734 5668 τῶν
764 5618 820 5667 ἐν
852 5616 1105 5685 μετανοίᾳ
1128 5656 1141 5680 ,
1180 5614 1319 5667 ὥστε
1351 5619 1546 5677 αὐτοὺς
1577 5616 1811 5686 δημοσίᾳ

1921 5613 2012 5681 qui
2064 5612 2433 5681 pmniteutiam
2481 5623 2668 5681 agunt,
2727 5614 3255 5677 reconciliationem,
3314 5624 3367 5665 ut
3408 5614 3478 5664 illi

250 5712 383 5767 μετὰ
433 5708 537 5757 τῶν
569 5708 775 5758 πιστῶν
808 5706 1183 5771 συνίστασθαι,
1223 5708 1314 5758 καὶ
1337 5706 1441 5758 τῶν
1466 5705 1621 5757 θείων
1647 5722 1812 5773 μετα-

1811 5735 1812 5744 ι
1920 5703 2132 5774 publice
2179 5717 2298 5758 cum
2360 5702 2609 5757 ﬁdelibus
2663 5704 2988 5768 consistant,
3053 5716 3107 5759 et
3173 5705 3475 5759 divinorum

1999 5270 2018 5302 ι
2059 5251 2261 5306 cilialio
2287 5251 2585 5321 cujuspiam
2619 5250 2685 5305 ad
2717 5266 2872 5305 sacra
2905 5251 3115 5320 publice
3142 5251 3486 5315 celebranda,
