4214 6438
258 378 334 441 ω
1316 395 1396 454 ιιι
1436 395 1599 454 CAN.
1640 393 1782 454 Vlll
1814 390 2017 449 conc.
2058 393 2431 451 caurum.
3402 380 3471 441 50

256 493 477 547 εεσσιεῖν
506 498 626 551 οὔτε
651 499 799 551 λύειν
825 500 1038 567 ἰχθύσιν
1061 499 1331 561 ἔξουσίαν.
1359 498 1481 559 Τοῖς
1511 498 1620 564 γὰρ
1653 497 1813 563 ίεροτς

1919 496 2019 549 nisi
2053 497 2304 565 episcono
2336 495 2665 548 concedente
2707 493 2758 545 id
2810 491 3031 553 faciant.
3063 502 3236 555 neque
3270 485 3472 554 ligandi

258 586 569 649 ἀποστόλοις
630 591 729 659 τὴν
772 590 1019 653 ἔξουσίαν
1050 589 1252 656 ταύτην
1281 589 1477 642 ιδωκεν
1502 591 1530 639 ό
1567 587 1813 656 Χριστός·

1924 600 2095 652 neque
2156 584 2395 637 solvendi
2430 584 2591 636 ullam
2648 582 2953 635 facultatem
3012 581 3226 631 habent.
3290 575 3473 628 Sacris

260 678 436 733 Τόπον
494 681 550 733 ss
597 682 705 733 τῶν
744 680 1053 733 ἀποστόλων
1095 681 1143 731 ol
1185 680 1458 748 ἀρχιερεῖς
1500 676 1813 745 πληροῦσιν.

1923 673 2065 723 enim
2118 673 2377 736 apostolis
2422 687 2484 724 ea
2543 680 2781 737 potestas
2851 684 2878 720 a
2931 669 3146 721 Christo
3208 666 3357 717 data.
3414 661 3472 715 In

1924 761 2289 827 apostolorum
2376 777 2537 829 porro
2622 761 2797 812 locum
2883 758 3074 810 sumini
3172 756 3475 809 sacerdotes

1924 854 2192 907 substituti
2228 865 2386 922 atque
2419 854 2632 907 sutfecti
2668 863 2812 907 sunt.

256 938 479 994 ΔΡΙΣΤ.
525 960 543 991 ι
580 943 685 994 Τδν
729 944 785 994 ὲν
831 943 1056 1010 κινδύνῳ
1129 942 1442 994 καθεστῶτα
1491 940 1813 1003 καταλλάξαι

1923 944 2145 999 AltlST.
2185 964 2203 996 t
2241 947 2533 1005 Sacerdos.
2564 944 2868 1011 quempiam
2904 943 2954 994 in
2993 939 3234 1005 periculo
3278 937 3473 991 consti-

333 1052 350 1083 ι
394 1035 506 1093 τοϊς
529 1034 569 1083 ίε
583 1036 690 1102 pot;
714 1033 1122 1100 θυσιαστηρίοις
1146 1034 1313 1085 θέλων
1339 1033 1536 1097 ἱερεὺς,
1571 1032 1822 1099 ἐρωτάτω

333 1140 353 1173 ι
398 1124 489 1175 τὸν
513 1124 833 1185 ιπίσκοπον,
859 1128 950 1176 καὶ
979 1124 1119 1175 κατά
1144 1123 1203 1174 τδ
1226 1122 1412 1191 λεχθὲν
1436 1122 1676 1174 ποιείτω.
1712 1140 1730 1171 s

345 1299 408 1352 '0
433 1300 767 1367 προγραφεὶς
798 1300 977 1351 κανὼν
1006 1301 1138 1369 παρ’
1163 1300 1464 1350 ἐπισκόπου
1494 1299 1594 1364 τὴν
1621 1299 1819 1350 καταλ-

258 1390 435 1459 λαγὴν
466 1390 765 1457 προσέταξε
796 1391 1067 1456 γίνεσθαιο
1098 1393 1124 1442 ό
1151 1390 1204 1441 δὲ
1235 1390 1423 1455 παρὼν
1450 1390 1817 1448 διατάττεται,

254 1480 401 1533 κατὰ
440 1479 665 1548 γνώμην
703 1479 797 1531 τοῦ
834 1481 1164 1542 επισκόπου,
1200 1480 1291 1530 καὶ
1333 1478 1483 1548 παρά
1517 1478 1817 1547 πρεσϐυτέ-

257 1586 369 1636 ρων
398 1570 600 1639 ταύτην
623 1568 915 1624 τελεῖσθαι.

852 1662 1091 1716 ΚΑΝΩΝ
1142 1662 1225 1714 II'.

257 1770 280 1802 s
321 1754 460 1823 Περὶ
509 1756 618 1807 τῶν
662 1756 791 1816 τοὺς
837 1757 1085 1823 Πατέρας
1132 1754 1487 1822 αἰτιωμένων,
1535 1754 1629 1806 καὶ
1677 1754 1815 1807 ὥστε

2000 1054 2018 1084 ι
2061 1045 2231 1086 tutum
2275 1035 2445 1087 sacris
2492 1033 2754 1085 altaribus
2819 1031 3170 1083 reconciliare
3225 1028 3474 1094 cupiens,

1998 1144 2016 1175 ι
2057 1126 2365 1191 episcopum
2420 1123 2701 1186 consulat;
2761 1132 2835 1181 et.
2894 1120 3033 1189 quod
3081 1120 3129 1171 ei
3166 1118 3335 1170 visum
3374 1126 3479 1175 est.

1999 1235 2016 1266 s
2059 1217 2240 1269 faciat.
2290 1236 2307 1267 s

1994 1306 2178 1358 Canon
2222 1306 2586 1373 antescriptus
2614 1304 2679 1355 ab
2705 1304 2958 1369 episcopo
2991 1301 3101 1353 fieri
3158 1298 3474 1352 reconcilia-

1926 1395 2124 1446 tionem
2161 1393 2431 1444 mandavit
2462 1410 2474 1445 ε
2506 1404 2558 1444 at
2594 1407 2830 1460 pra‘sens
2859 1392 3019 1444 etiam
3069 1404 3095 1441 a
3144 1388 3475 1456 presbyteris

1923 1494 2044 1530 cunt
2075 1478 2310 1547 episcopi
2348 1480 2622 1531 voluntate
2658 1494 2773 1530 eam
2802 1479 2917 1532 fieri
2946 1478 3119 1546 jubet.

2489 1652 2713 1707 CANON
2772 1652 2910 1707 VIII.

1930 1763 1948 1794 ι
1994 1742 2069 1796 De
2105 1744 2170 1797 iis
2203 1749 2292 1811 qui
2326 1746 2555 1809 majores
2583 1758 2709 1797 natu
2740 1746 3119 1817 criminantur,
3154 1758 3203 1799 et
3237 1756 3292 1799 ιιι
3322 1749 3475 1812 nulli,

332 1858 353 1890 ι
397 1842 583 1909 μηδενὶ
630 1844 1069 1912 διαϐεϐλημένων
1112 1844 1308 1907 ἐξεῖναι
1365 1845 1664 1896 ἐπισκόπου
1692 1862 1813 1897 κατε

2000 1830 2018 1885 ι
2062 1835 2215 1901 cujus
2267 1836 2377 1888 vita
2418 1837 2638 1890 infamia
2685 1838 2914 1898 laborat.
2972 1838 3133 1891 liceat
3165 1841 3474 1905 episcopum

330 1948 351 1981 ι
390 1934 634 1999 ηγορεϊν.
718 1935 1023 2003 Νουμήδιος
1064 1935 1365 1993 ιπίσκοπος
1408 1933 1817 1996 Μαζουλιτᾶνος

332 2041 351 2072 ι
395 2018 547 2073 εἶπεν
573 2038 589 2052 ⁸
645 2024 766 2075 Etet
808 2024 991 2077 πολλοὶ
1044 2031 1141 2077 οὐκ
1198 2024 1407 2092 ἀγαθῆς
1452 2026 1815 2094 ἀναστροφῆς,

325 2128 345 2161 ι
388 2111 584 2171 οἵτινες
653 2112 912 2180 ἡγοῦνται
970 2114 1095 2174 τοὺς
1150 2114 1399 2181 Πατιρας
1453 2116 1544 2166 καὶ
1604 2116 1821 2168 ἐπισκό-

326 2217 346 2249 s
392 2217 528 2261 πούς
558 2200 698 2267 (H).
728 2200 802 2262 ὡς
833 2188 1046 2270 ιτυγεν,
1078 2204 1317 2269 ὀφείλειν
1344 2205 1665 2267 ἑνάγεσθαι·
1694 2209 1819 2270 τοὺς

324 2307 345 2339 ι
392 2288 681 2359 τοιούτους·
721 2292 803 2344 δεῐ
847 2291 1261 2360 προσδέχεσθαι,
1313 2294 1346 2362 ἢ
1394 2296 1507 2364 id};
1552 2297 1818 2366 Αὐρήλιος

321 2399 343 2431 ι
388 2382 687 2444 ιπίσκοπος
733 2381 915 2437 εἶπεν
979 2386 1231 2455 Ἀρέσκει
1281 2389 1461 2440 τοίνυν
1508 2390 1577 2457 ’τῇ
1630 2390 1818 2460 ἀγάπῃ

325 2488 347 2521 s
386 2472 539 2539 ὑμῶν
575 2461 715 2535 ’τοὺς
732 2476 812 2536 είς
844 2493 969 2528 τινα
1000 2475 1143 2546 μύση
1172 2477 1658 2543 ιμπεπλεγμὲνοδς
1679 2480 1820 2534 κατὰ

328 2582 347 2612 ι
388 2564 655 2632 Πατέρων
696 2566 880 2633 φωνὴν
928 2567 1263 2635 κατηγορίας
1297 2568 1679 2633 ἀποτίθεσθαι;
1727 2572 1819 2624 Ἐκ

330 2674 349 2705 ι
394 2656 612 2708 πάντων
639 2657 746 2708 τῶν
776 2661 847 2711 ὲπ
874 2659 1093 2711 σκόπων
1118 2659 1306 2727 ἐλέχθη
1337 2675 1351 2689 ·
1392 2660 1516 2713 Ἐὰν
1539 2661 1821 2733 διαϐέϐλη-

322 2765 341 2796 ι
382 2764 473 2799 ται
500 2749 527 2799 ό
552 2747 817 2813 τοιοῦτος,
850 2750 922 2817 μὴ
957 2750 1377 2818 προσδέχεσθαι.

319 2836 518 2891 ΒΔΛΣ.
575 2839 635 2889 Ὀ
679 2845 731 2901 ς’
782 2840 964 2891 κανὼν
1002 2841 1101 2907 τῆς
1143 2828 1529 2907 οίκουμενικῆξ
1562 2842 1821 2911 δευτέρας

245 2926 470 2997 συνόδου
495 2928 784 2997 διορίζεται
805 2929 877 2995 μὴ
904 2923 1039 2980 εἶναι
1059 2929 1495 2998 εὐπαραδὰτους
1510 2932 1587 2993 είς
1604 2934 1819 2985 ἐπισκό-

244 3037 368 3072 πων
391 3023 483 3071 καὶ
505 3019 781 3087 κληρικῶν
800 3008 1134 3089 κατηγορίας
1158 3019 1404 3082 ἅπαντας
1425 3036 1440 3052 ο
1467 3022 1599 3073 ἀλλὰ
1627 3025 1819 3090 μόνους

245 3112 375 3171 τοὺς
407 3110 831 3177 ἀνεπιλήπτους.
876 3110 1172 3176 ’Λνάγνωθι
1204 3109 1297 3162 οὖν
1327 3111 1417 3162 τὸν
1446 3110 1687 3164 τοιοῦτον
1716 3132 1816 3165 κα·-

243 3201 374 3253 νόνα
400 3201 829 3269 προγενέστερον
853 3199 980 3252 ὄντα
1000 3216 1015 3231 ·
1040 3201 1135 3252 καὶ
1156 3199 1253 3267 τῆς
1285 3200 1566 3271 παρούσης
1600 3202 1819 3254 συνόδου

243 3290 451 3342 κανόνα.
485 3296 625 3358 ρκη’,
663 3290 803 3357 ρκθ¹,
843 3290 919 3358 ρλ¹
954 3290 1047 3341 καὶ
1077 3289 1219 3357 ’ρλα’.
1696 3286 1701 3291 ⁷

314 3380 553 3433 ΖΩΝΑΡ.
585 3382 692 3432 Καὶ
768 3388 889 3451 ρκη¹
916 3379 1095 3432 κανὼν
1127 3380 1222 3448 τῆς
1259 3383 1543 3452 παρούσης
1577 3386 1815 3449 συνόδου,

242 3472 339 3524 καὶ
388 3474 416 3524 ό
456 3472 573 3539 ρκθ¹
616 3473 711 3526 καὶ
754 3474 783 3524 ό
832 3472 909 3541 ρλ¹
946 3477 1075 3540 περὶ
1121 3472 1323 3538 ταύτης
1366 3475 1464 3542 τῆς
1507 3475 1819 3539 ὑποθέσεως

240 3562 644 3625 διατάττονται,
687 3562 1023 3633 πλατύτερον
1056 3564 1466 3633 διαγορεύοντες
1497 3565 1645 3629 τίνες
1681 3572 1817 3621 εἰσὶν

241 3652 463 3706 ἄδεκτοι
486 3655 562 3715 είς
590 3654 891 3706 ἐπισκόπου
916 3656 1274 3722 κατηγορίαν.
1306 3658 1415 3707 Kal.
1442 3660 1473 3723 ἠ
1509 3656 1733 3727 δευτέρα
1763 3660 1817 3710 δι

242 3743 605 3811 οἱκουμενικὴ
639 3743 873 3807 σύνοδος.
917 3746 1322 3813 προγενεστέρα
1357 3742 1490 3800 οὖσα
1519 3746 1619 3813 τῆς
1662 3749 1815 3798 συνό-

238 3836 334 3889 δου
365 3832 590 3901 ταύτης,
625 3837 682 3886 ὲν
720 3834 862 3900 ἕκτῳ
894 3835 1079 3887 κανόνι
1113 3836 1240 3902 περὶ
1287 3836 1476 3910 τούτου
1508 3835 1603 3888 τοῦ
1642 3854 1812 3901 κεφας

237 3926 394 3986 λαίου
427 3926 691 3995 ὡρίσατο,
716 3910 1081 3994 διαταξαμένη
1102 3926 1618 3997 τίνες¹δεχθήσονται
1649 3946 1817 3997 κατη-

238 4018 529 4087 γοροῦντες
548 4018 857 4070 ἐπισκόπων
879 4021 970 4070 καὶ
985 4019 1083 4084 κλη
1096 4017 1283 4084 ρικῶν,
1306 4016 1709 4083 Ἀναγνωστέον
1724 4017 1815 4072 οἶν

236 4106 330 4157 τὸν
362 4106 561 4157 κανόνα
593 4109 799 4159 ἐκεῖνον
827 4108 920 4157 καὶ
958 4106 1052 4174 τὴν
1079 4105 1287 4157 ἐκείνου
1329 4105 1609 4173 ἐξήγησιν.
1639 4108 1711 4160 Τὸ
1735 4109 1810 4173 δὲ,

215 4196 341 4248 ὀὐκ
366 4196 576 4263 ἀγαθῆς
608 4198 966 4265 ιπιστροφῆς,
985 4196 1105 4247 ἀντὶ
1127 4194 1222 4247 τοῦ
1245 4195 1346 4248 οὐκ
1378 4197 1587 4265 ἀγαθῆς
1610 4198 1810 4263 διαγω-

237 4286 365 4353 γῆς.
408 4288 469 4339 οὐ
506 4287 673 4340 καλοῦ
706 4287 845 4355 βίου,
878 4289 1111 4354 εἴρηται.

234 4377 464 4429 ΑΡΙΣΤ.
543 4396 561 4428 ι
615 4377 803 4441 Ἔδοξε
849 4379 977 4437 τοὺς
1022 4378 1099 4437 είς
1138 4374 1281 4444 μύση
1324 4377 1813 4447 ὲμπεπλεγμένους

311 4484 330 4516 ι
374 4468 703 4536 κατηγορίας
727 4468 802 4536 μὴ
830 4464 1181 4520 ἀποτίθεσθαι
1203 4480 1219 4497 ⁸
1249 4464 1364 4517 ἀλλ’
1384 4468 1642 4533 suum
1669 4470 1809 4525 εἶναι
1846 4476 1888 4523 D

316 4576 335 4607 s
379 4558 517 4626 πρὸς
549 4561 610 4610 τὸ
641 4561 989 4627 κατηγορεῖν.
1025 4578 1042 4609 ι

310 4648 535 4718 Εἴρηται
576 4652 669 4703 καὶ
702 4652 759 4702 ὲν
791 4650 868 4719 τῷ
899 4650 1039 4720 ικτῳ
1066 4652 1251 4706 κανόνι
1281 4656 1391 4707 τῶν
1422 4655 1480 4706 ιν
1515 4657 1801 4710 Κωνσταν-

2001 1944 2019 1977 ι
2060 1941 2338 1981 accusare.
2354 1926 2922 1997 NumidiusepisCOpus
2940 1928 3291 1982 Mazulitanus
3309 1929 3475 1981 dixit:

2000 2036 2019 2068 ι
2067 2018 2203 2071 Sunt
2230 2019 2378 2070 multi
2415 2034 2517 2072 non
2548 2019 2700 2073 bonte
2735 2020 3182 2081 conversationis,
3222 2020 3313 2087 qui
3363 2020 3477 2071 exi-

2000 2128 2018 2158 ι
2056 2109 2274 2162 stimsnt
2323 2110 2554 2177 majores
2582 2119 2704 2163 natu
2739 2120 2793 2164 et
2821 2112 3105 2179 episcopos
3135 2108 3332 2161 debere
3355 2123 3480 2173 pas-

1995 2218 2014 2251 ι
2056 2206 2156 2253 sim
2200 2210 2251 2255 ct
2289 2211 2488 2254 temere
2519 2217 2641 2257 reos
2674 2203 2755 2270 agi
2805 2220 2819 2256 ς
2849 2217 3012 2255 eosne
3040 2210 3255 2266 oportet
3286 2200 3481 2251 admit-

1994 2308 2011 2341 ι
2050 2300 2182 2348 tere,
2213 2306 2277 2340 an
2307 2306 2411 2344 non
2435 2291 2726 2344 tAurelitts
2766 2292 3054 2357 episcopus
3086 2291 3222 2344 dixit
3251 2307 3265 2343 :
3296 2290 3484 2344 Placet

1996 2400 2013 2430 ι
2053 2396 2181 2449 ergo
2210 2381 2491 2436 dilectioni
2522 2370 2716 2435 vestra:
2752 2398 2865 2445 eos,
2910 2382 2997 2450 qui
3055 2380 3328 2450 aliquibus
3361 2396 3483 2435 sce-

1993 2493 2011 2525 ι
2048 2474 2250 2527 leribus
2296 2474 2569 2541 illaqueatl
2632 2483 2802 2532 sunt.
2863 2474 3227 2527 accusationis
3299 2488 3484 2526 vocem

1997 2583 2015 2615 t
2058 2552 2314 2617 adversus
2366 2563 2552 2617 Patres
2591 2564 2789 2618 edere?
2815 2564 2896 2617 Ab
2945 2566 3193 2618 omnibus
3222 2566 3489 2632 episcopis

1999 2675 2017 2707 ι
2054 2658 2256 2710 dictum
2290 2666 2412 2710 est:
2448 2655 2504 2710 Si
2537 2656 2658 2726 quis
2687 2655 2907 2708 infamia
2936 2656 3164 2720 laboret.
3190 2672 3254 2710 ne
3286 2658 3483 2711 admit-

2001 2766 2019 2799 ι
2062 2756 2230 2803 tatur.
2280 2768 2299 2800 ι

1992 2838 2187 2894 BALS.
2223 2841 2422 2896 Sextus
2458 2856 2630 2896 canon
2662 2841 2983 2896 universalis
3009 2842 3261 2896 secundm
3294 2841 3481 2910 synodi

1924 2932 2131 2993 statuit,
2188 2946 2291 2984 non
2328 2946 2450 2984 esse
2494 2947 2683 2986 omnes
2725 2932 2788 2985 ad
2825 2933 3206 3001 episc0porunt
3246 2942 3299 2984 et
3326 2930 3481 2984 cleri-

1923 3038 2111 3075 corum
2158 3024 2538 3076 accusationes
2590 3023 2976 3085 admittendos.
3033 3024 3123 3076 sed
3171 3039 3264 3077 eos
3305 3025 3480 3077 solum

1924 3114 2013 3179 qui
2071 3122 2199 3166 sunt
2254 3129 2282 3165 a
2342 3115 2758 3183 reprehensione
2806 3114 2987 3166 alieni.
3019 3113 3159 3181 Lege
3190 3128 3317 3180 ergo
3358 3128 3481 3164 eum

1925 3221 2211 3265 canonem.
2264 3207 2355 3273 qui
2397 3218 2478 3257 est
2536 3205 2842 3271 antiquior;
2876 3212 2930 3259 et
2963 3204 3246 3273 praesentis
3299 3203 3483 3271 synodi

1923 3310 2161 3348 canones
2187 3296 2308 3357 I28.
2339 3296 2459 3357 I29.
2494 3296 2597 3349 150
2623 3305 2675 3349 et
2707 3296 2828 3351 l'5l.

1995 3385 2247 3439 ZONAR.
2276 3385 2621 3439 Centesitnus
2656 3400 2871 3454 quoque
2896 3386 3189 3441 vicesimus
3228 3398 3479 3448 octavus.

1924 3478 2210 3531 vicesimus
2245 3492 2437 3541 nonus.
2471 3486 2524 3529 et
2557 3476 3047 3545 tricesimushujus
3086 3476 3273 3546 synodi
3316 3492 3483 3531 cano-

1924 3583 2019 3621 nes
2068 3569 2252 3620 eadem
2280 3569 2379 3619 hac
2412 3568 2475 3618 de
2514 3582 2570 3619 re
2605 3566 2899 3628 disserunt.
2939 3574 2994 3618 et
3042 3564 3235 3628 fusius.
3269 3559 3483 3634 quibus-

1922 3675 2043 3711 nam
2103 3658 2335 3724 episcopi
2390 3673 2585 3709 nomen
2640 3656 2837 3711 deferri
2884 3657 3025 3709 haud
3087 3656 3269 3719 liceat,
3318 3671 3481 3723 expo-

1920 3758 2073 3801 nunt.
2140 3748 2388 3800 Secunda
2446 3762 2663 3814 quoque
2714 3747 3051 3800 mcumenica
3077 3748 3482 3816 synodus,qnm

1919 3842 2021 3893 bac
2054 3841 2258 3908 synodo
2312 3840 2587 3906 antiquior
2620 3838 2741 3901 fuit,
2776 3838 2916 3891 idem
2957 3838 3059 3891 hoc
3108 3848 3483 3906 argumentum

1918 3940 2070 3983 sexto
2102 3945 2311 3983 canone
2344 3939 2702 3996 pertractans.
2754 3927 2975 3993 quinam
3011 3927 3384 3993 episc0p-irutn
3421 3943 3483 3981 ac

1918 4025 2241 4077 clericorum
2292 4031 2642 4074 accusatores
2675 4020 2996 4073 admittendi
3049 4020 3179 4081 sint.
3216 4020 3478 4073 definivit.

1918 4114 1968 4168 Is
1993 4129 2119 4181 ergo
2151 4127 2322 4164 canna
2345 4126 2465 4163 cum
2515 4126 2611 4163 sua
2646 4111 3006 4177 explicatione
3038 4109 3315 4176 legendus.
3352 4111 3482 4164 Illud

1919 4218 2063 4261 vero,
2090 4199 2517 4255 conversationis
2552 4215 2656 4251 non
2691 4201 2860 4263 boum,
2888 4213 2983 4267 pro
3010 4198 3113 4250 vita
3139 4200 3484 4268 moribusque

1919 4292 2138 4344 minime
2161 4292 2418 4359 probatis.
2446 4291 2835 4358 accipiendum.

1919 4383 2145 4437 ARIST.
2203 4402 2220 4433 ι
2273 4381 2454 4437 Visum
2485 4394 2587 4446 est,
2650 4392 2706 4435 ιιι
2754 4385 2845 4437 isti
2875 4386 2965 4454 qui
3018 4386 3315 4440 sceleribus
3344 4395 3474 4438 sunt

1997 4494 2015 4526 (
2056 4475 2355 4541 illaqueati.
2416 4476 2789 4527 accosationes
2845 4492 2948 4528 non
2994 4478 3198 4540 edant;
3261 4494 3358 4529 ιιι-ρ
3416 4478 3482 4531 ad

1993 4586 2011 4620 ι
2050 4569 2251 4621 crimen
2284 4567 2442 4620 alicui
2476 4565 2811 4620 inferendum
2845 4567 3213 4622 admittantur.
3250 4588 3266 4618 ι

1989 4657 2195 4709 Dicitur
2223 4668 2274 4707 et
2308 4658 2357 4707 in
2417 4668 2572 4708 sexto
2604 4667 2911 4708 sanctorum
2945 4656 3163 4710 Patrum
3205 4659 3479 4715 Constan-

1478 4766 1664 4827 Guill.
1700 4768 2017 4845 Βοιὼ-ρειί
2070 4776 2253 4828 notua.

312 4883 425 4952 (ll)
481 4884 626 4949 τοὺς
681 4885 963 4951 πατέρας,
996 4888 1092 4940 καί
1148 4888 1542 4953 ἐπισκόπους.
1577 4886 1801 4942 Graecus

242 4957 440 5009 horum
464 4968 735 5025 canonum
765 4956 1056 5025 interpres.
1086 4959 1314 5023 majores
1350 4969 1499 5020 nam.
1530 4957 1798 5025 interpre-

241 5034 384 5077 tatur
405 5024 667 5091 πατέρας.
699 5024 753 5075 In
775 5022 960 5077 Latina
988 5026 1130 5078 enim
1157 5022 1416 5086 editione.
1446 5042 1511 5079 ex
1548 5042 1650 5087 qua
1678 5022 1799 5082 haec

237 5094 422 5148 versio
466 5090 653 5145 Graeca
713 5095 901 5146 hausta
946 5104 1052 5156 est,
1083 5090 1236 5147 locus
1298 5096 1385 5163 hic
1434 5097 1514 5149 sic
1547 5096 1741 5163 legitur
1778 5114 1792 5149 :

240 5163 513 5215 Praterea
546 5172 666 5215 sunt
701 5164 1086 5231 quamplurimi
1116 5180 1218 5215 non
1255 5161 1402 5217 bona!
1433 5161 1791 5217 conversatio-

238 5234 345 5293 nis,
374 5233 465 5302 qui
503 5232 807 5285 existimant
842 5234 1069 5291 maiores
1117 5241 1249 5285 natu
1273 5234 1350 5286 vel
1378 5238 1645 5302 episcopos
1674 5251 1797 5299 pas-

238 5305 338 5353 sint
372 5299 597 5370 vageque
647 5304 700 5353 in
729 5303 1113 5371 accusationem
1163 5299 1496 5368 pulsandos;
1531 5304 1793 5371 quctnad-

242 5374 459 5441 modum
496 5371 782 5441 Dionysius
818 5370 1057 5441 Exiguus
1089 5372 1140 5425 in
1170 5388 1267 5425 sIta
1302 5373 1491 5425 ltorum
1524 5370 1795 5425 canonum

239 5440 563 5493 collectione
612 5440 758 5507 legit.
818 5437 942 5492 Ubi'
974 5441 1216 5506 episcopi
1273 5442 1476 5495 diserte
1530 5452 1795 5493 vocantur

247 5522 476 5569 maiores
532 5519 700 5571 natu;
757 5524 865 5576 quo
909 5513 1071 5563 etiam
1120 5511 1337 5563 nomine
1392 5510 1733 5576 appellantur
1764 5526 1791 5563 a

240 5576 407 5640 Julia.
456 5593 593 5645 papa
630 5578 895 5641 Romano.
954 5579 1006 5631 in
1059 5580 1327 5643 rescripto
1367 5582 1430 5632 ad
1485 5577 1793 5633 Orientales

243 5662 340 5713 pro
369 5647 671 5701 Athanasio
706 5658 765 5703 et
784 5648 928 5715 aliis.
960 5647 1173 5703 dicente
1200 5667 1212 5701 :
1242 5647 1647 5705 Criminationes
1675 5666 1790 5703 ma-

236 5717 418 5782 jorum
470 5726 602 5770 natu
646 5732 738 5785 per
794 5721 926 5772 alios
985 5734 1047 5772 ne
1094 5720 1245 5783 ﬁant.
1285 5720 1387 5770 nisi
1412 5735 1501 5783 per
1533 5722 1674 5779 ipsos
1703 5722 1791 5784 qui

239 5788 462 5841 erimina
486 5785 783 5841 intendant.
815 5790 859 5841 si
887 5798 1057 5842 tamen
1089 5789 1185 5843 insi
1210 5789 1353 5842 diam
1392 5801 1436 5843 et
1466 5789 1788 5843 irrcurehen-

1910 4890 2089 4942 sibiles
2121 4892 2481 4954 apparuerint.
2523 4894 2571 4942 e‘t
2604 4890 2736 4942 actis
2780 4891 3003 4958 publicis
3028 4889 3301 4943 docuerint
3327 4894 3471 4943 omni

1911 4975 1966 5011 se
1992 4975 2169 5011 carere
2192 4959 2487 5023 suspicione
2530 4970 2686 5026 atque
2716 4959 3018 5017 inimicitia.
3053 4972 3100 5011 et
3139 4962 3469 5025 irreprehen-

1908 5028 2113 5079 sibilem
2178 5027 2336 5094 ﬁdem
2400 5037 2555 5096 atque
2616 5032 3067 5081 conversationem
3118 5027 3466 5085 ducere..lttl.

1909 5098 2159 5162 reseript.
2193 5113 2313 5162 cap.
2343 5096 2433 5158 ΞΟ,
2476 5113 2684 5151 necnon
2729 5114 2756 5148 a
2787 5101 3023 5153 concilio
3051 5099 3467 5163 (Iatthaginensi

1908 5167 1929 5218 I
1968 5168 2070 5217 sub
2101 5166 2270 5219 Grato
2298 5168 2501 5225 habito.
2533 5182 2675 5219 anno
2706 5167 2914 5218 Domini
2942 5168 3065 5225 548.
3095 5169 3181 5218 ubi
3214 5167 3415 5219 dicitur
3453 5188 3464 5219 :

1908 5235 2105 5287 Gratus
2150 5238 2424 5303 episcopus
2470 5237 2627 5294 dixit.
2664 5238 3005 5303 manifestum
3044 5246 3118 5289 est
3180 5236 3331 5288 illum
3366 5254 3472 5290 non

1906 5322 2017 5356 esse
2064 5305 2178 5362 “ei.
2210 5308 2300 5373 qui
2338 5302 2684 5357 humilitatem
2751 5302 3057 5363 contemnit.
3098 5308 3186 5373 sed
3244 5306 3467 5367 diaboli.

1905 5378 1992 5440 qui
2020 5376 2277 5440 superbia
2328 5378 2565 5427 inventor
2597 5387 2642 5427 et
2682 5378 2923 5445 princeps
2967 5388 3063 5427 est.
3110 5372 3257 5427 Unde
3280 5376 3323 5427 si
3359 5380 3476 5429 ovis

1907 5445 2137 5496 tumidus
2210 5449 2285 5497 vel
2340 5444 2749 5498 contumeliosus
2803 5447 3063 5497 exstiterit
3123 5447 3176 5497 in
3219 5446 3474 5513 ntajmem

1906 5524 2056 5572 nutu.
2090 5514 2167 5566 vel
2204 5516 2440 5576 aliquam
2473 5530 2688 5567 causam
2716 5514 2980 5576 habuerit,
3014 5532 3044 5566 a
3076 5515 3242 5568 tribus
3285 5516 3474 5567 vicinis

1906 5530 2056 5572 nutu.
2090 5530 2164 5566 vet
2204 5530 2440 5635 attjuam
2473 5530 2688 5567 causam
2716 5530 2980 5576 nocuerit.
3014 5532 3044 5566 a
3076 5530 3242 5568 trtous
3285 5530 3474 5567 utentis

1902 5584 2182 5650 episcopis.
2206 5585 2251 5636 si
2308 5586 2521 5636 iaconus
2547 5595 2642 5644 est.
2672 5594 2960 5651 arguatur;
2986 5590 3275 5653 presbyter,
3309 5601 3338 5635 a
3365 5601 3478 5646 ser;

1902 5655 1946 5707 si
1982 5655 2273 5717 episcopus,
2316 5670 2347 5706 a
2382 5654 2657 5706 duodecim
2693 5656 3156 5709 consucerdotibus
3184 5654 3429 5706 audistin
3456 5692 3489 5707 ..

1902 5724 2114 5778 Uancil.
2152 5725 2411 5779 Carthaz.
2446 5725 2495 5787 ί,
2537 5739 2661 5776 can.
2699 5723 2784 5777 II.
