4214 6438
763 369 822 428 ει
1992 375 2262 434 TIlEOD.
2306 377 2701 438 BALSAMON
3878 376 3945 438 52

759 478 989 540 tinopnlc
1059 488 1501 544 congregatarum
1555 492 1780 543 canonc,
1841 494 2182 533 accusatores
2233 483 2423 541 ιιιΙΑτ

2285 483 2296 531 Ι
2324 486 2369 541 Α
2397 483 2695 536 τινουπόλει
2725 481 3082 536 συνελθόντων
3108 482 3279 548 ἀγίων
3303 481 3565 550 ῐῐατὶρων
3591 481 3664 551 μὴ
3694 481 3949 544 ἀνεξετά-

758 568 1038 631 episcopos
1086 570 1415 619 accuSandos
1445 570 1560 620 sine
1595 569 1992 622 examinatione
2027 585 2131 623 non
2195 570 2292 620 ad.

759 654 916 705 mitti.
969 654 1073 706 Sed
1106 656 1275 719 prium
1304 656 1612 723 religionem
1640 673 1823 710 eorum
1866 660 2196 720 examinare,
2229 673 2294 711 nc

760 742 995 793 liazretici
1032 742 1175 805 sint;
1206 743 1397 795 deinde
1446 752 1501 796 et
1535 745 1813 811 opiniones
1841 760 2023 797 eorum
2062 745 2289 798 investi-

755 844 1002 895 gare,,ne
1049 830 1185 882 forte
1215 833 1547 884 condemnati
1581 836 1707 897 sint,
1736 846 1825 887 aut
1873 836 2052 902 ejecti,
2077 842 2167 886 aut
2197 848 2295 885 ex-

754 918 1157 979 communicati,
1190 928 1279 969 aut
1315 919 1380 970 ab
1410 919 1527 972 aliis
1574 922 1891 974 criminibus
1934 923 2211 983 accusati;
2244 929 2297 973 et

752 1006 840 1063 qui
870 1005 1006 1057 forte
1029 1021 1084 1058 se
1116 1008 1401 1059 criminum
1452 1008 1585 1071 ipsis
1616 1011 1946 1076 oltjectorutu
1981 1011 2294 1062 innocentes

754 1110 855 1146 non
886 1100 1189 1149 ostendant.
1221 1095 1329 1146 Hoc.
1371 1098 1550 1163 itaque
1603 1109 1649 1150 ct
1685 1100 1932 1163 praesenti
1966 1100 2177 1151 videtur
2208 1113 2295 1149 ca-

752 1182 897 1243 uoni,
932 1192 987 1231 ut
1022 1197 1197 1244 nemo,
1226 1185 1391 1249 quiet
1428 1184 1537 1251 ipse
1586 1186 1869 1236 I‘rimiutttn
1925 1200 2047 1237 reus
2085 1195 2186 1247 est,
2225 1185 2290 1237 ad

749 1270 981 1337 episcOpi
1013 1274 1407 1324 accusationem
1443 1272 1775 1325 admittatur.

1217 1450 1374 1518 523
1444 1449 1668 1502 CANON
1737 1450 1826 1505 Ix.

747 1556 765 1588 ι
804 1538 873 1588 De
905 1539 990 1599 iis,
1030 1541 1116 1604 qui
1168 1554 1264 1605 pro
1315 1555 1530 1591 suorum
1568 1548 1912 1606 pecr-atorum
1977 1541 2185 1593 meritis
2223 1556 2285 1594 ex

818 1645 835 1673 ε
867 1626 1226 1677 ecclesiastico
1271 1635 1410 1678 coetu
1458 1628 1764 1694 cjiciunlur.
1797 1628 2127 1693 Augustinus
2180 1628 2292 1694 epi-

824 1732 841 1761 ε
874 1728 1072 1781 scopus
1108 1726 1159 1766 ct
1186 1714 1475 1769 Numidica:
1527 1718 1815 1781 provincia!
1863 1715 2066 1782 legatus
2116 1715 2244 1766 dixit
2274 1733 2288 1769 :

825 1824 842 1854 ε
877 1802 985 1857 Hoc
1019 1805 1307 1859 decernere
1344 1805 1538 1867 velitis,
1563 1814 1616 1857 ut
1647 1820 1759 1867 eos,
1785 1806 1873 1872 qui
1937 1818 2030 1870 pro
2066 1819 2285 1857 suorum
2323 1794 2361 1847 Β

816 1895 1147 1947 «(Υἱηιίιιυηι
1233 1895 1434 1946 meritis
1508 1895 1743 1948 Eccle~ia
1808 1895 1964 1963 cjecti
2025 1903 2193 1954 sunt.
2244 1895 2289 1947 si

813 2004 829 2035 ι
868 1986 988 2050 quis
1023 1986 1305 2052 episcopus
1338 1987 1420 2037 vel
1478 1988 1762 2054 presbyter
1827 1986 1877 2036 in
1955 1985 2291 2037 communio-

821 2095 838 2125 ι
874 2090 991 2128 nem
1043 2076 1287 2141 recipiat,
1317 2075 1430 2142 ipse
1458 2089 1668 2142 quoque
1725 2075 1841 2142 [Hl'l
1899 2091 2018 2129 cum
2073 2074 2150 2128 eis
2185 2074 2287 2127 cri-

813 2182 830 2212 ι
866 2164 990 2216 mini
1026 2164 1293 2216 obnoxius
1340 2164 1604 2225 videatur,
1662 2166 1751 2230 qui
1797 2164 1994 2230 proprii
2049 2162 2285 2228 episc0pi

812 2277 827 2305 ι
863 2259 1170 2313 canonicam
1221 2258 1540 2310 sententiam
1594 2256 1869 2325 effugiunt.
1906 2257 1984 2308 Ab
2040 2256 2287 2308 omnibus

808 2366 826 2399 ι
859 2348 1120 2417 episcopis
1144 2348 1341 2402 dictum
1368 2358 1450 2401 est
1484 2365 1497 2399 :
1532 2346 1789 2401 Omnibus
1830 2345 2017 2413 placet.
2052 2363 2071 2397 ›

802 2546 992 2600 BALS.
1034 2545 1173 2614 Lege
1205 2555 1510 2599 sanctorum
1538 2544 1901 2611 apostolorum
1942 2556 2172 2598 canones
2198 2544 2285 2606 ll,

736 2638 819 2699 l2.
853 2640 940 2700 32,
968 2638 1316 2691 Antiocltenze
1374 2636 1562 2705 synodi
1596 2648 1857 2689 canonem
1916 2634 1948 2686 ϐ
1998 2645 2050 2687 et
2096 2632 2285 2687 Sardi-

728 2730 908 2781 censis
944 2728 1131 2798 synodi
1193 2741 1450 2780 canonem
1486 2726 1572 2789 l3,
1607 2726 1862 2778 docentes
1914 2724 2041 2792 quid
2094 2724 2286 2777 debeat

731 2822 845 2875 lleri
878 2820 982 2883 eis,
1021 2819 1111 2883 qui
1146 2819 1418 2886 depositos
1442 2817 1525 2870 vel
1552 2826 1862 2884 segregatos
1923 2815 2148 2869 clericos
2198 2828 2286 2867 re-

728 2911 931 2977 cipiunt
968 2910 1257 2963 :similiter
1282 2918 1335 2963 et
1362 2910 1448 2971 iis,
1484 2909 1573 2977 qui
1636 2909 1808 2961 laicos
1861 2917 2285 2982 segregatos’re-

727 3001 953 3069 cipiunt.
977 2999 1221 3052 PI‘JESCIIS
1245 3006 1422 3050 autem
1448 3013 1616 3050 canon
1648 2998 1908 3058 decernit,
1947 3006 2000 3048 ut
2055 2996 2283 3048 clericos

2397 590 2535 634 στως
2573 574 2699 634 τοὺς
2738 561 3073 641 κατηγόρους
3116 574 3196 634 είς
3242 572 3578 641 κατηγορίαν
3629 572 3943 622 ἐπισκόπων

2397 662 2792 730 παραδέχεσθαι
2815 679 2828 693 ’
2852 662 2987 714 άλλά
3006 662 3217 728 πρῶτον
3242 660 3515 724 ἐξετάζειν
3535 660 3631 726 τὴν
3656 658 3949 726 θρησκείαν

2398 750 2594 811 αὐτῶν,
2634 752 2720 803 ἴνα
2753 753 2827 817 μὴ
2856 750 3120 819 αίρετικοὶ
3148 744 3279 803 ὦσιν
3308 765 3321 780 ·
3354 746 3471 800 εἶτα
3505 748 3597 799 καὶ
3624 747 3720 809 τὰς
3749 748 3947 813 ὑπολή-

2394 839 2512 906 ψεις
2546 840 2721 891 αὐτῶν
2748 841 3039 909 ἀνερευνᾷν
3059 883 3072 903 ,
3110 840 3313 906 μήποτε
3346 836 3779 902 κατεγνωσμένοι
3812 837 3945 896 είσὶ,

2398 929 2488 979 καὶ
2517 928 2944 995 ἀποδεσλημένοι
2966 967 2981 989 ,
3013 928 3103 979 καὶ
3143 924 3493 994 ἀκοινώνητοι
3516 961 3531 984 ,
3559 924 3591 991 ἢ
3628 924 3715 985 ὑφ’
3748 924 3949 989 ἐτέρων

2396 1020 2483 1069 ἐπ’
2518 1019 2821 1085 ἐγκλήμασι
2854 1014 3480 1085 κατηγορούμενονκαὶ
3528 1015 3691 1079 μήπω
3741 1013 3949 1072 ἁθώους

2397 1109 2615 1167 ἑαυτοὺς
2643 1108 2749 1158 τῶν
2778 1108 3119 1176 ἐπαχθέντων
3144 1106 3325 1165 αὐτοῖς
3350 1103 3704 1168 ἐγκλημάτων
3737 1103 3953 1154 ἀπέδει-

2396 1197 2512 1261 ξαν.
2547 1198 2714 1248 Τοῦτο
2744 1197 2871 1262 γοῦν
2901 1199 2994 1247 καὶ
3023 1196 3098 1262 τῷ
3130 1196 3352 1261 παρόντι
3378 1194 3524 1245 δοκεῖ
3552 1191 3754 1249 κανόνι,
3786 1191 3845 1241 τὸ
3876 1190 3949 1257 μή

2392 1303 2516 1339 τινα
2542 1286 2719 1353 ἔνοχον
2745 1277 3084 1351 ἐγκλήμασιν
3106 1284 3233 1336 ὄντα
3263 1284 3339 1343 είς
3373 1280 3706 1349 κατηγορίαν
3735 1278 3954 1331 ἐπισκό-

2396 1391 2497 1426 που
2536 1375 2954 1441 παραδέχεσθαι.

3000 1464 3233 1514 ΚΑΝΩΝ
3272 1462 3348 1515 θ’.

2400 1570 2417 1603 ι
2465 1552 2600 1621 Περὶ
2626 1552 2736 1603 τῶν
2764 1552 2881 1604 κατ’
2904 1551 3060 1614 ἀξίαν
3084 1552 3191 1603 τῶν
3216 1552 3429 1604 οίκείων
3459 1553 3633 1612 ἀτοπη
3646 1549 3827 1617 μάτων
3856 1545 3952 1599 τοῦ

2470 1658 2488 1690 ι
2533 1638 2985 1707 ἐκκλησιαστικοῦ
3018 1638 3272 1705 συλλόγου
3302 1638 3711 1705 ἐκσαλλομένων
3740 1637 3950 1701 Αὐγου-

2470 1748 2488 1779 ι
2534 1732 2706 1791 στῖνος
2731 1728 3021 1789 ἐπίσκοπος
3052 1729 3143 1779 καὶ
3168 1744 3364 1795 τοποτη
3376 1728 3540 1795 ρητὴς
3566 1727 3663 1794 τῆς
3694 1725 3955 1791 Νουμιδι-

2469 1839 2486 1871 ι
2530 1821 2633 1887 κῆς
2677 1819 2856 1889 χώρας
2902 1817 3021 1870 εἷπε
3051 1832 3067 1849 ο
3112 1817 3280 1869 Τοῦτο
3321 1817 3498 1883 ὁρίσαι
3542 1812 3950 1876 καταξιώσατε,

2470 1929 2487 1959 ι
2534 1909 2672 1961 ὥστε
2708 1910 2829 1970 τοὺς
2865 1909 3027 1971 ἀξίως
3060 1908 3167 1957 τῶν
3199 1903 3413 1955 οίκείων
3450 1904 3808 1971 ἐγκλημάτων
3845 1902 3953 1952 ἀπὸ

2466 2018 2484 2049 ι
2529 2000 2626 2067 τῆς
2664 1998 2984 2064 Ἐκκλησίας
3020 1995 3377 2063 διωχθέντας,
3413 1994 3506 2044 ἐάν
3540 2009 3620 2052 τις
3658 1992 3952 2049 ἐπίσκοπος

2466 2110 2483 2141 ι
2530 2090 2560 2156 ἢ
2599 2088 2963 2157 πρεσϐύτερος
2997 2085 3217 2153 δέξηται
3250 2087 3327 2144 είς
3363 2080 3645 2135 κοινωνίαν
3673 2096 3687 2110 ·
3724 2081 3816 2131 καὶ
3850 2078 3949 2130 αὒ-

2465 2198 2481 2230 ι
2530 2181 2615 2239 τος
2650 2178 2727 2228 ἔτι
2766 2179 2867 2246 μὴν
2899 2176 2975 2244 τῷ
3010 2175 3106 2243 ἴσῳ
3141 2174 3438 2240 ἐγκλήματι
3475 2169 3771 2229 ὑπεύθυνος
3805 2170 3947 2234 φανῇ

2466 2291 2481 2322 ι
2528 2273 2641 2338 ἅμα
2676 2272 2785 2328 τοῖς
2818 2268 2911 2321 τοῦ
2952 2267 3151 2320 οίκείου
3198 2263 3494 2318 ἐπισκόπου
3528 2262 3625 2330 τὴν
3660 2256 3949 2325 κανονικὴν

2467 2382 2483 2413 ι
2529 2363 2706 2430 ψῆφον
2738 2359 3127 2427 ἀποφεύγουσι.
3168 2357 3299 2408 Ἀπὸ
3332 2353 3551 2408 πάντων
3583 2351 3690 2404 τῶν
3724 2346 3948 2401 ἐπισκόο

2465 2473 2481 2503 ι
2530 2471 2645 2505 πων
2677 2451 2864 2519 ἐλέχθη
2892 2466 2906 2477 ·
2939 2451 3109 2502 Πᾶσιν
3138 2447 3385 2515 ἀρέσκει.
3432 2463 3448 2494 ι

2460 2545 2654 2597 ΒΑΑΣ.
2694 2542 2988 2609 ’Λνάγνωοι
3030 2540 3135 2591 τῶν
3177 2538 3344 2604 ἁγίων
3371 2533 3677 2587 ἀποστόλων
3721 2529 3950 2587 κανόνας

2390 2644 2478 2697 ια’,
2513 2636 2597 2703 ιβ’,
2632 2634 2733 2701 λβ’,
2763 2634 2859 2698 τῆς
2903 2632 2959 2681 ἐν
2994 2627 3291 2696 Ἀντιοχείᾳ
3336 2624 3550 2676 συνόδου
3590 2637 3711 2671 καν.
3748 2615 3824 2679 ς’,
3859 2614 3954 2666 καὶ

2386 2727 2484 2793 τῆς
2524 2729 2579 2776 ἐν
2616 2722 2846 2792 Σαρδικῇ
2883 2735 3006 2771 καν.
3045 2715 3131 2783 ιγ’,
3166 2716 3513 2771 διδάσκοντας
3544 2708 3595 2760 τί
3627 2707 3829 2774 ὀφείλει
3862 2703 3950 2770 γί-

2386 2817 2571 2869 νεσθαι
2604 2817 2680 2875 είς
2718 2812 2840 2873 τοὺς
2876 2808 3193 2877 δεχομένους
3232 2799 3709 2873 καθῃρημένουςῆ
3746 2798 3954 2863 ἀφωρι-

2388 2907 2614 2973 σμένους
2654 2900 2947 2969 κληρικούς
2971 2915 2983 2927 ·
3021 2896 3278 2955 ὡσαύτως
3319 2894 3413 2945 καὶ
3455 2894 3531 2951 είς
3566 2889 3689 2948 τοὺς
3728 2883 3952 2953 δεχομέ-

2385 3012 2507 3055 νους
2537 2992 2951 3059 ἀφωρισμένως
2980 2986 3219 3046 λαῖκούς.
3254 2983 3313 3035 '0
3344 2983 3400 3035 δέ
3433 2980 3622 3048 παρὼν
3653 2974 3947 3041 διορίζεται

726 3063 966 3145 Ecclesia
1004 3090 1201 3158 cjectos
1240 3086 1652 3158 propter-justas
1689 3087 1756 3137 ab
1807 3087 1938 3152 ipsis
2002 3094 2279 3160 perpetra-
2316 3100 2359 3158 ο

2316 3100 2359 3158 c
2391 3083 2516 3143 τοὺς
2548 3080 2870 3148 διωχθέντας
2902 3072 3346 3141 ἀπὺῈκκλησίας
3379 3070 3667 3138 κληρικοὺς
3695 3066 3779 3116 διὰ
3796 3063 3949 3127 ἀξίαν

726 3191 901 3235 torum
931 3182 1218 3235 criminum
1252 3193 1457 3249 pennas,
1488 3180 1530 3232 si
1562 3179 1695 3229 alius
1714 3177 1996 3246 episcitpus
2042 3176 2124 3229 vel
2160 3190 2283 3242 pre-

725 3274 908 3341 sbyter
959 3274 1023 3326 ad
1071 3271 1504 3324 communionem
1580 3267 1911 3333 Sl!Stfep0ril,
1949 3266 1994 3317 is
2044 3277 2279 3332 quoque,

724 3361 969 3414 similiter
997 3375 1060 3413 ac
1085 3360 1170 3426 qui
1200 3359 1511 3423 suscipitur,
1560 3357 1828 3423 puniatur.
1866 3354 1936 3407 lis
1969 3368 2116 3419 ergo,
2164 3368 2283 3420 qua:

725 3451 792 3505 ab
824 3452 939 3503 aliis
970 3451 1266 3501 cauonilius
1316 3461 1370 3501 et
1401 3464 1427 3500 a
1466 3448 1735 3515 praesenti
1785 3447 2078 3501 constituta
2136 3453 2279 3506 sunt,

724 3540 980 3599 collectis,
1045 3541 1128 3592 dic
1182 3539 1321 3601 quod
1382 3539 1425 3591 si
1484 3538 1738 3591 clericum
1811 3516 2119 3602 depositum
2144 3534 2279 3586 alius

724 3633 1005 3698 episcotms
1036 3632 1086 3682 in
1161 3630 1545 3683 sacerdotalem
1604 3629 2038 3682 communionem
2100 3637 2282 3675 susce-

722 3725 879 3791 perit,
925 3724 1259 3791 dcpnnetur:
1316 3720 1360 3772 si
1423 3728 1599 3771 autem
1660 3733 1759 3770 una
1824 3732 1943 3771 cum
2001 3720 2279 3783 segregato

723 3814 977 3875 oraverit,
1032 3812 1421 3879 segregaliitur.
1476 3809 1768 3877 Propterea
1833 3807 1976 3859 enim
2035 3818 2274 3874 praesens

724 3918 938 3974 quoque
973 3918 1139 3955 canon
1168 3901 1299 3978 dicit
1340 3917 1355 3955 :
1396 3899 1657 3952 Similiter
1701 3912 1763 3950 ac
1812 3896 1858 3949 is
1914 3896 2004 3963 qui
2040 3881 2278 3948 Ecclesia

723 3997 925 4062 eiectus
958 4001 1059 4052 est.
1094 3994 1423 4060 episcopum,
1462 3992 1550 4057 qui
1596 4004 1715 4042 eum
1742 3988 1998 4051 suscepit,
2032 4000 2150 4039 esse
2192 3999 2282 4053 pu-

722 4088 998 4141 niendum.
1026 4082 1158 4135 Nota
1197 4094 1398 4143 autem,
1428 4082 1567 4147 quod
1603 4081 1758 4132 etiam
1802 4092 2044 4147 prmsens
2102 4088 2276 4128 canon

724 4190 827 4227 non
876 4177 1003 4227 citra
1034 4172 1506 4231 examinatiouem,
1544 4169 1633 4222 sed
1686 4178 1803 4235 post
1862 4166 2274 4219 condemnatio-

720 4280 841 4317 nem
876 4275 1094 4332 peccato
1142 4263 1573 4321 convenientem,
1628 4258 1738 4311 vult
1804 4257 2032 4310 clericos
2080 4253 2272 4323 deponi

719 4355 799 4407 vel
825 4355 1113 4423 segregari.

2389 3171 2663 3238 ἐκδίκησιν
2693 3168 2785 3219 τοῦ
2820 3164 2947 3231 παρ’
2974 3164 3150 3215 αὐτῶν
3177 3160 3537 3229 τολμηθέντος
3572 3154 3912 3221 ἐγκλήματος
3931 3187 3946 3210 ,

2389 3262 2483 3313 ἐὰν
2532 3260 2717 3326 ἕτερος
2765 3254 3142 3322 ἐπίσκοπος,ἥ
3195 3249 3560 3320 πρεσϐύτερος
3606 3242 3822 3309 δέξηται
3870 3240 3950 3299 εἰς

2386 3348 2691 3409 κοινωνίαν,
2737 3345 2831 3397 καλ⁸
2873 3342 3035 3395 αὑτὸν
3082 3342 3281 3409 ὁμοίως
3322 3338 3399 3406 τῷ
3439 3335 3675 3404 δεχθέντι
3727 3328 3947 3390 κολάζε-

2387 3441 2528 3492 σθαι.
2564 3434 2887 3501 Συναγαγὼν
2922 3428 3013 3484 οὖν
3047 3431 3114 3482 τὰ
3152 3431 3302 3499 παρὰ
3334 3428 3437 3479 τῶν
3473 3424 3673 3494 ἐτέρων
3709 3420 3949 3472 κανόνων

2385 3532 2477 3583 καὶ
2506 3527 2597 3579 τοῦ
2634 3527 2892 3593 παρόντος
2927 3524 3146 3581 κανόνος
3178 3518 3533 3587 διορισθέντα,
3568 3514 3685 3565 είπέ
3718 3514 3822 3572 ὅτι,
3856 3509 3951 3559 ἐὰν

2383 3616 2641 3687 κληρικδν
2673 3614 3054 3683 καθῃρημένον
3082 3610 3295 3679 δέξηται
3327 3610 3508 3675 ἐτερος
3546 3604 3834 3659 ἐπίσκοπος
3870 3598 3950 3687 είς

2383 3686 2665 3759 κοινωνίαν
2703 3703 3015 3772 ἱερατικὴν,
3052 3697 3505 3768 καθαιρεθήσεται
3530 3709 3544 3723 '
3584 3693 3677 3743 ἐὰν
3710 3689 3766 3740 δέ
3811 3686 3948 3755 μετά

2381 3794 2763 3863 ἀφωρισμένον
2809 3784 3163 3858 συνεύξηται,
3212 3786 3652 3856 ἀφορισθήσεται.
3699 3780 3796 3831 Διά
3839 3776 3946 3844 γὰρ

2381 3886 2533 3937 τοῦτο
2574 3886 2669 3936 καὶ
2703 3885 2730 3934 ό
2772 3881 2959 3949 παρὼν
2997 3879 3175 3930 κανὼν
3213 3874 3362 3929 εἶπεν
3400 3875 3596 3941 ὁμοίως
3634 3872 3712 3939 τῷ
3750 3868 3946 3933 ἐκϐλη-

2384 3976 2527 4029 θέντι
2563 3974 2659 4042 τῆς
2696 3972 2987 4040 ἐκκλησίας
3020 3971 3109 4022 τὸν
3139 3967 3426 4035 δεξάμενον
3460 3965 3619 4018 αὐτὸν
3652 3962 3948 4013 ἐπίσκοπον

2383 4068 2725 4130 κολάζεσθαι.
2772 4064 3078 4131 Σημείωσαι
3117 4061 3171 4112 δέ
3214 4062 3293 4112 ὅτι
3339 4058 3431 4109 καὶ
3474 4058 3501 4107 ό
3542 4052 3729 4123 παρὼν
3769 4048 3948 4103 κανὼν

2382 4159 2480 4211 οὐκ
2525 4156 2933 4225 ἁσυντηρήτως,
2976 4152 3111 4204 ἀλλὰ
3159 4151 3293 4220 μετὰ
3340 4146 3633 4211 καταδίκην
3675 4141 3832 4204 ἀξίαν
3872 4136 3950 4207 τῷ

2384 4224 2741 4317 ἁμαρτήματι
2790 4224 2931 4297 οιλύ
2977 4244 3103 4304 τοὺς
3151 4239 3444 4310 κληρικοὺς
3489 4232 3867 4305 καθαιρεῖσθαι
3913 4228 3948 4299 ἢ

2384 4338 2758 4409 ἀφορίζεσθαι.

786 4416 1039 4500 Ζοῇλίλ.
1080 4445 1187 4497 llnc
1223 4445 1360 4497 idem
1399 4450 1715 4495 sanctorum
1770 4438 2130 4505 apostolorum
2173 4452 2273 4487 un-
2311 4428 2355 4481 D

2311 4428 2355 4481 Β
2456 4429 2697 4482 ΖΩΝᾹΡ.
2738 4425 2907 4479 Τοῦτο
2940 4423 3035 4477 καὶ
3068 4424 3115 4475 οί
3148 4422 3255 4473 τῶν
3288 4420 3456 4487 ἁγίων
3489 4416 3801 4471 ἀποστόλων
3832 4416 3859 4465 ὅ
3889 4430 3948 4465 τε

718 4535 958 4589 decimus
1017 4543 1071 4586 et
1126 4532 1476 4584 duodecimus
1526 4539 1579 4581 et
1647 4526 1949 4580 tricesimus
2007 4524 2276 4578 securtdus

716 4626 1131 4680 constituerunt.
1167 4624 1293 4688 Quae
1332 4623 1491 4686 igitur
1519 4621 1569 4672 in
1607 4620 1697 4693 _iis
1749 4618 1949 4685 scripta
2012 4626 2154 4675 sunt.
2193 4614 2276 4669 ltic

712 4713 873 4766 etiam
908 4711 1197 4765 sufﬁcient.
1237 4711 1538 4774 Quinetiam
1575 4709 1761 4777 synodi
1803 4708 2152 4759 Antiocheam
2182 4720 2276 4757 ca-

715 4821 817 4857 uou
842 4804 873 4856 6
906 4806 968 4856 de
1000 4805 1184 4855 eodem
1224 4803 1476 4867 loquitur,
1508 4810 1559 4849 et
1590 4798 1924 4852 Sardicensis
1970 4811 2141 4851 canou
2174 4795 2263 4848 l3.

713 4890 938 4946 ARIST.
993 4893 1138 4955 «Qui
1196 4907 1316 4944 cum
1374 4890 1841 4942 excnmiuunicato
1888 4886 2273 4948 communicat,

1070 5000 1085 5029 ι
1130 4981 1239 5047 ipse
1272 4980 1337 5031 sit
1368 4978 1921 5043 exeotttntttiticatiis.i

785 5071 949 5138 Quia
1005 5070 1219 5135 prcipt'io
1248 5070 1495 5135 episcopo
1546 5066 2072 5121 cxoontmunicatutn
2135 5064 2275 5118 reci-

713 5164 810 5229 pit.
833 5174 885 5216 et
911 5177 1032 5214 cum
1075 5175 1139 5212 eo
1196 5174 1349 5211 sacra
1403 5159 1692 5217 ministrat,
1748 5154 2137 5224 segregatinnis
2167 5168 2271 5207 non

714 5255 955 5321 ignarus,
990 5260 1042 5305 ct
1096 5252 1210 5319 ipse
1232 5253 1302 5301 sit
1358 5247 1873 5302 excummunicatus.
1926 5244 2191 5298 Similiter
2221 5251 2275 5297 et

712 5347 803 5413 qui
870 5344 1137 5397 Itzoretieis
1200 5341 1584 5399 communicat,
1642 5339 1813 5405 iisque
1853 5343 2271 5401 compreCaIur,

714 5452 834 5487 cum
871 5432 1117 5485 ﬁdelibus
1152 5446 1217 5485 ne
1270 5430 1671 5491 communicet;
1729 5427 1822 5480 sed
1869 5425 2109 5479 Ecclesia
2174 5438 2271 5477 ea-

714 5527 974 5579 trudatur.

1308 5609 1531 5665 CANON
1595 5608 1660 5660 Χ.

720 5708 839 5759 ιη·
875 5703 1220 5769 picdwtcris,
1274 5705 1359 5768 qui
1411 5718 1435 5752 a
1472 5701 1697 5768 propriis
1751 5698 2013 5764 episcopis
2072 5697 2269 5750 condc-

2387 4527 2475 4575 ια’.
2512 4520 2601 4571 καὶ
2640 4516 2723 4587 ιβ’,
2762 4517 2853 4569 καὶ
2885 4516 2986 4585 λβ’,
3020 4514 3344 4579 διετάξαντο.
3374 4514 3439 4563 ’Λ
3475 4506 3604 4575 γοῦν
3637 4511 3694 4560 ἐν
3725 4506 3950 4567 ἐκείνοις

2385 4613 2629 4682 ἐγράφη,
2666 4608 2943 4661 κάνταῦθα
2978 4606 3293 4675 ἀρκέσουσι.
3327 4603 3435 4654 Καὶ
3467 4603 3494 4651 ό
3526 4599 3624 4667 τῆς
3657 4599 3714 4650 ἐν
3748 4597 3951 4648 Ἀντιο-

2383 4706 2503 4775 χείᾳ
2535 4703 2591 4753 δέ
2628 4700 2839 4753 συνόδου
2875 4700 3029 4756 ἐκτος
3064 4696 3243 4746 κανὼν
3276 4694 3403 4761 περὶ
3434 4690 3620 4742 τούτου
3655 4684 3954 4755 διαλαμϐά-

2382 4815 2481 4858 νει,
2515 4795 2608 4846 καὶ
2636 4796 2663 4845 ό
2695 4798 2760 4857 ιγ’
2781 4792 2879 4859 τῆς
2907 4792 2964 4842 ἐν
2995 4786 3251 4854 Σαρδικῇ.

2396 4884 2632 4939 ἈΡΙΣΤ.
2675 4900 2693 4933 ι
2726 4882 2786 4933 '0
2816 4878 3166 4943 ἀκοινωνήτῳ
3204 4873 3475 4928 κοινωνῶν
3505 4869 3886 4937 ἀκοινώνητος.
3931 4885 3950 4918 ι

2462 5059 2526 5112 Ὀ
2560 5058 2649 5109 τὸν
2684 5055 2786 5109 ὑπὸ
2818 5053 2909 5106 τοῦ
2956 5053 3084 5104 ίδίου
3128 5051 3426 5103 ἐπισκόπου
3470 5045 3829 5114 ἀφορισθέντα
3866 5044 3954 5095 δε-

2383 5153 2627 5223 χόμενος,
2658 5148 2750 5201 καὶ
2784 5143 3207 5211 συλλειτουργῶν
3236 5140 3404 5209 αὐτῷ,
3437 5143 3493 5192 ἐν
3526 5139 3728 5207 εἰδήσει
3757 5136 3831 5188 ὢν
3858 5133 3952 5187 τοῦ

2383 5235 2685 5307 ἀφορισμοῦ
2707 5275 2721 5297 ,
2757 5233 3135 5301 ἀφωρισμένος
3169 5231 3261 5281 καὶ
3290 5230 3447 5289 αὐτὸς
3479 5228 3637 5280 ἔστω.
3678 5227 3950 5286 Ὡσαύτως

2384 5332 2476 5383 καὶ
2502 5333 2527 5381 ό
2554 5326 2845 5393 αίρετικοῖς
2878 5321 3169 5382 κοινωνῶν,
3201 5320 3293 5371 καὶ
3326 5319 3715 5387 συνευχόμενος
3746 5316 3956 5375 αὐτοῖς.

2386 5422 2492 5479 τοῖς
2526 5418 2735 5474 πιστοῖς
2774 5413 2832 5464 οὐ
2870 5412 3313 5480 ουγκοινωνήσει,
3346 5410 3483 5464 ἀλλά
3512 5410 3609 5480 τῆς
3625 5406 3957 5474 Ἐκκλησίας

2384 5509 2733 5571 ἰξωθήσεται.

3007 5591 3241 5645 ΚΑΝΩΝ
3279 5592 3331 5642 1’.

2390 5711 2409 5741 ι
2456 5692 2586 5754 Περὶ
2625 5686 3007 5756 πρεσὸντὲρων
3042 5682 3146 5734 τῶν
3186 5683 3291 5734 ἀπὸ
3332 5680 3436 5732 τῶν
3475 5679 3687 5732 οἰκείων
3725 5690 3953 5742 καταγι-
