4214 6438
255 378 321 439 ω
1298 392 1375 450 IN
1415 392 1578 451 CAN.
1624 392 1703 451 ix
1741 394 1939 451 coxo.
1981 392 2349 452 csnrnso.
3367 388 3435 448 st

324 503 343 535 ε
389 495 740 559 νωσκομένων
769 496 1075 550 ἐπισκόπων
1107 500 1351 560 Ἀλύπιος
1380 504 1666 565 επίσκοπος
1696 522 1751 558 το
1810 510 1851 562 Α
1955 521 1972 552 ι

1810 510 1851 562 Α
1955 521 1972 552 ε
2008 510 2273 562 mnantnr,
2299 500 2517 567 Alypius
2554 501 2833 567 episcopus
2884 500 3114 567 regionis
3144 499 3432 552 Numidiae

330 594 350 626 ε
397 583 701 648 ποτηρητὴς
734 584 831 649 τῆς
866 586 1193 654 Νουμιδικῆς
1230 589 1407 658 χώρας
1440 588 1587 645 εἶπεν
1614 612 1627 625 ο
1664 597 1794 647 Οὐδὲ

331 686 347 713 ε
397 668 565 719 ἐκεῖνο
590 669 669 721 δεῖ
698 676 988 739 παρεᾶσαι,
1014 676 1118 738 τνα,
1146 677 1238 729 δάν
1264 696 1344 739 τις
1373 682 1529 747 τυχὸν
1562 685 1793 752 πρεσϐύ-

328 771 346 801 ε
396 770 569 822 τερος,
603 758 709 809 ἀπὸ
746 760 837 811 τοῦ
880 762 1006 812 ίδίου
1044 765 1339 817 ὶπισκόπου
1378 771 1791 834 καταγνωτθεὶς,

324 860 349 890 ε
398 847 675 912 φυσιότητί
705 864 807 899 τινι
843 854 933 901 καὶ
968 852 1305 924 ὑπερηφανίᾳ
1343 858 1625 925 ἐπαρθεὶς.
1657 862 1793 925 ἠγὴο

329 951 347 978 ε
398 949 545 986 σεται
568 936 795 1003 ὀφείλειν
818 944 1225 1007 κεχωρισμένως
1251 947 1377 1011 ἀγια
1399 948 1474 1015 τῷ
1496 949 1609 1016 Θεῷ
1637 966 1797 1016 προσ-

328 1040 346 1069 ε
396 1024 600 1088 φέρειν,
643 1026 674 1094 ἢ
716 1028 839 1079 ἄλλο
878 1030 1132 1095 ἀνορθοῦν
1174 1032 1552 1101 θυσιαστήριον
1594 1036 1797 1103 οίηθείη

327 1128 347 1158 ε
398 1113 531 1162 κατὰ
558 1113 654 1179 τῆς
685 1116 1132 1184 ἐκκλησιαστικῆς
1158 1122 1386 1183 πίστεως
1415 1125 1505 1175 καὶ
1532 1127 1799 1176 καταστά-

328 1218 346 1245 σ
399 1216 533 1259 σεως
558 1218 573 1231 ·
613 1206 638 1255 δ
675 1206 910 1267 τοιοῦτος
950 1207 1291 1276 ἀτιμώρητος
1334 1213 1405 1277 μὴ
1447 1214 1651 1281 ὲεέλθῃ.
1698 1215 1799 1266 Βα-

328 1306 349 1337 ε
397 1289 630 1354 λεντΐνος
670 1296 961 1358 ἐπίσκοπος
998 1299 1093 1364 τῆς
1135 1300 1355 1369 πρώτης
1400 1303 1664 1369 καθέδρας
1703 1306 1799 1372 τῆς

326 1395 345 1425 ε
392 1378 721 1447 Νουμιδικῆς
746 1383 922 1451 χώρας
950 1383 1101 1439 εἶπεν
1121 1403 1134 1416 ·
1162 1390 1494 1455 Ἀναγκαίως
1518 1396 1580 1459 τῇ
1610 1393 1801 1461 ἐκκλη-

325 1481 344 1512 ε
394 1470 639 1534 σιαστικῇ
670 1471 843 1521 πίστει
865 1473 1111 1534 καὶτάξει
1143 1475 1403 1541 σύμφωνά
1431 1478 1531 1527 είσι
1561 1478 1624 1528 τὰ
1656 1479 1799 1545 παρά

326 1570 345 1601 ε
393 1554 485 1604 τοῦ
518 1557 740 1622 ἀδελφοῦ
773 1561 926 1625 ήμῶν
960 1562 1211 1615 Ἀλυπίου
1243 1566 1646 1633 προενεχθέντα.
1678 1568 1800 1618 Λοι-

328 1661 347 1691 ι
393 1645 490 1694 πὸν
518 1648 568 1697 τί
597 1648 740 1700 δοκεί
767 1655 828 1717 τῇ
863 1654 1100 1722 ὑμετέρᾳ
1131 1657 1318 1727 ἀγάπῃ
1350 1658 1553 1711 εἴπατε.
1590 1660 1651 1711 'H
1682 1661 1802 1710 σύν-

328 1750 350 1780 ε
398 1733 513 1793 οδος
539 1733 714 1789 εἶπεν-
742 1740 864 1791 Ἐάν
883 1759 964 1801 τις
989 1745 1374 1814 πρεσϐύτερος,
1399 1748 1537 1799 κατά
1556 1748 1647 1799 τοῦ
1674 1749 1800 1799 [δίου

328 1839 347 1870 ε
394 1824 690 1877 ιπισκόπου
728 1830 1016 1892 φυσιωθεὶς
1053 1835 1251 1902 σχίσμα
1289 1838 1519 1907 ποιήσῃ.
1559 1836 1801 1904 ἀνάθεμα

329 1928 348 1959 ε
396 1913 555 1965 [στω.
605 1934 622 1963 ι

324 2002 521 2055 ΒΔΔΣ.
559 2004 617 2058 '0
648 2007 726 2059 λα’
747 2009 1099 2075 ἀποστολικδς
1129 2019 1307 2067 κανὼν
1338 2018 1462 2079 τοὺς
1492 2020 1806 2087 παρασυνά-

253 2107 469 2157 γοντας,
496 2095 784 2162 κληρικοὺς
812 2101 909 2166 μὲν
931 2102 1104 2164 ὄντας,
1132 2105 1443 2172 καθαιρέσει
1470 2108 1805 2159 καθυποσάλ-

253 2180 337 2232 λει
358 2222 372 2241 ,
404 2182 623 2246 λαῖκοὺς
648 2186 703 2237 δὲ
722 2227 738 2249 ,
767 2189 1119 2257 ἀφορίζεσθαι
1148 2194 1470 2263 διορίζεται·
1504 2197 1639 2265 πλὴν
1672 2198 1807 2261 μετά

254 2269 479 2339 πρώτην
509 2275 600 2325 καὶ
632 2275 887 2346 δευτέραν
917 2282 1009 2333 καὶ
1042 2285 1228 2352 τρίτην
1258 2287 1626 2355 παράκλησιν.
1664 2287 1720 2337 ’0
1752 2288 1807 2338 δὲ

254 2359 448 2427 παρὼν
480 2364 655 2415 κανὼν
688 2367 779 2417 καὶ
811 2370 838 2419 δ
872 2376 920 2433 ς’
950 2372 1048 2436 τῆς
1081 2374 1140 2423 εν
1169 2374 1391 2443 Γάγγρξι
1426 2375 1808 2444 ἀναθεματίζει

254 2450 499 2510 τούτους.
541 2449 654 2502 Τίνι
699 2452 829 2518 γοῦν
874 2458 1157 2527 ὀφείλομεν
1199 2467 1490 2531 προσσχεῖν
1530 2465 1807 2534 ζητητέον.

258 2535 457 2603 οῐομαι
486 2538 576 2591 οὖν
599 2542 681 2594 ὅτι
708 2545 799 2597 καὶ
828 2545 994 2613 ἀμφω
1022 2550 1159 2601 κατά
1184 2553 1306 2613 τοὺς
1336 2554 1563 2631 κανόνας
1592 2557 1809 2624 γενήσε-

249 2641 370 2695 ται.
410 2628 627 2695 Πρῶτον
679 2633 777 2699 μὲν
812 2636 917 2705 γὰρ
949 2641 1086 2689 κατά
1112 2640 1203 2690 τὸν
1232 2628 1585 2694 ἀποστολικδν
1614 2645 1810 2695 κανόνα

257 2715 311 2764 oi
340 2724 680 2783 σχισματικοὶ
708 2726 1247 2795 παραγγελθήσονται
1270 2732 1360 2783 τοῦ
1389 2732 1553 2784 κακοῦ
1580 2735 1814 2802 ἀποσχέ-

264 2804 387 2857 σθαι
414 2823 428 2834 ·
460 2812 550 2860 καὶ
584 2812 657 2879 μὴ
686 2814 1019 2878 πεισθέντες,
1052 2820 1531 2889 καθαιρεθήσονται
1564 2823 1593 2890 ἢ
1625 2824 1812 2891 ἀφορι-

264 2895 552 2963 σθήσονται
580 2917 593 2931 ·
629 2904 678 2954 εί
716 2904 771 2956 δὲ
812 2907 904 2959 καὶ
942 2908 1081 2962 οὕτω
1116 2914 1179 2980 τῇ
1222 2912 1537 2978 φυσιότητι,
1569 2914 1813 2965 τουτέστι

262 2988 328 3052 τῇ
377 2991 644 3061 κενοδοξῖᾳ
688 2999 780 3046 καὶ
816 2998 881 3065 τῇ
922 2988 1183 3071 ἀνηκοΐα,
1229 3003 1581 3069 ἐμμένουσιν,
1623 3003 1813 3056 ἀναθέ-

1976 609 1994 641 ‹
2033 592 2235 658 legatus
2270 590 2399 643 dixit
2430 606 2442 651 ;
2472 588 2578 641 Nec
2610 587 2735 639 illud
2787 591 3291 655 pratermittendum
3329 600 3432 649 est,

1970 700 1989 730 ε
2033 683 2151 732 utsi
2179 680 2299 747 quis
2329 680 2465 731 forte
2522 680 2795 747 presbyter
2842 694 2869 730 ιι
2919 680 3132 746 proprio
3189 680 3436 745 episcotto

1970 789 1987 819 ε
2018 771 2441 829 condemnatus,
2501 780 2704 821 tumore
2755 772 2982 837 quodam
3032 781 3083 823 et
3130 769 3434 835 arrogantia

1972 877 1989 907 ε
2027 858 2234 917 elatus,
2291 858 2679 910 existimaverit
2739 858 2932 911 debere
2987 860 3269 924 separalittt
3332 859 3436 910 Deo

1979 967 1994 995 ε
2038 958 2220 1000 sancta
2246 947 2459 1007 oﬂ‘erre,
2490 949 2567 999 vel
2594 947 2733 998 aliud
2767 947 2930 999 altare
2946 948 3249 1013 erigendum
3285 958 3438 1013 puta-

1971 1054 1986 1083 ι
2026 1038 2157 1087 Veri!
2190 1039 2446 1090 adversus
2477 1038 2896 1090 ecclesiasticam
2934 1039 3086 1090 ﬁdem
3115 1048 3165 1089 et
3229 1038 3435 1091 consti-

1975 1144 1992 1175 ι
2032 1129 2321 1181 tutionem:
2366 1131 2408 1181 is
2465 1146 2528 1181 ne
2580 1130 2813 1194 imponis
2863 1130 3071 1181 evadat.
3130 1127 3441 1179 Valentinus

1987 1235 2003 1266 (
2038 1218 2322 1285 episc0pus
2357 1219 2538 1283 prima:
2570 1220 2835 1271 cathedrae
2888 1218 3177 1271 Numidij
3208 1220 3441 1282 regionis

1988 1322 2006 1353 ε
2039 1306 2201 1358 dixit:
2242 1306 2555 1359 Necessario
2582 1308 2961 1361 ecclesiastica:
2994 1308 3109 1359 fidei
3161 1319 3213 1360 et
3263 1308 3437 1362 ordini

1979 1413 1995 1442 ε
2030 1397 2387 1453 consentiunt,
2443 1411 2608 1461 quaen
2650 1396 2815 1451 fratre
2869 1408 3050 1450 nostro
3087 1400 3272 1467 Alypio
3318 1415 3437 1465 pro.

1981 1500 1996 1530 ι
2034 1483 2139 1536 lata
2172 1494 2313 1535 sunt.
2348 1483 2496 1547 Quod
2544 1495 2803 1551 superest,
2845 1486 2967 1553 quid
2997 1499 3182 1538 vestrae
3240 1489 3445 1538 videtur

1977 1588 1993 1620 ι
2025 1572 2289 1623 dilectioni
2322 1574 2497 1627 dicite.
2549 1574 2790 1641 Synodus
2839 1576 2969 1625 dixit
3010 1593 3021 1625 :
3060 1577 3113 1626 Si
3157 1576 3277 1640 quis
3328 1591 3447 1635 pre-

1978 1678 1994 1708 ι
2034 1663 2217 1729 sbyter
2273 1664 2529 1715 adversus
2566 1667 2835 1730 proprium
2891 1666 3193 1733 episcopum
3237 1665 3447 1719 inﬂatus

1985 1767 2001 1797 ι
2036 1750 2263 1805 schisma
2290 1750 2491 1815 fecerit,
2521 1752 2907 1803 sitanathema.
2950 1769 2965 1800 ι

1976 2004 2166 2059 BALS.
2199 2005 2527 2062 Tricesimus
2572 2010 2776 2073 primus
2800 2024 2971 2063 canon
2996 2013 3315 2076 apostolicus
3337 2025 3451 2073 eos,

1907 2097 1997 2161 qui
2029 2111 2056 2148 a
2081 2100 2491 2166 congregatione
2540 2099 2831 2163 divertunt,
2853 2100 2896 2153 si
2952 2101 3058 2153 sint
3089 2102 3301 2169 quidem
3350 2102 3453 2154 elc-

1911 2186 2028 2246 rici.
2062 2188 2378 2253 depositiuni
2404 2188 2651 2253 subjicit:
2689 2191 2852 2243 laicos
2885 2200 3061 2243 autem
3098 2192 3455 2261 segregandos

1909 2275 2184 2339 decernit;
2214 2276 2304 2330 sed
2337 2287 2452 2343 post
2476 2279 2700 2342 primam
2740 2287 2792 2331 et
2820 2280 3111 2332 secundam
3144 2291 3192 2333 ct
3246 2281 3455 2333 tertiam

1909 2363 2345 2417 admonitionem.
2398 2365 2639 2419 Praesens
2693 2375 2869 2418 autem
2940 2381 3108 2419 canon
3164 2378 3217 2420 et
3273 2377 3457 2422 sextus

1909 2448 2231 2516 Gangreusis
2285 2463 2379 2503 eos
2425 2451 2863 2506 anathematizat.
2921 2452 3060 2517 Quid
3126 2469 3250 2521 ergo
3303 2454 3453 2521 ecqui

1912 2539 2197 2591 debeamus
2253 2540 2594 2606 quaerendum
2649 2551 2751 2596 est.
2804 2543 3064 2595 Existimo
3110 2558 3256 2611 ergo,
3313 2544 3451 2611 quod

1914 2639 2197 2696 utrumque
2232 2629 2318 2682 [iet
2348 2643 2412 2681 ex
2447 2632 2757 2687 canouibus.
2789 2632 3021 2685 Printum
3066 2635 3208 2686 enim
3267 2648 3457 2686 secun-

1912 2722 2033 2774 dum
2065 2737 2323 2777 canonem
2372 2726 2722 2794 apostolicum
2776 2727 3136 2781 sebismaticis
3180 2730 3456 2781 denuntia-

1914 2812 2072 2873 bitur,
2099 2812 2324 2884 525m
2359 2830 2387 2868 a
2424 2817 2561 2868 maio
2582 2818 2911 2870 abstineant:
2936 2828 3008 2880 et,
3030 2818 3127 2870 nisi
3160 2819 3454 2883 paruerint,

1915 2902 2245 2967 deponentur
2292 2905 2375 2956 vel
2429 2906 3059 2958 excommunicabuntur.
3122 2908 3214 2959 Sin
3282 2916 3458 2959 autem

1915 2990 1990 3041 sic
2020 3004 2228 3057 quoque
2258 2992 2308 3043 in
2366 2993 2659 3055 inﬂatione,
2702 2994 2801 3047 hoc
2853 3002 2956 3055 est,
2994 3008 3128 3045 vana
3188 2994 3351 3061 gloria
3410 3005 3462 3048 et

268 3077 1027 3175 part-xaﬂunoélqOﬁoovrat,
1058 3089 1131 3148 ὡς
1161 3093 1434 3156 σεσηπότα
1467 3091 1599 3160 μέλη
1630 3094 1691 3144 ἐκ
1720 3092 1812 3143 τοῦ
1840 3115 1884 3175 C
1918 3080 1930 3129 Ῑ

1793 3092 1812 3143 5
1840 3115 1884 3175 C
1918 3079 2294 3141 inobedientia,
2320 3082 2669 3148 perstiterint,
2724 3084 3052 3135 anathemati
3088 3084 3457 3151 subjicientnr,

265 3163 601 3227 ὑγιαίνοντος
629 3170 877 3237 σώματος
901 3177 997 3242 τῆς
1023 3177 1345 3246 Ἐκκλησίας
1372 3182 1717 3243 ὲκκοπὲντες.
1744 3183 1817 3235 Τὸ
1845 3163 1884 3175 ν
1923 3186 1929 3219 ¹

1800 3163 1884 3233 5"
1923 3179 1979 3220 ιιι
2014 3172 2251 3223 membra
2286 3174 2493 3240 putrida
2528 3188 2558 3226 e
2608 3187 2738 3225 sano
2774 3173 3029 3227 Ecclesia:
3081 3190 3307 3241 corp0re
3353 3194 3464 3225 atu-

264 3252 374 3321 γάρ
400 3258 723 3311 ἀπεντεῦοεν
746 3263 1236 3337 ἀναθεματισθῆναι
1260 3271 1384 3329 τοὺς
1414 3272 1486 3339 μὴ
1510 3272 1595 3323 διὰ
1616 3272 1818 3339 δογμαο

263 3346 424 3414 τικὴν
453 3356 960 3419 προσκεκρουκότας
986 3357 1194 3420 αἰτίαν,
1222 3360 1357 3412 ἀλλά
1386 3361 1472 3413 διά
1501 3361 1817 3425 ἀλαζονείαν

266 3438 361 3486 καὶ
390 3438 505 3499 νοὸς
536 3442 838 3509 κουφότητα
867 3446 1008 3498 κατά
1032 3448 1130 3513 τῆς
1161 3440 1616 3519 ἐκκλησιαστικῆς
1646 3468 1815 3503 κατα-

268 3526 511 3588 στάσεως
530 3530 974 3599 ἀτακτήσαντας,
1021 3538 1320 3604 βαρύτατον
1358 3543 1533 3592 ἐστιν.
1580 3542 1653 3603 ὡς
1699 3542 1819 3608 ἐμοὶ

267 3612 433 3665 δοκεῖ.
486 3617 780 3684 Ἀνάγνωθι
832 3623 924 3675 καὶ
970 3627 1063 3677 τὸν
1108 3627 1157 3678 α’
1193 3631 1389 3681 κανόνα
1436 3629 1529 3682 τοῦ
1587 3632 1820 3699 μεγάλου

268 3701 550 3758 Βαττιλείου
567 3747 581 3768 ,
608 3709 924 3765 διδάσκοντα
953 3716 1210 3785 διαφορὰν
1235 3722 1526 3787 αίρετικῶν
1548 3760 1563 3785 ,
1595 3739 1822 3791 σχισμα·

271 3794 443 3845 τικῶν
477 3800 570 3849 καὶ
609 3806 1120 3871 παρασυναγόντων.
1161 3808 1422 3862 Ἐνταῦθα
1455 3812 1510 3863 δὲ
1544 3829 1823 3881 καταχρη-

1918 3261 2105 3327 putati.
2138 3261 2208 3314 Ex
2240 3264 2336 3315 hoc
2364 3264 2501 3315 enim
2534 3263 2677 3329 ipsos
2709 3279 2826 3317 esse
2846 3266 3339 3323 anathematizatm,
3376 3266 3462 3329 qui

1919 3359 2023 3397 non
2054 3356 2269 3412 propter
2296 3362 2510 3401 causam
2564 3352 2917 3416 d0gmaticam
2972 3350 3329 3411 oﬂenderunt,
3378 3353 3465 3402 sed

1922 3439 2520 3503 prepter.arrogantiam
2547 3449 2599 3491 et
2630 3440 2822 3492 mentis
2886 3440 3154 3493 levitatem
3212 3443 3467 3493 adversus

1924 3527 2338 3581 ecclesiasticam
2371 3529 2804 3582 constitutionem
2861 3544 2918 3581 se
2964 3530 3253 3583 insolenter
3281 3546 3462 3597 geSs-e~

1926 3628 2075 3678 runt,
2108 3626 2189 3670 est
2230 3618 2625 3686 gravissimum,
2678 3628 2735 3671 ut
2792 3620 2918 3671 mihi
2974 3620 3185 3685 quidem
3240 3622 3465 3673 videtur.

1923 3705 2064 3774 Lege
2094 3707 2254 3759 etiam
2286 3721 2545 3760 csuonem
2600 3709 2625 3760 1
2674 3710 2851 3775 magni
2908 3709 3112 3770 Basilii,
3168 3710 3255 3777 qui
3318 3712 3471 3764 docet

1924 3798 2274 3850 diﬂerentiam
2300 3799 2690 3861 haereticorum,
2710 3800 3173 3851 schismatieorum
3204 3808 3257 3853 et
3287 3817 3470 3855 eorum

276 3887 477 3949 στικῶς
518 3888 786 3957 ὲξελήφθη
826 3894 885 3944 τδ
930 3895 1135 3964 σχίσμα
1179 3901 1269 3949 καὶ.
1306 3902 1338 3966 ἠ
1386 3903 1826 3970 παρασυναγωγὴ
1926 3904 1940 3939 ⁴

1806 3904 1826 3970 η
1926 3889 2016 3956 qtti
2050 3904 2075 3938 a
2116 3888 2532 3956 congregatione
2564 3890 2851 3942 divortunt.
2903 3890 2998 3942 llic
3029 3898 3204 3943 autem
3252 3892 3470 3945 abusive

271 3976 353 4038 είς
378 3979 504 4038 τοὺς
533 3980 669 4032 κατὰ
699 3981 1010 4045 ἀλαζονείαν
1039 3986 1176 4038 κατά
1198 3986 1294 4038 τοῦ
1326 3988 1624 4041 ἀπισκόπου
1650 3991 1827 4042 αὐτῶν
1929 3997 1935 4029 ³

1808 4008 1827 4041 υ
1929 3990 2207 4047 acceptum
2264 3990 2345 4033 est
2377 3980 2632 4041 scltisma,
2681 3990 2732 4031 et
2769 3995 2793 4030 a
2843 3982 3251 4047 congregatione
3299 3985 3472 4033 diver-

274 4068 643 4134 φυσιωθέντας
674 4074 775 4124 καὶ
798 4074 1247 4145 ἀποσχισθέντας.
1930 4084 1938 4119 ¹

1930 4067 2030 4129 sio,
2061 4083 2156 4135 pro
2188 4069 2250 4120 iis
2284 4069 2374 4135 qui
2422 4083 2487 4120 ex
2516 4070 2819 4135 arrogantia
2874 4069 3128 4122 adversus
3178 4086 3329 4123 suum
3367 4074 3474 4131 epi-

1932 4172 2154 4221 scopum
2188 4158 2357 4211 inﬂati
2388 4168 2511 4211 sunt
2536 4170 2590 4213 et
2625 4160 2689 4211 ab
2716 4174 2780 4211 eo
2809 4160 3056 4213 abscissi.

344 4248 588 4301 ΖΩΝΛΡ.
625 4251 749 4302 Ἐὰν
781 4253 1147 4323 πρεσϐύτερος
1176 4257 1515 4326 ἐπιτιμηθεὶς
1542 4258 1830 4328 ἀφοριτμῷ
2001 4247 2008 4297 ἶ

1814 4260 1830 4312 ',
2001 4246 2250 4301 ZONAR.
2282 4248 2336 4301 Si
2371 4249 2490 4316 quis
2510 4251 2762 4303 sacerdos
2791 4253 3156 4317 segregatione
3187 4252 3320 4305 forte
3346 4254 3478 4305 tnui-

274 4338 407 4397 ἴσως
430 4340 641 4407 ἐπαρθῇ
663 4342 969 4409 φυσιότητι,
993 4344 1236 4395 τουτέστι
1260 4344 1529 4415 κενοδοξία
1553 4348 1643 4397 καὶ
1663 4347 1828 4412 δγκῳ,
1935 4349 1938 4385 ¹

1815 4385 1828 4409 ,
1935 4347 2095 4402 tatus,
2128 4337 2418 4400 inﬂatione,
2473 4340 2571 4391 hoc
2619 4349 2719 4398 est,
2758 4344 3063 4405 arrogantia
3126 4343 3479 4407 superbiaque

278 4428 370 4479 καὶ
404 4428 509 4497 ἰδίᾳ
538 4431 822 4500 προσφέρῃ
847 4432 925 4499 τῷ
953 4431 1070 4499 Θεῷ
1092 4472 1106 4494 ,
1137 4433 1431 4501 ίερουργῶν
1459 4434 1580 4485 καθ’
1605 4434 1796 4485 ἑαυτὸν
1815 4474 1829 4498 ,
1860 4431 1910 4490 D
1935 4446 1942 4476 ⁴

1815 4474 1829 4498 ,
1860 4431 1910 4490 ι)
1935 4427 2213 4487 efferatur,
2244 4442 2306 4479 ac
2337 4428 2443 4481 Deo
2500 4429 2745 4495 privatim
2801 4428 2991 4482 offerat
3021 4470 3035 4485 .
3097 4432 3323 4498 aliisque
3374 4448 3477 4482 non

279 4519 311 4587 ἢ
352 4519 514 4581 αὐτὸς
560 4521 675 4572 νέον
717 4520 1098 4589 θυσιαστήριον
1142 4506 1510 4593 καινουργήσῃ
1553 4525 1692 4576 κατὰ
1736 4526 1833 4592 τῆς
1934 4532 1943 4567 ε

1820 4542 1833 4586 ς
1934 4517 2186 4567 adhibitis
2218 4516 2562 4579 sacraiaclat,
2596 4527 2897 4568 autnovum
2922 4518 3212 4583 ipsealtare
3230 4519 3484 4570 adversus

280 4607 730 4673 ικκλησιαστικῆς
765 4608 998 4678 πίστεως
1028 4608 1125 4660 καὶ
1160 4611 1541 4668 καταστάσεως
1565 4627 1576 4639 ·
1617 4612 1834 4678 συγχέει
1936 4623 1944 4654 ι

1819 4629 1834 4661 ι
1936 4604 2356 4657 ecclesiasticam
2421 4604 2578 4656 tidem
2637 4618 2699 4656 ac
2727 4605 3172 4657 constitutionem
3218 4609 3482 4658 excitare-

281 4697 387 4763 τάρ
420 4697 518 4762 τὴν
552 4689 1008 4766 ἐκκλησιαστικὴν
1045 4702 1410 4763 κατάστασιν,
1447 4701 1519 4762 ὡς
1552 4700 1660 4752 τῶν
1698 4718 1831 4769 πρεο
1938 4709 1945 4745 1

1818 4730 1831 4741 .
1938 4694 2047 4757 rit;
2078 4694 2271 4745 evertit
2300 4694 2387 4746 ille
2424 4693 2687 4761 siquidem
2724 4694 2980 4747 Ecclesiae
3028 4697 3482 4753 constitutionem,

282 4786 561 4854 σθυτέρων
586 4788 831 4840 ὑπείκειν
853 4789 1175 4856 ὀφειλόντων
1196 4790 1493 4862 τῷοὲπισκό
1504 4810 1606 4860 mp,
1631 4793 1838 4852 txsivo;
1937 4802 1946 4835 ⁴

1822 4809 1838 4852 ς
1937 4785 2182 4852 quicum
2219 4786 2471 4850 episcopo
2526 4783 2805 4836 audientes
2873 4797 2993 4835 esse
3047 4784 3344 4851 presbyteri
3393 4786 3486 4837 de-

282 4878 375 4929 καὶ
410 4878 779 4944 ἀντιπράττων
813 4881 905 4932 καὶ
939 4880 1328 4949 ἀνθιστάμενος
1360 4882 1539 4948 αὐτῷ,
1571 4884 1665 4935 κα.)⁵
1698 4884 1837 4936 κατά
1941 4873 1946 4924 1

1827 4903 1837 4936 ι
1941 4873 2122 4933 beant,
2162 4874 2476 4926 obluctatur
2508 4868 2642 4939 ipSe,
2669 4882 2722 4924 et
2757 4873 3011 4932 obsistit;
3046 4874 3163 4926 tidei
3193 4888 3321 4927 vero
3362 4890 3491 4940 quo-

280 4963 383 5031 τῆς
431 4965 660 5026 πίστεως
700 4969 875 5018 ποιεῖ’
914 4970 962 5020 oi
1004 4972 1110 5036 γὰρ
1152 4970 1389 5034 ἄπιστοι,
1431 4970 1715 5039 βλέποντες
1757 4975 1838 5025 ὅτι
1940 4984 1944 5008 ⁴

1826 4991 1838 5025 ι
1940 4977 2045 5029 que
2074 4973 2155 5014 est
2183 4962 2433 5030 injurias,
2483 4976 2600 5029 qua:
2644 4962 2941 5016 infidelium
3003 4964 3275 5027 irrisione,
3339 4975 3490 5031 post-

284 5052 535 5116 ἀτάκτως
570 5053 840 5122 διάγουσιν
873 5057 923 5107 οἱ
960 5057 1279 5126 ἱερωμένοι,
1317 5061 1708 5130 κωμῳδήσουσι
1743 5063 1840 5129 τὴν

285 5142 503 5193 πίστιν
546 5144 669 5205 τοὺς
706 5142 835 5209 γοῦν
872 5144 1149 5206 τοιούτους
1189 5147 1289 5198 οὐκ
1329 5149 1703 5215 ἀτιμωρήτους
1740 5149 1839 5211 δεῖ,

285 5231 473 5297 φασιν,
512 5225 671 5290 εἶναι,
712 5232 791 5284 διδ
836 5236 928 5283 καὶ
970 5233 1269 5303 ἀναθέματι
1315 5236 1508 5297 αὐτοὺς
1551 5238 1583 5305 ἡ
1630 5236 1843 5296 σύνοδος

286 5322 627 5374 κατεδίκασε.
661 5322 769 5374 Καὶ
802 5324 829 5373 δ
864 5322 918 5386 ς’
941 5323 996 5375 δὲ
1022 5324 1122 5392 τῆς
1156 5325 1212 5375 ὲν
1242 5326 1462 5397 Γάγγρᾳ
1497 5328 1711 5379 συνόδου
1750 5344 1844 5380 κα-

283 5409 391 5461 νὼν
426 5411 534 5462 ὑπὸ
568 5411 813 5479 ἀνάθεμα
844 5415 970 5475 τοὺς
1010 5417 1492 5483 παρασυνάγοντας
1528 5418 1845 5483 ἐποιήσατο.

298 5498 359 5553 '0
386 5500 443 5553 δι
471 5500 579 5555 τῶν
611 5504 917 5555 ἀποστόλων
944 5502 1021 5555 λα’
1047 5503 1228 5558 κανὼν
1260 5504 1579 5577 καθαίρεσιν
1607 5507 1713 5560 τῶν
1740 5523 1847 5559 τοι·

290 5592 462 5648 οὐτων
489 5593 949 5663 καταψηφίζεται.

1943 5065 2101 5117 quam
2131 5050 2299 5104 sacris
2327 5051 2561 5105 initiatos
2587 5050 2830 5103 homines
2850 5065 3103 5116 perverse
3136 5052 3299 5104 vitam
3335 5068 3494 5119 agere

1944 5141 2461 5201 animadverterint,
2512 5140 2736 5194 ludetur.
2798 5141 3073 5206 Ejusmodi
3154 5142 3316 5209 igitur
3396 5145 3497 5196 bo-

1946 5234 2137 5297 mines,
2168 5246 2498 5297 nequaquam
2534 5232 2746 5296 impune
2779 5230 2929 5283 abire
2976 5242 3223 5297 oportere
3256 5239 3492 5300 synodus

1946 5324 2157 5385 asserit,
2210 5322 2438 5389 illosque
2482 5320 2733 5395 uproinde
2792 5322 3149 5374 anatliematis
3201 5337 3357 5387 pmna
3420 5334 3497 5376 te-

1950 5416 2062 5467 neri
2100 5413 2265 5481 iubet.
2323 5411 2578 5465 Eamdem
2617 5424 2828 5477 quoque
2872 5411 3230 5463 anathematis
3264 5428 3499 5479 pmnam,

1948 5516 2100 5558 sexto
2127 5519 2331 5557 canone
2365 5504 2415 5553 itt
2460 5517 2575 5563 eos,
2623 5503 2711 5568 qui
2762 5501 3007 5567 privatim
3062 5502 3349 5554 ecclesiam
3407 5505 3505 5557 ha-

1951 5597 2075 5650 bere
2102 5596 2283 5646 volunt
2302 5634 2316 5651 .
2337 5593 2663 5662 Gaugrcnsis
2690 5593 2924 5660 synodus
2959 5595 3163 5643 statuit.
3185 5592 3501 5647 Sanctorum

1955 5685 2461 5753 veroapostolornm
2492 5684 2695 5751 primus
2749 5695 2799 5735 et
2853 5683 3287 5749 quadragesimus
3338 5700 3507 5739 canon

1962 5778 2307 5847 depositionis
2338 5778 2385 5829 in
2416 5791 2504 5831 cos
2532 5790 2741 5841 pceuam
2797 5774 3053 5828 decernit.
