4214 6438
765 424 831 486 59
1998 417 2270 477 THEOD.
2315 412 2707 474 BALSAMON
3879 399 3947 461 60

766 534 905 596 neri,
938 532 1146 584 videtur
1195 544 1433 598 prasens
1482 544 1652 582 canon
1680 531 1725 584 ei
1770 531 2064 590 adversari,
2117 529 2304 583 decer-
2336 523 2383 577 Α
2413 544 2430 577 2

2284 550 2304 564 -
2336 523 2383 577 Α
2413 524 2760 591 καθαιρέσεις
2788 526 2897 577 τῶν
2947 524 3262 577 ἐπισκόπων
3310 522 3461 587 παρὰ
3516 518 3751 579 συνόδου,
3804 517 3948 568 δοκεῖ

766 638 897 676 nens
926 636 953 673 a
984 621 1271 673 duodecim
1314 622 1377 670 ad
1409 622 1586 673 minus
1617 622 1883 688 episcopis
1911 623 2215 689 episcopum
2253 623 2305 674 in

766 725 923 764 causa
959 708 1225 761 criminali
1294 709 1543 775 judicari,
1599 710 1968 778 presbyterum
2031 726 2058 764 a
2106 726 2219 773 sex,
2256 720 2309 765 et

768 800 1051 851 diaconum
1108 811 1135 848 a
1194 798 1386 849 tribus.
1442 798 1555 849 Non
1608 809 1840 863 pugnant
1872 808 2046 852 autem
2082 802 2221 853 inter
2250 815 2309 855 se

765 901 1041 941 canones:
1074 887 1163 937 sed
1210 886 1559 939 Antiochense
1618 889 1832 953 quidem
1900 889 2085 956 synodi
2135 904 2307 941 canon

765 977 879 1029 lucc
933 975 1131 1041 judicia
1165 975 1321 1025 aliter
1342 975 1715 1026 constituenda
1750 978 1983 1029 decrevit
2012 992 2026 1028 :
2073 990 2307 1042 praesens

766 1070 939 1113 attte-n
989 1078 1179 1118 etnon.
1209 1064 1297 1125 qui
1339 1063 1494 1129 longo
1550 1074 1665 1128 post
1716 1074 1953 1130 tetnpOre
2008 1067 2175 1118 factus
2203 1077 2305 1129 est,

762 1151 875 1204 lia-c
925 1150 1124 1217 judicia
1188 1153 1396 1204 Cautius
1456 1154 1565 1206 fieri
1620 1158 1826 1209 statuit.
1860 1157 2080 1209 Cautiur
2124 1168 2303 1210 autem

759 1240 1025 1307 legislalio
1074 1258 1176 1293 non
1228 1242 1431 1293 inducit
1482 1247 1912 1310 repugnantiam.
1948 1247 2097 1309 Quod
2130 1257 2304 1299 autem

758 1330 981 1393 majoris
1034 1332 1336 1383 seettritatis
1391 1334 1559 1396 gratia
1614 1333 1724 1386 ltzrc
1771 1346 1922 1385 cauta
1973 1336 2103 1397 sint,
2148 1353 2210 1388 ex
2245 1352 2307 1389 eo

755 1419 1078 1481 declaratur,
1127 1423 1266 1486 quod
1313 1423 1487 1473 dicant
1542 1422 1747 1483 Patres,
1799 1424 1910 1475 hate
1941 1432 2068 1478 tunc
2096 1428 2307 1479 demum

756 1507 896 1567 fieri,
927 1509 1140 1573 quando
1168 1520 1246 1561 est
1282 1510 1497 1562 diﬂicile
1535 1524 1591 1562 ut
1640 1512 1818 1576 plures
1847 1514 2081 1579 episcopi
2107 1530 2306 1566 conve-

755 1596 923 1647 niant.
981 1597 1130 1649 Tunc
1165 1599 1303 1649 cnim
1339 1614 1552 1651 necesse
1583 1610 1666 1651 est
1697 1599 1857 1669 526
1887 1602 2065 1668 plures
2096 1619 2309 1671 quoque

752 1686 1035 1751 episcopos
1068 1701 1260 1739 causas
1286 1688 1588 1741 crintinales
1620 1692 1825 1745 audire.
1858 1692 1983 1743 Illud
2010 1700 2208 1753 autem.
2242 1709 2309 1747 ne

752 1775 1032 1842 episcopus
1058 1778 1107 1829 in
1133 1779 1355 1829 crimine
1376 1778 1593 1841 haereat,
1615 1780 1817 1843 sic‘est,
1848 1782 2303 1849 interpretandum
2338 1812 2379 1865 Β

752 1880 822 1917 ne
876 1867 999 1918 dum
1063 1868 1255 1921 dubius
1314 1878 1398 1920 est
1449 1871 1729 1936 episcopus
1766 1910 1780 1933 ,
1852 1888 1879 1923 a
1954 1889 2050 1926 suo
2110 1876 2305 1943 pupnlo

753 1964 1153 2018 contemnatur,
1196 1966 1250 2007 ut
1284 1958 1372 2024 qui
1428 1970 1710 2014 accusatus
1740 1970 1843 2015 est.
1886 1961 1947 2014 Et
1975 1965 2025 2017 in
2066 1965 2151 2018 his
2186 1966 2307 2031 qui-

754 2044 876 2097 dem
904 2047 1153 2100 consistit
1176 2063 1365 2100 canon.
1384 2048 1797 2117 lnterrogaverit
1816 2062 1990 2105 autem
2014 2056 2303 2121 quispiam,

757 2147 878 2186 eum
914 2149 1081 2186 canon
1116 2150 1402 2188 causarum
1438 2138 1609 2191 solum
1648 2142 2010 2196 criminalinm
2043 2146 2306 2199 memine-

748 2223 842 2283 rit,
878 2238 941 2273 an
979 2224 1066 2275 ttni
1096 2225 1506 2289 metropolitano
1534 2229 1616 2280 Vel
1678 2231 1927 2299 episcopo
1967 2236 2308 2299 permittatur

746 2314 1057 2365 examinare
1078 2316 1407 2382 episcopum,
1444 2318 1521 2367 vel
1541 2323 1895 2382 sacerdotem,
1919 2322 1998 2374 vel
2022 2324 2303 2376 diaconum

748 2403 801 2453 in
836 2417 993 2455 causa
1022 2406 1161 2456 civili
1191 2422 1251 2459 ex
1286 2418 1588 2471 contractu,
1622 2427 1739 2477 quat
1771 2414 2043 2465 infamiam
2081 2418 2303 2483 irrogat,

746 2493 953 2546 scilicet
1010 2496 1261 2561 dcpositi,
1310 2500 1390 2551 vel
1456 2503 1781 2555 commudati
1824 2522 1837 2556 :
1880 2506 2129 2559 similiter
2164 2517 2215 2557 et
2252 2507 2303 2559 in

746 2597 910 2637 eausa
945 2602 1061 2652 quae
1088 2603 1149 2639 ex
1178 2590 1373 2641 dt'licto
1408 2592 1599 2652 oritur,
1635 2595 1843 2648 scilicet
1880 2596 2096 2663 injuria,
2139 2598 2303 2662 furto,

746 2674 818 2733 vi,
873 2682 924 2727 et
969 2676 1255 2731 similibus.
1290 2678 1516 2735 Salutio.
1548 2683 2038 2752 Quinquagesimus
2084 2689 2305 2753 quintus

745 2776 917 2814 can0n
969 2766 1318 2829 apostolicus,
1352 2778 1404 2820 et
1439 2773 1798 2837 octogesimus
1842 2785 2065 2841 quartus
2094 2776 2302 2841 jubent,

744 2863 799 2902 ιιι
833 2852 863 2902 ii
910 2853 1259 2916 deponantur,
1296 2857 1385 2922 qui
1424 2873 1598 2923 reges,
1625 2861 1910 2927 episcopos
1942 2874 1994 2914 et.
2022 2866 2304 2931 magistra-

748 2951 833 2993 tus
866 2942 1058 3007 injuria
1114 2943 1373 2998 alliciunt.
1413 2948 1474 2999 Et
1523 2952 1759 3001 nonnulli
1791 2954 2003 3017 quidem
2040 2958 2106 3004 ad
2145 2955 2294 3017 ejus-

742 3034 884 3083 tnodi
922 3035 1145 3099 injurias
1206 3052 1404 3099 easque
1438 3039 1579 3092 solas
1605 3042 1992 3107 depositiouem
2026 3046 2299 3108 redigunt.

2410 615 2786 668 ἐναντιοῦσθαι
2841 615 3047 683 αὑτῷὸ
3102 614 3290 682 παρὼν
3349 612 3549 672 κανὼν,
3580 610 3947 677 διοριζόμενος

2411 707 2515 759 ὑπὸ
2544 707 2747 759 δώδεκα
2773 706 3085 759 ἐπισκόπων
3113 703 3175 755 τὺ
3206 703 3485 768 ἐλάχιστον
3514 700 3793 767 κρίνεσθαι
3820 696 3941 747 ἐπί-

2411 813 2608 849 σκοπον
2660 798 2816 863 χάριν
2849 793 3256 861 ἐγκλημαπκῆς
3291 789 3618 850 ὑποθέσεως,
3675 787 3765 837 τὸν
3811 803 3945 850 πρε-

2412 883 2667 949 σϐύτερον
2699 883 2799 933 ὑπὸ
2828 882 2905 945 ἐξ,
2941 882 3034 933 καὶ
3069 881 3159 931 τὸν
3201 879 3445 930 διάκονον
3474 878 3574 928 ὑπο
3603 876 3789 943 τριῶν.
3818 874 3931 926 Οὐκ

2409 972 2779 1024 ἐναντιοῦνται
2806 972 2861 1021 δέ
2894 972 2939 1021 ol
2965 970 3187 1027 κανόνες
3208 984 3223 998 ο
3254 968 3368 1019 ἀλλ’
3397 969 3425 1017 ὁ
3455 968 3570 1034 μέν,
3599 968 3695 1033 τῆς
3722 968 3780 1016 ἐν
3826 964 3951 1013 Ἀν-

2408 1063 2617 1130 τιοχείᾳ
2648 1062 2865 1128 δηλαδὴ,
2900 1060 3075 1119 ἄλλως
3104 1058 3205 1118 τὰς
3233 1057 3487 1118 τοιαύτας
3531 1057 3743 1121 κρίσεις
3784 1053 3951 1121 ὥρισε

2406 1151 2812 1203 διευλυτοῧσθαι
2835 1168 2847 1179 ·
2892 1153 2919 1201 ὁ
2948 1150 3003 1201 δὲ
3055 1148 3246 1216 παρὼν
3283 1146 3480 1207 κανὼν,
3516 1147 3655 1197 κατὰ
3686 1146 3818 1195 πολῦ
3853 1160 3950 1209 με·

2409 1242 2797 1307 ταγενέστερος
2828 1239 2923 1298 ὢν,
2960 1238 3375 1305 ἀσφαλεστέρως
3401 1238 3496 1295 τὰς
3544 1236 3795 1295 τοιαύτας
3832 1234 3950 1297 κρί-

2412 1346 2522 1386 σεις
2551 1328 2991 1395 παρεκελεύσατο
3020 1326 3286 1390 γίνεσθαι.
3322 1326 3427 1374 Καὶ
3475 1324 3572 1373 οὐκ
3622 1323 3768 1373 ἐστιν
3795 1324 3949 1371 ἐνπν-

2408 1418 2646 1485 τίωσιςή
2706 1417 3089 1484 ἀσφαλεστέρα
3153 1414 3467 1481 νομοθεσία.
3500 1413 3621 1464 Ὀτι
3675 1412 3729 1463 δέ
3777 1410 3952 1462 διὰτὸ

2409 1506 2804 1573 ἀσφαλέστερον
2832 1506 3000 1555 ταῦτα
3065 1505 3479 1571 νενομοθέτηται
3511 1540 3525 1563 ,
3569 1502 3821 1565 δηλοῦται
3857 1498 3954 1551 καὶ

2409 1595 2515 1646 ἀπὸ
2549 1597 2639 1648 τοῦ
2668 1597 2844 1663 λέγειν
2880 1599 3005 1657 τοὺς
3042 1596 3293 1662 Ματέρας
3314 1594 3430 1644 τότε
3462 1592 3633 1643 ταῦτα
3686 1588 3953 1656 γίνεσθαι,

2410 1686 2497 1737 ὅτε
2541 1689 2612 1755 μή
2674 1689 2821 1739 ἐστιν
2853 1688 3071 1755 εὐχερὲς
3101 1686 3197 1736 καὶ⁸
3248 1684 3499 1743 πλείονας
3532 1680 3803 1734 συνελθεῖν
3839 1682 3961 1730 ἐπι-

2412 1776 2662 1837 σκόπους.
2697 1776 3015 1843 Τηνικαῦτα
3044 1776 3151 1842 γὰρ
3172 1774 3465 1839 ἀναγκαῖόν
3495 1775 3605 1825 ἐστι
3661 1773 3754 1822 καὶ
3784 1769 3961 1820 πλείο-

2410 1881 2503 1925 νας
2535 1865 2865 1926 ἐπισκόπους
2897 1866 3199 1931 ἀκροᾶσθαι
3222 1863 3329 1914 τῶν
3374 1860 3792 1929 ἐγκληματικῶν
3828 1860 3959 1911 ὕπο-

2410 1952 2637 2006 θέσεων.
2673 1955 2746 2005 Τὸ
2773 1954 2826 2005 δὲ
2864 1954 2938 2023 μὴ
2982 1955 3273 2022 ὑπομεῖναι
3326 1954 3416 2005 τὸν
3451 1952 3751 2003 ἐπίσκοπον
3797 1951 3851 2012 ἐν
3879 1946 3958 2015 τῷ

2408 2043 2713 2109 ἐγκλήματι
2759 2042 2929 2104 οὕτως
2982 2044 3361 2111 ἐρμηνευτέον,
3399 2042 3482 2093 ἴνσ
3522 2041 3617 2108 μὴ,
3658 2038 3963 2106 ἀμφίϐολος

2409 2133 2491 2184 ὢν
2530 2136 2559 2186 ὰ
2587 2134 2906 2196 ἐπίσκοπος,
2944 2134 3339 2200 καταφρονοῐτο
3373 2132 3476 2182 ύπδ
3532 2131 3624 2183 τοῦ
3658 2130 3749 2181 ὑπ’
3794 2128 3961 2180 αὑτὸν

2408 2226 2563 2283 λαου,
2601 2224 2674 2285 ὡς
2704 2224 2809 2274 ὑπὸ
2855 2226 3193 2290 κατηγορίαν
3240 2223 3334 2276 ὧν.
3364 2223 3474 2274 Καὶ
3504 2225 3574 2274 τὰ
3610 2222 3707 2289 μέν
3738 2219 3829 2272 τοῦ
3857 2235 3960 2271 xa-

2408 2314 2555 2373 νόνος
2585 2315 2640 2364 ἐν
2666 2312 2896 2374 τούτοις.
2934 2314 3227 2380 Ἐρωτήσει
3262 2312 3317 2363 δέ
3345 2329 3448 2372 τις,
3478 2312 3547 2374 εί,
3604 2310 3699 2362 τοῦ
3733 2308 3961 2368 κανόνος

2413 2403 2587 2470 μόνων
2615 2404 2781 2470 ἐγκλη
2795 2404 3038 2467 ματικῶν
3071 2402 3381 2453 ὑποθέσεων
3416 2400 3785 2469 μεμνημένου,
3814 2399 3961 2466 ἐφετ-

2408 2510 2500 2544 ται
2550 2496 2917 2563 μητροπολίτῃ
3003 2496 3083 2546 ἐνὶ
3136 2496 3169 2561 ἢ
3222 2494 3506 2557 ἐπισκόπῳ
3577 2495 3657 2546 ἐνὶ
3711 2492 3959 2552 δικάζειν

2408 2582 2704 2634 ἐπίσκοπον
2765 2585 2794 2651 ἢ
2847 2584 2994 2650 ἱερέα
3039 2584 3071 2652 ἢ
3110 2584 3356 2636 διάκονον
3402 2581 3575 2652 ’χάριν
3649 2582 3961 2642 ὑποθέσεως

2410 2672 2923 2741 συναλλαγματικῆς
2953 2672 3303 2741 ἁτιμοποιοῦς
3338 2675 3505 2743 ἠγουν
3540 2675 3674 2741 περὶ
3709 2673 3962 2742 παραθή-

2407 2778 2530 2829 κης,
2568 2764 2599 2830 ἢ
2628 2764 2753 2833 περὶ
2787 2762 3100 2833 κιχρήσεως
3130 2781 3144 2795 θ
3178 2765 3442 2826 ὡσαύτως
3467 2765 3560 2815 καὶ
3597 2764 3728 2831 περὶ
3755 2763 3959 2815 ὑποθέ-

2409 2868 2543 2909 σεως
2577 2854 2633 2915 ἐξ
2658 2854 3060 2921 ἁμαρτήματος
3090 2856 3499 2922 ἀναφυομένης,
3534 2856 3703 2922 ἤγουν
3732 2853 3962 2920 ὕϐρεως,

2405 2941 2628 3007 κλοπῆς,
2668 2942 2805 3008 βίας,
2860 2944 2951 2994 καὶ
3001 2944 3107 2994 τῶν
3140 2946 3359 3010 ὁμοίων.
3393 2946 3605 3006 Λύσις.
3642 2944 3706 2994 Ὀ
3736 2942 3806 2994 νε¹
3831 2946 3965 2994 ἀπο-

2407 3029 2647 3089 στολικλς
2680 3030 2857 3080 κανὼν
2904 3033 2996 3082 καί
3042 3034 3067 3081 ὁ
3104 3031 3183 3083 πδ¹
3218 3032 3593 3099 καθαιρεῖσθαι
3638 3033 3962 3098 διορίζονται

740 3120 866 3172 Milti
910 3133 1086 3175 autem
1121 3124 1331 3177 videtur
1355 3142 1417 3179 ex
1448 3129 1593 3179 omni
1634 3131 1846 3181 actione
1872 3148 1990 3198 qua:
2024 3135 2296 3187 infamiam
2329 3133 2371 3189 C

2329 3133 2371 3189 (ς
2404 3120 2529 3179 τοὺς
2560 3120 2883 3185 ὑϐρίζοντας
2915 3121 3175 3189 βασιλεῖς,
3202 3124 3535 3181 ἐπισκόπους
3558 3125 3649 3174 καὶ
3670 3124 3962 3191 ἄρχοντας.

743 3211 970 3277 irrogat,
1024 3216 1334 3279 pecuniaria
1381 3219 1589 3271 scilicet
1642 3229 1696 3272 et
1757 3223 2050 3287 criminali,
2091 3226 2155 3279 iis
2209 3230 2299 3295 qui

741 3312 864 3352 sunt
889 3304 1083 3354 sacrati
1106 3303 1379 3356 infamiam
1407 3308 1569 3365 inuri,
1609 3314 1904 3363 secundum
1944 3317 2299 3368 nniversalem

740 3403 791 3445 et
858 3394 1226 3446 indistinctam
1293 3397 1468 3463 legum
1503 3403 1969 3456 constitutionem.
2012 3406 2126 3457 Vidi
2158 3409 2299 3458 enim

738 3486 900 3534 etiam
938 3485 1132 3535 multos
1166 3498 1403 3539 sacratus
1454 3502 1669 3556 propter
1724 3491 1922 3543 furtum
1971 3498 2301 3563 synodaliter

738 3573 1033 3633 depositus.
1087 3575 1141 3625 Si
1178 3586 1355 3625 autem
1409 3578 1824 3631 interrnaavcrit
1854 3585 2147 3649 quispiam,
2174 3588 2299 3650 quid

739 3661 895 3711 debet
952 3664 1062 3713 ﬁeri
1123 3663 1448 3728 lectoribus;
1523 3668 1726 3729 audiet,
1788 3672 1928 3735 quod
2016 3675 2300 3727 vicesimus

738 3764 910 3802 canon
974 3758 1255 3815 prresentis
1316 3757 1504 3825 synodi
1550 3760 1787 3826 reliquus
1819 3763 2071 3822 clericos,
2104 3775 2299 3829 prater

736 3844 1111 3910 presbyterum
1147 3846 1353 3898 scilicet
1392 3856 1443 3899 et
1478 3851 1783 3907 diaconum.
1814 3853 1879 3903 ab
1905 3868 2008 3903 uno
2044 3854 2299 3921 episcopo

727 3931 1053 3998 judicandos
1099 3951 1218 3988 esse
1283 3940 1495 3988 statuit.
1553 3936 1823 3991 Prmterea
1882 3943 2297 4008 iutcrrogaverit

733 4026 1025 4091 quispiam,
1065 4042 1183 4078 cum
1222 4044 1389 4079 canon
1425 4031 1719 4091 contineat,
1755 4042 1878 4083 tunc
1933 4034 2047 4085 ﬁeri
2100 4051 2127 4083 a
2161 4036 2297 4086 duo-

732 4116 904 4167 decim
939 4118 1203 4183 episcopis
1242 4128 1294 4171 ct
1327 4121 1456 4171 solis
1493 4123 1871 4189 episcoporum
1911 4124 2295 4191 depositioncs.

730 4208 947 4274 quando
973 4209 1082 4260 ﬁeri
1116 4211 1333 4275 omnino
1358 4227 1463 4263 non
1500 4222 1671 4277 potest
1698 4224 1751 4264 ut
1778 4214 1927 4267 nmlti
1953 4218 2295 4281 conveniant;

730 4301 773 4349 si
817 4300 1093 4364 dvpomtus
1126 4298 1287 4352 fuerit
1310 4302 1595 4366 episcopus
1628 4317 1655 4353 τι
1691 4303 1973 4355 duodecim
2003 4308 2293 4373 episcopis,

730 4385 888 4451 idque
910 4401 1029 4435 cum
1070 4387 1137 4436 sit
1170 4386 1327 4439 facile
1360 4397 1415 4438 ut
1448 4389 1597 4439 multi
1630 4392 1992 4456 conveniant;
2032 4397 2291 4450 dissolve-

728 4486 819 4528 tur
890 4478 1150 4543 depositio
1225 4479 1445 4530 annon?
1514 4479 1743 4534 Salutio.
1804 4482 1993 4537 Dicunt
2073 4489 2288 4555 quidem

728 4566 967 4618 nonnulli
1002 4568 1103 4619 hoc
1150 4571 1305 4619 modo
1338 4584 1439 4621 non
1478 4570 1735 4624 infirmari
1776 4576 2122 4629 sententiam.
2154 4578 2285 4633 Cum

726 4668 903 4707 autem
961 4654 1193 4711 Joannes
1252 4660 1337 4711 ille
1374 4662 1720 4714 Amathuntis
1748 4665 2033 4731 episcopus
2064 4682 2094 4720 a
2128 4668 2288 4737 Cypri

724 4748 1131 4813 archiepiscopo
1167 4748 1385 4804 domino
1414 4748 1625 4804 Joanne
1683 4752 1875 4807 fuisset
1906 4758 2205 4822 depositus.
2236 4770 2288 4812 et

725 4836 1076 4904 depositionis
1127 4841 1358 4892 edictmn
1414 4842 1466 4893 in
1516 4842 1764 4894 tribunali
1819 4845 2167 4911 imperatorio
2204 4848 2290 4901 le-

723 4936 867 4975 ctum
902 4938 1065 4986 esset.
1099 4928 1351 4992 quoniam
1386 4929 1586 4982 inventi
1617 4942 1747 4984 sunt
1780 4934 2027 4986 undecim
2052 4937 2288 5005 episcopi

724 5025 778 5066 et
829 5018 1267 5084 archiepiscopus
1343 5020 1733 5083 depositionem
1812 5022 2051 5089 fecisse,
2104 5029 2292 5080 statuit

726 5107 1101 5159 sanctissimus
1161 5108 1248 5161 ille
1291 5112 1597 5176 patriarcha
1654 5113 1904 5167 dominus
1940 5114 2111 5169 Lucas
2165 5132 2285 5169 cum

727 5209 987 5260 praesente
1045 5197 1133 5248 illa
1186 5200 1417 5267 synodo,
1451 5199 1580 5266 quin
1632 5210 1684 5251 ct
1725 5201 1985 5253 assistens
2046 5213 2289 5266 senatus,

722 5302 843 5339 esse
874 5288 1137 5340 infirmam
1173 5299 1223 5340 ct
1254 5290 1453 5344 nullius
1483 5293 1735 5344 momenti
1778 5294 2200 5359 depOsitionem;
2234 5306 2287 5349 et

723 5394 786 5430 ιο
816 5380 954 5446 quod
988 5395 1090 5433 non
1134 5383 1583 5449 accersitajfuerit
1624 5385 1871 5437 universa
1908 5387 2147 5454 synodus
2182 5387 2289 5457 Cy-

726 5468 963 5532 priorum
1020 5470 1295 5534 Ecclesia,
1336 5482 1423 5524 aut
1485 5472 1671 5525 saltem
1736 5473 1909 5538 major
1976 5489 2099 5539 pars
2152 5476 2287 5541 ejus,

726 5577 847 5614 rum
910 5579 1101 5632 magna
1132 5575 1271 5618 esset
1300 5565 1421 5633 ejus
1462 5564 1719 5633 cogenda:
1758 5565 2024 5629 facultas;
2063 5576 2115 5618 et
2146 5567 2289 5633 quod

724 5654 1168 5721 archiepiscopus
1206 5672 1309 5710 non
1359 5658 1493 5709 ultra
1530 5656 1815 5710 duodecim
1862 5658 2167 5724 episc0pos,
2200 5657 2290 5710 sed

730 5765 830 5799 una
864 5766 981 5799 cum
1015 5750 1115 5803 illis
1146 5762 1286 5805 esset
1321 5759 1768 5805 connttmcrattts.
1797 5748 2067 5805 Prmterca
2103 5760 2282 5802 autent

2410 3212 2520 3263 Καί
2559 3230 2702 3273 τινες
2734 3214 2814 3273 είς
2845 3215 2945 3275 τὰς
2990 3216 3248 3277 τοιαύτας
3283 3216 3473 3282 ὕϐρεις
3505 3217 3599 3267 καὶ
3652 3216 3819 3277 μόνας
3846 3233 3968 3267 στε-

2404 3304 2707 3370 νοχωροῦσι
2761 3306 3103 3373 καθαίρεσιν.
3153 3307 3306 3373 Ἐμοὶ
3358 3307 3415 3358 δέ
3467 3307 3618 3358 δοκεῖ
3650 3308 3756 3359 ἀπὸ
3784 3308 3965 3376 πάσης

2403 3392 2728 3459 ἀτιμοποιοῦ
2752 3395 3000 3461 ἀγωγῆς.
3033 3396 3390 3463 χρηματικῆς
3419 3396 3621 3465 δηλαδὴ
3650 3399 3747 3449 καὶ
3776 3400 3969 3464 ἐγκλη-

2408 3482 2663 3549 ματικῆς,
2701 3484 3003 3549 ἐπάγεσθαι
3063 3488 3291 3551 ἀτιμίαν
3326 3488 3565 3548 καὶτοῖς
3622 3489 3966 3555 ίερωμένοις,

2406 3572 2547 3623 κατὰ
2575 3574 2673 3641 τὴν
2709 3575 2939 3627 καθόλου
2969 3577 3075 3625 τῶν
3104 3578 3286 3644 νόμων
3313 3578 3405 3628 καὶ
3432 3578 3779 3630 ἁδιάστικτον
3809 3597 3971 3645 νομο-

2404 3660 2610 3716 θεσίαν.
2656 3661 2808 3715 Εἶδον
2858 3666 2968 3734 γὰρ
3030 3668 3123 3718 καὶ
3176 3667 3407 3728 πολλοὺς
3481 3668 3814 3735 ίερωμένους
3862 3671 3971 3722 ἀπὸ

2404 3753 2607 3820 κλοπῆς
2654 3755 3082 3823 καθαιρεθέντας
3116 3755 3429 3817 συνοδικῶς.
3483 3758 3543 3808 El
3596 3758 3651 3809 δὲ
3697 3761 3966 3825 ἐρωτήσει

2400 3860 2505 3906 τις,
2542 3844 2595 3893 τί
2629 3843 2834 3909 ὀφείλει
2865 3843 3110 3909 γίνεσθαι
3136 3847 3216 3903 εἰς
3238 3845 3362 3905 τοὺς
3396 3844 3769 3911 ἀναγνώστας,
3800 3848 3968 3899 ἀκού.

2404 3949 2487 3983 σει
2517 3934 2597 3983 ὅτι
2628 3935 2653 3984 ὁ
2686 3931 2731 3985 κ’
2767 3931 2947 3985 κανὼν
2987 3935 3082 4000 τῆς
3114 3934 3399 4000 παρούσης
3430 3934 3649 3986 συνόδου
3680 3937 3825 4003 παρὰ
3849 3937 3969 3997 ἐνὸς

2401 4022 2698 4073 ἐπισκόπου
2732 4023 2857 4083 τοὺς
2899 4022 3123 4083 λοιποὺς
3172 4022 3492 4091 κληρικοὺς,
3532 4026 3656 4085 τοὺς
3701 4026 3853 4093 παρὰ
3878 4029 3968 4079 τὸν

2401 4114 2781 4181 πρεσϐύτερον
2823 4113 3022 4181 δηλαδὴ
3052 4116 3144 4165 καὶ
3178 4115 3271 4164 τὸν
3322 4114 3591 4174 διάκονον,
3646 4115 3967 4178 δικάζεσθαι

2398 4204 2711 4274 διορίζεται.
2750 4204 2876 4257 Ἔτι
2910 4207 3176 4273 ἐρωτήσει
3209 4222 3315 4269 τις,
3348 4205 3423 4268 ὡς
3471 4207 3563 4259 τοῦ
3600 4208 3823 4271 κανόνος
3853 4211 3969 4262 δια-

2399 4294 2771 4362 λαμϐάνοντος
2799 4296 2921 4347 τότε
2958 4294 3207 4359 γίνεσθαι
3242 4297 3393 4364 παρὰ
3416 4296 3623 4350 δώδεκα
3651 4298 3969 4351 ἐπισκόπων

2400 4387 2492 4437 καὶ
2536 4387 2713 4453 μόνων
2764 4386 2863 4446 τὰς
2911 4387 3018 4436 τῶν
3077 4386 3392 4437 ἐπισκόπων
3455 4388 3827 4453 καθαιρέσεις,
3876 4391 3966 4442 ὅτε

2402 4478 2617 4545 ἀνάγκη
2645 4476 2811 4544 πολλή
2845 4479 2958 4529 ἐστι
2994 4477 3065 4547 μὴ
3091 4478 3355 4529 δύνασθαι
3386 4479 3614 4541 πολλοὺς
3668 4482 3965 4543 συνελθεῖν,

2401 4569 2496 4619 ἐὰν
2530 4568 2827 4637 καθαιρεθῇ
2862 4570 3162 4629 ἐπίσκοπος
3192 4571 3344 4635 παρὰ
3380 4569 3588 4622 δώδεκα
3625 4572 3965 4633 ἐπισκόπων,

2395 4658 2684 4727 εὐχερείας
2718 4658 2887 4728 οὔσης
2921 4660 3016 4711 καὶ
3051 4660 3222 4711 ταῦτα
3261 4659 3487 4721 πολλοὺς
3523 4661 3814 4723 συνελθεῖν,
3856 4658 3967 4729 ἆρα

2395 4747 2683 4817 λυθήσεται
2710 4753 2740 4818 ὴ
2774 4751 3087 4820 καθαίρεσις
3118 4751 3148 4819 ἢ
3189 4750 3280 4814 οὓς
3315 4752 3526 4815 Λύσις.
3557 4752 3709 4810 Τινές
3750 4753 3847 4815 μὲν
3877 4753 3964 4804 λέο

2396 4853 2585 4900 γουσιν
2610 4840 2673 4889 ἐκ
2709 4838 2896 4889 τούτου
2952 4837 3045 4889 τοῦ
3104 4840 3306 4905 τρόπου
3350 4839 3425 4907 μὴ
3484 4837 3825 4905 ἀκυροῦσθαι
3870 4843 3969 4908 τὴν

2396 4929 2672 4996 ἀπόφασιν
2700 4946 2713 4959 ⁸
2744 4928 2837 4979 τοῦ
2869 4929 2924 4979 δὲ
2980 4929 3291 4980 ἐπισκόπου
3354 4927 3726 4996 Ἀμαθοῦντος
3759 4931 3967 4983 ἐκείνου

2406 5022 2653 5075 Ἰωάιννου
2708 5018 3132 5085 καθαιρεθέντος
3189 5018 3295 5072 ὑπὸ
3367 5017 3458 5071 τοῦ
3532 5020 3965 5091 ἁρχιεπισκόπου

2394 5112 2623 5179 Κύπρου
2657 5110 2850 5175 κυρίου
2898 5109 3177 5168 Ἰωάννου,
3211 5109 3304 5159 καὶ
3331 5108 3424 5159 τοῦ
3450 5108 3831 5176 καθαιριτικοῦ
3865 5128 3965 5180 ση-

2400 5200 2713 5271 μειώματος
2744 5200 3195 5265 ἀναγνωσθέντος
3244 5200 3337 5251 ἐπὶ
3374 5198 3619 5267 βήματος
3655 5199 3964 5268 βασιλικοῦ,

2397 5294 2520 5343 ἐπεὶ
2552 5290 2812 5360 εὕρηνται
2844 5289 3036 5341 ἕνδεκα
3072 5290 3362 5341 ἐπίσκοποι
3402 5292 3494 5341 καὶ
3552 5291 3579 5342 ὁ
3613 5292 3966 5358 ἁρχιεπίσκο-

2397 5398 2495 5443 πος
2530 5381 2623 5447 τὴν
2656 5379 2976 5445 καθαίρεσιν
3010 5380 3391 5443 πεποιηκότες,
3424 5378 3616 5443 διέγνω
3665 5381 3690 5431 6
3724 5380 3967 5445 ἁγιώτα-

2396 5488 2485 5532 τος
2520 5473 2727 5530 ἐκεῖνος
2788 5469 3135 5537 πατριάρχης
3195 5468 3382 5537 κύριος
3432 5470 3647 5530 Λουκᾶς
3700 5473 3837 5536 μετά
3862 5470 3962 5539 τῆς

2401 5562 2847 5630 παρουσιασάσης
2882 5560 3123 5623 συνόδου,
3152 5559 3284 5610 ἀλλὰ
3325 5557 3429 5627 μὴν
3459 5560 3552 5611 καὶ
3576 5560 3608 5625 ἡ
3634 5559 3963 5627 παρεστῶσα

2406 5652 2730 5719 σύγκλητος,
2757 5651 2961 5718 ἄκυρον
2992 5645 3133 5700 εἶναι
3182 5649 3279 5717 τὴν
3329 5648 3669 5714 καθαίρεσιν,
3704 5648 3791 5701 διὰ
3812 5666 3870 5701 τε
3903 5652 3963 5702 τὸ

2411 5747 2482 5811 μὴ
2523 5742 2927 5809 μετακληθῆναι
2962 5744 3055 5803 τὴν
3091 5743 3265 5793 πᾶσαν
3302 5740 3514 5792 σῦνθδθν
3550 5741 3644 5802 τῗς
3692 5742 3797 5792 τῶν
3851 5743 3961 5795 κυο
