4214 6438
227 375 291 438 61
1249 379 1328 437 IN
1353 380 1511 440 C.\N.
1542 380 1686 438 XIII
1717 378 1926 441 (30Χο.
1969 381 2343 440 CARTHAG.
3368 378 3440 441 δᾶ

228 486 405 553 πρίων
433 485 745 555 ἐκκλησίας.
776 487 807 555 ἢ
834 486 935 540 κᾶν
956 488 1053 555 τὴν
1086 487 1322 547 πλείονα,
1350 485 1651 555 εὐχερείας,
1690 485 1780 536 καὶ
1814 515 1853 568 Α
1885 501 1892 535 :

1772 503 1780 533 ι
1814 515 1853 568 Α
1885 486 2180 553 allegarunt
2201 498 2254 540 et
2277 504 2535 542 caunnem
2558 488 2626 541 20
2654 488 2933 556 ρταιεειιιίε
2952 489 3139 559 synodi
3165 499 3219 543 et
3246 489 3310 541 ιε
3328 506 3343 553 ;
3363 498 3436 553 et,

228 575 404 627 ταῦτα
431 574 597 642 οὔσης
623 576 754 643 πρὸς
797 576 976 637 τοῦτο,
1013 577 1105 627 καὶ
1134 576 1221 627 διὰ
1270 576 1329 628 τὸ
1378 577 1453 644 μὴ
1480 577 1569 626 τὸν
1597 576 1783 641 ἀρχιε-

232 663 507 715 πίσκοπον
541 664 796 716 ἐπέκεινα
821 659 957 716 εἶναι
984 664 1078 731 τῆς
1108 665 1403 726 δωδεκάδος
1423 663 1531 715 τῶν
1557 661 1780 712 ἐπισκό-

231 766 370 813 πων,
401 752 537 804 ἀλλά
564 754 737 822 ταύτῃ
768 754 956 806 τοῦτον
980 753 1405 820 συνυπάγεσθαι.
1452 754 1786 820 Ἐχρήσαντο

1890 578 2136 639 quamvis
2157 580 2423 633 dixissent
2453 579 2689 631 nonnulli
2719 578 2819 632 hoc
2848 578 2917 631 de
2958 578 3086 632 solis
3112 578 3443 647 presbyteris

1890 672 1944 713 et
1990 663 2232 718 diaconis
2287 667 2489 720 dictum
2545 681 2683 729 esse,
2748 676 2928 719 tamen
2961 681 3066 719 non
3118 676 3241 720 sunt
3281 680 3445 720 exsu-

1890 750 2006 805 diti.

229 841 286 892 δέ
321 844 457 909 πρὸς
477 843 631 896 τοῦτο
659 847 755 897 καὶ
780 845 857 912 τῷ
892 851 938 896 κ’
967 845 1150 896 κανόνι
1181 846 1278 910 τῆς
1311 843 1592 909 παρούσης
1622 838 1864 897 συνόδου.
1902 844 1997 894 καὶ
2030 845 2103 911 τῷ
2140 847 2218 901 ιδ’.
2255 849 2370 901 Κᾶν
2399 866 2541 910 τινες
2604 850 2661 902 δέ
2724 845 2876 902 εῐπον
2940 850 3060 902 τότε
3108 849 3189 911 είς
3254 849 3447 917 μόνους

231 937 633 1001 πρεσϐυτέρους
693 942 789 989 καὶ
846 939 1123 1000 διακόνους
1178 936 1337 988 τοῦτο
1382 934 1783 1003 ἐκφωνηθῆναε,
1822 930 2059 988 ἀλλὀὐκ
2092 942 2541 1010 είσηκούσοησαν.

308 1027 547 1080 ΖΩΝΑΡ.
580 1029 643 1080 Oi
683 1028 970 1079 ἐπίσκοποι
1006 1026 1473 1095 κατηγορούμενοι
1505 1024 1655 1089 παρὰ
1680 1021 1789 1071 τῶν

234 1120 449 1170 οίκείων
480 1121 712 1170 συνόδων
742 1118 1056 1186 ὠρίσθησαν
1085 1119 1385 1185 κρίνεσθαι.
1423 1117 1550 1167 Ἐὰν
1579 1115 1634 1166 δὲ
1669 1117 1790 1165 ἐπι-

235 1210 438 1262 σκόπου
469 1212 558 1260 ἐπὶ
581 1210 886 1275 ἐγκλήματι
914 1210 1392 1275 κατηγορουμένου
1415 1208 1668 1275 δυσχερὲς
1700 1204 1786 1271 εἴη

232 1301 378 1351 πάνυ
407 1300 534 1366 ὃλην
568 1300 669 1367 τὴν
701 1299 920 1350 σύνοδον
947 1298 1243 1361 συνελθεῖν,
1270 1299 1301 1367 ἢ
1334 1300 1457 1357 τοὺς
1510 1296 1785 1357 πλείονας,

228 1390 456 1449 δώδεκα,
488 1392 638 1457 φησὶ,
668 1392 1053 1459 συνερχόμενοι
1074 1391 1363 1441 ἐπίσκοποι
1387 1386 1786 1451 ἐξεταζέτωσαν

230 1481 330 1548 τὴν
364 1459 643 1542 sudeam},
706 1482 793 1533 ῖνα
846 1480 918 1549 μὴ
958 1482 986 1531 ὁ
1042 1479 1437 1549 κατηγορηθεὶς
1492 1478 1787 1537 ἐπίσκοπος

228 1572 506 1637 ἀπομείνῃ
540 1572 596 1620 ἐν
622 1569 698 1637 τῷ
746 1570 1075 1637 ἐγκλήματι,
1107 1570 1384 1622 τουτέστιν
1420 1571 1509 1621 ῖνσ.
1546 1570 1643 1635 μὴ,
1675 1568 1787 1633 ἀμ-

228 1659 448 1723 φίϐολος
472 1659 567 1722 ῶν,
602 1662 998 1728 καταφρονοῖτο
1033 1661 1139 1713 ὑπὸ
1164 1659 1260 1712 τοῦ
1292 1660 1384 1711 ὑπ’
1416 1660 1579 1711 αὐτὸν
1629 1657 1784 1721 λαοῦ,

228 1749 304 1807 ὼς
329 1750 435 1800 ὑπὸ
466 1750 800 1817 κατηγορίαν
835 1748 931 1803 ὢν.
967 1750 1349 1818 Πρεσδυτέρου
1376 1749 1431 1799 δέ
1468 1763 1784 1813 κατηγορη-

1964 1025 2214 1083 ΖΟΝᾹΙί.
2252 1031 2561 1099 Episcopus,
2588 1032 2677 1099 qui
2706 1040 3053 1091 accusantur,
3080 1047 3106 1081 τι
3143 1046 3236 1085 sua
3261 1046 3447 1098 quem-

1890 1129 1995 1183 que
2056 1121 2256 1184 synodo
2281 1122 2509 1185 judicari
2545 1122 2823 1174 decretum
2848 1130 2951 1174 est.
2995 1120 3143 1187 Quod
3182 1122 3223 1173 si
3272 1123 3447 1172 ili-lato

1889 1208 2185 1273 cujuspiam
2213 1213 2445 1277 episcopi
2489 1214 2726 1271 nomine.
2762 1222 2853 1264 aut
2886 1227 3073 1263 omnes
3096 1212 3159 1260 ad
3184 1212 3443 1278 synodum

1890 1309 1981 1348 aut
2010 1298 2189 1364 plures
2241 1312 2387 1355 certe
2444 1303 2735 1355 convenire
2766 1302 3053 1355 admodum
3113 1300 3323 1353 dillicile
3353 1302 3446 1363 sit,

1892 1388 2199 1453 duodecim,
2245 1393 2441 1458 inquit,
2477 1394 2709 1460 episcopi
2746 1404 2959 1458 coeant,
2993 1402 3046 1446 et
3078 1408 3295 1445 causam
3333 1382 3450 1457 quae

1893 1478 1945 1530 in
1995 1480 2256 1545 judicium
2305 1482 2547 1536 defertur
2606 1485 2936 1544 examineut,
3000 1496 3066 1534 ne
3115 1482 3165 1534 in
3227 1482 3453 1533 crimine

1892 1580 2177 1624 accusatus
2199 1572 2484 1639 episcopus
2511 1575 2731 1633 haereat,
2757 1574 2806 1626 id
2836 1583 2935 1633 est.
2963 1571 3172 1625 nedum
3204 1571 3450 1636 ambigua

1890 1657 2008 1726 ejus
2042 1662 2351 1715 innocentia
2386 1671 2490 1726 est,
2525 1672 2782 1731 tanquam
2819 1661 3150 1715 accusationi
3184 1661 3449 1713 obnoxius

1893 1766 1920 1802 a
1955 1754 2151 1819 populo
2200 1756 2284 1807 cui
2333 1764 2524 1823 prmest
2562 1755 2915 1823 despiciatur.
2967 1754 3291 1823 Presbytero
3319 1764 3453 1802 vero

231 1838 393 1904 μένου
430 1837 487 1900 ἐξ
513 1840 799 1890 ἐπίσκοποι
826 1840 1046 1891 δικάσαι
1076 1840 1395 1907 ἀρκέσουσι.
1430 1835 1703 1887 Διακόνων
1727 1834 1784 1887 δέ
1814 1835 1860 1893 Β
1892 1844 1895 1895 i

1777 1851 1784 1886 ι
1814 1835 1860 1893 Β
1892 1844 1942 1895 in
1976 1844 2233 1911 judicium
2268 1859 2458 1899 vocato
2499 1862 2591 1901 sex
2617 1847 2857 1915 episcopi
2915 1842 3176 1911 judicium
3233 1840 3441 1895 satisfa-

228 1933 307 1990 είς
340 1930 587 1992 ἐξέτασιν
632 1931 825 1996 ὁμοίαν
847 1930 1014 1998 τριῶν
1065 1929 1380 1981 ἐπισκόπων
1427 1925 1584 1992 ίκανὴ
1630 1924 1785 1975 ἔσται

224 2020 542 2086 διάγνωσις.
580 2018 767 2072 Ἐοικε
797 2021 852 2075 δέ
904 2023 932 2073 6
961 2019 1142 2072 κανὼν
1196 2012 1349 2079 οὗτος
1408 2015 1787 2071 ἐναντιοῦσθαι

225 2112 305 2179 τῷ
337 2111 379 2162 δ’
403 2110 587 2161 κανόνι
746 2112 803 2162 ἐν
841 2109 1140 2180 Ἀντιοχείᾳ
1163 2107 1380 2162 συνόδου
1406 2124 1419 2137 ·
1448 2107 1507 2167 ὁς
1530 2106 1655 2167 τοὺς
1688 2106 1787 2174 μὲν

228 2202 563 2262 ἐπισκόπους
592 2202 697 2254 ύπδ
729 2201 961 2253 συνόδων
986 2200 1366 2267 καθαιρεῖσθαί
1399 2216 1554 2267 φησι,
1580 2198 1707 2260 τοὺς
1732 2197 1789 2251 δέ

227 2292 637 2359 πρεσϐυτέρους
666 2292 758 2344 καὶ
786 2291 1071 2352 διακόνους
1098 2290 1202 2342 ὑπὸ
1232 2290 1343 2341 τῶν
1379 2290 1524 2341 ίδίων
1562 2288 1789 2339 ἐπισκό-

227 2399 369 2434 πων.
407 2384 565 2436 Εῖττοι
596 2383 649 2434 δέ
681 2400 761 2445 τις
799 2382 1153 2449 συμδιδάζων
1175 2382 1303 2444 τοὺς
1324 2382 1601 2441 τοιούτους
1626 2377 1790 2431 κανόο

227 2491 327 2534 νας
362 2474 443 2525 ὅτι
473 2474 501 2525 ὁ
533 2474 631 2541 μὲν
653 2474 755 2542 τῆς
782 2476 841 2525 ἐν
874 2474 1175 2543 Ἀντιοχείᾳ
1204 2473 1383 2525 κανὼν
1409 2473 1506 2534 τὰς
1534 2472 1790 2539 ζητήσεις

227 2562 339 2613 τῶν
369 2564 718 2630 κατηγοριῶν
752 2565 860 2615 τῶν
882 2564 1023 2617 κατά
1057 2552 1445 2632 πρεσϐυτέρων
1487 2564 1579 2614 καὶ
1604 2562 1788 2615 διακό-

227 2672 338 2707 νων
373 2655 431 2719 ἐξ
458 2654 633 2722 ἀρχῆς
660 2654 738 2723 τῷ
788 2655 1082 2724 ἐπισκόπῳ
1131 2653 1380 2717 ἀνέθετο,
1432 2652 1673 2720 κάκείνῳ
1705 2650 1793 2704 δέ·

226 2749 372 2796 ὁωκε
409 2744 745 2811 ψηφίζεσθαι
781 2745 910 2813 περὶ
965 2744 1142 2797 αὐτῶν
1167 2760 1181 2775 ⁸
1214 2747 1242 2797 6
1268 2745 1325 2796 δέ
1360 2742 1548 2812 παρὼν
1584 2740 1789 2803 κανὼν,

230 2838 283 2886 εί
316 2838 342 2885 6
372 2833 797 2895 καταδικασθεὶς
830 2836 935 2887 ύπδ
966 2835 1059 2887 τοῦ
1095 2835 1227 2887 ίδίου
1258 2835 1565 2886 ἐπισκόπου
1621 2834 1791 2885 οῐεται

230 2924 558 2987 ἀδικεῖσθαι,
592 2927 683 2977 ἐπὶ
720 2926 1093 2995 πρεσϐυτέρου
1141 2924 1324 2991 μὶν-ἐξ
1352 2924 1687 2983 ἐπισκόπους
1712 2921 1792 2973 δίη

228 3010 361 3067 εωσι
392 3015 785 3084 διαγνὼμονας,
810 3017 897 3069 ἐπὶ
919 3016 974 3067 δέ
1004 3017 1461 3094 διακόνους-τρεῖς.

223 3190 453 3247 ΔΡῘΣΤ.
517 3208 536 3243 ι
585 3191 915 3246 *ἐπίσκοπον
951 3191 1309 3259 ἐγκληθέντα,
1344 3189 1442 3244 ἐὰν
1495 3189 1569 3257 μὴ
1611 3187 1790 3243 τελεία

308 3305 327 3338 ε
370 3286 604 3347 σύνοδος,
630 3286 765 3346 τέως
805 3286 1010 3337 δώδεκα
1062 3283 1418 3349 ἐπιτηροῦσιν
1458 3282 1750 3335 ἐπίσκοποι
1774 3299 1789 3315 ο

304 3394 324 3428 ι
364 3377 459 3429 καὶ
491 3374 856 3443 πρεσϐύτερον
889 3373 966 3437 ἐξ,
1001 3375 1093 3426 καὶ
1123 3376 1149 3425 6
1172 3374 1304 3433 ἴδιος
1331 3389 1345 3403 ·
1398 3371 1492 3424 καὶ
1540 3372 1791 3423 διάκονον

306 3486 325 3517 ε
368 3468 541 3528 τρεῖς.
588 3482 605 3513 ι

302 3557 408 3610 Τδν
458 3558 937 3623 κατηγορούμενον
981 3555 1278 3604 ἐπίσκοπον
1309 3551 1428 3604 δέον
1473 3556 1578 3604 ύπδ
1608 3550 1791 3618 πάσης

232 3646 515 3717 κρίνεσθαι
561 3647 659 3713 τῆς
698 3644 958 3696 συνόδουο
991 3645 1036 3695 εί
1066 3643 1121 3695 δέ
1156 3642 1364 3702 πάντας
1414 3644 1473 3693 ού
1521 3642 1793 3693 συνελθεῖν

228 3738 482 3797 δυνατὶν,
537 3736 685 3804 παρὰ
746 3734 953 3786 δώδεκα
1005 3735 1065 3785 τὸ
1119 3732 1402 3801 ἐλάχιστον
1477 3732 1793 3784 ἐπισκόπων

228 3826 508 3896 κρίνεσθαι
534 3841 548 3855 ·
595 3827 687 3876 τὸν
739 3825 796 3877 δέ
838 3824 1212 3893 πρεσϐύτερον
1270 3823 1421 3890 παρὰ
1468 3822 1547 3887 ἐξ,
1575 3825 1792 3874 καὶτὸν

228 3920 471 3971 διάκονον
496 3913 648 3983 παρὰ
668 3913 835 3982 τριῶν
860 3928 877 3944 ⁸
909 3914 1220 3981 ὀφείλοντος
1267 3914 1525 3967 ἐπέκεινα
1557 3916 1653 3965 καὶ
1697 3912 1792 3965 τοῦ

230 4004 362 4057 ίδίον
396 4004 504 4057 τῶν
532 4006 1021 4072 κατηγορουμένων
1048 4005 1346 4057 tmen-fimo
1394 4006 1787 4075 συμπαρεῖναι,

225 4096 323 4147 καὶ
355 4093 727 4161 σιςνεξετάζειν
749 4097 846 4155 τὰς
874 4094 997 4147 κατ’
1025 4095 1204 4147 αὐτῶν
1231 4095 1519 4157 αίτιάσεις.

772 4184 1010 4239 κΑΝοΝ
1060 4183 1159 4237 η’.

232 4295 250 4326 ι
302 4277 437 4341 Ilspl.
461 4274 554 4328 τοῦ
590 4278 665 4345 μὴ
695 4276 893 4339 ἐξεῖναι
926 4278 1223 4330 ἐπίσκοπον
1254 4279 1300 4330 εί
1332 4277 1405 4347 μὴ
1436 4278 1540 4331 ὑπὸ
1578 4278 1793 4331 πολλῶν

299 4384 319 4417 ε
360 4368 783 4436 χειροτονεῖσθαι
806 4384 820 4398 ’
859 4368 991 4421 είδέ
1023 4368 1236 4437 ἀνάγκη
1273 4369 1522 4439 γένηται,
1554 4372 1647 4421 καὶ
1690 4369 1795 4422 ὑπὸ

1891 1936 2056 1989 cient.
2093 1938 2281 1991 Trium
2319 1954 2481 2007 porro
2511 1941 2892 2007 episcoporum
2940 1935 3176 2004 cognitio
3219 1934 3447 1985 diacono

1890 2040 2106 2080 causam
2133 2029 2328 2082 dicenti
2364 2028 2608 2081 sufﬁciet.
2639 2028 2871 2080 Videtur
2911 2036 3086 2078 autem
3140 2023 3226 2074 hic
3274 2036 3443 2073 canon

1892 2127 2088 2183 quarto
2144 2119 2492 2171 Antincheua:
2523 2119 2713 2188 synodi
2751 2116 2943 2171 canoni
3003 2126 3322 2180 repugnare.
3355 2110 3447 2161 ille

1892 2207 2159 2275 siquidem
2198 2209 2511 2275 episcopum
2561 2222 2588 2259 a
2641 2206 2885 2276 synodo,
2929 2202 3275 2272 presbyteros
3330 2210 3454 2248 vero

1891 2307 1946 2351 et
1973 2298 2226 2351 diacanos
2259 2312 2285 2348 a
2317 2312 2417 2351 suo
2444 2313 2711 2365 quemque
2740 2296 2992 2364 episcopo
3032 2290 3228 2359 deponi
3260 2288 3454 2341 debere

1893 2373 2146 2438 afﬁrmat.
2201 2383 2503 2455 Utrumque
2573 2395 2751 2439 tamen
2808 2385 2910 2437 hoc
2970 2392 3128 2451 pacto
3184 2379 3451 2447 quispiam

1892 2477 2203 2531 conciliabit
2229 2492 2245 2541 ;
2287 2478 2755 2530 utAntiocltenum
2779 2489 3042 2528 esuonem
3077 2487 3195 2539 quae
3224 2470 3453 2522 crimina

1894 2569 2227 2639 presbyteris
2260 2579 2353 2623 aut
2387 2570 2628 2623 diaeonis
2673 2568 3023 2637 objiciuntur.
3049 2579 3237 2619 eorum
3268 2561 3455 2614 crimi-

1897 2676 2022 2715 num
2055 2661 2384 2729 qttmstiones
2436 2662 2612 2729 primo
2669 2659 2734 2711 ad
2789 2658 3098 2725 episcopum
3158 2653 3453 2722 pertinere,

1896 2752 2069 2819 deque
2099 2753 2167 2805 iis
2195 2751 2462 2805 statuendi
2491 2764 2654 2818 penes
2686 2750 2838 2802 illum
2865 2748 3177 2801 facultatem
3202 2758 3321 2797 esse
3360 2756 3456 2794 vo-

1898 2844 2065 2897 luisse
2094 2861 2109 2897 :
2142 2844 2303 2911 hujus
2340 2856 2467 2895 vero
2508 2844 2729 2895 canonis
2772 2839 3182 2901 constitutione,
3232 2836 3273 2887 si
3337 2834 3457 2901 quis

1900 2930 2105 2997 injuste
2156 2945 2214 2983 se
2266 2932 2333 2983 ab
2390 2930 2646 2998 episcopo
2676 2944 2775 2982 suo
2808 2932 3121 2980 damnatum
3164 2933 3456 2993 quaeratur,

1898 3019 2213 3089 presbytero
2243 3019 2459 3085 quidem
2485 3035 2600 3081 sex,
2626 3020 2852 3072 diacono
2881 3034 3010 3071 vero
3044 3029 3153 3070 tres
3175 3016 3457 3085 epise0pos

1900 3125 2075 3162 causze
2108 3111 2412 3175 cognitores
2442 3110 2733 3176 przeflnitos
2763 3124 2881 3162 esse
2908 3108 3175 3161 defendat.

1898 3200 2056 3271 527
2091 3198 2312 3254 ARIST.
2349 3220 2366 3250 ι
2409 3200 2731 3266 Episcopum
2762 3202 2810 3251 iu
2842 3216 2927 3263 jus
2968 3209 3238 3257 vocatum,
3279 3198 3321 3249 si
3352 3212 3455 3248 nott

1976 3310 1992 3341 ε
2024 3293 2091 3344 sit
2125 3291 2358 3358 perfecta
2410 3291 2666 3359 synodus,
2699 3290 2978 3341 duodecim
3012 3287 3291 3340 minimum
3345 3288 3458 3352 epi-

1972 3401 1990 3433 ε
2023 3383 2168 3448 scopi
2198 3382 2519 3445 observant;
2571 3393 2621 3433 et
2664 3380 3052 3448 presbyterum,
3114 3393 3205 3431 sex
3243 3384 3292 3430 et
3334 3393 3459 3444 pro-

1971 3492 1989 3523 ε
2030 3474 2212 3540 prius;
2245 3481 2297 3525 et
2330 3473 2638 3534 diaconum,
2672 3482 2801 3524 tres.
2828 3491 2845 3522 ι

1967 3562 2290 3631 Episcopum
2324 3565 2413 3630 qui
2446 3572 2730 3615 accusatur
2760 3576 2785 3612 a
2822 3571 2929 3614 tota
2979 3560 3207 3627 judicari
3254 3559 3456 3628 synodo

1895 3662 2154 3719 oportet:
2185 3656 2227 3707 si
2259 3668 2445 3707 onmes
2476 3662 2651 3705 autem
2694 3652 2987 3705 convenire
3016 3666 3117 3702 non
3145 3659 3224 3702 est
3279 3649 3451 3716 possi-

1894 3740 2022 3801 bile,
2076 3754 2106 3791 a
2167 3740 2444 3793 duodecim
2522 3739 2805 3791 minimum
2863 3738 3131 3804 episcOpis
3177 3738 3457 3805 judicari;

1895 3827 2267 3894 presbyterum
2301 3836 2477 3879 autem
2514 3840 2543 3879 a
2594 3842 2709 3888 sex,
2751 3836 2803 3879 et
2832 3827 3115 3879 diaconum
3158 3840 3186 3877 a
3237 3827 3407 3878 tribus
3444 3845 3456 3878 :

1895 3924 1949 3970 et
1981 3916 2229 3983 proprius
2259 3916 2479 3982 insuper
2503 3927 2877 3969 accusatorum
2925 3919 3208 3983 episeOpus
3260 3917 3454 3969 ibidem

1898 4008 2087 4060 adesse
2114 4007 2291 4071 debet,
2322 4016 2374 4060 et
2428 4008 2799 4059 accusationes
2846 4016 3029 4058 c0utra
3066 4020 3158 4058 eos
3200 4008 3337 4058 latas
3380 4008 3458 4059 si-

1898 4095 2012 4149 mul
2038 4098 2371 4152 examinare.

2489 4278 2717 4335 CANON
2748 4279 2884 4335 XIII.

1904 4384 1923 4417 ε
1959 4366 2111 4432 Quod
2145 4383 2248 4422 non
2309 4369 2434 4423 licet
2488 4371 2795 4438 episcopum
2840 4372 2943 4425 nisi
2987 4388 3013 4423 a
3072 4372 3251 4425 multis
3288 4370 3460 4439 eligi:

303 4476 321 4507 ι
364 4457 530 4521 τριῶν
588 4460 616 4509 6
670 4458 971 4545 ἐπίσκοπος
1037 4460 1468 4530 χειροτονηθείη.
1526 4461 1874 4545 Αύρήλιοςο

1828 4488 1874 4545 D
1976 4478 1996 4511 ε
2033 4460 2116 4514 sin
2150 4471 2329 4515 autem
2374 4476 2594 4516 necesse
2631 4464 2722 4527 sit,
2784 4464 2948 4516 etiam
2990 4464 3070 4516 vel
3104 4480 3129 4513 ιι
3166 4464 3334 4513 tribus
3363 4462 3492 4513 eli-‘

304 4566 321 4597 ι
372 4547 668 4608 ἐπίσκοπος
708 4544 827 4599 εἷπε
851 4562 866 4578 ο
911 4548 974 4599 Τί
1016 4551 1153 4618 πρὸς
1189 4548 1362 4601 ταῦτα
1406 4550 1554 4617 λέγει
1589 4550 1621 4618 ἠ
1656 4551 1794 4617 ύμε-

306 4659 323 4685 ε
366 4637 503 4704 τέρα
539 4637 853 4705 ἁγιωσύνης
892 4638 1028 4691 ’Δπδ
1080 4641 1297 4692 πάντων
1332 4641 1441 4691 τῶν
1483 4642 1799 4693 ἐπισκόπων

301 4748 319 4777 ε
360 4727 593 4793 ἐλέχθη·
627 4726 861 4793 Ὀφείλει
908 4730 1039 4797 παρ’
1069 4729 1227 4797 ἡμῶν
1262 4731 1328 4781 τὰ
1358 4731 1648 4798 ὁρισθέντα
1695 4730 1799 4782 ὑπὸ

306 4838 323 4866 ε
369 4810 606 4885 τῶν⁹πρὸ
631 4818 786 4885 ήμῶν
817 4818 1178 4887 φυλαχθῆναι
1208 4812 1450 4872 ὧντινων
1498 4820 1574 4881 ὡς
1606 4820 1796 4887 ἔτυχεν

304 4927 322 4958 ι
366 4908 687 4976 ἀδουλήτως
756 4909 805 4960 οί
852 4912 1241 4976 ’πρωτεύοντες
1300 4910 1400 4977 τῆς
1458 4910 1798 4979 οἱασδήτινος

298 5016 316 5047 ι
360 4999 632 5064 ἐπαρχίας
677 4997 738 5049 οὐ
785 4999 1166 5066 κατατολμῶσι
1192 5000 1439 5067 ἀμελεῖν.
1471 5000 1661 5052 Πολλοὶ
1705 5000 1798 5052 οὖν

302 5106 320 5137 ι
365 5088 656 5139 ἐπίσκοποι
721 5088 1083 5155 συναχθέντες
1136 5090 1437 5142 ἐπίσκοπον
1490 5092 1800 5159 χειροτονήο

302 5196 318 5225 ι
365 5195 552 5229 σουσιν
579 5193 591 5205 ·
628 5181 675 5230 εί
703 5179 758 5230 δέ
788 5180 1003 5245 ἀνάγκη
1034 5180 1447 5249 γένηται.τρεῖς
1484 5182 1796 5239 ἐπίσκοποι,

306 5288 323 5317 ε
366 5270 424 5318 ἐν
448 5268 745 5336 οίῳδήποτε
774 5268 840 5321 ἂν
868 5271 1017 5337 τόπῳ
1046 5264 1167 5332 ὦσι,
1197 5270 1275 5339 τῷ
1300 5271 1395 5323 τοῦ
1431 5272 1799 5339 πρωτεύοντος

301 5378 318 5407 ε
363 5359 787 5425 παραγγέλματι
820 5364 1294 5429 χειροτονήσουσιν
1328 5364 1422 5415 τὸν
1469 5365 1791 5415 ἐπίσκοπον.

292 5468 309 5497 ι
352 5450 462 5500 Καὶ
491 5449 586 5500 ἐάν
610 5467 688 5508 τις
725 5448 781 5499 ἐν
807 5466 913 5502 τινι
944 5451 1237 5520 ἐναντιωθῇ
1266 5454 1330 5520 τῇ
1380 5453 1485 5522 ίδίᾳ
1532 5454 1795 5521 ὁμολογίᾳ

299 5561 311 5585 ι
354 5539 387 5605 ἦ
417 5542 482 5605 τῇ
520 5539 831 5610 ὑπογραφῇ,
859 5542 1019 5604 αὐτὸς
1060 5543 1249 5596 ἐαυτὸν
1294 5544 1657 5614 ἀποστερήσει
1700 5546 1799 5612 τῆς

299 5643 316 5671 ε
360 5623 540 5691 τιμῆς.
573 5642 590 5672 ι

298 5714 493 5767 BHE.
528 5715 871 5785 Χειροτονίαν
930 5720 1161 5773 ἐνταῦθα
1217 5722 1291 5791 μὴ
1322 5722 1417 5791 τὴν
1449 5724 1792 5794 χειροθεσίαν

1981 4569 2000 4600 ε
2041 4559 2201 4619 gatur
2257 4552 2564 4617 episcopus.
2636 4556 2882 4608 Aurelius
2943 4554 3226 4622 episcopus
3288 4553 3459 4606 dixit:

1978 4660 1997 4690 ε
2035 4641 2171 4706 Quid
2200 4643 2265 4695 ad
2298 4643 2411 4696 haec
2440 4644 2571 4697 dicit
2606 4653 2781 4697 vestra
2826 4645 3133 4698 sanctitas?
3176 4646 3256 4698 Ab
3290 4644 3464 4696 omni-

1974 4749 1993 4781 ε
2033 4733 2129 4785 bus
2173 4732 2437 4800 episcopis
2496 4734 2697 4787 dictum
2749 4744 2832 4788 est
2881 4751 2895 4787 :
2940 4734 3196 4788 Veterum
3263 4743 3460 4788 statuta

1977 4842 1995 4873 ε
2031 4823 2229 4877 debent
2258 4838 2285 4875 a
2321 4824 2478 4878 nobis
2532 4826 2734 4893 servari
2764 4844 2776 4878 :
2810 4840 2928 4894 quae
2977 4828 3191 4894 quidem
3255 4836 3457 4880 temere

1978 4931 1997 4963 ι
2036 4923 2088 4967 et
2146 4914 2463 4977 inconsulte,
2515 4917 2605 4983 qui
2655 4915 2706 4968 in
2738 4916 2926 4982 quavis
2958 4917 3227 4984 provincia
3264 4917 3463 4982 prima-

1979 5016 2138 5058 ttum
2202 5006 2465 5066 obtinent,
2526 5021 2635 5058 non
2693 5007 2893 5060 audent
2956 5007 3461 5074 negligere.(.\lulti

1979 5113 1998 5145 ε
2033 5108 2161 5162 ergo
2216 5096 2520 5163 congregati
2599 5097 2834 5164 episcopi
2883 5096 3193 5165 episc0putn
3245 5098 3461 5163 eligeut.

1978 5207 1995 5237 ε
2034 5187 2128 5240 Sin
2159 5186 2665 5241 autem‘necessitas
2729 5188 3026 5249 incumbat.
3063 5197 3172 5242 tres
3202 5188 3460 5256 episcopi,

1978 5297 1997 5329 ε
2036 5279 2088 5329 ἱιι
2162 5290 2485 5346 quocunque
2558 5277 2676 5331 loco
2740 5278 2962 5340 fuerint,
3017 5280 3261 5347 primatis
3307 5279 3460 5347 jussu

1979 5387 1997 5417 ε
2038 5368 2237 5435 eligent
2279 5369 2613 5434 episcopum.
2637 5366 2703 5419 Et
2730 5369 2775 5421 si
2810 5370 2928 5435 quis
2970 5369 3020 5419 iu
3057 5369 3235 5435 aliquo
3268 5381 3455 5420 contra

1979 5478 1997 5508 ε
2035 5459 2302 5526 propriam
2345 5458 2739 5513 confessionem
2768 5460 2848 5513 vel
2883 5460 3332 5526 subscriptionem
3384 5462 3459 5513 fc-

1982 5570 1998 5599 ε
2035 5552 2187 5614 cerit,
2219 5550 2332 5619 ipse
2367 5550 2601 5618 seipsum
2636 5550 2841 5604 honore
2868 5551 3118 5620 prit'nbil.

1976 5727 2164 5783 BALS.
2193 5728 2541 5797 Χειροτονεαν
2569 5743 2666 5783 nnc
2707 5745 2757 5784 ltl
2795 5744 2933 5794 IOCO,
2970 5745 3069 5783 non
3125 5742 3219 5797 pro
3274 5743 3455 5798 χειρο-
