4214 6438
788 373 854 432 5:;
2018 377 2288 436 TIIEOD.
2334 377 2731 440 DALSAMON
2874 384 2879 387 ‘
3434 408 3440 415 -
3894 370 3962 431 6|

784 479 958 548 ὒςστα,
989 482 1040 532 id
1077 492 1174 538 est.
1227 498 1477 537 manuum
1508 487 1842 553 impositione
1877 496 1925 537 et
1966 489 2320 549 ordinatione,
2347 488 2394 543 Α
2422 506 2448 539 κ

2306 526 2320 549 ,
2347 488 2394 543 Α
2422 490 2513 540 καὶ
2552 489 2882 558 καθιέρωσιν
2930 489 3159 559 νοήσεις,
3202 487 3333 542 ἀλλὰ
3382 486 3478 558 τήν
3511 486 3709 555 ψῆφον.
3742 483 3865 535 Ὀτι
3906 496 3966 533 τε

784 582 877 618 seu
930 575 1331 625 consecratione
1386 577 1735 637 intellexeris.
1774 578 1863 631 sed
1910 592 2005 645 pro
2035 580 2319 631 electione.

784 653 911 705 Nam
951 668 1001 709 et
1027 660 1123 711 hoc
1164 676 1226 712 ex
1260 662 1361 715 fine
1391 666 1609 720 canonis
1653 667 1967 729 ostenditur,
2011 681 2119 735 quo
2165 682 2323 721 eave-

783 751 888 804 tur,
924 756 978 795 ut
1011 747 1307 814 deponatur
1338 754 1641 822 episcopus,
1700 758 1789 822 qui
1832 768 2014 809 contra
2056 743 2321 825 propriam

780 836 1225 900 subscriptionem
1278 852 1331 894 et
1366 845 1752 899 confessionem
1811 848 2018 912 fecerit,
2053 864 2168 915 qua
2192 851 2323 903 sub-

783 927 1001 993 scriptio
1034 944 1136 980 non
1176 931 1231 985 fit
1278 933 1342 983 ad
1392 935 1781 989 ordinationem
1816 938 1927 991 sive
1968 941 2323 993 consecratio—

780 1026 919 1072 nem.
980 1017 1072 1067 sed
1124 1018 1185 1068 ad
1234 1021 1543 1074 electionem
1601 1041 1613 1074 :
1676 1037 1729 1077 et
1764 1029 1908 1093 quia,
1966 1044 2089 1082 cum
2116 1033 2321 1097 primus

779 1117 950 1155 eanon
987 1109 1307 1169 apostolicus
1347 1121 1540 1165 statuat
1569 1118 1878 1181 episcOpum
1913 1134 1938 1167 a
1973 1120 2178 1173 duobus
2202 1135 2321 1174 esse

778 1191 1038 1257 episcopis
1087 1198 1459 1258 ordinandum.
1498 1203 1538 1254 si
1586 1207 1921 1271 χειροτονίαν
1976 1223 2069 1275 pro
2104 1210 2323 1262 ordina-

781 1278 924 1330 tione
952 1280 1051 1334 hoc
1093 1285 1140 1333 in
1183 1285 1297 1338 loco
1327 1292 1708 1356 acceperimus,
1762 1296 1899 1347 dicto
1956 1300 2146 1352 canoni
2194 1314 2321 1352 con-

780 1359 941 1417 traria
1006 1371 1182 1425 dicere
1231 1375 1594 1432 adtnlttcmus.
1655 1382 1787 1434 Cum
1839 1397 2013 1438 autem
2063 1402 2232 1441 canon
2289 1390 2322 1441 ό

778 1455 964 1519 prima:
1021 1458 1243 1512 Nicaeum
1295 1468 1476 1531 synodi
1522 1469 1705 1533 jubeat
1756 1473 2042 1527 electiones
2090 1478 2156 1528 ab
2208 1493 2323 1530 om-

779 1545 933 1596 nibus
1008 1550 1422 1612 provincialibus
1477 1560 1749 1623 constitui,
1822 1563 1901 1614 sin
1966 1572 2139 1616 autem
2222 1567 2323 1619 hoc

785 1634 853 1687 rit
884 1636 1093 1690 diﬂlrile
1123 1650 1228 1693 tres
1271 1644 1424 1695 simul
1490 1652 1821 1716 congregari,
1854 1653 2075 1719 reliquis
2110 1671 2323 1723 quoque

785 1736 873 1785 per
922 1723 1129 1777 litteras
1185 1730 1494 1797 suffragium
1552 1734 1860 1799 ferentibus.
1931 1744 2319 1809 metropolitani

779 1810 1012 1872 quidam.
1042 1823 1097 1865 ut
1118 1828 1199 1868 est
1241 1822 1524 1876 verisimile
1555 1826 1671 1891 (eos
1698 1828 1839 1881 enim
1874 1846 2109 1896 praesens
2151 1847 2323 1886 canon

775 1899 1029 1961 primates
1052 1908 1333 1970 provincia!
1351 1915 1542 1977 vocat),
1564 1930 1664 1967 non
1690 1918 2045 1971 observabant
2070 1936 2324 1977 canones.

776 1986 927 2042 Unde
986 2003 1037 2045 et
1078 2011 1105 2047 a
1155 1996 1398 2053 Patribus
1457 2005 1731 2059 deﬁnitum
1792 2018 1899 2071 est,
1948 2020 2004 2062 ut
2060 2027 2088 2063 a
2145 2013 2326 2066 multis

772 2081 1035 2146 episcopis
1064 2086 1246 2139 flerent
1276 2091 1565 2148 electiones
1596 2114 1609 2148 :
1647 2099 1728 2149 sin
1773 2110 1947 2153 autem
1978 2103 2074 2155 boc
2107 2119 2211 2156 non
2238 2104 2309 2159 sit

775 2167 914 2221 factu
957 2172 1133 2236 facile,
1194 2184 1493 2236 necessario
1530 2201 1557 2236 a
1610 2188 1795 2250 tribus,
1855 2193 1942 2258 qui
1980 2193 2172 2245 debent
2201 2209 2351 2248 cum.

776 2258 995 2314 scientia
1031 2273 1080 2315 et
1130 2270 1479 2330 perniissione
1516 2278 1668 2338 primi
1720 2293 1810 2330 seu
1845 2284 2241 2350 metropolitani
2270 2286 2320 2337 in

776 2366 1091 2420 quocunque
1146 2359 1263 2412 loco
1295 2367 1602 2420 convenire.
1655 2368 1707 2421 Si
1748 2372 1873 2439 quis
1926 2386 2104 2429 autem
2134 2392 2319 2431 eorum

772 2443 859 2535 qui
880 2444 931 2495 in
963 2448 1221 2502 electione
1251 2454 1499 2522 sntIragia
1529 2460 1786 2515 dederunt
1825 2474 2007 2517 contra
2054 2470 2325 2535 propriam

774 2531 1217 2625 subscriptionem
1280 2542 1486 2607 fecerit,
1551 2551 1859 2613 deponetur.
1904 2531 2064 2609 Acin.
2094 2531 2174 2611 bis
2201 2559 2321 2625 qui-

771 2622 890 2675 dem
928 2628 1174 2681 consistit
1235 2648 1425 2689 canon.
1462 2637 1592 2690 Cum
1646 2653 1823 2695 autem
1856 2647 2069 2713 quidam
2122 2622 2322 2702 metro-

772 2714 1037 2771 politanus
1096 2716 1279 2773 fuiss'et
1327 2725 1616 2792 aliquando
1669 2744 1973 2796 accusatus,
2023 2738 2165 2802 quod
2214 2753 2319 2791 non

769 2817 888 2853 eum
948 2807 1057 2858 suis
1104 2812 1518 2874 provincialibus
1569 2819 1869 2885 episeopmn
1922 2824 2191 2893 elegisset,
2227 2830 2319 2881 sed

768 2906 889 2943 cum
931 2901 1351 2961 melropolitanis
1380 2945 1394 2965 ,
1447 2908 1533 2973 qui
1574 2909 1622 2958 in
1676 2910 1855 2976 regina
1892 2912 2103 2965 urbium
2144 2931 2320 2969 versa-

771 2982 998 3048 bantur;
1035 2988 1245 3053 qnidam
1294 3005 1607 3058 praesentem
1641 3013 1895 3055 canonem
1924 3019 2019 3070 pro
2062 3021 2128 3059 eo
2153 3007 2320 3060 addu-

766 3071 957 3123 rebant

765 3161 798 3213 4
855 3164 1039 3227 prima:
1099 3171 1281 3238 synodi
1337 3171 1566 3227 Nicmnm
1615 3193 1831 3233 necesse
1880 3192 1962 3234 est
2015 3199 2043 3236 a
2106 3188 2318 3251 provin—

764 3255 990 3309 cialibus
1051 3260 1115 3311 ad
1159 3261 1435 3314 minimum
1485 3267 1654 3319 tribus
1704 3269 2018 3324 electionem
2073 3276 2214 3337 fieri,
2286 3292 2315 3330 a

768 3350 1019 3408 praesenti
1066 3358 1240 3401 tamen
1274 3368 1503 3416 canone,
1540 3358 1627 3421 qui
1682 3370 1761 3412 est
1808 3364 1973 3416 multo
2026 3368 2316 3433 posterior,

772 3438 1180 3499 metropolitano
1233 3456 1551 3497 concessum
1605 3456 1683 3499 est
1717 3458 1823 3503 tres
1849 3454 2148 3520 episcopos,
2180 3474 2316 3524 quos

767 3528 997 3580 voluerit
1044 3546 1356 3596 accersere,
1397 3545 1450 3588 et
1502 3551 1596 3601 per
1647 3554 1743 3593 eos
1786 3542 2098 3599 electionem
2142 3547 2319 3602 facere

772 3621 821 3671 in
850 3635 1169 3688 quocunque
1209 3624 1324 3677 loco
1358 3626 1605 3690 voluerit,
1642 3639 1694 3682 et
1749 3632 1996 3686 volebant
2049 3647 2320 3702 metropo-

767 3710 986 3763 litanum
1060 3713 1189 3765 nulli
1274 3718 1675 3782 reprehensioni
1743 3722 2032 3778 obnoxium
2097 3728 2163 3781 ab
2222 3730 2322 3783 boc

765 3816 971 3855 canone
1018 3806 1349 3857 conservari.
1402 3806 1700 3863 Audiernnt
1750 3822 1925 3866 autem
1979 3818 2152 3883 quod,
2190 3835 2323 3885 quo—

766 3893 908 3942 niam
942 3908 1381 3962 prazsenscanon
1431 3897 1561 3948 nibil
1588 3900 1707 3950 novi
1767 3901 2029 3967 decernit,
2072 3906 2167 3958 sed
2201 3924 2320 3975 qua:

771 3998 797 4032 a
831 3981 1079 4036 Patribus
1111 3994 1266 4035 antea
1303 3986 1518 4039 definita
1581 4000 1742 4051 sunt,
1806 3993 2055 4060 deinceps
2099 4012 2312 4065 quoque

766 4073 1028 4123 servanda
1066 4074 1274 4133 statuit.
1300 4076 1493 4127 debent
1526 4081 1765 4141 omnino,
1798 4083 2322 4147 qumdeconvocatis

762 4164 1030 4231 episcopis
1065 4167 1333 4229 dicuntur,
1368 4171 1662 4221 secundum
1695 4172 1840 4223 illum
1875 4188 2133 4228 canonem
2172 4178 2323 4229 intel-

768 4255 877 4319 ligi,
922 4266 973 4307 et
1008 4257 1626 4313 electiones-necessario
1659 4277 1686 4313 a
1728 4265 2147 4330 provincialibus
2183 4268 2319 4324 ﬁeri.

764 4344 893 4398 lllud
932 4356 1108 4398 autem
1143 4348 1193 4399 in
1250 4348 1444 4415 quovis
1489 4349 1605 4402 loco
1632 4355 1942 4418 procedere,
2002 4370 2103 4406 non
2168 4356 2321 4408 all'ert

2422 578 2575 628 τοῦτο
2606 578 2927 645 παρίσταται
2958 578 3064 630 ἀπὸ
3096 577 3188 629 τοῦ
3215 578 3394 637 τέλους
3418 576 3514 628 τοῦ
3546 574 3765 636 κανόνος
3793 574 3964 641 διορι-

2424 662 2671 739 ζομένου-
2700 664 3076 733 καθαιρεῖσθαι
3131 664 3221 717 τὸν
3265 667 3331 731 τῇ
3368 662 3475 733 ίδίᾳ
3529 662 3815 730 ὑπογραφῇ
3872 659 3968 710 καὶ

2423 753 2679 822 ὁμολογίᾳ
2710 753 3111 820 ἐναντιούμενον
3156 753 3468 811 ἐπίσκοπον,
3518 750 3637 819 ἥτις
3676 746 3968 816 ὑπογραφὴ

2424 843 2483 893 οὐ
2519 843 2720 909 γίνεται
2773 843 2850 903 είς
2901 842 3229 911 χειροτονίαν
3259 843 3394 911 ’ἦτοι
3436 841 3783 908 καθιέρωσιν,
3832 836 3970 890 ἀλλά

2423 933 2501 993 είς
2524 932 2701 999 ψῆφον
2727 947 2741 960 ο
2780 932 2867 983 καὶ
2916 934 2997 983 ὅτι
3026 931 3119 982 τοῦ
3155 930 3510 982 ἀποστολικοῦ
3557 929 3773 996 πρώτου
3804 924 3966 1003 κανό-

2423 1037 2511 1079 νος
2582 1017 2949 1086 διοριζομένου
3014 1016 3433 1086 χειροτονεῖσθαι
3496 1016 3789 1067 ἐπίσκοπον
3861 1013 4001 1065 ὐπδο

2423 1110 2733 1161 ἐπισκόπων
2764 1108 2876 1171 δύο,
2906 1108 3065 1175 εἴπερ
3114 1106 3465 1171 ἐκλαδώμεθα
3494 1106 3592 1172 τὴν
3624 1103 3965 1171 χειροτονίαν

2423 1202 2501 1261 είς
2531 1199 2884 1268 χειροθεσίαν,
2909 1198 3150 1263 δόξαιμεν
3173 1197 3351 1261 λέγειν
3382 1193 3601 1245 ἐναντία
3641 1192 3717 1261 τῷ
3750 1192 3969 1259 ῥηθέντι

2422 1289 2625 1340 κανόνι.
2657 1286 2760 1338 Τοῦ
2808 1287 2863 1338 δὲ
2921 1286 2961 1336 δ’
3010 1285 3225 1346 κανόνος
3283 1286 3380 1351 τῆς
3412 1285 3469 1334 ἐν
3498 1284 3703 1350 Νικαίᾳ
3748 1282 3970 1351 πρώτης

2424 1378 2638 1429 συνόδου
2690 1375 3195 1442 παρακελευομένου
3244 1374 3349 1425 ὑπὸ
3401 1374 3618 1425 πάντων
3650 1372 3757 1425 τῶν
3792 1375 3964 1439 ἐπαρο

2422 1466 2630 1533 χιωτῶν
2686 1464 3040 1522 καθίστασθαι
3097 1462 3191 1525 τὰς
3240 1462 3489 1530 ψήφους’
3538 1463 3586 1513 εί
3622 1450 3677 1513 δέ
3711 1461 3969 1528 δυσχερδς

2421 1555 2577 1605 τοῦτό
2606 1555 2738 1615 ἐστι,
2766 1556 2913 1620 τρεῖς
2956 1554 3049 1605 ἐπὶ
3089 1552 3149 1604 τδ
3198 1553 3331 1604 αὐτὸ
3377 1548 3976 1619 συνάγεσθαι,’συμψή-

2424 1660 2537 1709 φων
2562 1643 2861 1710 γινομένων
2888 1632 3343 1708 διάγραμμάτων
3382 1641 3474 1692 καὶ
3506 1641 3614 1692 τῶν
3641 1639 3864 1701 λοιπῶν,
3891 1639 3970 1701 ὡς

2426 1732 2589 1791 ἔοικε.
2632 1732 2774 1793 τινὲς
2828 1732 3216 1799 μητροπολῖται
3263 1729 3503 1798 (τούτους
3548 1732 3655 1797 γὰρ
3691 1730 3720 1781 ό
3772 1729 3963 1801 παρὼν

2427 1819 2604 1873 κανὼν
2633 1818 3005 1886 πρωτεύοντας
3043 1819 3308 1887 ἐπαρχίας
3333 1818 3506 1884 καλεῖ)
3544 1818 3644 1869 οὐκ
3673 1818 3974 1883 ἐφύλαττον

2424 1910 2490 1960 τά
2512 1908 2603 1960 τοῦ
2638 1908 3043 1969 κανόνος.”Οθεν
3061 1911 3152 1960 καὶ
3177 1908 3380 1977 ὡρίσθη
3400 1902 3545 1976 παρά
3564 1907 3672 1959 τῶν
3695 1908 3975 1990 Πατέρευν,

2427 1996 2530 2048 ὑπὸ
2553 1996 2758 2049 πολλῶν
2788 1998 3105 2049 ἐπισκόπων
3137 1996 3381 2062 γίνεσθαι
3408 1995 3504 2055 τάς
3532 1997 3748 2064 ψήφους
3776 2013 3789 2027 ⁸
3825 1997 3874 2049 εί
3917 1996 3976 2049 δέ

2424 2086 2523 2138 οὐκ
2578 2086 2692 2137 ἐστι
2724 2085 2881 2137 τοῦτο
2936 2072 3179 2152 εύχερές,
3229 2084 3288 2149 ἐξ
3342 2085 3583 2151 ἀνάγκης
3634 2084 3736 2135 ὑπὸ
3782 2084 3972 2152 τριῶν,

2426 2174 2745 2241 ὀφειλόντων
2780 2174 2918 2242 μετά
2952 2173 3209 2241 είδὴσεως
3250 2172 3343 2225 καὶ⁸
3373 2172 3672 2242 ἐπιτροπῆς
3700 2173 3795 2225 τοῦ
3822 2174 3975 2242 πρώ-

2425 2283 2559 2329 του,
2608 2266 2773 2334 ήγουν
2851 2264 2945 2316 τοῦ
3015 2263 3447 2333 μητροπολίτου,
3505 2254 3864 2332 συνέρχεσθαι
3918 2263 3979 2315 ἐν

2421 2351 2693 2425 οῑῳδήτινι
2742 2355 2913 2423 τόπῳ.
2966 2354 3097 2407 Ἐὰν
3154 2354 3211 2406 δέ
3262 2372 3347 2416 τις
3410 2353 3519 2405 τῶν
3578 2352 3978 2423 ψηφισαμένων

2376 2453 2381 2457 ’
2425 2448 2719 2516 ἐναντιωθῇ
2753 2449 2816 2515 τῇ
2858 2446 2961 2514 ἰδίᾳ
3000 2445 3285 2514 ὑπογραφῇ
3314 2485 3330 2510 ,
3363 2444 3837 2512 καθαιρεθήσεται.
3868 2442 3979 2495 Καὶ

2423 2542 2451 2592 ό
2501 2540 2600 2607 μὲν
2650 2536 2827 2590 κανὼν
2879 2538 2935 2588 ἐν
2994 2536 3221 2598 τούτοις.
3262 2536 3415 2600 Τινδς
3476 2536 3532 2589 δέ
3583 2534 3979 2605 μητροπολίτου

2425 2629 2757 2689 αίτιαθέντος
2804 2628 2958 2691 ποτὶ,
2988 2630 3061 2691 ὡς
3113 2628 3187 2697 μὴ
3243 2626 3380 2695 μετά
3413 2626 3767 2695 ἐπαρχιωτῶν
3813 2625 3980 2677 αὐτοῦ
4048 2676 4053 2680 ,

2423 2719 2799 2787 ψηφισαμένου
2847 2720 3166 2782 ἐπίσκοπον,
3197 2718 3332 2770 ἀλλά
3378 2717 3517 2787 μετά
3568 2716 3981 2785 μητροπολιτῶν

2422 2810 2717 2875 διαγόντων
2749 2811 2825 2871 είς
2869 2812 2968 2878 τὴν
2994 2811 3099 2863 τῶν
3138 2810 3343 2861 πόλεων
3376 2808 3793 2877 βασιλεύουσαν,⁹
3819 2807 3986 2876 ἐχρή-

2425 2902 2584 2953 σαντό
2611 2919 2777 2964 τινες,
2812 2902 2951 2968 ὑπὲρ
2992 2901 3157 2955 αὑτοῦ
3204 2902 3451 2968 λέγοντες
3488 2901 3567 2970 τῷ
3609 2901 3838 2970 παρόντι
3880 2918 3987 2954 κα-

2423 2994 2533 3045 νόνι
2558 3008 2572 3022 ⁸
2610 2993 2701 3044 καὶ
2731 2988 2884 3043 εὶπον
2913 2992 3009 3053 ώς,
3044 2993 3093 3043 εί
3121 2994 3216 3044 καὶ
3253 2992 3359 3043 ἀπ’»
3390 2991 3483 3044 τοῦ
3532 2992 3573 3045 δ’
3621 2993 3841 3053 κανόνος
3884 2992 3985 3056 τῆς

1015 3092 1027 3125 :
1080 3086 1132 3127 et
1194 3080 1443 3133 dicebant
1498 3088 1664 3150 quod,
1718 3092 1922 3144 etiamsi
1974 3108 2039 3145 ex
2114 3101 2385 3157 canonec
2422 3083 2480 3132 έν
2509 3081 2679 3132 Νικαί⁴

2344 3101 2385 3157 c
2422 3083 2480 3132 ἐν
2509 3081 2710 3150 Νικαίᾳ
2744 3081 2967 3147 πρώτης
2999 3082 3216 3131 συνόδου
3250 3081 3463 3147 ἀνάγκη
3492 3080 3640 3131 ἐστὶν
3672 3080 3775 3131 ὑπὸ
3807 3081 3980 3149 ἐπαρ-

2426 3174 2632 3244 χιωτῶν
2678 3174 2737 3225 τὸ
2782 3174 3063 3241 ἐλάχιστον
3094 3174 3262 3242 τριῶν
3305 3173 3404 3234 τὰς
3450 3173 3663 3242 ψήφους
3708 3173 3978 3239 γίνεσθαι,

2423 3264 2556 3316 ἀλλὰ
2609 3263 2716 3314 ἀπὸ
2766 3262 2857 3314 τοῦ
2910 3264 3173 3331 παρόντος
3233 3265 3459 3324 κανόνος
3516 3263 3982 3331 μεταγενεστέρου

2422 3351 2571 3412 ὕντος
2602 3351 2816 3417 ἐνεδόθη
2850 3350 2925 3417 τῷ
2973 3350 3342 3419 μητροπολίτη
3378 3351 3803 3419 μετακαλεῖσθαι
3834 3354 3987 3419 τρεῖς

2423 3443 2754 3502 ἐπισκόπους
2784 3443 2906 3502 τοὺς
2939 3441 3086 3507 αὐτῷ
3140 3442 3485 3509 βουλητέους,
3521 3445 3613 3493 καὶ
3662 3445 3837 3493 ποιεῖν
3884 3442 3984 3509 τὴν

2423 3532 2602 3598 ψῆφον
2639 3533 2704 3582 δι⁹
2739 3531 2919 3582 αὐτῶν
2964 3533 3021 3581 ἐν
3062 3531 3158 3598 οἴῳ
3186 3532 3251 3582 ἀν
3282 3531 3430 3599 τόπῳ
3460 3532 3661 3601 θελήσῃ
3687 3548 3701 3562 .
3733 3532 3829 3583 καὶ
3861 3532 3986 3601 ηοε-

2423 3624 2512 3675 λον
2541 3622 2648 3675 ἀπὸ
2687 3624 2878 3672 τούτου
2918 3620 3013 3675 τοῦ
3055 3622 3279 3682 κανόνος
3318 3622 3705 3674 ἀκαταιτίατον
3744 3622 3835 3674 τὸν
3881 3639 3988 3690 μη-

2426 3713 2749 3780 τροπολίτην
2805 3711 3232 3778 συντηρηθῆναι.
3267 3712 3545 3763 Ἤκουσαν
3589 3712 3645 3765 δὲ
3685 3712 3780 3776 ὡς,
3806 3712 3927 3764 ἐπεὶ
3959 3714 3988 3765 ὁ

2426 3803 2613 3870 παρὼν
2645 3802 2824 3853 κανὼν
2866 3802 2926 3852 ού
2971 3802 3089 3853 νέον
3131 3818 3184 3852 τι
3216 3801 3549 3870 θεσμοθετεῖ,
3582 3802 3716 3854 ἀλλά
3744 3802 3813 3855 τά
3843 3819 3984 3869 προ-

2425 3893 2760 3962 διορισθέντα
2806 3891 2957 3958 παρά
2990 3892 3099 3942 τῶν
3135 3893 3393 3959 Πατέρων
3436 3896 3531 3946 καὶ
3578 3892 3777 3960 ἐφεξῆς
3813 3894 3986 3960 διορί-

2426 3985 2576 4047 ζεται
2603 3982 2987 4051 φυλάττεσθαι,
3019 3983 3294 4048 ὀφείλουσι
3324 3984 3536 4045 πάντως
3580 3984 3649 4035 τὰ
3698 3986 3827 4051 περὶ
3872 3984 3983 4034 τῶν

2426 4073 2881 4139 συγκα).ουμένων
2937 4072 3253 4123 ἐπισκόπων
3316 4072 3556 4125 νοεῖσθαι
3606 4073 3727 4124 κατ’
3777 4075 3986 4125 ἐκεῖνον

2426 4166 2514 4215 τὸν
2542 4164 2761 4224 κανόνα,
2804 4164 2893 4213 καὶ
2926 4164 2983 4226 ἐξ
3022 4163 3267 4231 ἀνάγκης
3302 4162 3439 4231 μετά
3483 4164 3847 4230 ἐπαρχιωτῶν
3890 4165 3987 4225 τὰς

2424 4256 2635 4323 ψήφους
2663 4254 2925 4318 γίνεσθαι.
2965 4253 3038 4303 Τὸ
3064 4254 3120 4304 δέ
3150 4256 3209 4304 ἐν
3235 4254 3535 4322 οίῳδήποτε
3591 4256 3742 4317 τόπῳ
3775 4255 3987 4322 προὸῆ-

2426 4363 2535 4407 ναι,
2564 4345 2622 4395 οὐ
2676 4344 3096 4411 προκριματίζει
3138 4345 3236 4409 τὴν
3288 4343 3488 4409 ψῆφον,
3549 4343 3709 4411 μόνον
3753 4344 3989 4407 γινέσθω

765 4436 1131 4503 ρταῆυόίεἱιιιη
1184 4438 1454 4501 electioni,
1514 4444 1687 4491 solum
1729 4443 1817 4492 liat
1868 4459 1989 4495 cum
2046 4446 2217 4498 tribus
2252 4450 2317 4498 ad
2354 4418 2397 4471 θ

2354 4418 2397 4471 θ
2429 4437 2566 4503 μετά
2608 4437 2917 4487 ἐπισκόπων
2944 4437 3003 4486 τὸ
3035 4435 3314 4501 ἐλάχιστον
3344 4434 3508 4502 τριῶν
3553 4435 3691 4486 κατὰ
3721 4435 3810 4485 τὸν
3841 4451 3987 4503 παρ-

763 4524 1041 4576 minimum
1115 4528 1429 4593 episcopis,
1498 4530 1648 4593 juxta
1711 4532 1853 4583 bunc
1925 4549 2184 4587 canonem
2238 4546 2311 4597 et,

761 4625 879 4674 qum
914 4610 960 4661 ei
992 4624 1387 4681 consequenter
1413 4616 1639 4681 obtinet,
1690 4623 2152 4676 consuetudinem.
2184 4623 2318 4675 Cum

759 4708 935 4751 autem
970 4716 1138 4755 eanon
1169 4707 1423 4756 decernat
1450 4705 1737 4760 electiones
1765 4709 1875 4760 fieri
1910 4726 1935 4759 a
1990 4710 2158 4764 tribus
2212 4713 2323 4778 epi-

763 4794 966 4858 scopis,
999 4800 1039 4849 si
1082 4799 1149 4849 sit
1186 4799 1379 4852 multos
1433 4803 1719 4852 convenire
1752 4802 1979 4863 difficile,
2016 4807 2319 4871 interroga-

762 4888 900 4939 verit
954 4889 1257 4954 quispiam:
1292 4889 1346 4939 Si
1394 4890 1542 4941 multi
1591 4892 1793 4955 possint
1830 4894 1986 4944 facile
2012 4897 2316 4956 convenire,

760 4978 949 5031 electio
974 4978 1352 5043 iuiirmabitur,
1382 4996 1443 5030 an
1470 4982 1611 5033 non?
1634 4981 1853 5034 Salutio.
1882 4983 2009 5045 Qum
2028 4986 2090 5034 de
2114 4987 2321 5049 episeo-

762 5070 811 5136 pi
847 5085 873 5119 a
898 5069 1173 5121 duodecim
1203 5072 1337 5122 facta
1372 5072 1698 5136 depositione
1728 5089 1883 5140 supra
1918 5074 2078 5141 528
2126 5077 2318 5141 scl'ipta

764 5168 905 5221 sunt,
940 5160 1157 5225 quando
1197 5160 1379 5225 plures
1428 5171 1671 5225 paterant
1714 5160 1865 5212 facile
1918 5164 2228 5223 convenire,
2259 5166 2319 5215 ad

762 5252 1038 5319 praesentis
1088 5252 1401 5318 qttmstionis
1474 5254 1795 5307 solutionem
1843 5252 2134 5308 sulliciunt.
2192 5256 2320 5308 Illud

758 5351 962 5402 autem,
1010 5342 1060 5393 in
1102 5342 1289 5409 quovis
1354 5344 1494 5403 IOCo,
1544 5344 1802 5407 scriptum
1842 5354 1946 5406 est,
1980 5354 2197 5413 propter
2229 5361 2321 5398 eos

757 5434 846 5501 qui
905 5433 1087 5485 dicunt
1143 5435 1339 5488 debere
1395 5434 1508 5487 fieri
1556 5435 1907 5488 ecclesiarum
1961 5437 2249 5490 electiones
2293 5453 2319 5487 a

759 5524 1170 5590 metropolitano
1231 5526 1280 5575 in
1345 5540 1434 5578 sua
1498 5527 1821 5593 metropoli,
1883 5527 2021 5594 quol
2103 5527 2319 5594 quidem

762 5628 867 5664 non
904 5624 1177 5681 receptum
1213 5624 1312 5667 est.
1345 5614 1515 5669 Locus
1560 5618 1699 5669 enim
1740 5633 1841 5668 non
1902 5618 2175 5669 constituit
2207 5620 2319 5685 epi-

756 5716 1003 5768 scopum,
1044 5708 1136 5755 sed
1176 5704 1483 5767 sullragmm
1524 5718 1577 5759 et
1628 5710 1918 5760 antistitum
1946 5708 2153 5762 electio.
2192 5707 2321 5760 Nota

2423 4530 2548 4579 όντα
2592 4529 2809 4586 κανόνα,
2863 4530 2958 4579 καὶ
2991 4527 3086 4595 τὴν
3119 4527 3426 4586 ἀκολούθως
3454 4527 3643 4577 τούτου
3676 4525 3986 4593 κρατοῦσαν

2428 4618 2734 4685 συνήθειαν.
2767 4617 2873 4669 Τοῦ
2924 4618 2977 4667 δέ
3008 4618 3228 4676 κανόνος
3265 4616 3637 4682 διοριζομένου
3684 4616 3789 4668 ὑπὸ
3817 4616 3987 4684 τριῶν

2422 4707 2739 4760 ἐπισκόπων
2766 4708 2863 4767 τὰς
2905 4707 3120 4772 ψήφους
3158 4706 3423 4771 γίνεσθαι,
3464 4706 3625 4773 εἴπερ
3651 4707 3768 4757 ἐστὶ
3797 4707 3986 4775 δυσχε-

2427 4782 2774 4864 ρέςτπολλρὺς
2806 4795 3102 4853 συνελθεῖν,
3137 4796 3398 4864 ἐρωτήσει
3448 4814 3555 4857 τις,
3592 4799 3686 4848 ἐὰν
3731 4799 3987 4866 εύχέρειά

2424 4893 2537 4941 ἐστι
2570 4887 2794 4947 πολλοὺς
2850 4886 3145 4947 συνελθεῖν,
3182 4886 3602 4954 ἀκυρωθήσεται
3649 4889 3681 4954 ἡ
3726 4888 3983 4957 ψῆφος,ἢ

2422 4979 2512 5040 οΰ;
2548 4980 2739 5041 Λύσις
2794 4976 2872 5028 Τὰ
2901 4975 3102 5027 ἀνωθεν
3132 4977 3409 5044 γραφέντα
3455 4977 3579 5041 περὶ
3612 4976 3985 5041 καθαιρέσεως

2425 5071 2719 5121 ἐπισκόπου
2802 5068 3111 5134 γενομένης
3176 5065 3581 5135 παράδώδεκα
3649 5069 3984 5131 ἐπισκόπων,

2426 5165 2551 5215 ὅταν
2594 5163 2837 5228 ὑπῆρχεν
2886 5160 3107 5228 εὐχερὲς
3144 5160 3238 5209 καὶ
3282 5158 3501 5218 πλείους
3546 5159 3837 5221 συνελθεῖν,
3882 5161 3984 5229 ἀρ-

2424 5254 2609 5307 κοῦσιν
2654 5256 2731 5314 εἰς
2778 5252 3071 5315 ἀπολογίαν
3116 5248 3209 5299 τοῦ
3242 5253 3504 5315 παρόντος
3537 5249 3870 5315 ζητήματος,
3924 5251 3985 5303 τὸ

2423 5348 2499 5405 δὲ,
2538 5346 2594 5395 ἐν
2618 5343 2915 5413 οίῳδήποτε
2960 5341 3130 5406 τόπῳ,
3166 5340 3475 5408 γέγραπται
3533 5339 3620 5391 διά
3649 5340 3775 5401 τοὺς
3806 5340 3985 5407 λέγον·

2426 5454 2542 5495 τας.
2571 5436 2805 5503 ὀφείλειν
2851 5433 2949 5493 τὰς
2982 5432 3196 5499 ψήφους
3240 5431 3348 5481 τῶν
3386 5431 3698 5499 ἐκκλησιῶν
3744 5432 3985 5498 γίνεσθαι

2432 5525 2582 5593 παρὰ
2625 5523 2719 5575 τοῦ
2748 5520 3147 5591 μητροπολίτου
3184 5522 3263 5580 είς
3300 5519 3398 5585 τὴν
3428 5521 3549 5570 κατ’
3582 5520 3744 5571 αὑτὸν
3779 5522 3984 5589 μητρόο

2427 5618 2602 5678 πολιν,
2629 5616 2762 5681 ὅπερ
2790 5616 2890 5666 οὒκ
2926 5612 3137 5681 ἐδέχθη.
3170 5611 3303 5663 Οὒδέ
3354 5611 3457 5681 γὰρ
3487 5613 3514 5663 ό
3546 5611 3711 5674 τόπος
3754 5612 3983 5683 καθιστᾷ

2429 5710 2521 5761 τὸν
2556 5708 2903 5762 -ὲπίσκοπον,
2936 5703 3093 5757 ἀλλὰ
3141 5705 3173 5765 ἡ
3214 5702 3390 5766 ψῆφος
3440 5702 3532 5755 καὶ
3562 5703 3592 5765 ἠ
3620 5702 3848 5766 ἐπιλογὴ
3878 5705 3985 5758 τῶν
