4214 6438
248 381 320 447 65
1262 371 1341 429 IN
1370 372 1535 430 CAN.
1576 368 1721 428 XIII
1759 368 1961 429 CONC.
1994 368 2369 427 CARTIIAG.
3369 362 3437 423 86

250 492 573 564 ἀρχιερέων.
627 490 937 559 Σημεὲωσαι
992 486 1049 540 δέ
1093 486 1188 539 καὶ
1244 483 1352 536 ἀπὸ
1384 481 1480 535 τοῦ
1529 480 1795 548 παρόντος
1825 490 1863 542 Α

1899 491 2017 545 ergo
2044 486 2204 529 etiam
2237 490 2299 530 ex
2336 477 2435 529 hoc
2476 489 2703 540 canone,
2734 476 2875 543 quod
2909 475 3107 543 primas
3164 475 3279 527 sive
3326 491 3440 529 inc-

249 583 474 641 κανόνος
518 580 601 631 ὅτι
654 580 682 629 ό
721 575 1037 645 πρωτεύων,
1085 574 1248 641 ἢγουν
1288 573 1315 623 ό
1371 567 1792 637 μητροπολίτης,

245 674 345 723 οὐκ
395 669 598 735 ὀφείλει
651 663 1045 733 παρουσιάζειν
1092 663 1171 722 είς
1217 661 1317 720 τάς
1367 658 1605 726 ψήφους,
1660 655 1797 707 ἀλλὰ

250 762 403 830 μόνοι
450 760 499 808 οί
547 756 855 808 ἐπίσκοποι.
885 753 955 810 Τί
977 754 1053 814 δὲ,
1086 752 1181 801 ἐὰν
1233 766 1314 809 τις
1346 748 1455 799 τῶν
1484 745 1799 814 ψηφισαμέ-

246 868 352 900 νων
408 844 703 913 ἐναντιωθῇ
750 848 813 910 τῇ
864 843 1040 909 οἰκεία
1094 841 1407 919 ὑπογραφῇ,
1464 835 1797 888 ἁπεντεῦθεν

247 936 730 1000 καθαιρεθήσεται,
760 938 793 999 ἢ
823 936 959 995 μετὰ
987 929 1312 1000 δοκιμασίαν
1359 926 1452 975 καὶ
1499 922 1797 989 ἀποτυχίαν

245 1015 319 1069 ὧν
355 996 699 1086 προστίθησιν
725 1033 740 1079 ;
772 996 981 1077 λύσις.
1010 1015 1070 1065 Ei
1100 996 1214 1080 μιν·
1244 1010 1550 1079 ἐκληφθῶσι
1589 1010 1657 1060 τά
1705 1009 1800 1077 ῥή-

251 1126 399 1175 ματα
424 1108 517 1159 τοῦ
546 1106 767 1166 κανόνος
798 1108 873 1165 είς
907 1105 966 1155 τὺ
1011 1103 1393 1176 ἐπιγινώσκειν
1446 1100 1544 1168 μὶν
1579 1100 1668 1151 τὸν
1697 1101 1799 1165 ψη-

252 1199 552 1264 φισάμενον
586 1198 683 1264 τὴν
729 1194 937 1248 οίκείαν
966 1193 1308 1262 ὑπογραφὴν,
1342 1191 1519 1256 λέγειν
1560 1188 1613 1241 δέ
1664 1188 1801 1256 μετὰ

246 1288 419 1339 ταῦτα
470 1286 659 1352 μαθεῖν
690 1284 742 1336 τί
776 1284 983 1335 xuii-30v
1016 1283 1106 1333 τὸν
1157 1280 1495 1349 ψηφισθέντα
1530 1280 1629 1339 ἐίς
1681 1280 1801 1327 ἐπι-

249 1376 513 1429 σκοπικδν
556 1375 836 1441 προελθεῖν
867 1373 1101 1439 ἀξίωμα.
1134 1372 1307 1431 άλλως
1361 1370 1423 1421 οὐ
1472 1368 1803 1435 καθαιρεθή-

249 1480 422 1525 σεται,
455 1464 503 1513 εί
564 1461 639 1529 μὴ
672 1464 796 1528 περὶ
846 1462 942 1520 τὰς
992 1459 1309 1524 ἀποδείξεις,
1343 1456 1620 1526 άτονήσει.
1652 1458 1711 1507 Et
1743 1457 1798 1508 δέ

245 1552 491 1618 ἐκληφθῇ
525 1552 558 1619 ή
590 1550 900 1610 ἐναντίωσις
942 1548 1038 1615 τῆς
1072 1531 1395 1616 ὑπογραφῆς
1428 1549 1506 1608 είς
1552 1547 1801 1613 ἄρνησιν,

250 1642 445 1707 ταύτης
473 1641 829 1707 ἐλεγχομένου
856 1638 949 1690 τοῦ
979 1640 1300 1707 πράγματος
1339 1637 1425 1687 διά
1460 1638 1803 1703 συγκρίσεως

247 1733 353 1783 τῶν
376 1732 741 1800 γραμμάτων,
769 1730 801 1799 ἢ
846 1730 1020 1790 άλλως
1075 1747 1210 1793 πως,
1244 1727 1573 1785 ἁπεντεῦθεν
1608 1726 1802 1779 καθαι-

1899 568 2245 633 tropolitanns
2277 580 2378 617 non
2413 567 2569 617 debet
2609 566 2868 619 interesse
2915 567 3182 624 electioni,
3211 567 3300 617 sed
3338 566 3440 617 soli
3485 576 3489 583 ‘

1897 653 2148 720 episcopi.
2180 651 2315 716 Quid
2351 668 2496 717 vero,
2548 654 2592 705 si
2622 652 2743 719 quis
2798 668 2981 706 eorum
3011 655 3121 721 qui‘
3163 654 3440 722 elegerunt

1899 756 2005 795 sua:
2043 742 2422 809 subscriptioni
2451 742 2855 803 contradisetit,
2893 756 3033 794 eone
3060 744 3174 806 ipso
3199 742 3442 808 depone-

1905 840 2011 892 tnr,
2046 846 2111 883 an
2146 840 2265 897 post
2294 832 2743 884 examinationcm
2776 871 2791 893 ,
2826 847 2945 883 cum
2994 846 3055 884 ea
3091 848 3209 899 qua:
3253 848 3447 900 propo-

1902 923 1977 971 nit
2006 921 2231 987 probare
2250 935 2358 974 non
2384 920 2588 987 possit?
2620 919 2841 973 Solutio.
2880 920 2933 971 Si
2979 922 3199 972 canonis
3228 922 3445 983 quidem

1904 1014 2065 1068 verba
2098 1022 2314 1081 accepta
2339 1013 2537 1068 fuerint
2571 1017 2636 1067 ad
2671 1017 2792 1077 lioc,
2824 1024 2880 1066 ut
2912 1016 2957 1065 is
2995 1015 3083 1081 qui
3125 1015 3283 1082 elegit
3320 1029 3445 1081 pro-

1903 1104 2072 1171 priam
2107 1104 2563 1170 subscriptionem
2588 1104 3028 1171 agnoscat,dicut
3052 1111 3229 1155 autem
3261 1113 3447 1169 postea

1901 1208 1959 1246 se
1993 1194 2269 1262 accepisse
2324 1194 2546 1260 aliquid,
2577 1194 2717 1262 quod
2752 1204 2895 1248 vetet
2946 1195 3234 1260 quaminua
3259 1192 3324 1253 is,
3356 1191 3448 1259 qui

1902 1284 2103 1338 electus
2124 1296 2228 1346 est,
2259 1285 2325 1337 ad
2376 1285 2685 1352 dignitatem
2736 1284 3084 1352 episcopalem
3128 1284 3449 1351 provehatur

1906 1390 2008 1427 non
2037 1376 2170 1428 alias
2203 1376 2517 1442 deponetur,
2551 1390 2709 1443 quam
2738 1376 2781 1429 si
2839 1376 2889 1428 in
2923 1374 3323 1443 probationibus
3359 1373 3451 1425 de-

1907 1464 2111 1517 fecerit.
2142 1462 2244 1517 Sed
2279 1466 2321 1514 si
2352 1464 2764 1532 subscriptionis
2814 1462 3166 1517 contradictio
3208 1477 3301 1528 pro
3335 1448 3452 1526 eius

1908 1552 2187 1617 negatione
2219 1562 2437 1618 accepta
2464 1552 2646 1612 luerit,
2680 1565 2737 1603 re
2772 1565 2868 1617 per
2920 1550 3217 1603 litterarum
3252 1549 3450 1615 proba-

1908 1639 2129 1702 tionem,
2188 1642 2266 1693 vel
2314 1642 2502 1708 aliquo
2551 1640 2658 1693 alio
2718 1641 2871 1693 modo
2918 1640 3191 1699 convicta,
3237 1652 3302 1691 eo
3339 1638 3452 1703 ipso

1910 1733 2227 1798 deponetur.
2261 1729 2394 1782 Nota
2426 1744 2551 1795 eigo
2594 1742 2913 1797 prasentem
2956 1742 3237 1789 eanonem,
3271 1730 3360 1795 qui
3389 1730 3455 1780 de

248 1798 560 1888 ρεθήσεται.
616 1820 924 1888 Σημείωσαι
981 1818 1074 1870 οὖν
1139 1820 1230 1869 τὸν
1301 1817 1544 1885 παρόντα
1604 1817 1802 1870 κανόνα
1836 1798 1863 1851 Ε

1906 1818 2322 1886 subscriptionis
2351 1819 2678 1873 inliciatione
2707 1820 2961 1887 loquitur,
2995 1830 3051 1870 ut
3082 1818 3210 1870 mihi
3238 1819 3457 1886 quidem

247 1911 377 1977 περὶ
433 1911 716 1976 ἀρνήσεως
767 1907 1091 1975 ὑπογραφῆς
1132 1907 1535 1975 διαλεγόμενον,
1575 1908 1650 1967 ὡς
1684 1908 1804 1974 ἐμοὶ

244 1999 415 2051 δοκεῖ.
452 1997 752 2063 ’Δνάγνωθι
804 1997 899 2048 καὶ
942 1998 1237 2064 κεφάλαιον
1281 2004 1351 2050 οε’
1396 1998 1489 2050 τοῦ
1536 1989 1801 2052 α⁸’τίτλου

245 2088 341 2140 τοῦ
392 2088 473 2157 κβ’
536 2088 739 2156 βισλίου
787 2088 893 2139 τῶν
936 2088 1260 2151 Βασιλικῶν,
1294 2092 1387 2141 καὶ
1416 2106 1538 2155 κεφ.
1570 2086 1615 2141 α’
1638 2089 1732 2140 τοῦ
1756 2094 1803 2155 γ’

244 2179 427 2231 τίτλου
458 2177 552 2229 τοῦ
582 2178 745 2229 αὑτοῦ
778 2179 1005 2246 βιϐλίον,
1036 2179 1129 2229 καὶ
1154 2180 1243 2231 τὸν
1277 2181 1396 2231 ὅλον
1431 2180 1471 2229 δ’
1502 2179 1682 2229 τίτλον
1707 2178 1803 2230 τοῦ

246 2269 413 2320 αὑτοῦ
447 2267 652 2334 βισλίου
683 2282 696 2295 ·
735 2269 825 2321 καὶ
852 2268 911 2318 τὸ
944 2266 983 2330 ξ’
1013 2285 1137 2335 κεφ.
1171 2267 1265 2319 τοῦ
1298 2268 1346 2322 α’
1382 2262 1561 2321 τίτλου
1589 2269 1689 2321 τοῦ
1721 2267 1806 2336 κγ’

245 2355 477 2423 βιϐλίου,
510 2358 603 2407 καὶ
644 2357 821 2425 μάθῃς
850 2357 997 2417 ὅπως
1028 2356 1157 2409 ποτέ
1204 2357 1303 2424 μὲν
1326 2358 1412 2411 διά
1441 2356 1806 2427 άντισυγγρά-

246 2464 385 2513 φων,
420 2448 545 2498 ποτέ
576 2448 631 2499 δέ
663 2448 748 2498 διὰ
787 2448 1081 2518 μαρτύρων
1116 2450 1427 2516 όμνυόντων
1472 2450 1751 2519 ἐλέγχεται
1776 2452 1805 2502 ό

245 2538 578 2604 ἀρνούμενος
624 2536 719 2606 τὴν
765 2538 974 2590 οίκείαν
1024 2528 1371 2607 ὑπογραφῆν,
1403 2541 1495 2590 καὶ
1544 2540 1626 2591 ὅτι
1662 2540 1805 2606 μετὰ
1855 2521 1860 2525 ’

246 2628 468 2694 ελεγχον
492 2628 519 2679 ό
550 2629 900 2697 κατακριθεὶς
946 2628 1319 2692 ἀναγκάζεται
1358 2630 1579 2696 ποιῆσαι
1606 2630 1683 2697 τῷ
1713 2630 1805 2681 άν-

246 2717 435 2783 τιδίκῳ
470 2716 546 2784 μὴ
576 2718 735 2783 μόνον
775 2719 836 2769 τὸ
876 2717 1059 2769 ίκανὺν
1089 2718 1181 2769 τοῦ
1221 2702 1613 2787 περιεχομένου
1648 2721 1704 2770 ἐν
1728 2717 1807 2787 τῷ

246 2806 512 2873 ἐγγράφῳ
562 2804 751 2870 ποσοῦ,
781 2805 915 2858 ἀλλὰ
964 2808 1058 2859 καὶ
1091 2806 1277 2875 ῑτερον
1327 2809 1602 2859 τοσοῦτον.
1643 2808 1707 2859 Ἥ
1750 2808 1808 2859 δέ

247 2892 324 2964 οβ’
358 2895 545 2960 Νεαρὰ
571 2895 664 2946 τοῦ
701 2896 961 2964 βασιλέως
994 2896 1164 2964 κυροῦ
1195 2897 1423 2967 ῥέοντος
1454 2898 1547 2948 τοῦ
1592 2897 1810 2948 Φιλοσό-

250 3004 353 3053 φου
382 2986 675 3056 διορίζεται
699 2988 809 3039 πᾶν
838 2987 1135 3054 ἔγγραφον,
1172 2992 1229 3039 ἐν
1274 2984 1317 3054 ᾦ
1350 2989 1755 3057 ἐπιγέγραπται
1779 2988 1807 3037 ό

247 3079 343 3129 τοῦ
392 3081 573 3146 τιμίου
609 3078 704 3129 καὶ
729 3078 996 3140 ζωοποιοῦ
1044 3078 1276 3147 σταυροῦ
1306 3080 1477 3141 τύπος
1507 3080 1595 3131 διὰ
1628 3083 1808 3148 χειρὸς
1834 3105 1879 3162 c

258 3166 344 3219 τοῦ
404 3167 732 3235 συνθεμένου
784 3168 937 3235 αὐτὸ,
984 3168 1128 3233 ἔχειν
1168 3167 1231 3219 τὸ
1276 3169 1496 3237 ἰσχυρὸν
1538 3168 1632 3220 καὶ
1675 3170 1810 3237 άμε-

256 3257 555 3319 τάπτωτον,
608 3256 709 3307 κάν
785 3259 882 3307 οὐκ
960 3256 1077 3309 εστι
1145 3258 1654 3326 κατησφαλισμένον
1720 3258 1808 3309 διὰ

250 3344 572 3412 προστίμου.
618 3344 727 3395 Καὶ
782 3344 1054 3410 ἀνάγνωθι
1110 3348 1211 3413 τὴν
1263 3347 1535 3414 τοιαύτην,
1566 3347 1803 3415 Νεαράν.

252 3434 361 3485 Καὶ
390 3434 714 3499 συναγαγὼν
746 3435 863 3485 είπέ
893 3435 976 3487 ὅτι
1006 3435 1065 3485 τὸ
1104 3436 1487 3504 καθαιρεῖσθαι
1534 3439 1659 3499 τοὺς
1707 3441 1807 3506 ἁρ-

252 3522 451 3591 χιερεῖς
484 3521 851 3589 ἀρνουμένους
875 3524 972 3582 τὰς
1002 3524 1060 3573 ἐν
1101 3526 1221 3584 ταῖς
1248 3525 1448 3592 ψήφοις
1482 3524 1806 3592 ὑπογραφάς

250 3614 427 3664 αὐτῶν
482 3613 647 3665 ίδικόν
703 3613 820 3663 ἐστι
870 3613 967 3666 καὶ
1021 3613 1225 3680 ὀφείλει
1254 3618 1477 3683 κρατεῖν
1522 3618 1601 3677 είς
1647 3618 1805 3668 τοῦτο

250 3705 344 3754 καὶ
386 3703 548 3771 μόνον
587 3702 647 3753 τὸ
696 3703 919 3768 φάκτον.
971 3702 1098 3755 Ἐάν
1140 3707 1253 3771 γὰρ
1293 3689 1481 3772 ῑτερον
1528 3706 1807 3773 ἔγγραφον

249 3790 418 3844 αὐτοῦ
458 3792 761 3859 ἁρνήσηται
812 3790 1110 3852 ἐπίσκοπος
1155 3790 1188 3858 ἢ
1234 3780 1519 3860 κληρικδς,
1562 3794 1634 3854 ὡς
1685 3794 1806 3862 ἐμοὶ

201 3891 209 3899 ·
251 3883 431 3944 δοκεῖ,
482 3884 545 3933 οὑ
612 3882 1114 3953 καθαιρεθήσεται,
1153 3883 1298 3949 καθά
1349 3902 1493 3948 τινες
1573 3888 1850 3955 λέγουσιν,

236 3971 668 4041 κολασθήσεται.
1234 4038 1238 4042 ,

319 4060 566 4116 ΖΩΝΔΡ.
602 4061 660 4113 '3
692 4065 952 4131 τέταρτος
986 4064 1166 4116 κανὼν
1192 4064 1289 4132 τῆς
1320 4066 1378 4118 ἐν
1404 4066 1613 4137 Νικαία
1664 4067 1813 4137 πρώ-

250 4166 350 4219 της
400 4150 621 4202 συνόδου
658 4151 763 4202 ὑπὸ
812 4153 1029 4203 πάντων
1065 4153 1172 4204 τῶν
1202 4154 1259 4204 ἐν
1295 4158 1361 4223 τῇ
1410 4157 1648 4225 ἐπαρχίᾳ
1692 4159 1813 4207 ἐπι-

252 4243 473 4294 σκόπων
503 4235 862 4303 καθίστασθαι
884 4242 1055 4309 ὁρίζει
1090 4243 1410 4295 ἐπίσκοπον.
1440 4245 1501 4295 Εί
1534 4248 1589 4297 δέ
1616 4263 1695 4308 τις
1726 4248 1811 4315 εῐη

248 4334 560 4403 δυσχέρεια.
590 4336 738 4402 τρεῖς
773 4335 1061 4385 ἐπιτοαυτὸ
1092 4336 1450 4402 συνάγεσθαι,
1501 4339 1810 4407 συμψήφων

1908 1903 2137 1962 videtur.
2197 1908 2336 1977 Lege
2372 1919 2425 1961 et
2482 1920 2640 1976 caput
2689 1908 2775 1973 75,
2820 1908 2975 1977 primi
3009 1908 3168 1971 tituli,
3209 1906 3300 1959 lib.
3344 1919 3456 1957 χχιι

1914 1997 2154 2062 Basilic.,
2181 2010 2232 2051 et
2284 2014 2402 2065 cap.
2458 1999 2509 2054 l.
2540 2000 2617 2051 tit.
2650 2000 2704 2051 5.
2751 1997 2988 2065 ejusdem
3018 1999 3159 2059 libri,
3207 2009 3259 2049 et
3289 2008 3457 2049 tomm

1904 2090 1988 2141 tit.
2020 2088 2055 2139 ι
2092 2087 2328 2153 ejusdem
2364 2089 2508 2151 libri,
2552 2098 2608 2142 et
2633 2104 2753 2157 cap.
2780 2088 2848 2141 60
2881 2087 3016 2141 tituli
3051 2088 3099 2140 1.
3144 2087 3261 2139 libri
3305 2102 3458 2145 nm,

1906 2188 1965 2232 et.
1990 2178 2137 2231 dices
2166 2182 2453 2247 quomodo,
2486 2178 2775 2245 aliquando
2796 2177 3006 2246 quidem
3035 2192 3127 2244 per
3162 2178 3458 2228 litterarum

1909 2268 2275 2332 collationem,
2301 2268 2589 2334 aliquando
2623 2278 2801 2322 autem
2854 2282 2947 2335 per
2976 2275 3141 2319 testes
3192 2264 3455 2330 iurantes,

1907 2358 2249 2410 convincitur
2276 2356 2325 2408 is
2345 2358 2433 2423 qui
2467 2367 2626 2423 negat
2654 2358 2921 2423 propriam
2947 2354 3402 2420 subscriptionem
3443 2368 3455 2403 :

1907 2454 1960 2499 et
1987 2448 2125 2512 quod
2152 2456 2266 2510 post
2289 2447 2680 2512 probationem,
2699 2447 2785 2513 qui
2805 2446 3082 2497 convictus
3101 2453 3204 2505 est,
3229 2444 3461 2512 cogitur,

1912 2553 2013 2590 non
2045 2537 2217 2589 solum
2250 2538 2558 2590 satisfacere
2582 2535 2897 2606 adversario
2918 2535 2984 2588 de
3016 2538 3313 2603 quantitate
3346 2548 3465 2600 qua:

1910 2628 1965 2681 in
2021 2628 2237 2695 scriptis
2291 2629 2617 2689 continetur,
2661 2627 2753 2683 sed
2779 2636 2833 2679 et
2866 2626 3091 2699 alterum
3128 2629 3464 2677 tantumdem

1910 2717 2137 2771 solvere.
2174 2716 2578 2785 Septuagesima
2620 2716 2852 2768 secunda
2886 2722 3062 2768 autem
3124 2714 3467 2781 imperatoris

1912 2807 2113 2859 domini
2143 2806 2338 2859 Letmia
2368 2804 2677 2871 Philosophi
2711 2805 2915 2858 novella
2962 2806 3171 2867 statuit,
3208 2814 3263 2857 ut
3292 2804 3469 2870 quod-

1912 2911 2121 2963 cunque
2174 2899 2458 2965 scriptum,
2525 2898 2578 2947 in
2639 2910 2744 2963 quo
2810 2896 3121 2949 veneranda:
3159 2905 3214 2949 et
3243 2894 3471 2948 viviﬁca

1914 2986 2093 3038 crucis
2130 2984 2297 3053 ﬁgura
2338 3001 2433 3053 per
2456 3000 2671 3038 manum
2709 2985 2825 3053 ejus
2860 2986 2951 3052 qui
2977 2986 3147 3052 ipsum
3170 2986 3473 3051 composuit

1914 3076 2112 3143 scripta
2139 3068 2240 3138 esi,
2282 3075 2490 3127 ﬁrmum
2542 3086 2595 3128 et
2624 3075 2956 3128 immutabile
2990 3083 3221 3140 maneat,
3253 3074 3466 3127 etiamsi

1918 3186 2021 3225 non
2047 3171 2117 3226 sit
2160 3171 2457 3240 adjectione
2504 3186 2678 3238 poena:
2738 3174 3022 3223 munitum.
3082 3168 3222 3234 Lege
3260 3182 3472 3236 quoque

1915 3269 2156 3319 eamdem
2187 3265 2468 3317 novellam.
2495 3264 2560 3315 Et
2590 3264 2799 3315 tandem
2830 3261 3114 3321 concludo,
3139 3264 3278 3328 quod
3305 3262 3472 3327 depo-

1915 3356 1967 3407 ni
1999 3353 2268 3405 antistites
2323 3352 2413 3420 qui
2444 3358 2655 3420 {negant
2698 3365 2824 3403 suas
2878 3351 2928 3401 in
2958 3349 3311 3402 electionibus
3342 3350 3473 3401 sub-

1916 3444 2261 3513 scriptiones,
2283 3442 2517 3510 speciale
2541 3449 2649 3503 est,
2682 3451 2737 3493 et
2762 3440 2919 3492 debet
2954 3439 3004 3489 in
3044 3438 3145 3492 hoc
3175 3438 3291 3491 solo
3329 3437 3475 3492 factu

1918 3529 2119 3585 valere.
2176 3530 2230 3584 Si
2281 3532 2423 3584 enim
2467 3531 2609 3583 aliud
2658 3544 2813 3582 suum
2876 3529 3132 3595 scriptum
3202 3531 3477 3596 negaverit

1915 3625 2200 3690 episcOpus
2222 3622 2305 3674 vel
2335 3622 2583 3681 clericus,
2636 3630 2692 3670 ut
2722 3620 2848 3674 inibi
2894 3620 3120 3683 videtur,
3173 3634 3277 3671 non
3310 3621 3477 3688 depo-

1916 3724 2093 3771 netur,
2117 3721 2173 3763 ut
2196 3711 2581 3778 dicuntaliqui,
2619 3710 2713 3763 sed
2748 3723 2812 3761 ex
2853 3708 3054 3777 legibus
3095 3725 3255 3779 supra
3290 3714 3477 3779 positis

1916 3802 2188 3866 punietur.

1925 3893 2060 3946 ἀλλὰ
2114 3896 2254 3949 κατά
2306 3900 2433 3961 τοὺς
2489 3901 2694 3954 ἄνωθεν
2746 3904 3231 3973 καταστρωθέντας
3282 3903 3480 3972 νόμους

1989 4075 2237 4133 ZONAR.
2290 4076 2641 4145 Episcopum
2714 4090 2937 4145 quartus
3009 4080 3237 4135 Nica‘nm
3290 4082 3481 4149 prima:

1922 4170 2114 4238 synodi
2150 4182 2321 4221 canon
2351 4172 2591 4222 omnium
2629 4171 2919 4239 provincia:
2962 4155 3334 4245 episcoporum
3364 4172 3483 4226 suf-

1923 4259 2093 4324 fragio
2123 4260 2559 4329 constituendum
2592 4274 2714 4315 esse
2738 4264 2999 4316 decernit.
3031 4265 3101 4315 At
3127 4264 3169 4317 si
3197 4253 3485 4331 quonimus

1924 4349 1974 4401 id
2009 4351 2119 4401 lieri
2145 4354 2332 4417 possit,
2356 4365 2515 4405 causa
2541 4351 2723 4419 aliqua
2768 4354 2983 4421 gravior
3028 4354 3296 4408 obstiterit
3318 4363 3482 4419 ,-tum

251 4420 342 4475 διά
394 4424 741 4491 γραμμάτων
794 4428 886 4475 καὶ
936 4426 1042 4477 τῶν
1091 4425 1669 4496 λοιπῶν-γινομένων,
1721 4432 1863 4496 καὶ]

1924 4454 2055 4492 vero
2091 4448 2199 4492 tres
2227 4441 2389 4493 simul
2417 4444 2733 4505 convenire,
2774 4459 2837 4496 ac
2889 4446 3097 4497 caeteris
3133 4460 3228 4511 per
3276 4445 3483 4498 litteras

251 4514 425 4575 οὕτως
452 4516 547 4597 τὴν
600 4517 934 4583 χειροτονίαν
974 4517 1237 4582 γίνεσθαι.
1287 4520 1354 4569 Ἀ
1405 4520 1583 4570 τοίνυν
1609 4524 1643 4585 ό,
1670 4524 1818 4590 εἰρη-

257 4605 420 4671 μένος
451 4604 629 4657 κανὼν
650 4605 1012 4669 διατάτῖεται,
1042 4608 1234 4669 ταῦτα,
1266 4611 1430 4674 φασιν
1453 4610 1500 4660 οί
1531 4609 1630 4677 τῆς
1662 4611 1819 4661 συνό-

256 4697 349 4747 δου
372 4698 599 4766 ταύτης,
642 4698 753 4751 δεῖν
808 4698 1171 4765 φυιαχθῆναι,
1207 4699 1280 4760 ὡς
1324 4700 1612 4767 ὁρισθέντα
1665 4704 1817 4770 παρὰ

255 4784 364 4837 τῶν
416 4787 521 4853 πρὸ
569 4787 814 4839 ἐκείνων.
846 4787 1194 4856 Χειροτονίαν
1235 4788 1278 4839 δ’
1339 4789 1574 4842 ἐνταῦθα
1611 4791 1685 4859 μὴ
1724 4791 1820 4860 τὴν

256 4876 599 4947 χειροθεσίαν
630 4880 724 4928 καὶ
755 4878 1089 4947 καθιέρωσιν
1125 4895 1370 4948 νοητεον,
1400 4881 1533 4933 ἀλλὰ
1575 4884 1673 4949 τὴν
1719 4882 1822 4951 ψῆ-

258 4988 380 5038 φον,
406 4971 491 5021 ἱνα
530 4970 605 5038 μὴ
635 4970 767 5037 δοκῇ
808 4970 1187 5023 ἐναντιοῦσθαι
1236 4972 1313 5039 τῷ
1380 4976 1579 5041 πρώτῳ
1636 4976 1821 5027 κανόνι

258 5063 365 5115 τῶν
409 5063 577 5125 ἁγίων
626 5061 969 5123 ἀποστόλων,
1042 5063 1136 5113 καὶ
1192 5064 1296 5114 ὑπὸ
1350 5054 1445 5115 δυο
1500 5067 1820 5118 ἐπισκόπων

259 5155 496 5225 ὁρίζοντι
540 5154 960 5221 χειροτονεῖσθαι
1014 5153 1335 5207 ἐπίσκοπον.
1369 5156 1555 5219 Ὅπως
1620 5158 1673 5207 δὲ
1722 5160 1821 5209 οὐκ

260 5244 621 5308 ἐναντιοῦται,
654 5244 866 5315 εἴρηται
900 5248 958 5298 έν
988 5247 1055 5315 τῇ
1091 5245 1347 5316 ἐξηγήσει
1398 5246 1493 5297 τοῦ
1528 5247 1567 5298 δ’
1604 5248 1823 5308 κανόνος

259 5335 356 5402 τῆς
388 5336 446 5387 ἐν
469 5334 676 5405 Νικαία
704 5335 926 5405 πρώτης
959 5336 1200 5401 συνόδου,
1235 5337 1270 5390 ἃ
1292 5340 1385 5392 καὶ
1417 5342 1818 5409 ἀναγνωστέον.

264 5428 651 5497 Πρωτεύοντας
695 5426 739 5479 δ’
790 5426 1027 5481 ἐνταῦθα
1073 5415 1182 5482 τῶν
1218 5432 1501 5501 ἐπαρχιῶν
1548 5432 1673 5495 τοὺς
1730 5449 1827 5501 μη-

263 5520 590 5587 τροπολίτας
614 5521 797 5588 φησὶν,
825 5517 898 5575 ὧν
934 5523 1379 5592 παραγγέλματι,
1412 5524 1580 5593 ήγουν
1613 5528 1823 5593 ἐντολῇ,

264 5630 616 5685 χειροτονειν,
639 5616 883 5667 τουτέστι
930 5616 1290 5685 ψηφίζεσθαι,
1324 5617 1471 5679 τοὺς·
1493 5618 1826 5679 ἐπισκίπους

269 5710 571 5759 ἐπίσκοπον
602 5706 970 5761 διατάττεται.
998 5708 1124 5760 Ἐὰν
1159 5709 1214 5760 δέ
1245 5725 1351 5776 τις,
1396 5709 1553 5777 φησὶ,
1581 5709 1691 5761 τῶν
1717 5710 1791 5778 ψη

1922 4533 2340 4588 assentientibus
2378 4534 2688 4603 episcopum
2717 4537 2926 4613 illorum
2956 4541 3273 4592 auctoritate
3292 4542 3474 4593 creari

1922 4625 2115 4692 placet.
2156 4624 2284 4691 Qua
2322 4628 2483 4694 igitur
2534 4629 2624 4682 illo
2676 4645 2878 4699 canone
2930 4632 3373 4698 pra-scribuntur,
3413 4648 3479 4684 ea

1926 4715 2178 4767 nimirum
2210 4731 2239 4769 a
2268 4720 2559 4783 majoribus
2585 4729 2785 4772 statuta
2817 4722 3017 4773 servari
3045 4732 3294 4786 Oportere
3328 4722 3487 4791 lmjus

1922 4805 2111 4873 synodi
2154 4804 2346 4860 Patres
2382 4807 2668 4861 allirniant.
2717 4807 3018 4861 Creationis
3052 4815 3212 4877 porto
3244 4813 3486 4872 nomine,

1924 4908 2029 4945 non
2092 4902 2345 4947 manuum
2396 4897 2667 4963 impo‘sitio
2694 4906 2746 4950 et
2776 4902 3139 4961 consectatio,-
3168 4903 3261 4952 sed
3291 4900 3487 4953 electio

1926 4985 2027 5036 hoc
2058 4984 2173 5038 loco
2202 4987 2420 5055 intelligi
2474 4989 2662 5051 debet;
2686 5001 2766 5040 .ne
2811 4990 2985 5055 primo
3008 5003 3317 5044 sanctorum
3354 5004 3481 5058 apo-

1923 5077 2184 5127 stolorum
2229 5076 2443 5137 cauoni,
2469 5077 2560 5143 qui
2606 5092 2634 5127 a
2666 5076 2873 5131 duobus
2900 5079 3163 5146 episcopis
3190 5080 3483 5132 creandum

1924 5181 2043 5221 esse
2073 5168 2380 5234 episcopum
2411 5167 2676 5233 decernit,
2712 5170 2801 5223 hic
2831 5184 3005 5224 canon
3029 5172 3333 5224 contrarius
3358 5186 3483 5225 esse

1924 5259 2283 5310 existimetur.
2312 5256 2445 5317 Nam
2475 5258 2549 5313 illi
2575 5260 2790 5327 quidem
2820 5261 2963 5313 nullo
2996 5262 3151 5313 unedo
3184 5261 3482 5327 adversari,

1928 5348 1979 5399 in
2024 5347 2382 5416 explicatione
2433 5348 2660 5402 canonis
2711 5350 2746 5403 4
2802 5349 3025 5403 Nicena:
3055 5349 3239 5419 primm
3292 5354 3477 5420 synodi

1929 5440 2461 5505 denimistravimus;
2501 5453 2555 5493 tu
2584 5457 2701 5495 eam
2751 5441 2889 5495 vide.
2946 5439 3211 5496 Priinates
3246 5455 3373 5496 vero
3396 5443 3484 5496 hic

1928 5530 2329 5598 provinciarum
2366 5569 2380 5595 ,
2445 5532 2810 5601 metropolitas
2865 5532 3128 5597 nominat,
3162 5528 3484 5601 'eoruinque

1930 5621 2201 5685 niamlato,
2258 5622 2357 5673 boc
2403 5629 2503 5686 est,
2533 5621 2709 5687 jussu,
2750 5624 2817 5676 ab
2842 5623 3105 5693 episcopis
3170 5625 3482 5685 creandum,

1934 5712 2037 5764 hoc
2061 5722 2169 5773 est,
2214 5710 2518 5778 eligendum
2549 5726 2668 5766 esse
2690 5713 2993 5781 episcopum
3022 5713 3283 5769 decernit.
3330 5711 3480 5777 Quod
