4214 6438
705 317 773 377 67
1954 313 2225 374 THEOD.
2262 314 2655 376 BALSAMON
3843 313 3911 372 68

699 426 747 478 si
785 426 929 493 quis,
984 423 1182 490 inquit,
1222 422 1477 491 snﬂ‘ragio
1523 422 1632 477 lato
1700 433 1884 492 postea
1937 422 2309 482 confessioni}

2367 427 2682 505 φισαμένων
2725 430 2820 483 καὶ
2856 428 2993 498 μετὰ
3035 426 3132 499 τὴν
3165 426 3344 495 ψῆφον
3372 424 3671 495 ἐναντιωθῇ
3700 426 3766 494 τῇ
3806 426 3911 493 ἰδιᾳ

698 530 812 569 sua:
840 522 927 565 ant
975 514 1358 579 subscriptioni
1399 513 1717 565 adversatus
1769 512 1953 573 fuerit,
2011 514 2111 566 hoc
2155 522 2258 575 est,

701 620 859 672 quem
892 604 1038 671 prius
1069 601 1355 667 episcopali
1389 602 1553 664 gradu
1587 603 1804 666 dignum
1854 600 2128 670 suffragio,
2174 603 2258 655 vel

705 698 868 748 etiam
904 693 1320 758 Subscriptione,
1345 691 1469 742 dmn
1503 692 1568 742 de
1598 705 1663 742 eo
1708 690 2110 755 decerneretur,
2162 694 2259 743 de-

712 782 959 841 claravit,
989 794 1116 832 mox
1158 781 1378 846 dignum
1434 788 1612 846 negat,
1655 790 1814 845 atque
1840 794 1868 830 a
1903 794 1959 831 se
1992 781 2101 845 ipse
2146 780 2258 832 dis-

698 872 898 935 sentit;
934 871 1047 932 ipse
1088 884 1147 922 se
1186 869 1380 921 summi
1432 869 1716 921 sacerdotii
1762 871 1963 921 honore
1993 869 2256 935 privabit,

703 965 755 1015 id
789 970 891 1027 est,
922 960 1281 1027 depositione,
1318 959 1422 1011 nisi
1469 959 1635 1021 illius,
1662 973 1820 1027 quem
1856 969 2096 1023 accusat,
2123 976 2259 1027 pro—

699 1054 825 1104 bato
856 1053 1104 1111 crimine,
1138 1048 1611 1102 condemnabitur.

700 1140 864 1210 529
889 1141 1112 1194 ARIST.
1147 1139 1411 1192 «Primate
1434 1140 1674 1206 jubente,
1701 1140 1861 1192 etiam
1892 1150 1997 1191 tres
2022 1140 2258 1205 episcopi

776 1252 793 1283 ι
832 1235 1167 1288 εοιιειὶιυυηι
1191 1234 1525 1299 episcopum.
1563 1231 1623 1283 Et
1674 1234 1766 1300 qui
1800 1247 1909 1284 sum
1932 1232 2257 1285 confessioni

774 1344 792 1374 ι
839 1324 919 1377 vel
984 1324 1365 1391 snbscriptioni
1420 1323 1759 1387 adversatur,
1810 1332 2001 1391 suopte
2056 1322 2259 1391 judicio

772 1431 789 1463 ι
831 1412 1036 1466 honore
1074 1412 1396 1478 privabitur.
1432 1429 1452 1461 ι

767 1502 993 1566 Omnes,
1032 1502 1079 1555 si
1115 1501 1228 1554 ﬁeri
1258 1510 1451 1567 potest,
1486 1503 1773 1568 provinciae
1808 1504 2040 1570 episcopi
2085 1504 2261 1555 adsint

698 1607 918 1646 necesse
942 1601 1046 1653 est,
1096 1592 1310 1659 quando
1378 1592 1431 1643 in
1482 1594 1798 1645 vacantibus
1865 1594 2259 1659 episc0patibu3

697 1685 933 1755 episcopi
983 1693 1109 1735 sunt
1167 1684 1436 1751 eligendi;
1477 1684 1928 1751 quemadmodum
1962 1694 2013 1737 et
2066 1695 2259 1751 quarto

697 1776 887 1842 synodi
918 1773 1153 1827 Nicaanaa
1184 1777 1376 1827 canoni
1414 1776 1585 1828 visum
1635 1786 1738 1835 est,
1770 1785 1824 1827 et
1858 1776 2258 1827 undevicesimo

698 1860 1077 1916 Autioclteum.
1144 1863 1197 1915 Si
1251 1864 1351 1915 hoc
1410 1874 1588 1915 autem
1659 1861 1870 1915 dillicile
1924 1860 2108 1923 fuerit,
2167 1873 2261 1912 aut

696 1960 909 2016 pr0ptcr
942 1952 1037 2003 viae
1087 1952 1497 2018 longitudinem,
1555 1961 1644 2003 aut
1695 1953 1850 2003 aliam
1884 1966 2258 2018 quamcunque

695 2043 1099 2106 necessitatem,
1151 2054 1259 2097 tres
1296 2044 1484 2096 saltem
1532 2044 1678 2111 jussu
1714 2056 1765 2097 et
1815 2044 2081 2096 sententia
2144 2058 2257 2094 me-

700 2134 1007 2200 erpolitani
1040 2136 1119 2186 sui
1154 2136 1469 2189 electionein
1496 2134 1713 2197 facient,
1747 2136 2063 2189 absentibus
2096 2136 2257 2187 etiam

695 2234 789 2285 per
839 2223 1045 2275 litteras
1078 2238 1402 2276 consensum
1449 2239 1603 2275 suum
1637 2223 2017 2289 praebentibus.
2051 2221 2105 2273 Si
2138 2222 2258 2288 quis

696 2324 875 2367 autem
938 2317 1228 2382 episcopus
1274 2314 1557 2367 confessus
1608 2315 1788 2375 fuerit,
1825 2324 1877 2366 et
1906 2312 2255 2366 allirmaverit

694 2406 995 2472 quempiam
1032 2406 1373 2470 episcopatus
1412 2406 1578 2471 gradu
1604 2405 1822 2470 (lignum
1852 2420 2009 2468 esse;
2067 2403 2258 2456 deinde

695 2504 876 2547 autent
915 2507 1009 2560 per
1045 2494 1349 2562 passimiem
1387 2494 1624 2559 aliquam
1681 2508 1791 2546 sua:
1825 2493 2145 2545 confessioni
2177 2491 2259 2545 vel

696 2586 1082 2652 subscriptioui
1114 2586 1436 2637 adversatus
1466 2586 1648 2648 fuerit,
1684 2592 1738 2636 et
1768 2599 1889 2636 eum
1920 2583 2009 2651 qui
2045 2584 2111 2635 ab
2145 2582 2261 2649 ipso

694 2678 906 2731 electus
960 2676 1081 2739 fuit,
1126 2677 1402 2743 indignmn
1435 2675 1773 2737 vocitaverit,
1806 2689 1929 2727 cum
1964 2688 2068 2726 non
2114 2674 2263 2739 igno-

693 2770 829 2822 ravit
883 2769 1049 2821 etiam
1123 2777 1269 2832 ante,
1334 2768 1508 2834 qualis
1562 2767 1683 2829 fuit,
1726 2782 1822 2820 suo
1849 2768 2052 2820 honore
2081 2767 2262 2833 priva-

696 2862 858 2912 bitur.
889 2862 953 2912 Et
991 2862 1076 2913 lex
1103 2862 1245 2913 enim
1284 2876 1376 2914 eos
1398 2900 1412 2923 ,
1444 2862 1532 2928 qui
1581 2860 1910 2913 mendaciter
1941 2839 2008 2913 et.
2044 2859 2263 2911 sibimet

694 2952 970 3003 contrario
1034 2952 1211 3003 testati
1248 2962 1394 3013 sunt,
1457 2966 1550 3017 per
1606 2952 1975 3017 magistratus,
2040 2949 2130 3015 qui
2177 2947 2263 3015 ju-

2361 515 2621 584 ὁμολογίᾳ
2674 518 2705 586 ἥ
2742 522 2808 587 τῇ
2848 520 3163 586 ὑπογραφῇ,
3202 518 3367 585 ήγουν
3421 517 3515 567 ἐὰν
3561 514 3913 582 ὡμολόγησαν

2358 604 2504 667 ἄξιον
2536 601 2675 656 εἶναι
2708 606 2953 672 γίνεσθαι
2979 604 3295 662 ἐπίσκοπον,
3331 602 3361 669 ἦ
3395 602 3715 668 ὑπέγραψεν
3741 602 3800 651 ἐν
3830 597 3908 666 τῷ

2363 697 2491 761 περὶ
2540 695 2749 747 ἐκείνου
2785 696 3124 763 ψηφίσματι,
3159 691 3351 744 τοῦτον
3398 691 3537 757 μετὰ
3566 689 3741 741 ταῦτα
3779 688 3917 757 λέγῃ

2364 785 2436 853 μὴ
2463 782 2600 838 εἶναι
2639 786 2807 849 ἄξιον,
2839 785 2934 836 καὶ
2959 783 3272 836 ἐναντιῶται
3298 781 3462 842 αὐτος
3502 779 3697 846 ἐαυτῷς
3721 779 3914 829 ἐαυτὸν

2361 876 2721 943 ἀποστερήσει
2747 877 2843 942 τῆς
2888 871 3283 941 ἀρχιερατικῆς
3312 870 3499 937 τιμῆς,
3531 868 3782 919 τουτέστι
3816 883 3915 918 κα-

2361 966 2757 1033 θαιρεθήσεται,
2795 966 2869 1033 μὴ
2894 963 3217 1022 ἀποδεικνὺς
3246 960 3307 1012 τὸ
3334 959 3473 1013 κατὰ
3501 957 3594 1010 τοῦ
3625 954 3912 1009 διαϐαλλο-

2364 1056 2523 1121 μένου
2556 1055 2831 1123 αἰτίαμα..

2360 1145 2581 1198 ΑΡΙΣΤ.
2674 1164 2692 1196 ι
2756 1144 2861 1196 Τοῦ
2920 1140 3293 1213 πρωτεύοντος
3354 1137 3754 1201 ἐπιτάττοντος,
3810 1138 3909 1189 καὶ

2433 1254 2451 1286 ι
2498 1238 2646 1304 τρεῖς
2679 1235 2968 1287 ἐπίσκοποι
3015 1231 3350 1284 καθιστῶσιν
3382 1227 3683 1281 ἐπίσκοπον
3708 1242 3724 1259 ο
3754 1226 3848 1277 καὶ
3889 1224 3920 1275 ό

2434 1342 2453 1375 ι
2497 1327 2560 1393 τῇ
2596 1324 2773 1392 οἰκείᾳ
2813 1322 3073 1390 ὁμολογίᾳ
3107 1320 3140 1389 ἥ
3176 1319 3469 1387 ὑπογραφῇ
3502 1315 3919 1381 ἐναντιούμενος

2427 1436 2445 1467 ι
2490 1415 2700 1468 οἴκοθεν
2731 1415 2842 1477 ἐξει
2871 1414 2928 1465 τὸ
2954 1413 3169 1481 ἄτιμον.
3215 1429 3234 1461 ι

2429 1507 2640 1567 Πάντας
2676 1506 2774 1573 μὲν
2800 1506 2905 1573 χρὴ
2929 1504 3210 1572 παρεῖναι,
3240 1501 3287 1553 εἰ
3319 1493 3563 1562 δυνατὸν,
3601 1496 3703 1562 τῆς
3742 1497 3921 1564 ἐπαρ-

2361 1601 2481 1670 χίας
2516 1599 2643 1658 τοὺς
2692 1596 3045 1657 ἐπισκόπους,
3083 1594 3171 1645 ὅτε
3205 1592 3391 1657 μέλλει
3430 1586 3689 1657 γενέσθαι
3736 1585 3922 1654 ψῆφος

2360 1689 2663 1740 ἐπισκόπου
2705 1688 2762 1736 ἐν
2791 1686 2911 1747 ταῖς
2944 1685 3306 1751 χηρευούσαις
3340 1680 3699 1739 ἐπισκοπαῖςο
3739 1673 3923 1736 καθὼς

2362 1783 2456 1832 καὶ
2490 1778 2566 1845 τῷ
2596 1776 2843 1843 τετάρτῳ
2883 1773 3071 1824 κανόνι
3107 1771 3203 1837 τῆς
3234 1773 3292 1821 ἐν
3323 1768 3527 1836 Νικαίᾳ
3571 1764 3791 1817 συνόδου
3834 1763 3923 1815 δο-

2358 1874 2465 1929 κεῖ,
2496 1872 2589 1921 καὶ
2635 1867 2709 1936 τῷ
2757 1864 3223 1931 ἐννεακαιδεκάτῳ
3273 1860 3370 1927 τῆς
3410 1860 3470 1911 ἐν
3504 1854 3841 1923 Ἀντιοχείᾳ·
3873 1853 3923 1904 εἰ

2359 1963 2413 2014 δὲ
2444 1961 2700 2030 δυσχερὲς
2749 1958 2927 2019 τοῦτο,
2961 1959 2992 2026 ἢ
3028 1956 3116 2008 διὰ
3172 1955 3344 2022 μῆκος
3394 1949 3595 2017 όδοῦ,ἢ
3628 1946 3695 2000 δι’
3733 1944 3927 2014 ἑτέραν

2360 2053 2480 2105 τινὰ
2509 2052 2782 2120 ἀνάγκην,
2822 2050 2969 2118 τρεῖς
2996 2046 3097 2098 κᾶν
3132 2045 3191 2096 τδ
3226 2043 3507 2110 ἐλάχιστον
3558 2038 3795 2104 ἐπιταγῇ
3832 2034 3930 2087 καὶ

2360 2143 2556 2212 γνώμῃ
2584 2141 2678 2193 τοῦ
2713 2137 3113 2209 μητροπολίτου
3137 2134 3317 2186 αὐτῶν
3339 2136 3437 2201 τὴν
3465 2132 3646 2199 ψῆφον
3677 2128 3931 2187 ποιήσου·

2366 2253 2440 2297 σι,
2502 2234 2809 2302 συμψήφων
2852 2229 3157 2297 γινομένων
3208 2227 3305 2276 καὶ
3362 2223 3474 2274 τῶν
3520 2222 3774 2272 ἀπόντων
3841 2213 3932 2266 διὰ

2364 2325 2734 2394 γραμμάτων.
2766 2321 2829 2373 Εἴ
2858 2338 2940 2381 τις
2973 2320 3027 2369 δὲ
3078 2318 3185 2369 τῶν
3245 2314 3567 2367 ἐπισκόπων
3603 2306 3934 2394 ὁμολογήσει

2365 2419 2460 2468 καὶ
2507 2411 2963 2467 διαϐεϐαιώσεταί
3018 2426 3143 2461 τινα
3190 2406 3338 2469 ἄξιον
3390 2403 3530 2457 εἶναι
3574 2401 3669 2453 τοῦ
3718 2393 3931 2467 βαθμοῦ

2362 2506 2461 2574 τῆς
2512 2504 2861 2572 ἐπισκοπῆς⁸
2905 2498 3025 2553 εἷτα
3080 2500 3170 2552 διά
3222 2516 3275 2549 τι
3335 2495 3506 2555 πάθος
3559 2490 3823 2547 ἐναντίως
3866 2487 3935 2554 τῇ

2365 2599 2626 2666 ὁμολογίᾳ.
2664 2594 2832 2648 αὐτοῦ
2865 2594 2896 2662 ἢ
2934 2595 3000 2661 τῇ
3051 2590 3345 2658 ὑπογραφῇ
3373 2586 3633 2655 χωρήσει,
3677 2582 3773 2633 καὶ
3812 2577 3943 2631 ἀνά·
4017 2586 4023 2591 ”

2367 2686 2478 2751 ξιον
2510 2686 2699 2737 τοῦτον
2731 2684 2821 2735 τὸν
2865 2684 2997 2748 παρ’
3049 2679 3213 2732 αὑτοῦ
3246 2676 3567 2743 ἐπιλεγέντα
3615 2670 3833 2736 καλοίη.
3863 2667 3942 2737 μὴ

2364 2776 2735 2846 ἀγνοούμενον
2774 2773 2905 2842 παρ’
2934 2770 3099 2823 αὑτοῦ
3132 2769 3225 2821 καὶ
3264 2767 3458 2836 πρώην
3496 2767 3679 2825 ὁποῖος
3710 2756 3798 2831 ἦν,
3837 2756 3941 2827 τῆς

2362 2868 2571 2929 οἰκείας
2624 2866 2789 2937 τιμῆς
2848 2862 3389 2933 ἀποστερηθήσεται.
3442 2859 3552 2910 Καὶ
3609 2856 3719 2923 γὰρ
3772 2852 3865 2905 καὶ
3910 2851 3943 2903 δ

2366 2960 2532 3027 νόμος
2573 2959 2701 3018 τοὺς
2754 2956 2967 3023 ψευδῶς
3019 2955 3049 3022 ἦ
3087 2952 3345 3011 ἐναντίως
3386 2949 3601 3009 ἐαυτοῖς
3658 2942 3943 3014 μαρτυρήο

692 3043 1062 3095 risdictiouem
1108 3045 1342 3107 habent,
1399 3046 1572 3111 ptenis
1626 3044 1862 3111 subjicit,
1910 3052 1966 3093 ut
1995 3041 2309 3128 decimnm‘

2372 3066 2572 3108 σαντας
2626 3047 2716 3098 διά
2783 3046 2892 3096 τῶν
2952 3043 3282 3111 προσφόρων
3347 3039 3624 3107 ἀρχόντων
3683 3034 3939 3102 τιμωρεῖ,

692 3140 943 3200 quartum
979 3134 1139 3201 primi
1193 3134 1330 3187 tituli
1381 3134 1616 3187 vicesimi
1660 3133 1815 3187 primi
1846 3132 1965 3185 libri
1999 3138 2155 3197 caput
2184 3128 2270 3196 ju-

690 3225 799 3278 bet.

1272 3395 1501 3449 CANON
1538 3395 1678 3447 XIV.

699 3507 718 3540 ι
762 3487 831 3543 Ut
864 3504 1004 3542 unus
1048 3504 1113 3542 ex
1143 3487 1345 3557 Tripoli
1375 3490 1663 3554 episcopus
1713 3487 1767 3540 in
1816 3488 2139 3555 legationem
2172 3502 2265 3539 ve~

774 3598 794 3628 ε
832 3581 946 3633 niat.
979 3598 991 3633 :
1020 3590 1073 3633 et
1125 3590 1182 3633 ut
1214 3581 1493 3647 presbyter
1524 3578 1631 3629 illic
1681 3592 1708 3629 a
1744 3581 1982 3645 quinque
2020 3580 2269 3630 audiatur

770 3689 786 3720 ι
829 3670 1120 3738 episcopis.
1156 3670 1418 3722 Similiter
1464 3668 1717 3735 placuita
1766 3668 1992 3733 Tripoli,
2054 3678 2269 3736 propter

773 3780 791 3810 ι
837 3762 1071 3829 regionis
1127 3761 1384 3827 inopiam,
1444 3775 1607 3811 unum
1659 3759 1969 3825 epismipum
2033 3758 2084 3811 in
2122 3762 2269 3825 legat-

776 3870 794 3902 ι
834 3852 1034 3904 tionem
1072 3850 1275 3913 venire.
1306 3860 1362 3902 et
1413 3858 1472 3900 ut
1526 3848 1811 3917 presbyter
1846 3848 1952 3900 illic
1981 3862 2008 3898 a
2037 3848 2271 3915 quinque

777 3962 795 3992 ο
845 3943 1114 4010 episcopis
1153 3942 1422 4001 audiatur,
1476 3949 1531 3992 et
1584 3939 1844 3990 diaconus
1906 3951 1935 3987 a
1988 3937 2179 3996 tribus,
2216 3945 2272 3989 ut

778 4054 795 4083 ‹
841 4032 1091 4098 superius
1124 4030 1323 4081 dietnm
1354 4038 1461 4090 est,
1515 4028 1732 4095 proprio
1771 4025 1979 4078 scilicet
2018 4024 2271 4093 episcopo

778 4141 795 4172 ι
828 4122 1174 4189 praesidente.
1210 4136 1227 4167 ι

778 4303 974 4357 BALS.
1005 4301 1102 4355 Est
1139 4301 1300 4354 etiam
1335 4300 1390 4353 in
1425 4299 1607 4354 Africa
1634 4297 1903 4367 Tripolis;
1928 4306 1982 4350 et
2014 4298 2267 4365 quoniam

2373 3138 2557 3200 καθὼς
2605 3137 2665 3188 τὸ
2716 3134 3287 3204 τεσσαρακαιδέκατον
3320 3129 3619 3197 κεφάλαιον
3658 3126 3752 3177 τοῦ
3787 3124 3941 3191 πρώ-

2371 3248 2465 3282 του
2502 3229 2683 3281 τίτλου
2728 3225 2822 3278 τοῦ
2878 3222 3129 3279 εἰκοστοῦ
3188 3221 3409 3293 πρώτου
3460 3219 3667 3288 βιὸλίου
3712 3213 3946 3281 διαλαμ-

2372 3319 2546 3372 δάνει.

2964 3403 3204 3457 ΚΑΝΩΝ
3246 3399 3343 3454 ΙΔ’.

2380 3520 2398 3550 ι
2440 3501 2603 3552 Ὥστε
2629 3500 2736 3551 ἀπὸ
2765 3497 3081 3565 Τριπόλεως
3117 3495 3215 3546 ἕνα
3250 3493 3547 3544 ἐπίσκοπον
3586 3506 3665 3553 et;
3714 3507 3947 3558 τοποτη-

2448 3611 2465 3642 ι
2515 3594 2711 3661 ρησίαν
2769 3589 2979 3655 ἐλθεῖν;
3067 3589 3161 3640 καὶ
3226 3586 3366 3637 ὥστε
3456 3584 3546 3636 τὸν
3604 3581 3946 3652 πρεσδύτερο

2452 3702 2467 3732 ι
2520 3684 2727 3734 νὲκεῖσε
2816 3679 2921 3731 ὑπὸ
3011 3678 3174 3730 πέντε
3263 3674 3560 3727 ἀκούεσθαι
3611 3670 3943 3723 ἐπισκόπων.

2442 3792 2460 3822 ι
2518 3771 2750 3839 Ὁμοίως
2798 3771 2992 3839 ἤρεσεν
3046 3769 3151 3820 ἀπὸ
3202 3766 3521 3837 Τριπόλεως
3569 3764 3657 3815 διὰ
3696 3764 3795 3830 τὴν
3845 3760 3947 3829 τῆς

2449 3881 2466 3912 ι
2514 3862 2696 3931 χώρας
2730 3861 2938 3912 ἔνδειαν
2982 3860 3076 3911 ἕνα
3108 3858 3403 3911 ἐπίσκοπον
3438 3858 3515 3914 εἰς
3544 3854 3947 3923 τοποτηρησίαν

2449 3968 2466 3999 ι
2512 3949 2705 4009 ἐλθεῖν,
2769 3948 2863 3999 καὶ
2945 3946 3031 3997 ἵνα
3087 3950 3114 3997 ό
3172 3946 3547 4015 πρεσϐύτερος
3602 3944 3783 3995 ἐκεῖσε
3840 3940 3948 3993 ὑπὸ

2454 4061 2470 4090 ι
2521 4040 2684 4092 πέντε
2723 4040 2989 4108 ἀκούηται
3048 4039 3384 4102 ἐπισκόπων,
3419 4038 3515 4090 καὶ
3560 4036 3805 4097 διάκονος
3840 4033 3948 4085 ὑπὸ

2450 4152 2466 4183 ι
2512 4131 2800 4201 τριῶν.ὼς
2850 4132 3109 4199 ἀνωτέρω
3162 4130 3401 4199 εἴρηται.
3455 4128 3550 4181 τοῦ
3598 4127 3729 4180 ἰδίου
3779 4122 3946 4178 αὑτοῦ

2447 4242 2466 4272 r
2513 4221 3089 4291 ἐπισκόπουδηλονότι
3128 4219 3577 4288 προκαθημένου.
3620 4236 3639 4268 ι

2451 4313 2646 4365 ΒᾹΛΣ.
2680 4312 2835 4364 Ἐστι
2892 4314 2987 4362 καὶ
3032 4314 3088 4363 ἐν
3137 4314 3202 4379 τῇ
3239 4314 3476 4381 Ἀφρικῇ
3528 4311 3819 4379 Τρίπολις·
3852 4316 3950 4368 καὶ

700 4399 752 4447 in
785 4412 845 4448 ea
879 4404 1033 4449 erant
1059 4395 1213 4462 pauci
1245 4397 1507 4462 episc0pi,
1532 4392 1722 4445 statuit
1755 4391 2014 4460 synodus,
2045 4400 2102 4441 ut
2133 4402 2273 4443 unus
2304 4388 2309 4439 ἶ

2378 4407 2500 4457 ἐπεὶ
2530 4410 2674 4475 ήσαν
2725 4406 2781 4455 ἐν
2829 4405 2965 4474 αὐτῇ
3002 4404 3174 4470 ὀλίγοι
3208 4404 3528 4470 ἐπίσκοποι,
3560 4404 3760 4473 ὥρισεν
3790 4406 3823 4475 ή
3860 4406 3958 4457 σύ-

701 4488 916 4551 quidem
947 4485 1092 4535 illinc
1140 4485 1390 4536 mittatur
1434 4485 1639 4551 legatus
1667 4484 1732 4534 ad
1759 4482 2157 4534 anniversarias
2187 4495 2274 4548 sy-

705 4575 913 4624 nudos:
948 4585 977 4623 a
1025 4572 1262 4638 quinque
1300 4581 1477 4622 autem
1529 4571 1820 4636 episcOpis.
1874 4581 2092 4638 propter
2134 4570 2273 4621 anti-

703 4663 889 4716 stitum
924 4662 1274 4728 paucitatem,
1309 4661 1681 4713 examinentur
1711 4675 1886 4712 causa:
1934 4661 2273 4712 sacerdotum

704 4754 1035 4816 cniuiiualcs,
1103 4763 1157 4805 et
1228 4767 1256 4803 a
1324 4751 1495 4803 tribus
1559 4751 1909 4802 diaconormn
1968 4751 2100 4802 ultra
2158 4751 2276 4804 illos

704 4844 996 4912 episcopis,
1034 4845 1133 4895 sub
1164 4842 1362 4909 quibus
1402 4851 1527 4895 sunt
1564 4840 1889 4908 litigatores,
1930 4842 2272 4905 praesidenti-

704 4937 825 4989 bns.
886 4936 1063 4999 Quare
1123 4945 1248 4987 nota
1295 4949 1360 4987 ex
1426 4936 1528 4988 hoc
1584 4946 1799 5001 quoque
1857 4946 2083 4993 canone,
2138 4932 2277 4999 quod

704 5029 965 5093 episcopi,
1022 5029 1219 5092 quibus
1278 5028 1508 5095 subjecti
1545 5035 1675 5079 sunt
1730 5026 2052 5092 litigatores,
2084 5023 2278 5076 debent

706 5133 827 5171 esse
880 5118 1017 5171 ultra
1077 5120 1381 5180 duodecim,
1442 5134 1535 5171 sex
1585 5128 1640 5171 et
1692 5128 1801 5171 tres
1852 5116 2183 5181 conjudices.
2216 5113 2280 5165 Et

706 5211 847 5275 quod
899 5211 944 5262 si
1004 5224 1117 5263 non
1187 5210 1257 5260 sit
1317 5209 1691 5275 episcoporum
1732 5209 1931 5274 inopia,
1988 5206 2169 5274 plures
2200 5206 2273 5257 his

707 5301 944 5368 episcopi
1004 5300 1204 5352 debent
1256 5312 1452 5351 causas
1514 5314 1722 5363 eorum,
1778 5298 1868 5366 qui
1903 5307 2028 5358 sunt
2060 5297 2255 5350 sacrati
2306 5294 2309 5295 ⁷

704 5405 1054 5458 cognoscere.

790 5684 1032 5742 ZONAR.
1075 5685 1333 5752 Tripolim
1372 5682 1513 5736 illam
1552 5696 1669 5750 qua:
1707 5681 1759 5734 in
1789 5681 1970 5734 Africa
2005 5682 2271 5752 intelligit.

2377 4499 2543 4563 νοδος,
2574 4498 2669 4550 ἕνα
2714 4498 2812 4566 μὲν
2843 4497 3164 4564 πέμπεσθαι
3215 4497 3425 4549 ἐκεῖθεν
3457 4514 3660 4566 τοποτη
3675 4498 3847 4567 ρητὴν
3873 4504 3955 4560 είς

2375 4590 2473 4651 τὰς
2518 4589 2767 4657 ἐτησίους
2809 4590 3060 4650 συνόδους
3086 4605 3099 4619 ·
3142 4588 3249 4639 ὑπὸ
3279 4589 3441 4640 πέντε
3502 4588 3557 4640 δὲ
3605 4588 3945 4651 ἐπισκόπων,

2375 4680 2462 4731 διὰ
2506 4680 2606 4748 τὴν
2664 4677 2958 4745 ὀλιγότητα
3007 4676 3117 4729 τῶν
3147 4675 3475 4745 ἀρχιερέων,
3516 4674 3801 4746 τηρεῖσθαι
3855 4676 3956 4735 τάς

2378 4770 2791 4839 ἐγκληματικὰς
2825 4769 2933 4820 τῶν
2962 4768 3155 4837 ἰερέων
3190 4767 3501 4830 ὑποθέσεις,
3536 4769 3628 4819 καὶ
3650 4766 3755 4819 ὑπὸ
3783 4768 3952 4837 τριῶν

2381 4863 2479 4923 τὰς
2530 4862 2639 4912 τῶν
2689 4863 2989 4921 διακόνων,
3053 4860 3376 4927 ὀφειλόντων
3434 4864 3688 4913 ἐπέκεινα
3748 4860 3956 4911 τούτων

2382 4952 2766 5022 προκαθῆσθαι
2794 4954 2888 5003 καὶ
2933 4953 3043 5003 τῶν
3077 4952 3415 5015 ἐπισκόπων,
3456 4951 3547 5018 ὑφ’
3586 4950 3679 5012 οὒς
3716 4953 3766 5002 οἰ
3798 4950 3954 5002 δικα-

2387 5045 2605 5111 ζόμενοι
2636 5044 2942 5095 τάττονται.
2972 5043 3139 5095 Ὥστε
3169 5042 3478 5112 σημείωσαι
3507 5046 3599 5094 καὶ
3629 5040 3738 5093 ἀπὸ
3761 5042 3954 5094 τούτου

2382 5133 2464 5183 ὃτι
2494 5132 2541 5182 οἰ
2580 5132 2889 5195 ἐπίσκοποι,
2920 5132 2967 5183 οἰ
3012 5131 3229 5200 ἔχοντες
3269 5130 3357 5198 ὑφ’
3389 5133 3616 5194 ἑαυτοὺς
3646 5132 3770 5193 τοὺς
3802 5130 3956 5182 δικα-

2386 5223 2669 5291 ζομένους,
2696 5224 2955 5275 ἐπέκεινα
2986 5223 3297 5290 ὀφείλουσιν
3330 5218 3469 5277 εἶναι
3502 5226 3600 5293 τῆς
3630 5223 3953 5284 δωδεκάδος,

2385 5318 2481 5383 τῆς
2522 5317 2833 5381 ἑξάδοςκαὶ
2879 5317 2979 5383 τῆς
3021 5315 3242 5384 τριάδος
3269 5316 3377 5367 τῶν
3415 5314 3807 5368 συνδικαστῶν.
3842 5316 3956 5369 Καὶ

2388 5411 2490 5472 ὅτι,
2524 5408 2731 5468 ἐνδείας
2767 5408 2842 5476 μὴ
2888 5406 3053 5477 ούσης
3086 5408 3424 5470 ἐπισκόπων,
3461 5408 3706 5464 πλείονες
3748 5408 3956 5460 τούτων

2394 5500 2683 5550 ἐπίσκοποι
2720 5498 2997 5565 δ’ρείλουσι
3031 5500 3219 5566 τηρεῖν
3254 5500 3349 5560 τὰς
3379 5498 3663 5560 ὑποθέσεις
3712 5497 3817 5550 τῶι
3865 5499 3957 5548 ἰε-

2391 5593 2667 5658 ρωμένων.

2461 5681 2697 5732 ΖΩΝΛΡ.
2726 5678 2986 5744 Τρίπολιν
3011 5681 3107 5743 τὴν
3140 5679 3197 5735 ἐν
3245 5680 3475 5750 ’Δφρικῇ
3509 5679 3675 5749 λέγει.
3710 5675 3818 5732 Ἦν
3847 5679 3958 5749 γὰρ
