4214 6438
250 374 330 440 139
1322 384 1404 446 1N
1442 385 1601 445 CAN.
1643 386 1741 447 XV
1776 384 1981 447 CONC.
2026 385 2399 447 CARTHAG.
3387 392 3460 453 70

251 489 416 540 κάκεῖ
462 488 744 559 Τρίπολις,
789 490 919 544 ἔνθα
956 491 1125 558 ὀλίγοι
1168 489 1306 563 ἦσαν
1352 494 1667 548 ιπίσκοποι.
1718 492 1885 552 ΔιδΛ

1786 492 1885 552 ΒΛ
1915 491 2046 547 Erat
2097 496 2362 562 siquidem
2394 497 2445 549 in
2477 510 2537 550 ea
2572 512 2780 566 quoque
2843 499 3055 566 regione
3110 498 3360 567 Tripolis,
3398 505 3450 556 in

250 577 348 630 καὶ
399 580 498 631 ινα
544 582 929 652 τοποτηρητὴν
988 585 1186 653 ὥρισεν
1235 585 1267 652 ἡ
1322 584 1535 646 σύνοδος
1593 585 1805 638 εκείθεν

252 666 602 732 πέμπεσθαι·
647 670 735 721 διὰ
786 671 845 723 δὲ
894 671 995 740 τὴν
1037 672 1207 741 αὐτὴν
1260 674 1441 725 αίτίαν
1492 673 1590 725 καὶ
1644 674 1805 725 πέντε

250 756 585 819 ιπισκόπους
640 762 831 827 ἀρκεῖν
903 761 1275 814 διετυπώσατο
1329 764 1409 820 είς
1460 763 1523 815 τδ
1585 763 1806 815 δικασαι

252 844 653 915 πρεσϐύτερον,
686 848 1107 916 προκαθημένου
1137 850 1231 901 τοῦ
1269 851 1591 913 ἑπισκόπου,
1618 851 1710 914 ὑφ’
1746 850 1807 903 δν

250 933 512 987 τέτακται
535 937 562 986 ὀ
590 936 943 1004 δικαζόμενος
972 937 1360 1007 πρεσϐύτερος,
1378 938 1517 992 ὥστε
1549 938 1619 999 ιε
1645 940 1807 993 πάλιν

247 1016 393 1075 sint
418 1025 545 1085 τοὺς
572 1024 971 1094 διαγνώμονας.

248 1197 477 1251 ΔΡΙΣΤ.
543 1217 562 1249 t
613 1199 712 1252 Διὰ
758 1200 859 1269 τὴν
905 1201 988 1265 εις
1036 1202 1299 1271 Τρίπολιν
1339 1204 1450 1258 τῶν
1492 1205 1808 1259 ιπισκόπων

325 1304 348 1337 ε
394 1288 598 1340 ενδιιαν
648 1289 740 1341 καὶ
793 1285 875 1351 εἷς
928 1290 1221 1356 ἐπίσκοπος
1269 1296 1350 1355 είς
1401 1295 1809 1365 τοποτηρησίαν

322 1396 352 1428 r
384 1380 669 1448 ἑπάρκιος.
703 1396 722 1430 ι

317 1466 380 1518 οι
417 1469 515 1533 μὲν
546 1467 694 1519 ἄλλοι
740 1468 847 1519 τῶν
878 1469 1159 1537 ιπαρχιῶν
1204 1470 1458 1539 πρόεδροι
1498 1470 1590 1523 δύο
1633 1471 1666 1539 ἢ
1714 1471 1808 1524 καὶ

250 1558 505 1619 πλείονας
578 1559 909 1620 ἐπισκόπους
993 1560 1372 1627 τοποτηρητὰς
1458 1561 1806 1626 mmmam

249 1644 587 1713 ὡρίσθησαν.
645 1646 737 1697 καὶ
793 1647 1142 1699 ἁποστᾶλλειν
1198 1650 1397 1709 αὐτοὺς
1447 1649 1507 1699 ιν
1562 1653 1627 1718 τῇ
1680 1650 1805 1703 κατ’

250 1734 501 1786 ινιαυτὸν
531 1735 731 1804 συνόδῳ
764 1738 821 1788 ιν
873 1738 1181 1806 Καρχηδόνι
1205 1755 1220 1769 ο
1257 1739 1365 1791 ἀπὸ
1406 1740 1462 1791 δὲ
1494 1741 1809 1807 Τριπόλεως

1913 594 2015 645 qua
2043 582 2412 649 episcOporutn
2428 598 2683 636 numerus
2707 600 2835 637 sane
2848 585 3199 651 exiguusl'uit.
3224 586 3457 641 Proinde

1911 673 1963 715 et
1990 680 2153 717 unum
2201 681 2264 719 ex
2294 681 2356 719 eo
2387 668 2502 720 loco
2533 669 2761 734 legatum
2803 675 3006 737 synodo
3059 674 3310 725 destinari
3345 675 3458 740 pla-

1918 754 2049 815 cuit,
2090 764 2145 806 et
2202 758 2438 807 eamdem
2487 757 2556 809 ob
2602 772 2844 819 causam,
2906 774 3008 810 non
3046 764 3267 826 amplius
3298 778 3458 830 quam

1911 840 2151 905 quinque
2172 843 2471 908 episcopos,
2492 857 2577 908 eo,
2605 846 2687 897 cui
2717 845 2988 910 subjectus
3010 856 3091 899 est
3143 862 3281 913 reus,
3316 865 3462 916 qua:-

1913 928 2070 982 ationi
2106 930 2377 996 prwlecto,
2407 947 2529 983 cum
2574 948 2680 1000 quo
2717 948 2809 986 set
2862 934 3105 987 videlicet
3158 940 3461 1003 cognitores

1915 1019 2335 1084 constituantur,
2366 1021 2419 1072 in
2445 1022 2745 1075 sacerdotis
2780 1038 2942 1075 causa
2976 1024 3184 1089 judicea
3215 1042 3464 1081 necessa-

1914 1106 1996 1157 rio
2024 1106 2357 1160 adhibendos
2386 1123 2507 1163 esse
2530 1111 2791 1163 decernit.

1916 1193 2138 1248 ARIST.
2189 1214 2207 1246 t
2243 1194 2466 1263 Propter
2520 1198 2753 1266 inopiam
2811 1199 3013 1268 Tripoli
3066 1204 3459 1272 episcoporum,

1994 1302 2012 1333 t
2050 1300 2187 1339 unus
2244 1289 2404 1339 etiam
2453 1289 2733 1357 episcopus
2784 1290 2847 1342 ad
2931 1291 3244 1359 legationem
3312 1295 3461 1347 suill—

1990 1390 2011 1424 s
2046 1376 2141 1429 cit.
2187 1393 2206 1426 ι

1982 1462 2083 1513 Alii
2105 1464 2316 1529 quidem
2347 1466 2740 1530 provinciarum
2764 1468 3015 1533 praesides
3040 1470 3169 1523 duos
3198 1470 3278 1523 vel
3300 1472 3459 1524 etiam

1914 1552 2091 1617 plures
2129 1556 2405 1622 episcopos
2436 1555 2640 1621 legatos
2662 1558 2858 1624 eligere
2882 1558 2932 1610 in
2960 1560 3222 1611 mandatis
3240 1574 3462 1627 accepe-

1918 1652 2065 1703 runt,
2104 1655 2301 1708 eosque
2359 1643 2423 1695 ad
2472 1644 2736 1710 synodum
2792 1644 3114 1709 Carthagine
3171 1648 3457 1714 quotannis

1918 1733 2152 1787 habitam
2188 1733 2418 1785 mittere.
2460 1734 2502 1785 A
2534 1732 2731 1797 Tripoli
2764 1744 2940 1787 autem
2971 1745 3026 1787 et
3055 1752 3214 1788 unum
3251 1739 3462 1803 episco-

248 1824 346 1873 καὶ
380 1821 475 1872 ινα
513 1823 809 1875 ἐπίσκοπον
845 1826 1113 1891 ἐπαρκεῖν
1140 1829 1223 1887 είς
1264 1828 1671 1897 τοποτηρησίαν
1718 1829 1806 1883 διὰ
1835 1809 1883 1869 Β
1911 1878 1912 1885 η

1796 1809 1883 1882 ιΒ
1911 1834 2034 1887 pum
2062 1820 2476 1888 adlegationem
2528 1822 2768 1875 suﬂicere
2824 1834 3043 1891 propter
3090 1826 3460 1892 episcoporum

246 1908 347 1977 τὴν
370 1910 479 1959 τῶν
506 1906 820 1962 ε’πισκόπων
852 1912 1083 1965 ἔνδειαν.

836 2021 1074 2074 ΚΑΝΩΝ
1126 2020 1225 2076 ιε’.

256 2122 275 2156 ι
322 2107 462 2177 Περὶ
507 2111 778 2180 διαφόρων
826 2110 1033 2172 τάξεων
1084 2113 1184 2178 τῆς
1230 2110 1562 2178 Ἐκκλησίας
1600 2111 1812 2162 δουλευ-

334 2216 346 2249 ;
390 2200 501 2251 τῶν
550 2200 699 2269 (15)·
752 2198 931 2261 ὥστε,
984 2201 1079 2252 ἐάν
1144 2216 1226 2261 τις
1279 2202 1357 2262 είς
1408 2200 1810 2269 ἐγκληματικὸν

318 2304 339 2337 ε
387 2289 621 2355 πρᾶγμα
677 2290 971 2358 περιπέσῃ,
1015 2290 1109 2340 καὶ
1160 2289 1571 2357 παραιτήσηται
1603 2289 1664 2340 τὸ
1715 2290 1808 2341 ὲκ-

326 2394 346 2427 (
394 2379 780 2447 κλησιαστικὸν
818 2365 1188 2447 δικαστήριον,
1218 2378 1457 2447 ὀφείλειν
1505 2378 1597 2431 τὸν
1628 2380 1807 2432 τοιοῦ-

323 2488 340 2516 t
380 2484 474 2519 τον
506 2468 855 2532 κινδυνεύειν,
882 2470 975 2520 καὶ
1004 2469 1142 2521 ὥστε
1180 2468 1251 2521 τὰ
1274 2468 1437 2521 τέκνα
1469 2469 1578 2521 τῶν
1610 2470 1808 2538 ίερέων

323 2561 673 2626 ικοσμικοῖ;
740 2560 989 2627 Θεωρίοις
1057 2560 1131 2627 μὴ
1188 2561 1499 2628 προσιέναι.
1574 2558 1806 2626 Ὁμοίως

320 2670 336 2698 ι
381 2650 599 2719 ἡρεσεν,
631 2650 719 2701 ἵνα
773 2651 920 2711 ὅστις
981 2651 1182 2719 δήποτε
1230 2651 1340 2702 τῶν
1396 2650 1712 2702 ἐπισκόπων
1770 2652 1802 2720 ἢ

318 2757 336 2787 ι
388 2740 773 2808 πρεσϐυτέρων
797 2740 828 2809 ἢ
856 2741 1119 2793 διακόνων
1154 2741 1186 2809 ἢ
1219 2740 1517 2809 κληρικῶν,
1551 2741 1806 2809 πράγμα-

323 2847 338 2875 ι
383 2844 475 2889 τος
525 2828 671 2896 αὐτῷ
724 2828 1134 2897 ἑγκληματικοῦ
1202 2831 1235 2899 ἢ
1288 2829 1569 2881 πολιτικοῦ
1631 2835 1687 2879 ὲν
1736 2834 1803 2899 τῇ

320 2932 338 2963 t
390 2916 654 2985 ἔκκλησίᾳ.
702 2917 1049 2984 κινουμένου,
1097 2918 1191 2967 ἐὰν
1248 2920 1683 2985 παραιτούμενος
1741 2922 1805 2969 τὸ

319 3027 336 3056 ι
377 3009 836 3076 ἐκκλησιαστικὸν
884 3008 1239 3078 δικαστήριον
1280 3008 1562 3077 δημοσίοις
1599 3010 1803 3079 Θελήσῃ

322 3117 341 3149 ι
384 3099 722 3167 καθαρθῆναι
770 3099 1163 3168 δικαστηρίοις,
1207 3099 1308 3152 κᾶν
1352 3100 1493 3167 ὑπὲρ
1552 3101 1717 3153 αὑτοῦ
1768 3105 1801 3171 ἡ
1832 3122 1876 3184 c

320 3206 339 3237 ι
382 3188 559 3255 ψῆφος
593 3188 907 3258 ὶκφωνηθῇ,
938 3192 1091 3257 ὅμως
1141 3189 1232 3240 τὸν
1284 3190 1413 3241 ίδιον
1467 3191 1632 3243 τόπον
1670 3192 1804 3243 ἀπο-

319 3296 337 3327 t
384 3278 535 3347 λέσῃ.
568 3278 677 3328 Καὶ
720 3277 877 3328 τοῦτο
929 3280 1026 3345 μὲν
1075 3280 1167 3329 ἐπὶ
1205 3278 1300 3329 τοῦ
1349 3279 1796 3347 ἑγκληματικοῦ·

322 3386 342 3417 ι
389 3368 483 3419 ἐπὶ
524 3367 581 3419 δὲ
630 3366 930 3427 πολιτικοῦ,
964 3368 1207 3439 ἀπολέσῃ
1252 3371 1312 3421 τὸ
1344 3374 1425 3431 είς
1457 3370 1485 3422 δ
1528 3372 1801 3439 ινίκησεν,

319 3474 339 3507 ι
385 3456 480 3508 ἐὰν
506 3457 595 3508 τὸν
625 3457 754 3508 ίδιον
780 3456 941 3508 τόπον
972 3456 1175 3527 Θελήσῃ
1204 3460 1476 3528 κατέχειν.
1504 3462 1613 3513 Καὶ
1646 3460 1805 3514 τοῦτο

318 3563 338 3595 t
386 3561 451 3611 γε
515 3546 621 3613 μὴν
683 3546 898 3613 ἧρισεν,
954 3545 1116 3609 ὥστε,
1173 3547 1270 3597 εὰν
1323 3550 1428 3599 ἀπὸ
1475 3549 1802 3616 οίωνδήποτε

317 3653 339 3689 ε
387 3636 655 3687 δικαστῶν
684 3636 1152 3703 ἐκκλησιαστικῶν
1182 3639 1275 3689 ἐπὶ
1304 3638 1498 3698 ἄλλους
1532 3638 1799 3701 δικαστὰς

317 3744 337 3775 ι
382 3724 888 3793 ικκλησιαστικοὺς,
929 3726 1150 3792 ἔχοντας
1202 3724 1423 3791 μείζονα
1471 3730 1572 3795 τὴν
1609 3727 1802 3779 αὐθεν-

315 3831 335 3863 t
380 3813 521 3874 τίαν,
540 3812 799 3879 ἔκκλητος
829 3814 1072 3879 γένηται,
1100 3812 1268 3880 μηδὲν
1294 3813 1552 3881 βλάπτειν
1582 3815 1803 3876 τούτους

316 3922 333 3952 ι
382 3895 459 3954 ὧν
491 3904 525 3970 ἡ
554 3901 731 3969 ψῆφος
765 3902 971 3962 λύεται,
1006 3902 1103 3953 ἐὰν
1135 3904 1463 3973 ἐλεγχθῆναι
1520 3905 1595 3975 μὴ
1640 3906 1802 3974 δυνη-

321 4010 337 4043 ι
384 3992 549 4045 ϐῶσιν
592 3992 625 4061 ἢ
667 3992 808 4043 κατὰ
872 3992 1074 4063 ἔχθραν
1121 3993 1154 4062 ἢ
1208 3997 1350 4048 κατὰ
1420 3998 1800 4065 προσπϋειαν

316 4100 333 4131 ι
380 4082 737 4144 δεδικακέναι,
769 4084 802 4150 ἡ
851 4100 957 4134 τινι
1008 4085 1191 4151 χάριτι
1246 4086 1663 4156 ὑποφθαρῆναι·
1702 4091 1799 4143 ἰὰν

315 4189 332 4221 ι
378 4169 433 4221 δὲ
464 4171 604 4221 κατὰ
627 4172 936 4222 συναίνεσιν
965 4173 1073 4224 τῶν
1106 4176 1288 4242 μερῶν
1320 4178 1667 4243 ὲπιλεγέντες
1697 4175 1799 4236 ὦσι

315 4278 332 4312 ι
379 4262 652 4327 δικασταὶ,
712 4263 761 4313 εἰ
847 4264 943 4315 καὶ
1010 4263 1325 4336 ὀλιγώτεροι
1398 4268 1612 4323 ἔσονται
1687 4274 1797 4326 τῶν

314 4371 332 4403 ι
377 4352 719 4420 ὀρισθέντων,
753 4354 828 4421 μὴ
863 4353 1063 4416 ἐξεῖναι
1095 4356 1472 4411 ἐκκαλεῖσολι.
1503 4362 1615 4412 Καὶ
1647 4362 1793 4414 ὥστε

314 4462 332 4493 ι
373 4443 447 4492 τὰ
472 4442 635 4493 τέκνα
664 4442 774 4519 τῶν
798 4444 987 4513 ίερέων
1018 4443 1220 4513 Oedipus
1268 4450 1507 4514 κοσμικὰ
1541 4452 1797 4519 μηὲκτε-
1832 4437 1871 4489 ί)

314 4548 331 4582 ι
376 4530 485 4581 λείν
538 4530 671 4598 μηδὲ
730 4512 974 4599 θεωρεῖν.
1027 4512 1194 4586 Τοῦτο
1260 4536 1314 4587 δὲ
1366 4512 1458 4589 καὶ
1509 4512 1640 4591 πᾶσι
1686 4546 1797 4605 τοῖς

312 4641 329 4673 ι
371 4624 720 4691 Χριπιανοίς
788 4626 874 4675 ἀεὶ
951 4628 1309 4695 κεκήρυκται,
1374 4629 1517 4682 ὥστε
1590 4635 1796 4685 τούτων

313 4732 332 4764 ι
374 4714 693 4782 ἀπέχεσθαι,
721 4711 861 4765 ὥστε
888 4715 1021 4766 ὅπου
1039 4714 1375 4787 βλασφημίαι
1398 4721 1503 4772 είσὶ
1528 4721 1602 4790 μὴ
1632 4739 1800 4792 προσ-

310 4824 329 4854 r
371 4804 530 4858 ιέναι.
567 4823 586 4855 a

308 4898 498 4948 ιὶΔΛΣ.
535 4896 640 4947 Καὶ
672 4896 781 4946 ἀπὸ
808 4896 916 4947 τῶν
946 4898 1124 4966 νόμων
1152 4916 1245 4951 και
1278 4903 1383 4953 ἀπὸ
1412 4902 1521 4954 τῶν
1550 4905 1793 4959 κανόνων

232 4987 464 5047 δέδοται,
501 4986 574 5053 μὴ
629 4984 774 5053 ἔχειν
832 4984 925 5037 ἐπ’
965 4986 1162 5073 ,ἁδείας
1219 4990 1450 5044 ἕκαστον
1509 4994 1641 5063 παρ’
1699 4997 1795 5066 οἴῳ

232 5077 480 5144 βούλεται
500 5075 832 5145 δικαστηρίῳ
856 5078 1343 5147 ἀποκριματίστως
1366 5085 1599 5151 ἐνάγειν.
1627 5087 1793 5141 Ἀλλὰ

228 5168 340 5227 τοῖς
382 5168 483 5232 μὲν
512 5167 721 5227 λαῐκοϊς
750 5168 1184 5237 ἀπενεμήθησαν
1233 5173 1300 5223 τὰ
1338 5174 1591 5227 πολιτικά
1644 5178 1797 5230 δικα-

230 5256 586 5323 στήρια,τοίς
618 5256 673 5307 δὲ
730 5258 1046 5326 ἱερωμένοις
1104 5260 1198 5311 καὶ
1252 5264 1365 5323 τοῖς
1421 5271 1673 5335 μοναχοίς
1721 5271 1788 5321 τὰ

204 5341 672 5417 ’ἐκκλησιαστιιὼ
732 5348 799 5402 El
837 5367 920 5411 τις
969 5347 1062 5404 οὗν
1095 5354 1406 5423 ίερωμένος,
1444 5365 1606 5425 φησιν
1634 5367 1661 5415 ό
1697 5386 1797 5420 κα-

1913 1909 2164 1977 inopiam.

2499 2021 2727 2077 CANON
2758 2022 2869 2077 XV.

1918 2126 1937 2160 ι
1976 2109 2049 2163 Do
2080 2110 2304 2164 diversis
2333 2112 2605 2166 ordinibus
2633 2113 2880 2168 Ecclesia:
2911 2115 3285 2179 servientibus,
3326 2125 3381 2169 ut
3412 2117 3458 2171 si

1984 2218 2003 2251 ι
2042 2201 2163 2270 quis
2199 2203 2249 2254 in
2287 2202 2448 2272 530
2476 2204 2750 2255 criminale
2794 2204 3065 2269 negotium
3115 2204 3373 2265 inciderit,
3412 2214 3465 2257 et

1985 2307 2005 2340 ι
2040 2292 2284 2345 abnuerit
2338 2293 2599 2359 judicium
2669 2292 3113 2355 ecclesiasticum,
3168 2294 3356 2349 debeat
3411 2293 3461 2345 in

1985 2397 2003 2429 ι
2042 2380 2336 2447 periculum
2378 2382 2579 2443 venire,
2614 2390 2667 2433 et
2722 2392 2777 2433 ut
2843 2382 2932 2433 lilii
2996 2384 3331 2434 sacerdotum
3393 2385 3461 2435 ..ί

1985 2487 2004 2519 ι
2046 2472 2312 2521 mundana
2370 2472 2673 2536 Spectacula
2715 2486 2821 2523 non
2872 2473 3144 2523 accedant.
3207 2472 3467 2525 Similiter

1984 2577 2002 2611 t
2044 2560 2260 2628 placuit.
2298 2572 2353 2612 ut
2394 2562 2697 2628 quicunque
2740 2563 3023 2628 episcOpus
3057 2562 3155 2621 vel,
3184 2564 3463 2629 presbyter

1986 2670 2004 2702 t
2047 2651 2131 2704 vel
2166 2652 2421 2704 diaconus
2463 2652 2535 2703 rei
2586 2652 2840 2713 clericus,
2902 2654 3169 2703 criminali
3214 2652 3290 2704 vel
3322 2651 3465 2703 civili

1988 2756 2005 2789 t
2052 2739 2419 2791 controversia
2452 2741 2500 2789 in
2537 2737 2771 2792 Ecclesia
2828 2740 3083 2791 adversus
3113 2754 3239 2790 eum
3302 2750 3463 2796 ιιιοιτι,

1984 2846 2002 2879 t
2046 2832 2090 2882 si
2121 2843 2375 2881 recusans
2409 2829 2586 2880 forum
2608 2829 3031 2881 ecclesiasticum
3062 2829 3184 2881 velit
3238 2828 3464 2894 publicis

1986 2937 2004 2969 t
2036 2918 2254 2983 judiciis
2300 2920 2541 2986 purgari,
2596 2919 2803 2971 etiamsi
2840 2935 2935 2986 pro
2971 2934 3033 2972 eo
3066 2920 3326 2971 sententia
3362 2918 3466 2968 lata

1985 3024 2004 3058 t
2041 3008 2132 3070 sit,
2165 3017 2345 3061 tamen
2379 3010 2658 3077 proprium
2688 3009 2861 3062 locum
2896 3011 3125 3061 amittat.
3156 3009 3220 3061 Et
3261 3009 3309 3061 id
3344 3009 3465 3075 qui-

1985 3117 2005 3150 t
2044 3103 2162 3153 dem
2217 3100 2269 3152 in
2299 3100 2602 3163 criminali;
2643 3100 2693 3152 in
2743 3100 2881 3153 civili
2934 3110 3133 3161 autem,
3172 3100 3360 3167 perdat
3416 3099 3467 3151 id

1984 3208 2002 3240 ι
2037 3205 2134 3258 pro
2165 3204 2270 3256 quo
2305 3191 2569 3243 actionem
2606 3189 2853 3250 intendit,
2881 3189 2925 3242 si
2984 3194 3252 3255 proprium
3291 3187 3467 3238 locum

1984 3296 2002 3327 ι
2041 3276 2284 3331 obtinere
2317 3278 2567 3331 voluerit.
2600 3276 2777 3344 Atque
2832 3277 2933 3328 ltoc
2960 3277 3173 3343 quidem
3224 3276 3466 3343 plaettit;

1986 3385 2004 3417 ι
2042 3375 2098 3418 ιιι
2148 3367 2193 3420 si
2230 3380 2261 3419 a
2295 3367 2709 3435 qttibuscunque
2765 3350 3147 3420 ecclesiasticis
3198 3366 3469 3433 jmlicilms

1982 3476 2002 3508 ε
2039 3460 2106 3511 ad
2162 3457 2295 3510 alios
2346 3457 2558 3525 jodlces
2618 3457 3038 3518 ecclesiasticos,
3084 3456 3337 3523 tttajorctn
3370 3469 3469 3521 po-

1980 3566 1999 3599 t
2045 3556 2295 3601 test'alctn
2334 3538 2616 3611 habentes,
2659 3545 2752 3598 ﬁat
2773 3546 3077 3613 appellatio,
3110 3544 3161 3597 id
3212 3544 3346 3596 nihil
3370 3558 3466 3594 eos

1981 3656 1998 3688 ι
2042 3638 2200 3689 laudat
2232 3639 2463 3689 duorum
2524 3636 2784 3689 sententia
2842 3636 3091 3696 solvitur,
3126 3636 3170 3687 si
3221 3635 3467 3687 convint-i

1983 3744 2002 3776 t
2044 3741 2150 3778 non
2184 3728 2399 3793 possint
2434 3723 2513 3778 vel
2570 3725 2696 3777 odio
2747 3723 2824 3776 vel
2874 3725 3047 3791 aliqua
3111 3724 3275 3775 animi
3336 3723 3469 3775 alie-

1982 3835 2000 3868 t
2035 3818 2211 3870 ctione
2238 3817 2536 3885 jodicasse,
2598 3816 2679 3868 vel
2724 3818 2889 3881 gratia
2954 3818 3132 3883 aliqua
3179 3824 3463 3881 corruptus

1983 3925 2002 3959 t
2040 3921 2198 3972 esse;
2234 3908 2317 3961 sin
2358 3916 2536 3959 autem
2576 3919 2641 3959 ex
2697 3918 2965 3958 consensu
3029 3906 3260 3971 partium
3309 3902 3469 3956 eleCIi

1979 4017 1999 4050 t
2035 3998 2143 4053 sint
2169 3997 2400 4065 iudices,
2426 3998 2637 4051 etiamsi
2687 3998 2800 4051 sint
2850 3996 3152 4064 pauciores,
3202 4010 3363 4063 quam
3398 3995 3470 4045 sit

1979 4104 1997 4136 t
2036 4067 2333 4147 deﬁnitum,
2399 4101 2501 4137 non
2535 4086 2701 4139 licere
2766 4086 3056 4153 appellare.
3090 4084 3155 4136 Et
3192 4094 3246 4134 ιιι
3284 4099 3469 4135 δοριτ-

1979 4195 1999 4228 t
2043 4178 2225 4229 dotum
2262 4176 2376 4240 lilii,
2405 4177 2684 4230 smcularia
2718 4178 3022 4241 spectacula
3075 4190 3171 4229 nec
3207 4187 3472 4243 peragant

1979 4284 1998 4317 t
2049 4281 2147 4319 nec
2176 4273 2444 4334 Spectent.
2493 4265 2608 4318 Hoc
2636 4276 2813 4319 autem
2846 4274 2900 4317 et
2928 4266 3179 4318 omnibus
3207 4265 3473 4318 Christia-

1980 4376 1998 4409 t
2029 4360 2112 4412 nis
2136 4373 2351 4426 semper
2376 4366 2456 4409 est
2484 4356 2853 4417 interdictum,
2884 4364 2941 4408 ut
2963 4356 3030 4407 ab
3058 4355 3122 4406 iis
3143 4356 3471 4413 abstineant,

1977 4467 1994 4498 ι
2031 4459 2086 4501 ιιι
2117 4448 2205 4501 ubi
2238 4455 2366 4501 sunt
2418 4445 2769 4514 blasphemia:
2803 4453 2856 4499 et
2908 4444 3191 4497 maledicta
3229 4461 3332 4495 non
3381 4461 3472 4495 uc—

1979 4557 1998 4590 ι
2034 4542 2246 4595 cedant.
2288 4557 2307 4592 ι

1976 4928 2168 4983 BALS.
2197 4930 2261 4984 Et
2297 4947 2325 4985 a
2362 4933 2568 5003 legibus
2594 4947 2647 4990 et
2671 4952 2701 4989 a
2732 4939 3032 4992 canonibus
3070 4942 3321 4994 traditum
3355 4956 3461 5005 est,

1904 5036 2008 5074 non
2034 5022 2197 5076 licere
2228 5024 2517 5093 unicuique
2546 5030 2684 5093 apud
2738 5032 3096 5097 quodcunque
3131 5035 3254 5084 velit
3287 5035 3459 5087 imum

1902 5115 2038 5165 citra
2080 5112 2452 5181 pratjudicium
2485 5132 2664 5183 agere.
2699 5120 2801 5172 Sed
2840 5121 2991 5175 laicis
3017 5127 3235 5190 quidem
3268 5130 3468 5183 tributa

1900 5214 2023 5255 sunt
2055 5200 2172 5256 fora
2226 5204 2403 5257 civilia
2439 5224 2451 5257 :
2488 5210 2566 5260 eis
2616 5219 2821 5273 autem,
2856 5214 2947 5278 qui
2985 5225 3107 5265 sunt
3157 5220 3377 5281 sat-rati,
3416 5234 3467 5271 et

1900 5293 2186 5346 monachis
2213 5296 2609 5351 ecclesiastica.
2649 5296 2702 5352 Si
2733 5305 2853 5369 quis
2880 5318 3032 5371 ergo,
3068 5304 3241 5373 inquit
3269 5324 3463 5367 cansm.

1900 5392 2190 5447 sacratos,
2261 5385 2361 5439 bac
2389 5392 2774 5444 constitutione
2830 5404 3157 5464 contempta,
3210 5400 3260 5451 in
3324 5402 3467 5455 ('tvili

1459 5503 1654 5567 Guill.
1683 5512 2006 5595 Beveregii
2039 5530 2229 5585 notae.

225 5674 241 5685 _
293 5605 405 5685 (i5)
439 5607 553 5688 Τῆς
578 5612 909 5677 ἐκκλησίας
940 5612 1296 5675 δουλευτῶν,

222 5691 370 5727 οουΑε
380 5692 610 5733 υουσων.

1341 5621 1401 5676 In
1434 5640 1568 5683 mss.
1603 5633 2035 5696 Amerliacltiano
2060 5658 2113 5700 et
2144 5647 2451 5707 Etoniensi
2512 5660 2713 5711 rectius
2773 5659 2989 5727 legitur.
3055 5662 3132 5730 Τῇ
3194 5663 3462 5734 ἐκιλησίφ
