4214 6438
732 377 799 441 τι
1986 364 2262 423 ΤΠΕΟῘ).
2312 363 2396 421 BA

2312 360 2710 421 BALSAMON
3903 354 3974 413 72

730 484 934 552 judicio
964 482 1223 534 adversus
1266 487 1538 531 sacratum
1575 474 1658 527 vel
1688 473 2010 527 monachum
2048 473 2303 525 eritnina-
2329 478 2373 532 Α

2329 471 2525 537 Ανὼν,
2596 471 3017 541 καταφρονήσας
3091 469 3187 539 τῆς
3258 468 3516 538 τοιαύτης
3585 466 3970 538 θεσμοθεσίαξι

737 577 839 628 iem
872 576 1137 625 actionem
1173 568 1501 629 intenderit;
1531 564 1612 617 vel
1658 564 1705 618 si
1746 567 1869 632 quis
1893 564 1959 617 ad
1990 575 2300 631 competens

737 666 911 717 [orum
972 662 1400 714 ecclesiasticum
1466 667 1694 719 tractus,
1758 657 1808 708 id
1868 654 2219 717 recusaverit,
2247 664 2303 708 et

738 756 1009 825 publicum
1071 767 1165 803 seu
1219 750 1375 805 civile
1427 749 1650 816 elegerit
1704 747 1779 813 (id
1836 746 1980 799 enim
2026 756 2111 800 est
2168 746 2302 799 velle

738 847 979 916 purgari,
1043 859 1134 895 seu
1189 858 1215 891 ιι
1259 840 1486 893 crimine
1520 838 1657 891 velle
1689 836 1894 889 absolvi
1939 836 2305 902 innocensque

736 935 1002 989 declarari
1070 947 1164 998 per
1220 932 1490 999 publicum
1518 924 1825 994 ju'dicium).
1869 927 2081 978 etiamsi
2114 926 2165 978 in
2214 926 2305 979 illo

742 1028 957 1094 publico
1012 1025 1214 1089 judicio
1278 1020 1492 1081 vicerit,
1528 1018 1641 1069 sive
1675 1026 1842 1078 actor,
1890 1017 2006 1069 sive
2034 1032 2155 1069 reus
2184 1033 2195 1066 :
2229 1024 2307 1069 ta-

744 1135 864 1172 men
900 1116 1171 1185 pt-Oprium
1216 1113 1416 1171 locum,
1479 1112 1590 1161 sive
1658 1108 1878 1177 gradum
1938 1115 1992 1158 et
2047 1106 2303 1160 honorem

740 1208 1134 1264 sacerdotalem
1193 1203 1435 1263 amittet;
1487 1210 1703 1267 propter
1766 1198 1865 1248 hoc
1908 1196 2081 1262 ipstnu
2133 1200 2304 1249 solum

744 1299 1038 1366 depositus
1078 1295 1215 1361 quod
1258 1294 1460 1344 sci:icet
1488 1289 1659 1342 forum
1680 1286 2107 1342 ecclesiasticum
2144 1300 2306 1339 recu-

750 1389 973 1448 saverit,
1002 1396 1053 1438 et
1083 1384 1237 1435 civile
1272 1379 1519 1447 elegerit.
1550 1379 1615 1431 Et
1656 1380 1873 1445 quando
1902 1375 2067 1428 fuerit
2092 1376 2306 1442 quidem

747 1476 1026 1530 criminale
1089 1471 1481 1539 judicium,sie
1535 1468 1677 1521 erit:
1742 1468 1957 1534 quando
2012 1476 2193 1518 autem
2227 1476 2309 1517 est

746 1568 905 1621 civile
934 1567 1077 1633 quod
1104 1576 1367 1625 movetur,
1400 1574 1489 1611 seu
1536 1560 1929 1625 pecuniarium,
1973 1558 2185 1611 etiamsi
2218 1571 2308 1609 sa-

746 1671 935 1712 cratus
967 1656 1289 1709 sententiam
1326 1650 1640 1712 obtinuerit,
1680 1656 1759 1701 sic
1791 1665 2003 1717 quoque
2030 1664 2057 1700 a
2089 1649 2311 1717 pr0prio

750 1750 915 1816 gradu
976 1747 1207 1809 excidet,
1251 1743 1351 1796 nisi
1413 1757 1523 1794 rem
1588 1742 1991 1808 contempserit,
2042 1755 2137 1807 pro
2202 1753 2307 1809 qua

2402 563 2649 632 ἐναγάγη
2701 563 2854 623 παρά
2917 560 3178 624 πολιτικῷ
3233 558 3574 628 δικαστηρίῳ
3629 560 3776 613 κατά
3809 560 3970 626 ίερω-

2407 658 2568 724 μένου
2604 655 2637 723 ἢ
2685 654 2921 724 μοναχοῦ
2974 653 3105 720 περὶ
3155 650 3572 720 ἐγκληματικῆς
3632 649 3973 713 ὑποθέσεως,

2405 748 2438 817 ἢ
2471 749 2523 799 εί
2546 764 2630 809 τις
2659 746 2861 806 αὐτῶν,
2897 746 3046 814 παρά
3073 742 3150 811 τῷ
3181 745 3479 811 προσφόρῳ
3517 740 3969 808 ἐκκλησιαστικῷ

2403 835 2739 902 δικαστηρίῳ
2794 832 3115 893 ἐλκυσθιὶς,
3170 832 3570 898 παραιτήσεται
3631 830 3811 893 τοῦτο,
3872 829 3969 880 καὶ

2406 923 2709 987 ἐπιλέξει-αι
2751 922 3105 989 δικαστήριον
3153 919 3454 986 δημοτικὸν
3502 920 3621 988 ήτοι
3685 919 3967 971 πολιτικὸν

2408 1013 2587 1085 (τοῦτο
2665 1013 2773 1081 γάρ
2834 1014 2946 1063 ἐστι
3018 1012 3080 1062 τὸ
3155 1010 3361 1063 ιθίλιιν
3432 1010 3777 1079 καθαρθῆναι
3848 1010 3971 1079 ἦτοι

2408 1103 2734 1171 άθωωθῆναι
2771 1100 2866 1153 τοῦ
2898 1100 3223 1166 αίτιάματος
3264 1100 3355 1153 διά
3394 1100 3656 1169 δημοσίου
3702 1100 3967 1168 δικαστη-

2411 1192 2573 1259 ρίου),
2618 1191 2721 1243 κάν
2762 1189 2959 1257 νικήσῃ
3005 1189 3063 1238 ἐν
3129 1189 3208 1256 τῷ
3263 1189 3607 1257 δικαστηρίῳ
3650 1189 3846 1257 ἰκτίνῳ
3893 1187 3973 1257 τῷ

2408 1282 2696 1351 πολιτικῷ,
2742 1282 2853 1333 εἴτε
2896 1280 2974 1342 ὡς
3017 1279 3263 1343 ἐνάγων,
3311 1281 3365 1331 εἰ
3406 1296 3467 1332 τε
3505 1282 3580 1344 ὡς
3621 1283 3974 1349 ἐναγόμινος,

2409 1373 2563 1439 ὅμως
2591 1375 2682 1423 τὸν
2719 1373 2851 1427 [διον
2876 1376 3060 1439 τόπον,
3082 1378 3199 1446 ήτοι
3227 1375 3435 1444 βαθμδν
3456 1376 3550 1426 καὶ
3576 1374 3673 1443 τὴν
3697 1372 3978 1444 ἱερατικὴν
4025 1444 4029 1447 ι

2409 1460 2575 1525 τιμὴν
2603 1459 2863 1512 ἀπολέσει
2893 1477 2907 1491 ·
2934 1462 3023 1513 διὰ
3055 1463 3213 1514 τοῦτο
3262 1462 3395 1514 αὐτὸ
3424 1464 3520 1514 καὶ
3566 1464 3727 1531 μόνον
3778 1462 3975 1514 καθαιο

2416 1549 2696 1618 ροὸμενος,
2732 1551 2818 1602 διά
2850 1552 2909 1603 τὸ
2942 1552 3383 1621 παραιτήσασθαι
3414 1552 3476 1603 τὸ
3505 1551 3970 1619 ἐκκλησιαστικὸν

2413 1638 2783 1709 δικαστήριον,
2812 1643 2906 1695 καὶ
2938 1642 3293 1706 ἐπιλέξασθαι
3323 1642 3383 1694 τὸ
3407 1642 3709 1695 πολιτικόν.
3739 1641 3865 1694 Καὶι
3884 1642 3973 1693 ὅτε

2421 1732 2519 1798 μὲν
2567 1732 2971 1799 ἐγκληματικὸν
3022 1734 3110 1801 εἴη
3148 1735 3209 1785 τὸ
3261 1734 3635 1801 δικαστήριον,
3680 1734 3975 1800 γενήσεται

749 1842 1069 1893 sententiam
1117 1835 1364 1896 obtinuit,
1399 1842 1451 1886 et
1498 1848 1559 1885 ea
1607 1832 1828 1884 cesserit
1878 1831 2187 1884 adversario
2208 1845 2308 1883 suo
2336 1824 2382 1846 ⁸³

2339 1824 2382 1846 ⁵³
2414 1824 2573 1878 τοῦτο
2601 1843 2615 1856 ·
2665 1826 2753 1877 ὅτι
2801 1826 2859 1877 δέ
2909 1825 3187 1877 πολιτικόν
3240 1828 3360 1878 ἐστι
3401 1826 3462 1876 τὸ
3513 1824 3826 1893 κινούμενον
3858 1824 4003 1894 ήτοι·

749 1948 777 1981 a
808 1945 866 1983 se
901 1938 1176 1995 snperato.
1215 1927 1476 1978 Praeterea
1528 1924 1882 1974 decreverunt
1928 1920 2137 1984 Patres,
2175 1932 2231 1973 ut
2264 1922 2307 1974 si

752 2022 875 2088 quis
904 2021 1162 2072 adversus
1194 2017 1567 2084 episcoporum
1607 2014 1687 2064 vcl
1730 2013 1955 2065 aliorum
1982 2011 2311 2066 ecclesiasti—

751 2124 937 2163 eorum
991 2109 1229 2175 jutlicum
1264 2105 1583 2159 sententiam
1645 2104 2013 2171 appellaverit,
2049 2112 2102 2157 et
2135 2104 2311 2170 appel-

752 2200 881 2253 latio
920 2200 983 2251 ad
1019 2198 1274 2265 majorem
1300 2199 1557 2265 judicetn,
1586 2197 2016 2249 ecclesiasticum
2044 2198 2310 2261 videlicet,

761 2292 1011 2352 redierit,
1079 2288 1227 2356 juxta
1284 2289 1638 2341 universalent
1688 2288 1828 2353 juris
1892 2288 2151 2353 regulam,
2193 2298 2313 2354 qum

755 2383 964 2441 statuit,
1010 2380 1239 2448 judiees,
1272 2380 1336 2431 ad
1367 2394 1500 2446 quos
1532 2380 1844 2448 appellatur.
1903 2388 2155 2443 oportere
2193 2392 2315 2430 esse

757 2468 990 2534 majores
1016 2470 1081 2519 iis
1113 2469 1202 2535 qui
1234 2468 1466 2534 primunt
1510 2466 1868 2536 judicaverint
1898 2482 1911 2517 :
1948 2474 2001 2518 et
2029 2468 2315 2535 centigerit

754 2573 785 2610 a
810 2557 1077 2627 jndicibus
1098 2558 1472 2626 appellationis
1504 2560 1727 2625 primam
1753 2560 2072 2611 sententiam
2106 2558 2272 2611 everti
2298 2575 2313 2623 ;

757 2626 902 2699 nulla
933 2646 983 2696 in
1023 2626 1081 2697 re
1112 2648 1374 2698 laedantur
1398 2645 1454 2708 ii,
1483 2646 1575 2713 qui
1608 2645 1837 2713 primam
1876 2649 2203 2700 sententiam
2238 2657 2318 2696 tu-

759 2736 954 2798 lerunt,
978 2737 1092 2788 sive
1141 2736 1210 2787 sit
1263 2749 1427 2787 causa
1461 2736 1777 2799 criminalis,
1819 2740 1936 2790 sive
1967 2742 2316 2805 pecuniaria;

760 2823 862 2875 nisi
900 2824 933 2875 ti
971 2822 1206 2875 convicti
1259 2822 1458 2875 fuerint
1488 2824 1813 2874 sententiam
1850 2824 2036 2876 tulisse
2102 2837 2319 2893 propter

755 2914 938 2966 odimn
970 2914 1088 2981 ejus
1119 2912 1211 2979 qui
1261 2912 1552 2965 damnatus
1579 2922 1681 2975 est,
1718 2914 1799 2967 vel
1833 2923 2050 2981 propter
2078 2913 2319 2967 all'eetio-

757 3018 877 3055 nem
912 3005 964 3055 in
1000 3018 1124 3055 eum
1179 3003 1271 3069 qui
1312 3013 1393 3055 est
1446 3003 1745 3067 absolutus,
1775 3004 1857 3056 vel
1903 3014 1959 3056 ut
2008 3006 2319 3057 muneribus

2416 1918 2775 1988 χρηματικδν,
2812 1917 2915 1969 κᾶν
2956 1916 3219 1986 δικαιωθῇ
3253 1919 3280 1969 ό
3312 1917 3625 1986 ίερωμένος,
3681 1920 3777 1968 καὶ
3804 1914 3975 1979 οὕτως

2417 2009 2730 2059 ἐκπεσεῖται
2757 2008 2851 2059 τοῦ
2883 2007 3085 2059 οίκείου
3118 2006 3428 2077 βαθμοῦκεί
3464 2008 3537 2075 μὴ
3565 2006 3977 2074 καταφρονήσει

2415 2098 2509 2150 τοῦ
2535 2098 2861 2167 πράγματος
2888 2098 2977 2165 ἐφ’
3009 2091 3054 2164 ᾧ
3087 2096 3404 2164 ἐδικαιώθη,
3436 2099 3530 2149 καὶ
3574 2098 3975 2166 παραχωρήσει

2417 2185 2556 2240 εἶναι
2580 2190 2713 2240 αὐτὸ
2746 2190 2898 2266 παρά
2916 2188 2996 2256 τῷ
3028 2189 3285 2258 ἀντιδίκῳ
3328 2188 3494 2240 αὑτοῦ
3536 2187 3613 2257 τῷ
3642 2187 3971 2257 ἡττηθέντι.

2420 2279 2560 2349 Πρὸς
2594 2278 2805 2338 τούτοις
2836 2278 3045 2345 ὥρισαν
3073 2279 3122 2330 οί
3146 2278 3412 2348 Πατὲρες,
3450 2277 3561 2341 ἵνα,
3594 2278 3692 2331 ἐὰν
3740 2279 3972 2332 ἐκκαλέο

2422 2372 2579 2439 σηταί
2626 2387 2709 2432 τις
2765 2371 2907 2422 κατὰ
2949 2370 3281 2436 ἀποφάσεως
3324 2370 3646 2421 ἐπισκόπων
3692 2370 3724 2439 ή
3777 2372 3980 2439 ἐτέρων

2419 2462 2689 2515 δικαστῶν
2727 2462 3223 2531 ἐκκλησιαστικῶν,
3254 2461 3349 2512 καὶ
3401 2462 3435 2529 ή
3470 2461 3735 2530 ἔκκλητος
3770 2464 3978 2514 ἐπαναο

2418 2554 2602 2622 δράμῃ
2628 2554 2704 2612 είς
2730 2552 2947 2620 μείζονα
2970 2552 3251 2617 δικαστήν,
3270 2551 3484 2611 πάντως
3505 2552 3978 2621 ἐκκλησιαστικὸν,

2419 2644 2559 2696 κατά
2603 2646 2700 2712 τὴν
2742 2643 2973 2695 καθόλου
3005 2643 3235 2712 νομικὴν
3269 2641 3649 2705 διδασκαλίαν,
3674 2643 3773 2713 τήν
3804 2645 3979 2713 διορι-
4026 2662 4029 2665 ⁷

2424 2734 2659 2803 ζομινην
2703 2737 2829 2797 τοὺς
2890 2733 3183 2802 ἐκκλήτους
3230 2734 3496 2794 δικαστὰς
3542 2733 3779 2799 ὀφείλειν
3834 2728 3980 2787 εἶναι

2426 2829 2674 2894 μείζονας
2724 2826 2832 2876 τῶν
2896 2825 3127 2891 πρώτως
3202 2825 3577 2885 δικασάντων,
3636 2824 3731 2876 καὶ
3800 2826 3980 2894 συμϐῇ

2421 2916 2808 2983 ἀνατραπῆναι
2858 2915 2957 2984 τὴν
3028 2914 3251 2982 πρώτην
3320 2915 3600 2980 ἀπόφασιν
3664 2914 3817 2983 παρά
3878 2916 3985 2967 τῶν

2425 3004 2797 3074 ἐκκληταρίων
2845 3005 3155 3066 δικαστῶν,
3220 3003 3365 3056 κατὰ
3422 3006 3590 3075 μηδὲν
3648 3005 3984 3073 βλάπτεσθαι

756 3096 996 3162 corrupti
1024 3112 1039 3156 ;
1086 3096 1137 3146 id
1169 3096 1312 3147 enim
1345 3104 1427 3147 est
1455 3094 1624 3162 gratia
1670 3103 1984 3162 corruptum
2022 3108 2180 3150 esse;
2223 3102 2317 3145 aut
2343 3114 2386 3171 ο

2343 3114 2386 3171 ο
2423 3097 2549 3156 τοὺς
2596 3095 2830 3163 πρώτως
2892 3094 3389 3163 ἀποφηναμένους,
3437 3096 3541 3146 κᾶν
3594 3098 3981 3163 ἐγκληματική

759 3188 1071 3238 muneribus
1137 3186 1506 3251 corrumpitur
1551 3184 1865 3250 quispiam,
1926 3184 2008 3236 vel
2060 3185 2315 3250 pecunias

758 3276 1092 3341 accipiendo,
1119 3274 1199 3324 vel
1228 3288 1291 3325 eo
1314 3274 1405 3339 qui
1430 3275 1601 3339 ipsmn
1636 3275 1899 3339 corrupit,
1934 3274 2113 3339 aliqua
2140 3260 2333 3343 gratia.

758 3366 844 3419 vel
874 3365 1136 3418 beneﬁcio
1169 3366 1499 3416 detnerente.
1543 3362 1678 3415 Nota
1713 3378 1839 3430 ergo
1865 3373 2185 3431 prtesentem
2223 3380 2319 3416 cae

759 3472 977 3521 nonem,
1034 3456 1278 3508 bmnines
1311 3462 1553 3506 saculos
1608 3456 1757 3509 Valtle
1818 3458 2172 3525 punientem,
2230 3456 2318 3520 qui

760 3551 1244 3616 quonmdocunque
1300 3546 1351 3597 in
1410 3545 1643 3612 politicis
1695 3546 1913 3611 judiciis
1946 3547 2173 3613 litigant.
2208 3544 2319 3597 Nec

767 3640 863 3691 tibi
915 3639 1243 3689 contrarium
1291 3637 1530 3686 videatur
1578 3649 1696 3701 cap.
1740 3635 1829 3696 90,
1882 3637 1964 3689 tit.
2020 3638 2071 3699 1,
2128 3636 2218 3688 lib.
2272 3652 2320 3688 ιιι

762 3728 955 3780 Basilic
989 3766 1003 3789 ,
1037 3738 1091 3779 et
1122 3742 1245 3793 cap.
1282 3725 1335 3785 9.
1364 3726 1445 3777 tit.
1473 3723 1525 3786 5,
1556 3723 1649 3775 lib.
1680 3741 1758 3787 ιιι,
1792 3727 1931 3791 quod
1958 3726 2106 3787 dicit,
2142 3741 2324 3780 sacra-

764 3831 845 3870 tos
874 3819 1185 3869 renuntiare
1211 3832 1365 3885 posse
1394 3820 1680 3872 sacerdotii
1713 3816 2118 3885 pra-scriptioni.
2142 3816 2324 3880 Quan-

763 3918 873 3961 tum
933 3908 1073 3960 enim
1133 3912 1196 3964 ad
1258 3899 1625 3963 adversarium
1658 3912 1871 3970 attinet,
1904 3909 2039 3960 valet
2093 3909 2194 3960 hoc
2226 3924 2313 3974 pn-

761 4012 927 4052 ctnm.
994 3998 1086 4050 Est
1138 4009 1315 4050 autem
1370 4000 1474 4051 alia
1503 4000 1642 4053 ratio
1668 4000 1811 4065 quod
1840 4000 2138 4051 secundum
2188 4013 2322 4065 prte-

764 4100 969 4145 sentem
1006 4106 1266 4143 canonetu
1326 4091 1537 4143 laeditur
1602 4092 1689 4156 qui
1750 4106 1873 4143 eum
1940 4091 2325 4156 contempserit

764 4182 936 4234 sacris
1020 4182 1282 4233 initiatus.
1344 4179 1484 4247 Lege
1545 4189 1597 4232 et
1659 4179 2018 4233 centesimum
2074 4188 2325 4240 quartum

764 4276 1025 4324 canonetn
1091 4270 1653 4341 synodiijprmseutis,
1704 4279 1758 4319 et
1805 4266 2061 4319 Clialcod.
2136 4266 2323 4334 synodi

2422 3186 2676 3251 ιστῳιᾶν
2706 3188 3020 3254 χρηματικὴ
3061 3186 3334 3248 ὑπόθεσις·
3370 3187 3418 3238 εί
3451 3187 3617 3254 μήπω
3647 3186 3983 3255 ἐλεγχθῶσιν

2422 3273 2566 3331 οὗτοι
2600 3278 3009 3344 ἀποφηνάμενοι
3038 3280 3176 3329 κατά
3206 3278 3407 3345 ἐχθραν
3436 3277 3529 3330 τοῦ
3558 3280 3988 3333 καταδικασθέν-

2424 3384 2535 3429 τος,
2570 3369 2602 3435 ή
2631 3367 2771 3417 κατά
2831 3367 3210 3432 προσπάθειαν
3246 3366 3341 3417 τοῦ
3392 3367 3796 3431 δικαιωθέντος,
3839 3370 3873 3437 ἢ
3910 3368 3988 3429 ὡς

2423 3457 2883 3527 δωροδοκηθένττς
2904 3473 2917 3487 ·
2951 3457 3109 3509 τοῦτο
3148 3459 3255 3524 γάρ
3288 3460 3403 3507 ἐστι
3434 3460 3493 3509 τὸ
3527 3459 3711 3529 χάριτι
3744 3458 3983 3525 ὑποφθα-

2430 3550 2616 3616 ρῆναιθ
2640 3550 2757 3618 ήτοι
2789 3548 3167 3618 δωροδοκείταί
3196 3565 3277 3607 τις
3304 3549 3337 3617 ἢ
3371 3549 3635 3618 χρήματα
3668 3539 3988 3617 λαμϐάνων,

2425 3638 2457 3706 ἢ
2510 3637 2676 3704 ἄλλην
2720 3640 2841 3690 τινὰ
2888 3638 3051 3705 χάριν
3095 3636 3243 3705 αὐτῷ
3293 3638 3630 3703 πληροῦντος
3676 3638 3771 3689 τοῦ
3826 3638 3992 3691 αὐτὸν

2426 3726 2873 3793 ύποφθείραντος.
2900 3726 3211 3794 Σημείωσαι
3247 3726 3339 3779 οὖν
3373 3728 3463 3777 τὸν
3488 3728 3733 3796 παρόντα
3759 3731 3983 3791 κανόνα,

2430 3816 2677 3883 μεγάλως
2724 3816 3021 3879 κολάζοντα
3060 3816 3186 3877 τοὺς
3232 3817 3543 3885 ἱσρατικοὺς
3589 3818 3987 3886 δικαζομένους

2427 3908 2783 3973 ὁπωσδήποτε
2847 3908 2926 3966 εἰς
2990 3906 3319 3974 δικαστήρια
3383 3910 3659 3961 πολιτικά.
3723 3911 3831 3965 Καὶ
3912 3913 3991 3978 μὴ

2428 4000 2719 4066 ἐναντιωθῇ
2748 4013 2827 4048 σοι
2848 4001 2907 4048 τὸ
2936 4015 3059 4065 κεφ.
3081 4003 3127 4063 L,’
3154 3998 3249 4051 τοῦ
3278 3997 3327 4050 α’
3348 3999 3528 4051 τίτλου
3559 4000 3653 4051 τοῦ
3685 4006 3753 4053 ια’
3785 4002 3992 4068 βιϐλίου

2427 4090 2532 4140 τῶν
2563 4087 3005 4151 Βασιλικῶν,καὶ
3054 4090 3113 4140 τὸ
3147 4089 3191 4140 θ’
3242 4104 3371 4153 κεφ.
3421 4088 3516 4141 τοῦ
3553 4089 3603 4155 γ’
3624 4091 3730 4145 τίτ.
3782 4078 3992 4159 βιϐλίού
4050 4122 4058 4127 -

2426 4178 2519 4231 τοῦ
2558 4177 2605 4245 γῖ
2638 4180 2889 4243 λέγοντος
2932 4179 3189 4230 δύνασθαι
3226 4179 3353 4241 τοὺς
3392 4179 3719 4248 ίερωμένους
3758 4182 3993 4233 ἀποτάτ-

2427 4268 2615 4319 τεσθαι
2670 4271 2736 4336 τῇ
2784 4269 2883 4333 τῆς
2938 4269 3241 4337 ἱερωσύνης
3289 4274 3661 4339 παραγραφῇ·
3715 4272 3839 4323 ὅσον
3884 4266 4033 4342 γὰρ’

766 4375 1024 4414 cauouetn
1058 4358 1112 4411 9.
1136 4358 1268 4409 Cum
1304 4368 1481 4408 autem
1505 4371 1676 4408 canon
1696 4356 1941 4421 superius
1972 4356 2238 4410 Statuerit,
2271 4360 2325 4402 nt
2365 4428 2383 4429 ί

2365 4428 2383 4429 7
2430 4359 2566 4421 πρὸς
2610 4361 2701 4409 τὸν
2756 4358 3027 4410 ἀντίδικον
3090 4359 3324 4429 ἔρρωται
3366 4360 3427 4411 τὸ
3477 4360 3769 4427 σύμφωνον
3811 4362 3992 4414 τοῦτο.

764 4454 998 4522 episcopi
1022 4450 1177 4519 531
1209 4465 1233 4499 ιι
1259 4446 2162 4513 duodecimepiscopisjtnlicentnr,
2188 4461 2212 4493 τι
2235 4459 2326 4495 sex
2362 4428 2404 4481 ί)

2362 4428 2404 4481 D
2433 4449 2557 4500 Ἕτε
2569 4465 2660 4517 ρον
2693 4448 2748 4499 δὲ
2777 4448 2934 4513 λόγου
2962 4439 3098 4511 ἐστὶ,
3123 4428 3212 4502 γὸτι
3244 4451 3539 4519 βλάπτεται
3565 4453 3705 4504 κατὰ
3728 4453 3819 4505 τὸν
3853 4470 3995 4522 παρ-

768 4554 945 4595 nntent
998 4543 1332 4601 sacerdOtes,
1365 4549 1417 4591 et
1446 4539 1657 4591 ιιικι-οιιι
1696 4552 1723 4588 a
1778 4540 1949 4589 tribus
1984 4553 1996 4587 :
2033 4522 2329 4602 subjnnxe-

772 4648 896 4687 rttnt
965 4633 1173 4692 l’atres,
1227 4631 1368 4697 quod
1428 4610 1547 4697 quae
1602 4632 1665 4681 de
1700 4628 2155 4695 appellationibus
2186 4628 2326 4676 dicta

769 4734 892 4776 sunt
926 4734 978 4775 et
1017 4724 1217 4787 reliqua
1264 4720 1437 4771 locum
1477 4723 1692 4780 habent,
1735 4720 1955 4786 quando
2001 4717 2206 4785 judicia
2236 4730 2327 4769 ec-

766 4814 1069 4869 clesiastica
1124 4814 1261 4880 apud
1291 4824 1367 4867 tot
1394 4820 1763 4878 competentes
1811 4810 2023 4877 judices
2071 4808 2270 4860 fuerint
2309 4822 2325 4859 :

770 4920 872 4957 non
926 4915 1129 4964 autem,
1158 4904 1373 4970 quando
1404 4918 1464 4955 ex
1498 4901 1830 4961 accusatoris
1873 4910 1929 4952 et
1962 4898 2077 4965 ejus
2117 4898 2210 4965 qui
2242 4912 2333 4950 ac-

768 5004 987 5046 cusatur
1016 4996 1314 5054 voluntate,
1354 4994 1494 5061 apud
1523 4993 1735 5059 aliquos
1767 4991 1965 5043 electos
2007 5004 2099 5041 seu
2130 5004 2193 5042 ex
2220 4988 2329 5040 ele-

754 5068 948 5138 ctione
997 5097 1276 5151 susceptos
1301 5086 1531 5150 judiees,
1566 5086 1655 5149 qui
1706 5096 1845 5146 saepe
1895 5080 2331 5147 sontpanciores

770 5192 930 5243 quam
988 5177 1288 5228 cauonibus
1343 5176 1697 5227 constitutum
1762 5174 1854 5235 sit,
1915 5171 2081 5238 aliqui
2127 5170 2332 5238 judicio

765 5266 1159 5317 contenderim.
1213 5264 1366 5318 Tunc
1395 5266 1540 5318 enim
1573 5266 1625 5316 in
1680 5278 1867 5316 eorum
1904 5264 2230 5313 sententiam
2266 5277 2331 5313 ne

764 5353 1050 5421 appellatio
1105 5355 1315 5422 quidem
1370 5354 1552 5416 cadit,
1588 5363 1643 5404 ut
1701 5354 1831 5405 dicit
1883 5352 1960 5403 lex
2020 5353 2071 5403 in
2107 5351 2197 5404 lib.
2235 5364 2329 5409 vit.

767 5446 850 5498 tit.
888 5445 941 5510 2,
1002 5460 1119 5515 cap.
1148 5445 1242 5509 27,
1277 5450 1438 5500 tltetn.
1469 5447 1521 5508 5,
1578 5444 1720 5513 quod
1755 5446 1841 5496 hic
1876 5458 1933 5497 se
1967 5445 2168 5506 habet;
2204 5443 2332 5495 Sive

757 5537 910 5603 justa
968 5537 1083 5590 sive
1139 5538 1336 5603 injusta
1372 5548 1452 5590 est
1484 5538 1641 5591 electi
1688 5537 1887 5604 judicis
1960 5541 2245 5597 sententia,
2282 5536 2329 5587 ei

760 5638 905 5680 atare
951 5637 1186 5695 oportet.
1228 5628 1289 5681 Et
1326 5642 1490 5697 caput
1536 5630 1753 5682 tertium
1812 5629 2054 5697 ejusdem
2108 5628 2232 5681 libri
2268 5642 2332 5681 ac

761 5718 900 5771 tituli
929 5732 942 5770 :
972 5716 1087 5771 Non
1118 5720 1357 5785 indigent
1392 5722 1770 5789 provocatione
1799 5720 1998 5782 judicis
2026 5720 2183 5775 electi
2211 5734 2332 5774 sen-

2430 4542 2557 4593 όντα
2601 4542 2801 4591 κανόνα
2846 4543 2873 4591 ὁ
2902 4543 3323 4610 καταφρονήσας
3366 4543 3559 4595 τούτου
3590 4547 3618 4595 ό
3656 4544 3993 4613 ίιρωμένος·

2432 4632 2525 4682 καὶ
2552 4631 2823 4695 ἀνάγνωθι
2860 4631 2950 4681 τὸν
2980 4629 3053 4699 ρδ¹
3091 4634 3290 4683 κανόνα
3320 4618 3421 4699 τῆς
3454 4636 3739 4701 παρούσης
3770 4636 3993 4686 συνόδου

2432 4722 2525 4770 καὶ
2573 4720 2671 4786 τῆς
2718 4722 2775 4769 ἐν
2812 4718 3127 4786 Χαλκηδόνι
3177 4723 3377 4772 κανόνα
3417 4721 3480 4775 θ’.
3529 4723 3633 4773 Τοῦ
3676 4724 3732 4774 δέ
3773 4729 3998 4785 κανόνος

2433 4811 2638 4862 ἀνωθεν
2673 4810 3053 4877 διορισαμένου
3086 4812 3188 4862 ύπδ
3218 4812 3425 4864 δώδεκα
3460 4814 3778 4865 ἐπισκόπων
3809 4816 3997 4881 κρίνε-

2434 4901 2556 4951 σθαι
2580 4901 2704 4959 τοὺς
2730 4902 3079 4965 ἐπισκόπους,
3113 4904 3215 4953 ὑπὸ
3254 4902 3312 4964 ἒξ
3340 4904 3463 4963 τοὺς
3517 4904 3701 4972 ίιρείς,
3733 4906 3827 4954 καὶ
3867 4907 3998 4966 τοὺς

2430 4988 2714 5050 διακόνους
2760 4989 2864 5040 ὑπὸ
2904 4990 3091 5057 τριῶν,
3126 4991 3402 5058 ἐπήγαγον
3450 4992 3498 5041 οἱ
3550 4992 3789 5059 Πατέρες
3828 4993 3905 5062 ὡς
3934 4994 4002 5045 τά

2433 5079 2562 5146 περὶ
2602 5077 2709 5131 τῶν
2764 5078 3044 5145 ἐκκλήτων
3079 5082 3171 5131 καὶ
3206 5080 3273 5131 τὰ
3320 5080 3480 5132 λοιπά
3531 5081 3716 5149 χώραν
3758 5082 4000 5150 εχουσιν,

2432 5169 2519 5219 ὅτε
2560 5172 2627 5218 τὰ
2667 5168 3095 5234 ἐκκλησιαστικά
3144 5169 3473 5239 δικαστήρια
3520 5173 3673 5242 παρά
3724 5173 4003 5233 τοσούτοις

2434 5263 2764 5331 προσφόροις
2795 5263 3075 5324 δικασταῖς
3114 5267 3413 5327 γένωνται’
3454 5267 3515 5317 οὐ
3552 5270 3681 5335 μὴν.
3717 5269 3809 5319 ὅτε
3852 5270 4001 5319 κατά

2434 5354 2653 5419 θέλησιν
2718 5355 2815 5405 τοῦ
2883 5357 3192 5423 κατηγόρου
3241 5359 3333 5409 καὶ
3375 5356 3469 5409 τοῦ
3523 5361 4004 5428 κατηγορουμένου

2435 5446 2585 5515 παρά
2637 5463 2777 5497 τισιν
2844 5446 3197 5511 ἐπιλιγεῖσιν,
3255 5447 3329 5506 ὼς
3403 5449 3643 5517 αἱρετοῖς
3715 5450 4005 5508 δικασταῖς

2436 5534 2690 5598 πολλάκις
2716 5536 2806 5588 καὶ
2833 5537 3179 5605 ὀλιγωτέροις
3204 5533 3321 5589 οὖσι
3354 5539 3463 5590 τῶν
3485 5538 3813 5608 όρισθέντων
3850 5540 4004 5607 παρὰ

2434 5630 2541 5681 τῶν
2588 5629 2856 5689 κανόνων,
2916 5627 3214 5681 δικασθώσί
3284 5648 3448 5693 τινες.
3506 5631 3820 5698 Τηνικιῦτα
3896 5647 4009 5697 γαρ

2438 5722 2558 5774 οὐδὲ
2587 5720 2836 5788 ἐκκλήτῳ
2862 5719 3219 5773 ύποπεσείται
3258 5726 3289 5791 ἡ
3332 5724 3531 5775 τούτων
3588 5724 3887 5783 ἀπόφασις,
3935 5724 4005 5781 ὡς
