4214 6438
271 371 344 434 73
1348 374 1429 436 IN
1467 378 1628 437 CAN.
1673 378 1769 438 XV
1796 379 1999 441 CONC.
2044 382 2413 443 CAllTllAG.
3404 380 3476 443 76

268 495 442 548 φησιν
484 481 514 534 6
571 480 734 549 νόμος
783 480 841 533 ἐν
878 478 1066 550 βιϐλίῳ
1106 478 1172 545 ζ’,
1219 480 1383 550 τίτλῳ
1437 482 1503 550 β’,
1542 499 1668 550 κεφ.
1706 481 1854 545 κζ’,Α

1925 485 2241 540 tentia.Post
2278 487 2387 541 haec
2415 501 2588 541 canon
2636 488 2703 542 de
2746 486 2870 542 llliis
2909 488 3273 554 sacerdotum,
3314 489 3468 545 dicit.

268 565 465 634 θέματι
513 572 586 632 γ’,
628 565 801 629 οὕτως
848 568 1057 634 Ιχοντιο
1090 567 1213 619 Ehe
1260 568 1445 620 δικαία
1490 571 1601 620 εἴτε
1635 570 1817 631 ἄδικός

264 654 414 704 ἐστιν
440 654 471 721 ig
510 654 604 704 τοῦ
630 652 847 720 αἱρετοῦ
877 652 1077 720 ψῆφος,
1113 653 1372 721 ἐμμένειν
1400 652 1507 705 δεῖ·
1541 655 1633 705 καὶ
1678 654 1742 704 τὸ
1769 659 1817 718 γ’

266 758 395 806 κεφ.
441 742 535 794 τοῦ
600 740 764 793 αὐτοῦ
810 741 1012 810 βιϐλίου
1059 744 1153 794 καὶ
1212 743 1424 794 τίτλου·
1476 744 1565 811 Μὴ
1629 743 1816 811 χρείαν

263 832 438 899 ἐχέτω
462 834 724 899 ἐκκλήτου
766 834 799 899 ή
841 832 933 884 τοῦ
964 831 1183 900 αἱρετοῦ
1222 830 1474 885 δικαστοῦ
1521 834 1816 899 ἀπόφασις.

278 922 403 973 Ἐπὶ
435 924 644 984 τούτοις
673 926 701 974 ό
722 922 899 975 κανὼν
928 924 1054 987 περὶ
1088 922 1196 973 τῶν
1228 922 1433 975 τέκνων
1477 924 1586 974 τῶν
1621 925 1813 991 ίερέων

265 1016 455 1080 φησιν,
503 1014 588 1073 ἴνα
618 1001 788 1082 ⁶μήτε
832 1012 1033 1081 θεὼρια
1089 1012 1374 1075 ἐκτελῶσι,
1442 1014 1579 1082 μήτε
1638 1014 1817 1067 ἄλλων

262 1103 522 1155 τοιούτων
556 1102 963 1170 παραγίνωνται
997 1104 1089 1154 καὶ
1120 1101 1399 1169 θεωρῶσιν
1420 1120 1437 1136 ο
1463 1103 1545 1154 ὅτι
1568 1105 1661 1154 καὶ
1684 1106 1817 1155 πᾶσι

263 1196 612 1263 Χριπιανοίς
672 1194 1005 1260 κεκήρυκται
1051 1191 1127 1260 μὴ
1165 1193 1446 1261 προσιέναι
1499 1194 1633 1245 ὅπου
1686 1192 1816 1260 βλα-

266 1285 505 1352 σφημίαι
534 1283 658 1336 εἰσί.
688 1282 898 1352 Θεώρια
936 1281 994 1333 δὲ
1032 1282 1283 1347 λέγονται
1314 1283 1375 1334 οὐ
1413 1283 1573 1350 μόνον
1618 1284 1686 1333 τά
1724 1283 1815 1333 ιπ-

263 1375 558 1443 ποδρόμια,
581 1374 714 1425 ἀλλὰ
741 1375 833 1425 καὶ
877 1374 1024 1426 πᾶσα
1068 1373 1185 1435 θέα,
1217 1372 1551 1441 θηριομαχία
1592 1372 1812 1440 δηλαδὴ,

267 1468 500 1531 παίγνια
537 1463 738 1529 μίμων,
766 1463 1011 1531 δρχησις,
1060 1462 1153 1514 καὶ
1193 1462 1327 1515 ἄλλα
1368 1462 1591 1513 τοιαῦτα
1627 1462 1821 1527 δαιμο-

264 1555 427 1621 νιώδη
462 1556 617 1622 ἔργα.
651 1553 834 1605 Ταῦτα
872 1552 965 1603 τοῦ
1000 1554 1220 1612 κανόνος
1259 1551 1659 1618 διοριζομίνου,
1694 1550 1817 1602 sint

260 1646 344 1696 ὃτι
373 1646 456 1706 τὸ,
492 1647 596 1697 κᾶν
636 1648 667 1713 ή
704 1646 884 1712 ψῆφος
928 1645 1069 1712 ὺπέρ
1113 1644 1277 1697 αὑτοῦ
1309 1642 1620 1710 ἐκφωνηθῇ,
1651 1656 1818 1711 προσ-

265 1737 429 1805 ετέθη
464 1738 549 1789 διὰ
578 1736 704 1798 τοὺς
748 1736 1003 1801 λέγοντας
1033 1734 1271 1800 ὀφείλειν
1303 1731 1685 1799 καθαιρεῖσθαι
1718 1732 1816 1799 μό-

1920 572 1998 624 Ne
2028 575 2333 641 spectacula
2385 584 2660 642 peragant,
2697 588 2794 628 nec
2824 575 2945 629 aliis
2981 578 3353 646 peragentibus
3387 579 3470 630 in-

1921 665 2109 716 tersint
2155 673 2211 716 et
2258 671 2549 731 spectent:
2606 663 2728 728 quia
2770 672 2824 716 et
2858 665 3108 718 omnibus
3143 664 3470 719 Christianis

1921 753 2263 806 interdictum
2318 762 2421 815 est,
2454 766 2521 805 ne
2548 752 2805 805 accedant
2851 753 2938 806 ubi
2970 763 3095 807 sunt
3124 754 3472 819 blasphemia:

1918 850 1970 894 et
1994 842 2295 895 maledicta.
2328 839 2644 908 Spectacula
2671 850 2848 897 autem
2879 842 3149 907 dicuntur,
3176 859 3277 897 non
3300 845 3473 898 solum

1920 946 2177 997 equorum
2234 944 2452 991 cursus,
2488 932 2583 985 sed
2631 939 2685 983 et
2711 931 2886 983 omnis
2932 933 3146 998 generis
3189 933 3475 998 spectatio,

1921 1019 2217 1072 helluarum
2270 1020 2481 1073 scilicet
2524 1019 3197 1084 eertamina,bistrionum
3247 1021 3473 1084 ludicra,

1920 1111 2258 1173 saltationes,
2312 1119 2367 1164 et
2423 1108 2729 1178 hujusmodl
2798 1110 2900 1163 alia
2963 1124 3127 1179 opera
3186 1111 3474 1165 diabolica.

1921 1199 2046 1253 Haec
2079 1208 2261 1253 autem
2321 1200 2647 1255 decernente
2696 1213 2923 1265 canone,
2986 1200 3072 1253 die
3130 1201 3274 1267 quod
3327 1199 3473 1264 illud,

1920 1286 2130 1340 etiarnsi
2170 1301 2264 1351 pro
2287 1301 2351 1340 eo
2378 1288 2644 1341 sententia
2681 1288 2784 1339 lata
2815 1290 2904 1352 sit,
2937 1289 3205 1352 adjectum
3237 1297 3319 1341 est
3349 1303 3477 1353 pro-

1920 1382 2040 1444 pter
2062 1389 2172 1437 eos,
2205 1376 2294 1441 qui
2320 1377 2531 1439 dicunt,
2566 1390 2688 1427 eum
2735 1376 2907 1428 solum
2933 1374 3128 1428 debere
3160 1375 3353 1441 deponi
3392 1388 3479 1426 sa-

1918 1473 2148 1525 cratum,
2201 1466 2291 1531 qui
2342 1465 2421 1516 sic
2464 1463 2668 1530 judicio
2706 1463 2981 1514 contendit
3016 1463 3068 1513 in
3102 1476 3266 1515 causa
3292 1462 3479 1513 crimi-

1920 1557 2047 1618 nali,
2098 1565 2151 1607 et
2180 1555 2354 1608 vietus
2381 1564 2462 1607 est
2496 1572 2507 1606 :
2540 1569 2646 1606 non
2698 1564 2878 1606 autem
2924 1567 3046 1606 eum
3090 1554 3179 1620 qui
3238 1554 3389 1617 vicit,
3424 1562 3481 1607 ut

1920 1645 2009 1712 qui
2035 1644 2236 1709 justam
2265 1658 2482 1697 causam
2514 1645 2721 1697 haheat.
2749 1644 2921 1696 Ambo
2944 1643 3088 1696 enim
3118 1644 3479 1711 deponentur,

1923 1742 1981 1786 ut
2019 1736 2108 1801 qui
2162 1718 2463 1789 Ecclesiam
2525 1734 2718 1801 injuria
2796 1734 3054 1798 alliciant,
3113 1742 3167 1787 et
3211 1748 3479 1788 canonem

261 1845 349 1879 vov
378 1797 468 1878 τὸν
490 1822 630 1878 οὕτω
670 1797 1031 1893 δικασάμενον
1077 1797 1371 1893 ίερωμένον
1409 1797 1570 1892 χάριν
1615 1797 1814 1891 ἐγκλη-
1850 1798 1854 1850 ἶ

1925 1834 2293 1889 contemnant.
2344 1823 2602 1878 Sacratus
2630 1825 2850 1892 quidem
2889 1827 2980 1892 qui
3022 1825 3187 1877 traxit
3220 1826 3481 1878 ecclesia-

264 1918 499 1985 ματικῆς
531 1918 836 1977 ὑποθέσεως
869 1921 960 1967 καὶ
992 1916 1315 1983 ἡττηθέντα,
1347 1916 1406 1964 οὐ
1453 1912 1560 1982 μὴν
1594 1914 1690 1964 καὶ
1723 1912 1816 1965 τὸν

260 2010 587 2073 νικήσαντα,
615 2006 687 2068 ὡς
717 2006 928 2059 δικαίαν
960 2006 1149 2073 έχοντα
1194 2003 1474 2056 ὑπόθεσιν.
1509 2004 1617 2054 Καὶ
1644 2005 1813 2069 ἄμφω

259 2100 372 2165 γὰρ
398 2098 909 2166 καθαιρεθήσονται,
935 2097 1009 2157 ὠς
1042 2095 1297 2164 ὑϐρισταὶ
1324 2095 1423 2160 τῆς
1459 2094 1815 2160 Ἐκκλησίας,

263 2190 470 2241 καὶτοῦ
502 2189 723 2248 κανόνος
746 2186 1023 2254 άθετηταί.
1070 2186 1128 2237 Ὀ
1170 2187 1355 2253 μέντοι
1400 2186 1490 2236 τὸν
1524 2186 1822 2251 ἐκκλησια-

263 2282 447 2333 στικὸν
481 2281 715 2341 ἑλκύσας
747 2278 1043 2347 ἱερωμένος
1070 2280 1147 2338 είς
1181 2277 1446 2343 κοσμικὸν
1472 2276 1821 2345 δικαστήριον

263 2372 427 2445 χάριν
449 2370 794 2441 χρηματικῆς
815 2370 1103 2428 αίτιάσεως
1130 2368 1225 2419 καὶ
1262 2368 1492 2436 νικήσας
1540 2367 1819 2433 καθαιρεῖ-

262 2474 373 2523 ται,
400 2462 494 2511 ἐὰν
533 2462 715 2528 στοιχῇ
748 2462 812 2527 τῇ
839 2459 979 2525 ὑπὲρ
1013 2456 1179 2510 αὐτοῦ
1224 2458 1520 2524 ἀποφάσει,
1559 2458 1653 2508 καὶ
1726 2455 1854 2525 θέλῃ

265 2554 361 2602 ἐὰν
410 2556 761 2620 παρῃτήσατο
812 2551 872 2601 τὸ
932 2549 1379 2617 ἐκκλησιαστικὸν
1428 2549 1798 2617 δικαστήριον,
1858 2546 1955 2597 κα)⁵
1999 2545 2233 2612 ἐζήτησε
2278 2546 2340 2594 τὸ

1926 1917 2118 1968 sticum
2163 1916 2213 1967 in
2246 1914 2499 1967 saculare
2534 1915 2793 1983 judicium
2826 1930 2920 1981 pro
2960 1930 3115 1967 causa
3149 1916 3481 1982 pecuniaria,

1930 2016 1983 2059 et
2014 2006 2164 2066 vicit,
2222 2004 2527 2073 deponitur,
2564 2005 2605 2056 si
2652 2007 2951 2067 sententir,
2985 2021 3103 2073 qua:
3138 2020 3232 2073 pro
3263 2020 3322 2058 se
3377 2006 3482 2058 lata

1928 2105 2033 2159 est,
2070 2096 2295 2156 steterit,
2327 2104 2381 2147 et
2414 2094 2637 2147 voluerit
2664 2110 2774 2147 rem
2839 2095 3037 2148 habere
3094 2111 3251 2163 quam
3302 2096 3430 2146 Vicit
3464 2112 3479 2147 :

1930 2187 2381 2256 quemadmodum
2411 2196 2465 2237 et
2508 2200 2652 2248 reus,
2685 2186 2729 2238 si
2753 2185 3010 2250 judicium
3053 2187 3481 2239 ecclesiasticum

1929 2276 2220 2334 recusavit,
2251 2282 2303 2325 et
2346 2273 2505 2325 civile
2540 2274 2748 2339 petivit,
2782 2283 2838 2325 et
2868 2273 3015 2323 vicit.
3064 2273 3117 2325 Si
3159 2279 3302 2327 enim
3336 2274 3482 2327 cedit

1928 2379 2010 2428 re,
2030 2378 2124 2429 pro
2150 2376 2252 2427 qua
2284 2361 2531 2428 litigavit,
2570 2374 2721 2412 suum
2760 2360 2979 2412 licuoris
3002 2363 3222 2426 gradum
3262 2363 3481 2416 retinet.

1931 2455 2072 2523 ἐχειν
2098 2454 2158 2504 τὸ
2186 2469 2250 2519 πρ
2264 2453 2415 2519 ἄγμα
2444 2450 2471 2503 δ
2495 2450 2765 2519 ἐνίκησεν,
2796 2449 2985 2519 ὥσπερ
3024 2452 3119 2503 καὶ
3152 2456 3179 2504 ό
3210 2452 3481 2521 ἐναχθεὶς,

2416 2542 2716 2607 πολιτικὸν,
2776 2546 2871 2595 καὶ
2946 2544 3221 2614 ἐνίκησεν.
3274 2545 3335 2595 El
3377 2544 3485 2611 γάρ

263 2643 557 2709 ἀφίσταται
581 2639 676 2692 τοῦ
712 2640 1056 2708 πράγματος,
1081 2640 1209 2707 περὶ
1236 2631 1296 2689 οὗ
1332 2638 1641 2700 ἐδικάσατο,
1665 2637 1817 2706 μένει
1856 2634 1996 2703 ἔχων
2025 2636 2123 2701 τήν
2154 2636 2359 2686 οἰκείαν
2390 2634 2698 2700 ἐπιτιμίαν.

334 2734 444 2784 Καὶ
481 2730 654 2782 ταῦτα
686 2730 783 2797 μὲν
820 2731 847 2780 ό
871 2727 1050 2780 κανὼν
1092 2726 1408 2797 διορίζεται.
1464 2729 1710 2797 Σήμερον
1764 2726 1823 2778 δὲ

262 2820 615 2890 παρορῶνται
647 2818 819 2871 ταῦτα
856 2817 920 2869 δι’
950 2817 1017 2885 ἢν
1045 2817 1227 2870 αἰτίαν
1263 2818 1323 2870 οὐ
1373 2815 1649 2884 γινώσκω.
1684 2816 1824 2868 [Ιολ-

264 2910 347 2961 λοὶ
384 2911 512 2977 γὰρ,
543 2908 603 2960 οὐ
632 2909 795 2976 μόνον
827 2906 1028 2969 λαῖκοὶ,
1076 2906 1211 2959 ἀλλὰ
1266 2908 1361 2958 καὶ
1403 2906 1710 2975 ίερωμένοι,
1736 2904 1824 2955 ἐλ-

266 3019 457 3054 κουσιν
491 3002 569 3061 είς
603 2999 857 3051 πολιτικά
881 2998 1213 3066 δικαστήρια
1239 2996 1594 3058 ἐπισκόπους,
1631 2996 1823 3064 κληρι-

262 3093 394 3155 κούς
416 3109 473 3143 τε
511 3092 605 3143 καὶ
660 3090 952 3158 μοναχοὺς,
1004 3088 1140 3155 μηδέ
1196 3086 1494 3154 πρόσταξιν
1537 3086 1822 3154 βασιλικὴν

263 3184 392 3251 περὶ
430 3180 619 3232 τούτου
677 3178 1059 3247 πορισάμενοι,
1102 3176 1196 3228 καὶ
1237 3174 1358 3227 οὔτε
1395 3177 1429 3244 ή
1481 3176 1573 3226 τοῦ
1608 3176 1820 3243 άπροσο

261 3275 429 3341 φόρου
459 3269 716 3324 δικαστοῦ
742 3266 1083 3337 παραγραφὴ
1109 3265 1383 3317 λυσιτελεῖ
1419 3268 1529 3327 τοῖς
1561 3264 1825 3332 ἐναγομέ-

258 3382 371 3425 νοις
394 3381 411 3395 ’
451 3359 928 3426 καταναγκάζουσι
962 3360 1069 3424 γάρ
1095 3357 1319 3417 τούτους
1354 3357 1446 3407 καὶ
1478 3356 1711 3417 ἄκοντας
1737 3356 1819 3407 δι-

262 3454 527 3518 κάζεσθαι
556 3469 569 3484 θ
616 3452 741 3502 οὗτε
800 3451 851 3502 οί
900 3448 1229 3508 ἑλκύσαντες
1280 3447 1478 3508 αὐτοὺς
1534 3446 1819 3515 ίερωμένοι

258 3546 566 3613 ἐϐλάϐησαν
591 3543 967 3609 ὁπωσδήποτε,
996 3538 1109 3591 ἀλλ’
1140 3538 1260 3590 οὐδὲ
1291 3538 1340 3590 οἱ
1372 3536 1691 3614 ἐναγόμενοι
1727 3554 1822 3605 μο-

262 3636 475 3704 ναχοὶή
514 3633 770 3702 κληρικοὶ
823 3632 899 3691 είς
936 3630 1293 3696 δικαστήριον
1341 3628 1817 3695 ἐκκλησιαστικὸν,

263 3728 356 3778 καὶ
393 3722 868 3791 παραιτησάμενοι
889 3718 1069 3779 τοῦτο,
1092 3717 1376 3784 πολιτικὴν
1406 3717 1460 3768 δὲ
1484 3718 1818 3786 ζητήσαντες

260 3815 639 3875 κατεξὲτασιν,
677 3810 819 3862 κατά
846 3826 898 3861 τι
952 3808 1411 3877 ἐτιμωρήθησανο
1460 3807 1649 3875 ὥσπερ
1696 3807 1818 3860 ούδέ

256 3909 306 3958 0i
373 3904 728 3963 ἑλκυσθέντες
784 3900 1100 3971 κληρικοὶῆ
1152 3897 1378 3967 μοναχοὶ
1426 3900 1505 3960 εἰς
1552 3898 1817 3965 κοσμικὸν

255 3998 633 4062 δικαστήριον,
674 3992 771 4045 καὶ
822 3990 1250 4057 καταδεξάμενοι
1292 3992 1371 4051 είς
1402 3987 1559 4041 τοῦτο
1591 3988 1817 4040 δικάσα·

256 4089 401 4139 σθαι.
435 4084 541 4136 Τοῦ
580 4085 637 4135 δὲ
670 4083 1113 4152 χρηματίσαντος
1146 4079 1567 4149 καθηγουμένου
1596 4078 1695 4145 τῆς
1721 4095 1817 4146 μο-

254 4178 352 4245 νῆς
393 4174 489 4226 τοῦ
525 4175 912 4226 Παντεπὸπτου
972 4168 1211 4239 μοναχοῦ
1268 4168 1479 4220 ἐκείνου
1527 4169 1813 4231 Μελετίου,

253 4266 610 4326 ἐλκυσοέντος
646 4265 723 4323 είς
754 4263 817 4313 τὸ
848 4260 1119 4312 συνοδικὸν
1158 4260 1529 4327 δικαστήριον,
1565 4258 1659 4310 καὶ
1711 4274 1818 4309 πα-

256 4357 661 4429 ραιτησαμένου
688 4353 821 4405 αὐτὸ
850 4352 925 4413 ὼς
954 4350 1317 4419 καταθύμιον,
1349 4350 1444 4401 καὶ
1473 4350 1815 4419 μεταγαγόν-

1999 2724 2061 2776 Ει
2100 2727 2209 2777 haec
2261 2726 2477 2792 quidem
2510 2740 2680 2777 canon
2724 2725 3024 2779 constituit.
3062 2726 3232 2782 Hodie
3297 2739 3478 2784 autem

1930 2816 2042 2866 luet:
2100 2816 2462 2883 negliguntur,
2523 2825 2741 2880 propter
2797 2830 2959 2882 quam
3021 2831 3238 2870 causam
3277 2823 3482 2875 nescio.

1934 2903 2085 2957 Multi
2121 2906 2283 2965 enim,
2316 2919 2419 2955 neu
2471 2904 2641 2955 solum
2697 2906 2857 2966 laici,
2888 2908 2981 2957 sed
3039 2908 3203 2959 etiam
3260 2914 3483 2972 sacrati,

1928 2997 2232 3063 episcopos,
2277 2995 2503 3047 clericos
2545 3004 2599 3047 et
2650 2995 2941 3048 monachos
2980 2999 3044 3048 ad
3080 3000 3253 3051 civilia
3283 3000 3485 3067 judicia

1928 3081 2169 3141 trahunt,
2229 3096 2328 3133 nec
2381 3083 2741 3149 imperatoris)
2771 3084 2983 3149 quidem
3052 3089 3361 3141 mandatum
3418 3093 3485 3142 de

1923 3186 1983 3222 ea
2023 3186 2081 3221 re
2125 3170 2422 3236 exhibent;
2472 3183 2526 3223 et
2586 3187 2758 3239 neque
2818 3175 3233 3241 incompetentis
3282 3180 3485 3245 judicia

1923 3264 2262 3330 pra-scriptio
2318 3278 2409 3314 seu
2440 3266 2689 3328 exceptio
2724 3266 2941 3328 prodest
2973 3267 3059 3327 iis,
3086 3268 3172 3332 qui
3206 3270 3281 3320 rei
3316 3285 3483 3338 agun-

1925 3362 2051 3405 tur:
2096 3368 2190 3405 eos
2238 3356 2380 3405 enim
2426 3362 2628 3421 regunt
2671 3356 2750 3407 vel
2795 3355 2992 3408 invitos
3022 3358 3227 3421 judicio
3258 3372 3485 3414 cottlen-

1924 3441 2073 3495 dere.
2108 3441 2215 3495 Nec
2247 3444 2464 3505 sat-rati,
2500 3444 2591 3510 qui
2622 3459 2715 3496 eos
2753 3454 3054 3507 traxerunt,
3090 3448 3291 3509 aliquid
3326 3452 3480 3517 peni-

1922 3546 2008 3587 tus
2034 3537 2215 3589 damni
2268 3551 2529 3599 sensere;
2583 3537 2677 3590 sed
2711 3553 2812 3591 nec
2850 3541 3096 3591 monachi
3128 3542 3209 3592 vel
3270 3544 3481 3608 clerici,

1922 3628 2181 3680 adversus
2208 3642 2344 3693 quos
2402 3629 2451 3679 in
2518 3626 2631 3678 loro
2695 3627 3069 3681 ecclesiastico
3115 3630 3314 3697 agitur,
3350 3632 3391 3683 si
3430 3632 3482 3686 id

1919 3720 2133 3785 quidem
2169 3717 2553 3776 recusaverint,
2581 3715 2787 3768 civilem
2818 3731 2995 3769 autem
3028 3721 3481 3774 exaltliltnliuan

1919 3811 2231 3878 petiverint,
2268 3808 2372 3860 ulla
2402 3809 2454 3861 in
2512 3824 2570 3861 re
2602 3811 2770 3875 puniti
2800 3819 2921 3861 sunt
2956 3826 2971 3861 :
3027 3814 3482 3877 quemadmodum

1920 3918 2019 3953 nec
2058 3900 2239 3954 clerici
2274 3900 2356 3953 vel
2409 3901 2681 3957 monachi.
2716 3900 2804 3968 qui
2843 3902 2894 3953 in
2924 3904 3183 3956 saeculare
3218 3904 3483 3969 judicium

1919 3994 2072 4046 tracti
2110 4003 2254 4055 siml,
2298 4003 2350 4045 et
2380 3992 2432 4043 in
2467 4006 2531 4045 eo
2559 3992 2771 4058 litigare
2816 4006 2920 4043 non
2971 4005 3307 4046 recusarunt.
3341 3994 3475 4047 Cum

1925 4091 2101 4134 autem
2156 4082 2451 4134 monachus
2506 4080 2590 4131 ille
2622 4080 2883 4143 Meletius,
2918 4083 3006 4147 qui
3042 4088 3358 4150 pra-positus
3385 4085 3484 4137 fuit
3532 4112 3535 4117 ν

1929 4169 2239 4224 monasterii
2299 4167 2636 4236 Pnntepopti,
2672 4168 2738 4221 ad
2790 4169 3047 4237 synodale
3073 4171 3332 4237 judicium
3369 4182 3483 4225 tra-

1918 4270 2058 4320 ctus,
2094 4259 2269 4323 ipsum
2304 4266 2361 4309 ut
2396 4258 2494 4310 sibi
2528 4271 2631 4308 non
2672 4267 2882 4323 gratum
2918 4273 3246 4323 reeusasset,
3276 4271 3328 4313 et
3358 4278 3483 4315 cau-

1920 4364 2037 4404 sam
2072 4350 2135 4401 ad
2186 4348 2445 4401 saaeulare
2506 4346 2737 4398 tribunal
2773 4349 3100 4401 traduxisset
3132 4364 3226 4416 per
3258 4352 3483 4403 manda-

250 4470 341 4515 τος
365 4453 463 4520 τήν
487 4448 739 4501 ὑπόθεσιν
762 4447 839 4507 είς
867 4445 1127 4512 κοσμικὸν
1155 4444 1503 4513 δικαστήριον
1527 4444 1614 4497 διὰ
1646 4444 1815 4513 πρόσο
1845 4453 1854 4510 ι

1925 4450 2031 4492 ιιιιιι
2070 4439 2378 4506 imperiale;
2422 4436 2805 4491 sanctissimus
2863 4439 3171 4507 patriarcha
3235 4441 3485 4494 dominus

254 4542 413 4607 ταξιν
446 4536 745 4607 βασιλικήν,
792 4537 820 4586 ὀ
866 4534 1168 4599 άγιώτατος
1213 4535 1560 4602 πατριάρχης
1603 4534 1810 4593 ἐκεῖνος

251 4634 444 4702 κύριος
468 4629 679 4687 Λουκᾶς
713 4624 1131 4694 ὑϐριοπαθήσας
1158 4625 1250 4675 ἐπὶ
1280 4624 1356 4691 τῷ
1377 4625 1647 4691 γεγονότι,
1686 4623 1818 4675 πολ-

251 4723 353 4791 ).le
409 4720 562 4771 ἔθετο
613 4716 850 4785 σπουδὴν
900 4713 1299 4782 διορθώσασθαι
1374 4716 1435 4767 τὸ
1501 4716 1814 4783 γενόμενον.

252 4815 499 4865 Ἤκουσε
531 4809 589 4860 δέ
620 4809 727 4860 ἀπὸ
758 4804 1203 4881 τῶν-πολιτικῶν
1231 4804 1501 4857 δικαστῶν
1533 4804 1607 4866 ὡς
1642 4807 1675 4873 ὴ
1717 4806 1815 4871 βα-

254 4900 440 4968 σιλικὴ
476 4896 695 4960 ἐξουσία
744 4897 922 4948 πάντα
948 4892 1172 4946 δύναται
1206 4896 1378 4946 ποιεῖν
1404 4908 1417 4922 ·
1484 4894 1578 4946 καὶ
1624 4895 1814 4963 ὥσπερ

248 4991 471 5044 ἐδύνατο
504 4984 875 5057 πρωτοτύπως
896 4982 1081 5035 δοῦναι
1116 4983 1393 5035 πολιτικὸν
1439 4982 1697 5047 δικαστὴν
1720 4984 1818 5051 χά.

252 5098 338 5150 ριν
391 5077 487 5130 τοῦ
544 5077 765 5129 δικάσαι
812 5074 1112 5126 ἐπίσκοπον
1178 5073 1211 5141 ἢ
1265 5073 1451 5142 ἓτερον
1515 5074 1815 5140 ἱερωμένον

248 5169 599 5236 ἐναγόμενονο
626 5164 771 5218 οὕτω
820 5165 915 5217 καὶ
939 5163 1083 5215 κατὰ
1111 5161 1401 5229 μετάθεσιν
1434 5162 1493 5213 τὸ
1518 5162 1814 5230 ἐκκλησια-

250 5260 437 5314 στικὸν
477 5259 825 5326 δικαστήριον
860 5254 1151 5325 μεταγάγῃ
1175 5254 1317 5305 κατὰ
1337 5252 1568 5321 νόμιμον
1608 5249 1813 5319 παραί-

247 5369 407 5421 τησιν
437 5352 517 5413 είς
545 5348 843 5402 πολιτικόν.
878 5345 1026 5415 Πλὴν
1051 5349 1078 5397 ό
1106 5346 1257 5405 ἐντὸς
1281 5342 1608 5413 δηλούμενος
1639 5342 1814 5412 καθη-

248 5444 542 5511 γούμενος,
574 5438 676 5492 κᾶν
709 5437 1043 5507 εἰσηκούσθη
1063 5436 1122 5487 τὸ
1156 5436 1434 5487 συνοδικὸν
1467 5434 1816 5504 παραιτησά-

254 5552 416 5603 μενος
442 5532 822 5601 δικαστήριον,
856 5530 954 5583 καὶ
988 5528 1291 5597 ὁιετηρήθη
1323 5528 1811 5597 ἁποκριμάτιστο;’

251 5626 389 5679 ἀλλὰ
423 5626 533 5678 ἀπὸ
561 5622 655 5675 τοῦ
691 5622 767 5692 ρδ¹
794 5621 1014 5682 κανόνος
1038 5622 1134 5689 τῆς
1170 5620 1452 5689 παρούσης
1482 5618 1724 5681 συνόδου,
1757 5618 1815 5669 ὃν

255 5721 349 5771 καὶ
373 5714 675 5783 ἀνάγνωθι,
723 5712 923 5781 ὤφειλε
982 5712 1400 5779 καθαιρεθῆναι.
1455 5712 1527 5763 Τὸ
1591 5711 1695 5779 γὰρ
1750 5707 1812 5772 ιζ’

536 5806 801 5865 Panos.
833 5804 921 5863 Gn
995 5804 1095 5860 CX
1112 5802 1390 5863 XXVI”.

1919 4532 2093 4585 Lucas
2118 4529 2171 4582 id
2199 4544 2341 4598 πετο
2404 4527 2608 4593 ferens,
2645 4528 2929 4595 plurimum
2964 4530 3198 4582 studium
3235 4531 3485 4585 adhibuit

1922 4634 1979 4677 ut
2024 4624 2389 4690 corrigeretur
2428 4622 2570 4689 quod
2630 4619 2829 4673 factum
2872 4621 3070 4675 fuerat.
3108 4623 3330 4675 Audivit
3390 4641 3485 4675 an-

1922 4726 2026 4770 tem
2062 4729 2090 4766 a
2112 4690 2673 4780 civilibusjudicibus,
2699 4712 2842 4780 quod
2866 4712 3206 4779 imperatoris
3245 4724 3482 4781 potestas

1918 4806 2099 4858 omnia
2133 4804 2312 4858 lacere
2346 4813 2520 4871 potest
2552 4820 2565 4855 :
2598 4812 2651 4855 et
2680 4806 3134 4869 quemadmodum
3167 4808 3343 4871 primo
3367 4806 3484 4861 loco

1918 4900 2093 4964 patuit
2130 4898 2427 4964 imperator
2476 4884 2687 4949 civilem
2730 4895 2969 4961 judicent
3026 4913 3121 4962 pro
3186 4898 3483 4965 judicando

1918 4986 2175 5054 episcopo
2213 4985 2295 5037 vel
2346 4985 2454 5037 alio
2512 4994 2746 5049 sacrato,
2782 4989 3047 5039 adversus
3093 5003 3253 5054 quem
3308 4981 3484 5055 agitur

1919 5078 2254 5131 constituere
2286 5089 2302 5127 :
2338 5077 2411 5128 ita
2440 5085 2493 5128 et
2545 5090 2639 5145 per
2674 5077 3172 5143 transpositionem,
3209 5079 3477 5143 judicium

1918 5168 2350 5223 ecclesiasticqu
2380 5182 2445 5219 ex
2476 5167 2715 5231 legitima
2744 5169 3061 5235 exceptione
3096 5170 3146 5220 in
3187 5170 3343 5222 civile
3372 5180 3483 5221 tra-

1919 5261 2152 5313 duxerit.
2207 5256 2312 5311 Sed
2376 5258 2591 5311 etiamsi
2624 5258 2715 5325 qui
2782 5258 2869 5310 hic
2915 5260 3114 5311 dicitur
3162 5262 3479 5313 monasterii

1921 5347 2209 5415 praefectus
2250 5345 2535 5398 exauditus
2591 5354 2693 5405 est,
2721 5345 2984 5413 synodale
3028 5346 3288 5413 judicium
3325 5360 3481 5398 recu-

1920 5454 2066 5501 sans,
2096 5446 2149 5489 et
2178 5438 2297 5490 sine
2327 5436 2637 5504 praajudicio
2658 5446 3012 5489 conservatus
3047 5447 3127 5487 est
3164 5454 3174 5487 :
3217 5445 3389 5487 tamen
3417 5449 3485 5489 ex

1918 5544 2122 5584 canone
2150 5528 2249 5581 104
2293 5528 2572 5595 ιιτιιιεοιιιὶε
2620 5526 2809 5594 synodi
2852 5526 3049 5593 deponi
3087 5526 3288 5588 debuit,
3322 5541 3485 5593 quem

1923 5622 2034 5688 lege
2067 5637 2079 5671 :
2118 5620 2382 5671 decimum
2417 5619 2703 5684 septimum
2736 5619 2873 5668 enim
2923 5626 3085 5684 caput
3130 5617 3286 5684 primi
3348 5615 3482 5668 tituli

1922 5712 2064 5766 tertii
2099 5710 2245 5771 libri,
2268 5709 2393 5761 licet
2421 5709 2676 5761 decernat
2709 5723 2827 5761 Cum
2866 5709 3207 5774 imperatoris
3237 5708 3487 5759 mandato

3108 5799 3141 5857 3
