4214 6438
785 378 815 437 7
826 379 855 436 5
2017 381 2276 443 THEOD.
2318 385 2405 442 BA
2415 386 2545 443 LSA
2555 386 2705 443 MON
3882 386 3955 450 76

787 501 942 555 posse
997 488 1255 544 adversus
1301 494 1581 555 episcOpos
1629 488 1732 555 agi,
1766 498 1820 540 et
1856 505 1947 541 eos
1975 491 2095 543 sisti
2142 504 2321 544 coram
2347 495 2398 553 Α
2424 510 2451 545 κ

2290 506 2321 543 n
2347 495 2398 553 Α
2424 510 2549 561 κεφ.
2584 495 2678 546 τοῦ
2720 502 2767 545 α’
2822 493 3003 544 τίτὶου
3034 493 3127 546 τοῦ
3171 492 3217 560 γ’
3247 493 3475 559 βιϐλίου,
3511 494 3612 547 κᾶν
3656 495 3954 565 διορίζητιι

785 574 1028 628 civilibus
1048 576 1311 642 judicibus
1334 590 1347 624 :
1375 577 1474 626 hoc
1501 584 1694 637 tamen,
1722 583 1779 626 ut
1806 576 1935 628 mihi
1960 577 2188 640 videtur,
2217 593 2319 632 non

786 664 1007 728 quadrat
1068 662 1340 714 canonica:
1380 662 1652 720 doctrinae.
1687 662 1843 731 532
1891 664 2151 719 Debemus
2180 669 2317 719 enim

786 748 985 812 dicere,
1022 758 1147 801 tunc
1172 752 1307 803 trahi
1338 752 1643 817 episcopum
1676 767 1774 818 pro
1802 767 1878 816 re,
1920 768 2039 818 qute
2068 756 2315 821 privatim

781 836 845 888 ad
881 838 1049 902 ipsum
1115 839 1348 903 pertinet
1385 855 1399 891 :
1434 855 1540 891 non
1568 848 1741 891 autem
1778 854 1872 904 pro
1909 844 2199 907 qttmstione
2220 858 2317 896 ec-

777 921 1103 977 clesiastica.
1156 923 1233 973 Re
1257 925 1398 976 enim
1427 924 1684 991 ejusmodi
1738 928 2033 994 proposita,
2082 945 2188 981 non
2222 930 2317 982 tle-

780 1010 903 1062 bent
934 1011 1114 1063 civiles
1138 1006 1345 1077 jmtices
1379 1012 1538 1063 ullam
1558 1011 1673 1079 ejus
1704 1014 1904 1068 habere
1934 1017 2315 1082 cognitionem.

772 1098 887 1149 Jam
924 1114 1048 1150 vero
1090 1114 1275 1165 magna
1318 1113 1526 1165 quoque
1581 1107 1663 1153 est
1710 1100 1826 1167 ejus
1871 1101 2191 1167 diﬂ'ereutia,
2223 1110 2313 1173 qui

774 1206 868 1241 sua
894 1200 1082 1252 sponte
1123 1189 1538 1241 ecclesiasticum
1586 1188 1843 1256 judicium
1879 1203 2087 1245 recusat
2129 1203 2180 1246 et
2216 1210 2313 1246 sae-

773 1278 954 1329 culare
975 1293 1037 1328 cx
1076 1278 1420 1342 imperatoris
1447 1278 1698 1331 mandato
1746 1280 1960 1345 quierit,
1995 1289 2047 1333 et
2076 1280 2188 1344 ejus
2221 1283 2311 1347 qui

768 1367 919 1431 jussu
957 1366 1292 1430 imperatoris
1344 1366 1543 1419 invitus
1575 1375 1771 1421 tractus
1827 1377 1907 1420 est
1960 1371 2023 1421 ad
2060 1372 2314 1424 saeculare

764 1452 1046 1517 judicium.
1120 1449 1260 1517 Lege
1326 1456 1486 1504 etiam
1562 1466 1681 1518 cap.
1741 1457 1761 1505 l
1835 1455 1982 1509 tit.9
2037 1460 2315 1522 prmsi-ntis

772 1540 972 1605 operis,
1009 1548 1060 1589 et
1092 1554 1207 1605 qua
1240 1539 1429 1606 inipso
1455 1557 1480 1590 a
1523 1542 1678 1594 uobis
1717 1544 1916 1610 scripta
1947 1556 2092 1597 sunt.
2129 1546 2314 1600 Petere

767 1637 944 1678 autem
978 1624 1307 1691 conjudicem
1332 1625 1543 1677 civilem
1579 1640 1671 1691 per
1693 1629 1997 1679 mandatum
2037 1630 2310 1696 imperiale

767 1724 997 1777 nonest,
1044 1725 1098 1767 ut
1151 1715 1278 1769 milii
1320 1714 1553 1771 videtur.
1598 1714 1923 1781 proltihitnm
1978 1725 2030 1768 ct
2082 1718 2309 1789 inaxinue

2426 584 2563 651 μετά
2601 582 2885 650 βασιλικῆς
2912 582 3207 645 κελεύσεως
3241 583 3516 650 διάγεσθαι
3563 586 3653 636 καὶ
3686 585 3958 650 παρίστα-

2420 672 2544 723 σθαι
2589 673 2714 730 τοὺς
2748 672 3077 734 ιπισκὸπους
3108 674 3257 741 παρά
3312 673 3607 735 πολιτικοῖς
3662 673 3950 740 ἄρχουσιν,

2417 760 2549 811 ἀλλὰ
2574 760 2728 812 τοῦτο
2762 762 2820 813 οὐ
2861 762 3240 831 προσίσταται,
3274 762 3348 824 ὡς
3377 764 3503 830 ἐμοὶ
3558 762 3723 826 δοκεῖ,
3755 764 3822 829 τῇ
3859 778 3959 812 κα-

2416 852 2600 914 νονικῇ
2622 848 2957 917 διδασκαλίᾳ.
2998 848 3314 917 Ὀφείλομεν
3349 850 3461 916 γάρ
3500 850 3675 901 εἰπεῖν
3719 847 3807 899 τὶν
3837 850 3952 898 επί-

2419 952 2621 987 σκοπον
2645 938 2946 1004 τηνικαῦτα
2969 938 3225 993 ἕλκεσθαι
3262 939 3392 1007 περὶ
3413 936 3736 1005 πράγματος
3755 926 3954 996 ιδικώς

2416 1025 2564 1092 αὑτῷ
2595 1027 2965 1095 διαφέροντος,
2996 1029 3056 1079 οὐ
3084 1027 3189 1096 μὴν
3216 1029 3344 1097 περὶ
3375 1025 3825 1094 εκκλησιαστικοῦ
3858 1026 3955 1091 ζη-

2414 1115 2655 1180 τήματος
2681 1129 2697 1144 ·
2724 1116 2970 1166 τοιούτου
3002 1116 3108 1182 γὰρ
3134 1117 3495 1183 προκειμένου
3526 1115 3666 1175 τινὸς
3697 1118 3955 1183 ἀμέτοχοι

2416 1197 2558 1255 εἶναι
2589 1203 2898 1269 ὀφείλουσιν
2934 1206 2981 1254 ot
3016 1204 3280 1257 πολιτικοὶ
3301 1204 3570 1266 δικασταί.
3596 1204 3745 1266 Τέως
3772 1204 3827 1255 δὲ
3858 1206 3953 1254 καὶ

2417 1290 2626 1358 μεγάλη
2648 1292 2761 1343 ἐστὶ
2789 1291 3020 1360 διαφορὰ
3043 1291 3136 1343 τοῦ
3162 1292 3493 1359 αὐθαιρέτως
3518 1293 3953 1359 παραιτουμένου

2413 1377 2473 1426 τὸ
2517 1378 2960 1445 ἐκκλησιαστικὸν
2998 1379 3365 1448 δικαστήριον,
3411 1382 3500 1431 καὶ
3558 1380 3840 1448 ζητοῦντος
3888 1380 3952 1431 τὸ

2428 1462 2702 1515 πολιτικὸν
2747 1464 3093 1533 δικαστήριον
3137 1465 3221 1516 διὰ
3256 1466 3600 1532 προστάξεως
3647 1466 3949 1533 βασιλικῆς,

2416 1552 2509 1601 καὶ
2534 1553 2626 1603 τοῦ
2660 1553 3006 1614 έλκυσθέντος
3028 1551 3294 1612 ἀκουσίως
3343 1552 3479 1603 κατά
3509 1553 3752 1604 κέλευσιν
3803 1554 3953 1623 βασι-

2412 1638 2568 1707 λικὴν
2626 1644 2706 1701 είς
2754 1644 3017 1709 κοσμικδν
3074 1643 3435 1710 δικαστήριον.
3514 1632 3812 1704 ’Δνάγνωθι
3858 1642 3952 1692 καὶ

2413 1743 2539 1795 κεφ.
2578 1726 2627 1780 α’
2661 1730 2755 1781 τοῦ
2800 1732 2843 1783 θ’
2896 1731 3075 1783 τίτλου
3107 1731 3199 1783 τοῦ
3240 1730 3504 1799 παρόντος
3554 1730 3946 1797 συντάγματος,

770 1805 989 1873 quando
1008 1814 1271 1857 estcausa
1310 1803 1643 1870 pecuniaria,
1683 1817 1800 1868 qua:
1853 1815 1937 1857 est
1982 1807 2310 1873 synodalltcr
2344 1794 2383 1847 Β
2415 1834 2434 1866 γ

2288 1824 2310 1859 I'
2344 1794 2383 1847 Β
2415 1794 2510 1868 καλ
2537 1818 2603 1870 τά
2635 1821 2693 1871 έν
2724 1820 2871 1888 αὑτῴ
2896 1820 3025 1888 παρ’
3061 1821 3216 1889 ημῶν
3264 1794 3639 1889 γεγραμμένα.
3668 1794 3741 1871 To
3762 1794 3949 1887 μέντοι

763 1896 1011 1949 dicenda.

2419 1903 2649 1972 ζητῆσαι
2683 1907 3038 1976 συνδικαστὴν
3065 1908 3339 1960 πολιτικὸν
3360 1908 3450 1960 διὰ
3487 1908 3828 1975 προστάξεως
3861 1908 3955 1975 βα-

763 1983 992 2051 σιλικῆς,
1023 1982 1097 2044 ὼς
1125 1981 1245 2049 ἐμοὶ
1277 1981 1442 2046 δοκεῖ,
1468 1981 1566 2034 οὑκ
1606 1981 1723 2033 ἔστι
1754 1982 2153 2050 κεκωλυμένον,
2194 1987 2290 2040 καὶ
2327 1993 2530 2058 μᾶλλον
2551 1997 2678 2050 ὅταν
2707 2000 3023 2065 χρηματική
3047 2000 3192 2050 ἐστιν
3241 1982 3513 2063 ὑπόθεσις,
3580 2002 3613 2067 η
3687 2002 3952 2069 μέλλουσα

759 2072 1059 2141 λαληθῆναι
1094 2071 1405 2132 συνοδικῶς.

829 2147 1248 2228 Interrogaverit
1292 2170 1467 2216 autetn
1524 2160 1810 2229 quiSpiam,
1841 2162 1971 2215 Cum
2024 2163 2106 2218 lex
2136 2165 2298 2227 dicat,

758 2268 877 2307 cum
910 2256 977 2307 ab
1026 2255 1239 2305 actione
1275 2266 1367 2304 sua
1408 2250 1680 2314 excidere,
1717 2253 1807 2319 qui
1862 2268 2017 2305 suum
2050 2255 2303 2307 adversa-

761 2347 897 2397 rium
944 2342 1008 2396 ad
1060 2341 1327 2410 judicium
1377 2341 1743 2406 incompetens
1784 2342 2044 2405 traxerit,
2074 2344 2163 2409 qui
2214 2358 2305 2397 sa-

757 2446 961 2489 cratum
998 2434 1063 2486 ad
1098 2432 1253 2485 civile
1294 2430 1551 2499 judicium
1586 2431 1809 2483 traxerit
1841 2470 1854 2493 ,
1906 2446 2081 2484 annon
2107 2448 2170 2484 ex
2202 2433 2305 2486 hoc

756 2537 959 2576 canone
1015 2537 1111 2576 suo
1147 2522 1267 2589 jure
1300 2520 1567 2575 excidet?
1610 2518 1831 2574 Salutio.
1881 2520 2293 2589 lncompetentis

750 2613 949 2681 judicis
981 2612 1313 2678 praescriptio
1346 2611 1397 2662 in
1429 2610 1687 2676 principio
1728 2611 1915 2676 jndicii
1950 2612 2121 2664 solum
2170 2628 2292 2679 pro-

759 2701 1000 2767 ponitur,
1033 2713 1134 2750 non
1162 2708 1337 2749 autem
1369 2698 1529 2748 etiam
1553 2708 1759 2763 postea.
1785 2695 1948 2763 Finge
1974 2712 2125 2765 ergo,
2161 2701 2302 2766 quod

754 2802 815 2842 ea
846 2802 875 2840 a
916 2787 1174 2854 principio
1224 2802 1328 2838 non
1362 2794 1446 2838 est
1481 2785 1757 2852 proposita
1794 2801 1821 2837 a
1853 2800 1945 2839 reo
1978 2801 1994 2836 :
2044 2787 2121 2839 vel
2174 2803 2298 2855 pro-

757 2877 930 2943 posita
960 2891 985 2926 a
1021 2875 1201 2941 judice
1228 2875 1462 2927 admissa
1513 2890 1615 2925 non
1645 2883 1746 2926 est.
1789 2872 1854 2926 Et
1892 2883 2171 2942 propterea
2203 2878 2296 2929 de-

755 2966 1008 3017 lluierunt
1057 2964 1240 3014 l‘atres
1267 3002 1280 3023 ,
1336 2961 1504 3028 quod,
1539 2962 1747 3014 etiamsi
1783 2971 1935 3015 actor
1982 2964 2202 3026 vicerit,
2232 2978 2306 3034 eo~

2489 2168 2785 2237 Ἐρωτήσω
2825 2171 2880 2221 δέ
2910 2188 3018 2235 τις,
3051 2172 3139 2233 Ὧς
3168 2170 3263 2223 τοῦ
3297 2172 3460 2239 νόμου
3514 2172 3761 2240 λέγοντος
3792 2178 3950 2228 ἐκπίο

2409 2272 2562 2309 πτειν
2589 2262 2687 2325 τῆς
2715 2260 2918 2321 οίκείας
2954 2260 3337 2331 έναγωγῆςτὸν
3370 2264 3449 2323 είς
3484 2264 3825 2332 ἀπρόσφορον
3868 2269 3948 2319 δι-

2408 2348 2700 2415 καστήριον
2728 2349 3031 2401 έλκύσαντα
3054 2350 3145 2399 τὸν
3164 2350 3296 2401 ῐδιον
3320 2351 3607 2414 ἀντίδικον,
3628 2354 3725 2404 οὑκ
3750 2354 3945 2420 ἔμελλε

2408 2435 2505 2486 καί
2527 2438 2633 2505 πρὸ
2662 2438 2754 2489 τοῦ
2797 2439 3019 2501 κανόνος
3050 2440 3242 2491 τούτου
3273 2442 3299 2491 ὁ
3336 2440 3428 2491 τὸν
3465 2441 3760 2510 ἱερωμένον
3790 2444 3950 2497 έλκύ-

2411 2542 2506 2587 σας
2539 2531 2618 2588 εἰς
2651 2527 2924 2579 πολιτικὸν
2954 2515 3584 2597 δικαστήριονέκπεσιῖν
3610 2532 3703 2584 τοῦ
3734 2534 3947 2587 δικαίου

2406 2616 2568 2669 αὑτοῦ
2592 2633 2608 2681 ;
2636 2619 2845 2681 Λύσις.
2879 2618 2941 2669 'll
2968 2618 3059 2669 τοῦ
3086 2619 3431 2689 άπροσφόρου
3457 2625 3791 2693 παραγραφὴ
3808 2630 3947 2678 κατά

2401 2709 2496 2777 τὴν
2529 2709 2700 2778 ἀρχὴν
2735 2708 2829 2760 τοῦ
2867 2710 3213 2778 δικαστηρίου
3258 2696 3570 2778 προτίθεται
3612 2714 3707 2764 καὶ
3748 2714 3938 2781 μόνον,

2404 2797 2463 2846 οὑ
2519 2796 2625 2864 μὴν
2688 2797 2780 2848 καὶ
2832 2799 2969 2864 μετὰ
3019 2797 3208 2849 ταῦτα.
3253 2797 3555 2867 Θεμάτισον
3617 2796 3711 2853 οὖν
3750 2803 3829 2853 ὅτι
3880 2804 3944 2853 οὐ

2405 2884 2674 2951 προετέθη
2704 2882 2840 2949 αὕτη
2874 2883 3023 2951 παρά
3052 2884 3144 2937 τοῦ
3175 2885 3583 2957 ἔναγομένου,ἢ
3616 2890 3945 2957 προτεθεῖσα

2400 2970 2501 3020 οὐκ
2530 2970 2721 3039 ἐδέχθη
2754 2973 2903 3039 παρά
2923 2971 3016 3023 τοῦ
3051 2972 3327 3027 δικαστοῦ.
3354 2975 3461 3027 Καὶ
3497 2975 3585 3027 δίά
3614 2979 3771 3029 τοῦτο
3806 2978 3944 3046 ὥρι-

753 3054 895 3121 quod
952 3053 1362 3117 incompetentis
1395 3052 1591 3117 judicis
1623 3052 1865 3118 exceptio
1898 3057 2298 3119 quomodocun-
2326 3089 2367 3144 ο
2403 3081 2417 3113 ς

2279 3081 2298 3092 -
2326 3089 2367 3144 c
2403 3080 2500 3114 σαν
2529 3066 2578 3115 οἱ
2620 3066 2859 3131 ΙΙατέρες
2891 3064 2987 3129 ὼς,
3024 3065 3125 3117 κᾶν
3152 3067 3350 3135 νικήσῃ
3378 3068 3406 3119 δ
3433 3068 3736 3135 έναγαγὼν,
3771 3070 3857 3124 διὰ
3881 3071 3943 3122 τὸ

751 3157 852 3208 que
903 3142 1147 3193 iucl‘lieax
1215 3141 1368 3191 fuerit
1414 3157 1427 3191 :
1492 3142 1569 3191 sic
1610 3155 1822 3207 quoque
1875 3152 2051 3195 tamen
2082 3153 2298 3209 propter

754 3233 1007 3284 honori-ni
1040 3229 1288 3281 Ecclesia-
1318 3242 1500 3278 corum
1532 3227 1753 3280 victoria
1793 3229 1922 3279 nihil
1947 3231 1993 3282 ei
2026 3232 2293 3295 proderit;

750 3323 842 3375 sed
874 3323 1190 3387 dcponetur,
1236 3321 1278 3369 si
1321 3332 1439 3369 eam
1475 3317 1721 3369 retineat.
1760 3314 2021 3369 Praeterea
2062 3319 2295 3371 interro-

752 3410 956 3479 gaverit
1012 3409 1295 3476 quispiam,
1333 3422 1489 3475 quam
1551 3421 1759 3474 pinnam
1817 3408 2159 3460 sustinebunt
2212 3423 2299 3461 ec-

750 3495 1045 3547 clesiastici
1071 3493 1305 3559 judiccs,
1344 3495 1387 3545 si
1416 3495 1643 3545 convicti
1680 3495 1898 3556 litet‘ltll,
1929 3509 1993 3546 ex
2032 3496 2177 3554 odio,
2213 3496 2296 3548 vel

749 3584 1049 3645 aﬂectiOne,
1083 3582 1165 3634 vel
1206 3593 1426 3648 propter
1460 3584 1687 3649 gratiam
1739 3586 2059 3637 sententiam
2090 3586 2294 3651 tulisse,

746 3684 1066 3723 cunicanou
1128 3670 1191 3722 de
1241 3684 1305 3722 eo
1348 3669 1477 3721 nihil
1527 3670 1761 3737 jubeat?
1814 3672 2040 3723 Solulio.
2112 3671 2292 3725 Genus

746 3772 932 3819 paenae,
971 3757 1069 3808 etsi
1098 3770 1160 3807 ex
1194 3769 1401 3807 canone
1425 3770 1529 3808 non
1550 3766 1824 3823 appareat,
1858 3774 1920 3808 ex
1956 3759 2159 3825 legilzus
2211 3770 2288 3810 ta-

742 3861 863 3897 men
915 3844 1244 3896 declaratur.
1307 3843 1423 3896 Jant
1459 3845 1601 3897 enim
1638 3846 1702 3896 de
1744 3845 1925 3913 judice
1976 3849 2289 3899 muneribus

742 3946 992 4001 corrupto
1022 3934 1160 3986 ilicit-
1180 3948 1297 4000 cap.
1329 3934 1382 3998 5,
1417 3934 1501 3985 tit.
1537 3933 1624 3997 25,
1658 3934 1748 3987 lib.
1805 3950 1854 3987 tx
1882 3977 1896 3999 ,
1928 3935 2286 4003 Magistratus,

740 4024 831 4092 qui
871 4024 1129 4091 pecunias
1161 4024 1357 4091 accipit
1408 4026 1471 4075 ad
1502 4023 1589 4090 jus
1648 4024 1954 4087 dicendum,
1987 4026 2066 4077 vel
2099 4027 2285 4077 decer-

742 4118 999 4177 nendum,
1030 4114 1110 4166 vel
1152 4116 1217 4167 ad
1253 4114 1371 4180 plus
1403 4115 1485 4166 Vel
1536 4116 1708 4165 minus
1737 4128 1833 4166 suo
1876 4113 2054 4168 ofﬁcio
2083 4114 2286 4167 Facien-

741 4207 900 4266 dum,
948 4214 1001 4256 et
1052 4206 1459 4271 magistratuum
1516 4218 1725 4272 qunque
1776 4220 2107 4271 assessores,
2172 4207 2285 4272 lege

745 4301 1019 4344 tenentur.
1071 4292 1134 4343 Et
1184 4292 1358 4345 thema
1389 4292 1443 4356 5,
1480 4308 1597 4360 cap.
1634 4294 1699 4347 8:
1728 4292 1889 4348 Poena
1930 4295 2061 4362 legis
2082 4302 2162 4347 cst
2191 4309 2283 4347 ex-

2402 3155 2749 3222 ἁπρακτῆσαι
2790 3155 3139 3223 ὁπωσδήποτε
3170 3158 3267 3221 τὴν
3298 3157 3387 3209 τοῦ
3416 3160 3758 3229 ἀπροσφόρου
3792 3161 3944 3212 δικα-

2400 3241 2524 3294 στοῦ
2564 3246 2960 3311 παραγραφὴν,
3005 3245 3140 3297 ἀλλὰ
3180 3248 3271 3297 καὶ
3314 3247 3453 3299 οὕτω
3505 3248 3589 3300 διὰ
3628 3250 3725 3317 τὴν
3777 3250 3940 3320 τιμὴν

2392 3328 2495 3395 τῆς
2532 3330 2856 3399 Ἐκκλησίας
2890 3332 2968 3392 είς
2998 3332 3151 3383 οὐδὲν
3178 3334 3326 3399 αὑτῴ
3359 3336 3391 3402 ἡ
3422 3337 3544 3402 νίκη
3576 3337 3936 3407 λυσιτελήσει·

2395 3418 2529 3470 ἀλλὰ
2556 3420 3037 3488 καθαιρεθήσεται,
3076 3423 3231 3491 εἴπερ
3254 3424 3538 3492 ἀντέχεται
3563 3427 3783 3494 ταύτης.
3822 3431 3940 3481 Ἔτι

2397 3502 2661 3575 ἐρωτήσει
2694 3526 2799 3570 τις,
2836 3510 2995 3560 ποίαν
3029 3509 3232 3579 βλάϐην
3254 3513 3646 3581 ὑποστήσονται
3672 3517 3719 3567 oi
3747 3518 3941 3586 ἐκκλη-

2395 3598 2666 3649 σιαστικοὶ
2695 3600 2968 3662 δικασταὶ,
3022 3600 3178 3669 εἴπερ
3216 3602 3513 3671 ἐλεγχθῶσι
3545 3607 3687 3657 κατά
3740 3607 3939 3676 ἔχθραν

2393 3684 2425 3751 ἢ
2457 3688 2598 3739 κατά
2630 3688 3006 3755 προσπάθειαν
3035 3690 3174 3758 ἦδιά
3195 3692 3352 3759 χάριν
3384 3693 3812 3763 ἀποφηνάμενοι,
3846 3699 3938 3749 τοῦ

2393 3775 2607 3836 κανόνος
2628 3776 2792 3843 μηδὲν
2816 3778 2939 3845 περὶ
2956 3777 3145 3830 τούτου
3163 3772 3700 3853 παρακελευομένου;
3726 3788 3933 3853 Λύσις.

2389 3865 2461 3915 Τὸ
2497 3861 2633 3925 εἶδος
2674 3865 2773 3933 τῆς
2842 3867 3065 3935 βλάϐης,
3127 3870 3227 3921 κᾶν
3261 3872 3369 3923 ἀπὸ
3432 3874 3527 3926 τοῦ
3584 3879 3807 3937 κανόνος
3839 3880 3937 3930 οὑκ

2387 3954 2771 4023 ἀναφαίνηται,
2799 3955 2933 4007 ἀλλά
2966 3959 3071 4009 ἀπὸ
3093 3959 3197 4010 τῶν
3224 3961 3403 4029 νόμων
3426 3962 3697 4033 δηλοῦται.
3729 3968 3936 4021 Αὐτίκα

2388 4043 2497 4112 γὰρ
2526 4049 2654 4112 περὶ
2680 4044 2770 4096 τοῦ
2796 4044 3257 4117 δωροδοκηθέντος
3301 4052 3554 4105 δικαστοῦ
3592 4072 3723 4122 φησι
3761 4057 3823 4109 τδ
3876 4059 3934 4125 γ’

2385 4149 2509 4199 κεφ.
2541 4133 2634 4184 τοῦ
2666 4130 2755 4200 μγ¹
2782 4135 2963 4217 τὶτλου
2999 4136 3093 4188 τοῦ
3118 4137 3159 4203 ξ’
3200 4139 3407 4206 βιϐλίου
3432 4158 3447 4174 ⁸
3492 4142 3549 4195 ’0
3588 4144 3769 4212 ἄρχων
3795 4148 3934 4218 λαμ.

2383 4219 2559 4271 ϐάνων
2590 4221 2846 4288 χρήματα
2886 4225 2977 4274 ἐπὶ
3004 4222 3081 4291 τῷ
3110 4225 3350 4292 δικάσαι,
3380 4230 3411 4298 ἢ
3441 4229 3803 4299 ψηφίσασθαι,
3838 4238 3932 4290 ἐπὶ

2385 4307 2461 4376 τῷ
2494 4310 2718 4376 ποιῆσαί
2750 4327 2799 4360 τι
2855 4310 3018 4364 πλέον
3055 4313 3086 4381 ἢ
3136 4305 3310 4383 ἥττον’
3341 4318 3436 4369 τοῦ
3487 4320 3617 4372 ίδίου
3651 4324 3933 4392 ὀφφικίου,

740 4382 1121 4443 traordinaria,
1151 4393 1202 4435 et
1261 4392 1316 4435 ut
1357 4384 1640 4449 plurimunt
1689 4386 1879 4437 exsilio
1917 4390 2238 4438 condemnat
2263 4424 2277 4445 ,
2308 4401 2360 4460 Β
2393 4415 2404 4447 π

2268 4424 2277 4445 ι
2308 4401 2360 4460 D
2393 4398 2485 4449 καὶ
2516 4399 2563 4448 οἱ
2595 4399 2839 4468 σύνεδροι
2867 4400 2974 4453 τῶν
3008 4382 3287 4471 ἀρχόντων
3320 4407 3633 4464 ὑπόκεινται
3658 4382 3932 4485 νόμῳί

740 4485 1124 4537 nonnumquam
1182 4473 1345 4524 etiam
1393 4472 1626 4538 gravius.
1664 4472 1728 4525 Et
1776 4474 2027 4536 thelane,
2060 4488 2179 4542 cap.
2209 4475 2240 4527 9
2271 4492 2283 4527 :

736 4562 833 4625 Qui
900 4563 999 4614 hac
1064 4562 1177 4628 lege
1227 4564 1638 4626 condemnatur,
1688 4579 1785 4617 nec
1844 4578 2019 4631 potest
2078 4567 2288 4633 publice

738 4651 1104 4701 testimonium
1157 4650 1361 4711 dicere,
1408 4666 1505 4703 nec
1550 4652 1709 4717 jmlex
1761 4668 1899 4709 05:8.
1957 4670 2055 4708 nec
2097 4670 2285 4707 «ausas

731 4752 909 4804 agere.
970 4737 1107 4804 Lege
1155 4749 1207 4791 ct
1243 4741 1415 4791 thema
1453 4738 1507 4802 2,
1568 4756 1688 4807 Cap.
1753 4743 1816 4803 6,
1851 4743 1929 4795 tit.
1980 4742 2035 4801 4,
2062 4744 2152 4794 lih.
2183 4760 2276 4808 ιτ,

730 4830 869 4895 quod
907 4829 1119 4895 quidem
1152 4839 1233 4882 est
1277 4844 1399 4897 pars
1435 4828 1534 4881 124
1578 4827 1866 4883 Justiniani
1905 4833 2137 4891 lllM‘t’llil',
2166 4850 2282 4899 qua:

729 4919 809 4971 sic
832 4916 1000 4971 dicit:
1036 4918 1090 4972 Si
1127 4932 1245 4986 Quis
1277 4928 1451 4971 autem
1490 4934 1698 4981 eorum,
1730 4922 1817 4988 qui
1868 4922 2095 4987 litigant,
2126 4923 2280 4975 dixe-

730 5007 798 5058 rit
830 5020 889 5059 se
923 5008 1124 5074 aliquid
1148 5009 1380 5071 dedisse,
1412 5009 1492 5062 vel
1547 5025 1668 5063 esse
1727 5010 2045 5078 pollicitum,
2075 5020 2127 5063 et
2158 5028 2279 5078 per-

2390 4490 2499 4540 Ka‘t
2527 4490 2584 4540 τὸ
2610 4488 2657 4555 γ’
2695 4490 2835 4558 θέμα
2863 4492 2955 4544 τοῦ
2980 4492 3033 4562 η’
3075 4512 3200 4561 κεφ.
3234 4496 3333 4565 (Ἦ
3358 4498 3514 4567 ποινὴ
3541 4501 3633 4552 τοῦ
3658 4505 3818 4571 νόμου
3839 4507 3931 4558 ὲκ-

2389 4579 2811 4647 στραορδιναρία
2842 4583 2983 4644 ἐστὶ,
3014 4586 3108 4637 καὶ
3130 4585 3337 4639 ἐπίπαν
3363 4589 3441 4650 είς
3478 4589 3693 4659 έξορίαν
3714 4596 3929 4646 καταδι-

2384 4663 2561 4729 κάζει,
2594 4667 2707 4720 ἐσθ’
2754 4668 2843 4720 ὅτε
2876 4671 2933 4722 δὲ
2962 4675 3059 4724 καὶ
3099 4673 3475 4745 σφοδρότερον.
3498 4680 3605 4731 Καὶ
3632 4681 3692 4730 τὸ
3722 4682 3767 4747 β’
3789 4682 3932 4751 θέμα

2390 4756 2486 4807 τοῦ
2533 4755 2577 4806 θ’
2612 4759 2761 4823 κεφ.)
2808 4758 2868 4813 Ὀ
2904 4760 2983 4829 τῷ
3033 4763 3181 4830 νόμῳ
3235 4765 3407 4835 τούτῳ
3442 4768 3930 4838 καταδικαζόμενος

2384 4844 2507 4896 οὔτε
2549 4853 2851 4917 μαρτυρεῖν
2908 4850 3144 4921 δημοσίᾳ
3193 4854 3437 4921 δύναται,
3488 4857 3611 4909 οὔτε
3663 4860 3926 4925 δικάζειν,

2386 4932 2507 4983 οὔτε
2540 4939 2878 5003 συνηγορεῖν.
2937 4939 3234 5004 ’Λνάγνωθι
3286 4944 3465 4995 καὶτὸ
3504 4945 3547 5015 β’
3576 4945 3716 5013 θέμα
3744 4949 3835 5001 τοῦ
3876 4958 3927 5013 ς·’

2382 5038 2506 5088 κεφ.
2542 5022 2633 5073 τοῦ
2669 5025 2708 5073 δ’
2734 5026 2914 5077 τίτλου
2941 5027 3030 5078 τοῦ
3074 5028 3113 5090 ξ’
3162 5030 3389 5097 βιϐλίου,
3439 5034 3575 5103 ὅπερ
3604 5038 3719 5088 ἐστὶ
3762 5039 3926 5107 μέρος

726 5110 913 5148 sonam
944 5098 1325 5162 nominaverit,
1355 5108 1408 5151 et
1448 5101 1547 5152 hoc
1574 5102 1902 5167 probaverit,
1931 5101 2042 5165 ipse
2061 5105 2276 5167 quidem
2379 5126 2390 5155 ‘l

2262 5120 2276 5153 ι
2379 5109 2475 5175 τῆς
2511 5109 2624 5176 ρκὸ¹
2664 5110 3091 5166 Ίουστινιανείου
3140 5119 3360 5186 νεαρᾶς,
3418 5098 3590 5185 λέγων
3618 5098 3786 5187 οὕτως
3812 5098 3922 5179 ’.Εί

728 5186 779 5238 in
835 5187 941 5240 litis
993 5191 1139 5241 exitu
1176 5190 1329 5242 venia
1386 5191 1581 5257 dignus
1612 5191 1895 5242 habeatur.
1940 5192 2038 5254 Qui
2096 5201 2273 5243 autem
2375 5196 2392 5247 ί

2256 5206 2273 5243 i
2375 5196 2431 5247 δέ
2461 5213 2543 5256 τις
2574 5198 2636 5246 ὲκ
2695 5201 2803 5249 τῶν
2858 5201 3229 5269 δικαζομένων
3281 5207 3427 5256 εἴποι
3473 5208 3920 5282 δεδωκέναιτιῆ

726 5278 923 5330 donum
954 5277 1031 5330 vel
1089 5281 1413 5344 promissum
1455 5280 1743 5332 admisisse
1789 5281 2063 5333 convictus
2088 5280 2272 5343 fuerit,
2378 5286 2390 5334 ί

2260 5319 2272 5343 ,
2378 5286 2727 5353 ὑποσχέσθαι,
2784 5290 2876 5339 καὶ
2919 5291 2980 5339 τὸ
3032 5292 3323 5360 πρόσωπον
3364 5294 3576 5367 ἐξείπῃ,
3639 5301 3924 5352 καὶτοῦτο

725 5369 767 5419 si
804 5369 1106 5435 sitquidcm
1168 5385 1328 5421 causa
1386 5372 1714 5435 pecuniaria,
1756 5372 1897 5437 quod
1949 5373 2132 5424 datum
2166 5381 2270 5434 est,
2376 5378 2389 5426 ἐ

2257 5411 2270 5434 ,
2376 5375 2667 5440 ἀποδείξει,
2698 5378 2859 5439 αὐτὸς
2886 5381 2984 5447 μὲν
3011 5382 3105 5433 ἐπὶ
3126 5385 3191 5451 τῇ
3233 5384 3330 5449 τῆς
3360 5384 3514 5453 δίκης
3542 5385 3762 5438 ἐκϐάσει
3792 5406 3921 5455 συγ-

725 5458 963 5523 tt'iplutu,
1003 5461 1144 5527 quod
1188 5476 1315 5511 vero
1346 5461 1691 5527 piOllllSSUlll,
1736 5462 1951 5528 duplum
2015 5478 2040 5511 a
2073 5462 2271 5514 comite
2373 5482 2389 5531 η

2258 5478 2271 5514 3
2373 5466 2594 5532 γνώμης
2626 5468 2928 5530 ἀξιούσθω·
2954 5472 2982 5520 ὁ
3011 5471 3064 5520 δὲ
3100 5472 3247 5523 δόσιν
3288 5473 3318 5541 ἦ
3358 5475 3648 5543 ὑπόσχεσιν
3698 5478 3922 5530 καταδέ-

723 5548 1048 5613 privatarnm
1106 5560 1417 5600 nostrarum
1475 5550 1784 5599 facultatum
1817 5550 2077 5617 exigatur,
2105 5562 2156 5602 et
2187 5550 2268 5601 di-
2374 5556 2387 5618 ξ

2260 5578 2268 5588 -
2374 5556 2562 5618 ξασθαι
2589 5556 2953 5624 δεικνύμενος,
2974 5562 3019 5609 εἰ
3046 5561 3145 5626 μὲν
3163 5564 3474 5632 χρηματικὴ
3490 5566 3575 5631 εἴη
3600 5567 3631 5633 ἡ
3651 5566 3924 5633 ὑπόθεσις,

718 5637 971 5700 τειιὶιιιιοηι
997 5653 1089 5691 seu
1121 5640 1511 5706 magistratum,
1550 5656 1703 5707 quem
1741 5641 1916 5695 halitu,
1963 5642 2012 5691 in
2042 5653 2267 5709 utroque
2370 5661 2382 5690 -.

2259 5659 2267 5693 ε
2370 5647 2427 5693 τὸ
2458 5646 2555 5711 μὲν
2583 5645 2863 5713 δεδομένον
2894 5649 3173 5718 τριπλοῦν,
3200 5653 3256 5702 τὸ
3284 5653 3338 5703 δὲ
3372 5654 3672 5721 ὑποσχεοὲν
3701 5655 3923 5708 διπλοῦν
