4214 6438
246 399 317 461 77
1322 399 1403 459 IN
1457 398 1621 459 CAN.
1649 394 1748 455 xv
1781 389 1984 451 (10Νο.
2025 388 2393 450 eamme.
3377 368 3446 429 78

246 507 401 573 παρά
441 506 537 557 τοῦ
565 506 802 575 κόμητος
829 507 925 576 τῆς
959 507 1133 575 ἰδικῆς
1156 507 1310 578 ἡμῶν
1346 507 1658 575 περιουσίας
1690 507 1798 552 εἰσ·
1825 496 1873 553 Λ
1903 515 1910 547 t

1780 528 1798 537 -
1825 496 1873 553 Δ
1903 511 2025 551 casu
2053 499 2263 565 perdat.
2318 494 2414 547 Sin
2447 498 2627 544 autem
2686 489 2757 543 sit
2804 482 3105 541 criminalis
3148 480 3444 535 accusat‘u.

241 594 600 661 πραττέσθω,
640 598 731 647 καὶ
757 598 857 664 τὴν
893 596 1049 661 ἀξίαν
1092 598 1210 665 ἢτοι
1250 598 1423 666 ἀρχὴν
1452 596 1518 665 ὴν
1558 594 1668 661 εχει
1711 593 1793 657 ἐφ’

237 683 509 752 ἑκατέρου
551 682 784 752 θέματος
831 684 1140 739 ἀπολλύτω.
1202 687 1263 739 Εἰ
1306 688 1363 738 δι
1417 682 1796 754 ιγκληματικὴ

240 774 330 842 εἴη
358 775 393 842 ή
425 774 757 842 κατηγορία,
793 775 1058 844 δήμευσιν
1103 774 1203 843 τῆς
1242 776 1449 837 οἰκείας
1479 774 1796 843 ὑπομενέτω

242 865 590 932 περιουσίας,
618 866 709 916 καὶ
749 868 827 927 είς
883 866 1098 936 ὲεορίαν
1163 867 1487 935 πεμπίσθω,
1536 868 1681 927 ὅστις
1710 865 1797 916 διά

242 954 410 1022 λῆψιν
442 954 723 1022 ἀλλότριον
758 956 1011 1024 ιγκλημα
1036 960 1113 1019 εἰς
1146 959 1339 1010 ἑαυτὸν
1367 958 1664 1009 δσπούδακε
1700 974 1797 1024 με-

239 1047 547 1110 τενεγκεῖν.
590 1046 650 1095 Εἰ
690 1046 746 1097 δὶ
785 1048 883 1113 τὴν
911 1047 1114 1117 δόσινῆ
1160 1049 1261 1117 τὴν
1294 1049 1584 1117 ὑπόσχεσιν
1625 1048 1653 1097 6
1681 1046 1795 1101 διά-

239 1135 393 1198 δικος
424 1134 499 1204 μὴ
525 1136 729 1207 δυνηθῇ
753 1137 943 1202 δείξαι,
970 1137 1195 1206 ὀμνύτω
1218 1140 1278 1189 τδ
1300 1139 1589 1207 πρόσωπον
1614 1136 1675 1188 τὸ
1702 1136 1800 1204 τὴν

242 1226 391 1277 δόσιν
426 1227 458 1293 ἢ
490 1227 589 1295 τὴν
622 1227 916 1296 ὑπόσχεσιν
942 1228 1239 1296 λεγόμενον
1265 1226 1684 1291 καταδέξασθαι,
1717 1226 1800 1277 ὅτι

240 1316 365 1367 οὐδὲ
400 1316 470 1367 δι’
510 1316 708 1369 ἑαυτοῦ
748 1318 870 1370 οὐδὲ
892 1319 961 1371 δι’
987 1319 1149 1373 ἄλλου
1173 1320 1470 1387 προσώπου
1492 1318 1525 1385 ἢ
1551 1316 1710 1369 ελαδὲ
1744 1332 1795 1366 τι

238 1406 273 1472 ἢ
307 1406 606 1474 ὑπόσχεσιν
647 1405 793 1475 ἔσχε.
825 1408 933 1458 Καὶ
961 1407 1055 1459 τοῦ
1090 1408 1336 1460 τοιούτου
1366 1408 1531 1476 ὅρκου
1565 1420 1802 1472 παρεχο-

245 1496 435 1561 μένου,
459 1495 624 1557 αὐτὸς
660 1496 761 1563 μὲν
795 1496 1082 1565 ἐλεύθερος
1114 1496 1258 1547 ιστω
1282 1512 1295 1526 ·
1331 1498 1360 1547 6
1405 1496 1462 1547 δὲ
1510 1494 1747 1553 διάδικος
1774 1493 1802 1542 6

244 1584 321 1651 μὴ
356 1584 613 1650 δυνηθεὶς
637 1585 810 1646 δεῖξαι
828 1586 921 1637 ἐπὶ
948 1586 1049 1653 μιν
1070 1588 1191 1648 ταῐς
1208 1585 1575 1654 χρηματικαῐς
1601 1584 1800 1642 αἰτίαις

241 1673 341 1731 τὴν
369 1672 713 1741 ἀποτίμησιν
737 1674 835 1741 τῆς
863 1674 1023 1743 δίκης
1048 1676 1155 1726 ὑπὸ
1184 1675 1275 1727 τοῦ
1304 1674 1542 1743 κόμητος
1572 1673 1668 1739 τῆς
1708 1672 1802 1723 ἰδι-

237 1763 343 1829 κῆς
373 1762 533 1830 ήμῶν
570 1763 888 1832 περιουσίας
922 1764 1354 1832 εἰσπραττίσθω,
1396 1764 1495 1831 τῆς
1525 1762 1682 1828 δίκης
1709 1762 1801 1828 δη-

1901 586 2241 653 propriarum
2286 580 2600 635 facultatum
2636 576 3076 631 confiscationem
3106 570 3361 637 patiatur,
3394 575 3447 617 et

1901 678 1952 728 in
1986 676 2237 729 exsilium
2295 673 2561 731 mittatur,
2616 669 2793 735 utqui
2846 664 3159 733 accipiendo
3216 660 3446 711 alienum

1899 766 2103 817 crimen
2158 764 2209 815 in
2243 763 2477 829 seipsum
2521 757 2815 813 transferre
2852 755 3136 810 studuerit.
3168 750 3223 803 St
3273 757 3449 799 autem

1900 854 2243 906 donationem
2296 852 2377 905 vel
2410 850 2822 919 promissionem
2879 845 3118 915 litigator
3166 840 3452 894 ostendor-2

1900 957 2005 995 non
2064 940 2319 1009 potuerit,
2366 940 2511 1007 juret
2551 951 2803 1006 persona,
2836 950 2953 1003 qua:
2998 932 3340 985 donationem
3373 924 3451 977 vel

1901 1030 2313 1099 promissionem
2368 1028 2668 1093 suscepisse
2696 1025 2911 1085 dicitur,
2940 1022 3082 1088 quod
3124 1031 3221 1069 ttcc
3250 1030 3342 1082 per
3370 1028 3450 1068 se.

1902 1135 2003 1174 nec
2043 1134 2138 1186 per
2200 1118 2359 1170 aliam
2407 1131 2720 1185 personam,
2761 1115 2841 1167 vel
2872 1111 3073 1180 aliquid
3114 1106 3341 1169 accepit,
3369 1104 3451 1155 vel

1901 1211 2229 1279 promissum
2282 1206 2493 1261 habuit.
2529 1204 2591 1257 Et
2640 1205 2743 1258 hoc
2790 1203 2912 1255 dato
2939 1197 3311 1268 jurejurando,
3343 1194 3458 1260 ipse

1901 1302 2119 1368 quidem
2176 1298 2495 1353 liberabitur
2529 1313 2542 1350 :
2576 1296 2817 1365 litigator
2881 1305 3029 1354 vero,
3094 1288 3184 1356 qui
3225 1284 3457 1354 probare

1904 1406 2011 1445 non
2049 1392 2245 1460 potuit,
2280 1392 2334 1442 in
2362 1388 2541 1441 causis
2572 1387 2784 1453 quidem
2814 1380 3159 1451 pecuniariis,
3190 1378 3296 1431 litis
3315 1373 3459 1429 testi-

1903 1485 2197 1536 mationem
2256 1496 2284 1533 a
2324 1480 2524 1533 comite
2556 1477 2887 1544 privatarum
2925 1482 3231 1526 nostrarum
3285 1467 3458 1521 facul-

1902 1584 2071 1628 tatum
2102 1573 2371 1640 exigatur,
2430 1570 2634 1639 judicio
2671 1568 2882 1621 scilicet
2910 1580 3065 1619 suum
3089 1573 3340 1617 eventum
3369 1575 3461 1612 ex-

1901 1675 2181 1733 spectante
2202 1682 2228 1716 -:
2262 1665 2314 1717 in
2348 1661 2720 1717 criminalibus
2741 1668 2918 1713 autem
2938 1657 3203 1710 bonorum
3239 1666 3459 1705 suorum

1905 1754 2322 1822 publicationem
2369 1750 2656 1812 sustineat,
2686 1759 2741 1800 et
2773 1762 2801 1799 a
2832 1744 3275 1799 convenientibus
3314 1740 3461 1808 judi-

239 1826 431 1903 λονότι-
454 1854 555 1920 τὴν
590 1826 729 1906 ἰδίαν
759 1853 985 1905 ἑκϐασιν
1010 1826 1397 1922 ἀναμενούσης
1418 1872 1430 1885 ·
1453 1826 1565 1904 -ιπὶ
1591 1826 1648 1904 δέ
1683 1826 1802 1913 ταίς
1833 1829 1875 1883 Β

1796 1869 1802 1911 ς
1833 1829 1875 1883 Β
1904 1843 2057 1896 cibus
2111 1856 2177 1918 ex
2213 1841 2389 1910 legum
2427 1840 2617 1894 ordine
2662 1837 2934 1904 negotium
2990 1834 3332 1887 terminetur.
3366 1826 3460 1881 Sin

234 1941 680 2009 ἀγκληματικαῐς
713 1942 979 2011 δήμευσιν
997 1946 1094 2011 τῆς
1144 1943 1280 2005 ἰδίας
1322 1944 1639 2013 περιουσίας
1665 1943 1799 1993 ὐπο-

244 2032 485 2099 μενὲτω,
521 2034 617 2084 καὶ
655 2033 716 2084 τὸ
740 2034 973 2101 πρᾶγμα
1006 2034 1157 2101 παρά
1186 2036 1301 2096 τοῖς
1329 2034 1607 2103 ἀρμοδίοις
1642 2034 1801 2083 δικα-

242 2125 401 2183 σταῖς
430 2124 573 2174 κατά
603 2124 703 2191 τὴν
729 2123 839 2176 τῶν
863 2124 1045 2191 νόμων
1069 2123 1222 2189 τάξιν
1249 2124 1615 2193 περαιούσθω.
1651 2124 1711 2174 Εἰ
1746 2123 1802 2174 δὲ

1904 1942 2083 1987 autem
2134 1944 2364 1999 persona
2415 1944 2443 1982 a
2498 1930 2771 1997 litigatore
2821 1926 3091 1979 declarata
3150 1920 3462 1989 prmdictunt

1902 2023 2285 2092 jusjurandum
2344 2021 2682 2075 recusaverit
2710 2058 2724 2081 ,
2766 2027 2889 2070 tam
2950 2016 3005 2067 in
3048 2010 3459 2069 criminalibus,

1907 2128 2070 2182 quam
2106 2114 2159 2166 in
2195 2111 2521 2179 pecuniariis
2561 2109 2765 2171 causis,
2797 2104 3070 2175 praedictis
3098 2103 3277 2169 pmnis
3332 2098 3463 2154 sub-

238 2212 303 2263 τδ
338 2213 495 2281 παρά
524 2213 618 2264 τοῦ
658 2190 1019 2281 δικαζομίνου
1049 2190 1363 2282 φανερωθὶν
1392 2216 1683 2284 πρόσωπον
1713 2215 1805 2265 τὸν
1900 2262 1902 2271 λ

1801 2231 1805 2255 ι
1900 2206 2142 2275 jiciatur.
2184 2201 2239 2256 Si
2277 2202 2397 2268 quis
2429 2211 2607 2252 autem
2654 2212 2868 2261 eorum,
2912 2197 3000 2258 qui
3058 2194 3287 2260 litigant,
3319 2190 3465 2257 jura-

245 2302 699 2370 μνημονευθέντα
728 2305 1131 2372 παραιτήσεται
1156 2306 1340 2372 ὅρκον,
1382 2304 1539 2357 τοῦτο
1580 2306 1676 2372 μὲν
1709 2303 1802 2355 ἐπὶ

241 2395 365 2454 ταῖς
407 2392 868 2461 ἐγκληματικαίς,
900 2394 1058 2445 τοῦτο
1080 2394 1136 2445 δὲ
1171 2396 1265 2445 ἐπὶ
1287 2398 1406 2455 ταῖς
1430 2413 1534 2463 χρη
1546 2396 1803 2462 μαιικαίς

239 2485 471 2548 αἰτίαις,
502 2488 622 2546 ταῖς
666 2484 1160 2554 μνημονευθείσαις
1196 2486 1512 2536 ὑποκείσθω
1559 2488 1795 2545 ποιναῖς.

244 2576 306 2627 Εἰ
337 2576 395 2627 δέ
429 2592 511 2637 τις
540 2575 647 2627 τῶν
673 2574 1048 2644 δικαζομένων
1075 2576 1267 2643 ὀμόσει
1322 2576 1397 2644 μὴ
1442 2577 1734 2628 δεδωκέναι
1768 2576 1799 2644 ἦ

241 2668 701 2735 ἐπαγγείλασθαι,
730 2668 878 2730 ἐντὸς
924 2669 980 2721 δὲ
1008 2668 1289 2737 τεσσάρων
1323 2669 1507 2738 μηνῶν
1528 2709 1541 2729 ,
1578 2672 1713 2736 μετά
1743 2669 1803 2719 τὸ

248 2760 647 2828 προενεχθῆναι
674 2758 771 2829 τὴν
786 2758 966 2827 ψῆφον
989 2759 1427 2828 ἀριθμουμένων,
1452 2758 1635 2827 δειχθῇ
1660 2758 1809 2809 δοθέν

248 2869 303 2905 τι
335 2852 368 2920 ἦ
403 2851 729 2920 ὑποσχεθὲν,
768 2853 825 2905 αἰ
856 2852 1145 2921 εἰρημέναι
1193 2852 1378 2903 ποιναὶ
1429 2853 1573 2905 κατά
1616 2868 1671 2902 τε
1704 2852 1811 2903 τῶν

245 2944 505 2996 διδόντων
535 2946 675 2995 κατά
705 2959 765 2995 τε
805 2942 913 2995 τῶν
968 2942 1353 3011 λαμὸανόντων
1383 2943 1565 3011 χώραν
1605 2943 1807 3007 ἒξιυσι.

249 3034 360 3085 Καὶ
394 3033 567 3086 ταῦτα
618 3034 717 3103 μὲν
771 3034 866 3085 ἐὰν
912 3036 1053 3085 κατά
1086 3035 1305 3100 χρῆσιν,
1330 3034 1497 3101 ἧγουν
1528 3032 1616 3083 διὰ
1642 3031 1802 3099 λῆψιν

1908 2293 2050 2347 verit
2088 2306 2147 2345 se
2198 2290 2330 2344 nihil
2391 2290 2629 2352 dedisse,
2676 2288 2758 2342 vel
2819 2286 3118 2355 pollicitum
3145 2297 3286 2344 esse,
3321 2280 3459 2332 intra

1908 2393 2139 2453 quatuor
2161 2389 2340 2435 autem
2358 2394 2591 2441 menses,
2612 2388 2889 2445 postquam
2908 2374 3063 2443 533
3082 2372 3347 2427 sententia
3365 2370 3467 2422 lata

1909 2482 1996 2528 est
2050 2474 2437 2532 numerandos,
2490 2471 2672 2520 datum
2738 2466 2941 2532 aliquid
2993 2466 3076 2517 vel
3142 2463 3466 2530 promissum

1909 2574 2187 2619 ostensum
2236 2561 2429 2625 fuerit,
2492 2560 2758 2628 praedicta:
2815 2572 2985 2626 pana?
3037 2567 3145 2608 tam
3212 2555 3469 2607 adversus

1912 2658 2104 2709 dantes
2128 2666 2291 2722 quam
2328 2652 2586 2705 adversus
2607 2648 2941 2717 accipientes
2964 2645 3136 2698 locum
3172 2643 3464 2695 habebunt.

1914 2746 1979 2799 Et
2006 2746 2119 2798 haec
2153 2744 2393 2811 quidem,
2425 2740 2472 2793 si
2512 2749 2729 2807 prepter
2784 2738 2972 2791 sordes
3001 2750 3090 2789 seu
3124 2732 3468 2802 pecuniarum

1915 2834 2285 2904 acceptionem
2330 2831 2415 2885 vel
2446 2844 2684 2884 amorem
2721 2828 2803 2881 vel
2834 2828 3015 2881 odium
3056 2823 3321 2878 sententia
3364 2822 3471 2873 lata

1913 2926 1985 2979 sit
2020 2942 2033 2977 :
2070 2924 2308 2991 ejusdem
2349 2922 2493 2976 enim
2527 2919 2743 2974 virtutis
2792 2928 2918 2973 sunt
2965 2918 3080 2970 haec
3121 2916 3245 2967 tria.
3280 2911 3335 2965 Si
3367 2926 3471 2965 au-

1919 3027 2024 3069 tem
2060 3030 2164 3068 non
2200 3023 2423 3082 propter
2455 3010 2719 3078 ejusmodi
2751 3009 2907 3062 ullam
2942 3021 3193 3068 causam,
3234 3006 3325 3057 sed
3380 3017 3474 3070 per

249 3096 676 3194 voptcpdtwv'ﬁ
710 3096 1422 3194 προσπάθειανωῆ-ἔχθραν,
1448 3126 1480 3191 ή
1510 3096 1703 3190 ψῆφος
1725 3096 1813 3184 ίξ-
1840 3139 1884 3195 ο

1807 3139 1884 3195 .c
1918 3107 2244 3175 imperitiam
2291 3106 2549 3157 adversus
2580 3102 2812 3169 aliquem
2845 3098 2952 3154 fert
2999 3097 3319 3151 sententiam
3361 3096 3471 3161 epi-

252 3186 453 3285 ενεχθῇ
476 3232 492 3247 '
524 3217 625 3284 τῆς
664 3186 772 3286 γὰρ
808 3216 980 3283 αὐτῆς
1010 3186 1429 3284 δυνάμεῶςείσι
1457 3186 1687 3283 sire-pila:
1720 3214 1815 3264 ὲάν
1846 3186 1883 3195 *

1806 3186 1883 3259 ,⁷
1916 3210 2140 3263 scopus,
2172 3195 2300 3264 quid
2354 3194 2484 3247 fiet?
2542 3190 2771 3244 Salutio.
2830 3188 3193 3258 Magistratus,
3250 3199 3343 3238 seu
3382 3186 3470 3253 qui

249 3310 306 3360 δὲ
336 3310 411 3377 μὴ
432 3309 519 3359 διά
554 3308 816 3377 τοιαύτην
839 3307 1043 3366 αἰτίαν,
1064 3306 1199 3359 ἀλλά
1222 3307 1361 3358 κατά
1392 3307 1647 3373 ἀπειρίαν
1681 3304 1816 3355 ἀπο-

255 3401 497 3467 φήνηται
534 3399 838 3458 ἐπίσκοπος
877 3399 1018 3450 κατά
1046 3414 1214 3459 τινος,
1248 3399 1300 3447 τί
1345 3395 1637 3465 γενήσεται
1661 3409 1676 3458 ;
1702 3392 1816 3445 Λύ-

251 3504 377 3553 σις.
420 3489 481 3539 υί
509 3487 794 3554 ἄρχοντες,
828 3488 947 3555 ἢτοι
981 3488 1029 3537 οἰ
1065 3486 1472 3555 προκαθήμενοι
1508 3485 1615 3535 τῶν
1660 3483 1814 3535 δικα-

256 3579 424 3638 στῶν,
450 3579 549 3628 οὐκ
587 3578 994 3642 ἀναγκάζονται
1023 3575 1266 3644 ἀκριϐῶς
1310 3575 1506 3626 εἰδέναι
1555 3575 1678 3634 τοὺς
1732 3571 1820 3622 νό-

258 3682 415 3735 μους,
438 3666 523 3732 ἐφ’
548 3667 633 3716 ἑτέ
644 3682 761 3732 ραις
784 3666 1049 3732 μεγάλαις
1066 3665 1333 3725 δουλείαις
1349 3661 1637 3731 ὲνασχολού
1648 3674 1815 3729 μενοι·

259 3758 357 3809 καὶ
387 3757 477 3809 διά
534 3757 697 3808 τοῦτο
738 3757 796 3821 ἐξ
830 3757 1092 3826 ἀπειρίας
1124 3755 1574 3823 ἀποφαινόμενοι,
1632 3767 1821 3818 συγγι-

259 3848 583 3901 νώσκονται,
610 3850 674 3900 Ui
697 3848 753 3900 δὲ
785 3848 1031 3916 σύνεδροι
1047 3848 1276 3911 τούτων,
1300 3845 1632 3915 παρανόμως
1653 3845 1822 3911 ψηφι-

257 3938 505 4005 ζόμενοι.
538 3938 883 4000 κολάζονται.
914 3938 1055 4005 Φησὶ
1084 3938 1195 4005 γάρ
1220 3939 1247 3989 6
1280 3938 1440 4005 νόμος
1469 3935 1731 4003 ὲνβιδλίῳ
1756 3933 1820 3997 ζ’,

257 4031 426 4099 τίτλῳ
457 4036 529 4098 γ’,
565 4031 845 4097 κεφαλαίῳ
888 4030 987 4083 κδ’·
1026 4028 1293 4091 Τὸνρόλον
1335 4028 1701 4095 ἐπιζητοῦμεν
1730 4026 1823 4079 τοῦ

268 4122 559 4190 ἄρχοντος.
624 4122 755 4175 Ἐὰν
804 4122 922 4189 γὰρ
965 4120 1193 4186 ἀπειρία
1224 4119 1318 4170 τοῦ
1354 4119 1611 4188 συνέδρου
1650 4119 1825 4180 ἄλλως

273 4211 546 4280 ψηφισθῇ,
579 4215 608 4263 6
642 4214 829 4281 ἄρχων
861 4213 962 4265 οὐκ
990 4213 1278 4268 ἀδικεῖται,
1304 4211 1417 4263 ἀλλ’
1450 4214 1478 4262 6
1517 4211 1825 4279 συμπονῶν.

268 4306 380 4355 Καὶ
420 4306 447 4354 6
480 4304 743 4370 λογισμὸς
773 4303 1018 4370 εὔλογος.
1070 4305 1133 4357 Ol
1169 4305 1268 4372 μὲν
1300 4304 1409 4372 γάρ
1434 4305 1713 4371 ἄρχοντες,
1761 4303 1828 4353 δι’

266 4396 333 4463 ἡν
376 4397 597 4464 εἴρηται
629 4394 828 4453 αἰτίαν,
866 4395 963 4446 οὐκ
993 4394 1271 4446 αἰτιῶνται
1303 4410 1316 4423 ·
1352 4395 1402 4445 ol
1432 4396 1487 4446 δὲ
1523 4394 1733 4462 κριταὶ,
1768 4393 1827 4445 τὸ

263 4486 510 4549 δικάζειν
542 4488 633 4540 καὶ
676 4488 841 4555 μόνον
878 4486 1038 4555 ἔργον
1069 4486 1306 4555 ἔχοντες,
1367 4487 1460 4537 ὲάν
1506 4486 1822 4553 παρανομή-

271 4594 460 4639 σωσιν,
490 4580 771 4646 ἐνέχονται
811 4577 887 4639 ὡς
943 4575 1099 4629 δόλον
1153 4578 1503 4645 ποιήσαντες,
1562 4577 1701 4628 κατὰ
1734 4576 1826 4627 τὸν

270 4669 439 4735 νόμον
468 4670 561 4719 τὸν
587 4668 840 4735 λόγοντα⁶
883 4668 949 4720 Ἦ
979 4668 1211 4736 ἀπειρία
1271 4666 1419 4719 latice
1452 4670 1518 4735 τῇ
1560 4667 1792 4734 ἀμελείᾳ
1814 4684 1826 4695 ·

276 4764 373 4809 καὶ
404 4758 586 4810 πάλιν
624 4757 786 4810 Δόλον
846 4771 929 4819 τις
983 4758 1130 4810 ποιεῖ
1161 4757 1235 4826 μὴ
1293 4757 1449 4816 εἰδὼς
1507 4755 1752 4821 ἀκριϐῶς
1802 4756 1830 4806 6

275 4850 676 4918 ἐπαγγέλλεται
704 4849 925 4902 εἰδέναι.

347 4943 458 4994 Καὶ
490 4940 651 4991 τοῦτο
698 4941 796 5007 μὲν
828 4938 1142 5007 ἑξεφωνήθη
1191 4941 1321 5009 περὶ
1367 4938 1473 4990 τῶν
1535 4937 1832 4989 πολιτικῶν

271 5031 569 5083 δικαστῶν.
616 5031 711 5091 Εἰς
759 5030 816 5082 δὲ
862 5031 988 5092 τοὺς
1040 5028 1531 5099 ἐκκλησιαστικοὺς
1576 5028 1837 5085 δικαστὰς

275 5122 413 5188 ἄλλη
437 5137 519 5179 τις
547 5120 812 5188 κρατήσει
867 5120 1182 5179 ἀκολουθία,
1238 5120 1311 5181 ὡς
1360 5119 1482 5186 ἐμοὶ
1520 5118 1672 5168 δοκεῖ
1698 5131 1709 5143 ·
1745 5117 1836 5167 καὶ

278 5215 421 5282 αὕτη
453 5213 639 5281 μέντοι
690 5212 831 5264 κατά
876 5211 978 5279 τήν
1025 5208 1310 5279 παροῦσαν
1354 5207 1736 5276 θεσμοθεσίαν.
1780 5207 1837 5256 Η

282 5306 383 5373 μὲν
435 5306 542 5369 γὰρ
600 5303 851 5355 ἐναντίαν
884 5305 993 5361 τοῖς
1029 5302 1248 5353 κανόσιν
1281 5301 1582 5359 ἐπίσκοπος
1639 5298 1838 5365 ἐνέγκῃ

281 5397 484 5461 ψῆφον,
535 5391 1003 5461 τιμωρηθήσεται,
1054 5391 1223 5458 ήγουν
1250 5388 1729 5458 καθαιρεθήσεται,
1769 5387 1839 5455 μὴ

283 5484 580 5548 δυνάμενος
607 5480 843 5547 ἀμαθίαν
872 5479 905 5549 ἢ
938 5479 1200 5548 ἀπειρίαν
1228 5476 1617 5546 προσαλέσθαι.
1638 5475 1712 5527 Οὐ
1735 5480 1840 5543 γὰρ

285 5573 661 5641 συγγνωστέος
694 5570 848 5623 ἔσται
901 5571 1076 5639 λέγων
1108 5571 1181 5638 μὴ
1219 5570 1420 5622 εἰδέναι
1447 5568 1571 5631 τοὺς
1592 5567 1843 5627 κανόνας,

282 5668 377 5728 οὓς
414 5665 781 5732 ἀναγκάζεται
830 5664 917 5716 διὰ
946 5663 1196 5730 γλώττης
1242 5662 1388 5731 ἔχειν
1420 5660 1607 5730 σχεδὸν
1649 5660 1755 5710 ἀεί.
1787 5657 1845 5709 ΕΞ

284 5758 341 5808 δὶ
377 5755 730 5822 ἀποφήνηταί
766 5769 817 5805 τι
853 5753 1038 5821 νόμοις
1071 5751 1412 5815 ἀνένδεκτον,
1454 5750 1487 5819 ἢ
1522 5745 1846 5815 δικαστικῆς

1918 3292 2159 3356 praasunt
2188 3284 2485 3353 judicibus,
2512 3297 2617 3335 non
2644 3288 2909 3349 coguntur
2940 3278 3082 3346 leges
3106 3285 3294 3329 exacte
3316 3288 3474 3337 scire,

1920 3385 1976 3429 ut
2010 3376 2102 3443 qui
2163 3376 2214 3428 in
2248 3374 2431 3427 multis
2462 3373 2581 3425 aliis
2624 3370 2832 3439 magnis
2879 3368 3327 3435 occupationibus
3355 3381 3478 3418 ver-

1919 3475 2142 3529 sentur;
2175 3474 2234 3518 et
2256 3474 2540 3531 propterea
2575 3462 2619 3515 si
2648 3476 2742 3529 per
2788 3458 3113 3527 imperitiam
3151 3459 3477 3511 sententiam

1919 3557 2123 3617 ferant,
2156 3556 2237 3609 eis
2293 3555 2451 3607 venia
2488 3554 2668 3605 datur.
2705 3549 2902 3604 Eorum
2943 3558 3120 3601 autem
3156 3561 3478 3608 assessores,

1922 3648 1966 3699 si
2003 3657 2193 3698 contra
2224 3644 2369 3711 leges
2397 3642 2576 3695 ferant
2600 3640 2950 3696 sententiam.
2997 3638 3314 3703 puniuntur.
3344 3632 3482 3685 Dicit

1922 3735 2069 3787 enim
2114 3734 2198 3786 lex
2231 3733 2282 3785 in
2339 3732 2438 3783 lib.
2469 3745 2562 3793 \‘ll,
2596 3731 2676 3780 tit.
2703 3729 2756 3789 5,
2798 3743 2917 3794 cap.
2942 3726 3012 3780 24
3044 3737 3059 3777 :
3096 3724 3282 3777 Dolum
3321 3722 3484 3789 magi-

1924 3832 2127 3877 stratus
2160 3820 2507 3890 requirimus.
2541 3819 2597 3871 Si
2629 3820 2772 3870 enim
2818 3831 2911 3884 per
2950 3817 3277 3882 imperitiam
3309 3828 3485 3865 asses-

1924 3915 2067 3969 soris
2092 3912 2245 3964 aliter
2264 3911 2561 3978 judicatunt
2590 3906 2771 3971 fuerit,
2791 3922 2894 3960 non
2925 3906 3055 3959 facit
3084 3906 3331 3972 injuriam
3351 3916 3486 3969 prae-

1926 4020 2013 4059 ses
2042 4020 2139 4059 seu
2197 4005 2545 4071 magistratus
2568 4039 2583 4063 ,
2615 4000 2707 4054 sed
2751 4000 2845 4065 qui
2876 3998 2924 4050 ei
2974 3997 3077 4049 fert
3112 3995 3389 4049 auxilium.
3424 3996 3487 4047 Et

1926 4104 2014 4152 est
2073 4094 2371 4164 probabilis
2435 4092 2652 4161 quidem
2706 4091 2861 4143 ratio.
2919 4088 3267 4156 Magistratus
3318 4088 3481 4149 enim,

1928 4194 2149 4256 propter
2173 4199 2293 4239 eam
2316 4198 2436 4251 qua:
2470 4182 2611 4234 dicta
2645 4192 2730 4234 est
2759 4194 3002 4242 causam,
3034 4193 3143 4232 non
3173 4179 3489 4232 insimulan-

1932 4287 2019 4331 tnr
2056 4292 2072 4329 :
2103 4276 2321 4346 judices‘
2345 4283 2544 4335 autem,
2576 4285 2802 4337 quorum
2850 4280 2934 4322 est
2985 4271 3258 4337 proprium
3298 4284 3490 4321 mnnns

1928 4368 2196 4435 judicare,
2251 4365 2297 4419 si
2350 4371 2536 4416 contra
2575 4362 2721 4429 leges
2763 4360 3011 4422 fecerint,
3056 4370 3308 4413 tenentur
3337 4377 3400 4412 ac
3444 4379 3490 4411 (ii

1856 4448 1905 4506 ο
1931 4458 2052 4512 dolo
2084 4454 2361 4517 fecissent,
2385 4454 2679 4507 secundum
2722 4451 2891 4518 legem
2925 4466 3041 4517 qua:
3072 4451 3238 4503 dicit:
3267 4450 3493 4519 Impert-

1930 4551 2006 4601 tia
2075 4546 2411 4615 negligentia
2465 4543 2866 4613 cquiparaiur;
2925 4552 2980 4597 et
3036 4557 3270 4596 rursus:
3306 4541 3491 4595 Dolon.

1932 4640 2054 4704 quis
2077 4639 2207 4691 faeit
2236 4638 2328 4705 qui
2362 4633 2602 4705 perfecte
2626 4635 2799 4689 nescit
2832 4635 2975 4701 quod
3013 4649 3070 4687 se
3103 4633 3247 4687 scire
3274 4634 3493 4701 proﬁte-

1937 4739 2039 4779 llil'.

2014 4920 2076 4973 Et
2108 4922 2207 4973 hoc
2241 4919 2455 4987 quidem
2484 4912 2680 4972 dictum
2712 4927 2793 4971 est
2833 4919 2895 4971 dc
2927 4920 3174 4973 civilibus
3201 4919 3492 4987 judicilius.

1942 5013 1997 5064 In
2027 5010 2238 5078 judices
2258 5020 2434 5064 autem
2466 5009 2869 5064 ecclesiasticos
2894 5009 2997 5062 alia
3017 5009 3263 5079 quaedam
3302 5011 3503 5063 valebit

1942 5102 2353 5168 consequentia,
2387 5101 2597 5153 ututilti
2627 5100 2837 5153 videtur
2875 5118 2887 5154 :
2936 5111 2989 5154 et
3034 5116 3097 5154 ea
3154 5102 3367 5170 quidem
3414 5116 3501 5154 Sc—

1944 5196 2180 5250 cundnm
2217 5202 2535 5260 praesentem
2581 5192 3046 5245 constitutionem.
3086 5192 3141 5246 Si
3188 5193 3330 5247 enim
3376 5208 3504 5246 con-

1945 5286 2165 5339 trariam
2197 5284 2503 5337 canoaibus
2529 5284 2859 5337 scutentiam
2888 5285 3175 5352 episcopus
3200 5286 3502 5353 protulerit,

1946 5377 2202 5444 punietur
2238 5374 2354 5427 sive
2386 5372 2689 5442 deponetur
2716 5414 2729 5435 ,
2764 5384 2819 5426 ut
2843 5376 2930 5442 qui
2979 5390 3081 5429 non
3133 5376 3303 5444 possit
3355 5376 3507 5445 igno-

1949 5467 2180 5521 rantiam
2211 5466 2292 5520 vel
2323 5465 2646 5533 imperitiam
2690 5467 2949 5535 allegare.
2984 5464 3165 5534 Neque
3204 5470 3345 5521 enim
3403 5471 3507 5523 crit

1948 5561 1995 5614 ei
2034 5561 2441 5630 ignoscendum,
2474 5556 2519 5609 si
2557 5556 2702 5609 dicat
2734 5572 2791 5610 se
2824 5558 3037 5612 nescire
3067 5574 3324 5624 canones,
3371 5578 3507 5631 quos

1949 5654 2161 5721 cogitur
2184 5650 2235 5703 in
2269 5650 2450 5716 lingua
2479 5663 2691 5716 semper
2724 5648 2942 5705 habere.
2981 5648 3075 5703 Sin
3106 5662 3281 5703 autem
3310 5653 3507 5721 aliquid

1953 5737 2413 5812 prontmtiaverit,
2443 5740 2583 5806 quod
2620 5754 2649 5792 a
2681 5739 2891 5807 legibus
2926 5755 3031 5794 non
3073 5742 3394 5803 admittitur,
3432 5746 3512 5797 \ci
