4214 6438
733 359 801 420 79

1968 360 2243 421 THEOD.
2289 356 2683 419 BALSAMON

3862 342 3931 404 80

736 472 819 517 est
843 474 993 518 extra
1027 464 1366 533 judiciariam
1394 464 1863 535 consequentiam,
1885 467 2039 520 venia
2063 466 2281 520 dabitur
2308 472 2327 527 Α

2397 463 2703 527 ὶκολουθίας
2735 462 2969 530 ιεωθεν,
3005 458 3481 531 συγγνωσθήσεται
3506 456 3596 511 διὰ
3636 454 3739 523 τήν
3770 456 3933 507 ἀπει-

738 563 955 620 propter
1011 555 1335 623 imperitiam
1391 594 1407 615 ,
1458 560 1519 608 ut
1557 553 1655 623 qui
1708 568 1809 608 nec
1856 555 2092 624 perfecte
2140 557 2282 625 leges

737 640 875 694 scire
925 642 1133 696 debeat.
1181 642 1305 697 Haec
1350 650 1530 696 autem
1562 642 2020 708 observabuntur,
2067 645 2282 713 quando

735 729 1068 783 criminale")
1091 745 1307 786 causam
1334 729 1659 800 iudicaverit
1688 731 1996 800 episcopus,
2019 735 2101 787 vel
2123 735 2281 789 aliam

735 820 1159 874 ecclesiasticam
1211 818 1605 891 quaestionem,
1648 834 1771 891 quo
1819 822 2023 876 inducit
2067 824 2285 893 deposi-

738 908 958 960 tionem.
996 909 1052 961 bi
1076 910 1221 962 enim
1248 908 1620 978 pecuniariam
1654 916 1843 963 contra
1890 909 2035 979 leges
2072 922 2287 966 senten-

737 995 862 1047 tinm
896 999 1186 1065 protulerit
1214 1009 1310 1067 per
1356 997 1704 1066 imperitiam,
1738 998 1790 1053 id
1825 998 1877 1052 ei
1922 1000 2284 1067 pmjudieium

735 1099 840 1138 non
873 1086 1082 1141 afferet.
1115 1086 1386 1142 Prcterea
1431 1086 1789 1156 interrogabit
1837 1087 2128 1157 quispiam,
2161 1105 2286 1144 cum

736 1188 909 1228 canon
944 1177 1222 1243 permittat
1265 1177 1441 1233 sacris
1485 1176 1726 1229 initiatos
1762 1174 1979 1245 iudices
2022 1178 2287 1233 electitios

735 1267 955 1330 eligere,
984 1267 1135 1320 eisne
1166 1265 1348 1320 licebit
1383 1263 1570 1320 civiles
1599 1263 1839 1333 eligere?
1888 1263 2119 1321 Salutio.
2154 1267 2288 1333 Quia

736 1354 924 1406 statuit
950 1369 1146 1421 canon,
1184 1364 1241 1408 ut
1273 1354 1569 1409 electorum
1593 1352 1836 1423 iudicum
1870 1355 2047 1408 valeat
2069 1364 2289 1410 senten-

736 1446 827 1505 tia,
883 1458 981 1497 ncc
1031 1444 1375 1513 appellationi
1432 1443 1503 1498 ait
1533 1442 1792 1505 obnoxia,
1826 1444 2037 1497 etiamsi
2094 1444 2130 1497 ii
2183 1445 2291 1499 sint

734 1535 1012 1599 pauciores
1061 1549 1224 1603 quam
1278 1533 1583 1599 duodecim,
1639 1546 1802 1602 quam
1858 1547 1975 1599 sex,
2027 1542 2082 1587 et
2127 1548 2289 1602 quam

736 1635 863 1688 tres,
894 1625 1174 1678 evidenter
1195 1633 1416 1693 apparet
1441 1621 1683 1677 civilium
1710 1622 1951 1691 iudicum
1973 1623 2291 1678 electionem

735 1730 840 1766 non
875 1717 1088 1769 admitti
1121 1731 1149 1768 a
1180 1713 1499 1769 canonibus.
1547 1712 1717 1776 Unde,
1776 1723 1834 1766 ut
1885 1714 2013 1767 mihi
2061 1715 2288 1781 videtur,

732 1808 1025 1857 secundum
1061 1813 1382 1873 prasentem
1430 1816 1695 1857 canonem
1731 1804 2025 1870 punientur
2068 1806 2287 1869 sacrati,

698 1950 702 1954 Α
733 1893 821 1959 ιιιιὶ
853 1907 880 1945 a
913 1893 1160 1947 civilibus
1183 1892 1458 1962 iudicibus
1484 1890 1718 1963 iudicari
1746 1893 2031 1961 elegerint.
2070 1892 2297 1950 Videtur

736 1992 915 2035 autem
967 1998 1030 2037 ex
1083 1984 1267 2037 verbis
1291 1982 1539 2047 canonis,
1577 1996 1697 2051 quae
1732 1982 1921 2036 dicunt
1956 1984 2154 2051 deponi
2208 1999 2298 2039 sa-

734 2079 938 2133 cratos,
978 2071 1067 2137 qui
1117 2070 1451 2139 litigaverint
1504 2070 1554 2123 in
1613 2069 1733 2124 foro
1783 2070 1928 2124 civili
1985 2087 2083 2141 pro
2133 2089 2296 2129 causa

734 2159 1039 2227 pecuniaria
1073 2201 1086 2223 ,
1119 2168 1171 2212 et
1217 2162 1467 2225 vicerint,
1513 2162 1615 2217 nisi
1661 2177 1690 2216 ιι
1746 2180 1841 2217 sua
1884 2167 2147 2219 sententia
2199 2167 2295 2222 de—

734 2252 951 2314 sistant,
985 2250 1415 2319 quodjudicinm
1452 2244 1669 2323 quidem
1718 2254 1921 2309 factum
1972 2257 2039 2310 ab
2090 2257 2297 2311 incum-

734 2341 932 2409 petcnti
956 2339 1162 2409 judice,
1196 2356 1260 2394 ex
1297 2342 1573 2397 voluntate
1602 2344 1719 2410 ejus
1749 2346 1841 2413 qui
1886 2354 1971 2399 est
2021 2358 2295 2409 sacratus.

735 2428 1024 2486 tenendum
1066 2441 1151 2485 est
1197 2442 1253 2485 et
1307 2448 1412 2487 non
1459 2432 1914 2490 labelactandum.
1973 2436 2072 2501 Qui
2115 2448 2296 2493 autem

732 2517 1162 2573 ecclesiasticum
1197 2523 1466 2577 recusavit
1489 2522 1752 2590 judicium
1786 2533 1841 2579 et
1891 2524 1993 2580 l‘ori
2046 2530 2290 2595 praescri-

733 2610 915 2677 ptione
946 2624 1052 2663 non
1082 2618 1166 2664 est
1198 2625 1354 2674 usus,
1390 2623 1635 2667 sacratus
1658 2615 1932 2682 punietur,
1965 2620 2297 2686 ut'superlua

733 2700 931 2753 dictqu
980 2711 1084 2755 est.
1120 2700 1398 2759 Electitios
1428 2715 1609 2759 autem
1646 2705 1853 2774 judices
1880 2707 1968 2763 hic
2007 2723 2074 2764 ne
2099 2710 2300 2765 dixeris

731 2790 1032 2859 cnjusmodi
1067 2794 1156 2846 tit.
1189 2792 1225 2845 2
1261 2794 1382 2849 libri
1437 2810 1512 2849 vn
1565 2796 1719 2859 dicit,
1770 2797 1863 2867 qui
1914 2798 2125 2853 scilicet
2174 2816 2316 2856 cum»

737 2898 906 2949 mente
995 2884 1341 2954 stipulatione
1404 2886 1693 2955 judicant,
1748 2891 1841 2942 sed
1906 2890 2301 2946 ecclesiasticos

734 2976 1062 3030 crdinarios.
1102 2976 1183 3030 Illi
1210 2977 1353 3030 enim
1392 2992 1500 3030 non
1531 2986 1756 3046 possunt
1787 2993 2009 3033 causam
2038 2981 2303 3035 crimina-

733 3068 836 3118 lem
887 3068 1268 3136 judicarezbi
1332 3081 1480 3131 vero,
1544 3080 1603 3123 ut
1652 3084 1717 3123 ex
1773 3072 2027 3139 praesenti
2091 3088 2368 3161 canonec

733 3156 1058 3221 intenditur,
1096 3171 1310 3210 onmem
1337 3171 1554 3211 causam
1586 3157 1850 3225 judicaut.
1879 3159 1953 3214 De
1973 3164 2299 3229 spectaculis

730 3252 929 3307 autem,
963 3254 1018 3299 et
1040 3260 1304 3316 equorum
1339 3247 1651 3311 curriculis,
1696 3257 1751 3301 et
1793 3251 2205 3316 venatiOnibus,
2240 3262 2295 3306 et

731 3336 969 3390 scenicis
993 3337 1409 3399 saltationibus,
1442 3336 1579 3390 satis
1614 3338 1850 3391 diximus
1902 3339 1954 3393 in
1984 3354 2196 3396 canone
2224 3342 2295 3395 24

730 3427 920 3496 synodi
972 3428 1021 3480 in
1073 3427 1283 3491 Trullo,
1319 3437 1375 3481 et
1420 3429 1472 3481 in
1535 3427 1597 3481 51
1656 3429 1749 3483 ubi
1794 3429 1956 3483 etiam
2013 3432 2295 3500 praesentis

731 3518 956 3570 canonis
988 3517 1385 3575 meminimus:
1437 3526 1493 3571 et
1541 3517 1659 3587 lege
1710 3533 1825 3572 eos.
1884 3518 2077 3586 Quaere
2126 3522 2291 3575 etiam

728 3618 1034 3662 sanctorum
1068 3607 1432 3675 apostolorum
1494 3623 1758 3661 canonetn
1810 3610 1899 3673 74,
1946 3612 2135 3680 synodi
2183 3613 2296 3665 Att-

735 3698 999 3763 tiochenae
1032 3710 1269 3750 canones
1302 3696 1369 3749 M
1399 3705 1451 3749 et
1478 3694 1567 3760 l5,
1614 3697 1802 3767 synodi
1834 3697 2297 3755 Chalcedonensis

730 3802 965 3842 canones
1001 3787 1091 3849 10,
1126 3786 1217 3850 l7,
1266 3786 1455 3857 synodi
1485 3786 1824 3842 Sardicensis
1854 3802 2097 3843 canones
2138 3791 2195 3854 5,
2238 3792 2295 3857 5,

729 3882 821 3945 14,
862 3893 913 3933 et
942 3879 1099 3945 huius
1128 3893 1364 3941 canones
1400 3878 1491 3939 ΞΒ,
1544 3877 1647 3931 120
1687 3890 1741 3932 et
1774 3879 1899 3932 121.
1928 3880 2081 3944 Quod
2116 3890 2291 3935 autem

728 3973 937 4043 possint
965 3972 1163 4027 sacrati
1199 3971 1513 4025 renuntiare
1538 3972 1930 4038 prmeriptioni
1956 3973 2078 4039 fori,
2111 3988 2292 4042 qurere

726 4079 844 4133 cap.
877 4065 910 4119 9
942 4066 1027 4117 tit.
1056 4063 1090 4114 ὅ
1122 4064 1212 4116 lib.
1239 4077 1295 4114 ιιι
1324 4060 1699 4113 Basilicarum.

2386 552 2527 618 ρίαν,
2578 553 2653 617 ὥς
2694 553 2831 622 μηδὲ
2876 550 3111 619 ὀφείλων
3159 548 3360 602 είδίναι
3412 548 3610 617 νόμους
3661 542 3929 612 ἀκριϐῶς.

2381 642 2567 697 Ταῦτα
2587 643 2645 696 δι
2664 644 3052 713 κρατήσουσιν,
3070 641 3199 695 όταν
3226 636 3641 707 εγκληματικήν
3672 632 3934 686 ὑπόθεσιν

2380 732 2576 803 δικάσῃ
2634 734 2954 795 ιπίσκοπος,
3014 731 3183 799 άλλην
3212 727 3679 797 ἐκκλησιαστικὴν
3703 725 3932 793 ζήτησιν

2382 823 2694 889 ιπάγουσαν
2723 822 3063 891 καθαίρεσιν.
3110 821 3173 873 El
3217 820 3326 887 γὰρ
3370 814 3723 887 χρηματικήν
3757 829 3934 881 παρα-

2386 912 2569 980 νόμως
2599 912 2863 982 εξενέγκῃ
2894 912 3171 978 ἀπόφασιν
3200 907 3262 972 ιε
3282 907 3563 975 ἀπειρίας,
3610 905 3673 957 οὐ
3705 918 3941 971 προκρι-

2391 1002 2807 1072 ματισθήσεται.
2835 1003 2956 1056 Ἔτι
3010 1001 3279 1071 ιρωτήσει
3330 1013 3438 1061 τις,
3490 995 3566 1057 ὡς
3592 995 3685 1046 τοῦ
3711 990 3939 1050 κανόνος

2389 1091 2679 1155 unum;
2734 1094 2848 1155 τοῖς
2902 1092 3218 1162 ίερωμίνοις
3274 1084 3625 1154 επιλέγεσθαι
3678 1081 3943 1143 δικαστὰς

2388 1183 2660 1251 αίρετοὺς.
2692 1182 2911 1248 δξίσται
2943 1181 3129 1243 αὐτοῖς
3182 1176 3537 1245 ιπιλίγεσθαι
3586 1172 3942 1236 πολιτικούςς

2389 1271 2599 1333 Λύσις.
2637 1268 2787 1321 Ἐπεὶ
2815 1271 2845 1323 ὁ
2868 1268 3045 1321 κανὼν
3068 1266 3361 1337 διορίζεται
3390 1262 3614 1332 κρατεῖν
3636 1262 3736 1331 τήν
3762 1260 3945 1329 ψῆφον

2390 1358 2499 1409 τῶν
2552 1358 2845 1427 αίρετικῶν
2893 1357 3188 1419 δικαστῶν,
3233 1355 3330 1409 καὶ
3375 1354 3452 1425 μή
3486 1351 3809 1406 ὑποκεῖσθαι
3843 1352 3945 1403 εκ-

2391 1449 2596 1518 κλήτῳ,
2631 1448 2736 1501 κᾶν
2753 1448 2985 1519 ἥττονες
3014 1440 3152 1501 ὦσιν
3178 1438 3329 1499 οὗτοι
3358 1445 3465 1497 τῶν
3490 1442 3724 1506 δώδεκα,
3753 1441 3861 1493 τῶν
3886 1438 3949 1505 EE

2392 1538 2490 1588 xci.
2517 1536 2625 1591 τῶν
2649 1535 2837 1606 τριῶν,
2881 1536 3135 1604 φαίνεται
3178 1533 3428 1604 εναργῶς
3459 1533 3779 1587 άνένδεκτον
3806 1525 3948 1582 εἶναι

2390 1629 2502 1687 τοῖς
2535 1628 2724 1680 κανόσι
2753 1627 2855 1697 τὴν
2878 1626 3140 1696 ιπιλογήν
3184 1625 3292 1677 τῶν
3323 1623 3618 1677 πολιτικῶν
3652 1621 3947 1674 δικαστῶν.

2398 1715 2585 1778 Ὅθεν,
2646 1718 2723 1779 ὡς
2777 1716 2900 1789 εμοὶ
2942 1715 3115 1779 δοκεῖ,
3178 1712 3607 1780 κολασθήσονται
3657 1709 3801 1763 κατὰ
3855 1708 3952 1760 τὸν

2396 1806 2642 1873 παρόντα
2675 1804 2880 1857 κανόνα
2912 1806 2973 1856 οί
3000 1802 3154 1873 παρὰ
3179 1801 3479 1863 πολιτικοῖς
3524 1799 3811 1860 δικασταῖς
3866 1796 3954 1850 αί-

2400 1893 2745 1963 ρετισάμενοι
2801 1892 3128 1960 δικασθῆναι
3172 1891 3496 1960 ίερωμινοιο
3548 1888 3693 1942 Ιοικε
3738 1888 3795 1940 δε
3845 1886 3956 1940 άπὸ

2398 1986 2508 2037 τῶν
2532 1984 2798 2055 ῥημάτων
2823 1982 2917 2037 τοῦ
2942 1984 3186 2045 κανόνος,
3239 1978 3348 2033 τῶν
3377 1980 3646 2047 λεγόντων
3672 1978 3957 2047 καθαιρετ-

2400 2077 2524 2129 σθαι
2548 2078 2674 2139 τοὺς
2704 2077 3029 2146 ίερωμίνους
3076 2072 3475 2143 δικασαμινους
3509 2071 3663 2139 παρά
3686 2067 3954 2136 πολιτικῷ

2396 2165 2732 2235 δικαστηρίῳ
2760 2166 2925 2236 χάριν
2954 2164 3304 2235 χρηματικῆς
3332 2162 3646 2224 αίτιάσεως,
3676 2158 3771 2213 καὶ
3802 2158 3959 2233 νική-

2398 2272 2620 2327 σαντας,
2652 2257 2747 2309 ἐὰν
2775 2257 2851 2327 μὴ
2882 2254 3161 2309 ἀποστῶσι
3204 2254 3303 2321 τῆς
3331 2253 3473 2320 ὑπερ
3507 2252 3690 2305 αὐτῶν
3737 2250 3957 2317 ἀποφά-

2401 2363 2559 2412 σεως,
2584 2347 2659 2410 ὡς
2686 2348 2720 2418 ή
2754 2348 2854 2417 μὲν
2875 2347 3151 2415 γενομένη
3173 2344 3357 2413 κρίσις
3402 2343 3555 2412 παρὰ
3596 2340 3951 2411 άπροσιρόρου

2397 2437 2651 2489 δικαστοῦ
2709 2437 2851 2492 κατὰ
2903 2436 3124 2505 θέλησιν
3172 2434 3268 2487 τοῦ
3322 2432 3621 2505 ἱερωμένου
3683 2429 3957 2501 περκτὲα
3998 2464 4004 2471 ρ

2396 2529 2553 2582 ισται
2610 2529 2705 2582 καὶ
2751 2530 3185 2589 ἀκατάσειστοςο
3244 2527 3273 2578 ό
3302 2524 3360 2578 δὲ
3388 2523 3448 2576 τὸ
3499 2521 3955 2585 ἐκκλησιαστικὸν

2400 2620 2885 2688 παραιτησάμενος
2911 2616 3264 2685 δικαστήριον
3290 2618 3381 2666 καὶ
3419 2613 3495 2683 μή
3518 2613 3864 2681 χρησάμενος
3889 2615 3959 2680 τῇ

2398 2708 2491 2759 τοῦ
2543 2711 2711 2779 φόρου
2765 2709 3108 2778 παραγραφῇ
3174 2706 3474 2776 ίερωμένος
3533 2704 3962 2765 κολασθήσεται,

2399 2798 2583 2863 καθὼς
2638 2798 2844 2852 ἄνωθεν
2899 2799 3139 2868 εἴρηται.
3170 2796 3434 2865 Δῑρετοὺς
3472 2795 3527 2847 δὲ
3576 2796 3840 2856 δικαστὰς
3873 2796 3963 2847 ιν-

2397 2890 2571 2943 ταῦθα
2599 2893 2674 2961 μὴ
2704 2890 2865 2960 εἴπῃς
2889 2890 3036 2952 οῐους
3064 2890 3091 2939 ό
3117 2887 3161 2957 β’
3184 2889 3323 2942 τίτλ.
3348 2888 3443 2940 τοῦ
3469 2885 3515 2951 ζ’
3545 2886 3752 2956 βισλίου
3802 2889 3962 2957 φησι,

2404 2978 2542 3047 μετὰ
2590 2979 2989 3047 ἐπερωτήσεως
3042 2975 3289 3046 δηλονότι
3351 2974 3544 3042 ποινῆς
3594 2971 3959 3034 δικάζοντας·

2400 3068 2537 3123 ἀλλὰ
2568 3068 3059 3138 ἐκκλησιαστικοὺς
3111 3066 3438 3136 ἐνορδίνους.
3479 3066 3708 3117 Ἐκεῖνοι
3736 3065 3843 3131 γὰρ
3869 3066 3967 3131 ιγ-

2402 3159 2754 3231 κληματικὴν
2790 3159 3052 3212 ὑπόθεσιν
3082 3158 3141 3211 οὐ
3198 3157 3455 3209 δύνανται
3510 3153 3782 3216 δικάζεινο
3814 3148 3967 3207 οὗτοι

2399 3253 2478 3316 δὲ,
2507 3254 2581 3317 ὡς
2602 3251 2711 3306 άπὸ
2740 3251 2833 3304 τοῦ
2866 3250 3131 3321 παρόντος
3160 3249 3382 3310 κανόνος
3407 3247 3759 3315 παρίσταται,
3780 3247 3966 3298 πᾶσαν

2402 3342 2659 3397 ὑπόθεσιν
2721 3342 2989 3411 κρίνουσι.
3040 3341 3181 3409 Περὶ
3217 3339 3405 3412 μέντοι
3439 3338 3549 3389 τῶν
3581 3336 3829 3405 θεωρίων
3864 3338 3965 3390 καὶ

2401 3433 2509 3484 τῶν
2548 3432 2920 3501 ἱπποδρομίων
2946 3432 3042 3484 καὶ
3075 3431 3184 3483 τῶν
3233 3429 3579 3498 κυνηγεσίων
3613 3430 3705 3480 καὶ
3728 3419 3834 3480 τῶν
3870 3429 3969 3482 ἐπὶ

2404 3525 2630 3591 σκηναῖς
2657 3523 2938 3593 ὀρχήσεων
2985 3521 3190 3583 ἱκανῶς
3231 3520 3555 3589 ὶγράψαμεν
3579 3521 3637 3571 εν
3666 3518 3748 3588 τῷ
3774 3517 3970 3572 κδ’κα-

2404 3614 2516 3666 vth
2541 3614 2639 3682 τῆς
2663 3616 2723 3666 ὲν
2753 3613 2832 3681 τῷ
2862 3612 3121 3682 τρούλλῳ
3162 3610 3408 3672 συνόδου,
3442 3611 3539 3662 καὶ
3590 3609 3669 3677 τῷ
3696 3607 3797 3672 να’,
3828 3610 3969 3661 ὅπου

2402 3705 2497 3756 καὶ
2546 3703 2641 3755 τοῦ
2688 3704 2957 3771 παρόντος
2990 3701 3219 3763 κανόνος
3276 3697 3637 3769 ἐμνήσθημεν
3661 3715 3675 3728 ·
3706 3699 3800 3751 καὶ
3830 3699 3969 3752 άνάο

2399 3810 2609 3860 γνωσον
2636 3792 2888 3853 τούτους.
2936 3792 3097 3861 Ζήτει
3129 3789 3224 3842 καὶ
3254 3788 3364 3841 τῶν
3410 3789 3583 3856 ἁγίων
3646 3788 3969 3840 ἀποστόλων

2399 3886 2600 3939 κανόνα
2622 3885 2717 3946 οδ’,
2752 3883 2853 3950 τῆς
2881 3884 2938 3933 tv
2962 3879 3268 3951 Ἀντιοχείᾳ
3299 3880 3516 3931 συνόδου
3553 3879 3753 3930 κανόνα
3782 3874 3842 3929 ιδ’
3869 3878 3967 3930 καὶ

2402 3982 2485 4038 ιε’,
2519 3976 2621 4042 τῆς
2680 3974 2739 4023 ἂν
2789 3970 3097 4039 Χαλκηδόνι
3123 3986 3245 4021 καν.
3305 3972 3360 4031 ι’,
3392 3967 3479 4031 ιζ’,
3506 3968 3603 4035 τῆς
3632 3967 3690 4018 ἐν
3724 3966 3834 4035 Σαρ
3871 3968 3964 4035 ικῇ

2400 4068 2604 4120 κανόνα
2648 4070 2719 4131 γ’,
2752 4069 2819 4128 ε’,
2866 4061 2952 4126 ιδ’,
2985 4064 3081 4115 καὶ
3113 4060 3316 4129 ταύτης
3348 4059 3551 4112 κανόνα
3583 4056 3689 4129 κη’,
3725 4060 3816 4110 καὶ
3854 4066 3964 4127 ρκ’,

728 4154 821 4204 καὶ
890 4151 1030 4222 ρκα’.
1066 4151 1203 4220 Περὶ
1285 4148 1342 4201 δὲ
1386 4147 1479 4201 τοῦ
1531 4147 1791 4201 δύνασθαι
1844 4150 1970 4211 τοὺς
2024 4152 2358 4222 ἱερωμένους
2425 4153 2825 4225 άποτάττεσθαι
2883 4155 2950 4221 τῇ
3011 4149 3107 4203 τοῦ
3174 4151 3348 4219 φόρου
3412 4153 3748 4221 παραγραῳῇ
3811 4149 3967 4221 ζήτει

727 4257 851 4309 κεφ.
882 4240 925 4292 θ’
953 4241 1047 4291 τοῦ
1083 4236 1128 4305 γ’
1150 4238 1331 4290 τίτλου
1360 4235 1455 4289 τοῦ
1494 4242 1542 4303 γ’
1578 4236 1789 4306 βιϐλίου
1816 4240 1925 4291 τῶν
1952 4240 2276 4300 Βασιλικῶν.

797 4329 962 4401 534
977 4328 1225 4383 ZONAR.
1248 4330 1303 4380 lu
1331 4329 1698 4397 Omnium,qui
1722 4331 1894 4384 sacris
1931 4331 2127 4386 initiati
2153 4344 2306 4400 sunt,

2485 4334 2733 4389 ZONAP.
2788 4332 2913 4394 Τοῖς
2966 4331 3291 4400 ἱερωμένοις
3320 4329 3548 4392 άπασιν,
3610 4326 3747 4381 ἀλλὰ
3779 4331 3967 4397 μέντοι

726 4425 855 4490 quin
906 4433 961 4473 et
998 4421 1051 4472 in
1106 4420 1501 4471 monachorum
1562 4420 1977 4486 controversiis,
2036 4423 2157 4492 ejus
2206 4424 2327 4480 cuii

2402 4426 2497 4477 καὶ
2548 4426 2803 4493 μοναχοίς
2842 4422 3134 4492 πρόσφορά
3189 4423 3296 4472 εἰσι
3360 4417 3691 4487 δικαστήρια
3740 4419 3809 4470 τὰ
3856 4419 3969 4473 τῶν

726 4511 953 4579 subjecti
982 4519 1108 4562 sunt
1142 4508 1380 4575 episcopi
1420 4508 1640 4576 propria
1689 4523 1866 4562 causa
1900 4514 2144 4581 cognitio
2185 4526 2289 4570 est.

728 4605 851 4657 Sive
878 4601 1040 4670 igitur
1085 4597 1281 4665 aliquis
1336 4597 1531 4651 horum
1567 4596 1860 4663 deferatur,
1897 4604 2031 4656 sive
2082 4603 2293 4658 deferat

726 4690 1113 4759 conclericum,
1151 4702 1333 4742 coram
1366 4688 1535 4755 ipsius
1561 4690 1841 4759 episcopo,
1875 4690 1990 4745 sive
2032 4695 2113 4746 rei
2139 4698 2292 4765 capi-

729 4782 869 4841 talis,
901 4794 994 4831 seu
1022 4776 1222 4838 civilis,
1252 4784 1345 4828 aut
1382 4778 1711 4842 pecuniaria:
1755 4778 1989 4846 qutestio
2031 4780 2121 4841 sit,
2174 4796 2289 4835 rem

728 4869 948 4937 transigi
1004 4877 1239 4934 oportet.
1291 4864 1446 4929 Quod
1486 4866 1529 4919 si
1563 4881 1628 4919 ex
1685 4866 1749 4921 iis
1790 4869 2083 4938 quispiam,
2130 4872 2294 4926 sesab

724 4960 1091 5014 ecclesiastica
1113 4956 1497 5026 jurisdictione
1525 4958 1874 5024 subtrahens,
1911 4960 2129 5028 publico
2147 4962 2295 5030 judi-

723 5054 829 5114 cio,
861 5055 999 5120 apud
1031 5051 1373 5117 magistratus
1410 5049 1661 5101 nimirum
1696 5052 2009 5119 populares,
2044 5055 2148 5107 hoc
2205 5064 2290 5107 est

725 5120 939 5204 civiles,
972 5140 1215 5208 purgari,
1261 5140 1309 5191 id
1346 5146 1447 5202 est,
1482 5154 1539 5192 se
1570 5153 1599 5191 a
1631 5142 1784 5209 culpa
1824 5141 2115 5196 immunem
2165 5159 2292 5211 pro-

726 5239 851 5289 bare
896 5233 1223 5295 contendat;
1278 5231 1627 5299 quamvian
1677 5246 1743 5285 eo
1789 5231 1996 5298 judicio
2045 5236 2295 5302 superior

723 5326 978 5387 evaserit,
1014 5336 1244 5389 eumque
1273 5325 1340 5374 ab
1374 5321 1572 5390 objecti
1606 5321 1861 5376 facinoris
1882 5323 2041 5393 culpa
2069 5328 2294 5379 omnino

725 5417 911 5486 procul
935 5412 1403 5479 abfuissejudices
1436 5414 1871 5483 pronuntiarint;
1902 5416 2080 5469 locum
2113 5426 2290 5471 tamen

724 5509 1024 5579 preprinm,
1065 5507 1287 5575 gradum
1342 5506 1614 5570 videlicet,
1652 5521 1715 5559 ac
1773 5506 2065 5561 sacerdotii
2117 5510 2294 5577 digni-

726 5611 886 5653 latent
944 5599 1174 5657 amittet,
1240 5606 1401 5664 atque
1438 5596 1524 5649 vel
1574 5602 1643 5650 ob
1704 5598 1754 5651 id
1808 5598 2008 5665 ipsum,
2054 5600 2195 5665 quod
2226 5599 2293 5651 ab

721 5690 1060 5745 cclesiastica
1107 5687 1491 5757 jurisdictione
1542 5703 1599 5741 se
1657 5687 2005 5752 subduxerit,
2044 5689 2278 5753 deposi-

2401 4518 2737 4579 ὲπισκόπων,
2764 4508 2847 4575 οἷς
2870 4513 3214 4564 ὑπόκεινται.
3265 4510 3398 4561 -Είτε
3429 4503 3523 4560 οὖν
3569 4508 3827 4575 ενάγεταί
3881 4526 3967 4572 τις

2399 4607 2628 4670 τούτων,
2674 4606 2787 4658 είτε
2839 4606 3027 4670 ἐνάγει
3059 4602 3201 4656 κατὰ
3250 4600 3649 4669 συγκληρικοῦ,
3702 4602 3854 4669 παρὰ
3885 4603 3969 4670 τῷ

2400 4699 2682 4766 επισκόπῳ
2704 4694 2871 4748 αὑτοῦ
2907 4696 3001 4747 καὶ
3036 4693 3328 4759 ὲνάγεσοαι
3367 4694 3461 4743 καὶ
3484 4688 3708 4756 ’ἐνάγειν
3737 4690 3964 4759 ὀφείλει,

2402 4789 2505 4841 κᾶν
2538 4784 2941 4856 ἐγκληματικὸν
2973 4785 3059 4852 εἴη
3086 4784 3147 4833 τὸ
3177 4780 3661 4849 δικαστήριον,καὶ
3690 4779 3968 4832 πολιτικὸν

2402 4881 2525 4949 ήτοι
2584 4877 2947 4949 χρηματικόν.
3012 4876 3136 4927 Ἐὰν
3166 4873 3222 4924 δὲ
3252 4870 3661 4941 παραιτήσηταί
3719 4888 3804 4932 τις
3858 4872 3969 4923 τῶν

2399 4973 2661 5023 τοιούτων
2684 4970 2744 5019 τὸ
2775 4965 3233 5035 ἐκκλησιαστικὸν
3260 4964 3639 5031 δικαστήριον,
3674 4963 3770 5013 καὶ
3790 4961 3967 5031 δημο-

2403 5064 2537 5122 σίοις
2577 5059 2983 5127 δικαστηρίοις,
3052 5056 3222 5124 ήγουν
3282 5052 3602 5123 δημοτικῶν
3661 5053 3965 5121 ἀρχόντων,

2398 5153 2648 5203 τουτέστι
2680 5148 2998 5210 πολιτικῶν,
3057 5146 3265 5215 θελήσῃ
3319 5144 3685 5212 καθαρθῆναι,
3719 5145 3839 5195 άντὶ
3872 5144 3969 5194 τοῦ

2401 5238 2637 5305 καθαρὸς
2674 5236 2907 5304 φανῆναι
2970 5232 3063 5285 τοῦ
3096 5232 3451 5299 αἰτιάματος,
3491 5229 3595 5282 κᾶν
3651 5230 3852 5300 νικήσῃ
3909 5235 3968 5281 ἐν

2400 5329 2478 5396 τῷ
2507 5328 2848 5396 δικαστηρίῳ
2884 5327 3102 5394 ἐκείνῳ,
3132 5326 3226 5375 atat
3284 5324 3421 5391 ὑπὲρ
3451 5322 3618 5373 αὐτοῦ
3669 5322 3896 5389 γένηται
3932 5322 3965 5389 ή

2400 5422 2695 5489 ἀπόφασις,
2730 5417 2908 5470 ἀθῶον
2956 5416 3119 5468 αὐτὸν
3172 5414 3587 5483 ἀποφαινομενη
3638 5411 3735 5465 τοῦ
3765 5410 3973 5480 ἐγκλήο

2404 5527 2592 5581 ματος,
2622 5507 2703 5575 ἐφ’
2729 5499 2774 5573 ᾧ
2808 5507 3189 5575 κατηγορεῖτο,
3223 5504 3373 5572 ὅμως
3396 5503 3489 5554 τὸν
3522 5501 3653 5554 ίδιον
3676 5501 3865 5559 τόπον,
3878 5498 3971 5550 τὸν

2403 5600 2606 5670 βαθμὸν
2626 5592 2855 5667 δηλαδὴ,
2884 5598 2979 5648 καὶ
3013 5594 3109 5664 τήν
3156 5593 3439 5664 ἱερατικὴν
3485 5592 3655 5661 τιμὴν
3688 5588 3965 5652 ἀπολέσει,

2401 5690 2487 5742 διὰ
2518 5687 2674 5741 τοῦτο
2703 5687 2835 5740 αὐτὸ
2868 5681 3324 5754 καθαιρούμενος,
3348 5681 3481 5735 διότι
3517 5680 3874 5750 παρῃτήσατο
3905 5677 3968 5730 τὸ
