  <div class='ocr_page' id='page_1' title='image "/cluster/home/n/w/nwhite01/storage/ocr_20150623/138/nnc1.0046980083/048.png"; bbox 0 0 4214 6438; ppageno 0'>
   <div class='ocr_carea' id='block_1_1' title="bbox 254 396 3430 479">
    <p class='ocr_par' dir='ltr' id='par_1_1' title="bbox 254 396 3430 479">
     <span class='ocr_line' id='line_1_1' title="bbox 254 396 3430 479; baseline 0.008 -16"><span class='ocrx_word' id='word_1_1' title='bbox 254 396 317 465; x_wconf 75' lang='lat' dir='ltr'>et</span> <span class='ocrx_word' id='word_1_2' title='bbox 1312 412 1383 471; x_wconf 67' lang='lat' dir='ltr'>tu</span> <span class='ocrx_word' id='word_1_3' title='bbox 1429 415 1590 473; x_wconf 82' lang='lat' dir='ltr'>CAN.</span> <span class='ocrx_word' id='word_1_4' title='bbox 1631 416 1726 473; x_wconf 86' lang='lat' dir='ltr'><strong>xv</strong></span> <span class='ocrx_word' id='word_1_5' title='bbox 1757 413 1958 475; x_wconf 87' lang='lat' dir='ltr'>CONC.</span> <span class='ocrx_word' id='word_1_6' title='bbox 2004 418 2370 479; x_wconf 61' lang='lat' dir='ltr'><strong>eamme.</strong></span> <span class='ocrx_word' id='word_1_7' title='bbox 3364 412 3430 475; x_wconf 70' lang='lat'>82</span> 
     </span>
    </p>
   </div>
   <div class='ocr_carea' id='block_1_2' title="bbox 258 514 1922 595">
    <p class='ocr_par' dir='ltr' id='par_1_2' title="bbox 258 514 1922 592">
     <span class='ocr_line' id='line_1_2' title="bbox 258 514 1922 592; baseline 0.008 -29"><span class='ocrx_word' id='word_1_8' title='bbox 258 514 705 581; x_wconf 61' lang='grc' dir='ltr'>ἐκκλησιαστικὸν</span> <span class='ocrx_word' id='word_1_9' title='bbox 731 522 1099 590; x_wconf 78' lang='grc' dir='ltr'>δικαστήριον.</span> <span class='ocrx_word' id='word_1_10' title='bbox 1134 524 1260 577; x_wconf 83' lang='grc' dir='ltr'>Ὀτε</span> <span class='ocrx_word' id='word_1_11' title='bbox 1301 521 1416 587; x_wconf 76' lang='grc' dir='ltr'>οὖν,</span> <span class='ocrx_word' id='word_1_12' title='bbox 1471 526 1654 592; x_wconf 81' lang='grc' dir='ltr'>φησὶν,</span> <span class='ocrx_word' id='word_1_13' title='bbox 1704 525 1786 589; x_wconf 76' lang='grc' dir='ltr'>ἐγ·</span> <span class='ocrx_word' id='word_1_14' title='bbox 1819 525 1865 581; x_wconf 80' lang='grc' dir='ltr'><strong>Α</strong></span> <span class='ocrx_word' id='word_1_15' title='bbox 1893 526 1922 577; x_wconf 88' lang='lat' dir='ltr'><strong>ti</strong></span> 
     </span>
    </p>
   </div>
   <div class='ocr_carea' id='block_1_3' title="bbox 1768 514 3432 595">
    <p class='ocr_par' dir='ltr' id='par_1_3' title="bbox 1769 525 3432 595">
     <span class='ocr_line' id='line_1_3' title="bbox 1769 525 3432 595; baseline -0.004 -14"><span class='ocrx_word' id='word_1_16' title='bbox 1769 553 1786 562; x_wconf 88' lang='lat'><strong>-</strong></span> <span class='ocrx_word' id='word_1_17' title='bbox 1819 525 2032 581; x_wconf 82' lang='lat' dir='ltr'><strong>Atione</strong></span> <span class='ocrx_word' id='word_1_18' title='bbox 2090 530 2359 595; x_wconf 92' lang='lat' dir='ltr'><strong>punietnr.</strong></span> <span class='ocrx_word' id='word_1_19' title='bbox 2423 530 2597 593; x_wconf 79' lang='lat' dir='ltr'><strong>Atque</strong></span> <span class='ocrx_word' id='word_1_20' title='bbox 2654 526 2765 579; x_wconf 74' lang='lat' dir='ltr'><strong>Iure</strong></span> <span class='ocrx_word' id='word_1_21' title='bbox 2819 531 3053 594; x_wconf 79' lang='lat' dir='ltr'><strong>quidem,</strong></span> <span class='ocrx_word' id='word_1_22' title='bbox 3115 538 3432 593; x_wconf 78' lang='lat' dir='ltr'><strong>quocunque</strong></span> 
     </span>
    </p>
   </div>
   <div class='ocr_carea' id='block_1_4' title="bbox 257 604 1794 683">
    <p class='ocr_par' dir='ltr' id='par_1_4' title="bbox 257 604 1794 683">
     <span class='ocr_line' id='line_1_4' title="bbox 257 604 1794 683; baseline 0.008 -29"><span class='ocrx_word' id='word_1_23' title='bbox 257 604 441 671; x_wconf 84' lang='grc' dir='ltr'>κλημα</span> <span class='ocrx_word' id='word_1_24' title='bbox 467 608 546 673; x_wconf 82' lang='grc' dir='ltr'>εῖη</span> <span class='ocrx_word' id='word_1_25' title='bbox 572 609 629 658; x_wconf 80' lang='grc' dir='ltr'>τὸ</span> <span class='ocrx_word' id='word_1_26' title='bbox 658 609 875 673; x_wconf 77' lang='grc' dir='ltr'>κινηθέν</span> <span class='ocrx_word' id='word_1_27' title='bbox 905 611 1043 662; x_wconf 87' lang='grc' dir='ltr'>κατά</span> <span class='ocrx_word' id='word_1_28' title='bbox 1074 611 1168 662; x_wconf 82' lang='grc' dir='ltr'>τοῦ</span> <span class='ocrx_word' id='word_1_29' title='bbox 1200 612 1512 679; x_wconf 76' lang='grc' dir='ltr'>ἱερωμένου,</span> <span class='ocrx_word' id='word_1_30' title='bbox 1546 614 1611 664; x_wconf 76' lang='grc' dir='ltr'>τά</span> <span class='ocrx_word' id='word_1_31' title='bbox 1642 616 1794 683; x_wconf 80' lang='grc' dir='ltr'>είρη-</span> 
     </span>
    </p>
   </div>
   <div class='ocr_carea' id='block_1_5' title="bbox 257 691 1795 769">
    <p class='ocr_par' dir='ltr' id='par_1_5' title="bbox 257 691 1795 769">
     <span class='ocr_line' id='line_1_5' title="bbox 257 691 1795 769; baseline 0.008 -27"><span class='ocrx_word' id='word_1_32' title='bbox 257 691 395 758; x_wconf 70' lang='grc' dir='ltr'>μένα</span> <span class='ocrx_word' id='word_1_33' title='bbox 426 696 771 762; x_wconf 80' lang='grc' dir='ltr'>γενήσονται·</span> <span class='ocrx_word' id='word_1_34' title='bbox 801 699 887 748; x_wconf 85' lang='grc' dir='ltr'>ὅτε</span> <span class='ocrx_word' id='word_1_35' title='bbox 921 698 977 748; x_wconf 77' lang='grc' dir='ltr'>δέ</span> <span class='ocrx_word' id='word_1_36' title='bbox 1010 700 1285 750; x_wconf 83' lang='grc' dir='ltr'>πολιτικόν</span> <span class='ocrx_word' id='word_1_37' title='bbox 1318 703 1432 752; x_wconf 82' lang='grc' dir='ltr'>ἐστι</span> <span class='ocrx_word' id='word_1_38' title='bbox 1464 701 1523 752; x_wconf 83' lang='grc' dir='ltr'>τὸ</span> <span class='ocrx_word' id='word_1_39' title='bbox 1549 703 1795 769; x_wconf 72' lang='grc' dir='ltr'>κινούμεο</span> 
     </span>
    </p>
   </div>
   <div class='ocr_carea' id='block_1_6' title="bbox 250 783 1791 857">
    <p class='ocr_par' dir='ltr' id='par_1_6' title="bbox 250 783 1791 857">
     <span class='ocr_line' id='line_1_6' title="bbox 250 783 1791 857; baseline 0.008 -25"><span class='ocrx_word' id='word_1_40' title='bbox 250 798 363 843; x_wconf 82' lang='grc' dir='ltr'>νον,</span> <span class='ocrx_word' id='word_1_41' title='bbox 397 783 517 850; x_wconf 73' lang='grc' dir='ltr'>ἢτοι</span> <span class='ocrx_word' id='word_1_42' title='bbox 547 787 903 850; x_wconf 75' lang='grc' dir='ltr'>χρηματικδν,</span> <span class='ocrx_word' id='word_1_43' title='bbox 952 786 1051 838; x_wconf 80' lang='grc' dir='ltr'>κάν</span> <span class='ocrx_word' id='word_1_44' title='bbox 1081 787 1338 856; x_wconf 78' lang='grc' dir='ltr'>δικαιωθῇ</span> <span class='ocrx_word' id='word_1_45' title='bbox 1394 792 1423 841; x_wconf 84' lang='grc' dir='ltr'>ὀ</span> <span class='ocrx_word' id='word_1_46' title='bbox 1482 792 1791 857; x_wconf 82' lang='grc' dir='ltr'>ίερωμένος,</span> 
     </span>
    </p>
   </div>
   <div class='ocr_carea' id='block_1_7' title="bbox 252 866 1792 949">
    <p class='ocr_par' dir='ltr' id='par_1_7' title="bbox 252 866 1792 949">
     <span class='ocr_line' id='line_1_7' title="bbox 252 866 1792 949; baseline 0.01 -34"><span class='ocrx_word' id='word_1_47' title='bbox 252 869 347 916; x_wconf 72' lang='grc' dir='ltr'>καὶ</span> <span class='ocrx_word' id='word_1_48' title='bbox 403 866 571 926; x_wconf 79' lang='grc' dir='ltr'>οὕτως</span> <span class='ocrx_word' id='word_1_49' title='bbox 635 872 940 923; x_wconf 73' lang='grc' dir='ltr'>ἐκπεσεῖται</span> <span class='ocrx_word' id='word_1_50' title='bbox 979 872 1071 924; x_wconf 81' lang='grc' dir='ltr'>τοῦ</span> <span class='ocrx_word' id='word_1_51' title='bbox 1116 874 1314 925; x_wconf 74' lang='grc' dir='ltr'>οἰκείου</span> <span class='ocrx_word' id='word_1_52' title='bbox 1365 875 1608 943; x_wconf 77' lang='grc' dir='ltr'>βαθμοῦ,</span> <span class='ocrx_word' id='word_1_53' title='bbox 1644 882 1691 930; x_wconf 87' lang='grc' dir='ltr'>εί</span> <span class='ocrx_word' id='word_1_54' title='bbox 1720 881 1792 949; x_wconf 75' lang='grc' dir='ltr'>μὴ</span> 
     </span>
    </p>
   </div>
   <div class='ocr_carea' id='block_1_8' title="bbox 251 960 1795 1035">
    <p class='ocr_par' dir='ltr' id='par_1_8' title="bbox 251 960 1795 1035">
     <span class='ocr_line' id='line_1_8' title="bbox 251 960 1795 1035; baseline 0.011 -30"><span class='ocrx_word' id='word_1_55' title='bbox 251 960 653 1026; x_wconf 79' lang='grc' dir='ltr'>καταφρονήσει</span> <span class='ocrx_word' id='word_1_56' title='bbox 682 960 776 1012; x_wconf 84' lang='grc' dir='ltr'>τοῦ</span> <span class='ocrx_word' id='word_1_57' title='bbox 809 963 1151 1029; x_wconf 86' lang='grc' dir='ltr'>πράγματος,</span> <span class='ocrx_word' id='word_1_58' title='bbox 1187 964 1269 1030; x_wconf 85' lang='grc' dir='ltr'>ἐφ’</span> <span class='ocrx_word' id='word_1_59' title='bbox 1299 960 1342 1032; x_wconf 83' lang='grc' dir='ltr'><strong>ᾧ</strong></span> <span class='ocrx_word' id='word_1_60' title='bbox 1370 969 1681 1035; x_wconf 81' lang='grc' dir='ltr'>ἐδικαιώθη,</span> <span class='ocrx_word' id='word_1_61' title='bbox 1704 972 1795 1022; x_wconf 72' lang='grc' dir='ltr'>καὶ</span> 
     </span>
    </p>
   </div>
   <div class='ocr_carea' id='block_1_9' title="bbox 248 1045 1795 1127">
    <p class='ocr_par' dir='ltr' id='par_1_9' title="bbox 248 1045 1795 1127">
     <span class='ocr_line' id='line_1_9' title="bbox 248 1045 1795 1127; baseline 0.012 -32"><span class='ocrx_word' id='word_1_62' title='bbox 248 1045 347 1111; x_wconf 87' lang='grc' dir='ltr'>τῆς</span> <span class='ocrx_word' id='word_1_63' title='bbox 374 1045 684 1117; x_wconf 75' lang='grc' dir='ltr'>δικαιούσης</span> <span class='ocrx_word' id='word_1_64' title='bbox 715 1053 877 1102; x_wconf 84' lang='grc' dir='ltr'>αὐτὸν</span> <span class='ocrx_word' id='word_1_65' title='bbox 910 1054 1256 1119; x_wconf 82' lang='grc' dir='ltr'>ἀποφάσεως.</span> <span class='ocrx_word' id='word_1_66' title='bbox 1301 1058 1424 1110; x_wconf 78' lang='grc' dir='ltr'>Ἐὰν</span> <span class='ocrx_word' id='word_1_67' title='bbox 1451 1059 1506 1111; x_wconf 82' lang='grc' dir='ltr'>δέ</span> <span class='ocrx_word' id='word_1_68' title='bbox 1535 1060 1795 1127; x_wconf 76' lang='grc' dir='ltr'>ἔκκλητος</span> 
     </span>
    </p>
   </div>
   <div class='ocr_carea' id='block_1_10' title="bbox 253 1132 1797 1213">
    <p class='ocr_par' dir='ltr' id='par_1_10' title="bbox 253 1132 1797 1213">
     <span class='ocr_line' id='line_1_10' title="bbox 253 1132 1797 1213; baseline 0.014 -31"><span class='ocrx_word' id='word_1_69' title='bbox 253 1132 499 1200; x_wconf 67' lang='grc' dir='ltr'>γενηται,</span> <span class='ocrx_word' id='word_1_70' title='bbox 549 1138 581 1207; x_wconf 72' lang='grc' dir='ltr'>ἢ</span> <span class='ocrx_word' id='word_1_71' title='bbox 627 1140 941 1193; x_wconf 83' lang='grc' dir='ltr'>ἐπισκόπων</span> <span class='ocrx_word' id='word_1_72' title='bbox 967 1141 1300 1197; x_wconf 82' lang='grc' dir='ltr'>δικασάντων</span> <span class='ocrx_word' id='word_1_73' title='bbox 1327 1147 1358 1213; x_wconf 79' lang='grc' dir='ltr'>ἢ</span> <span class='ocrx_word' id='word_1_74' title='bbox 1386 1147 1652 1200; x_wconf 81' lang='grc' dir='ltr'>δικαστῶν</span> <span class='ocrx_word' id='word_1_75' title='bbox 1684 1151 1797 1203; x_wconf 77' lang='grc' dir='ltr'>ἐτέ-</span> 
     </span>
    </p>
   </div>
   <div class='ocr_carea' id='block_1_11' title="bbox 252 1226 1793 1309">
    <p class='ocr_par' dir='ltr' id='par_1_11' title="bbox 252 1226 1793 1309">
     <span class='ocr_line' id='line_1_11' title="bbox 252 1226 1793 1309; baseline 0.015 -39"><span class='ocrx_word' id='word_1_76' title='bbox 252 1237 381 1309; x_wconf 64' lang='grc' dir='ltr'>ρων,</span> <span class='ocrx_word' id='word_1_77' title='bbox 444 1226 535 1277; x_wconf 80' lang='grc' dir='ltr'>ἐπὶ</span> <span class='ocrx_word' id='word_1_78' title='bbox 576 1228 765 1289; x_wconf 79' lang='grc' dir='ltr'>ἀλλους</span> <span class='ocrx_word' id='word_1_79' title='bbox 796 1232 1274 1300; x_wconf 72' lang='grc' dir='ltr'>ἐκκλησιαστικοὺς</span> <span class='ocrx_word' id='word_1_80' title='bbox 1302 1237 1584 1300; x_wconf 75' lang='grc' dir='ltr'>δικαστὰς,</span> <span class='ocrx_word' id='word_1_81' title='bbox 1628 1241 1793 1309; x_wconf 71' lang='grc' dir='ltr'>ἤγουν</span> 
     </span>
    </p>
   </div>
   <div class='ocr_carea' id='block_1_12' title="bbox 246 1302 1791 1395">
    <p class='ocr_par' dir='ltr' id='par_1_12' title="bbox 246 1302 1791 1395">
     <span class='ocr_line' id='line_1_12' title="bbox 246 1302 1791 1395; baseline 0.017 -41"><span class='ocrx_word' id='word_1_82' title='bbox 246 1302 339 1356; x_wconf 77' lang='grc' dir='ltr'>ἐπὶ</span> <span class='ocrx_word' id='word_1_83' title='bbox 368 1310 765 1376; x_wconf 74' lang='grc' dir='ltr'>μητροπολίτας</span> <span class='ocrx_word' id='word_1_84' title='bbox 797 1314 828 1381; x_wconf 74' lang='grc' dir='ltr'>ἢ</span> <span class='ocrx_word' id='word_1_85' title='bbox 853 1321 1209 1385; x_wconf 76' lang='grc' dir='ltr'>πατριάρχας,</span> <span class='ocrx_word' id='word_1_86' title='bbox 1240 1323 1330 1373; x_wconf 76' lang='grc' dir='ltr'>καὶ</span> <span class='ocrx_word' id='word_1_87' title='bbox 1353 1302 1709 1395; x_wconf 65' lang='grc' dir='ltr'>ἐξεταζομένη</span> <span class='ocrx_word' id='word_1_88' title='bbox 1735 1331 1791 1380; x_wconf 83' lang='grc' dir='ltr'>ἐν</span> 
     </span>
    </p>
   </div>
   <div class='ocr_carea' id='block_1_13' title="bbox 247 1396 1792 1486">
    <p class='ocr_par' dir='ltr' id='par_1_13' title="bbox 247 1396 1792 1486">
     <span class='ocr_line' id='line_1_13' title="bbox 247 1396 1792 1486; baseline 0.016 -41"><span class='ocrx_word' id='word_1_89' title='bbox 247 1396 311 1463; x_wconf 78' lang='grc' dir='ltr'>τῇ</span> <span class='ocrx_word' id='word_1_90' title='bbox 361 1397 610 1468; x_wconf 86' lang='grc' dir='ltr'>ἐκκλήτῳ</span> <span class='ocrx_word' id='word_1_91' title='bbox 654 1404 686 1469; x_wconf 78' lang='grc' dir='ltr'>ἡ</span> <span class='ocrx_word' id='word_1_92' title='bbox 723 1405 993 1469; x_wconf 83' lang='grc' dir='ltr'>ἀπόφασις</span> <span class='ocrx_word' id='word_1_93' title='bbox 1037 1408 1187 1477; x_wconf 81' lang='grc' dir='ltr'>λυθῇ,</span> <span class='ocrx_word' id='word_1_94' title='bbox 1219 1411 1337 1462; x_wconf 82' lang='grc' dir='ltr'>ἀντὶ</span> <span class='ocrx_word' id='word_1_95' title='bbox 1366 1412 1457 1463; x_wconf 84' lang='grc' dir='ltr'>τοῦ</span> <span class='ocrx_word' id='word_1_96' title='bbox 1488 1415 1792 1486; x_wconf 74' lang='grc' dir='ltr'>ἀνατραπῇ,</span> 
     </span>
    </p>
   </div>
   <div class='ocr_carea' id='block_1_14' title="bbox 248 1487 1793 1573">
    <p class='ocr_par' dir='ltr' id='par_1_14' title="bbox 248 1487 1793 1573">
     <span class='ocr_line' id='line_1_14' title="bbox 248 1487 1793 1573; baseline 0.015 -37"><span class='ocrx_word' id='word_1_97' title='bbox 248 1487 438 1553; x_wconf 64' lang='grc' dir='ltr'>μηδεν,</span> <span class='ocrx_word' id='word_1_98' title='bbox 471 1491 627 1559; x_wconf 69' lang='grc' dir='ltr'>φησι,</span> <span class='ocrx_word' id='word_1_99' title='bbox 657 1493 1080 1562; x_wconf 76' lang='grc' dir='ltr'>βλαπτέσθωσαν</span> <span class='ocrx_word' id='word_1_100' title='bbox 1110 1499 1161 1550; x_wconf 78' lang='grc' dir='ltr'>οἱ</span> <span class='ocrx_word' id='word_1_101' title='bbox 1204 1500 1395 1569; x_wconf 81' lang='grc' dir='ltr'>πρώην</span> <span class='ocrx_word' id='word_1_102' title='bbox 1439 1505 1793 1573; x_wconf 83' lang='grc' dir='ltr'>ἀποφηνάμε-</span> 
     </span>
    </p>
   </div>
   <div class='ocr_carea' id='block_1_15' title="bbox 244 1579 1793 1660">
    <p class='ocr_par' dir='ltr' id='par_1_15' title="bbox 244 1579 1793 1660">
     <span class='ocr_line' id='line_1_15' title="bbox 244 1579 1793 1660; baseline 0.014 -34"><span class='ocrx_word' id='word_1_103' title='bbox 244 1591 362 1627; x_wconf 83' lang='grc' dir='ltr'>νοι·</span> <span class='ocrx_word' id='word_1_104' title='bbox 399 1579 448 1629; x_wconf 87' lang='grc' dir='ltr'>εί</span> <span class='ocrx_word' id='word_1_105' title='bbox 478 1582 551 1646; x_wconf 84' lang='grc' dir='ltr'>μή</span> <span class='ocrx_word' id='word_1_106' title='bbox 582 1599 683 1635; x_wconf 87' lang='grc' dir='ltr'>που</span> <span class='ocrx_word' id='word_1_107' title='bbox 720 1585 1048 1653; x_wconf 75' lang='grc' dir='ltr'>ἐλεγχθῶσιν</span> <span class='ocrx_word' id='word_1_108' title='bbox 1079 1588 1111 1657; x_wconf 76' lang='grc' dir='ltr'>ἢ</span> <span class='ocrx_word' id='word_1_109' title='bbox 1171 1591 1311 1642; x_wconf 85' lang='grc' dir='ltr'>κατά</span> <span class='ocrx_word' id='word_1_110' title='bbox 1338 1590 1533 1660; x_wconf 72' lang='grc' dir='ltr'>ἔχθραν</span> <span class='ocrx_word' id='word_1_111' title='bbox 1558 1595 1793 1659; x_wconf 88' lang='grc' dir='ltr'>δικάσαι,</span> 
     </span>
    </p>
   </div>
   <div class='ocr_carea' id='block_1_16' title="bbox 243 1667 1791 1753">
    <p class='ocr_par' dir='ltr' id='par_1_16' title="bbox 243 1667 1791 1753">
     <span class='ocr_line' id='line_1_16' title="bbox 243 1667 1791 1753; baseline 0.014 -36"><span class='ocrx_word' id='word_1_112' title='bbox 243 1667 319 1727; x_wconf 81' lang='grc' dir='ltr'>ὡς</span> <span class='ocrx_word' id='word_1_113' title='bbox 348 1669 637 1738; x_wconf 86' lang='grc' dir='ltr'>ἐχθρωδῶς</span> <span class='ocrx_word' id='word_1_114' title='bbox 663 1674 879 1744; x_wconf 75' lang='grc' dir='ltr'>ἔχοντες</span> <span class='ocrx_word' id='word_1_115' title='bbox 910 1678 1051 1729; x_wconf 87' lang='grc' dir='ltr'>κατά</span> <span class='ocrx_word' id='word_1_116' title='bbox 1093 1678 1187 1731; x_wconf 82' lang='grc' dir='ltr'>τοῦ</span> <span class='ocrx_word' id='word_1_117' title='bbox 1223 1682 1728 1746; x_wconf 68' lang='grc' dir='ltr'>καταδικασθέντος,</span> <span class='ocrx_word' id='word_1_118' title='bbox 1760 1685 1791 1753; x_wconf 76' lang='grc' dir='ltr'>ἢ</span> 
     </span>
    </p>
   </div>
   <div class='ocr_carea' id='block_1_17' title="bbox 244 1755 1793 1841">
    <p class='ocr_par' dir='ltr' id='par_1_17' title="bbox 244 1755 1793 1841">
     <span class='ocr_line' id='line_1_17' title="bbox 244 1755 1793 1841; baseline 0.014 -37"><span class='ocrx_word' id='word_1_119' title='bbox 244 1755 389 1805; x_wconf 86' lang='grc' dir='ltr'>κατά</span> <span class='ocrx_word' id='word_1_120' title='bbox 424 1761 817 1826; x_wconf 88' lang='grc' dir='ltr'>προσπάθειαν,</span> <span class='ocrx_word' id='word_1_121' title='bbox 852 1764 929 1827; x_wconf 79' lang='grc' dir='ltr'>ὡς</span> <span class='ocrx_word' id='word_1_122' title='bbox 955 1766 1145 1831; x_wconf 77' lang='grc' dir='ltr'>φιλίως</span> <span class='ocrx_word' id='word_1_123' title='bbox 1177 1769 1512 1837; x_wconf 76' lang='grc' dir='ltr'>διακείμενοι</span> <span class='ocrx_word' id='word_1_124' title='bbox 1537 1774 1672 1841; x_wconf 77' lang='grc' dir='ltr'>πρὸς</span> <span class='ocrx_word' id='word_1_125' title='bbox 1704 1776 1793 1825; x_wconf 77' lang='grc' dir='ltr'>τὸν</span> 
     </span>
    </p>
   </div>
   <div class='ocr_carea' id='block_1_18' title="bbox 243 1844 1791 1931">
    <p class='ocr_par' dir='ltr' id='par_1_18' title="bbox 243 1844 1791 1931">
     <span class='ocr_line' id='line_1_18' title="bbox 243 1844 1791 1931; baseline 0.013 -35"><span class='ocrx_word' id='word_1_126' title='bbox 243 1844 623 1910; x_wconf 76' lang='grc' dir='ltr'>δεκαιωθέντα.</span> <span class='ocrx_word' id='word_1_127' title='bbox 660 1854 691 1923; x_wconf 71' lang='grc' dir='ltr'>ἢ</span> <span class='ocrx_word' id='word_1_128' title='bbox 736 1854 1197 1925; x_wconf 82' lang='grc' dir='ltr'>δωροδοκηθέντες</span> <span class='ocrx_word' id='word_1_129' title='bbox 1218 1877 1232 1890; x_wconf 77' lang='grc' dir='ltr'><strong>ο</strong></span> <span class='ocrx_word' id='word_1_130' title='bbox 1268 1859 1424 1913; x_wconf 80' lang='grc' dir='ltr'>τοῦτο</span> <span class='ocrx_word' id='word_1_131' title='bbox 1450 1862 1559 1931; x_wconf 85' lang='grc' dir='ltr'>γάρ</span> <span class='ocrx_word' id='word_1_132' title='bbox 1589 1864 1705 1915; x_wconf 83' lang='grc' dir='ltr'>ἐστι</span> <span class='ocrx_word' id='word_1_133' title='bbox 1732 1866 1791 1917; x_wconf 83' lang='grc' dir='ltr'>τὸ</span> 
     </span>
    </p>
   </div>
   <div class='ocr_carea' id='block_1_19' title="bbox 244 1936 1793 2023">
    <p class='ocr_par' dir='ltr' id='par_1_19' title="bbox 244 1936 1793 2023">
     <span class='ocr_line' id='line_1_19' title="bbox 244 1936 1793 2023; baseline 0.012 -37"><span class='ocrx_word' id='word_1_134' title='bbox 244 1936 427 2004; x_wconf 86' lang='grc' dir='ltr'>χάριτι</span> <span class='ocrx_word' id='word_1_135' title='bbox 460 1940 867 2012; x_wconf 60' lang='grc' dir='ltr'>ὑποφθαρῖψαι.</span> <span class='ocrx_word' id='word_1_136' title='bbox 900 1948 1287 2017; x_wconf 85' lang='grc' dir='ltr'>Δωροδοκεῖται</span> <span class='ocrx_word' id='word_1_137' title='bbox 1343 1950 1399 2003; x_wconf 75' lang='grc' dir='ltr'>δέ</span> <span class='ocrx_word' id='word_1_138' title='bbox 1441 1968 1543 2015; x_wconf 87' lang='grc' dir='ltr'>τις,</span> <span class='ocrx_word' id='word_1_139' title='bbox 1596 1952 1627 2021; x_wconf 72' lang='grc' dir='ltr'><strong>ἢ</strong></span> <span class='ocrx_word' id='word_1_140' title='bbox 1665 1956 1793 2023; x_wconf 81' lang='grc' dir='ltr'>χρήο</span> 
     </span>
    </p>
   </div>
   <div class='ocr_carea' id='block_1_20' title="bbox 245 2029 1791 2113">
    <p class='ocr_par' dir='ltr' id='par_1_20' title="bbox 245 2029 1791 2113">
     <span class='ocr_line' id='line_1_20' title="bbox 245 2029 1791 2113; baseline 0.012 -35"><span class='ocrx_word' id='word_1_141' title='bbox 245 2043 394 2091; x_wconf 80' lang='grc' dir='ltr'>ματα</span> <span class='ocrx_word' id='word_1_142' title='bbox 426 2029 740 2097; x_wconf 75' lang='grc' dir='ltr'>λαμϐάνων,</span> <span class='ocrx_word' id='word_1_143' title='bbox 800 2035 830 2103; x_wconf 76' lang='grc' dir='ltr'>ἢ</span> <span class='ocrx_word' id='word_1_144' title='bbox 880 2036 1047 2105; x_wconf 82' lang='grc' dir='ltr'>ἀλλην</span> <span class='ocrx_word' id='word_1_145' title='bbox 1070 2039 1195 2093; x_wconf 84' lang='grc' dir='ltr'>τινὰ</span> <span class='ocrx_word' id='word_1_146' title='bbox 1242 2040 1399 2109; x_wconf 82' lang='grc' dir='ltr'>χάριν</span> <span class='ocrx_word' id='word_1_147' title='bbox 1450 2042 1599 2105; x_wconf 85' lang='grc' dir='ltr'>αὑτῷ</span> <span class='ocrx_word' id='word_1_148' title='bbox 1652 2045 1791 2113; x_wconf 64' lang='grc' dir='ltr'>πλην</span> 
     </span>
    </p>
   </div>
   <div class='ocr_carea' id='block_1_21' title="bbox 246 2117 1796 2205">
    <p class='ocr_par' dir='ltr' id='par_1_21' title="bbox 246 2117 1796 2205">
     <span class='ocr_line' id='line_1_21' title="bbox 246 2117 1796 2205; baseline 0.013 -37"><span class='ocrx_word' id='word_1_149' title='bbox 246 2117 469 2184; x_wconf 81' lang='grc' dir='ltr'>ροῦντος</span> <span class='ocrx_word' id='word_1_150' title='bbox 489 2121 581 2173; x_wconf 82' lang='grc' dir='ltr'>τοῦ</span> <span class='ocrx_word' id='word_1_151' title='bbox 611 2123 772 2176; x_wconf 79' lang='grc' dir='ltr'>αὑτὸν</span> <span class='ocrx_word' id='word_1_152' title='bbox 800 2126 1237 2195; x_wconf 78' lang='grc' dir='ltr'>ὑποφθείροντος.</span> <span class='ocrx_word' id='word_1_153' title='bbox 1266 2129 1329 2182; x_wconf 86' lang='lat' dir='ltr'><strong>El</strong></span> <span class='ocrx_word' id='word_1_154' title='bbox 1362 2131 1473 2202; x_wconf 75' lang='grc' dir='ltr'>γὰρ</span> <span class='ocrx_word' id='word_1_155' title='bbox 1503 2131 1573 2185; x_wconf 88' lang='grc' dir='ltr'>δι’</span> <span class='ocrx_word' id='word_1_156' title='bbox 1596 2133 1796 2205; x_wconf 72' lang='grc' dir='ltr'>ἔχθραν</span> 
     </span>
    </p>
   </div>
   <div class='ocr_carea' id='block_1_22' title="bbox 243 2206 1798 2293">
    <p class='ocr_par' dir='ltr' id='par_1_22' title="bbox 243 2206 1798 2293">
     <span class='ocr_line' id='line_1_22' title="bbox 243 2206 1798 2293; baseline 0.015 -36"><span class='ocrx_word' id='word_1_157' title='bbox 243 2206 277 2276; x_wconf 72' lang='grc' dir='ltr'><strong>ἢ</strong></span> <span class='ocrx_word' id='word_1_158' title='bbox 335 2212 714 2275; x_wconf 85' lang='grc' dir='ltr'>προσπάθειαν</span> <span class='ocrx_word' id='word_1_159' title='bbox 769 2215 1157 2285; x_wconf 77' lang='grc' dir='ltr'>ἢδωροδοκίαν</span> <span class='ocrx_word' id='word_1_160' title='bbox 1216 2224 1435 2287; x_wconf 75' lang='grc' dir='ltr'>φανεῖεν</span> <span class='ocrx_word' id='word_1_161' title='bbox 1491 2222 1565 2293; x_wconf 78' lang='grc' dir='ltr'>μὴ</span> <span class='ocrx_word' id='word_1_162' title='bbox 1620 2226 1798 2288; x_wconf 84' lang='grc' dir='ltr'>καλῶς</span> 
     </span>
    </p>
   </div>
   <div class='ocr_carea' id='block_1_23' title="bbox 242 2297 1797 2379">
    <p class='ocr_par' dir='ltr' id='par_1_23' title="bbox 242 2297 1797 2379">
     <span class='ocr_line' id='line_1_23' title="bbox 242 2297 1797 2379; baseline 0.014 -32"><span class='ocrx_word' id='word_1_163' title='bbox 242 2297 636 2366; x_wconf 70' lang='grc' dir='ltr'>ψηφισάμενοι,</span> <span class='ocrx_word' id='word_1_164' title='bbox 698 2304 1058 2373; x_wconf 73' lang='grc' dir='ltr'>βλαϐήσονται</span> <span class='ocrx_word' id='word_1_165' title='bbox 1087 2310 1214 2379; x_wconf 72' lang='grc' dir='ltr'>περὶ</span> <span class='ocrx_word' id='word_1_166' title='bbox 1240 2310 1340 2379; x_wconf 82' lang='grc' dir='ltr'>τὴν</span> <span class='ocrx_word' id='word_1_167' title='bbox 1365 2313 1572 2366; x_wconf 71' lang='grc' dir='ltr'>οἰκείαν</span> <span class='ocrx_word' id='word_1_168' title='bbox 1624 2316 1797 2369; x_wconf 86' lang='grc' dir='ltr'>ἐπιτι-</span> 
     </span>
    </p>
   </div>
   <div class='ocr_carea' id='block_1_24' title="bbox 245 2388 1791 2472">
    <p class='ocr_par' dir='ltr' id='par_1_24' title="bbox 245 2388 1791 2472">
     <span class='ocr_line' id='line_1_24' title="bbox 245 2388 1791 2472; baseline 0.014 -35"><span class='ocrx_word' id='word_1_169' title='bbox 245 2388 401 2454; x_wconf 82' lang='grc' dir='ltr'>μίαν.</span> <span class='ocrx_word' id='word_1_170' title='bbox 422 2390 544 2446; x_wconf 76' lang='grc' dir='ltr'>Ἐἀν</span> <span class='ocrx_word' id='word_1_171' title='bbox 568 2393 625 2445; x_wconf 73' lang='grc' dir='ltr'>δέ</span> <span class='ocrx_word' id='word_1_172' title='bbox 655 2396 1031 2463; x_wconf 84' lang='grc' dir='ltr'>αίρετίσωνται</span> <span class='ocrx_word' id='word_1_173' title='bbox 1059 2400 1108 2449; x_wconf 76' lang='lat' dir='ltr'><strong>oi</strong></span> <span class='ocrx_word' id='word_1_174' title='bbox 1138 2399 1237 2467; x_wconf 77' lang='grc' dir='ltr'>τὴν</span> <span class='ocrx_word' id='word_1_175' title='bbox 1271 2401 1529 2455; x_wconf 78' lang='grc' dir='ltr'>ὑπόθεσιν</span> <span class='ocrx_word' id='word_1_176' title='bbox 1554 2402 1791 2472; x_wconf 70' lang='grc' dir='ltr'>ἔχοντες,</span> 
     </span>
    </p>
   </div>
   <div class='ocr_carea' id='block_1_25' title="bbox 242 2478 1796 2560">
    <p class='ocr_par' dir='ltr' id='par_1_25' title="bbox 242 2478 1796 2560">
     <span class='ocr_line' id='line_1_25' title="bbox 242 2478 1796 2560; baseline 0.014 -31"><span class='ocrx_word' id='word_1_177' title='bbox 242 2478 271 2529; x_wconf 86' lang='grc' dir='ltr'>δ</span> <span class='ocrx_word' id='word_1_178' title='bbox 296 2496 353 2531; x_wconf 86' lang='grc' dir='ltr'>τε</span> <span class='ocrx_word' id='word_1_179' title='bbox 383 2482 688 2552; x_wconf 81' lang='grc' dir='ltr'>κατήγορος</span> <span class='ocrx_word' id='word_1_180' title='bbox 730 2487 826 2537; x_wconf 78' lang='grc' dir='ltr'>καὶ</span> <span class='ocrx_word' id='word_1_181' title='bbox 856 2489 883 2539; x_wconf 82' lang='grc' dir='ltr'>ὁ</span> <span class='ocrx_word' id='word_1_182' title='bbox 910 2490 1407 2558; x_wconf 84' lang='grc' dir='ltr'>κατηγορούμενος,</span> <span class='ocrx_word' id='word_1_183' title='bbox 1439 2492 1718 2560; x_wconf 78' lang='grc' dir='ltr'>δικαστὰς,</span> <span class='ocrx_word' id='word_1_184' title='bbox 1750 2500 1796 2550; x_wconf 83' lang='grc' dir='ltr'>εί</span> 
     </span>
    </p>
   </div>
   <div class='ocr_carea' id='block_1_26' title="bbox 244 2572 1797 2653">
    <p class='ocr_par' dir='ltr' id='par_1_26' title="bbox 244 2572 1797 2653">
     <span class='ocr_line' id='line_1_26' title="bbox 244 2572 1797 2653; baseline 0.014 -33"><span class='ocrx_word' id='word_1_185' title='bbox 244 2572 340 2621; x_wconf 67' lang='grc' dir='ltr'>καὶ</span> <span class='ocrx_word' id='word_1_186' title='bbox 384 2572 728 2641; x_wconf 77' lang='grc' dir='ltr'>ὀλιγώτεροι,</span> <span class='ocrx_word' id='word_1_187' title='bbox 784 2579 967 2646; x_wconf 81' lang='grc' dir='ltr'>φησὶν,</span> <span class='ocrx_word' id='word_1_188' title='bbox 1004 2576 1117 2634; x_wconf 78' lang='grc' dir='ltr'>εἷεν</span> <span class='ocrx_word' id='word_1_189' title='bbox 1145 2582 1254 2635; x_wconf 91' lang='grc' dir='ltr'>τῶν</span> <span class='ocrx_word' id='word_1_190' title='bbox 1298 2584 1644 2653; x_wconf 78' lang='grc' dir='ltr'>δρισθέντων.</span> <span class='ocrx_word' id='word_1_191' title='bbox 1690 2590 1797 2643; x_wconf 87' lang='grc' dir='ltr'>τῶν</span> 
     </span>
    </p>
   </div>
   <div class='ocr_carea' id='block_1_27' title="bbox 246 2659 1795 2748">
    <p class='ocr_par' dir='ltr' id='par_1_27' title="bbox 246 2659 1795 2748">
     <span class='ocr_line' id='line_1_27' title="bbox 246 2659 1795 2748; baseline 0.014 -37"><span class='ocrx_word' id='word_1_192' title='bbox 246 2659 313 2728; x_wconf 78' lang='grc' dir='ltr'>ιβ’</span> <span class='ocrx_word' id='word_1_193' title='bbox 342 2662 441 2713; x_wconf 81' lang='grc' dir='ltr'>ἐπὶ</span> <span class='ocrx_word' id='word_1_194' title='bbox 484 2663 822 2731; x_wconf 75' lang='grc' dir='ltr'>ἐπισκόπων,</span> <span class='ocrx_word' id='word_1_195' title='bbox 872 2670 1108 2724; x_wconf 79' lang='grc' dir='ltr'>καὶτῶν</span> <span class='ocrx_word' id='word_1_196' title='bbox 1159 2673 1219 2739; x_wconf 75' lang='grc' dir='ltr'>ἐξ</span> <span class='ocrx_word' id='word_1_197' title='bbox 1265 2676 1355 2727; x_wconf 82' lang='grc' dir='ltr'>ἐπὶ</span> <span class='ocrx_word' id='word_1_198' title='bbox 1388 2679 1795 2748; x_wconf 75' lang='grc' dir='ltr'>πρεσϐυτέρων,</span> 
     </span>
    </p>
   </div>
   <div class='ocr_carea' id='block_1_28' title="bbox 243 2751 1799 2830">
    <p class='ocr_par' dir='ltr' id='par_1_28' title="bbox 243 2751 1799 2830">
     <span class='ocr_line' id='line_1_28' title="bbox 243 2751 1799 2830; baseline 0.012 -27"><span class='ocrx_word' id='word_1_199' title='bbox 243 2751 338 2804; x_wconf 83' lang='grc' dir='ltr'>καὶ</span> <span class='ocrx_word' id='word_1_200' title='bbox 366 2752 476 2805; x_wconf 88' lang='grc' dir='ltr'>τῶν</span> <span class='ocrx_word' id='word_1_201' title='bbox 503 2755 669 2825; x_wconf 82' lang='grc' dir='ltr'>τριῶν</span> <span class='ocrx_word' id='word_1_202' title='bbox 730 2757 821 2809; x_wconf 76' lang='grc' dir='ltr'>ἐπὶ</span> <span class='ocrx_word' id='word_1_203' title='bbox 869 2758 1154 2827; x_wconf 89' lang='grc' dir='ltr'>διακόνων,</span> <span class='ocrx_word' id='word_1_204' title='bbox 1183 2765 1211 2816; x_wconf 82' lang='grc' dir='ltr'><strong>ὁ</strong></span> <span class='ocrx_word' id='word_1_205' title='bbox 1264 2765 1677 2830; x_wconf 76' lang='grc' dir='ltr'>καταδικασθεὶς</span> <span class='ocrx_word' id='word_1_206' title='bbox 1709 2768 1799 2821; x_wconf 78' lang='grc' dir='ltr'>ὑπ’</span> 
     </span>
    </p>
   </div>
   <div class='ocr_carea' id='block_1_29' title="bbox 246 2839 1799 2920">
    <p class='ocr_par' dir='ltr' id='par_1_29' title="bbox 246 2839 1799 2920">
     <span class='ocr_line' id='line_1_29' title="bbox 246 2839 1799 2920; baseline 0.014 -32"><span class='ocrx_word' id='word_1_207' title='bbox 246 2839 473 2891; x_wconf 77' lang='grc' dir='ltr'>ἐκείνων</span> <span class='ocrx_word' id='word_1_208' title='bbox 506 2843 565 2893; x_wconf 79' lang='grc' dir='ltr'>οὐ</span> <span class='ocrx_word' id='word_1_209' title='bbox 588 2842 876 2911; x_wconf 86' lang='grc' dir='ltr'>δυνήσεται</span> <span class='ocrx_word' id='word_1_210' title='bbox 908 2847 1091 2916; x_wconf 78' lang='grc' dir='ltr'>ζητεῖν</span> <span class='ocrx_word' id='word_1_211' title='bbox 1120 2850 1407 2920; x_wconf 74' lang='grc' dir='ltr'>ἔκκλητον.</span> <span class='ocrx_word' id='word_1_212' title='bbox 1427 2855 1597 2909; x_wconf 73' lang='grc' dir='ltr'>Τοῦτο</span> <span class='ocrx_word' id='word_1_213' title='bbox 1620 2856 1676 2909; x_wconf 78' lang='grc' dir='ltr'>δὲ</span> <span class='ocrx_word' id='word_1_214' title='bbox 1707 2860 1799 2910; x_wconf 72' lang='grc' dir='ltr'>καὶ</span> 
     </span>
    </p>
   </div>
   <div class='ocr_carea' id='block_1_30' title="bbox 243 2931 1799 3015">
    <p class='ocr_par' dir='ltr' id='par_1_30' title="bbox 243 2931 1799 3015">
     <span class='ocr_line' id='line_1_30' title="bbox 243 2931 1799 3015; baseline 0.013 -34"><span class='ocrx_word' id='word_1_215' title='bbox 243 2931 401 2997; x_wconf 73' lang='grc' dir='ltr'>νόμοι</span> <span class='ocrx_word' id='word_1_216' title='bbox 432 2933 698 2987; x_wconf 80' lang='grc' dir='ltr'>πολιτικοὶ</span> <span class='ocrx_word' id='word_1_217' title='bbox 720 2936 1119 3003; x_wconf 74' lang='grc' dir='ltr'>διατάττονται,</span> <span class='ocrx_word' id='word_1_218' title='bbox 1152 2944 1245 2995; x_wconf 87' lang='grc' dir='ltr'>καὶ</span> <span class='ocrx_word' id='word_1_219' title='bbox 1272 2944 1423 3014; x_wconf 79' lang='grc' dir='ltr'>ζήτει</span> <span class='ocrx_word' id='word_1_220' title='bbox 1457 2947 1662 3015; x_wconf 80' lang='grc' dir='ltr'>βιϐλίον</span> <span class='ocrx_word' id='word_1_221' title='bbox 1692 2950 1799 3001; x_wconf 89' lang='grc' dir='ltr'>τῶν</span> 
     </span>
    </p>
   </div>
   <div class='ocr_carea' id='block_1_31' title="bbox 244 3020 1793 3106">
    <p class='ocr_par' dir='ltr' id='par_1_31' title="bbox 244 3020 1793 3106">
     <span class='ocr_line' id='line_1_31' title="bbox 244 3020 1793 3106; baseline 0.016 -37"><span class='ocrx_word' id='word_1_222' title='bbox 244 3020 551 3074; x_wconf 82' lang='grc' dir='ltr'>Βασιλικῶν</span> <span class='ocrx_word' id='word_1_223' title='bbox 581 3031 653 3091; x_wconf 69' lang='grc' dir='ltr'>γ’,</span> <span class='ocrx_word' id='word_1_224' title='bbox 685 3027 826 3081; x_wconf 91' lang='grc' dir='ltr'>τίτλ.</span> <span class='ocrx_word' id='word_1_225' title='bbox 858 3028 929 3092; x_wconf 88' lang='grc' dir='ltr'>α’,</span> <span class='ocrx_word' id='word_1_226' title='bbox 957 3031 1251 3096; x_wconf 81' lang='grc' dir='ltr'>κεφάλαιον</span> <span class='ocrx_word' id='word_1_227' title='bbox 1278 3035 1383 3103; x_wconf 87' lang='grc' dir='ltr'>μδ’,</span> <span class='ocrx_word' id='word_1_228' title='bbox 1430 3039 1522 3089; x_wconf 79' lang='grc' dir='ltr'>καὶ</span> <span class='ocrx_word' id='word_1_229' title='bbox 1557 3039 1697 3106; x_wconf 76' lang='grc' dir='ltr'>βισλ.</span> <span class='ocrx_word' id='word_1_230' title='bbox 1729 3042 1793 3095; x_wconf 82' lang='grc' dir='ltr'>θ’.</span> 
     </span>
    </p>
   </div>
   <div class='ocr_carea' id='block_1_32' title="bbox 1893 615 3432 679">
    <p class='ocr_par' dir='ltr' id='par_1_32' title="bbox 1893 615 3432 679">
     <span class='ocr_line' id='line_1_32' title="bbox 1893 615 3432 679; baseline 0.001 -15"><span class='ocrx_word' id='word_1_231' title='bbox 1893 615 2104 667; x_wconf 81' lang='lat' dir='ltr'><strong>demunt</strong></span> <span class='ocrx_word' id='word_1_232' title='bbox 2159 617 2383 667; x_wconf 81' lang='lat' dir='ltr'>crimine</span> <span class='ocrx_word' id='word_1_233' title='bbox 2442 626 2687 669; x_wconf 87' lang='lat' dir='ltr'><strong>sacratus</strong></span> <span class='ocrx_word' id='word_1_234' title='bbox 2736 626 3053 679; x_wconf 77' lang='lat' dir='ltr'>accusetur,</span> <span class='ocrx_word' id='word_1_235' title='bbox 3114 616 3183 666; x_wconf 86' lang='lat' dir='ltr'>ita</span> <span class='ocrx_word' id='word_1_236' title='bbox 3232 616 3432 665; x_wconf 77' lang='lat' dir='ltr'><strong>servari</strong></span> 
     </span>
    </p>
   </div>
   <div class='ocr_carea' id='block_1_33' title="bbox 1894 698 3433 767">
    <p class='ocr_par' dir='ltr' id='par_1_33' title="bbox 1894 698 3433 767">
     <span class='ocr_line' id='line_1_33' title="bbox 1894 698 3433 767; baseline -0.001 -15"><span class='ocrx_word' id='word_1_237' title='bbox 1894 701 2069 767; x_wconf 85' lang='lat' dir='ltr'><strong>placet</strong></span> <span class='ocrx_word' id='word_1_238' title='bbox 2103 719 2116 753; x_wconf 91' lang='lat'><strong>:</strong></span> <span class='ocrx_word' id='word_1_239' title='bbox 2153 710 2205 752; x_wconf 88' lang='lat' dir='ltr'>at</span> <span class='ocrx_word' id='word_1_240' title='bbox 2237 702 2280 754; x_wconf 89' lang='lat' dir='ltr'><strong>si</strong></span> <span class='ocrx_word' id='word_1_241' title='bbox 2313 701 2488 754; x_wconf 83' lang='lat' dir='ltr'>civilis</span> <span class='ocrx_word' id='word_1_242' title='bbox 2525 704 2637 753; x_wconf 87' lang='lat' dir='ltr'><strong>sive</strong></span> <span class='ocrx_word' id='word_1_243' title='bbox 2668 702 2991 767; x_wconf 74' lang='lat' dir='ltr'><strong>pecuniaria:</strong></span> <span class='ocrx_word' id='word_1_244' title='bbox 3013 700 3087 752; x_wconf 90' lang='lat' dir='ltr'>rei</span> <span class='ocrx_word' id='word_1_245' title='bbox 3123 698 3192 751; x_wconf 87' lang='lat' dir='ltr'><strong>sit</strong></span> <span class='ocrx_word' id='word_1_246' title='bbox 3217 708 3433 751; x_wconf 85' lang='lat' dir='ltr'><strong>contro—</strong></span> 
     </span>
    </p>
   </div>
   <div class='ocr_carea' id='block_1_34' title="bbox 1893 789 3431 857">
    <p class='ocr_par' dir='ltr' id='par_1_34' title="bbox 1893 789 3431 857">
     <span class='ocr_line' id='line_1_34' title="bbox 1893 789 3431 857; baseline 0.001 -17"><span class='ocrx_word' id='word_1_247' title='bbox 1893 792 2086 851; x_wconf 85' lang='lat' dir='ltr'><strong>versia,</strong></span> <span class='ocrx_word' id='word_1_248' title='bbox 2116 792 2359 857; x_wconf 83' lang='lat' dir='ltr'><strong>quamvis</strong></span> <span class='ocrx_word' id='word_1_249' title='bbox 2387 791 2677 844; x_wconf 86' lang='lat' dir='ltr'><strong>secundum</strong></span> <span class='ocrx_word' id='word_1_250' title='bbox 2711 804 2853 852; x_wconf 88' lang='lat' dir='ltr'><strong>eum,</strong></span> <span class='ocrx_word' id='word_1_251' title='bbox 2882 790 2970 856; x_wconf 86' lang='lat' dir='ltr'>qui</span> <span class='ocrx_word' id='word_1_252' title='bbox 2996 789 3166 843; x_wconf 85' lang='lat' dir='ltr'><strong>sacris</strong></span> <span class='ocrx_word' id='word_1_253' title='bbox 3191 789 3431 841; x_wconf 76' lang='lat' dir='ltr'><strong>initiatus</strong></span> 
     </span>
    </p>
   </div>
   <div class='ocr_carea' id='block_1_35' title="bbox 1893 879 3431 945">
    <p class='ocr_par' dir='ltr' id='par_1_35' title="bbox 1893 879 3431 945">
     <span class='ocr_line' id='line_1_35' title="bbox 1893 879 3431 945; baseline -0.003 -11"><span class='ocrx_word' id='word_1_254' title='bbox 1893 891 1997 939; x_wconf 86' lang='lat' dir='ltr'><strong>est,</strong></span> <span class='ocrx_word' id='word_1_255' title='bbox 2027 880 2093 931; x_wconf 88' lang='lat' dir='ltr'><strong>lis</strong></span> <span class='ocrx_word' id='word_1_256' title='bbox 2126 882 2244 933; x_wconf 83' lang='lat' dir='ltr'><strong>data</strong></span> <span class='ocrx_word' id='word_1_257' title='bbox 2302 881 2496 944; x_wconf 79' lang='lat' dir='ltr'><strong>fuerit;</strong></span> <span class='ocrx_word' id='word_1_258' title='bbox 2535 880 2633 933; x_wconf 89' lang='lat' dir='ltr'>nisi</span> <span class='ocrx_word' id='word_1_259' title='bbox 2670 888 2848 933; x_wconf 84' lang='lat' dir='ltr'><strong>tamen</strong></span> <span class='ocrx_word' id='word_1_260' title='bbox 2890 879 3004 945; x_wconf 83' lang='lat' dir='ltr'><strong>ipse</strong></span> <span class='ocrx_word' id='word_1_261' title='bbox 3039 895 3148 933; x_wconf 92' lang='lat' dir='ltr'>rem</span> <span class='ocrx_word' id='word_1_262' title='bbox 3182 888 3345 931; x_wconf 89' lang='lat' dir='ltr'><strong>totam</strong></span> <span class='ocrx_word' id='word_1_263' title='bbox 3380 889 3431 930; x_wconf 86' lang='lat' dir='ltr'>et</span> 
     </span>
    </p>
   </div>
   <div class='ocr_carea' id='block_1_36' title="bbox 1893 967 3431 1038">
    <p class='ocr_par' dir='ltr' id='par_1_36' title="bbox 1893 967 3431 1038">
     <span class='ocr_line' id='line_1_36' title="bbox 1893 967 3431 1038; baseline -0.003 -15"><span class='ocrx_word' id='word_1_264' title='bbox 1893 984 2046 1033; x_wconf 91' lang='lat' dir='ltr'><strong>eam,</strong></span> <span class='ocrx_word' id='word_1_265' title='bbox 2083 986 2199 1037; x_wconf 73' lang='lat' dir='ltr'><strong>qua:</strong></span> <span class='ocrx_word' id='word_1_266' title='bbox 2238 972 2528 1025; x_wconf 78' lang='lat' dir='ltr'><strong>secundum</strong></span> <span class='ocrx_word' id='word_1_267' title='bbox 2578 972 2743 1035; x_wconf 87' lang='lat' dir='ltr'><strong>ipsum</strong></span> <span class='ocrx_word' id='word_1_268' title='bbox 2778 967 3114 1038; x_wconf 83' lang='lat' dir='ltr'><strong>pronuntiata</strong></span> <span class='ocrx_word' id='word_1_269' title='bbox 3157 968 3276 1032; x_wconf 79' lang='lat' dir='ltr'><strong>fuit,</strong></span> <span class='ocrx_word' id='word_1_270' title='bbox 3312 982 3431 1021; x_wconf 83' lang='lat' dir='ltr'><strong>sen-</strong></span> 
     </span>
    </p>
   </div>
   <div class='ocr_carea' id='block_1_37' title="bbox 1898 1055 3429 1127">
    <p class='ocr_par' dir='ltr' id='par_1_37' title="bbox 1898 1055 3429 1127">
     <span class='ocr_line' id='line_1_37' title="bbox 1898 1055 3429 1127; baseline -0.003 -16"><span class='ocrx_word' id='word_1_271' title='bbox 1898 1060 2121 1111; x_wconf 76' lang='lat' dir='ltr'>tentiam</span> <span class='ocrx_word' id='word_1_272' title='bbox 2154 1070 2487 1120; x_wconf 87' lang='lat' dir='ltr'><strong>contemnat,</strong></span> <span class='ocrx_word' id='word_1_273' title='bbox 2513 1058 2675 1127; x_wconf 89' lang='lat' dir='ltr'><strong>gradu</strong></span> <span class='ocrx_word' id='word_1_274' title='bbox 2707 1073 2803 1112; x_wconf 92' lang='lat' dir='ltr'>suo</span> <span class='ocrx_word' id='word_1_275' title='bbox 2830 1057 3175 1110; x_wconf 82' lang='lat' dir='ltr'><strong>nihilominus</strong></span> <span class='ocrx_word' id='word_1_276' title='bbox 3203 1055 3429 1109; x_wconf 76' lang='lat' dir='ltr'>excidet.</span> 
     </span>
    </p>
   </div>
   <div class='ocr_carea' id='block_1_38' title="bbox 1896 1144 3433 1215">
    <p class='ocr_par' dir='ltr' id='par_1_38' title="bbox 1896 1144 3433 1215">
     <span class='ocr_line' id='line_1_38' title="bbox 1896 1144 3433 1215; baseline -0.002 -17"><span class='ocrx_word' id='word_1_277' title='bbox 1896 1146 2045 1211; x_wconf 82' lang='lat' dir='ltr'><strong>Quod</strong></span> <span class='ocrx_word' id='word_1_278' title='bbox 2080 1148 2124 1199; x_wconf 89' lang='lat' dir='ltr'>si</span> <span class='ocrx_word' id='word_1_279' title='bbox 2160 1147 2227 1199; x_wconf 89' lang='lat' dir='ltr'>ab</span> <span class='ocrx_word' id='word_1_280' title='bbox 2256 1148 2546 1215; x_wconf 85' lang='lat' dir='ltr'>episcopis.</span> <span class='ocrx_word' id='word_1_281' title='bbox 2579 1147 2765 1199; x_wconf 82' lang='lat' dir='ltr'>aliisve</span> <span class='ocrx_word' id='word_1_282' title='bbox 2794 1146 3175 1214; x_wconf 85' lang='lat' dir='ltr'><strong>cngnitoribus,</strong></span> <span class='ocrx_word' id='word_1_283' title='bbox 3211 1145 3273 1196; x_wconf 87' lang='lat' dir='ltr'>ad</span> <span class='ocrx_word' id='word_1_284' title='bbox 3300 1144 3433 1195; x_wconf 85' lang='lat' dir='ltr'><strong>alios</strong></span> 
     </span>
    </p>
   </div>
   <div class='ocr_carea' id='block_1_39' title="bbox 1894 1233 3433 1307">
    <p class='ocr_par' dir='ltr' id='par_1_39' title="bbox 1894 1233 3433 1307">
     <span class='ocr_line' id='line_1_39' title="bbox 1894 1233 3433 1307; baseline -0.005 -16"><span class='ocrx_word' id='word_1_285' title='bbox 1894 1238 2287 1293; x_wconf 85' lang='lat' dir='ltr'><strong>ecclesiasticos</strong></span> <span class='ocrx_word' id='word_1_286' title='bbox 2309 1238 2541 1307; x_wconf 86' lang='lat' dir='ltr'><strong>judices,</strong></span> <span class='ocrx_word' id='word_1_287' title='bbox 2577 1236 3017 1305; x_wconf 78' lang='lat' dir='ltr'><strong>metropolitanos</strong></span> <span class='ocrx_word' id='word_1_288' title='bbox 3048 1233 3317 1292; x_wconf 90' lang='lat' dir='ltr'><strong>videlicet.</strong></span> <span class='ocrx_word' id='word_1_289' title='bbox 3345 1242 3433 1284; x_wconf 89' lang='lat' dir='ltr'>aut</span> 
     </span>
    </p>
   </div>
   <div class='ocr_carea' id='block_1_40' title="bbox 1898 1326 3434 1397">
    <p class='ocr_par' dir='ltr' id='par_1_40' title="bbox 1898 1326 3434 1397">
     <span class='ocr_line' id='line_1_40' title="bbox 1898 1326 3434 1397; baseline -0.004 -18"><span class='ocrx_word' id='word_1_290' title='bbox 1898 1328 2261 1395; x_wconf 86' lang='lat' dir='ltr'><strong>patriarchas,</strong></span> <span class='ocrx_word' id='word_1_291' title='bbox 2298 1328 2566 1397; x_wconf 76' lang='lat' dir='ltr'>quispiam</span> <span class='ocrx_word' id='word_1_292' title='bbox 2598 1334 2871 1392; x_wconf 86' lang='lat' dir='ltr'><strong>provocet,</strong></span> <span class='ocrx_word' id='word_1_293' title='bbox 2910 1326 3092 1392; x_wconf 90' lang='lat' dir='ltr'><strong>illique</strong></span> <span class='ocrx_word' id='word_1_294' title='bbox 3116 1337 3277 1377; x_wconf 86' lang='lat' dir='ltr'><strong>causa</strong></span> <span class='ocrx_word' id='word_1_295' title='bbox 3306 1336 3434 1374; x_wconf 83' lang='lat' dir='ltr'><strong>exa-</strong></span> 
     </span>
    </p>
   </div>
   <div class='ocr_carea' id='block_1_41' title="bbox 1896 1414 3437 1485">
    <p class='ocr_par' dir='ltr' id='par_1_41' title="bbox 1896 1414 3437 1485">
     <span class='ocr_line' id='line_1_41' title="bbox 1896 1414 3437 1485; baseline -0.005 -15"><span class='ocrx_word' id='word_1_296' title='bbox 1896 1418 2117 1481; x_wconf 91' lang='lat' dir='ltr'><strong>minata,</strong></span> <span class='ocrx_word' id='word_1_297' title='bbox 2145 1418 2440 1485; x_wconf 74' lang='lat' dir='ltr'><strong>iudicatum</strong></span> <span class='ocrx_word' id='word_1_298' title='bbox 2488 1418 2651 1481; x_wconf 85' lang='lat' dir='ltr'><strong>solvi,</strong></span> <span class='ocrx_word' id='word_1_299' title='bbox 2689 1419 2787 1470; x_wconf 92' lang='lat' dir='ltr'><strong>hoc</strong></span> <span class='ocrx_word' id='word_1_300' title='bbox 2815 1426 2917 1479; x_wconf 84' lang='lat' dir='ltr'><strong>est,</strong></span> <span class='ocrx_word' id='word_1_301' title='bbox 2969 1414 3201 1468; x_wconf 78' lang='lat' dir='ltr'>rescindi</span> <span class='ocrx_word' id='word_1_302' title='bbox 3226 1414 3437 1480; x_wconf 80' lang='lat' dir='ltr'>placere</span> 
     </span>
    </p>
   </div>
   <div class='ocr_carea' id='block_1_42' title="bbox 1897 1500 3436 1573">
    <p class='ocr_par' dir='ltr' id='par_1_42' title="bbox 1897 1500 3436 1573">
     <span class='ocr_line' id='line_1_42' title="bbox 1897 1500 3436 1573; baseline -0.005 -16"><span class='ocrx_word' id='word_1_303' title='bbox 1897 1506 2277 1573; x_wconf 87' lang='lat' dir='ltr'><strong>decreverint;</strong></span> <span class='ocrx_word' id='word_1_304' title='bbox 2313 1508 2445 1561; x_wconf 89' lang='lat' dir='ltr'><strong>nihil</strong></span> <span class='ocrx_word' id='word_1_305' title='bbox 2478 1510 2529 1560; x_wconf 93' lang='lat' dir='ltr'>in</span> <span class='ocrx_word' id='word_1_306' title='bbox 2561 1521 2677 1569; x_wconf 88' lang='lat' dir='ltr'><strong>eos,</strong></span> <span class='ocrx_word' id='word_1_307' title='bbox 2724 1507 2916 1573; x_wconf 83' lang='lat' dir='ltr'>inquit,</span> <span class='ocrx_word' id='word_1_308' title='bbox 2962 1506 3052 1572; x_wconf 88' lang='lat' dir='ltr'><strong>qui</strong></span> <span class='ocrx_word' id='word_1_309' title='bbox 3105 1503 3253 1571; x_wconf 90' lang='lat' dir='ltr'><strong>prius</strong></span> <span class='ocrx_word' id='word_1_310' title='bbox 3303 1500 3436 1567; x_wconf 86' lang='lat' dir='ltr'><strong>judi-</strong></span> 
     </span>
    </p>
   </div>
   <div class='ocr_carea' id='block_1_43' title="bbox 1896 1589 3442 1663">
    <p class='ocr_par' dir='ltr' id='par_1_43' title="bbox 1896 1589 3442 1663">
     <span class='ocr_line' id='line_1_43' title="bbox 1896 1589 3442 1663; baseline -0.003 -20"><span class='ocrx_word' id='word_1_311' title='bbox 1896 1592 2036 1644; x_wconf 89' lang='lat' dir='ltr'><strong>cium</strong></span> <span class='ocrx_word' id='word_1_312' title='bbox 2095 1608 2408 1659; x_wconf 79' lang='lat' dir='ltr'><strong>exercuere,</strong></span> <span class='ocrx_word' id='word_1_313' title='bbox 2472 1609 2633 1663; x_wconf 78' lang='lat' dir='ltr'><strong>grave</strong></span> <span class='ocrx_word' id='word_1_314' title='bbox 2678 1594 3039 1647; x_wconf 80' lang='lat' dir='ltr'>constituatur</span> <span class='ocrx_word' id='word_1_315' title='bbox 3090 1608 3104 1643; x_wconf 87' lang='lat'><strong>:</strong></span> <span class='ocrx_word' id='word_1_316' title='bbox 3162 1590 3264 1642; x_wconf 92' lang='lat' dir='ltr'><strong>nisi</strong></span> <span class='ocrx_word' id='word_1_317' title='bbox 3304 1589 3442 1641; x_wconf 78' lang='lat' dir='ltr'><strong>forte</strong></span> 
     </span>
    </p>
   </div>
   <div class='ocr_carea' id='block_1_44' title="bbox 1896 1680 3439 1753">
    <p class='ocr_par' dir='ltr' id='par_1_44' title="bbox 1896 1680 3439 1753">
     <span class='ocr_line' id='line_1_44' title="bbox 1896 1680 3439 1753; baseline -0.005 -18"><span class='ocrx_word' id='word_1_318' title='bbox 1896 1682 2040 1744; x_wconf 88' lang='lat' dir='ltr'><strong>illos,</strong></span> <span class='ocrx_word' id='word_1_319' title='bbox 2081 1693 2175 1735; x_wconf 88' lang='lat' dir='ltr'><strong>aut</strong></span> <span class='ocrx_word' id='word_1_320' title='bbox 2206 1685 2330 1737; x_wconf 91' lang='lat' dir='ltr'><strong>odio</strong></span> <span class='ocrx_word' id='word_1_321' title='bbox 2366 1685 2644 1753; x_wconf 73' lang='lat' dir='ltr'><strong>impulsos,</strong></span> <span class='ocrx_word' id='word_1_322' title='bbox 2693 1684 2834 1751; x_wconf 86' lang='lat' dir='ltr'><strong>quod</strong></span> <span class='ocrx_word' id='word_1_323' title='bbox 2885 1680 3135 1735; x_wconf 88' lang='lat' dir='ltr'><strong>videlicet</strong></span> <span class='ocrx_word' id='word_1_324' title='bbox 3182 1680 3251 1740; x_wconf 82' lang='lat' dir='ltr'>ei,</span> <span class='ocrx_word' id='word_1_325' title='bbox 3285 1692 3439 1744; x_wconf 77' lang='lat' dir='ltr'><strong>quen-</strong></span> 
     </span>
    </p>
   </div>
   <div class='ocr_carea' id='block_1_45' title="bbox 1896 1764 3440 1833">
    <p class='ocr_par' dir='ltr' id='par_1_45' title="bbox 1896 1764 3440 1833">
     <span class='ocr_line' id='line_1_45' title="bbox 1896 1764 3440 1833; baseline -0.003 -13"><span class='ocrx_word' id='word_1_326' title='bbox 1896 1768 2350 1833; x_wconf 86' lang='lat' dir='ltr'><strong>condemnarunt,</strong></span> <span class='ocrx_word' id='word_1_327' title='bbox 2393 1769 2586 1823; x_wconf 80' lang='lat' dir='ltr'><strong>infensi</strong></span> <span class='ocrx_word' id='word_1_328' title='bbox 2633 1768 2848 1829; x_wconf 77' lang='lat' dir='ltr'><strong>forent;</strong></span> <span class='ocrx_word' id='word_1_329' title='bbox 2898 1776 2987 1818; x_wconf 89' lang='lat' dir='ltr'>aut</span> <span class='ocrx_word' id='word_1_330' title='bbox 3038 1764 3239 1822; x_wconf 88' lang='lat' dir='ltr'><strong>studio.</strong></span> <span class='ocrx_word' id='word_1_331' title='bbox 3300 1765 3440 1829; x_wconf 88' lang='lat' dir='ltr'><strong>quod</strong></span> 
     </span>
    </p>
   </div>
   <div class='ocr_carea' id='block_1_46' title="bbox 1900 1853 3437 1932">
    <p class='ocr_par' dir='ltr' id='par_1_46' title="bbox 1900 1853 3437 1932">
     <span class='ocr_line' id='line_1_46' title="bbox 1900 1853 3437 1932; baseline -0.003 -24"><span class='ocrx_word' id='word_1_332' title='bbox 1900 1861 2203 1932; x_wconf 81' lang='lat' dir='ltr'><strong>quempiam</strong></span> <span class='ocrx_word' id='word_1_333' title='bbox 2238 1859 2613 1914; x_wconf 75' lang='lat' dir='ltr'><strong>benevolentia</strong></span> <span class='ocrx_word' id='word_1_334' title='bbox 2644 1872 2771 1924; x_wconf 89' lang='lat' dir='ltr'><strong>erga</strong></span> <span class='ocrx_word' id='word_1_335' title='bbox 2804 1857 2950 1908; x_wconf 90' lang='lat' dir='ltr'><strong>illum</strong></span> <span class='ocrx_word' id='word_1_336' title='bbox 3002 1854 3218 1908; x_wconf 90' lang='lat' dir='ltr'><strong>adducti</strong></span> <span class='ocrx_word' id='word_1_337' title='bbox 3256 1853 3437 1905; x_wconf 87' lang='lat' dir='ltr'><strong>absol-</strong></span> 
     </span>
    </p>
   </div>
   <div class='ocr_carea' id='block_1_47' title="bbox 1903 1940 3442 2015">
    <p class='ocr_par' dir='ltr' id='par_1_47' title="bbox 1903 1940 3442 2015">
     <span class='ocr_line' id='line_1_47' title="bbox 1903 1940 3442 2015; baseline -0.005 -17"><span class='ocrx_word' id='word_1_338' title='bbox 1903 1948 2075 2001; x_wconf 80' lang='lat' dir='ltr'><strong>verint</strong></span> <span class='ocrx_word' id='word_1_339' title='bbox 2103 1966 2118 2013; x_wconf 90' lang='lat'><strong>;</strong></span> <span class='ocrx_word' id='word_1_340' title='bbox 2148 1958 2238 2002; x_wconf 88' lang='lat' dir='ltr'><strong>aut</strong></span> <span class='ocrx_word' id='word_1_341' title='bbox 2264 1950 2514 2002; x_wconf 87' lang='lat' dir='ltr'><strong>mercede</strong></span> <span class='ocrx_word' id='word_1_342' title='bbox 2540 1956 2772 2015; x_wconf 90' lang='lat' dir='ltr'><strong>emptos,</strong></span> <span class='ocrx_word' id='word_1_343' title='bbox 2807 1946 2857 1998; x_wconf 91' lang='lat' dir='ltr'>id</span> <span class='ocrx_word' id='word_1_344' title='bbox 2888 1957 3115 2011; x_wconf 77' lang='lat' dir='ltr'><strong>namque</strong></span> <span class='ocrx_word' id='word_1_345' title='bbox 3142 1953 3242 2003; x_wconf 85' lang='lat' dir='ltr'><strong>est.</strong></span> <span class='ocrx_word' id='word_1_346' title='bbox 3271 1940 3442 2007; x_wconf 85' lang='lat' dir='ltr'><strong>gratia</strong></span> 
     </span>
    </p>
   </div>
   <div class='ocr_carea' id='block_1_48' title="bbox 1900 2029 3443 2107">
    <p class='ocr_par' dir='ltr' id='par_1_48' title="bbox 1900 2029 3443 2107">
     <span class='ocr_line' id='line_1_48' title="bbox 1900 2029 3443 2107; baseline -0.005 -19"><span class='ocrx_word' id='word_1_347' title='bbox 1900 2046 2227 2104; x_wconf 76' lang='lat' dir='ltr'><strong>corruptos,</strong></span> <span class='ocrx_word' id='word_1_348' title='bbox 2287 2037 2563 2107; x_wconf 77' lang='lat' dir='ltr'><strong>iudicasse</strong></span> <span class='ocrx_word' id='word_1_349' title='bbox 2620 2037 2900 2103; x_wconf 88' lang='lat' dir='ltr'><strong>probatum</strong></span> <span class='ocrx_word' id='word_1_350' title='bbox 2969 2032 3150 2085; x_wconf 80' lang='lat' dir='ltr'><strong>fuerit.</strong></span> <span class='ocrx_word' id='word_1_351' title='bbox 3205 2029 3443 2083; x_wconf 78' lang='lat' dir='ltr'><strong>Mercede</strong></span> 
     </span>
    </p>
   </div>
   <div class='ocr_carea' id='block_1_49' title="bbox 1898 2120 3439 2195">
    <p class='ocr_par' dir='ltr' id='par_1_49' title="bbox 1898 2120 3439 2195">
     <span class='ocr_line' id='line_1_49' title="bbox 1898 2120 3439 2195; baseline -0.005 -16"><span class='ocrx_word' id='word_1_352' title='bbox 1898 2140 2133 2192; x_wconf 81' lang='lat' dir='ltr'><strong>namque</strong></span> <span class='ocrx_word' id='word_1_353' title='bbox 2163 2136 2372 2195; x_wconf 85' lang='lat' dir='ltr'><strong>emptus</strong></span> <span class='ocrx_word' id='word_1_354' title='bbox 2404 2128 2450 2181; x_wconf 87' lang='lat' dir='ltr'><strong>is</strong></span> <span class='ocrx_word' id='word_1_355' title='bbox 2486 2128 2706 2187; x_wconf 91' lang='lat' dir='ltr'><strong>dicitur,</strong></span> <span class='ocrx_word' id='word_1_356' title='bbox 2738 2124 2829 2191; x_wconf 92' lang='lat' dir='ltr'>qui</span> <span class='ocrx_word' id='word_1_357' title='bbox 2890 2123 3169 2191; x_wconf 86' lang='lat' dir='ltr'><strong>pecuniam</strong></span> <span class='ocrx_word' id='word_1_358' title='bbox 3226 2120 3439 2185; x_wconf 86' lang='lat' dir='ltr'><strong>accipit.</strong></span> 
     </span>
    </p>
   </div>
   <div class='ocr_carea' id='block_1_50' title="bbox 1898 2211 3441 2284">
    <p class='ocr_par' dir='ltr' id='par_1_50' title="bbox 1898 2211 3441 2284">
     <span class='ocr_line' id='line_1_50' title="bbox 1898 2211 3441 2284; baseline -0.005 -18"><span class='ocrx_word' id='word_1_359' title='bbox 1898 2225 1989 2268; x_wconf 84' lang='lat' dir='ltr'>aut</span> <span class='ocrx_word' id='word_1_360' title='bbox 2041 2216 2183 2269; x_wconf 80' lang='lat' dir='ltr'><strong>aliud</strong></span> <span class='ocrx_word' id='word_1_361' title='bbox 2232 2218 2592 2284; x_wconf 90' lang='lat' dir='ltr'><strong>quodcunque</strong></span> <span class='ocrx_word' id='word_1_362' title='bbox 2624 2213 2962 2277; x_wconf 75' lang='lat' dir='ltr'><strong>beneficium,</strong></span> <span class='ocrx_word' id='word_1_363' title='bbox 3011 2211 3079 2265; x_wconf 85' lang='lat' dir='ltr'>ab</span> <span class='ocrx_word' id='word_1_364' title='bbox 3124 2224 3188 2264; x_wconf 93' lang='lat' dir='ltr'><strong>eo</strong></span> <span class='ocrx_word' id='word_1_365' title='bbox 3261 2224 3288 2261; x_wconf 93' lang='lat' dir='ltr'>a</span> <span class='ocrx_word' id='word_1_366' title='bbox 3336 2222 3441 2274; x_wconf 88' lang='lat' dir='ltr'><strong>quo</strong></span> 
     </span>
    </p>
   </div>
   <div class='ocr_carea' id='block_1_51' title="bbox 1898 2296 3440 2373">
    <p class='ocr_par' dir='ltr' id='par_1_51' title="bbox 1898 2296 3440 2373">
     <span class='ocr_line' id='line_1_51' title="bbox 1898 2296 3440 2373; baseline -0.006 -16"><span class='ocrx_word' id='word_1_367' title='bbox 1898 2318 2180 2373; x_wconf 86' lang='lat' dir='ltr'><strong>corruptus</strong></span> <span class='ocrx_word' id='word_1_368' title='bbox 2212 2321 2332 2361; x_wconf 87' lang='lat' dir='ltr'><strong>esse</strong></span> <span class='ocrx_word' id='word_1_369' title='bbox 2360 2306 2575 2359; x_wconf 92' lang='lat' dir='ltr'><strong>dicitur.</strong></span> <span class='ocrx_word' id='word_1_370' title='bbox 2630 2303 2762 2358; x_wconf 84' lang='lat' dir='ltr'>Nam</span> <span class='ocrx_word' id='word_1_371' title='bbox 2821 2304 3127 2372; x_wconf 83' lang='lat' dir='ltr'><strong>quicunque</strong></span> <span class='ocrx_word' id='word_1_372' title='bbox 3179 2307 3269 2351; x_wconf 82' lang='lat' dir='ltr'>aut</span> <span class='ocrx_word' id='word_1_373' title='bbox 3318 2296 3440 2349; x_wconf 89' lang='lat' dir='ltr'><strong>odio</strong></span> 
     </span>
    </p>
   </div>
   <div class='ocr_carea' id='block_1_52' title="bbox 1897 2384 3439 2462">
    <p class='ocr_par' dir='ltr' id='par_1_52' title="bbox 1897 2384 3439 2462">
     <span class='ocr_line' id='line_1_52' title="bbox 1897 2384 3439 2462; baseline -0.008 -13"><span class='ocrx_word' id='word_1_374' title='bbox 1897 2406 1989 2449; x_wconf 90' lang='lat' dir='ltr'><strong>aut</strong></span> <span class='ocrx_word' id='word_1_375' title='bbox 2018 2412 2204 2451; x_wconf 87' lang='lat' dir='ltr'><strong>amore</strong></span> <span class='ocrx_word' id='word_1_376' title='bbox 2233 2396 2472 2459; x_wconf 83' lang='lat' dir='ltr'><strong>adducti,</strong></span> <span class='ocrx_word' id='word_1_377' title='bbox 2528 2404 2620 2447; x_wconf 89' lang='lat' dir='ltr'>aut</span> <span class='ocrx_word' id='word_1_378' title='bbox 2665 2394 2947 2462; x_wconf 71' lang='lat' dir='ltr'><strong>largitione</strong></span> <span class='ocrx_word' id='word_1_379' title='bbox 3000 2387 3263 2454; x_wconf 87' lang='lat' dir='ltr'><strong>corrupti,</strong></span> <span class='ocrx_word' id='word_1_380' title='bbox 3295 2384 3439 2453; x_wconf 88' lang='lat' dir='ltr'><strong>judi-</strong></span> 
     </span>
    </p>
   </div>
   <div class='ocr_carea' id='block_1_53' title="bbox 1898 2476 3437 2547">
    <p class='ocr_par' dir='ltr' id='par_1_53' title="bbox 1898 2476 3437 2547">
     <span class='ocr_line' id='line_1_53' title="bbox 1898 2476 3437 2547; baseline -0.008 -9"><span class='ocrx_word' id='word_1_381' title='bbox 1898 2486 2038 2539; x_wconf 89' lang='lat' dir='ltr'><strong>cium</strong></span> <span class='ocrx_word' id='word_1_382' title='bbox 2068 2488 2247 2540; x_wconf 88' lang='lat' dir='ltr'><strong>minus</strong></span> <span class='ocrx_word' id='word_1_383' title='bbox 2282 2485 2509 2538; x_wconf 87' lang='lat' dir='ltr'><strong>lideliter</strong></span> <span class='ocrx_word' id='word_1_384' title='bbox 2536 2486 2843 2537; x_wconf 75' lang='lat' dir='ltr'><strong>exercuisse</strong></span> <span class='ocrx_word' id='word_1_385' title='bbox 2873 2480 3185 2547; x_wconf 88' lang='lat' dir='ltr'><strong>deprehensi</strong></span> <span class='ocrx_word' id='word_1_386' title='bbox 3222 2476 3437 2535; x_wconf 80' lang='lat' dir='ltr'><strong>fuerint,</strong></span> 
     </span>
    </p>
   </div>
   <div class='ocr_carea' id='block_1_54' title="bbox 1898 2565 3436 2643">
    <p class='ocr_par' dir='ltr' id='par_1_54' title="bbox 1898 2565 3436 2643">
     <span class='ocr_line' id='line_1_54' title="bbox 1898 2565 3436 2643; baseline -0.007 -16"><span class='ocrx_word' id='word_1_387' title='bbox 1898 2576 2108 2643; x_wconf 86' lang='lat' dir='ltr'><strong>propria</strong></span> <span class='ocrx_word' id='word_1_388' title='bbox 2145 2576 2263 2629; x_wconf 88' lang='lat' dir='ltr'><strong>illos</strong></span> <span class='ocrx_word' id='word_1_389' title='bbox 2296 2576 2557 2643; x_wconf 72' lang='lat' dir='ltr'><strong>dignitate</strong></span> <span class='ocrx_word' id='word_1_390' title='bbox 2591 2573 2803 2626; x_wconf 89' lang='lat' dir='ltr'><strong>multari</strong></span> <span class='ocrx_word' id='word_1_391' title='bbox 2835 2571 3107 2625; x_wconf 89' lang='lat' dir='ltr'><strong>decretum</strong></span> <span class='ocrx_word' id='word_1_392' title='bbox 3148 2577 3249 2622; x_wconf 86' lang='lat' dir='ltr'><strong>est.</strong></span> <span class='ocrx_word' id='word_1_393' title='bbox 3285 2565 3436 2630; x_wconf 87' lang='lat' dir='ltr'><strong>Quod</strong></span> 
     </span>
    </p>
   </div>
   <div class='ocr_carea' id='block_1_55' title="bbox 1898 2657 3443 2736">
    <p class='ocr_par' dir='ltr' id='par_1_55' title="bbox 1898 2657 3443 2736">
     <span class='ocr_line' id='line_1_55' title="bbox 1898 2657 3443 2736; baseline -0.008 -16"><span class='ocrx_word' id='word_1_394' title='bbox 1898 2667 1940 2720; x_wconf 89' lang='lat' dir='ltr'><strong>si</strong></span> <span class='ocrx_word' id='word_1_395' title='bbox 1971 2667 2183 2735; x_wconf 87' lang='lat' dir='ltr'><strong>judices</strong></span> <span class='ocrx_word' id='word_1_396' title='bbox 2210 2666 2281 2719; x_wconf 94' lang='lat' dir='ltr'><strong>illi</strong></span> <span class='ocrx_word' id='word_1_397' title='bbox 2316 2666 2436 2736; x_wconf 89' lang='lat' dir='ltr'><strong>ipsi,</strong></span> <span class='ocrx_word' id='word_1_398' title='bbox 2462 2666 2555 2733; x_wconf 91' lang='lat' dir='ltr'><strong>qui</strong></span> <span class='ocrx_word' id='word_1_399' title='bbox 2580 2665 2721 2720; x_wconf 89' lang='lat' dir='ltr'><strong>inter</strong></span> <span class='ocrx_word' id='word_1_400' title='bbox 2746 2678 2803 2717; x_wconf 91' lang='lat' dir='ltr'>se</span> <span class='ocrx_word' id='word_1_401' title='bbox 2824 2662 3025 2731; x_wconf 85' lang='lat' dir='ltr'><strong>judicio</strong></span> <span class='ocrx_word' id='word_1_402' title='bbox 3050 2657 3443 2718; x_wconf 80' lang='lat' dir='ltr'><strong>conﬂictantur,</strong></span> 
     </span>
    </p>
   </div>
   <div class='ocr_carea' id='block_1_56' title="bbox 1900 2748 3439 2821">
    <p class='ocr_par' dir='ltr' id='par_1_56' title="bbox 1900 2748 3439 2821">
     <span class='ocr_line' id='line_1_56' title="bbox 1900 2748 3439 2821; baseline -0.005 -13"><span class='ocrx_word' id='word_1_403' title='bbox 1900 2764 2180 2811; x_wconf 89' lang='lat' dir='ltr'><strong>accusator</strong></span> <span class='ocrx_word' id='word_1_404' title='bbox 2232 2756 2482 2809; x_wconf 88' lang='lat' dir='ltr'><strong>nimirum</strong></span> <span class='ocrx_word' id='word_1_405' title='bbox 2533 2766 2589 2809; x_wconf 91' lang='lat' dir='ltr'><strong>et</strong></span> <span class='ocrx_word' id='word_1_406' title='bbox 2643 2769 2785 2818; x_wconf 84' lang='lat' dir='ltr'><strong>reus,</strong></span> <span class='ocrx_word' id='word_1_407' title='bbox 2838 2750 3113 2821; x_wconf 75' lang='lat' dir='ltr'><strong>elegerint,</strong></span> <span class='ocrx_word' id='word_1_408' title='bbox 3174 2748 3439 2818; x_wconf 83' lang='lat' dir='ltr'><strong>quamvis,</strong></span> 
     </span>
    </p>
   </div>
   <div class='ocr_carea' id='block_1_57' title="bbox 1900 2840 3443 2916">
    <p class='ocr_par' dir='ltr' id='par_1_57' title="bbox 1900 2840 3443 2916">
     <span class='ocr_line' id='line_1_57' title="bbox 1900 2840 3443 2916; baseline -0.007 -16"><span class='ocrx_word' id='word_1_409' title='bbox 1900 2847 2093 2915; x_wconf 90' lang='lat' dir='ltr'><strong>inquit,</strong></span> <span class='ocrx_word' id='word_1_410' title='bbox 2120 2847 2423 2915; x_wconf 87' lang='lat' dir='ltr'><strong>pauciores.</strong></span> <span class='ocrx_word' id='word_1_411' title='bbox 2456 2861 2613 2916; x_wconf 89' lang='lat' dir='ltr'><strong>quam</strong></span> <span class='ocrx_word' id='word_1_412' title='bbox 2651 2845 2971 2915; x_wconf 77' lang='lat' dir='ltr'><strong>przelinitum</strong></span> <span class='ocrx_word' id='word_1_413' title='bbox 3010 2850 3110 2905; x_wconf 87' lang='lat' dir='ltr'><strong>est,</strong></span> <span class='ocrx_word' id='word_1_414' title='bbox 3166 2840 3443 2905; x_wconf 87' lang='lat' dir='ltr'><strong>designen-</strong></span> 
     </span>
    </p>
   </div>
   <div class='ocr_carea' id='block_1_58' title="bbox 1899 2927 3448 3006">
    <p class='ocr_par' dir='ltr' id='par_1_58' title="bbox 1899 2927 3448 3006">
     <span class='ocr_line' id='line_1_58' title="bbox 1899 2927 3448 3006; baseline -0.006 -17"><span class='ocrx_word' id='word_1_415' title='bbox 1899 2944 2007 3000; x_wconf 88' lang='lat' dir='ltr'><strong>tur,</strong></span> <span class='ocrx_word' id='word_1_416' title='bbox 2043 2952 2231 3005; x_wconf 89' lang='lat' dir='ltr'><strong>nempe</strong></span> <span class='ocrx_word' id='word_1_417' title='bbox 2263 2938 2315 2990; x_wconf 93' lang='lat' dir='ltr'><strong>in</strong></span> <span class='ocrx_word' id='word_1_418' title='bbox 2344 2938 2715 3006; x_wconf 81' lang='lat' dir='ltr'><strong>episcOporum</strong></span> <span class='ocrx_word' id='word_1_419' title='bbox 2739 2948 2903 2989; x_wconf 88' lang='lat' dir='ltr'><strong>causa</strong></span> <span class='ocrx_word' id='word_1_420' title='bbox 2925 2930 3202 2994; x_wconf 86' lang='lat' dir='ltr'><strong>duodenis,</strong></span> <span class='ocrx_word' id='word_1_421' title='bbox 3230 2927 3448 2997; x_wconf 82' lang='lat' dir='ltr'><strong>presby-</strong></span> 
     </span>
    </p>
   </div>
   <div class='ocr_carea' id='block_1_59' title="bbox 1900 3017 3447 3092">
    <p class='ocr_par' dir='ltr' id='par_1_59' title="bbox 1900 3017 3447 3092">
     <span class='ocr_line' id='line_1_59' title="bbox 1900 3017 3447 3092; baseline -0.005 -15"><span class='ocrx_word' id='word_1_422' title='bbox 1900 3036 2133 3079; x_wconf 85' lang='lat' dir='ltr'><strong>terorum</strong></span> <span class='ocrx_word' id='word_1_423' title='bbox 2180 3043 2298 3092; x_wconf 78' lang='lat' dir='ltr'><strong>sex,</strong></span> <span class='ocrx_word' id='word_1_424' title='bbox 2351 3028 2699 3081; x_wconf 88' lang='lat' dir='ltr'><strong>diaconorum</strong></span> <span class='ocrx_word' id='word_1_425' title='bbox 2755 3027 2967 3079; x_wconf 89' lang='lat' dir='ltr'><strong>tribus:</strong></span> <span class='ocrx_word' id='word_1_426' title='bbox 3016 3032 3192 3076; x_wconf 84' lang='lat' dir='ltr'><strong>tamen</strong></span> <span class='ocrx_word' id='word_1_427' title='bbox 3244 3020 3310 3072; x_wconf 89' lang='lat' dir='ltr'>ab</span> <span class='ocrx_word' id='word_1_428' title='bbox 3363 3017 3447 3070; x_wconf 87' lang='lat' dir='ltr'>his</span> 
     </span>
    </p>
   </div>
   <div class='ocr_carea' id='block_1_60' title="bbox 254 3110 1918 3198">
    <p class='ocr_par' dir='ltr' id='par_1_60' title="bbox 254 3110 1918 3198">
     <span class='ocr_line' id='line_1_60' title="bbox 254 3110 1918 3198; baseline 0.013 -38"><span class='ocrx_word' id='word_1_429' title='bbox 254 3110 381 3161; x_wconf 75' lang='grc' dir='ltr'>Ἐπὶ</span> <span class='ocrx_word' id='word_1_430' title='bbox 409 3116 622 3176; x_wconf 86' lang='grc' dir='ltr'>τούτοις</span> <span class='ocrx_word' id='word_1_431' title='bbox 650 3116 678 3167; x_wconf 84' lang='grc' dir='ltr'>δ</span> <span class='ocrx_word' id='word_1_432' title='bbox 718 3117 895 3169; x_wconf 85' lang='grc' dir='ltr'>κανὼν</span> <span class='ocrx_word' id='word_1_433' title='bbox 924 3120 1054 3188; x_wconf 79' lang='grc' dir='ltr'>περὶ</span> <span class='ocrx_word' id='word_1_434' title='bbox 1084 3122 1289 3175; x_wconf 79' lang='grc' dir='ltr'>τέκνων</span> <span class='ocrx_word' id='word_1_435' title='bbox 1321 3123 1428 3186; x_wconf 85' lang='grc' dir='ltr'>τῶν</span> <span class='ocrx_word' id='word_1_436' title='bbox 1460 3127 1647 3195; x_wconf 84' lang='grc' dir='ltr'>ίερέων</span> <span class='ocrx_word' id='word_1_437' title='bbox 1697 3146 1797 3195; x_wconf 82' lang='grc' dir='ltr'>φη-</span> <span class='ocrx_word' id='word_1_438' title='bbox 1826 3143 1868 3198; x_wconf 79' lang='lat' dir='ltr'><strong>c</strong></span> <span class='ocrx_word' id='word_1_439' title='bbox 1900 3117 1918 3182; x_wconf 73' lang='lat' dir='ltr'><strong>i</strong></span> 
     </span>
    </p>
   </div>
   <div class='ocr_carea' id='block_1_61' title="bbox 1778 3110 3442 3198">
    <p class='ocr_par' dir='ltr' id='par_1_61' title="bbox 1778 3110 3442 3198">
     <span class='ocr_line' id='line_1_61' title="bbox 1778 3110 3442 3198; baseline -0.006 -28"><span class='ocrx_word' id='word_1_440' title='bbox 1778 3161 1797 3170; x_wconf 92' lang='lat'>-</span> <span class='ocrx_word' id='word_1_441' title='bbox 1826 3143 1868 3198; x_wconf 67' lang='grc' dir='ltr'>ο</span> <span class='ocrx_word' id='word_1_442' title='bbox 1900 3117 2173 3182; x_wconf 70' lang='lat' dir='ltr'><strong>iudicibus</strong></span> <span class='ocrx_word' id='word_1_443' title='bbox 2204 3119 2457 3171; x_wconf 87' lang='lat' dir='ltr'><strong>damnato</strong></span> <span class='ocrx_word' id='word_1_444' title='bbox 2503 3117 2833 3187; x_wconf 89' lang='lat' dir='ltr'><strong>provocandi</strong></span> <span class='ocrx_word' id='word_1_445' title='bbox 2880 3115 3104 3168; x_wconf 78' lang='lat' dir='ltr'><strong>facultas</strong></span> <span class='ocrx_word' id='word_1_446' title='bbox 3159 3126 3262 3166; x_wconf 91' lang='lat' dir='ltr'><strong>non</strong></span> <span class='ocrx_word' id='word_1_447' title='bbox 3321 3110 3442 3163; x_wconf 88' lang='lat' dir='ltr'><strong>erit.</strong></span> 
     </span>
    </p>
   </div>
   <div class='ocr_carea' id='block_1_62' title="bbox 245 3203 1796 3283">
    <p class='ocr_par' dir='ltr' id='par_1_62' title="bbox 245 3203 1796 3283">
     <span class='ocr_line' id='line_1_62' title="bbox 245 3203 1796 3283; baseline 0.014 -33"><span class='ocrx_word' id='word_1_448' title='bbox 245 3203 357 3264; x_wconf 71' lang='grc' dir='ltr'>σιν,</span> <span class='ocrx_word' id='word_1_449' title='bbox 389 3203 475 3254; x_wconf 88' lang='grc' dir='ltr'>ῖνα</span> <span class='ocrx_word' id='word_1_450' title='bbox 510 3205 651 3273; x_wconf 84' lang='grc' dir='ltr'>μήτε</span> <span class='ocrx_word' id='word_1_451' title='bbox 681 3205 885 3274; x_wconf 85' lang='grc' dir='ltr'>θεώρια</span> <span class='ocrx_word' id='word_1_452' title='bbox 916 3209 1212 3263; x_wconf 85' lang='grc' dir='ltr'>ἐκτελῶσιν</span> <span class='ocrx_word' id='word_1_453' title='bbox 1248 3214 1421 3279; x_wconf 70' lang='grc' dir='ltr'>αὐτοὶ,</span> <span class='ocrx_word' id='word_1_454' title='bbox 1452 3217 1589 3283; x_wconf 86' lang='grc' dir='ltr'>μήτε</span> <span class='ocrx_word' id='word_1_455' title='bbox 1622 3219 1796 3272; x_wconf 82' lang='grc' dir='ltr'>ἀλλων</span> 
     </span>
    </p>
   </div>
   <div class='ocr_carea' id='block_1_63' title="bbox 243 3292 1797 3378">
    <p class='ocr_par' dir='ltr' id='par_1_63' title="bbox 243 3292 1797 3378">
     <span class='ocr_line' id='line_1_63' title="bbox 243 3292 1797 3378; baseline 0.012 -34"><span class='ocrx_word' id='word_1_456' title='bbox 243 3292 543 3348; x_wconf 79' lang='grc' dir='ltr'>ποιούντων</span> <span class='ocrx_word' id='word_1_457' title='bbox 565 3299 973 3366; x_wconf 86' lang='grc' dir='ltr'>παραγίνωνται</span> <span class='ocrx_word' id='word_1_458' title='bbox 1003 3302 1098 3353; x_wconf 82' lang='grc' dir='ltr'>καὶ</span> <span class='ocrx_word' id='word_1_459' title='bbox 1125 3302 1389 3371; x_wconf 88' lang='grc' dir='ltr'>θεωρῶσι.</span> <span class='ocrx_word' id='word_1_460' title='bbox 1412 3306 1485 3358; x_wconf 64' lang='lat' dir='ltr'>&quot;re</span> <span class='ocrx_word' id='word_1_461' title='bbox 1503 3306 1561 3359; x_wconf 77' lang='grc' dir='ltr'>δέ</span> <span class='ocrx_word' id='word_1_462' title='bbox 1593 3308 1797 3378; x_wconf 86' lang='grc' dir='ltr'>θεώρια</span> 
     </span>
    </p>
   </div>
   <div class='ocr_carea' id='block_1_64' title="bbox 240 3386 1795 3463">
    <p class='ocr_par' dir='ltr' id='par_1_64' title="bbox 240 3386 1795 3463">
     <span class='ocr_line' id='line_1_64' title="bbox 240 3386 1795 3463; baseline 0.012 -28"><span class='ocrx_word' id='word_1_463' title='bbox 240 3386 487 3436; x_wconf 86' lang='grc' dir='ltr'>ἐκτελεῖν</span> <span class='ocrx_word' id='word_1_464' title='bbox 521 3388 760 3441; x_wconf 83' lang='grc' dir='ltr'>τοιοῦτόν</span> <span class='ocrx_word' id='word_1_465' title='bbox 791 3390 970 3444; x_wconf 85' lang='grc' dir='ltr'>ἐστιν·</span> <span class='ocrx_word' id='word_1_466' title='bbox 1012 3392 1098 3444; x_wconf 85' lang='grc' dir='ltr'>Ἐν</span> <span class='ocrx_word' id='word_1_467' title='bbox 1131 3395 1248 3457; x_wconf 88' lang='grc' dir='ltr'>ταῖς</span> <span class='ocrx_word' id='word_1_468' title='bbox 1280 3396 1567 3463; x_wconf 83' lang='grc' dir='ltr'>μεγίσταις</span> <span class='ocrx_word' id='word_1_469' title='bbox 1610 3400 1795 3453; x_wconf 80' lang='grc' dir='ltr'>πόλεσι</span> 
     </span>
    </p>
   </div>
   <div class='ocr_carea' id='block_1_65' title="bbox 241 3471 1797 3556">
    <p class='ocr_par' dir='ltr' id='par_1_65' title="bbox 241 3471 1797 3556">
     <span class='ocr_line' id='line_1_65' title="bbox 241 3471 1797 3556; baseline 0.012 -32"><span class='ocrx_word' id='word_1_470' title='bbox 241 3473 452 3541; x_wconf 79' lang='grc' dir='ltr'>θέατρα</span> <span class='ocrx_word' id='word_1_471' title='bbox 482 3471 570 3542; x_wconf 78' lang='grc' dir='ltr'>ἦν,</span> <span class='ocrx_word' id='word_1_472' title='bbox 602 3478 695 3529; x_wconf 81' lang='grc' dir='ltr'>καὶ</span> <span class='ocrx_word' id='word_1_473' title='bbox 730 3472 887 3531; x_wconf 73' lang='grc' dir='ltr'>ἵπποι</span> <span class='ocrx_word' id='word_1_474' title='bbox 939 3482 1229 3548; x_wconf 71' lang='grc' dir='ltr'>ἐτρέφοντο</span> <span class='ocrx_word' id='word_1_475' title='bbox 1277 3484 1680 3556; x_wconf 80' lang='grc' dir='ltr'>ἁμιλλητήριοι,</span> <span class='ocrx_word' id='word_1_476' title='bbox 1709 3490 1797 3541; x_wconf 76' lang='grc' dir='ltr'>καὶ</span> 
     </span>
    </p>
   </div>
   <div class='ocr_carea' id='block_1_66' title="bbox 242 3564 1793 3643">
    <p class='ocr_par' dir='ltr' id='par_1_66' title="bbox 242 3564 1793 3643">
     <span class='ocr_line' id='line_1_66' title="bbox 242 3564 1793 3643; baseline 0.009 -28"><span class='ocrx_word' id='word_1_477' title='bbox 242 3564 409 3631; x_wconf 88' lang='grc' dir='ltr'>θηρία</span> <span class='ocrx_word' id='word_1_478' title='bbox 439 3566 521 3626; x_wconf 89' lang='grc' dir='ltr'>είς</span> <span class='ocrx_word' id='word_1_479' title='bbox 546 3565 928 3635; x_wconf 85' lang='grc' dir='ltr'>θηριομαχίαν,</span> <span class='ocrx_word' id='word_1_480' title='bbox 954 3570 1046 3621; x_wconf 76' lang='grc' dir='ltr'>καὶ</span> <span class='ocrx_word' id='word_1_481' title='bbox 1074 3570 1348 3623; x_wconf 79' lang='grc' dir='ltr'>ἀνετίθετο</span> <span class='ocrx_word' id='word_1_482' title='bbox 1376 3574 1409 3641; x_wconf 80' lang='grc' dir='ltr'>ἡ</span> <span class='ocrx_word' id='word_1_483' title='bbox 1445 3574 1793 3643; x_wconf 80' lang='grc' dir='ltr'>ίπποτροφία,</span> 
     </span>
    </p>
   </div>
   <div class='ocr_carea' id='block_1_67' title="bbox 241 3654 1797 3731">
    <p class='ocr_par' dir='ltr' id='par_1_67' title="bbox 241 3654 1797 3731">
     <span class='ocr_line' id='line_1_67' title="bbox 241 3654 1797 3731; baseline 0.012 -28"><span class='ocrx_word' id='word_1_484' title='bbox 241 3654 334 3704; x_wconf 79' lang='grc' dir='ltr'>καὶ</span> <span class='ocrx_word' id='word_1_485' title='bbox 365 3656 400 3722; x_wconf 77' lang='grc' dir='ltr'>ἡ</span> <span class='ocrx_word' id='word_1_486' title='bbox 431 3654 540 3707; x_wconf 87' lang='grc' dir='ltr'>τῶν</span> <span class='ocrx_word' id='word_1_487' title='bbox 574 3656 756 3725; x_wconf 84' lang='grc' dir='ltr'>θηρῶν</span> <span class='ocrx_word' id='word_1_488' title='bbox 796 3658 1102 3725; x_wconf 78' lang='grc' dir='ltr'>ἐπιμέλεια,</span> <span class='ocrx_word' id='word_1_489' title='bbox 1131 3660 1223 3712; x_wconf 79' lang='grc' dir='ltr'>καὶ</span> <span class='ocrx_word' id='word_1_490' title='bbox 1250 3662 1283 3729; x_wconf 77' lang='grc' dir='ltr'><strong>ἡ</strong></span> <span class='ocrx_word' id='word_1_491' title='bbox 1316 3665 1539 3730; x_wconf 82' lang='grc' dir='ltr'>φροντὶς</span> <span class='ocrx_word' id='word_1_492' title='bbox 1572 3668 1665 3719; x_wconf 84' lang='grc' dir='ltr'>τοῦ</span> <span class='ocrx_word' id='word_1_493' title='bbox 1700 3668 1797 3731; x_wconf 84' lang='grc' dir='ltr'>τὰς</span> 
     </span>
    </p>
   </div>
   <div class='ocr_carea' id='block_1_68' title="bbox 240 3745 1797 3819">
    <p class='ocr_par' dir='ltr' id='par_1_68' title="bbox 240 3745 1797 3819">
     <span class='ocr_line' id='line_1_68' title="bbox 240 3745 1797 3819; baseline 0.011 -24"><span class='ocrx_word' id='word_1_494' title='bbox 240 3745 479 3813; x_wconf 82' lang='grc' dir='ltr'>θεωρίας</span> <span class='ocrx_word' id='word_1_495' title='bbox 526 3746 584 3798; x_wconf 90' lang='grc' dir='ltr'>ἐν</span> <span class='ocrx_word' id='word_1_496' title='bbox 633 3749 745 3810; x_wconf 84' lang='grc' dir='ltr'>τοῖς</span> <span class='ocrx_word' id='word_1_497' title='bbox 778 3746 1027 3817; x_wconf 81' lang='grc' dir='ltr'>θεάτροις</span> <span class='ocrx_word' id='word_1_498' title='bbox 1056 3751 1449 3817; x_wconf 82' lang='grc' dir='ltr'>ἐπιτελεῖσθαι,</span> <span class='ocrx_word' id='word_1_499' title='bbox 1491 3756 1655 3819; x_wconf 84' lang='grc' dir='ltr'>ἐνίοις</span> <span class='ocrx_word' id='word_1_500' title='bbox 1687 3760 1797 3811; x_wconf 90' lang='grc' dir='ltr'>τῶν</span> 
     </span>
    </p>
   </div>
   <div class='ocr_carea' id='block_1_69' title="bbox 243 3834 1795 3912">
    <p class='ocr_par' dir='ltr' id='par_1_69' title="bbox 243 3834 1795 3912">
     <span class='ocr_line' id='line_1_69' title="bbox 243 3834 1795 3912; baseline 0.011 -26"><span class='ocrx_word' id='word_1_501' title='bbox 243 3834 559 3899; x_wconf 84' lang='grc' dir='ltr'>πολιτικῶν,</span> <span class='ocrx_word' id='word_1_502' title='bbox 596 3837 864 3899; x_wconf 88' lang='grc' dir='ltr'>κάκείνοις</span> <span class='ocrx_word' id='word_1_503' title='bbox 913 3838 1073 3907; x_wconf 70' lang='grc' dir='ltr'>ἔμελε</span> <span class='ocrx_word' id='word_1_504' title='bbox 1104 3842 1231 3909; x_wconf 86' lang='grc' dir='ltr'>περί</span> <span class='ocrx_word' id='word_1_505' title='bbox 1257 3860 1317 3895; x_wconf 93' lang='grc' dir='ltr'>τε</span> <span class='ocrx_word' id='word_1_506' title='bbox 1345 3844 1444 3912; x_wconf 84' lang='grc' dir='ltr'>τῆς</span> <span class='ocrx_word' id='word_1_507' title='bbox 1478 3846 1592 3900; x_wconf 87' lang='grc' dir='ltr'>τῶν</span> <span class='ocrx_word' id='word_1_508' title='bbox 1614 3849 1795 3903; x_wconf 74' lang='grc' dir='ltr'>ἵππων</span> 
     </span>
    </p>
   </div>
   <div class='ocr_carea' id='block_1_70' title="bbox 242 3925 1798 4000">
    <p class='ocr_par' dir='ltr' id='par_1_70' title="bbox 242 3925 1798 4000">
     <span class='ocr_line' id='line_1_70' title="bbox 242 3925 1798 4000; baseline 0.008 -22"><span class='ocrx_word' id='word_1_509' title='bbox 242 3925 481 3995; x_wconf 87' lang='grc' dir='ltr'>ἀμίλλης</span> <span class='ocrx_word' id='word_1_510' title='bbox 530 3927 626 3979; x_wconf 80' lang='grc' dir='ltr'>καὶ</span> <span class='ocrx_word' id='word_1_511' title='bbox 652 3926 755 3995; x_wconf 82' lang='grc' dir='ltr'>τῆς</span> <span class='ocrx_word' id='word_1_512' title='bbox 784 3927 1150 3997; x_wconf 85' lang='grc' dir='ltr'>θηριομαχίας</span> <span class='ocrx_word' id='word_1_513' title='bbox 1190 3931 1285 3983; x_wconf 60' lang='grc' dir='ltr'>καὶ⁵</span> <span class='ocrx_word' id='word_1_514' title='bbox 1336 3933 1443 3986; x_wconf 92' lang='grc' dir='ltr'>τῶν</span> <span class='ocrx_word' id='word_1_515' title='bbox 1472 3935 1667 4000; x_wconf 67' lang='grc' dir='ltr'>ἄλλων,</span> <span class='ocrx_word' id='word_1_516' title='bbox 1697 3939 1798 3991; x_wconf 79' lang='grc' dir='ltr'>ὅσα</span> 
     </span>
    </p>
   </div>
   <div class='ocr_carea' id='block_1_71' title="bbox 238 4015 1798 4091">
    <p class='ocr_par' dir='ltr' id='par_1_71' title="bbox 238 4015 1798 4091">
     <span class='ocr_line' id='line_1_71' title="bbox 238 4015 1798 4091; baseline 0.008 -25"><span class='ocrx_word' id='word_1_517' title='bbox 238 4016 296 4066; x_wconf 83' lang='grc' dir='ltr'>ἐν</span> <span class='ocrx_word' id='word_1_518' title='bbox 328 4017 441 4075; x_wconf 88' lang='grc' dir='ltr'>τοῖς</span> <span class='ocrx_word' id='word_1_519' title='bbox 473 4015 727 4086; x_wconf 85' lang='grc' dir='ltr'>θεάτροις</span> <span class='ocrx_word' id='word_1_520' title='bbox 749 4017 905 4069; x_wconf 88' lang='grc' dir='ltr'>εῖωθε</span> <span class='ocrx_word' id='word_1_521' title='bbox 933 4018 1201 4084; x_wconf 87' lang='grc' dir='ltr'>γίνεσθαι.</span> <span class='ocrx_word' id='word_1_522' title='bbox 1226 4020 1411 4076; x_wconf 82' lang='grc' dir='ltr'>Ταῦτα</span> <span class='ocrx_word' id='word_1_523' title='bbox 1435 4019 1527 4078; x_wconf 79' lang='grc' dir='ltr'>οὖν</span> <span class='ocrx_word' id='word_1_524' title='bbox 1552 4027 1798 4091; x_wconf 88' lang='grc' dir='ltr'>γίνεσθαι</span> 
     </span>
    </p>
   </div>
   <div class='ocr_carea' id='block_1_72' title="bbox 240 4107 1797 4189">
    <p class='ocr_par' dir='ltr' id='par_1_72' title="bbox 240 4107 1797 4189">
     <span class='ocr_line' id='line_1_72' title="bbox 240 4107 1797 4189; baseline 0.008 -31"><span class='ocrx_word' id='word_1_525' title='bbox 240 4107 394 4175; x_wconf 84' lang='grc' dir='ltr'>παρά</span> <span class='ocrx_word' id='word_1_526' title='bbox 428 4108 637 4160; x_wconf 82' lang='grc' dir='ltr'>παίδων</span> <span class='ocrx_word' id='word_1_527' title='bbox 658 4108 768 4161; x_wconf 91' lang='grc' dir='ltr'>τῶν</span> <span class='ocrx_word' id='word_1_528' title='bbox 789 4109 980 4177; x_wconf 74' lang='grc' dir='ltr'>ίερέων</span> <span class='ocrx_word' id='word_1_529' title='bbox 1007 4111 1276 4165; x_wconf 77' lang='grc' dir='ltr'>ἐκώλυσεν</span> <span class='ocrx_word' id='word_1_530' title='bbox 1301 4116 1330 4167; x_wconf 86' lang='grc' dir='ltr'>δ</span> <span class='ocrx_word' id='word_1_531' title='bbox 1355 4115 1554 4171; x_wconf 83' lang='grc' dir='ltr'>κανών.</span> <span class='ocrx_word' id='word_1_532' title='bbox 1578 4119 1671 4170; x_wconf 83' lang='grc' dir='ltr'>Δεῖ</span> <span class='ocrx_word' id='word_1_533' title='bbox 1688 4118 1797 4189; x_wconf 85' lang='grc' dir='ltr'>γὰρ</span> 
     </span>
    </p>
   </div>
   <div class='ocr_carea' id='block_1_73' title="bbox 237 4197 1796 4280">
    <p class='ocr_par' dir='ltr' id='par_1_73' title="bbox 237 4197 1796 4280">
     <span class='ocr_line' id='line_1_73' title="bbox 237 4197 1796 4280; baseline 0.011 -35"><span class='ocrx_word' id='word_1_534' title='bbox 237 4198 364 4257; x_wconf 81' lang='grc' dir='ltr'>τοὺς</span> <span class='ocrx_word' id='word_1_535' title='bbox 398 4197 563 4265; x_wconf 84' lang='grc' dir='ltr'>ίερείς</span> <span class='ocrx_word' id='word_1_536' title='bbox 590 4198 660 4250; x_wconf 88' lang='grc' dir='ltr'>τά</span> <span class='ocrx_word' id='word_1_537' title='bbox 692 4198 868 4251; x_wconf 87' lang='grc' dir='ltr'>οίκεῖα</span> <span class='ocrx_word' id='word_1_538' title='bbox 890 4201 1058 4253; x_wconf 66' lang='grc' dir='ltr'>τέκνα</span> <span class='ocrx_word' id='word_1_539' title='bbox 1083 4202 1141 4253; x_wconf 87' lang='grc' dir='ltr'>ἐν</span> <span class='ocrx_word' id='word_1_540' title='bbox 1168 4203 1389 4274; x_wconf 78' lang='grc' dir='ltr'>παιδείᾳ</span> <span class='ocrx_word' id='word_1_541' title='bbox 1420 4205 1513 4258; x_wconf 76' lang='grc' dir='ltr'>καὶ</span> <span class='ocrx_word' id='word_1_542' title='bbox 1543 4208 1796 4280; x_wconf 79' lang='grc' dir='ltr'>νουθεσίᾳ</span> 
     </span>
    </p>
   </div>
   <div class='ocr_carea' id='block_1_74' title="bbox 241 4287 1798 4360">
    <p class='ocr_par' dir='ltr' id='par_1_74' title="bbox 241 4287 1798 4360">
     <span class='ocr_line' id='line_1_74' title="bbox 241 4287 1798 4360; baseline 0.008 -24"><span class='ocrx_word' id='word_1_543' title='bbox 241 4287 450 4353; x_wconf 78' lang='grc' dir='ltr'>κυρίου</span> <span class='ocrx_word' id='word_1_544' title='bbox 509 4287 758 4353; x_wconf 86' lang='grc' dir='ltr'>ἀνάγειν,</span> <span class='ocrx_word' id='word_1_545' title='bbox 792 4290 937 4341; x_wconf 84' lang='grc' dir='ltr'>κατά</span> <span class='ocrx_word' id='word_1_546' title='bbox 966 4290 1056 4342; x_wconf 75' lang='grc' dir='ltr'>τὸν</span> <span class='ocrx_word' id='word_1_547' title='bbox 1088 4291 1259 4357; x_wconf 74' lang='grc' dir='ltr'>μέγαν</span> <span class='ocrx_word' id='word_1_548' title='bbox 1293 4292 1523 4358; x_wconf 84' lang='grc' dir='ltr'>Παῦλον,</span> <span class='ocrx_word' id='word_1_549' title='bbox 1590 4296 1649 4360; x_wconf 81' lang='grc' dir='ltr'>ὃς</span> <span class='ocrx_word' id='word_1_550' title='bbox 1704 4298 1798 4351; x_wconf 74' lang='grc' dir='ltr'>καὶ</span> 
     </span>
    </p>
   </div>
   <div class='ocr_carea' id='block_1_75' title="bbox 241 4373 1798 4450">
    <p class='ocr_par' dir='ltr' id='par_1_75' title="bbox 241 4373 1798 4450">
     <span class='ocr_line' id='line_1_75' title="bbox 241 4373 1798 4450; baseline 0.008 -26"><span class='ocrx_word' id='word_1_551' title='bbox 241 4375 380 4440; x_wconf 84' lang='grc' dir='ltr'>πρὸς</span> <span class='ocrx_word' id='word_1_552' title='bbox 426 4373 583 4427; x_wconf 83' lang='grc' dir='ltr'>Τῖτον</span> <span class='ocrx_word' id='word_1_553' title='bbox 606 4375 838 4445; x_wconf 86' lang='grc' dir='ltr'>γράφων</span> <span class='ocrx_word' id='word_1_554' title='bbox 863 4375 1008 4438; x_wconf 88' lang='grc' dir='ltr'>οῖους</span> <span class='ocrx_word' id='word_1_555' title='bbox 1058 4377 1140 4429; x_wconf 88' lang='grc' dir='ltr'>δεῖ</span> <span class='ocrx_word' id='word_1_556' title='bbox 1171 4378 1435 4449; x_wconf 78' lang='grc' dir='ltr'>καθιστᾷν</span> <span class='ocrx_word' id='word_1_557' title='bbox 1492 4383 1798 4450; x_wconf 73' lang='grc' dir='ltr'>πρεσϐυτέ-</span> 
     </span>
    </p>
   </div>
   <div class='ocr_carea' id='block_1_76' title="bbox 240 4454 1871 4541">
    <p class='ocr_par' dir='ltr' id='par_1_76' title="bbox 240 4454 1871 4541">
     <span class='ocr_line' id='line_1_76' title="bbox 240 4454 1871 4541; baseline 0.01 -27"><span class='ocrx_word' id='word_1_558' title='bbox 240 4480 393 4531; x_wconf 87' lang='grc' dir='ltr'>ρους,</span> <span class='ocrx_word' id='word_1_559' title='bbox 428 4464 567 4531; x_wconf 82' lang='grc' dir='ltr'>πρδς</span> <span class='ocrx_word' id='word_1_560' title='bbox 590 4466 702 4525; x_wconf 90' lang='grc' dir='ltr'>τοῖς</span> <span class='ocrx_word' id='word_1_561' title='bbox 729 4465 911 4528; x_wconf 85' lang='grc' dir='ltr'>ἀλλοις</span> <span class='ocrx_word' id='word_1_562' title='bbox 970 4468 1065 4519; x_wconf 73' lang='grc' dir='ltr'>καὶ</span> <span class='ocrx_word' id='word_1_563' title='bbox 1092 4466 1256 4521; x_wconf 82' lang='grc' dir='ltr'>τοῦτο</span> <span class='ocrx_word' id='word_1_564' title='bbox 1290 4468 1560 4540; x_wconf 64' lang='grc' dir='ltr'>ἔγραψεν·</span> <span class='ocrx_word' id='word_1_565' title='bbox 1592 4474 1667 4527; x_wconf 76' lang='lat' dir='ltr'><strong>El</strong></span> <span class='ocrx_word' id='word_1_566' title='bbox 1704 4477 1796 4541; x_wconf 82' lang='grc' dir='ltr'>τίς</span> <span class='ocrx_word' id='word_1_567' title='bbox 1823 4454 1871 4511; x_wconf 70' lang='grc' dir='ltr'>Ῐ)</span> 
     </span>
    </p>
   </div>
   <div class='ocr_carea' id='block_1_77' title="bbox 237 4551 1790 4628">
    <p class='ocr_par' dir='ltr' id='par_1_77' title="bbox 237 4551 1790 4628">
     <span class='ocr_line' id='line_1_77' title="bbox 237 4551 1790 4628; baseline 0.007 -23"><span class='ocrx_word' id='word_1_568' title='bbox 237 4553 369 4605; x_wconf 75' lang='grc' dir='ltr'>ἐστι</span> <span class='ocrx_word' id='word_1_569' title='bbox 393 4551 573 4606; x_wconf 67' lang='grc' dir='ltr'>τέκνα</span> <span class='ocrx_word' id='word_1_570' title='bbox 593 4554 748 4622; x_wconf 78' lang='grc' dir='ltr'>ἔχων</span> <span class='ocrx_word' id='word_1_571' title='bbox 764 4555 969 4619; x_wconf 74' lang='grc' dir='ltr'>πιστὰ,</span> <span class='ocrx_word' id='word_1_572' title='bbox 987 4557 1073 4623; x_wconf 82' lang='grc' dir='ltr'>μὴ</span> <span class='ocrx_word' id='word_1_573' title='bbox 1090 4556 1159 4608; x_wconf 77' lang='grc' dir='ltr'>ἐν</span> <span class='ocrx_word' id='word_1_574' title='bbox 1173 4559 1493 4626; x_wconf 59' lang='grc' dir='ltr'>κατηγορίᾳ</span> <span class='ocrx_word' id='word_1_575' title='bbox 1509 4561 1790 4628; x_wconf 79' lang='grc' dir='ltr'>ἀσωτίας,</span> 
     </span>
    </p>
   </div>
   <div class='ocr_carea' id='block_1_78' title="bbox 236 4643 1799 4715">
    <p class='ocr_par' dir='ltr' id='par_1_78' title="bbox 236 4643 1799 4715">
     <span class='ocr_line' id='line_1_78' title="bbox 236 4643 1799 4715; baseline 0.007 -19"><span class='ocrx_word' id='word_1_576' title='bbox 236 4644 276 4708; x_wconf 81' lang='grc' dir='ltr'><em>ἢ</em></span> <span class='ocrx_word' id='word_1_577' title='bbox 302 4644 709 4697; x_wconf 76' lang='grc' dir='ltr'>ἀνυπότακτα.</span> <span class='ocrx_word' id='word_1_578' title='bbox 744 4643 855 4697; x_wconf 78' lang='grc' dir='ltr'>Καὶ</span> <span class='ocrx_word' id='word_1_579' title='bbox 884 4645 1135 4715; x_wconf 84' lang='grc' dir='ltr'>Τιμοθέῳ</span> <span class='ocrx_word' id='word_1_580' title='bbox 1164 4648 1515 4712; x_wconf 73' lang='grc' dir='ltr'>ἐπιστέλλων,</span> <span class='ocrx_word' id='word_1_581' title='bbox 1565 4646 1675 4704; x_wconf 75' lang='grc' dir='ltr'>οἷον</span> <span class='ocrx_word' id='word_1_582' title='bbox 1718 4654 1799 4707; x_wconf 89' lang='grc' dir='ltr'>δεῖ</span> 
     </span>
    </p>
   </div>
   <div class='ocr_carea' id='block_1_79' title="bbox 236 4732 1797 4805">
    <p class='ocr_par' dir='ltr' id='par_1_79' title="bbox 236 4732 1797 4805">
     <span class='ocr_line' id='line_1_79' title="bbox 236 4732 1797 4805; baseline 0.007 -21"><span class='ocrx_word' id='word_1_583' title='bbox 236 4735 330 4785; x_wconf 81' lang='grc' dir='ltr'>τὸν</span> <span class='ocrx_word' id='word_1_584' title='bbox 381 4735 691 4802; x_wconf 82' lang='grc' dir='ltr'>ἐπισκοπῆς</span> <span class='ocrx_word' id='word_1_585' title='bbox 744 4735 1073 4804; x_wconf 82' lang='grc' dir='ltr'>ὀρεγόμενον</span> <span class='ocrx_word' id='word_1_586' title='bbox 1121 4732 1280 4801; x_wconf 88' lang='grc' dir='ltr'>εῖναι,</span> <span class='ocrx_word' id='word_1_587' title='bbox 1313 4740 1427 4800; x_wconf 90' lang='grc' dir='ltr'>τοῖς</span> <span class='ocrx_word' id='word_1_588' title='bbox 1462 4739 1670 4805; x_wconf 80' lang='grc' dir='ltr'>λοιποῖς</span> <span class='ocrx_word' id='word_1_589' title='bbox 1702 4743 1797 4795; x_wconf 70' lang='grc' dir='ltr'>κει)⁸</span> 
     </span>
    </p>
   </div>
   <div class='ocr_carea' id='block_1_80' title="bbox 238 4822 1796 4902">
    <p class='ocr_par' dir='ltr' id='par_1_80' title="bbox 238 4822 1796 4902">
     <span class='ocr_line' id='line_1_80' title="bbox 238 4822 1796 4902; baseline 0.008 -28"><span class='ocrx_word' id='word_1_590' title='bbox 238 4822 397 4875; x_wconf 78' lang='grc' dir='ltr'>τοῦτο</span> <span class='ocrx_word' id='word_1_591' title='bbox 425 4825 752 4893; x_wconf 82' lang='grc' dir='ltr'>προσέθετο·</span> <span class='ocrx_word' id='word_1_592' title='bbox 777 4825 850 4877; x_wconf 85' lang='grc' dir='ltr'>τά</span> <span class='ocrx_word' id='word_1_593' title='bbox 871 4825 1040 4878; x_wconf 73' lang='grc' dir='ltr'>τέκνα</span> <span class='ocrx_word' id='word_1_594' title='bbox 1069 4823 1263 4895; x_wconf 74' lang='grc' dir='ltr'>ἔχοντα</span> <span class='ocrx_word' id='word_1_595' title='bbox 1289 4827 1347 4879; x_wconf 88' lang='grc' dir='ltr'>ἐν</span> <span class='ocrx_word' id='word_1_596' title='bbox 1381 4828 1628 4902; x_wconf 78' lang='grc' dir='ltr'>ὑποταγῇ</span> <span class='ocrx_word' id='word_1_597' title='bbox 1657 4835 1796 4900; x_wconf 88' lang='grc' dir='ltr'>μετά</span> 
     </span>
    </p>
   </div>
   <div class='ocr_carea' id='block_1_81' title="bbox 239 4914 1797 4992">
    <p class='ocr_par' dir='ltr' id='par_1_81' title="bbox 239 4914 1797 4992">
     <span class='ocr_line' id='line_1_81' title="bbox 239 4914 1797 4992; baseline 0.006 -25"><span class='ocrx_word' id='word_1_598' title='bbox 239 4916 424 4984; x_wconf 85' lang='grc' dir='ltr'>πάσης</span> <span class='ocrx_word' id='word_1_599' title='bbox 481 4916 829 4984; x_wconf 82' lang='grc' dir='ltr'>σεμνότητος.</span> <span class='ocrx_word' id='word_1_600' title='bbox 876 4914 957 4969; x_wconf 79' lang='grc' dir='ltr'>Τά</span> <span class='ocrx_word' id='word_1_601' title='bbox 990 4915 1247 4987; x_wconf 87' lang='grc' dir='ltr'>θεωρίαις</span> <span class='ocrx_word' id='word_1_602' title='bbox 1293 4918 1351 4971; x_wconf 79' lang='grc' dir='ltr'>δέ</span> <span class='ocrx_word' id='word_1_603' title='bbox 1401 4921 1581 4990; x_wconf 89' lang='grc' dir='ltr'>μίμων</span> <span class='ocrx_word' id='word_1_604' title='bbox 1624 4940 1797 4992; x_wconf 86' lang='grc' dir='ltr'>προσ-</span> 
     </span>
    </p>
   </div>
   <div class='ocr_carea' id='block_1_82' title="bbox 239 5006 1795 5082">
    <p class='ocr_par' dir='ltr' id='par_1_82' title="bbox 239 5006 1795 5082">
     <span class='ocr_line' id='line_1_82' title="bbox 239 5006 1795 5082; baseline 0.007 -27"><span class='ocrx_word' id='word_1_605' title='bbox 239 5006 559 5082; x_wconf 39' lang='grc' dir='ltr'>έχοντα-καὶ</span> <span class='ocrx_word' id='word_1_606' title='bbox 592 5006 976 5075; x_wconf 75' lang='grc' dir='ltr'>ἱπποδρομίαις</span> <span class='ocrx_word' id='word_1_607' title='bbox 1011 5008 1340 5076; x_wconf 79' lang='grc' dir='ltr'>σχολάζοντα</span> <span class='ocrx_word' id='word_1_608' title='bbox 1360 5049 1375 5074; x_wconf 92' lang='grc'>,</span> <span class='ocrx_word' id='word_1_609' title='bbox 1409 5011 1503 5064; x_wconf 66' lang='grc' dir='ltr'>καὶ⁵</span> <span class='ocrx_word' id='word_1_610' title='bbox 1528 5012 1795 5077; x_wconf 85' lang='grc' dir='ltr'>τοιούτοις</span> 
     </span>
    </p>
   </div>
   <div class='ocr_carea' id='block_1_83' title="bbox 238 5094 1796 5168">
    <p class='ocr_par' dir='ltr' id='par_1_83' title="bbox 238 5094 1796 5168">
     <span class='ocr_line' id='line_1_83' title="bbox 238 5094 1796 5168; baseline 0.006 -19"><span class='ocrx_word' id='word_1_611' title='bbox 238 5096 446 5156; x_wconf 79' lang='grc' dir='ltr'>ἀλλοις,</span> <span class='ocrx_word' id='word_1_612' title='bbox 498 5094 620 5148; x_wconf 74' lang='grc' dir='ltr'>οὔτε</span> <span class='ocrx_word' id='word_1_613' title='bbox 673 5097 906 5160; x_wconf 86' lang='grc' dir='ltr'>ἀσωτίας</span> <span class='ocrx_word' id='word_1_614' title='bbox 931 5098 1200 5168; x_wconf 78' lang='grc' dir='ltr'>ὑπόληψιν</span> <span class='ocrx_word' id='word_1_615' title='bbox 1249 5100 1622 5167; x_wconf 75' lang='grc' dir='ltr'>ἐκφεύξονται,</span> <span class='ocrx_word' id='word_1_616' title='bbox 1676 5104 1796 5158; x_wconf 79' lang='grc' dir='ltr'>οὔτε</span> 
     </span>
    </p>
   </div>
   <div class='ocr_carea' id='block_1_84' title="bbox 241 5185 1795 5258">
    <p class='ocr_par' dir='ltr' id='par_1_84' title="bbox 241 5185 1795 5258">
     <span class='ocr_line' id='line_1_84' title="bbox 241 5185 1795 5258; baseline 0.007 -22"><span class='ocrx_word' id='word_1_617' title='bbox 241 5186 509 5254; x_wconf 75' lang='grc' dir='ltr'>σεμνότης</span> <span class='ocrx_word' id='word_1_618' title='bbox 535 5185 718 5247; x_wconf 81' lang='grc' dir='ltr'>αὐτοῖς</span> <span class='ocrx_word' id='word_1_619' title='bbox 748 5188 1402 5258; x_wconf 82' lang='grc' dir='ltr'>προσμαρτυρηθήσεται.</span> <span class='ocrx_word' id='word_1_620' title='bbox 1433 5192 1543 5244; x_wconf 80' lang='grc' dir='ltr'>Καὶ</span> <span class='ocrx_word' id='word_1_621' title='bbox 1568 5192 1628 5243; x_wconf 83' lang='grc' dir='ltr'>οὐ</span> <span class='ocrx_word' id='word_1_622' title='bbox 1660 5192 1795 5246; x_wconf 85' lang='grc' dir='ltr'>θαυ-</span> 
     </span>
    </p>
   </div>
   <div class='ocr_carea' id='block_1_85' title="bbox 242 5276 1795 5351">
    <p class='ocr_par' dir='ltr' id='par_1_85' title="bbox 242 5276 1795 5351">
     <span class='ocr_line' id='line_1_85' title="bbox 242 5276 1795 5351; baseline 0.005 -23"><span class='ocrx_word' id='word_1_623' title='bbox 242 5276 455 5342; x_wconf 81' lang='grc' dir='ltr'>μαστὸν</span> <span class='ocrx_word' id='word_1_624' title='bbox 490 5279 536 5327; x_wconf 84' lang='grc' dir='ltr'>εί</span> <span class='ocrx_word' id='word_1_625' title='bbox 570 5278 635 5329; x_wconf 89' lang='grc' dir='ltr'>τά</span> <span class='ocrx_word' id='word_1_626' title='bbox 661 5277 769 5327; x_wconf 90' lang='grc' dir='ltr'>τῶν</span> <span class='ocrx_word' id='word_1_627' title='bbox 800 5277 992 5346; x_wconf 75' lang='grc' dir='ltr'>ἱερέων</span> <span class='ocrx_word' id='word_1_628' title='bbox 1017 5277 1182 5330; x_wconf 72' lang='grc' dir='ltr'>τέκνα</span> <span class='ocrx_word' id='word_1_629' title='bbox 1210 5279 1470 5349; x_wconf 87' lang='grc' dir='ltr'>τοιαύτην</span> <span class='ocrx_word' id='word_1_630' title='bbox 1522 5281 1795 5351; x_wconf 77' lang='grc' dir='ltr'>διαγωγὴν</span> 
     </span>
    </p>
   </div>
   <div class='ocr_carea' id='block_1_86' title="bbox 240 5367 1791 5441">
    <p class='ocr_par' dir='ltr' id='par_1_86' title="bbox 240 5367 1791 5441">
     <span class='ocr_line' id='line_1_86' title="bbox 240 5367 1791 5441; baseline 0.005 -22"><span class='ocrx_word' id='word_1_631' title='bbox 240 5367 591 5419; x_wconf 82' lang='grc' dir='ltr'>ἀπαιτοῦνται</span> <span class='ocrx_word' id='word_1_632' title='bbox 613 5383 628 5398; x_wconf 89' lang='grc'>·</span> <span class='ocrx_word' id='word_1_633' title='bbox 662 5368 786 5420; x_wconf 83' lang='grc' dir='ltr'>ἐπεὶ</span> <span class='ocrx_word' id='word_1_634' title='bbox 811 5367 907 5419; x_wconf 77' lang='grc' dir='ltr'>καὶ</span> <span class='ocrx_word' id='word_1_635' title='bbox 930 5368 1067 5420; x_wconf 78' lang='grc' dir='ltr'>πᾶσι</span> <span class='ocrx_word' id='word_1_636' title='bbox 1085 5369 1431 5437; x_wconf 81' lang='grc' dir='ltr'>Χριστιανοῐς</span> <span class='ocrx_word' id='word_1_637' title='bbox 1452 5373 1791 5441; x_wconf 85' lang='grc' dir='ltr'>κεκήρυκται</span> 
     </span>
    </p>
   </div>
   <div class='ocr_carea' id='block_1_87' title="bbox 242 5455 1791 5529">
    <p class='ocr_par' dir='ltr' id='par_1_87' title="bbox 242 5455 1791 5529">
     <span class='ocr_line' id='line_1_87' title="bbox 242 5455 1791 5529; baseline 0.003 -21"><span class='ocrx_word' id='word_1_638' title='bbox 242 5457 319 5525; x_wconf 80' lang='grc' dir='ltr'>μὴ</span> <span class='ocrx_word' id='word_1_639' title='bbox 351 5455 656 5523; x_wconf 70' lang='grc' dir='ltr'>προσιέναι,</span> <span class='ocrx_word' id='word_1_640' title='bbox 686 5457 819 5509; x_wconf 87' lang='grc' dir='ltr'>δπου</span> <span class='ocrx_word' id='word_1_641' title='bbox 853 5455 1197 5525; x_wconf 68' lang='grc' dir='ltr'>βλασφημίαι</span> <span class='ocrx_word' id='word_1_642' title='bbox 1248 5458 1377 5511; x_wconf 77' lang='grc' dir='ltr'>είσί.</span> <span class='ocrx_word' id='word_1_643' title='bbox 1434 5459 1791 5529; x_wconf 77' lang='grc' dir='ltr'>Βλασφημίας</span> 
     </span>
    </p>
   </div>
   <div class='ocr_carea' id='block_1_88' title="bbox 238 5547 1794 5624">
    <p class='ocr_par' dir='ltr' id='par_1_88' title="bbox 238 5547 1794 5624">
     <span class='ocr_line' id='line_1_88' title="bbox 238 5547 1794 5624; baseline 0.004 -26"><span class='ocrx_word' id='word_1_644' title='bbox 238 5548 294 5599; x_wconf 70' lang='grc' dir='ltr'>δὲ</span> <span class='ocrx_word' id='word_1_645' title='bbox 329 5552 397 5599; x_wconf 79' lang='grc' dir='ltr'>τά</span> <span class='ocrx_word' id='word_1_646' title='bbox 432 5548 682 5616; x_wconf 84' lang='grc' dir='ltr'>ἀσέμνως</span> <span class='ocrx_word' id='word_1_647' title='bbox 721 5548 982 5618; x_wconf 84' lang='grc' dir='ltr'>γινόμενα</span> <span class='ocrx_word' id='word_1_648' title='bbox 1016 5547 1295 5617; x_wconf 83' lang='grc' dir='ltr'>ἐκάλεσεν,</span> <span class='ocrx_word' id='word_1_649' title='bbox 1345 5547 1419 5614; x_wconf 84' lang='grc' dir='ltr'>ὡς</span> <span class='ocrx_word' id='word_1_650' title='bbox 1454 5548 1794 5624; x_wconf 83' lang='grc' dir='ltr'>βλασφημεῖ-</span> 
     </span>
    </p>
   </div>
   <div class='ocr_carea' id='block_1_89' title="bbox 299 5726 635 5781">
    <p class='ocr_par' dir='ltr' id='par_1_89' title="bbox 299 5726 635 5781">
     <span class='ocr_line' id='line_1_89' title="bbox 299 5726 635 5781; baseline 0 -2"><span class='ocrx_word' id='word_1_651' title='bbox 299 5728 343 5758; x_wconf 82' lang='lat'><strong>&quot;</strong></span> <span class='ocrx_word' id='word_1_652' title='bbox 373 5726 479 5779; x_wconf 73' lang='lat' dir='ltr'>Tit.</span> <span class='ocrx_word' id='word_1_653' title='bbox 514 5743 551 5781; x_wconf 89' lang='lat' dir='ltr'>l,</span> <span class='ocrx_word' id='word_1_654' title='bbox 582 5726 635 5779; x_wconf 81' lang='grc' dir='ltr'>ϐ.</span> 
     </span>
    </p>
   </div>
   <div class='ocr_carea' id='block_1_90' title="bbox 1900 3204 3445 3278">
    <p class='ocr_par' dir='ltr' id='par_1_90' title="bbox 1900 3204 3445 3278">
     <span class='ocr_line' id='line_1_90' title="bbox 1900 3204 3445 3278; baseline -0.002 -20"><span class='ocrx_word' id='word_1_655' title='bbox 1900 3204 2051 3271; x_wconf 87' lang='lat' dir='ltr'><strong>Quod</strong></span> <span class='ocrx_word' id='word_1_656' title='bbox 2080 3208 2268 3263; x_wconf 90' lang='lat' dir='ltr'><strong>civiles</strong></span> <span class='ocrx_word' id='word_1_657' title='bbox 2320 3223 2533 3278; x_wconf 90' lang='lat' dir='ltr'><strong>quoque</strong></span> <span class='ocrx_word' id='word_1_658' title='bbox 2578 3208 2719 3277; x_wconf 87' lang='lat' dir='ltr'><strong>leges</strong></span> <span class='ocrx_word' id='word_1_659' title='bbox 2755 3208 2941 3261; x_wconf 88' lang='lat' dir='ltr'><strong>eodem</strong></span> <span class='ocrx_word' id='word_1_660' title='bbox 2993 3205 3149 3259; x_wconf 89' lang='lat' dir='ltr'><strong>modo</strong></span> <span class='ocrx_word' id='word_1_661' title='bbox 3194 3216 3445 3265; x_wconf 80' lang='lat' dir='ltr'><strong>sanxere,</strong></span> 
     </span>
    </p>
   </div>
   <div class='ocr_carea' id='block_1_91' title="bbox 1899 3292 3444 3366">
    <p class='ocr_par' dir='ltr' id='par_1_91' title="bbox 1899 3292 3444 3366">
     <span class='ocr_line' id='line_1_91' title="bbox 1899 3292 3444 3366; baseline -0.005 -16"><span class='ocrx_word' id='word_1_662' title='bbox 1899 3309 1956 3350; x_wconf 93' lang='lat' dir='ltr'><strong>ut</strong></span> <span class='ocrx_word' id='word_1_663' title='bbox 1986 3300 2146 3353; x_wconf 89' lang='lat' dir='ltr'><strong>tertio</strong></span> <span class='ocrx_word' id='word_1_664' title='bbox 2178 3299 2332 3363; x_wconf 91' lang='lat' dir='ltr'><strong>libro,</strong></span> <span class='ocrx_word' id='word_1_665' title='bbox 2382 3299 2534 3353; x_wconf 92' lang='lat' dir='ltr'><strong>titulo</strong></span> <span class='ocrx_word' id='word_1_666' title='bbox 2577 3300 2775 3366; x_wconf 84' lang='lat' dir='ltr'><strong>primo,</strong></span> <span class='ocrx_word' id='word_1_667' title='bbox 2809 3296 2985 3365; x_wconf 88' lang='lat' dir='ltr'><strong>capite</strong></span> <span class='ocrx_word' id='word_1_668' title='bbox 3032 3292 3444 3362; x_wconf 85' lang='lat' dir='ltr'><strong>quadragesimo</strong></span> 
     </span>
    </p>
   </div>
   <div class='ocr_carea' id='block_1_92' title="bbox 1896 3379 3444 3459">
    <p class='ocr_par' dir='ltr' id='par_1_92' title="bbox 1896 3379 3444 3459">
     <span class='ocr_line' id='line_1_92' title="bbox 1896 3379 3444 3459; baseline -0.007 -16"><span class='ocrx_word' id='word_1_669' title='bbox 1896 3400 2111 3459; x_wconf 89' lang='lat' dir='ltr'><strong>quarto,</strong></span> <span class='ocrx_word' id='word_1_670' title='bbox 2148 3400 2201 3444; x_wconf 91' lang='lat' dir='ltr'>et</span> <span class='ocrx_word' id='word_1_671' title='bbox 2232 3390 2370 3445; x_wconf 92' lang='lat' dir='ltr'><strong>libro</strong></span> <span class='ocrx_word' id='word_1_672' title='bbox 2421 3404 2563 3444; x_wconf 92' lang='lat' dir='ltr'><strong>nono</strong></span> <span class='ocrx_word' id='word_1_673' title='bbox 2607 3387 2957 3442; x_wconf 77' lang='lat' dir='ltr'><strong>Basilicarum</strong></span> <span class='ocrx_word' id='word_1_674' title='bbox 2985 3384 3165 3439; x_wconf 84' lang='lat' dir='ltr'><strong>videre</strong></span> <span class='ocrx_word' id='word_1_675' title='bbox 3204 3392 3308 3437; x_wconf 91' lang='lat' dir='ltr'><strong>est.</strong></span> <span class='ocrx_word' id='word_1_676' title='bbox 3347 3379 3444 3434; x_wconf 84' lang='lat' dir='ltr'><strong>llis</strong></span> 
     </span>
    </p>
   </div>
   <div class='ocr_carea' id='block_1_93' title="bbox 1899 3480 3444 3550">
    <p class='ocr_par' dir='ltr' id='par_1_93' title="bbox 1899 3480 3444 3550">
     <span class='ocr_line' id='line_1_93' title="bbox 1899 3480 3444 3550; baseline -0.007 -16"><span class='ocrx_word' id='word_1_677' title='bbox 1899 3480 2184 3544; x_wconf 81' lang='lat' dir='ltr'><strong>absolutis,</strong></span> <span class='ocrx_word' id='word_1_678' title='bbox 2217 3481 2282 3535; x_wconf 91' lang='lat' dir='ltr'>de</span> <span class='ocrx_word' id='word_1_679' title='bbox 2319 3480 2441 3533; x_wconf 77' lang='lat' dir='ltr'><strong>[iliis</strong></span> <span class='ocrx_word' id='word_1_680' title='bbox 2476 3480 2939 3550; x_wconf 70' lang='lat' dir='ltr'><strong>presbyterorum,</strong></span> <span class='ocrx_word' id='word_1_681' title='bbox 2974 3488 3041 3528; x_wconf 91' lang='lat' dir='ltr'>ne</span> <span class='ocrx_word' id='word_1_682' title='bbox 3100 3482 3193 3526; x_wconf 86' lang='lat' dir='ltr'><strong>aut</strong></span> <span class='ocrx_word' id='word_1_683' title='bbox 3235 3480 3444 3541; x_wconf 88' lang='lat' dir='ltr'><strong>specta-</strong></span> 
     </span>
    </p>
   </div>
   <div class='ocr_carea' id='block_1_94' title="bbox 1900 3561 3449 3638">
    <p class='ocr_par' dir='ltr' id='par_1_94' title="bbox 1900 3561 3449 3638">
     <span class='ocr_line' id='line_1_94' title="bbox 1900 3561 3449 3638; baseline -0.008 -15"><span class='ocrx_word' id='word_1_684' title='bbox 1900 3570 2022 3623; x_wconf 82' lang='lat' dir='ltr'><strong>cula</strong></span> <span class='ocrx_word' id='word_1_685' title='bbox 2052 3569 2185 3637; x_wconf 78' lang='lat' dir='ltr'><strong>ipsis</strong></span> <span class='ocrx_word' id='word_1_686' title='bbox 2232 3568 2495 3624; x_wconf 80' lang='lat' dir='ltr'><strong>exhibere</strong></span> <span class='ocrx_word' id='word_1_687' title='bbox 2540 3578 2633 3623; x_wconf 88' lang='lat' dir='ltr'>aut</span> <span class='ocrx_word' id='word_1_688' title='bbox 2682 3583 2802 3638; x_wconf 69' lang='lat' dir='ltr'><strong>quas</strong></span> <span class='ocrx_word' id='word_1_689' title='bbox 2850 3568 2916 3621; x_wconf 82' lang='lat' dir='ltr'>ab</span> <span class='ocrx_word' id='word_1_690' title='bbox 2966 3566 3085 3619; x_wconf 84' lang='lat' dir='ltr'><strong>aliis</strong></span> <span class='ocrx_word' id='word_1_691' title='bbox 3130 3561 3449 3617; x_wconf 83' lang='lat' dir='ltr'><strong>exhibentur</strong></span> 
     </span>
    </p>
   </div>
   <div class='ocr_carea' id='block_1_95' title="bbox 1899 3653 3443 3727">
    <p class='ocr_par' dir='ltr' id='par_1_95' title="bbox 1899 3653 3443 3727">
     <span class='ocr_line' id='line_1_95' title="bbox 1899 3653 3443 3727; baseline -0.002 -15"><span class='ocrx_word' id='word_1_692' title='bbox 1899 3669 2149 3727; x_wconf 84' lang='lat' dir='ltr'><strong>spectare</strong></span> <span class='ocrx_word' id='word_1_693' title='bbox 2175 3662 2358 3724; x_wconf 87' lang='lat' dir='ltr'><strong>liceat,</strong></span> <span class='ocrx_word' id='word_1_694' title='bbox 2385 3675 2560 3715; x_wconf 90' lang='lat' dir='ltr'><strong>canon</strong></span> <span class='ocrx_word' id='word_1_695' title='bbox 2589 3661 2853 3715; x_wconf 88' lang='lat' dir='ltr'><strong>decernit.</strong></span> <span class='ocrx_word' id='word_1_696' title='bbox 2887 3656 2979 3711; x_wconf 80' lang='lat' dir='ltr'><strong>Est</strong></span> <span class='ocrx_word' id='word_1_697' title='bbox 3012 3671 3138 3710; x_wconf 90' lang='lat' dir='ltr'><strong>vero</strong></span> <span class='ocrx_word' id='word_1_698' title='bbox 3165 3655 3265 3710; x_wconf 87' lang='lat' dir='ltr'>hoc</span> <span class='ocrx_word' id='word_1_699' title='bbox 3304 3653 3443 3720; x_wconf 82' lang='lat' dir='ltr'><strong>quod</strong></span> 
     </span>
    </p>
   </div>
   <div class='ocr_carea' id='block_1_96' title="bbox 1898 3743 3448 3819">
    <p class='ocr_par' dir='ltr' id='par_1_96' title="bbox 1898 3743 3448 3819">
     <span class='ocr_line' id='line_1_96' title="bbox 1898 3743 3448 3819; baseline -0.005 -16"><span class='ocrx_word' id='word_1_700' title='bbox 1898 3750 2096 3805; x_wconf 89' lang='lat' dir='ltr'><strong>dicitur</strong></span> <span class='ocrx_word' id='word_1_701' title='bbox 2123 3752 2189 3805; x_wconf 90' lang='lat' dir='ltr'>de</span> <span class='ocrx_word' id='word_1_702' title='bbox 2222 3751 2546 3819; x_wconf 89' lang='lat' dir='ltr'><strong>spectaculis</strong></span> <span class='ocrx_word' id='word_1_703' title='bbox 2595 3750 2912 3803; x_wconf 84' lang='lat' dir='ltr'><strong>exhibendis</strong></span> <span class='ocrx_word' id='word_1_704' title='bbox 2941 3744 3203 3815; x_wconf 83' lang='lat' dir='ltr'><strong>ejusmodi</strong></span> <span class='ocrx_word' id='word_1_705' title='bbox 3235 3760 3249 3797; x_wconf 92' lang='lat'><strong>:</strong></span> <span class='ocrx_word' id='word_1_706' title='bbox 3302 3743 3448 3796; x_wconf 82' lang='lat' dir='ltr'><strong>luere</strong></span> 
     </span>
    </p>
   </div>
   <div class='ocr_carea' id='block_1_97' title="bbox 1897 3836 3445 3913">
    <p class='ocr_par' dir='ltr' id='par_1_97' title="bbox 1897 3836 3445 3913">
     <span class='ocr_line' id='line_1_97' title="bbox 1897 3836 3445 3913; baseline -0.008 -16"><span class='ocrx_word' id='word_1_707' title='bbox 1897 3843 2159 3913; x_wconf 85' lang='lat' dir='ltr'><strong>siquidem</strong></span> <span class='ocrx_word' id='word_1_708' title='bbox 2212 3843 2267 3896; x_wconf 91' lang='lat' dir='ltr'><strong>in</strong></span> <span class='ocrx_word' id='word_1_709' title='bbox 2320 3844 2530 3912; x_wconf 84' lang='lat' dir='ltr'><strong>magnis</strong></span> <span class='ocrx_word' id='word_1_710' title='bbox 2584 3841 2808 3896; x_wconf 87' lang='lat' dir='ltr'><strong>urbibus</strong></span> <span class='ocrx_word' id='word_1_711' title='bbox 2860 3839 3099 3902; x_wconf 87' lang='lat' dir='ltr'><strong>theatra,</strong></span> <span class='ocrx_word' id='word_1_712' title='bbox 3151 3846 3260 3889; x_wconf 92' lang='lat' dir='ltr'>tum</span> <span class='ocrx_word' id='word_1_713' title='bbox 3322 3836 3445 3901; x_wconf 86' lang='lat' dir='ltr'><strong>equi</strong></span> 
     </span>
    </p>
   </div>
   <div class='ocr_carea' id='block_1_98' title="bbox 1897 3927 3445 4002">
    <p class='ocr_par' dir='ltr' id='par_1_98' title="bbox 1897 3927 3445 4002">
     <span class='ocr_line' id='line_1_98' title="bbox 1897 3927 3445 4002; baseline -0.008 -14"><span class='ocrx_word' id='word_1_714' title='bbox 1897 3947 2110 4002; x_wconf 87' lang='lat' dir='ltr'><strong>quoque</strong></span> <span class='ocrx_word' id='word_1_715' title='bbox 2134 3933 2200 3986; x_wconf 89' lang='lat' dir='ltr'>ad</span> <span class='ocrx_word' id='word_1_716' title='bbox 2226 3935 2523 3988; x_wconf 89' lang='lat' dir='ltr'><strong>certamina</strong></span> <span class='ocrx_word' id='word_1_717' title='bbox 2557 3931 2849 3999; x_wconf 68' lang='lat' dir='ltr'><strong>bestiaeque</strong></span> <span class='ocrx_word' id='word_1_718' title='bbox 2876 3930 2941 3984; x_wconf 88' lang='lat' dir='ltr'>ad</span> <span class='ocrx_word' id='word_1_719' title='bbox 2970 3941 3201 3998; x_wconf 82' lang='lat' dir='ltr'><strong>pugnam</strong></span> <span class='ocrx_word' id='word_1_720' title='bbox 3232 3927 3445 3980; x_wconf 87' lang='lat' dir='ltr'><strong>aleban-</strong></span> 
     </span>
    </p>
   </div>
   <div class='ocr_carea' id='block_1_99' title="bbox 1900 4016 3450 4092">
    <p class='ocr_par' dir='ltr' id='par_1_99' title="bbox 1900 4016 3450 4092">
     <span class='ocr_line' id='line_1_99' title="bbox 1900 4016 3450 4092; baseline -0.007 -14"><span class='ocrx_word' id='word_1_721' title='bbox 1900 4034 2006 4085; x_wconf 88' lang='lat' dir='ltr'><strong>tur.</strong></span> <span class='ocrx_word' id='word_1_722' title='bbox 2040 4039 2234 4092; x_wconf 87' lang='lat' dir='ltr'><strong>eaque,</strong></span> <span class='ocrx_word' id='word_1_723' title='bbox 2266 4033 2378 4077; x_wconf 91' lang='lat' dir='ltr'><strong>tum</strong></span> <span class='ocrx_word' id='word_1_724' title='bbox 2408 4038 2673 4092; x_wconf 91' lang='lat' dir='ltr'><strong>equorum</strong></span> <span class='ocrx_word' id='word_1_725' title='bbox 2725 4036 2788 4076; x_wconf 89' lang='lat' dir='ltr'>ac</span> <span class='ocrx_word' id='word_1_726' title='bbox 2816 4020 3136 4083; x_wconf 88' lang='lat' dir='ltr'><strong>bestiarum,</strong></span> <span class='ocrx_word' id='word_1_727' title='bbox 3176 4026 3286 4070; x_wconf 88' lang='lat' dir='ltr'><strong>tum</strong></span> <span class='ocrx_word' id='word_1_728' title='bbox 3326 4016 3450 4069; x_wconf 87' lang='lat' dir='ltr'><strong>reli-</strong></span> 
     </span>
    </p>
   </div>
   <div class='ocr_carea' id='block_1_100' title="bbox 1898 4106 3449 4182">
    <p class='ocr_par' dir='ltr' id='par_1_100' title="bbox 1898 4106 3449 4182">
     <span class='ocr_line' id='line_1_100' title="bbox 1898 4106 3449 4182; baseline -0.005 -17"><span class='ocrx_word' id='word_1_729' title='bbox 1898 4126 2127 4182; x_wconf 89' lang='lat' dir='ltr'><strong>quorum</strong></span> <span class='ocrx_word' id='word_1_730' title='bbox 2160 4113 2617 4182; x_wconf 87' lang='lat' dir='ltr'><strong>spectaculorum,</strong></span> <span class='ocrx_word' id='word_1_731' title='bbox 2652 4125 2773 4179; x_wconf 65' lang='lat' dir='ltr'><strong>quas</strong></span> <span class='ocrx_word' id='word_1_732' title='bbox 2808 4111 2861 4163; x_wconf 93' lang='lat' dir='ltr'><strong>in</strong></span> <span class='ocrx_word' id='word_1_733' title='bbox 2894 4109 3119 4163; x_wconf 85' lang='lat' dir='ltr'><strong>theatris</strong></span> <span class='ocrx_word' id='word_1_734' title='bbox 3152 4106 3449 4161; x_wconf 79' lang='lat' dir='ltr'><strong>exhibenda</strong></span> 
     </span>
    </p>
   </div>
   <div class='ocr_carea' id='block_1_101' title="bbox 1900 4202 3447 4270">
    <p class='ocr_par' dir='ltr' id='par_1_101' title="bbox 1900 4202 3447 4270">
     <span class='ocr_line' id='line_1_101' title="bbox 1900 4202 3447 4270; baseline -0.005 -12"><span class='ocrx_word' id='word_1_735' title='bbox 1900 4205 2095 4270; x_wconf 81' lang='lat' dir='ltr'><strong>forent,</strong></span> <span class='ocrx_word' id='word_1_736' title='bbox 2131 4208 2343 4259; x_wconf 86' lang='lat' dir='ltr'><strong>curatio</strong></span> <span class='ocrx_word' id='word_1_737' title='bbox 2370 4204 2640 4257; x_wconf 88' lang='lat' dir='ltr'><strong>nonnullis</strong></span> <span class='ocrx_word' id='word_1_738' title='bbox 2668 4219 2733 4258; x_wconf 81' lang='lat' dir='ltr'><strong>ex</strong></span> <span class='ocrx_word' id='word_1_739' title='bbox 2780 4202 2977 4256; x_wconf 89' lang='lat' dir='ltr'><strong>civium</strong></span> <span class='ocrx_word' id='word_1_740' title='bbox 3027 4213 3255 4255; x_wconf 91' lang='lat' dir='ltr'><strong>numero</strong></span> <span class='ocrx_word' id='word_1_741' title='bbox 3300 4213 3447 4253; x_wconf 85' lang='lat' dir='ltr'><strong>com-</strong></span> 
     </span>
    </p>
   </div>
   <div class='ocr_carea' id='block_1_102' title="bbox 1899 4292 3449 4365">
    <p class='ocr_par' dir='ltr' id='par_1_102' title="bbox 1899 4292 3449 4365">
     <span class='ocr_line' id='line_1_102' title="bbox 1899 4292 3449 4365; baseline -0.005 -14"><span class='ocrx_word' id='word_1_742' title='bbox 1899 4297 2228 4360; x_wconf 86' lang='lat' dir='ltr'><strong>mittebatur,</strong></span> <span class='ocrx_word' id='word_1_743' title='bbox 2253 4297 2471 4365; x_wconf 87' lang='lat' dir='ltr'><strong>quihus.</strong></span> <span class='ocrx_word' id='word_1_744' title='bbox 2496 4305 2550 4350; x_wconf 92' lang='lat' dir='ltr'><strong>et</strong></span> <span class='ocrx_word' id='word_1_745' title='bbox 2580 4304 2831 4363; x_wconf 89' lang='lat' dir='ltr'><strong>equestre</strong></span> <span class='ocrx_word' id='word_1_746' title='bbox 2861 4301 3153 4355; x_wconf 85' lang='lat' dir='ltr'><strong>certamen,</strong></span> <span class='ocrx_word' id='word_1_747' title='bbox 3170 4300 3224 4345; x_wconf 90' lang='lat' dir='ltr'><strong>et</strong></span> <span class='ocrx_word' id='word_1_748' title='bbox 3248 4292 3415 4344; x_wconf 86' lang='lat' dir='ltr'><strong>bestia</strong></span> <span class='ocrx_word' id='word_1_749' title='bbox 3434 4320 3449 4332; x_wconf 89' lang='lat'><strong>-</strong></span> 
     </span>
    </p>
   </div>
   <div class='ocr_carea' id='block_1_103' title="bbox 1900 4380 3458 4459">
    <p class='ocr_par' dir='ltr' id='par_1_103' title="bbox 1900 4380 3458 4459">
     <span class='ocr_line' id='line_1_103' title="bbox 1900 4380 3458 4459; baseline -0.005 -18"><span class='ocrx_word' id='word_1_750' title='bbox 1900 4402 2017 4442; x_wconf 89' lang='lat' dir='ltr'>rum</span> <span class='ocrx_word' id='word_1_751' title='bbox 2072 4395 2352 4459; x_wconf 89' lang='lat' dir='ltr'><strong>pugna,et</strong></span> <span class='ocrx_word' id='word_1_752' title='bbox 2396 4398 2729 4456; x_wconf 68' lang='lat' dir='ltr'><strong>quascunque</strong></span> <span class='ocrx_word' id='word_1_753' title='bbox 2784 4384 2885 4437; x_wconf 84' lang='lat' dir='ltr'><strong>alia</strong></span> <span class='ocrx_word' id='word_1_754' title='bbox 2908 4382 2961 4436; x_wconf 92' lang='lat' dir='ltr'><strong>in</strong></span> <span class='ocrx_word' id='word_1_755' title='bbox 2986 4382 3207 4435; x_wconf 85' lang='lat' dir='ltr'><strong>theatris</strong></span> <span class='ocrx_word' id='word_1_756' title='bbox 3226 4380 3458 4449; x_wconf 71' lang='lat' dir='ltr'><strong>prteberi</strong></span> 
     </span>
    </p>
   </div>
   <div class='ocr_carea' id='block_1_104' title="bbox 1899 4472 3449 4544">
    <p class='ocr_par' dir='ltr' id='par_1_104' title="bbox 1899 4472 3449 4544">
     <span class='ocr_line' id='line_1_104' title="bbox 1899 4472 3449 4544; baseline -0.005 -12"><span class='ocrx_word' id='word_1_757' title='bbox 1899 4479 2080 4544; x_wconf 87' lang='lat' dir='ltr'><strong>solita,</strong></span> <span class='ocrx_word' id='word_1_758' title='bbox 2110 4493 2255 4533; x_wconf 66' lang='lat' dir='ltr'><strong>cura</strong></span> <span class='ocrx_word' id='word_1_759' title='bbox 2284 4478 2457 4532; x_wconf 78' lang='lat' dir='ltr'><strong>fuere.</strong></span> <span class='ocrx_word' id='word_1_760' title='bbox 2504 4476 2703 4531; x_wconf 79' lang='lat' dir='ltr'><strong>Rerum</strong></span> <span class='ocrx_word' id='word_1_761' title='bbox 2735 4474 2896 4542; x_wconf 86' lang='lat' dir='ltr'><strong>igitur</strong></span> <span class='ocrx_word' id='word_1_762' title='bbox 2939 4472 3242 4540; x_wconf 76' lang='lat' dir='ltr'><strong>huiusmodi</strong></span> <span class='ocrx_word' id='word_1_763' title='bbox 3287 4480 3449 4525; x_wconf 76' lang='lat' dir='ltr'><strong>cura-</strong></span> 
     </span>
    </p>
   </div>
   <div class='ocr_carea' id='block_1_105' title="bbox 1900 4563 3445 4623">
    <p class='ocr_par' dir='ltr' id='par_1_105' title="bbox 1900 4563 3445 4623">
     <span class='ocr_line' id='line_1_105' title="bbox 1900 4563 3445 4623; baseline -0.003 -4"><span class='ocrx_word' id='word_1_764' title='bbox 1900 4578 2045 4623; x_wconf 86' lang='lat' dir='ltr'><strong>tores</strong></span> <span class='ocrx_word' id='word_1_765' title='bbox 2114 4582 2233 4622; x_wconf 86' lang='lat' dir='ltr'><strong>esse</strong></span> <span class='ocrx_word' id='word_1_766' title='bbox 2290 4567 2630 4622; x_wconf 89' lang='lat' dir='ltr'><strong>sacerdotum</strong></span> <span class='ocrx_word' id='word_1_767' title='bbox 2700 4565 2837 4619; x_wconf 85' lang='lat' dir='ltr'><strong>lilios</strong></span> <span class='ocrx_word' id='word_1_768' title='bbox 2900 4563 2987 4617; x_wconf 88' lang='lat' dir='ltr'>hic</span> <span class='ocrx_word' id='word_1_769' title='bbox 3050 4576 3222 4615; x_wconf 85' lang='lat' dir='ltr'><strong>canon</strong></span> <span class='ocrx_word' id='word_1_770' title='bbox 3278 4572 3445 4614; x_wconf 86' lang='lat' dir='ltr'><strong>vetat.</strong></span> 
     </span>
    </p>
   </div>
   <div class='ocr_carea' id='block_1_106' title="bbox 1900 4652 3450 4719">
    <p class='ocr_par' dir='ltr' id='par_1_106' title="bbox 1900 4652 3450 4719">
     <span class='ocr_line' id='line_1_106' title="bbox 1900 4652 3450 4719; baseline -0.006 -6"><span class='ocrx_word' id='word_1_771' title='bbox 1900 4658 2226 4713; x_wconf 86' lang='lat' dir='ltr'><strong>Sacerdotes</strong></span> <span class='ocrx_word' id='word_1_772' title='bbox 2278 4659 2421 4712; x_wconf 93' lang='lat' dir='ltr'><strong>enim</strong></span> <span class='ocrx_word' id='word_1_773' title='bbox 2476 4657 2614 4711; x_wconf 89' lang='lat' dir='ltr'><strong>lilios</strong></span> <span class='ocrx_word' id='word_1_774' title='bbox 2661 4669 2789 4710; x_wconf 88' lang='lat' dir='ltr'><strong>suos</strong></span> <span class='ocrx_word' id='word_1_775' title='bbox 2844 4655 2897 4707; x_wconf 94' lang='lat' dir='ltr'>in</span> <span class='ocrx_word' id='word_1_776' title='bbox 2954 4654 3193 4707; x_wconf 88' lang='lat' dir='ltr'><strong>doctrina</strong></span> <span class='ocrx_word' id='word_1_777' title='bbox 3245 4666 3307 4705; x_wconf 93' lang='lat' dir='ltr'>ac</span> <span class='ocrx_word' id='word_1_778' title='bbox 3337 4652 3450 4719; x_wconf 85' lang='lat' dir='ltr'><strong>lege</strong></span> 
     </span>
    </p>
   </div>
   <div class='ocr_carea' id='block_1_107' title="bbox 1897 4738 3447 4810">
    <p class='ocr_par' dir='ltr' id='par_1_107' title="bbox 1897 4738 3447 4810">
     <span class='ocr_line' id='line_1_107' title="bbox 1897 4738 3447 4810; baseline -0.006 -9"><span class='ocrx_word' id='word_1_779' title='bbox 1897 4747 2109 4801; x_wconf 87' lang='lat' dir='ltr'><strong>Domini</strong></span> <span class='ocrx_word' id='word_1_780' title='bbox 2139 4747 2424 4801; x_wconf 86' lang='lat' dir='ltr'><strong>instituere</strong></span> <span class='ocrx_word' id='word_1_781' title='bbox 2452 4745 2667 4810; x_wconf 83' lang='lat' dir='ltr'><strong>debent,</strong></span> <span class='ocrx_word' id='word_1_782' title='bbox 2699 4752 2757 4797; x_wconf 94' lang='lat' dir='ltr'><strong>ut</strong></span> <span class='ocrx_word' id='word_1_783' title='bbox 2789 4753 2874 4797; x_wconf 89' lang='lat' dir='ltr'>est</span> <span class='ocrx_word' id='word_1_784' title='bbox 2918 4743 3055 4809; x_wconf 87' lang='lat' dir='ltr'><strong>apud</strong></span> <span class='ocrx_word' id='word_1_785' title='bbox 3100 4743 3279 4793; x_wconf 89' lang='lat' dir='ltr'><strong>divum</strong></span> <span class='ocrx_word' id='word_1_786' title='bbox 3310 4738 3447 4793; x_wconf 86' lang='lat' dir='ltr'><strong>Pau-</strong></span> 
     </span>
    </p>
   </div>
   <div class='ocr_carea' id='block_1_108' title="bbox 1899 4832 3448 4905">
    <p class='ocr_par' dir='ltr' id='par_1_108' title="bbox 1899 4832 3448 4905">
     <span class='ocr_line' id='line_1_108' title="bbox 1899 4832 3448 4905; baseline -0.006 -14"><span class='ocrx_word' id='word_1_787' title='bbox 1899 4838 2030 4903; x_wconf 89' lang='lat' dir='ltr'><strong>lum,</strong></span> <span class='ocrx_word' id='word_1_788' title='bbox 2083 4838 2175 4905; x_wconf 95' lang='lat' dir='ltr'>qui</span> <span class='ocrx_word' id='word_1_789' title='bbox 2222 4836 2382 4891; x_wconf 89' lang='lat' dir='ltr'><strong>etiam</strong></span> <span class='ocrx_word' id='word_1_790' title='bbox 2435 4836 2674 4904; x_wconf 82' lang='lat' dir='ltr'><strong>Epistola</strong></span> <span class='ocrx_word' id='word_1_791' title='bbox 2709 4834 2775 4889; x_wconf 86' lang='lat' dir='ltr'>ad</span> <span class='ocrx_word' id='word_1_792' title='bbox 2824 4832 3026 4896; x_wconf 87' lang='lat' dir='ltr'><strong>Titum,</strong></span> <span class='ocrx_word' id='word_1_793' title='bbox 3081 4833 3203 4886; x_wconf 86' lang='lat' dir='ltr'>dum</span> <span class='ocrx_word' id='word_1_794' title='bbox 3239 4845 3448 4891; x_wconf 87' lang='lat' dir='ltr'><strong>eorum,</strong></span> 
     </span>
    </p>
   </div>
   <div class='ocr_carea' id='block_1_109' title="bbox 1896 4922 3446 4997">
    <p class='ocr_par' dir='ltr' id='par_1_109' title="bbox 1896 4922 3446 4997">
     <span class='ocr_line' id='line_1_109' title="bbox 1896 4922 3446 4997; baseline -0.006 -16"><span class='ocrx_word' id='word_1_795' title='bbox 1896 4929 1986 4997; x_wconf 89' lang='lat' dir='ltr'><strong>qui</strong></span> <span class='ocrx_word' id='word_1_796' title='bbox 2019 4926 2327 4981; x_wconf 84' lang='lat' dir='ltr'><strong>sacerdotes</strong></span> <span class='ocrx_word' id='word_1_797' title='bbox 2351 4927 2570 4981; x_wconf 84' lang='lat' dir='ltr'><strong>crean‘di</strong></span> <span class='ocrx_word' id='word_1_798' title='bbox 2591 4934 2736 4988; x_wconf 89' lang='lat' dir='ltr'><strong>sunt,</strong></span> <span class='ocrx_word' id='word_1_799' title='bbox 2756 4923 3089 4979; x_wconf 87' lang='lat' dir='ltr'><strong>conditiones</strong></span> <span class='ocrx_word' id='word_1_800' title='bbox 3116 4922 3446 4989; x_wconf 81' lang='lat' dir='ltr'><strong>exsequitur,</strong></span> 
     </span>
    </p>
   </div>
   <div class='ocr_carea' id='block_1_110' title="bbox 1896 5013 3447 5086">
    <p class='ocr_par' dir='ltr' id='par_1_110' title="bbox 1896 5013 3447 5086">
     <span class='ocr_line' id='line_1_110' title="bbox 1896 5013 3447 5086; baseline -0.006 -13"><span class='ocrx_word' id='word_1_801' title='bbox 1896 5020 1965 5073; x_wconf 90' lang='lat' dir='ltr'>ad</span> <span class='ocrx_word' id='word_1_802' title='bbox 1998 5018 2103 5073; x_wconf 84' lang='lat' dir='ltr'><strong>alia</strong></span> <span class='ocrx_word' id='word_1_803' title='bbox 2129 5019 2233 5074; x_wconf 88' lang='lat' dir='ltr'>hoc</span> <span class='ocrx_word' id='word_1_804' title='bbox 2285 5032 2496 5086; x_wconf 88' lang='lat' dir='ltr'><strong>quoque</strong></span> <span class='ocrx_word' id='word_1_805' title='bbox 2546 5016 2785 5070; x_wconf 89' lang='lat' dir='ltr'><strong>addidit:</strong></span> <span class='ocrx_word' id='word_1_806' title='bbox 2821 5013 2881 5069; x_wconf 84' lang='lat' dir='ltr'><strong>Si</strong></span> <span class='ocrx_word' id='word_1_807' title='bbox 2937 5014 3053 5081; x_wconf 79' lang='lat' dir='ltr'><strong>quis</strong></span> <span class='ocrx_word' id='word_1_808' title='bbox 3110 5013 3248 5079; x_wconf 77' lang='lat' dir='ltr'><strong>ﬁlios</strong></span> <span class='ocrx_word' id='word_1_809' title='bbox 3297 5013 3447 5065; x_wconf 80' lang='lat' dir='ltr'><strong>habet</strong></span> 
     </span>
    </p>
   </div>
   <div class='ocr_carea' id='block_1_111' title="bbox 1896 5104 3446 5176">
    <p class='ocr_par' dir='ltr' id='par_1_111' title="bbox 1896 5104 3446 5176">
     <span class='ocr_line' id='line_1_111' title="bbox 1896 5104 3446 5176; baseline -0.005 -14"><span class='ocrx_word' id='word_1_810' title='bbox 1896 5110 2099 5176; x_wconf 81' lang='lat' dir='ltr'><strong>ﬁdeles,</strong></span> <span class='ocrx_word' id='word_1_811' title='bbox 2146 5109 2333 5163; x_wconf 81' lang='lat' dir='ltr'><strong>nonin</strong></span> <span class='ocrx_word' id='word_1_812' title='bbox 2386 5109 2713 5162; x_wconf 81' lang='lat' dir='ltr'><strong>accusatione</strong></span> <span class='ocrx_word' id='word_1_813' title='bbox 2773 5105 3019 5167; x_wconf 65' lang='lat' dir='ltr'><strong>luxurias,</strong></span> <span class='ocrx_word' id='word_1_814' title='bbox 3068 5114 3159 5156; x_wconf 82' lang='lat' dir='ltr'><strong>aut</strong></span> <span class='ocrx_word' id='word_1_815' title='bbox 3213 5104 3446 5155; x_wconf 81' lang='lat' dir='ltr'><strong>immori-</strong></span> 
     </span>
    </p>
   </div>
   <div class='ocr_carea' id='block_1_112' title="bbox 1902 5192 3447 5268">
    <p class='ocr_par' dir='ltr' id='par_1_112' title="bbox 1902 5192 3447 5268">
     <span class='ocr_line' id='line_1_112' title="bbox 1902 5192 3447 5268; baseline -0.005 -16"><span class='ocrx_word' id='word_1_816' title='bbox 1902 5200 2136 5268; x_wconf 83' lang='lat' dir='ltr'><strong>geros&quot;.</strong></span> <span class='ocrx_word' id='word_1_817' title='bbox 2172 5198 2236 5251; x_wconf 79' lang='lat' dir='ltr'>Et</span> <span class='ocrx_word' id='word_1_818' title='bbox 2264 5198 2509 5268; x_wconf 82' lang='lat' dir='ltr'><strong>Epistola</strong></span> <span class='ocrx_word' id='word_1_819' title='bbox 2540 5197 2607 5250; x_wconf 91' lang='lat' dir='ltr'>ad</span> <span class='ocrx_word' id='word_1_820' title='bbox 2639 5194 3004 5257; x_wconf 86' lang='lat' dir='ltr'><strong>Timotheum,</strong></span> <span class='ocrx_word' id='word_1_821' title='bbox 3038 5193 3159 5246; x_wconf 87' lang='lat' dir='ltr'>dum</span> <span class='ocrx_word' id='word_1_822' title='bbox 3189 5208 3335 5256; x_wconf 90' lang='lat' dir='ltr'><strong>eum,</strong></span> <span class='ocrx_word' id='word_1_823' title='bbox 3357 5192 3447 5260; x_wconf 91' lang='lat' dir='ltr'><strong>qni</strong></span> 
     </span>
    </p>
   </div>
   <div class='ocr_carea' id='block_1_113' title="bbox 1896 5282 3446 5353">
    <p class='ocr_par' dir='ltr' id='par_1_113' title="bbox 1896 5282 3446 5353">
     <span class='ocr_line' id='line_1_113' title="bbox 1896 5282 3446 5353; baseline -0.006 -12"><span class='ocrx_word' id='word_1_824' title='bbox 1896 5286 2263 5353; x_wconf 88' lang='lat' dir='ltr'><strong>episcopatum</strong></span> <span class='ocrx_word' id='word_1_825' title='bbox 2309 5284 2602 5345; x_wconf 87' lang='lat' dir='ltr'><strong>desiderat,</strong></span> <span class='ocrx_word' id='word_1_826' title='bbox 2646 5283 2860 5351; x_wconf 85' lang='lat' dir='ltr'><strong>qualem</strong></span> <span class='ocrx_word' id='word_1_827' title='bbox 2908 5291 3150 5349; x_wconf 88' lang='lat' dir='ltr'><strong>oporteat</strong></span> <span class='ocrx_word' id='word_1_828' title='bbox 3190 5294 3309 5335; x_wconf 88' lang='lat' dir='ltr'><strong>esse</strong></span> <span class='ocrx_word' id='word_1_829' title='bbox 3355 5282 3446 5331; x_wconf 85' lang='lat' dir='ltr'><strong>de-</strong></span> 
     </span>
    </p>
   </div>
   <div class='ocr_carea' id='block_1_114' title="bbox 1899 5366 3446 5441">
    <p class='ocr_par' dir='ltr' id='par_1_114' title="bbox 1899 5366 3446 5441">
     <span class='ocr_line' id='line_1_114' title="bbox 1899 5366 3446 5441; baseline -0.006 -14"><span class='ocrx_word' id='word_1_830' title='bbox 1899 5372 2107 5436; x_wconf 89' lang='lat' dir='ltr'><strong>scribit,</strong></span> <span class='ocrx_word' id='word_1_831' title='bbox 2159 5380 2353 5441; x_wconf 68' lang='lat' dir='ltr'><strong>preter</strong></span> <span class='ocrx_word' id='word_1_832' title='bbox 2405 5379 2597 5425; x_wconf 65' lang='lat' dir='ltr'><strong>cetera</strong></span> <span class='ocrx_word' id='word_1_833' title='bbox 2653 5371 2705 5423; x_wconf 93' lang='lat' dir='ltr'><strong>id</strong></span> <span class='ocrx_word' id='word_1_834' title='bbox 2767 5369 2927 5421; x_wconf 87' lang='lat' dir='ltr'><strong>etiam</strong></span> <span class='ocrx_word' id='word_1_835' title='bbox 2970 5367 3254 5435; x_wconf 86' lang='lat' dir='ltr'><strong>apposuit,</strong></span> <span class='ocrx_word' id='word_1_836' title='bbox 3313 5366 3446 5419; x_wconf 89' lang='lat' dir='ltr'><strong>lilios</strong></span> 
     </span>
    </p>
   </div>
   <div class='ocr_carea' id='block_1_115' title="bbox 1900 5456 3444 5519">
    <p class='ocr_par' dir='ltr' id='par_1_115' title="bbox 1900 5456 3444 5519">
     <span class='ocr_line' id='line_1_115' title="bbox 1900 5456 3444 5519; baseline -0.006 -1"><span class='ocrx_word' id='word_1_837' title='bbox 1900 5463 2185 5518; x_wconf 88' lang='lat' dir='ltr'><strong>habentem</strong></span> <span class='ocrx_word' id='word_1_838' title='bbox 2216 5460 2458 5515; x_wconf 89' lang='lat' dir='ltr'><strong>subditos</strong></span> <span class='ocrx_word' id='word_1_839' title='bbox 2482 5474 2605 5513; x_wconf 88' lang='lat' dir='ltr'>cum</span> <span class='ocrx_word' id='word_1_840' title='bbox 2650 5459 2797 5513; x_wconf 89' lang='lat' dir='ltr'><strong>omni</strong></span> <span class='ocrx_word' id='word_1_841' title='bbox 2846 5458 3117 5511; x_wconf 84' lang='lat' dir='ltr'><strong>castitate.</strong></span> <span class='ocrx_word' id='word_1_842' title='bbox 3168 5456 3269 5519; x_wconf 86' lang='lat' dir='ltr'>Qui</span> <span class='ocrx_word' id='word_1_843' title='bbox 3319 5471 3444 5509; x_wconf 86' lang='lat' dir='ltr'><strong>vero</strong></span> 
     </span>
    </p>
   </div>
   <div class='ocr_carea' id='block_1_116' title="bbox 1901 5545 3443 5620">
    <p class='ocr_par' dir='ltr' id='par_1_116' title="bbox 1901 5545 3443 5620">
     <span class='ocr_line' id='line_1_116' title="bbox 1901 5545 3443 5620; baseline -0.006 -11"><span class='ocrx_word' id='word_1_844' title='bbox 1901 5554 2187 5609; x_wconf 87' lang='lat' dir='ltr'><strong>mimorum</strong></span> <span class='ocrx_word' id='word_1_845' title='bbox 2230 5564 2600 5619; x_wconf 91' lang='lat' dir='ltr'><strong>equorumque</strong></span> <span class='ocrx_word' id='word_1_846' title='bbox 2654 5548 3006 5620; x_wconf 85' lang='lat' dir='ltr'><strong>spectaculis,</strong></span> <span class='ocrx_word' id='word_1_847' title='bbox 3050 5545 3276 5615; x_wconf 81' lang='lat' dir='ltr'><strong>aliisque</strong></span> <span class='ocrx_word' id='word_1_848' title='bbox 3330 5548 3443 5599; x_wconf 82' lang='lat' dir='ltr'>hu~</span> 
     </span>
    </p>
   </div>
  </div>
