4214 6438
788 405 860 467 83
2030 418 2302 477 TIlEOD.
2352 418 2750 478 BALSAMON
3913 414 3983 475 84

777 511 1013 580 jusmodi
1050 516 1291 583 ludicris,
1320 532 1673 593 occupantur,
1705 539 1878 596 neque
1908 528 2335 596 intemperantia
2362 534 2407 591 Α
2437 551 2441 575 ι

2318 542 2335 581 3
2362 534 2407 591 Α
2437 529 2560 584 σθαι
2588 533 2842 584 ποιοῦντα
2896 532 3021 593 τοὺς
3048 531 3269 592 πιστοὺς
3298 529 3444 599 παρά
3471 529 3576 583 τῶν
3600 528 3866 594 ἀπίστων,
3890 522 3982 580 οἷα

784 603 986 658 crimen
1014 607 1288 678 eil‘ugient,
1316 626 1490 681 neque
1533 614 1858 683 integritatis
1907 626 1960 671 et
2004 619 2334 671 castimoniae
2442 638 2448 687 ι

1907 626 1960 671 et
2004 619 2334 671 castimonia
2442 619 2517 687 μὴ
2543 622 2600 672 ἐν
2632 621 2952 691 σωφροσύνῃ
2976 621 3184 683 ζῶντας
3209 621 3241 689 ἢ
3267 622 3549 689 σεμνότητι

779 698 1089 751 testimonio
1116 704 1653 761 commendabuntur.
1692 705 1800 762 Nec
1849 724 1978 764 vero
2034 711 2229 763 mirum
2282 710 2325 763 si
2364 707 2478 763 haec
2503 713 2625 762 vita:
2656 712 2906 778 degenda:
2933 712 3070 765 ratio
3109 726 3138 765 a
3186 711 3311 765 [iliis
3383 711 3721 764 sacerdotum
3787 709 3979 775 exiga-

779 797 907 844 tur:
944 802 1065 841 nam
1096 797 1150 842 et
1179 790 1501 850 Christianis
1564 797 1838 862 omnibus,
1896 813 1960 850 ne
2005 800 2070 851 ad
2156 813 2218 853 ea
2271 799 2385 852 loca
2439 798 2529 852 ubi
2558 798 2905 869 blasphemiae
2938 810 3063 854 sunt
3110 799 3367 854 accedere
3401 799 3577 858 liceat.
3636 797 3977 851 interdictum

776 878 900 931 fuit.
936 877 1287 945 Blasphcmia:
1316 898 1447 939 vero
1478 890 1694 941 nomine
1722 905 1804 952 ea,
1837 905 1956 956 quae
2003 890 2229 945 licenter
2258 904 2321 943 ac
2361 889 2720 945 inverecunde
2793 891 2947 955 ﬁunt,
2988 890 3332 961 signiﬁcavit.
3382 886 3461 943 οι)
3530 889 3621 942 illa
3670 889 3868 957 quippe
3921 888 3982 941 il-

774 972 940 1032 dcles,
982 987 1131 1040 quast
1182 980 1548 1042 temperantia:
1599 981 2033 1050 integritatisque
2080 990 2501 1051 contemptores,
2527 984 2594 1035 ab
2624 983 2929 1037 inﬁdelibus
2961 982 3398 1048 blasphemantur

773 1059 931 1130 535
958 1061 1184 1116 ARIST.
1213 1082 1231 1114 ι
1278 1064 1572 1136 EpiscOpus
1598 1070 1674 1123 vel
1694 1072 1941 1135 clericus,
1963 1087 2127 1127 causa
2145 1073 2326 1126 crimi-

848 1166 869 1199 ε
913 1149 1018 1203 nali
1042 1152 1089 1203 ei
1122 1153 1387 1215 instituta,
1423 1157 1493 1220 si,
1529 1158 1714 1213 relicta
1751 1161 2001 1225 ecclesia,
2035 1162 2098 1213 ad
2126 1160 2321 1227 judicia

838 1256 860 1291 ε
901 1240 1107 1307 publica
1122 1253 1387 1307 recurrat,
1403 1246 1565 1300 etiam
1587 1248 1772 1315 injuria
1786 1249 2030 1313 aﬂ'ectus,
2048 1250 2321 1318 proprium

849 1348 869 1381 ε
911 1334 1119 1386 amittet
1146 1334 1391 1402 gradum.
1431 1336 1486 1391 Si
1514 1353 1639 1393 vero
1672 1348 1725 1393 et
1774 1340 1957 1393 vicerit
1991 1341 2042 1393 in
2094 1340 2322 1409 negotiis

846 1436 866 1471 ι
910 1421 1164 1488 politicis,
1200 1425 1245 1476 si
1277 1424 1379 1478 hoc
1417 1437 1696 1495 sequatur,
1762 1430 2038 1497 proprium
2094 1429 2317 1498 gradmn

838 1527 857 1559 ε
896 1511 1126 1564 amittet.
1174 1512 1579 1571 Ecclesiasticos
1608 1527 1784 1571 autem
1810 1519 2036 1587 judices,
2067 1518 2168 1572 nisi
2200 1533 2321 1587 gra-

841 1617 860 1649 ε
904 1601 974 1653 tia
1000 1611 1093 1655 aut
1115 1604 1237 1656 odio
1260 1615 1414 1659 antea
1433 1606 1701 1674 iudicasse
1717 1608 2323 1676 convincantur,appel-

842 1704 863 1740 ε
912 1688 1039 1743 latio
1069 1690 1312 1747 instituta
1344 1710 1445 1748 non
1478 1698 1742 1765 propellit.
1774 1696 1829 1752 Si
1866 1707 2045 1766 partes
2074 1713 2201 1753 vero
2229 1696 2319 1764 ju-

843 1796 861 1829 ι
898 1778 1045 1833 dices
1072 1780 1354 1851 elegerint,
1382 1784 1451 1839 ab
1480 1787 1547 1841 lis
1569 1801 1637 1841 ne
1666 1788 1967 1844 discedant.
2004 1806 2024 1839 a

834 1949 953 2004 Non
983 1962 1194 2022 oportet
1220 1955 1527 2026 episcopum
1558 1968 1651 2013 aut
1675 1961 1928 2017 clericum
1957 1962 2214 2033 judicium
2234 1978 2321 2017 ec-

764 2039 1124 2096 clesiasticum
1164 2060 1431 2103 recusare.
1465 2049 1801 2121 Quapropter
1818 2055 1861 2108 si
1892 2054 2013 2122 quis
2042 2069 2106 2107 ex
2133 2054 2199 2108 iis
2224 2056 2324 2107 eri-

767 2129 1032 2184 ntinaliter
1051 2144 1351 2199 accusatus,
1385 2140 1801 2195 ecclesiasticum
1830 2144 2320 2213 recusaveritjudio

762 2219 927 2284 cium,
957 2229 1009 2275 et
1034 2222 1100 2276 ad
1121 2224 1305 2279 civiles
1330 2226 1540 2295 judices
1567 2233 1873 2297 accesserit,
1909 2243 1963 2287 et
1998 2249 2177 2289 coram
2232 2234 2319 2298 iis,

761 2323 883 2377 quae
904 2311 968 2364 ad
995 2315 1394 2370 accusationem
1439 2333 1590 2372 suam
1642 2332 1909 2389 spectant,
1944 2323 2315 2385 denudaverit,

760 2403 1005 2466 quamvis
1052 2404 1310 2461 innocens
1329 2420 1604 2477 appareat,
1631 2420 1685 2464 et
1708 2426 1802 2480 pro
1827 2426 1892 2465 eo
1937 2413 2039 2467 lata
2085 2414 2154 2467 sit
2192 2428 2315 2468 sen-

765 2491 950 2552 tentia,
983 2494 1256 2559 proprium
1310 2497 1533 2564 gradum
1572 2500 1800 2555 amittet.
1856 2500 1911 2554 Si
1969 2512 2147 2555 autent
2207 2518 2315 2557 non

753 2579 1047 2633 criminalis
1078 2581 1145 2634 sit
1174 2589 1359 2636 contra
1390 2598 1483 2638 eos
1518 2588 1813 2650 accusatio,
1844 2589 1937 2642 sed
1981 2590 2315 2657 pecuniaria,

754 2680 808 2723 et
836 2673 1043 2725 accidat
1069 2673 1136 2727 de
1165 2676 1266 2729 iSta
1295 2678 1524 2731 evadere
1546 2678 1938 2746 eos,judicium
1967 2682 2094 2749 ipsis
2120 2696 2318 2735 conve-

754 2761 905 2815 niens
937 2772 1261 2825 recusantes.
1281 2774 1337 2820 et
1359 2766 1425 2820 ad
1445 2771 1731 2824 saeculares
1752 2771 1959 2839 judices
1981 2773 2315 2836 accedentes,

755 2860 808 2902 et
838 2849 904 2903 ab
935 2850 999 2903 iis
1035 2850 1304 2919 judicatos
1331 2868 1346 2918 ;
1377 2853 1420 2907 si
1452 2857 1668 2923 quidem
1698 2857 1974 2910 sententias
2002 2858 2069 2911 ab
2094 2856 2159 2911 iis
2194 2857 2317 2909 lata?

753 2940 1096 3005 acquiescere
1121 2940 1335 3008 vellent,
1360 2951 1415 2996 et
1434 2943 1484 2997 id
1504 2958 1601 3012 pro
1631 2960 1737 3011 quo
1760 2945 2175 3008 contendebant,
2204 2945 2317 2999 exi-

2428 1071 2650 1124 ΔΡΙΣΤ.
2713 1088 2732 1121 ι
2764 1070 3093 1132 Ἐπίσκοπος
3119 1070 3152 1138 ἢ
3182 1070 3440 1138 κληρικδς
3474 1064 3877 1135 ἐγκληματικοῦ
3901 1081 3990 1117 κιο

2508 1178 2529 1212 ε
2568 1160 2831 1229 νουμένου
2882 1161 3226 1229 πράγματος.
3272 1160 3321 1211 εί
3351 1158 3448 1227 τὴν
3468 1157 3761 1215 ἐκκλησίαν
3802 1154 3984 1223 ἀφεὶς,

2504 1268 2522 1300 ε
2558 1252 2670 1311 τοῖς
2732 1250 3012 1317 δημοσίοις
3062 1249 3426 1319 προσδράμοι,
3481 1249 3573 1300 καὶ
3606 1246 3981 1312 ἀδικούμενος.

2500 1356 2519 1389 ε
2557 1339 2649 1391 τδν
2680 1338 2809 1391 ίδιον
2834 1338 3095 1391 ἀπολέσει
3128 1337 3352 1407 βαθμόν.
3405 1339 3467 1390 El
3503 1337 3753 1405 ὑπερέξει
3787 1335 3844 1387 δέ
3888 1334 3981 1386 καὶ

2502 1448 2521 1480 ε
2560 1430 2652 1481 ἐπὶ
2683 1429 2990 1491 πολιτικαῖς
3024 1429 3311 1495 κεφαλαῖς,
3343 1432 3390 1481 εί
3416 1428 3589 1496 τούτῳ
3614 1426 3871 1495 στοιχείη.
3891 1421 3983 1475 τὸν

2503 1537 2522 1569 ε
2562 1519 2692 1571 ῖδιον
2717 1518 2970 1571 ἀπολέσει
2992 1518 3220 1587 βαθμόν.
3251 1520 3523 1581 Δικαστάς
3548 1533 3612 1585 γε
3652 1518 3754 1586 μὴν
3782 1514 3985 1581 ἐκκλη-

2503 1626 2522 1659 ε
2561 1608 2896 1669 σιαστικοὺς.
2924 1609 2970 1659 εί
3002 1608 3075 1676 μὴ
3109 1607 3416 1676 ἐλέγχοιντο
3436 1607 3575 1660 κατά
3606 1603 3985 1675 προσπάθειαν

2503 1718 2520 1748 ε
2560 1697 2592 1766 ἢ
2630 1696 2983 1750 άντιπάθειαν
3023 1698 3548 1765 προδεδιῳκηκότες,
3589 1698 3852 1764 ίκκλητος
3884 1712 3983 1761 γε·

2502 1809 2520 1841 ι
2558 1789 2755 1859 νομένη
2786 1790 2884 1841 οὐκ
2922 1789 3208 1857 ἀμύνεται.
3253 1789 3378 1843 Ἐὰν
3431 1791 3488 1842 δέ
3528 1790 3596 1842 τά
3627 1792 3766 1857 μέρη
3802 1787 3987 1840 ἐπιλέ-

2503 1902 2522 1934 ‹
2556 1883 2750 1946 ξωνται
2779 1880 3057 1943 δικαστὰς,
3084 1879 3289 1933 τούτων
3321 1880 3395 1949 μὴ
3446 1879 3887 1947 ἀφιστάσθωσαν.
3921 1893 3939 1926 ι

2494 1971 2568 2024 Οὐ
2601 1969 2681 2022 δεῖ
2708 1969 3093 2038 παραιτεῖσθαι
3128 1970 3428 2022 ἐπίσκοπον
3456 1969 3489 2037 ἢ
3512 1968 3773 2037 κληρικδν
3800 1966 3862 2017 τὸ
3886 1965 3983 2016 ἐκο

2424 2060 2811 2127 κλησιαστικδν
2839 2059 3211 2129 δικαστήριον.
3284 2060 3447 2112 Ὅθεν
3507 2059 3602 2111 ἐάν
3651 2075 3733 2118 τις
3774 2057 3983 2108 τούτων

2424 2149 2894 2222 κατηγορούμενος
2916 2150 3360 2218 ἐγκληματικῶς,
3391 2150 3489 2216 τὴν
3522 2145 3981 2214 ἐκκλησιαστικὴν

2425 2242 2831 2311 παραιτήσηται
2852 2240 3056 2310 κρίσινς
3084 2240 3177 2293 καὶ
3201 2240 3498 2301 πολιτικοῖς
3517 2238 3796 2297 δικασταῖς
3814 2251 3983 2301 προσ-

2426 2331 2573 2401 έλθῃ,
2605 2331 2698 2383 καὶ
2723 2330 2852 2400 παρ’
2886 2332 3115 2392 ἐκείνοις
3150 2330 3405 2400 γυμνάση
3440 2330 3508 2382 ea
3538 2330 3633 2397 τῆς
3667 2327 3979 2387 αίτιάσεως’

2423 2424 2527 2476 κᾶν
2560 2420 2848 2484 ἀνεύθυνος
2896 2424 3061 2491 φανῇ,
3107 2421 3205 2476 καὶ
3259 2422 3399 2491 ὑπὲρ
3449 2420 3612 2475 αὑτοῦ
3643 2421 3675 2488 ὴ
3707 2418 3981 2482 ἀπόφασις

2424 2512 2697 2581 ἐξενεχθῇ,
2723 2513 2815 2563 τὸν
2845 2512 2976 2564 ῖδιον
3004 2513 3260 2565 ἀπολέσει
3295 2512 3523 2581 βαθμόν.
3571 2512 3633 2564 Ei
3675 2510 3730 2562 δέ
3760 2510 3861 2561 οὐκ
3888 2509 3983 2574 ὲγο

2423 2605 2737 2674 κληματική
2770 2607 2917 2656 ἐστιν
2954 2606 2985 2672 ἠ
3018 2605 3140 2656 κατ’
3174 2603 3353 2655 αὐτῶν
3382 2602 3639 2664 αίτίασις,
3677 2600 3811 2653 ἀλλά
3839 2614 3980 2668 χρη·

2427 2699 2653 2765 ματικὴ,
2684 2696 2777 2747 καὶ
2806 2694 2986 2764 συμϐῇ
3012 2695 3106 2747 καὶ
3136 2695 3229 2746 ἐπὶ
3256 2693 3463 2761 ταύτην
3508 2692 3727 2759 νικῆσαι
3759 2687 3980 2751 αὐτοὺς,

2421 2784 2482 2837 τέ
2509 2786 2814 2855 πρόσφορον
2841 2785 3025 2846 αὐτοῖς
3060 2785 3580 2853 παραιτησαμένους
3607 2780 3978 2848 δικαστήριον.

2423 2873 2518 2925 καὶ
2566 2877 2856 2941 κοσμικοῖς
2922 2874 3202 2935 δικασταῖς
3254 2872 3668 2943 προσελθόντας,
3728 2872 3822 2923 καὶ
3851 2868 3980 2935 παρ’

2422 2964 2650 3017 ἐκείνων
2673 2964 2961 3033 κριθέντας
2984 2979 2997 2991 ·
3030 2966 3077 3015 εί
3111 2963 3210 3031 μὲν
3234 2961 3515 3032 αίροῦνται
3544 2963 3610 3030 τῇ
3638 2959 3777 3027 ὺπέρ
3799 2958 3979 3012 αὐτῶν

754 3044 900 3098 Se":
941 3032 1215 3125 “opim”?
1259 3033 1484 3100 ετδάυηι
1558 3035 1822 3089 ιωίιιεηῑ·
1877 3035 1933 3089 Si
1994 3047 2171 3089 “mem
2225 3037 2314 3089 de‘
2356 3118 2387 3125 Α
2426 3056 2591 3125 ψήφῳ
2621 3032 2877 3123 στοιχεῖν,
2902 3053 3081 3108 καὶτὸ
3108 3055 3340 3121 πρᾶγμα
3369 3056 3449 3114 είς
3474 3052 3789 3125 ὂνένίκησσν
3810 3051 3981 3101 ἀπαιο

752 3122 956 3189 spectui
995 3122 1284 3176 habuerint
1316 3136 1493 3178 causa:
1521 3138 1629 3178 sua
1674 3126 2052 3194 prolationem,
2086 3128 2319 3192 illudque
2344 3118 2389 3177 ϐ

2316 3118 2389 3177 ιθ
2422 3118 2604 3211 -έῆὲαὶ,
2638 3118 2891 3196 τὸν-ίδιον
2954 3118 3165 3209 βαθμὸν
3191 3118 3572 3194 ἀπολέσουσιν.
3628 3118 3689 3192 Ei
3719 3140 3775 3191 δέ
3812 3155 3980 3190 κατα-

754 3226 851 3279 pro
916 3226 1023 3281 quo
1065 3212 1460 3267 contendebant
1511 3214 1760 3268 amittere
1835 3215 2081 3280 mallent,
2137 3216 2313 3268 locum

755 3318 911 3357 suum
943 3304 1268 3358 retinebunt.
1296 3302 1352 3358 Si
1376 3304 1496 3373 quis
1519 3314 1695 3358 autem
1719 3304 1785 3359 ab
1803 3306 2071 3374 episcOpis
2096 3319 2316 3359 accusa-

755 3404 841 3448 tus
863 3402 916 3448 et
941 3394 1351 3459 condemnatus,
1376 3395 1441 3448 ad
1467 3395 1696 3463 majores
1733 3395 2127 3449 ecclesiasticos
2170 3394 2317 3463 judi-

750 3497 842 3536 ces
882 3483 1267 3550 appellaverit,
1334 3498 1632 3551 eorumque
1690 3485 2014 3538 sententiam
2070 3494 2315 3538 evertere

750 3571 1003 3637 potuerit,
1063 3572 1265 3625 nullam
1320 3573 1420 3627 hoc
1458 3572 1565 3627 illis
1597 3574 1869 3643 iudicibus
1924 3574 2313 3628 ecclesiasticis

747 3674 974 3724 quorum
1027 3660 1293 3714 sententia
1345 3663 1624 3725 evertitur,
1681 3676 1873 3716 noxam
1922 3660 2160 3726 afferret,
2209 3661 2312 3716 nisi

748 3748 974 3806 forsitan
1004 3761 1224 3821 propter
1251 3752 1455 3817 odium,
1492 3761 1584 3806 aut
1615 3754 1938 3820 passionem,
1968 3756 2049 3806 vel
2079 3752 2309 3822 gratiam

747 3843 980 3912 aliquam
1014 3858 1136 3898 cum
1172 3843 1365 3898 aii'ectu
1401 3846 1723 3899 sententiam
1765 3846 1950 3899 tulisse
1978 3846 2310 3913 convinea‘n-

745 3942 850 3985 tur.
896 3932 1215 4003 Quicunque
1252 3944 1438 3988 autem
1474 3949 1541 3988 ex
1591 3936 1859 3989 accusatis
1908 3934 2178 4001 episcopis
2219 3940 2311 3987 aut

742 4024 979 4089 clericis,
1008 4023 1405 4079 ecclesiasticos
1423 4023 1634 4092 judices
1659 4025 1941 4093 elegerint,
1962 4032 2017 4077 et
2041 4025 2108 4077 ab
2130 4023 2196 4077 iis
2221 4025 2311 4091 ju-

742 4114 911 4169 dicari
938 4114 1224 4179 voluerint,
1241 4116 1489 4184 quamvis
1510 4126 1697 4170 contra
1721 4117 2001 4184 episc0pos
2026 4124 2310 4170 accusatos

741 4204 1018 4259 duodecim
1048 4203 1313 4272 episcopis
1348 4206 1451 4258 sint
1489 4206 1791 4273 pauciores,
1843 4214 2033 4261 contra
2071 4206 2302 4276 presbyo

740 4305 887 4351 teros
910 4303 1084 4350 autem
1117 4304 1171 4349 et
1197 4295 1455 4349 diaconos
1495 4308 1695 4363 septem
1731 4298 1813 4351 vel
1850 4299 2012 4351 etiam
2047 4306 2301 4366 Quatuor,

739 4385 1190 4452 quemadmodum
1225 4393 1279 4439 et
1322 4385 1374 4439 in
1428 4386 1747 4441 duodecimo
1780 4387 2063 4455 praesentis
2112 4386 2300 4457 synodi

737 4489 947 4528 canone
981 4475 1319 4543 scripsimus,
1360 4472 1708 4530 condemnati
1739 4491 1841 4530 non
1877 4478 2075 4531 debent
2108 4486 2298 4532 contra

737 4565 996 4633 judicium
1032 4580 1216 4619 eorum
1262 4566 1571 4634 appellare:
1609 4567 1901 4636 appellatio
1929 4568 2072 4622 enim
2102 4567 2304 4637 judicis

740 4654 1001 4709 inscitiam
1039 4656 1123 4709 vel
1158 4656 1474 4723 injustitiam
1525 4656 2071 4727 cor_rigit.Quomodo
2097 4659 2301 4725 itaque,

737 4744 827 4811 qui
855 4744 1064 4813 judices
1091 4744 1486 4800 ecclesiasticos
1510 4746 1692 4815 elegit,
1718 4762 1854 4816 quos
1877 4757 1931 4801 et
1961 4762 2210 4802 sermone
2246 4757 2303 4802 et

737 4834 845 4889 vita
894 4835 1196 4906 lnculpatos
1230 4850 1351 4891 esse
1372 4834 1656 4906 judicavit,
1688 4838 1873 4894 dicens
1899 4854 1958 4894 se
1984 4838 2304 4907 insipienter

738 4935 792 4979 et
823 4924 1020 4994 injuste
1043 4927 1110 4980 ab
1133 4926 1200 4980 iis
1223 4926 1474 4995 iudicari,
1506 4938 1563 4983 et
1600 4930 2075 4997 reprehensionem
2108 4946 2301 4999 quam-

736 5012 860 5068 dam
915 5012 1220 5067 hominibus
1272 5016 1703 5074 sacerdotalibus
1752 5018 1820 5072 ab
1876 5018 1991 5087 ipso
2044 5018 2301 5088 iudicatis

739 5104 935 5160 afferre
964 5104 1323 5160 admittatur?

1313 5388 1549 5446 CANON
1578 5391 1720 5447 XVI.

749 5502 765 5535 ε
806 5483 1068 5539 Similiter
1088 5480 1308 5554 placuit,
1328 5492 1387 5537 ut
1410 5483 1667 5551 episcopi,
1694 5484 1993 5556 presbyteri
2017 5491 2071 5537 et
2090 5483 2300 5537 diaconi

817 5592 835 5626 ι
886 5576 1243 5629 conductores
1282 5573 1366 5629 vel
1409 5586 1787 5642 procuratores
1831 5591 1937 5630 non
1971 5575 2148 5641 ﬂant;
2201 5588 2301 5629 nec

817 5684 834 5715 ι
878 5680 943 5719 ex
976 5666 1114 5733 turpi
1139 5665 1316 5735 aliquo
1338 5666 1419 5721 vel
1441 5666 1530 5719 vili
1555 5666 1770 5736 negotio
1796 5668 1994 5721 victum
2022 5668 2121 5723 sibi
2150 5682 2295 5735 qna:-

816 5776 832 5807 ε
889 5765 1046 5817 rant;
1091 5758 1282 5811 debent
1306 5759 1446 5812 enim
1478 5762 1541 5812 ad
1568 5758 1619 5813 id
1643 5759 1785 5827 quod
1827 5760 2084 5827 scriptum
2108 5770 2190 5814 cst
2213 5774 2298 5813 re-

2328 4434 2383 4494 D

2420 3233 2679 3305 φρονοῦσι
2727 3233 2829 3300 τῆς
2859 3231 3222 3294 δικαιώσεως,
3255 3232 3349 3283 καὶ
3399 3230 3664 3283 ἀπολέσαι
3696 3228 3979 3298 αίροῦνται

2416 3325 2479 3378 τὸ
2517 3326 2595 3386 είς
2636 3323 2664 3375 δ
2716 3322 2999 3392 ἐνίκησαν,
3059 3322 3154 3375 τὸν
3190 3322 3390 3373 οίκεῖον
3440 3321 3605 3373 τόπον
3634 3320 3975 3383 καθέξουσιν.

2415 3417 2479 3469 El
2515 3416 2573 3469 δέ
2598 3432 2681 3477 τις
2714 3414 2865 3481 παρὰ
2898 3413 3213 3466 ἐπισκόπων
3268 3412 3501 3481 κριθεὶς,
3558 3413 3652 3465 καὶ
3686 3413 3981 3463 καταδικα-

2417 3507 2587 3567 σθεὶς,
2632 3504 2767 3573 πρὸς
2803 3504 3055 3573 μείζονας
3088 3503 3575 3569 ἐκκλησιαστικοὺς
3602 3502 3858 3561 δικαστὰς
3882 3504 3977 3552 ἐκ·-

2414 3594 2854 3662 καλέσηται,καὶ
2890 3593 3193 3661 ἀνατρέψαι
3258 3592 3467 3661 ἰσχύσει
3497 3593 3596 3660 τὴν
3648 3592 3828 3659 ψῆφον
3881 3592 3982 3642 αὕ-

2412 3688 2519 3738 τῶν
2539 3702 2553 3716 ο
2587 3683 2843 3752 οὐδεμίαν
2873 3681 3077 3752 βλάδην
3132 3682 3292 3734 τοῦτο
3324 3682 3516 3747 ἐπάξει
3543 3682 3657 3735 τοῖς
3681 3679 3978 3746 ἐκκλησια-

2415 3775 2617 3835 στικοῖς
2643 3772 2927 3833 δικασταῖς
2962 3770 3215 3832 ἐκείνοις,
3249 3762 3325 3823 ὧν
3358 3771 3390 3833 ἡ
3434 3768 3710 3835 ἀπόφασις
3739 3764 3976 3832 ἀνατρέ-

2413 3878 2572 3915 πεται
2596 3878 2610 3892 ·
2634 3862 2684 3914 εί
2708 3862 2779 3930 οιή
2801 3876 2903 3913 που
2924 3861 3066 3912 κατὰ
3104 3859 3327 3929 ἔχθραν,
3350 3859 3382 3928 ἢ
3404 3858 3544 3912 κατά
3572 3856 3974 3927 προσπάθειαν.

2411 3956 2445 4026 ἢ
2476 3955 2617 4006 κατά
2640 3969 2763 4004 τινα
2789 3952 2948 4021 χάριν
2976 3950 3389 4018 ἀπελεγχθῶσιν
3420 3948 3685 4014 ἐμπαθῶς
3724 3949 3820 4016 τὴν
3845 3945 3974 4016 κρί-

2411 4061 2496 4096 σιν
2514 4043 2865 4112 ποιήσασθαι.
2888 4043 3042 4095 Ὀσοι
3063 4040 3119 4093 δὲ
3143 4041 3254 4095 τῶν
3273 4040 3614 4108 αἰτιωμένων
3633 4039 3971 4096 ἐπισκόπων.

2409 4136 2443 4205 ἦ
2478 4133 2779 4204 κληρικῶν,
2804 4130 3145 4195 ἐπιλέξονται
3173 4131 3667 4194 ἐκκλησιαστικοὺς
3690 4129 3975 4190 δικαστὰς.

2409 4228 2503 4279 καὶ
2535 4226 2663 4294 παρ’
2713 4224 2901 4285 αὐτοῖς
2941 4221 3198 4291 κριθῆναι
3248 4220 3562 4288 θελήσουσι,
3619 4220 3722 4272 κᾶν
3751 4221 3977 4288 ἥττονες

2408 4318 2499 4370 ἐπὶ
2527 4318 2624 4386 μέν
2670 4315 2984 4367 ἐπισκόπων
3039 4313 3574 4382 κατηγορουμένων,
3625 4310 3735 4362 τῶν
3768 4310 3973 4363 δώδεκα

2409 4408 2724 4460 ἐπισκόπων
2754 4399 2906 4467 ὦσιν,
2928 4405 3022 4457 ἐπὶ
3048 4403 3105 4456 δέ
3134 4403 3546 4474 πρεσϐυτέρων,
3568 4404 3663 4454 καὶ
3684 4401 3969 4464 διακόνων,

2409 4498 2516 4551 τῶν
2541 4498 2699 4558 ἐπτά,
2732 4496 2764 4566 ἦ
2790 4496 2884 4549 καὶ
2912 4495 3218 4562 τεσσάρων,
3253 4493 3434 4555 καθὼς
3466 4494 3523 4544 ἐν
3571 4492 3649 4560 τῷ
3678 4491 3975 4558 δωδεκάτῳ

2411 4591 2595 4643 κανόνι
2623 4590 2720 4658 τῆς
2744 4586 3031 4656 παρούσης
3073 4586 3293 4640 συνόδου
3322 4584 3664 4655 ἐγράψαμεν,
3702 4584 3801 4635 οὑκ
3826 4581 3978 4651 seu-

2410 4682 2562 4735 λουσι
2594 4678 3104 4741 καταδικασθέντες·
3150 4676 3500 4729 ἐκκαλεῖσθαι
3553 4674 3695 4728 κατά
3721 4676 3817 4741 τῆς
3850 4672 3976 4743 κρί-

2412 4789 2550 4835 σεως
2575 4770 2776 4824 αὐτῶν.
2828 4768 2894 4821 Ἦ
2924 4767 3033 4835 γάρ
3080 4766 3344 4835 ἐκκλητος
3399 4763 3717 4833 ἀπειρίανῆ
3758 4762 3974 4814 ἀδικίαν

2414 4858 2810 4930 ἐπανορθοῦται
2839 4857 2931 4910 τοῦ
2970 4854 3251 4910 δικαστοῦ.
3282 4855 3409 4917 ῐιῶς
3430 4853 3562 4921 γοῦν
3592 4854 3621 4905 ὁ
3658 4852 3977 4919 ἐπιλεξάμεο

2412 4966 2501 5010 νος
2523 4946 3010 5016 ἐκκλησιαστικοὺς
3035 4945 3320 5007 δικαστὰς,
3352 4942 3445 5007 οὓς
3476 4944 3569 4996 καὶ
3596 4942 3736 4995 κατά
3791 4941 3970 5009 λόγον,

2410 5041 2503 5092 καὶ
2552 5038 2694 5091 κατὰ
2722 5036 2843 5104 βίαν
2872 5034 3273 5103 ἀνεπιλήπτους
3302 5028 3709 5112 ἐκρινενσῐναι,
3736 5032 3973 5101 παραδε-

2410 5124 2696 5194 χθήοεται,
2733 5122 2930 5189 λέγων,
2965 5122 3206 5192 ἀπείρως
3234 5122 3265 5191 ἢ
3290 5120 3488 5183 ἀδίκως
3523 5118 3615 5171 ὑπ’
3650 5118 3831 5172 αὐτῶν
3853 5134 3967 5187 κρι-

2409 5216 2586 5284 θῆναι,
2615 5214 2709 5267 καὶ
2741 5215 2901 5266 οἱονεί
2930 5228 3052 5265 τινα
3095 5212 3302 5280 μέμψιν
3331 5212 3443 5272 τοῖς
3474 5211 3608 5278 παρ’
3635 5209 3799 5263 αὐτοῦ
3826 5209 3970 5261 οίον-

2408 5308 2457 5358 s‘t
2488 5305 2755 5375 κριθεῖσιν
2786 5305 3081 5373 ἱερατικοῖς
3105 5304 3332 5367 ἐπάγειν
3355 5300 3632 5370 ἀνδράσιν.

2998 5391 3235 5445 ΚΔΝΩΝ
3263 5391 3381 5457 ις’.

2413 5505 2431 5537 ι
2484 5487 2718 5556 Ὁμοίως
2740 5487 2955 5555 ἦρεσεν,
2994 5484 3083 5536 ἵνα
3116 5484 3410 5535 ἐπίσκοποι
3466 5484 3560 5535 καὶ
3606 5481 3968 5553 πρεσϐύτεροι

2488 5598 2503 5628 ι
2543 5580 2636 5631 καὶ
2666 5579 2903 5631 διάκονοι
2933 5573 3267 5643 ἐκλήπτορες
3297 5576 3369 5642 μὴ
3397 5576 3710 5643 γίνωνταιή
3737 5590 3974 5643 προκουο

2483 5689 2499 5718 ε
2545 5668 2788 5737 ράτορες,
2817 5666 2950 5734 μηδέ
2997 5663 3060 5716 ἔκ
3092 5682 3233 5726 τινος
3262 5665 3487 5733 αἰσχροῦ
3521 5665 3552 5733 ἦ
3584 5664 3782 5733 ἀτίμου
3824 5663 3969 5731 πρά-

2486 5780 2501 5809 ε
2542 5776 2751 5829 γματος
2781 5755 2987 5828 τροφὴν
3021 5754 3381 5825 πορίζωνται·
3402 5754 3672 5821 ὀφείλουσι
3704 5753 3807 5822 γὰρ
3830 5753 3969 5805 ἀπο-
