4214 6438
240 378 316 442 85
1306 392 1389 451 ΙΝ
1420 392 1579 453 CAN.
1625 394 1753 452 XVI
1797 396 1998 455 CUNC.
2044 400 2415 461 CAl’t'l'llM}.
3391 406 3457 465 86

319 510 337 542 ι
379 494 575 561 ϐλέψαι
600 498 677 557 είς
713 497 773 548 οδ
807 502 1212 567 γεγραμμένον·
1259 501 1462 565 Οὐδείς
1482 504 1793 570 στροτευό-
1827 504 1869 559 Α

319 603 338 630 σ
368 600 553 651 μενος
596 586 674 650 τῷ
709 586 833 651 Θεῷ
859 591 1217 655 ἐμπλέκεται
1254 592 1469 644 ἐιιυτδι·
1498 594 1798 658 πίάγμασι

322 691 339 719 ί
376 675 702 740 κοσμικοῖς·
746 678 837 727 καὶ
862 678 1002 728 ὥστε
1047 682 1172 741 τοὺς
1202 681 1559 748 ἀναγνώστας
1592 684 1671 742 εις
1708 686 1799 731 τείν

323 779 339 808 ι
380 764 571 829 καιρὸν
618 766 715 831 τῆς
766 766 905 834 ἥϐης
958 770 1286 836 ἐρχομένους
1335 772 1797 838 ἀναγκάζεσθαιῆ

325 868 343 896 ‹
386 852 649 918 συμείους
688 857 1007 922 ἀγαγέσθαι.
1048 858 1078 927 ἢ
1122 863 1449 929 ἐγκράτειαν
1494 862 1798 928 ὁμολογεῖν.

324 958 341 987 ι
390 940 621 1006 Ὀμοίως
644 945 859 1012 ἤρεσεν,
894 948 979 998 ἵνα
1004 950 1286 1019 κληρικὺς,
1312 952 1405 1003 ἰὰν
1439 951 1700 1018 χρήματα
1729 948 1802 1016 δῴ

325 1046 342 1074 ι
380 1030 690 1099 ὲιχρήσει,
722 1035 788 1085 τά
822 1038 1084 1106 χρήματα
1119 1040 1256 1110 λάϐῃ
1278 1058 1292 1073 ’
1351 1042 1445 1093 ἐὰν
1487 1036 1650 1103 εἶδος,
1681 1043 1805 1093 ὅσον

326 1136 345 1167 ε
382 1120 577 1172 δέδωκε
616 1124 773 1193 λάϐῃ.
826 1129 934 1179 Καὶ
985 1130 1071 1181 ἵνα
1116 1132 1223 1200 πρὸ
1278 1132 1386 1184 τῶν
1459 1132 1801 1184 εἰκοσιπέντε

321 1228 339 1257 ι
376 1212 634 1264 ἐνιαυτῶν
682 1217 813 1283 μήτε
852 1218 1088 1271 διάκονοι
1130 1223 1570 1290 χειροτονῶνται.
1646 1224 1804 1276 Ἀλλά

320 1322 348 1347 ιι
382 1303 475 1353 καὶ
502 1306 546 1353 οἱ
581 1306 924 1372 άναγνῶσται
952 1311 1043 1361 τὸν
1072 1312 1243 1379 δῆμον
1272 1314 1346 1381 μὴ
1366 1316 1799 1383 προσκυνῶσιν.ι

315 1392 495 1444 ΒΑΛΣ
539 1396 670 1462 Περὶ
698 1399 793 1464 μὲν
819 1400 927 1452 τῶν
957 1400 1238 1470 κληρικῶν
1263 1404 1369 1455 τῶν
1395 1404 1809 1471 παρεμδαλλόνσ

243 1499 350 1532 των
387 1485 613 1545 ἑαυτοὺς
636 1488 712 1547 είς
737 1490 1012 1553 κοσμικὰς
1067 1493 1348 1561 ἐνεργείας
1380 1494 1698 1563 ἐγράψαμεν
1727 1497 1807 1557 είς

243 1572 303 1621 τὸ
334 1579 400 1636 ιγ
426 1588 551 1636 κεφ.
582 1574 674 1624 τοῦ
703 1575 749 1642 η’
782 1578 959 1629 τίτλου
985 1580 1079 1631 τοῦ
1104 1582 1368 1649 παρόντος
1404 1584 1803 1651 συντάγματος,

245 1660 326 1718 εἰς
349 1662 441 1713 τὸν
478 1664 530 1726 ς’
558 1669 650 1716 καὶ
684 1666 775 1733 πκί
808 1670 1162 1723 ἀποστολικω
1194 1673 1413 1734 κανόνα,
1446 1674 1537 1725 καὶ
1591 1675 1670 1735 είς
1719 1674 1807 1724 τὸν

246 1748 294 1814 γ’
325 1754 526 1805 κανόνα
542 1756 639 1823 τῆς
671 1757 711 1808 δ’
731 1760 949 1811 συνόδου
971 1776 983 1790 ·
1015 1764 1106 1812 καὶ
1129 1764 1402 1829 ἀνάγνωθι
1428 1764 1668 1826 τούτους.
1690 1767 1804 1818 Κα-

245 1844 692 1912 ταστρωθήσεται
726 1848 781 1900 δὲ
804 1851 881 1911 είς
906 1851 1005 1918 τὴν
1028 1852 1303 1919 παροῦσαν
1329 1855 1624 1921 ἑρμηνείαν
1660 1856 1753 1906 καὶ
1775 1858 1806 1923 ἡ

246 1934 390 1983 κατὰ
420 1936 513 2002 τὴν
536 1936 585 2003 η’
606 1938 698 1989 τοῦ
722 1941 1055 2008 Δεκεμὸρίου
1082 1944 1251 2009 μηνὸς
1280 1944 1377 2010 τῆς
1405 1944 1456 2007 ς’
1484 1945 1808 2007 ίνδικτιῶνος

246 2030 516 2097 γενομένη
552 2032 798 2100 συνοδικὴ
820 2037 1119 2103 σημείωσις
1148 2039 1226 2098 είς
1259 2039 1356 2105 τὴν
1384 2039 1690 2106 ὲφημερίαν
1715 2039 1807 2091 τοῦ

245 2121 554 2183 άγιωτάτου
582 2124 789 2176 ἐκείνου
813 2129 1151 2197 πατριάρχου
1190 2130 1378 2199 κυρίου
1412 2133 1670 2198 Λουκᾶ,ὴ
1718 2134 1809 2181 καὶ

244 2209 417 2277 τόμου
447 2212 600 2276 τάξιν
634 2215 923 2283 ἐπέχουσα.
988 2218 1259 2281 Ὡσαύτως
1308 2223 1401 2272 καὶ
1442 2222 1473 2287 ή
1510 2223 1811 2288 σημείωσις

244 2298 339 2350 τοῦ
364 2301 668 2366 άγιωτάτου
690 2305 897 2357 ἐκείνου
934 2309 1276 2377 πατριάρχου
1320 2310 1487 2378 κυροῦ
1531 2311 1804 2375 Ἰωάννου,

244 2387 279 2452 ή
316 2390 586 2457 γενομένη
635 2393 795 2460 χάριν
824 2392 917 2444 τοῦ
953 2400 1026 2462 μὴ
1054 2401 1370 2465 συνηγορεῖν
1419 2399 1543 2460 τοὺς
1580 2402 1811 2469 ιερωμέ-

244 2492 394 2539 νους.
426 2479 531 2530 Καὶ
556 2483 587 2549 ἡ
611 2480 839 2549 δύναμις
866 2482 959 2534 τοῦ
987 2470 1196 2553 σημειώ
1205 2505 1368 2556 ματος
1389 2488 1482 2541 τοῦ
1506 2490 1811 2555 ἁγιωτάτου

248 2571 593 2639 πατριάρχου
624 2575 797 2643 κυροῦ
833 2575 1048 2646 Μιχαὴλ
1081 2576 1175 2627 τοῦ
1232 2578 1440 2630 ὑπάτου
1470 2579 1576 2630 τῶν
1608 2579 1815 2645 φιλοσό·

246 2679 384 2728 φων,
413 2666 444 2733 ὴ
474 2665 720 2731 προὸᾶσα
745 2670 901 2737 χάριν
926 2670 1021 2722 τοῦ
1044 2670 1238 2734 ὶπίσης
1260 2670 1334 2738 τῷ
1356 2671 1587 2737 διακόνῳ
1622 2671 1715 2723 καὶ
1738 2671 1814 2739 τῷ

248 2758 391 2823 ίερεῖ
422 2757 725 2811 κωλύεσθαι
780 2763 871 2812 καὶ
927 2761 1021 2813 τὸν
1053 2760 1404 2829 ἀναγνώστην
1450 2763 1513 2814 ὲκ
1543 2764 1642 2829 τῆς
1668 2764 1816 2827 ἔνερ-

247 2847 404 2913 γείας
436 2847 545 2897 τῶν
571 2849 847 2916 κοσμικῶν
895 2851 1185 2917 ὁφφικίων.
1254 2852 1403 2903 Ἐπεὶ
1440 2852 1496 2902 δὲ
1554 2853 1581 2901 ὁ
1627 2851 1815 2917 παρὼν

246 2937 427 2989 κανὼν
449 2939 763 3005 διορίζεται,
794 2940 867 3008 μὴ
894 2941 1214 3009 πορίζεσθαι
1245 2943 1370 3002 τοὶς
1396 2941 1724 3009 ἱερωμένους
1748 2940 1813 2991 τὰ

246 3030 385 3097 πρὶς
416 3030 621 3097 τροφὴν
647 3030 755 3082 ἀπὸ
786 3031 1129 3098 πραγμάτων
1168 3030 1408 3099 αἰσχρῶν
1452 3032 1544 3081 καὶ
1574 3030 1811 3095 ἀτίμων,

1976 526 1994 556 ι
2043 511 2273 576 spicere,
2304 512 2462 564 Nemo
2516 512 2884 566 Deomilitmts
2938 518 3165 581 scipsum
3221 516 3452 582 implicat

1984 616 1999 646 ε
2042 590 2380 653 saecularibus
2447 605 2665 671 negotiis
2711 605 2794 666 ",
2851 616 2925 665 ct,
2983 615 3038 655 ut
3106 606 3331 657 lectores
3390 608 3453 654 ad

1987 704 2005 736 ε
2052 688 2344 754 pubertatis
2372 700 2578 758 tempus
2605 694 2879 745 venientes
2897 704 3177 759 cogantur,
3211 696 3289 745 vel
3322 709 3455 747 uxo-

1984 794 2000 824 ι
2044 791 2137 830 res
2187 780 2404 840 ducere.
2439 781 2519 833 vel
2552 781 2935 834 continentiam
2964 782 3224 847 proﬁteri.
3254 781 3455 833 Simili-

1974 884 1993 915 ε
2042 876 2126 920 ter
2152 867 2369 935 placuit,
2420 880 2475 921 ut
2506 872 2549 923 si
2576 871 2807 925 clericus
2844 880 3054 922 mutuas
3080 871 3333 935 pecunias
3370 870 3459 921 de—

1986 976 2003 1007 ι
2044 959 2217 1024 derit,
2264 962 2516 1028 pecunias
2574 962 2836 1028 accipiat:
2868 961 2950 1015 sin
3000 972 3173 1013 autem
3203 959 3456 1027 speciem,

1978 1068 1996 1099 ε
2042 1059 2301 1118 quantum
2349 1053 2551 1106 dederit
2607 1053 2852 1120 accipiat.
2882 1051 2944 1104 Et
2979 1062 3034 1104 ut
3063 1061 3189 1104 ante
3222 1052 3460 1117 quinque

1984 1158 2001 1190 ι
2040 1149 2092 1193 et
2147 1139 2333 1207 viginti
2370 1156 2538 1196 annos
2582 1142 2791 1195 diaconi
2823 1156 2929 1193 non
2978 1142 3313 1193 ordinentur.
3354 1138 3459 1191 Sed

1986 1247 2001 1279 ι
2040 1236 2093 1283 et
2150 1227 2376 1285 lectores
2416 1230 2668 1299 populum
2702 1245 2805 1283 non
2835 1230 3085 1283 salutent.
3132 1246 3149 1278 ι

1978 1403 2172 1459 BALS.
2207 1405 2282 1459 De
2330 1407 2540 1459 clericis
2573 1405 2813 1473 quidem.
2856 1404 2943 1471 qui
2984 1417 3041 1456 se
3100 1403 3327 1471 negotiis
3358 1415 3458 1453 saa-

1908 1497 2177 1549 cnlaribus
2203 1500 2473 1561 ingerunt,
2504 1496 2817 1563 scripsimus
2850 1496 2901 1547 in
2935 1494 3143 1547 decimo
3175 1493 3333 1545 tertio
3368 1505 3459 1542 ca-

1910 1588 2018 1655 pite
2036 1588 2211 1641 octavi
2247 1588 2383 1641 tituli
2410 1588 2689 1654 praesentis
2718 1586 2895 1653 operis
2922 1602 2936 1649 ;
2968 1586 3018 1635 in
3042 1593 3195 1636 sexto
3224 1593 3277 1635 et
3314 1592 3465 1633 octo-

1909 1680 2115 1747 gesimo
2144 1680 2300 1731 tertio
2329 1692 2534 1730 canone
2574 1678 2891 1744 apostolico,
2920 1684 2972 1728 ct
2999 1678 3048 1727 in
3079 1676 3237 1729 tertio
3265 1687 3467 1725 canone.

1911 1781 2120 1837 quartze
2150 1770 2434 1838 synodi,ct
2468 1771 2582 1837 lege
2612 1784 2725 1822 cos.
2764 1772 2819 1820 lu
2886 1768 3133 1833 prmseuti
3170 1774 3347 1817 autem
3390 1764 3467 1814 iu-

1916 1860 2296 1926 Ierpretatione
2319 1870 2541 1927 ponetur
2573 1868 2627 1913 et
2652 1874 2769 1927 qua:
2793 1870 2981 1910 octavo
3012 1857 3210 1909 mensis
3250 1854 3471 1907 Decern-

1913 1952 2022 2005 hris
2056 1964 2205 2005 sexta
2242 1951 2533 2004 indictione
2560 1951 2699 2003 facta
2740 1958 2822 2002 est
2851 1945 3121 2017 synodalia
3155 1943 3469 2001 declaratio,

1916 2051 2155 2108 tempore
2186 2040 2514 2094 sanctissimi
2550 2040 2873 2108 patriarcha:
2902 2036 3103 2088 domini
3138 2032 3318 2093 Luca),
3353 2046 3471 2100 qua!

1912 2131 2072 2185 etiam
2098 2130 2385 2183 decisionis
2408 2130 2580 2182 locum
2608 2129 2835 2182 obtinet.
2865 2126 3128 2179 Similiter
3161 2114 3476 2190 ct‘promul-

1912 2222 2050 2288 gatio
2070 2222 2383 2287 patriarchze
2410 2221 2550 2274 illius
2570 2218 2766 2273 domini
2789 2217 3035 2279 Joannis,
3068 2230 3184 2281 quae
3204 2214 3347 2266 facta
3371 2226 3473 2275 εει,

1914 2312 2075 2382 536
2101 2328 2165 2365 ne
2194 2326 2386 2365 causas
2414 2320 2634 2381 agerent
2665 2310 2755 2378 qui
2790 2308 2962 2364 sacris
2993 2307 3187 2359 initiati
3219 2314 3365 2356 sunt.
3406 2303 3467 2355 Et

1908 2406 1995 2468 jus
2022 2400 2182 2454 edicd
2216 2400 2543 2453 sanctissimi
2564 2399 2900 2467 patriarchae
2940 2395 3142 2448 domini
3190 2391 3470 2446 Michaelis

1914 2493 2354 2560 philosophorum
2407 2490 2623 2554 summi,
2665 2488 2805 2557 quod
2844 2487 3063 2556 prodiit,
3107 2494 3163 2536 ut
3190 2498 3358 2550 mque,
3414 2497 3478 2533 ac

1914 2586 2171 2637 diaconus
2209 2594 2261 2636 et
2286 2583 2557 2646 sacerdos,
2617 2581 2781 2634 lector
2842 2592 3052 2645 quoque
3104 2574 3479 2643 prohiberetur

1915 2678 1981 2729 ab
2012 2675 2327 2730 exercendis
2354 2672 2701 2727 saecularibus
2729 2669 2936 2725 ciliciis.
2984 2666 3245 2732 Quoniam
3299 2672 3473 2714 autem

1917 2782 2153 2836 presens
2190 2780 2362 2819 canon
2392 2764 2600 2827 statuit,
2657 2779 2720 2817 ne
2751 2764 2842 2830 qui
2887 2771 3012 2815 sunt
3045 2758 3239 2811 sacrati
3278 2758 3474 2807 victum

1916 2864 2159 2923 quarant
2191 2870 2257 2908 ex
2282 2856 2439 2909 rebus
2478 2854 2721 2921 turpibus
2752 2861 2803 2905 et
2830 2852 3054 2913 vilibus,
3098 2863 3240 2914 saepe
3274 2844 3476 2913 quzcsi-

1919 2962 2030 3003 tum
2062 2958 2163 3013 est,
2189 2962 2432 3016 quamam
2471 2947 2690 2999 sinteae.
2726 2944 2789 2996 Et
2816 2942 3051 2995 nonnulli
3082 2940 3296 3007 quidem
3330 2937 3480 2987 dixe.-

1920 3050 2045 3092 runt
2072 3054 2168 3093 eas
2202 3053 2346 3098 esse.
2388 3038 2639 3089 lenonem
2686 3048 2804 3087 esse
2834 3047 2896 3084 ac
2947 3029 3260 3083 meretrices
3314 3026 3478 3086 alere,

245 3118 487 3186 ἑζητήθη
526 3118 786 3180 πολλάκις
823 3122 949 3171 ποῖα
994 3119 1170 3171 ταῦτά
1195 3123 1323 3173 εἰσι.
1380 3120 1487 3171 Καί
1537 3134 1683 3178 τινες
1718 3118 1813 3186 μὲν
1838 3130 1882 3192 C

1806 3130 1882 3192 'C
1916 3134 2315 3202 cauponatorite
2338 3132 2573 3184 taberna:
2597 3142 2851 3195 praeesse,
2886 3136 2941 3179 et
2976 3125 3192 3178 similia.
3229 3120 3470 3175 Sanctis-

246 3205 402 3262 εἷπον
425 3207 565 3262 εἶναι
592 3210 766 3262 ταῦτα
812 3210 873 3262 τὸ
922 3210 1327 3278 πορνοϐοσκεῖν,
1387 3212 1445 3262 τὸ
1500 3209 1808 3277 καπηλικοῦ

246 3300 612 3369 ἐργαστηρίου
644 3301 1030 3369 προΐστασθαι,
1072 3302 1167 3353 καὶ
1192 3304 1260 3353 τά
1283 3303 1445 3369 ὅμοια
1470 3317 1483 3331 ·
1510 3304 1535 3353 ὁ
1560 3302 1615 3352 δὲ
1640 3301 1809 3365 ἁγιώ-

244 3408 407 3453 τατος
435 3393 780 3461 πατριάρχης
828 3392 990 3458 κυρὸς
1021 3393 1233 3452 Λουκᾶς
1269 3392 1361 3443 καὶ
1406 3391 1473 3442 τά
1531 3390 1809 3456 μυρεψικὰ

245 3482 586 3549 ἐργαστήρια
646 3484 738 3534 καὶ
788 3482 857 3534 τά
923 3481 1181 3550 βαλανεῖα
1256 3480 1616 3548 αἰσχροκερδῆ
1669 3474 1809 3530 εῐναι

246 3571 456 3637 ἔλεγεν,
496 3571 570 3633 ὡς
593 3571 686 3623 καὶ
705 3571 932 3639 ψεύδους
976 3573 1263 3640 παραίτια.
1298 3570 1439 3622 Ἀλλ’
1471 3570 1589 3622 οὐδὲ
1617 3570 1810 3637 ἀρχια⁴

244 3661 410 3729 τροὺς
452 3661 762 3731 παρεχώρει
812 3663 1055 3730 γίνεσθαι
1088 3663 1213 3724 τοὺς
1256 3663 1537 3724 διακόνους
1592 3661 1625 3728 ἢ
1682 3663 1809 3722 τοὺς

251 3754 435 3820 ἱερεῖς,
473 3753 645 3819 λέγων
675 3755 989 3807 άνένδεκτον
1033 3749 1173 3807 εἶναι
1202 3754 1325 3815 τοὺς
1354 3754 1490 3821 μετὰ
1522 3752 1811 3821 φαινολίων

247 3846 341 3898 καὶ
366 3847 659 3915 στιχαρίων
678 3850 746 3899 τά
769 3849 897 3913 ἆγια
950 3845 1506 3916 μεταχειριζομένους
1536 3844 1809 3911 κοσμικὰς

247 3936 439 3995 στολάς
472 3934 893 3998 ἐνδιδύσκεεθαι,
921 3937 1014 3987 καὶ
1046 3934 1185 4003 μετὰ
1217 3934 1423 3985 λαῖκῶν
1457 3932 1685 3999 ἀνδρῶν,
1706 3932 1812 3983 τῶν

247 4026 451 4093 ίατρῶν
478 4026 702 4095 δηλαδὴ,
728 4025 1164 4095 προπομπεύειν.
1204 4024 1327 4076 Ἐπὶ
1353 4024 1566 4084 τούτοις
1590 4038 1812 4091 νενομο-

244 4116 472 4183 θέτηται
504 4117 654 4182 παρὰ
680 4115 789 4166 τῶν
818 4116 987 4174 άγίων
1017 4114 1279 4183 Πατάρων
1306 4114 1429 4173 τοὺς
1460 4110 1810 4177 ἀναγνώστας

245 4210 304 4260 ἓν
328 4207 408 4273 τῷ
441 4205 615 4275 καιρῷ
643 4207 740 4274 τῆς
768 4205 909 4273 ἢόης
936 4206 1075 4273 μετὰ
1099 4207 1190 4257 τὸν
1224 4204 1281 4257 ιδ’
1306 4204 1551 4256 ἐνιαυτὸν
1573 4202 1813 4269 ἀναγκά-

245 4298 441 4360 ζεσθαι
492 4298 524 4366 ἡ
586 4297 744 4364 γάμῳ
777 4296 1032 4364 ὁμιλῆσαι
1079 4296 1112 4365 ἢ
1163 4294 1407 4364 ἀγαμίαν
1456 4292 1809 4361 ὑποσχέσθαι.

244 4388 418 4441 Τοῦτο
439 4389 495 4440 δὲ
524 4392 572 4439 εί
603 4389 749 4457 παρά
778 4390 886 4448 τοῖς
914 4389 970 4439 ὲν
999 4389 1065 4457 τῇ
1110 4386 1340 4455 Ἀφρικῇ
1366 4386 1690 4453 ἐκράτησεν,
1711 4383 1810 4434 οὐκ

1921 3225 2089 3277 simus
2123 3232 2301 3276 autem
2323 3222 2639 3288 patriarcha
2674 3217 2921 3271 dominus
2964 3215 3135 3267 Lucas
3175 3218 3479 3280 unguenta-

1921 3315 2029 3365 rias
2062 3325 2277 3377 quoque
2307 3308 2547 3362 ofﬁcinas
2575 3316 2628 3357 et
2664 3305 2854 3357 balnea
2891 3304 3061 3371 turpis
3096 3317 3213 3355 esse
3235 3311 3476 3368 quaesms

1919 3402 2149 3463 dicebat,
2181 3408 2235 3450 ut
2268 3412 2387 3466 qum
2422 3395 2683 3450 mendacii
2708 3408 2919 3461 quoque
2946 3406 3122 3445 causa!
3141 3399 3341 3443 essent.
3372 3386 3475 3440 Sed

1920 3506 2020 3545 nec
2045 3490 2348 3545 archiatros
2380 3488 2493 3540 ﬂeri
2527 3487 2736 3539 sinebat
2761 3486 3019 3539 diaconos
3036 3483 3117 3536 vel
3146 3480 3477 3541 sacerdotes.

1920 3583 2105 3635 dicens
2138 3595 2243 3633 non
2278 3593 2398 3633 esse
2437 3577 2740 3638 ferendum,
2775 3586 2829 3626 ut
2889 3575 2978 3643 qui
3019 3589 3140 3625 cum
3196 3570 3387 3624 infulis
3424 3578 3477 3622 et

1919 3669 2119 3725 casulis
2151 3677 2334 3722 sancta
2400 3676 2661 3730 tractant,
2702 3665 3055 3717 saecularibus
3108 3662 3345 3716 vestibus
3401 3660 3465 3713 in-

1920 3763 2170 3820 duantur,
2197 3766 2252 3811 et
2280 3773 2399 3811 cum
2428 3758 2599 3817 laicis.
2621 3757 2753 3811 viris
2784 3756 2989 3809 scilicet
3035 3754 3279 3817 medicis,
3324 3754 3464 3805 ince-

1921 3854 2065 3906 dant.
2101 3853 2294 3906 Postea
2327 3860 2503 3903 autem
2534 3858 2750 3902 cautum
2786 3858 2867 3901 cst
2902 3863 2929 3899 a
2968 3848 3169 3901 sanctis
3205 3844 3474 3907 Patribus,

1923 3955 1980 3995 ut
2010 3942 2242 3995 lectores
2273 3942 2324 3993 in
2352 3951 2596 4009 tempore
2628 3939 2924 4007 pubertatis
2955 3948 3073 4006 post
3096 3951 3293 3990 annum
3315 3949 3479 4002 quar-

1924 4042 2031 4085 tum
2059 4032 2325 4085 decimum
2352 4040 2614 4097 cogantur
2637 4030 2717 4083 vel
2745 4028 3091 4081 matrimonio
3122 4027 3368 4092 conjungi
3400 4027 3479 4078 vel

1920 4122 2226 4177 ccelibatum
2262 4120 2523 4189 proﬁteri.
2556 4122 2635 4173 An
2674 4122 2773 4174 hoc
2802 4128 2981 4173 autem
3020 4120 3155 4185 apud
3191 4118 3480 4171 Africanos

1920 4213 2259 4266 observatum
2295 4211 2387 4275 sit,
2434 4212 2664 4265 nescio:
2706 4210 2799 4263 sed
2854 4211 2991 4277 apud
3044 4208 3174 4261 alias
3211 4208 3482 4261 Ecclesias

1921 4316 2025 4355 non
2055 4311 2320 4355 servatur.
2348 4300 2609 4356 Existimo
2639 4310 2840 4358 autem.
2866 4297 3007 4367 quod
3038 4314 3136 4350 nec
3170 4298 3220 4349 in
3250 4298 3353 4349 ulla
3387 4313 3485 4349 uu-

1919 4403 2076 4457 quam
2117 4389 2334 4456 regione
2367 4390 2467 4442 hoc
2500 4397 2771 4443 servatum
2802 4390 2868 4441 sit
2893 4405 2907 4452 ;
2932 4398 2990 4439 ut
3022 4388 3159 4454 quod
3184 4387 3479 4453 apostolico

243 4475 386 4541 οῖδα,
438 4479 591 4548 παρὰ
619 4480 675 4531 δὲ
723 4482 841 4540 ταῖς
877 4479 1066 4540 ἄλλαις
1119 4476 1440 4546 ἐκκλησίαις
1472 4476 1533 4527 οὐ
1588 4475 1807 4543 κρατεῖ.
1847 4472 1888 4526 D

1847 4472 1888 4526 ὓ
1918 4488 2070 4533 sexto
2097 4478 2292 4531 canoni
2324 4479 2660 4544 adversetur,
2692 4478 2783 4545 qui
2840 4476 3102 4538 decernit,
3147 4486 3203 4525 ιιι
3250 4476 3480 4527 lectores

243 4567 474 4637 Νομίζω
504 4569 560 4620 δὲ
583 4570 663 4621 ὅτι
693 4569 815 4621 οὐδὲ
845 4569 901 4620 ἓν
944 4586 1052 4620 τινι
1109 4566 1261 4636 χώρᾳ
1311 4566 1471 4619 τοῦτο
1533 4565 1807 4635 ὲκράτησέ

247 4676 405 4720 ποτε,
436 4658 510 4719 ώς
556 4660 966 4727 ἐναντιούμενον
1012 4657 1090 4726 τῷ
1120 4657 1457 4726 άποστολικῷ
1512 4663 1565 4719 ς’
1598 4658 1805 4720 κανόνι,

247 4749 324 4818 τῷ
349 4750 585 4817 ὁρίζοντι
640 4750 989 4816 ἀναγνώστας
1044 4747 1136 4801 καὶ
1164 4747 1393 4815 ψάλτας,
1446 4748 1538 4799 καὶ
1576 4748 1713 4807 μετὰ
1748 4748 1807 4798 τὸ

247 4841 328 4902 είς
359 4840 561 4907 κλῆρον
592 4841 894 4908 προελθεῖν,
917 4842 1134 4907 γαμεῖν,
1169 4840 1259 4891 καὶ
1296 4840 1371 4907 μὴ
1407 4838 1598 4906 καιρὸν
1623 4840 1805 4900 αὐτοῖς

246 4932 431 4999 γάμου
491 4930 744 4997 ὁρίζοντι,
796 4932 952 4998 μήτε
984 4932 1315 5000 ἐγκράτειαν
1376 4928 1808 4995 ἐπαγγέλλεσθαι

245 5021 592 5075 ἀπαιτοῦντι.
614 5021 688 5072 To
715 5020 773 5072 δὲ
803 5014 1070 5085 δανείζειν
1117 5020 1242 5081 τοὺς
1272 5020 1567 5089 κληρικοὺς
1610 5020 1702 5071 ἐπὶ
1726 5021 1813 5072 τό-

248 5132 367 5176 κοις
400 5111 586 5165 πολλοὶ
612 5112 831 5174 κανόνες
864 5111 1298 5181 ἀπαγορεύουσι.
1330 5114 1441 5164 Καὶ
1465 5115 1493 5164 ὁ
1538 5114 1729 5183 παρὼν
1745 5113 1811 5164 δὲ

250 5200 433 5257 κανὼν
464 5203 523 5254 οὐ
550 5202 709 5269 μόνον
736 5204 861 5264 τοὺς
890 5202 983 5254 τοῦ
1018 5202 1282 5271 βήματος,
1317 5202 1455 5254 ἀλλὰ
1482 5205 1576 5255 καὶ
1607 5201 1813 5264 πάντας

248 5298 377 5358 τοὺς
398 5297 689 5363 κληρικοὺς
724 5296 961 5359 τοκίζειν
1009 5296 1306 5365 ἐμποδίζει.
1345 5297 1469 5347 Ὅτι
1499 5297 1554 5348 δὲ
1582 5297 1687 5348 τῶν
1720 5297 1811 5348 τό-

250 5405 364 5441 κων
412 5390 504 5439 ὲπὶ
552 5388 746 5456 δανείῳ
797 5388 1145 5456 νομισμάτων
1198 5388 1497 5457 δεδομένων
1539 5388 1685 5450 εἰκὸς
1740 5384 1811 5456 ἦν

249 5478 431 5529 εἰπεῖν
449 5493 603 5538 τινας
630 5476 789 5528 τοῦτο
820 5478 916 5546 μὲν
950 5474 1089 5530 εῐναι
1117 5478 1517 5546 κεκωλυμένον,
1562 5479 1622 5528 τὸ
1652 5478 1707 5528 δὲ
1738 5477 1813 5527 δι-

249 5566 403 5619 δόναι
426 5568 570 5619 σῖτον
608 5568 640 5635 ἢ
663 5567 750 5619 ἓτε
761 5583 851 5636 ρον
872 5565 1029 5632 εἶδος,
1069 5570 1159 5621 καὶ
1185 5568 1481 5637 λαμϐάνειν
1516 5567 1693 5620 πλεῖον
1718 5569 1810 5620 τοῦ

328 5743 374 5772 ⁷⁸
406 5739 544 5795 Tim.
583 5758 640 5806 tl,
686 5745 735 5797 ιι.

1918 4579 1972 4622 et
2025 4579 2294 4629 cantores.
2356 4568 2518 4621 etiam
2572 4578 2851 4635 postquam
2907 4566 2958 4618 in
3002 4566 3201 4617 clerum
3242 4564 3479 4632 provecti

1919 4660 2142 4723 fuerint,
2178 4674 2377 4713 uxores
2404 4660 2623 4720 ducunt,
2652 4668 2704 4711 et
2732 4672 2829 4711 nec
2852 4672 3072 4711 uxorem
3092 4656 3318 4709 ducendi
3346 4667 3481 4707 tem-

1918 4766 2016 4819 pus
2044 4750 2250 4811 deﬁnit,
2290 4764 2408 4813 nec,
2436 4759 2494 4801 ut
2528 4749 2918 4803 continentiam
2952 4747 3329 4815 profiteantur,
3363 4747 3479 4798 evi-

1918 4844 2017 4910 git.
2048 4842 2189 4895 Dare
2212 4851 2387 4895 autem
2411 4842 2693 4908 pecuniam
2713 4850 2955 4892 mutuam
2980 4840 3042 4890 ad
3068 4852 3288 4889 usuram
3324 4838 3474 4889 multi

1913 4947 2151 4987 canones
2180 4930 2391 4985 clericis
2421 4931 2728 5000 prohibent.
2760 4931 3006 4984 Praesens
3028 4943 3242 4994 quoque
3276 4942 3474 4984 canon.

1914 5038 2019 5077 non
2052 5022 2225 5077 solum
2253 5036 2348 5077 eos
2379 5022 2467 5089 qui
2521 5029 2649 5074 sunt
2687 5034 2717 5073 e
2755 5018 3028 5082 tribunali,
3056 5019 3147 5071 scd
3185 5030 3235 5070 et
3288 5031 3479 5069 omnes

1915 5114 2141 5167 clericos
2176 5111 2411 5165 l'enerari
2444 5110 2715 5181 prohibet.
2746 5110 2880 5175 Quia
2916 5118 3117 5170 autem,
3147 5122 3267 5161 cum
3300 5121 3476 5157 usura:

1914 5204 2179 5258 dabantur
2208 5204 2279 5256 ob
2315 5203 2567 5272 pecunias
2598 5210 2783 5253 mutuo
2812 5200 2985 5263 datas,
3019 5197 3312 5251 verisimile
3358 5204 3477 5247 erat

1918 5295 2098 5348 dicere
2134 5294 2342 5363 aliquos
2375 5296 2476 5347 hoc
2508 5294 2721 5363 quidem
2780 5307 2900 5344 esse
2935 5289 3295 5356 prohibitum;
3340 5286 3469 5337 dare

1921 5393 2098 5437 autem
2132 5382 2464 5437 frumentum
2509 5384 2592 5438 vel
2643 5384 2875 5451 aliquant
2911 5382 3070 5433 aliam
3125 5379 3383 5447 speciem,
3421 5387 3475 5432 ct

1930 5475 2049 5542 plus
2078 5475 2322 5543 accipere
2355 5490 2513 5542 quam
2546 5476 2728 5527 datum
2800 5475 2886 5536 sil,
2920 5487 3023 5524 non
3055 5486 3175 5525 esse
3230 5472 3473 5539 prohibic

1924 5559 2033 5619 lum
2078 5583 2089 5618 :
2124 5564 2314 5621 Patres
2356 5568 2454 5620 hoc
2494 5581 2707 5635 quoque
2754 5578 3003 5632 expresse
3056 5564 3470 5630 prohibuerunt.
