4214 6438
802 382 875 445 87
2042 403 2141 461 Tii
2151 402 2314 461 EOD.
2358 402 2753 474 BALSAMON
3908 416 3981 479 88

802 491 904 546 Sed
939 506 989 546 ct
1023 494 1174 561 illud,
1232 510 1355 553 ante
1412 504 1705 573 completos
1766 509 1998 576 quinque
2044 518 2096 561 et
2148 508 2334 576 tigiuli
2366 512 2410 564 Δ
2438 516 2466 567 δ

2321 508 2334 558 ἱ
2366 512 2410 564 Δ
2438 516 2701 580 δοθέντος,
2731 521 2805 589 μὴ
2838 522 3299 595 ἀπαγορευθῆναι,
3344 527 3624 583 ἐκώλυσαν
3648 531 3695 583 οῖ
3740 528 3981 599 Πατερες

798 595 968 635 annos
999 598 1103 637 non
1139 590 1374 641 ordinari
1403 591 1710 659 diaconum,
1760 597 1809 648 in
1863 598 2087 650 diversis
2120 596 2341 651 canoni-

794 670 895 723 bus
919 674 1190 727 decretum
1224 688 1324 731 est.
1355 680 1685 736 Prohibitum
1711 698 1795 738 est
1822 693 1999 739 autem
2026 687 2337 749 lectoribus,

793 776 859 813 ne
891 768 1104 829 expleto
1158 770 1456 823 ministerio
1502 778 1567 826 ad
1608 776 1859 842 populum
1920 778 2165 830 conversi
2216 791 2337 829 cum

2441 602 2619 667 ῥητῶς
2648 606 2738 657 καὶ
2772 609 2947 663 τοῦτο.
2989 612 3146 666 Ἀλλά
3172 618 3265 668 καὶ
3290 616 3352 669 τδ
3382 618 3491 687 πρὸ
3539 618 3981 688 συμπληρώσεως

2440 688 2517 741 κε’
2541 693 2800 748 ἐνιαυτῶν
2822 699 2895 769 μὴ
2920 706 3340 770 χειροτονεῖσθαι
3368 709 3613 761 διάκονον
3635 710 3693 761 ιν
3706 709 3980 776 διαφόροις

2438 778 2657 831 κανόσιν
2675 780 2925 849 ὥρισται.
2942 790 3341 858 ’Δπηγόρευται
3366 794 3422 846 δὲ
3446 799 3556 856 τοῖς
3580 795 3978 862 ἀναγνώσταις.

790 850 1022 904 salutent
1061 870 1074 904 :
1107 865 1161 906 ut
1194 858 1283 923 qui
1342 859 1485 913 solos
1526 872 1654 913 tunc
1706 861 1901 915 debent
1933 863 2237 916 sacerdotes
2285 869 2340 913 et
2437 864 2454 914 ί

2322 869 2340 913 ι
2437 864 2494 917 ὲν
2521 866 2600 934 τῷ
2629 869 2866 939 πληροῦν
2888 876 2986 944 τὴν
3005 850 3280 931 διακονίαν
3307 881 3485 933 αὐτῶν
3502 850 3826 951 στρέφεσθαι
3845 850 3980 949 πρός

788 940 1060 995 antistites
1093 943 1340 1006 adorare.
1390 956 1443 999 et
1493 961 1600 1000 non
1633 948 1797 1001 laicos
1850 951 1940 1016 qui
2000 948 2052 1001 in
2109 946 2337 1001 ecclesia

785 1044 1199 1101 congregantur.
1236 1038 1338 1104 Ipsi
1369 1040 1511 1092 enim
1538 1051 1665 1094 sunt
1694 1043 1889 1093 sacrati
1921 1058 1935 1094 :
1962 1040 2186 1108 populus
2206 1052 2337 1092 vero

785 1124 976 1190 procul
1022 1136 1103 1180 est
1133 1142 1160 1177 a
1200 1129 1502 1183 sacerdOtio
1550 1138 1605 1183 et
1641 1132 2067 1185 consecratione.
2104 1132 2183 1183 Ac
2222 1131 2337 1195 ipse

782 1215 959 1279 potius
992 1215 1218 1271 lectores
1247 1219 1473 1274 adorare
1499 1220 1716 1274 deberet
1739 1230 1955 1289 propter
1974 1220 2333 1274 ministerium

782 1319 989 1357 eorum.
1026 1305 1165 1375 Lege
1192 1319 1498 1362 sanctorum
1532 1311 1896 1377 apostolorum
1954 1325 2193 1364 canones
2239 1310 2330 1371 l7,

780 1393 868 1454 18,
898 1394 983 1455 19,
1008 1395 1096 1456 25,
1124 1398 1213 1459 26,
1247 1400 1436 1467 synodi
1462 1400 1663 1470 Ancyr.
1684 1415 1945 1453 canonem
1980 1400 2067 1462 to,
2086 1409 2141 1453 et
2171 1399 2333 1453 Chai-

778 1485 1100 1538 cedoneusis
1154 1500 1387 1544 canones
1424 1490 1511 1551 14,
1547 1490 1634 1553 l5,
1680 1499 1845 1543 sextae
1888 1504 2147 1543 canonem
2182 1491 2234 1554 3,
2269 1490 2325 1554 4,

773 1572 826 1633 6,
862 1573 948 1633 12.
984 1574 1070 1639 15,
1098 1574 1187 1641 48,
1238 1577 1331 1643 58,
1382 1587 1437 1632 et
1484 1579 1653 1634 sancti
1687 1578 1870 1634 Basilii
1921 1595 2157 1635 canones
2182 1580 2236 1645 3,
2271 1581 2327 1646 6,

772 1662 862 1727 49,
904 1665 989 1720 70.

840 1957 908 2011 Et
931 1958 1166 2014 edictum
1192 1962 1405 2030 quidem
1431 1965 1755 2021 sanctissimi
1781 1965 2102 2035 patriarcha:
2122 1963 2327 2018 domini

766 2044 924 2103 Luca:
954 2050 1031 2104 sic
1083 2064 1141 2106 se
1188 2053 1347 2108 habet
1384 2053 1605 2110 :Mense
1662 2055 1942 2110 Decembri
1982 2056 2066 2109 die
2121 2054 2174 2119 8,
2245 2054 2328 2109 in-

770 2144 900 2197 dici.
933 2143 986 2199 6.
1025 2143 1119 2198 Sin
1154 2158 1328 2200 autem
1366 2149 1524 2201 etiam
1548 2149 1635 2203 ille
1662 2148 1829 2212 Osan,
1860 2149 1949 2216 qui
1979 2148 2212 2202 divinam
2239 2161 2325 2198 ar-

766 2250 908 2296 cam,
932 2251 1054 2304 qua:
1081 2238 1450 2299 evertebstur,
1484 2239 1681 2306 attigit,
1719 2254 1823 2292 non
1852 2254 2017 2307 parvo
2062 2236 2324 2307 supplicio

765 2325 992 2381 aﬂ'ectus
1025 2335 1107 2381 est
1125 2327 1291 2396 (atqui
1316 2326 1430 2395 ejus
1456 2338 1572 2383 erat
1596 2330 1900 2383 institutum
1924 2330 2067 2383 illam
2092 2332 2321 2396 erigere,

762 2429 871 2467 non
896 2415 1154 2485 diruere),
1182 2416 1305 2483 quis
1334 2426 1413 2470 est
1444 2417 1577 2471 adeo
1605 2416 1802 2482 audax,
1834 2428 1888 2472 et
1936 2418 2001 2472 ad
2027 2426 2320 2470 extremam

761 2520 930 2575 usque
985 2506 1372 2575 impudentiam
1430 2508 1905 2577 arrogantiamque
1953 2506 2147 2571 elatus,
2182 2507 2321 2562 malo

758 2601 980 2655 omnino
1027 2601 1221 2670 spiritu
1263 2603 1476 2668 ductus,
1534 2603 1625 2672 qui
1663 2616 1771 2657 non
1816 2603 1987 2656 solum
2043 2603 2220 2656 divina
2268 2610 2323 2657 et

758 2690 1056 2759 spiritualia
1080 2692 1335 2747 mandata
1370 2693 1422 2746 in
1457 2694 1724 2763 integrum
1745 2709 1851 2747 non
1879 2693 2013 2759 vult,
2040 2694 2134 2749 sed
2155 2694 2318 2747 etiam

758 2783 810 2835 in
841 2783 1175 2836 contrarium
1227 2783 1579 2852 detorquens,
1645 2799 1707 2839 ea
1755 2784 2085 2838 labefactare
2125 2799 2188 2839 ac
2232 2784 2321 2839 de-

755 2884 967 2929 SIrnere
1002 2874 1347 2944 impudenter
1375 2875 1613 2941 molitur,
1667 2891 1841 2943 eaque
1870 2876 2165 2929 dissolvere
2197 2889 2316 2944 qua:

754 2962 908 3018 firme
937 2980 999 3019 ac
1024 2964 1289 3019 stabiliter
1325 2966 1501 3020 locata
1559 2976 1705 3032 sunt,
1745 2976 1799 3020 et
1853 2981 1915 3021 ea
1975 2979 2316 3021 commovere

754 3069 875 3119 qua:
900 3055 1256 3123 conquassari
1290 3069 1395 3108 non
1443 3064 1688 3124 possunt,
1724 3066 1785 3110 ut
1822 3071 1944 3126 quae
1990 3057 2100 3110 sint
2150 3054 2319 3109 aedili-

2434 954 2524 1005 τὸν
2544 956 2714 1024 δῆμον
2743 961 2837 1012 καὶ
2870 970 3214 1032 προσκυνεῖν,
3246 970 3321 1030 ὡς
3348 971 3619 1038 ὀφείλουσι
3648 974 3768 1024 τότε
3808 987 3982 1039 προσ-

2435 1045 2617 1095 κυνεῖν
2650 1046 2844 1111 μόνους
2890 1054 3015 1114 τοὺς
3050 1057 3214 1125 ἱερεῖς
3248 1057 3341 1111 καὶ
3369 1059 3492 1121 τοὺς
3541 1059 3838 1128 ἀρχιερεῖς,
3863 1056 3982 1109 Γκαὶ.

2432 1131 2554 1201 οὐχὶ
2579 1134 2701 1194 τοὺς
2726 1136 2948 1205 λαῖκοῦς
2975 1147 3100 1209 τοὺς
3124 1150 3181 1200 ὲν
3210 1150 3275 1217 τῇ
3318 1148 3611 1219 Ἐκκλησία
3641 1147 3985 1216 συναθροιζο-

2435 1230 2630 1296 μένους
2653 1249 2668 1263 ⁸
2702 1236 2751 1287 oi
2783 1237 2882 1299 μὲν
2904 1237 3012 1305 γὰρ
3038 1239 3310 1307 ίέρωνται,
3333 1241 3379 1292 oi
3401 1240 3456 1292 δὲ
3473 1238 3567 1291 τοῦ
3592 1240 3762 1307 δήμου
3790 1238 3979 1305 πόρρω

2430 1326 2528 1394 τῆς
2559 1326 2856 1397 ἱερωσύνης
2886 1329 3013 1381 είσί.
3050 1330 3159 1381 Καὶ
3189 1323 3336 1382 οὗτοι
3363 1329 3564 1396 μᾶλλον
3584 1329 3708 1390 τοὺς
3737 1325 3982 1394 ἀναγνῶ·-

2432 1434 2562 1479 στας
2586 1420 2909 1486 προσκυνεῖν
2938 1420 3235 1486 ὀφείλουσι,
3294 1418 3383 1472 διὰ
3410 1418 3510 1484 τὴν
3540 1417 3841 1486 ὑπουργίαν
3874 1418 3973 1468 αύ-

2427 1507 2558 1560 τῶν.
2594 1507 2893 1574 ’Δνάγνωθι
2953 1507 3063 1560 τῶν
3094 1508 3266 1575 ἁγίων
3292 1507 3605 1561 ἀποστόλων
3656 1505 3856 1558 κανόνα
3889 1503 3981 1569 ιζ’,

2432 1600 2521 1663 ιη’,
2556 1594 2641 1658 ιθ’,
2674 1602 2773 1659 κε’,
2802 1602 2916 1659 κς¹,
2942 1595 3162 1648 συνόδου
3186 1595 3463 1664 Ἀγκύρας
3485 1593 3687 1648 κανόνα
3708 1599 3761 1653 ι’,
3791 1595 3885 1662 τῆς
3923 1596 3981 1646 ιν

2428 1685 2733 1753 Χαλκηδόνι
2760 1686 2961 1739 κανόνα
2993 1684 3076 1750 ιδ’,
3104 1693 3166 1739 ιε’
3191 1703 3205 1718 ⁸
3240 1685 3340 1752 τῆς
3377 1691 3429 1750 ς’
3462 1685 3660 1738 κανόνα
3686 1682 3759 1751 γ’,
3801 1685 3865 1747 δ’,
3906 1692 3982 1748 ς’,

2433 1771 2519 1843 ιβὀ
2559 1771 2648 1841 ιτα
2680 1779 2792 1843 μη’.
2825 1780 2928 1844 νη’,
2955 1776 3047 1828 και
3076 1774 3171 1828 τοῦ
3201 1777 3359 1843 άγίου
3382 1776 3667 1829 Βασιλείου
3691 1776 3885 1829 κανόνα
3912 1781 3982 1842 γ’,

2435 1864 2510 1927 ς’,
2544 1863 2621 1928 EO’
2642 1864 2737 1918 καὶ
2764 1871 2828 1919 o’.

2504 1951 2577 2004 Τὸ
2613 1954 2796 2021 μέντοι
2827 1955 3124 2022 σημείωμα
3178 1954 3275 2007 τοῦ
3311 1956 3615 2023 ἀγιωτάτου
3648 1956 3984 2025 πατριάρχου

2431 2042 2619 2111 κυρίου
2639 2043 2821 2096 Λουκᾶ
2842 2044 2952 2113 ἔχει
2974 2043 3166 2108 οὕτως·
3198 2037 3344 2115 Μηνὶ
3364 2046 3679 2116 Δεκεμϐρίῳ
3714 2044 3781 2117 η’,
3802 2047 3985 2117 ἡμέρα

2430 2136 2478 2181 α’
2516 2130 2841 2195 ίνδικτιῶνος
2876 2150 2914 2195 ς·
2935 2171 2951 2188 .
2984 2135 3047 2188 Εἰ
3076 2136 3132 2187 δὲ
3163 2137 3256 2189 καὶ
3295 2135 3458 2199 Ὀζάν
3484 2138 3691 2196 ἐκεῖνος
3716 2138 3812 2206 τῆς
3834 2138 3985 2200 θείας

2430 2220 2662 2273 κιϐωτοῦ
2695 2226 3147 2295 παρατραπείσης
3171 2227 3447 2298 ἁψάμενος
3496 2230 3558 2283 οὐ
3612 2230 3830 2301 μικρὸνῖ
3856 2247 3989 2282 κατ-

2428 2311 2623 2381 εκρίθη
2660 2313 2722 2365 τὸ
2750 2314 3027 2384 επιτίμιον
3076 2317 3287 2384 (καίτοι
3339 2319 3539 2381 σκοπὸς
3589 2321 3647 2372 εν
3675 2320 3820 2385 αύτῷ
3849 2318 3987 2387 πρὸς

2428 2404 2727 2474 ἀνόρθωσιν
2749 2406 2971 2476 ταύτης,
3011 2407 3073 2459 οὐ
3116 2408 3254 2478 πρὸς
3302 2408 3676 2481 καθαίρεσιν),
3701 2409 3786 2471 τίς
3840 2407 3985 2461 οὕτω

2425 2495 2691 2566 τολμηρὸς
2715 2496 2806 2550 καὶ
2828 2498 2905 2560 είς
2930 2498 3167 2569 ἐσχάτην
3189 2501 3463 2555 ἀναίδειαν
3485 2502 3577 2555 καὶ
3604 2501 3984 2573 ὑπερηφανίαν
4019 2547 4021 2549 .

2423 2585 2745 2655 δεενεχθεὶς,
2774 2589 3047 2658 πνεύματι
3079 2591 3299 2653 πάντως
3326 2592 3592 2660 ἀγόμενος
3637 2591 3879 2661 πονηρῷ.
3926 2591 3985 2651 ὃς

2426 2675 2502 2744 μὴ
2562 2677 2722 2745 μόνον
2781 2680 2881 2731 οὐκ
2940 2680 3273 2749 ἐπανορθοῦν
3316 2685 3552 2752 αἱρεῖται
3605 2685 3673 2737 τά
3740 2682 3857 2736 θεῖα
3888 2684 3983 2736 καὶ⁵

2422 2769 2771 2837 πνευματικά
2790 2770 3162 2840 διατάγματα,
3189 2774 3327 2827 ἀλλά
3355 2775 3449 2827 καὶ
3466 2775 3566 2842 τὴν
3592 2772 3837 2825 ἐναντίαν
3862 2789 3985 2841 τρε-

2421 2858 2679 2924 πόμενος,
2706 2860 3110 2927 παρασαλεύειν
3154 2862 3325 2915 ταῦτα
3356 2864 3452 2916 καὶ
3508 2863 3788 2932 καθαιρεῖν
3824 2864 3981 2914 ἀναι-

2419 2946 2668 3009 δεύεται,
2698 2948 2795 3001 καὶ
2824 2951 3124 3019 παραλύειν
3153 2954 3221 3005 τά
3256 2953 3470 3020 παγίως
3507 2951 3841 3023 ἡδρασμὲνα,
3885 2953 3981 3005 καὶ

2421 3048 2745 3114 παρακινεῖν
2773 3048 2843 3100 τὰ
2869 3047 3162 3110 ἀσάλευτα,
3194 3046 3610 3116 ᾠκοδομημένα,
3648 3043 3830 3106 καθώς
3878 3059 3982 3111 φη·

752 3152 891 3206 cata,
925 3153 982 3194 ut
1008 3142 1182 3203 aiunt,
1214 3158 1375 3210 supra
1418 3143 1826 3198 fundamentum
1866 3144 2233 3213 apostolorum
2261 3156 2316 3198 et
2342 3145 2386 3205 C

2313 3184 2316 3194 .
2342 3145 2386 3205 ο
2421 3154 2525 3201 σιν,
2567 3139 2658 3190 ἐπὶ
2686 3138 2763 3208 τῷ
2788 3138 3024 3207 θεμελίῳ
3056 3139 3165 3191 τῶν
3186 3138 3501 3201 ἀποστόλων
3533 3137 3628 3190 καὶ
3658 3136 3977 3205 προφητῶνς

754 3232 1183 3303 prophetarum?
1207 3234 1499 3304 Propterea
1537 3248 1719 3290 nostra
1758 3251 1975 3306 quoque
2012 3238 2313 3291 moderatio

754 3341 856 3378 non
911 3325 1189 3379 ferendum
1251 3342 1373 3381 esse
1433 3335 1547 3381 rata
1606 3328 1801 3382 malam
1870 3331 2313 3383 consuetudinem

751 3417 926 3471 adhuc
957 3419 1183 3479 servari,
1216 3433 1336 3487 quae
1377 3419 1555 3473 divina
1616 3429 1670 3474 et
1717 3419 1953 3473 humana
2011 3419 2313 3482 confundit,

750 3518 803 3561 et
840 3507 1114 3576 Ecclesiae,
1141 3524 1258 3576 qum.
1300 3520 1383 3564 est
1416 3512 1483 3563 ab
1517 3511 1661 3564 omni
1695 3510 2113 3578 reprehensione
2143 3509 2313 3561 aliena

753 3599 841 3654 Dei
876 3614 1094 3666 sponsa,
1124 3600 1497 3654 constitutioni
1528 3616 1632 3653 non
1661 3600 1907 3668 vulgares
1938 3598 2174 3653 maculas
2200 3599 2317 3652 inu-

750 3691 837 3753 rit,
871 3705 1095 3765 quaeque
1121 3690 1369 3756 superbia
1396 3700 1447 3744 et
1473 3706 1609 3743 vana
1644 3691 2030 3758 negotiatione,
2052 3699 2106 3743 et
2137 3691 2188 3743 in
2221 3691 2311 3752 iis,

749 3795 871 3849 quae
903 3791 1029 3833 sunt
1061 3780 1268 3849 abjecta
1308 3781 1373 3833 ab
1412 3796 1583 3850 eaque
1619 3781 1993 3840 abhorrentia.
2041 3782 2218 3834 studio
2261 3790 2317 3833 et

750 3872 953 3934 labore,
983 3880 1037 3925 et
1064 3872 1315 3939 turpibus
1335 3881 1592 3939 praeterea
1624 3871 1808 3933 lucris,
1835 3871 1953 3939 ejus
1978 3870 2313 3925 honestatem

746 3963 1197 4033 splendoremque
1218 3962 1436 4031 polluit;
1465 3962 1640 4016 visum
1667 3970 1749 4015 est
1771 3976 1888 4016 eam
1912 3976 2029 4015 esse
2057 3960 2316 4014 radicitus

747 4056 1100 4122 evellendam,
1126 4064 1183 4109 ut
1214 4071 1321 4110 non
1353 4055 1583 4124 amplius
1617 4065 1905 4109 enascatur
1929 4054 2078 4107 radix
2114 4053 2316 4106 amari-

749 4146 971 4210 tudinis,
1007 4147 1301 4200 secundum
1361 4147 1602 4199 divinum
1644 4144 1973 4211 apostolum,
2035 4157 2130 4210 per
2172 4157 2313 4211 prte-

744 4243 953 4287 sentem
986 4246 1226 4288 nostram
1263 4235 1597 4301 spirituaiem
1630 4244 1684 4289 et
1712 4233 1872 4304 537
1902 4243 2182 4303 paternam
2216 4233 2313 4286 do-

745 4326 996 4390 ctrinam,
1021 4342 1137 4393 quae
1162 4340 1383 4395 scopum
1417 4325 1631 4394 quidem
1655 4335 1838 4392 aperte
1865 4322 2109 4377 declarat
2137 4335 2316 4375 causa:

746 4418 1033 4486 pr0positze
1066 4419 1129 4471 de
1180 4417 1266 4480 iis,
1304 4416 1397 4485 qui
1441 4430 1653 4471 sacram
1701 4414 2075 4468 auctoritatem
2133 4413 2310 4467 sortiti

746 4521 893 4575 sunt,
924 4518 980 4563 et
1012 4509 1365 4566 sacularibus
1381 4509 1590 4578 seipsos
1619 4507 2027 4576 magistratibus
2054 4516 2108 4561 et
2139 4506 2315 4576 digni-

749 4602 950 4655 tatibus
977 4601 1232 4669 curisque
1269 4615 1331 4654 ac
1361 4601 1590 4669 negotiis
1629 4599 1927 4667 implicant.
1964 4599 2043 4651 Ad
2086 4600 2310 4651 verbum

745 4703 923 4745 autem
949 4692 1027 4747 sic
1066 4706 1125 4745 se
1163 4693 1362 4746 habet:
1390 4694 1481 4753 lis,
1503 4692 1593 4761 qui
1617 4691 2036 4753 sacerdotalem,
2066 4690 2317 4758 inquiunt

746 4783 953 4841 Patres.
980 4782 1301 4851 dignitatem
1344 4784 1520 4837 sortiti
1558 4793 1706 4845 sunt,
1735 4781 2043 4835 testimonia
2086 4789 2138 4834 et
2177 4794 2316 4847 prae-

744 4874 888 4931 clara
936 4873 1076 4928 facta
1136 4884 1261 4928 sunt
1299 4876 1686 4929 canonicarum
1734 4874 2183 4928 constitutionum
2234 4873 2316 4925 in-

744 4964 1123 5027 l'ormationes,
1169 4978 1306 5030 quas
1360 4964 1523 5017 etiam
1567 4963 1813 5016 lubenter
1846 4965 2214 5024 admittentes,
2250 4962 2314 5013 ad

745 5056 1033 5109 Dominum
1066 5054 1235 5108 Deum
1256 5070 1382 5109 cum
1408 5054 1608 5107 Davide
1638 5053 1727 5107 Dei
1759 5067 2004 5116 praecone
2027 5053 2309 5105 canimus:

747 5146 814 5202 In
850 5150 935 5201 via
988 5148 1402 5201 testimoniorum
1432 5157 1643 5197 tuorum
1674 5146 1962 5197 delectatus
2016 5158 2153 5203 sum,
2194 5152 2313 5193 tan-

742 5256 900 5307 quam
933 5240 987 5291 in
1018 5239 1253 5293 omnibus
1294 5238 1491 5290 divitiis
1525 5237 1586 5288 ι’.
1629 5236 1693 5289 Ει
1738 5249 1924 5287 rursus
1962 5250 1975 5286 :
2036 5232 2311 5285 Mandam‘

743 5331 1003 5392 iustitiam
1026 5346 1044 5393 ;
1076 5329 1371 5385 testimonia
1396 5340 1485 5381 ma
1524 5329 1578 5380 in
1604 5337 1857 5379 wternum
1884 5329 2008 5377 doce
2032 5340 2133 5387 me,
2160 5332 2209 5376 et
2235 5324 2311 5376 ui-

744 5439 859 5473 rum
892 5422 958 5475 “.
989 5422 1142 5488 Quod
1174 5423 1217 5473 si
1254 5437 1353 5475 vox
1389 5420 1700 5488 prephetica
1747 5434 1843 5472 nos
1870 5418 2024 5485 jubet
2055 5419 2107 5471 in
2148 5427 2309 5471 reter-

747 5530 873 5563 num
916 5511 1004 5563 Dei
1045 5511 1351 5565 testimonia
1410 5511 1703 5573 custodire,
1755 5520 1807 5562 et
1850 5510 1901 5562 in
1944 5512 2075 5578 ipsis
2108 5512 2309 5571 vivere,

748 5605 1089 5659 manifestum
1127 5616 1207 5657 est
1246 5619 1307 5658 ea
1347 5606 1666 5658 inconcussa
1700 5614 1753 5658 et
1804 5602 1947 5657 nulla
1986 5604 2197 5656 ratione
2229 5602 2309 5655 lu-

808 5778 852 5828 ξ’
882 5776 1022 5843 Psai.
1080 5793 1262 5835 cm”.
1322 5778 1399 5829 l5.
1490 5778 1533 5810 ³⁰
1572 5778 1708 5846 ihid._
1751 5779 1851 5833 158

2419 3229 2517 3282 Διά
2564 3229 2725 3282 τοῦτο
2789 3231 2884 3283 καὶ
2941 3231 2973 3297 ή
3012 3230 3301 3299 μετριότης
3354 3229 3508 3299 ἡμῶν
3560 3230 3660 3282 οὐκ
3689 3228 3983 3294 ἀνασχετὸν

2419 3320 2742 3388 ἡγησαμένη
2774 3321 3017 3388 πονηρὰν
3047 3321 3334 3390 συνήθειαν
3363 3319 3459 3375 καὶ
3493 3320 3575 3372 ῑτι
3611 3322 3855 3385 κρατεῖν,
3889 3337 3977 3387 μι-

2418 3410 2689 3476 γνύουσαν
2715 3411 2834 3463 θεῖά
2863 3427 2921 3462 τε
2955 3411 3049 3463 καὶ
3081 3410 3421 3480 ἀνθρώπινα,
3460 3411 3554 3464 καὶ
3609 3413 3678 3480 τῇ
3732 3410 3830 3478 τῆς
3860 3408 3985 3461 Ἐκ-

2418 3505 2648 3569 κλησίας
2677 3503 3037 3568 καταστάσει,
3076 3505 3174 3571 τῆς
3217 3502 3521 3571 ἀμωμήτου
3582 3501 3800 3571 νύμφης
3850 3501 3981 3569 Xpt-

2419 3594 2568 3656 στοῦ,
2618 3594 2840 3655 σπίλους
2868 3595 2928 3647 ού
2961 3596 3091 3656 τοὺς
3123 3594 3380 3662 τυχόντας
3430 3591 3983 3662 προσεπιτρίσουσαν,

2417 3688 2510 3739 καὶ
2539 3688 2695 3755 τύφῳ
2725 3689 2816 3740 καὶ
2839 3687 3065 3757 ἀσχολίᾳ
3091 3686 3315 3757 ματαίᾳ,
3345 3688 3437 3738 καὶ
3463 3687 3528 3752 τῇ
3554 3686 3683 3755 περὶ
3706 3683 3775 3735 τὰ
3800 3683 3983 3734 είκαῖα

2419 3780 2713 3848 καὶταύτῃ
2749 3780 3025 3849 ἀπᾴδοντα
3044 3778 3360 3848 διαπονήσει
3399 3792 3458 3829 τε
3507 3776 3599 3828 καὶ
3646 3775 3874 3842 σπουδῇ,
3901 3772 3985 3824 ἔτι

2418 3886 2480 3938 γε
2514 3869 2618 3937 μὴν
2641 3870 2734 3921 καὶ
2766 3869 3017 3939 ἀκερδέσι
3050 3869 3111 3920 τὸ
3140 3868 3335 3937 σεμνὸν
3367 3866 3573 3936 ταύτης
3606 3865 3987 3934 καταρρυπαί-

2418 3976 2637 4021 νουσαν,
2670 3959 2940 4028 ηύδόκησε
2968 3957 3182 4028 ῥιζόθεν
3208 3958 3412 4029 ταύτην
3443 3957 3761 4024 ἀποτεμεῖν,
3790 3955 3876 4006 ῖνα
3912 3955 3987 4023 μὴ

2419 4050 2545 4121 ῥίζα
2582 4052 2806 4119 πικρίας
2834 4050 2928 4103 καὶ
2961 4050 3040 4102 ἐτι
3082 4053 3213 4120 φυῇ,
3260 4051 3404 4104 κατά
3432 4049 3523 4103 τὸν
3575 4050 3715 4100 θεῖον
3749 4046 3987 4099 ἀπόστο-

2416 4141 2532 4202 λον,
2556 4142 2645 4194 διά
2674 4143 2772 4211 τῆς
2804 4141 3088 4210 παρούσης
3140 4141 3412 4211 ἡμετέρας
3465 4137 3845 4207 πνευματικῆς
3893 4136 3989 4188 καὶ

2419 4233 2695 4301 πατρικῆς
2724 4233 3026 4296 διαλαλιᾶς,
3066 4233 3165 4301 τῆς
3200 4230 3470 4299 δηλούσης
3529 4231 3627 4298 μὲν
3652 4229 3743 4281 τὸν
3778 4226 3985 4280 σκοπὸν

2420 4325 2669 4394 φανερῶς
2691 4324 2792 4393 τῆς
2816 4325 3178 4394 προτεθείσης
3202 4323 3518 4385 ὑποθέσεως
3537 4322 3667 4389 περὶ
3693 4320 3801 4372 τῶν
3834 4318 3987 4388 ίεράν

2420 4411 2579 4475 ἀξίαν
2614 4411 2910 4478 λαχόντων,
2940 4412 3036 4464 καὶ
3070 4413 3366 4480 κοσμικαῖς
3396 4412 3624 4471 ἑαυτοὺς
3686 4407 3986 4477 ἐμπλεκόν-

2417 4522 2527 4556 των
2555 4505 2750 4573 ἀρχαῖς
2780 4506 2871 4554 καὶ
2895 4502 3072 4565 ἀξίαις
3126 4503 3218 4555 καὶ
3246 4501 3494 4570 φροντίσι
3524 4501 3618 4553 καὶ
3651 4501 3937 4568 πράγμασι
3970 4541 3983 4563 ,

2415 4594 2559 4646 οὕτω
2588 4593 2647 4645 δὲ
2684 4592 2826 4644 κατὰ
2861 4592 3016 4661 ῥῆμα
3039 4591 3292 4659 ἐχούσης,
3347 4592 3473 4651 Τοῖς
3526 4592 3625 4658 τὴν
3683 4589 3987 4657 ἱερατικὴν,

2421 4684 2587 4753 φασὶν
2611 4685 2659 4735 οί
2697 4682 2960 4751 Πατέρες,
2991 4682 3250 4750 λαχοῦσιν
3274 4680 3451 4744 ἀξίαν,
3493 4678 3769 4748 μαρτύριά
3802 4695 3861 4730 τε
3891 4680 3990 4731 καὶ

2419 4775 2823 4844 κατορθώματα
2858 4776 2911 4825 αί
2964 4774 3070 4825 τῶν
3118 4771 3419 4825 κανονικῶν
3452 4771 3749 4835 διατάξεων
3781 4770 3987 4821 ύποτυά

2419 4867 2624 4926 πῶσεις
2657 4866 2816 4922 είσὶν,
2844 4863 2911 4925 ἃς
2941 4863 3035 4915 καὶ
3068 4863 3322 4931 ἀσμένως
3372 4861 3677 4929 δεχόμενοι,
3710 4860 3843 4928 πρὸς,
3894 4860 3987 4911 τὸν

2422 4958 2701 5025 Δεσπότην
2724 4957 2855 5008 Θεὸν
2894 4954 3030 5022 μετά
3052 4952 3216 5005 Δασῖδ
3247 4952 3341 5005 τοῦ
3373 4951 3737 5017 θεοφάντορος
3761 4949 3983 5019 ᾄδομενο

2434 5047 2535 5101 Ἔν
2570 5046 2642 5113 τῇ
2681 5046 2801 5111 ὀδῷ
2830 5046 2946 5097 τῶν
2978 5044 3320 5113 μαρτυρίων
3375 5056 3491 5094 σου
3530 5040 3843 5107 ἐτέρφθηγ,
3904 5042 3987 5105 ὡς

2418 5140 2514 5193 ἐπὶ
2539 5140 2717 5192 παντὶ
2742 5139 2982 5201 πλούτῳ
3003 5153 3015 5166 ·
3047 5136 3144 5188 καὶ
3179 5134 3338 5197 αὖθις
3363 5150 3375 5165 υ
3420 5134 3731 5187 Ἔνετείλω
3757 5131 3984 5186 δικαιο-

2418 5236 2638 5297 σύνηνο
2668 5231 2740 5284 τὰ
2758 5228 3053 5299 μαρτύριά
3084 5244 3201 5282 σου
3246 5230 3335 5292 είς
3364 5227 3471 5278 τὸν
3507 5223 3694 5279 αἰῶνα
3747 5223 3987 5277 συνέη-

2417 5325 2535 5376 σόν
2562 5342 2653 5391 με,
2693 5323 2790 5376 καί
2824 5321 3097 5389 ζήσομαι.
3132 5320 3242 5372 Καὶ
3271 5320 3429 5388 εἴπερ
3452 5320 3530 5379 είς
3561 5316 3652 5368 τδν
3680 5315 3851 5367 αίῶνα
3882 5332 3985 5382 φυ-

2414 5415 2633 5467 λάττειν
2657 5415 2790 5483 ἡμῖν
2821 5412 3129 5464 ἐντέλλεται
3156 5411 3189 5480 ή
3222 5408 3536 5479 προφητικὴ
3570 5405 3721 5475 φωνὴ
3746 5404 3813 5456 τά
3839 5421 3981 5473 μαρ.

2414 5511 2576 5579 τύρια
2604 5509 2699 5560 τοῦ
2724 5507 2884 5570 Θεοῦ,
2920 5507 3011 5558 καὶ
3060 5505 3159 5574 ζῇν
3185 5506 3242 5556 ιν
3273 5504 3478 5564 αὐτοῖς,
3510 5500 3668 5567 δῆλον
3695 5498 3768 5561 ὡς
3799 5498 3977 5567 ἀκρά-

2414 5600 2583 5653 ὂαντα
2618 5600 2710 5651 καὶ
2746 5598 3018 5651 ἀσάλευτα
3068 5593 3438 5663 διαμένουσιν.
3508 5591 3628 5645 Ὀτι
3679 5588 3821 5641 οὕτω
3842 5590 3980 5653 φησι
