4214 6438
256 379 329 442 89
1298 388 1373 447 ΙΝ
1412 391 1566 449 CAN.
1616 393 1745 453 XVI
1782 394 1920 452 CON

1786 394 1979 455 CONC.
2028 396 2398 455 CARTHAG.
3381 391 3450 456 90

258 492 354 543 καὶ
377 493 405 543 ό
426 491 656 563 θεόπτης
688 496 892 563 Μωσῆς
911 510 925 525 ·
968 497 1070 550 ‘Er
1088 499 1291 564 αὐτοῖς
1313 504 1424 553 οὐκ
1466 504 1595 556 ἔστι
1621 519 1803 573 προσ-
1833 507 1875 561 Α
1905 505 1922 558 ι

1784 537 1803 547 -
1833 507 1875 561 Α
1905 504 2218 559 befactanda
2255 514 2589 571 permanere.
2619 500 2754 554 Nam
2787 500 2999 553 divinus
3028 510 3237 566 quoquc
3280 495 3448 551 Moses

253 580 464 643 θεῖναι,
495 585 592 636 καί
621 585 720 637 dx'
755 585 953 639 αὐτῶν
975 589 1083 640 οὐκ
1110 589 1278 642 ἔστιν
1303 593 1567 658 ἀφελεῖν.
1590 597 1802 649 Τούτων

253 672 438 722 τοίνυν
460 672 633 734 οὕτως
671 673 840 726 ὄντων
894 677 987 729 καὶ
1037 678 1591 750 διαμαρτυρουμένων
1650 688 1800 753 ἡμῖν,

254 759 652 827 ἀγαλλιώμενοι
707 764 794 815 ἐπ’
848 766 1048 827 αὐτοῖς,
1099 770 1191 830 ὡς,
1246 771 1298 821 εί
1345 789 1430 835 τις
1462 772 1599 843 εὕρῃ
1634 775 1802 829 σκῦλα

254 850 451 914 πολλὰ,
487 856 613 915 τοὺς
643 854 816 917 θείους
868 858 1147 922 ἀσπασίως
1194 862 1422 923 κανόνας
1474 866 1805 933 svo-rapvth-

258 941 423 1007 μεθα,
456 945 551 995 καὶ
575 945 670 1013 τὴν
689 947 871 997 αὐτῶν
900 948 1157 1016 διαταγὴν
1203 952 1497 1020 ὀλόκληρον
1545 958 1637 1006 καὶ
1671 958 1804 1008 ἀσά-

252 1030 443 1084 λευτον
466 1035 646 1101 μένειν
674 1035 949 1104 όλοψύχως
978 1039 1299 1107 αἱρούμεθα.
1338 1044 1447 1095 Καὶ
1473 1046 1655 1111 ἐπειδὴ
1689 1046 1800 1098 τῶν

253 1120 313 1170 ιν
338 1122 528 1192 κλήρῳ
549 1125 893 1192 τεταγμένων
923 1128 1071 1190 τινὰς
1126 1129 1370 1200 ἔγνωμεν
1400 1134 1685 1202 πράγμασι
1710 1152 1802 1187 κο-

255 1213 473 1274 σμικοῖς
504 1213 872 1279 ἐμπλέκοντας
895 1218 1261 1281 ἀκανονίστως
1295 1222 1541 1282 έαυτοὺς,
1572 1222 1667 1282 οὓς
1703 1224 1801 1291 μὲν

254 1302 660 1368 κουρατωρείας
717 1305 813 1388 καὶ
848 1307 1167 1372 προνοήσεις
1203 1309 1365 1361 οίκων
1409 1311 1799 1383 ἄρχοντικῶνῆ

254 1388 552 1452 κτημάτων
594 1392 1104 1458 ἀναλαμϐάνοντας,
1146 1396 1241 1459 οὓς
1288 1398 1343 1449 δι
1384 1400 1479 1451 καὶ
1527 1399 1802 1467 δημοσίων

250 1472 427 1524 τελῶν
467 1478 780 1544 εἰσπράξεις
804 1480 836 1550 ἢ
864 1484 1171 1549 κεφαλαίων
1203 1487 1424 1553 ἑτέρων,
1471 1488 1503 1556 ἢ
1529 1489 1801 1553 ἐξελάσεις

249 1559 537 1627 πλωϊμων,
579 1566 610 1634 ἢ
640 1567 701 1635 δὴ
725 1568 818 1620 καὶ
863 1570 1178 1639 ἀναγραφὰς
1223 1572 1256 1643 ἢ
1287 1573 1613 1640 λογοποιίας,
1646 1578 1678 1647 ἢ
1706 1580 1801 1629 καὶ

249 1651 445 1720 έτέραν
466 1656 657 1721 ὁμοίαν
682 1658 981 1727 ἐνέργειαν,
1007 1662 1115 1717 οὐκ
1133 1662 1225 1715 ini.
1250 1664 1570 1732 πράγμασιν
1603 1667 1801 1735 έκκλη-

249 1745 571 1807 σιαστικοῐς,
617 1746 748 1798 ἀλλά
773 1752 1070 1815 κοσμικοῖς,
1121 1752 1291 1813 ένίους
1324 1755 1394 1807 ’δὲ
1441 1759 1533 1808 καὶ
1562 1758 1713 1823 ἀξίας
1743 1775 1799 1809 τε

248 1831 345 1881 καὶ
371 1831 547 1899 ἀρχάς
576 1834 672 1896 τάς
696 1839 791 1903 τῆς
825 1838 1098 1901 πολιτείας
1131 1818 1636 1913 ἀπονενεμημέναςν,
1687 1818 1798 1909 τοῖς
1832 1818 1873 1872 Β

246 1920 514 1983 τοιούτοις
544 1926 987 1995 παρεγγυώμεθα
1021 1930 1332 1986 παύσασθαι
1359 1935 1451 1986 τοῦ
1483 1936 1673 1988 λοιποῦ
1698 1938 1803 1989 τῶν

245 2009 553 2078 εἰρημένων
578 2014 852 2069 ἁπάντων·
875 2021 993 2081 ταίς
1010 2021 1495 2088 ἐκκλησιαστικαῖς
1518 2026 1573 2077 δέ
1592 2027 1803 2094 χρείαις

246 2108 701 2174 προσευκαιρετν,
738 2108 786 2158 εί
820 2108 892 2177 μὴ
922 2108 1199 2177 βούλοιντο
1255 2116 1320 2182 τῇ
1365 2114 1656 2185 δεδογμένῃ
1693 2120 1805 2178 τοῖς

244 2186 412 2252 θείοις
442 2194 537 2245 καὶ
568 2195 733 2263 ίεροτς
761 2199 950 2251 κανόσι
1007 2201 1326 2270 καθαιρέσει
1380 2204 1474 2256 τοῦ
1508 2207 1805 2273 προσόντος

242 2280 435 2344 αὐτοῖς
466 2284 923 2355 έκκλησιαστικοῦ
952 2291 1046 2343 τοῦ
1095 2291 1305 2361 βαθμοῦ
1340 2295 1640 2362 ὑπαγαγεῖν
1680 2298 1806 2349 έαυ-

241 2370 399 2433 τούς.
438 2374 501 2426 Εί
535 2377 644 2445 γὰρ
675 2380 770 2431 καὶ
799 2383 986 2450 μακρᾷ
1014 2383 1272 2453 συνηθείᾳ
1306 2385 1629 2451 έδράζεσθαί
1659 2405 1805 2450 τινες

241 2459 448 2516 οἴονται
469 2465 565 2517 τοῦ
588 2468 811 2521 τοιαῦτα
837 2470 1083 2538 μετιέναι
1108 2472 1204 2525 καὶ
1224 2476 1331 2544 πρὸ
1362 2476 1542 2528 αὐτῶν
1568 2478 1669 2530 οὐκ
1698 2478 1806 2531 ὀλί-

238 2566 400 2617 γους,
436 2555 569 2623 πρὸς
589 2555 645 2609 δι
680 2558 775 2609 καὶ
808 2558 1098 2627 βασιλικάς
1119 2565 1249 2631 φασί
1280 2581 1341 2616 τε
1367 2567 1640 2636 προϐῆναι
1664 2571 1808 2622 οίκοο

242 2645 443 2711 votam;
470 2647 817 2714 ἀνατιθείσας
850 2653 1172 2720 ίερωμένοις
1206 2656 1365 2721 ἀξίας
1393 2675 1453 2710 τε
1494 2660 1587 2711 καὶ
1616 2677 1807 2729 κοσμι-

242 2737 348 2797 κὰς
402 2739 495 2790 καὶ
550 2738 779 2806 ὀφφίκια
833 2742 865 2805 ἢ
896 2743 1178 2810 ένεργείας
1210 2746 1405 2815 ὁμοίας
1431 2750 1541 2801 εἴτε
1598 2751 1802 2818 ἀρχάςο

241 2823 363 2875 ἀλλ’
389 2824 487 2894 οὐχ
512 2827 909 2898 ἑλκυσθήσεται
936 2834 1072 2900 πρὸς
1097 2833 1421 2903 ὑπόδειγμα.
1462 2838 1678 2908 Ἐπειδὴ
1700 2842 1807 2910 γὰρ

240 2914 365 2968 οὗθ’
397 2918 490 2969 ὑπ’
522 2921 859 2987 ἀμφιϐολίαν
896 2924 945 2975 οί
973 2926 1107 2993 περὶ
1135 2925 1341 2978 τούτων
1377 2930 1512 2995 ίεροὶ
1552 2932 1648 2983 καὶ
1673 2931 1806 2984 θεῖοι

241 3006 466 3069 κανόνες
507 3008 725 3073 ἔπεσον,
775 3012 900 3064 οὔτε
944 3014 1239 3083 δοκιμασία
1264 3034 1347 3080 τις
1378 3021 1472 3070 κο.)⁵
1517 3020 1808 3087 διάγνωσις

239 3096 522 3199 ιγγραφος
554 3102 884 3199 προϐεϐ-ήκει
925 3107 1077 3173 παρά
1107 3123 1168 3158 τε
1206 3107 1302 3159 τοῦ
1330 3111 1469 3162 κατά
1516 3112 1710 3180 καιρὸν
1732 3113 1800 3173 τά
1827 3140 1870 3199 c

237 3188 339 3253 τῆς
375 3188 651 3256 βασιλείας
679 3193 934 3264 σκῆπτρα
960 3196 1257 3261 διέποντος,
1289 3199 1370 3249 ἔτι
1414 3200 1473 3252 δὲ
1502 3202 1595 3253 καὶ
1633 3202 1801 3269 άγιω·

238 3278 421 3330 τάτων
450 3283 809 3351 πατριαρχῶν
836 3286 931 3337 καὶ
965 3288 1199 3340 συνόδων
1224 3290 1448 3351 τούτους
1475 3292 1672 3353 αὐτοὺς
1698 3310 1802 3345 πα-

242 3368 619 3439 ραθραύουσα,
651 3376 711 3425 οὑ
746 3376 871 3439 τοὺς
905 3381 1328 3449 γεγραμμένους
1350 3383 1581 3445 κανόνας
1601 3384 1660 3435 at
1688 3400 1803 3436 τοι-

239 3462 405 3516 αῦται
436 3467 763 3535 οίκονομίαι,
808 3471 909 3523 καὶ
936 3473 968 3541 ἡ
1018 3473 1091 3543 μὴ
1124 3475 1519 3544 δοκιμασθείσα
1544 3476 1802 3546 συνήθεια

238 3553 380 3615 ὅλως
399 3558 872 3625 παρασαλεύουσιν
894 3577 910 3591 ο
956 3556 1118 3616 αὗται
1145 3563 1201 3615 δέ
1235 3566 1436 3633 μᾶλλον
1465 3566 1571 3616 ὑπὸ
1595 3567 1802 3619 τούτων

240 3646 559 3699 τούναντίον
587 3651 768 3703 τέλεον
803 3655 1279 3724 συντριϐήσονται,
1330 3659 1406 3721 ὡς
1457 3658 1634 3727 χύτρα
1665 3662 1805 3713 κατά

241 3735 336 3787 τὸν
367 3736 689 3805 Σολομῶντα
740 3746 1164 3813 προσκρούσασα
1213 3747 1418 3815 λέϐητι.
1458 3752 1649 3802 Πύλαι
1673 3752 1801 3820 γὰρ,

244 3828 429 3892 φησιν,
457 3827 604 3893 ᾅδου
630 3829 739 3898 τῆς
780 3834 1145 3902 Ἐκκλησίας
1171 3840 1242 3891 οὐ
1283 3841 1801 3907 κατισχύσουσιν,

242 3916 696 3992 οίκοδομηθείσης
725 3926 875 3995 παρὰ
904 3927 1112 3997 Κυρίου
1146 3928 1239 3979 ἐπὶ
1263 3930 1339 3997 τῷ
1371 3930 1665 3999 θεοκήρυκι
1700 3930 1805 3983 Πέ-

242 4024 384 4077 τρῳ,
411 4010 489 4078 τῷ
528 4012 626 4064 σὺν
649 4017 762 4076 τοῖς
792 4016 999 4079 λοιποῖς
1022 4019 1196 4085 ἁγίοις
1224 4021 1547 4083 ἀποστόλοις
1582 4024 1805 4090 νομοθεο

242 4100 474 4166 τήσαντι
505 4100 678 4166 οὕτως
697 4106 757 4157 ἑν
788 4104 842 4170 ς’
872 4110 1058 4161 κανόνι
1098 4110 1303 4162 αὐτῶνο
1371 4112 1741 4172 Ἐπίσκοπος
1764 4111 1804 4180 ἢ

242 4192 645 4259 ¹πρεσϐύτερος
680 4196 718 4261 ἢ
757 4196 1037 4263 διάκονος
1064 4200 1359 4267 κοσμικὰς
1382 4203 1705 4269 φροντίδας
1719 4203 1804 4272 μὴ

242 4277 711 4347 ἀναλαμὼνέτω
736 4300 750 4314 ⁸
770 4287 824 4337 εί
852 4285 921 4338 δὲ
935 4288 1045 4355 μὴ,
1086 4291 1497 4354 καθαιρείσθω.
1532 4293 1813 4358 Ὡσαύτως

246 4370 343 4422 καὶ
375 4370 436 4424 έν
466 4370 557 4426 πα¹
581 4373 807 4443 εἴπομεν
833 4378 917 4429 ὅτι
958 4379 1035 4447 μὴ
1064 4381 1169 4448 χρὴ
1192 4381 1544 4453 ἐπίσκοπονή
1570 4387 1809 4455 πρεσϐύ-

1908 595 1984 647 sic
2008 593 2204 660 inquit:
2226 591 2347 645 Non
2374 594 2493 645 licet
2509 592 2581 645 eis
2610 591 2800 643 addere
2823 606 2911 642 nec
2931 588 3202 641 detrahere
3224 588 3288 639 “.
3315 586 3448 640 Cum

1905 681 2018 735 haec
2044 682 2221 749 itaque
2254 681 2326 734 ita
2356 684 2483 744 sint,
2511 689 2564 734 et
2588 680 2741 734 nobis
2772 678 3131 732 testimonium
3166 675 3361 737 ferant,
3396 677 3447 727 iu

1905 772 1985 825 eis
2013 772 2371 833 essttltantes,
2405 781 2656 839 tanquam
2681 770 2724 823 si
2757 770 2877 835 quis
2907 768 3068 820 multa
3093 766 3260 832 spolia
3294 766 3445 817 inve-

1907 864 2065 924 nerit,
2107 862 2314 916 divinos
2373 862 2623 915 lubenter
2679 872 2913 914 canones
2968 856 3360 925 amplectimur,
3398 866 3452 906 et

1904 968 2091 1007 eorum
2116 952 2549 1008 constitutionem
2582 951 2842 1019 integram
2866 957 2919 1002 et
2949 949 3317 1001 inconcussam
3342 960 3452 997 ma-

1905 1058 2031 1097 nere
2060 1052 2171 1097 toto
2201 1042 2673 1111 animoeligimus.
2710 1040 2971 1106 Quoniam
3006 1046 3181 1091 autem
3217 1036 3450 1089 nonnul-

1904 1134 1981 1188 los
2008 1149 2195 1187 eorum
2230 1133 2318 1201 qui
2354 1140 2481 1187 sunt
2516 1133 2567 1185 in
2595 1130 2740 1184 clero
2793 1127 3065 1183 constituti
3119 1126 3362 1178 novimus
3397 1140 3453 1177 se

1903 1222 2247 1275 saecularibus
2276 1222 2502 1289 negotiis
2528 1229 2713 1274 contra
2739 1231 2972 1271 canones
3002 1216 3275 1284 implicare
3310 1232 3322 1267 :
3357 1215 3451 1265 hos

1903 1313 2113 1378 quldem
2143 1311 2420 1365 domorum
2476 1311 2876 1377 magistratuum
2930 1308 3013 1359 vel
3060 1306 3453 1374 possession"...

1902 1404 2205 1456 curationes
2238 1401 2834 1466 administrationesque
2890 1398 3280 1464 suscipientes;
3340 1393 3454 1447 illus

1908 1506 2033 1543 vero
2066 1492 2226 1544 etiam
2253 1490 2584 1557 publicorum
2618 1486 2960 1556 vectigalium
3014 1490 3342 1547 exactiones,
3371 1485 3453 1534 vol

1902 1579 2129 1633 aliorum
2161 1581 2415 1649 capitum,
2448 1580 2530 1633 vel
2561 1593 2745 1633 eorum
2776 1592 2894 1645 qua
2924 1577 3150 1629 navibus
3176 1583 3456 1641 portantur

1903 1670 2214 1737 peusionutn
2243 1670 2545 1736 petitiones,
2566 1670 2648 1723 vel
2668 1667 3083 1737 colligendarutn
3110 1666 3453 1729 pecuniarum

1904 1758 2273 1824 rationumque
2290 1757 2678 1812 retldendarum
2707 1770 2945 1818 munera,
2969 1755 3049 1807 vel
3074 1754 3286 1820 aliquod
3313 1753 3455 1817 ejus-

1906 1848 2045 1901 modi
2097 1848 2364 1913 oﬂicium;
2400 1864 2507 1903 non
2563 1849 2611 1899 in
2653 1846 3063 1906 ecclesiasticis,
3099 1846 3190 1898 sed
3237 1843 3455 1897 secula-

1905 1934 2053 1987 rihus
2080 1925 2345 2004 negotiis;
2404 1934 2779 2000 nonnullisque
2832 1947 3017 1986 eorum
3072 1932 3257 1984 civiles
3292 1931 3453 1984 etiam

1904 2024 2255 2091 magistratus
2320 2025 2714 2093 dignitatesque
2775 2036 2896 2077 esse
2954 2022 3238 2075 attributas
3296 2039 3310 2074 :
3375 2022 3455 2072 eis

1906 2114 2244 2182 praecipimus
2276 2123 2332 2168 nt
2377 2115 2628 2182 deinceps
2659 2127 2689 2165 a
2728 2112 2994 2181 praedictis
3040 2112 3291 2164 omnibus
3345 2125 3462 2164 ces-

1906 2216 2045 2272 sent,
2083 2208 2134 2261 in
2158 2208 2541 2263 ecclesiasticis
2562 2218 2738 2260 autem
2768 2206 2995 2275 negotiis
3022 2204 3315 2266 oﬂiciisquc
3340 2220 3461 2257 ver-

1906 2305 2130 2361 sentur;
2160 2296 2260 2351 nisi
2291 2296 2459 2359 velint
2488 2296 2561 2359 ei,
2597 2310 2715 2363 qua:
2753 2296 2923 2349 sacris
2950 2293 3255 2361 divinisque
3291 2307 3457 2345 cano-

1907 2386 2065 2440 uibus
2118 2387 2339 2454 placuit,
2391 2388 2589 2457 gradus
2643 2402 2799 2454 quem
2861 2386 3055 2438 habent
3110 2382 3459 2437 ecclesiastici

1909 2480 2230 2547 depositioui
2267 2479 2479 2545 subjici.
2515 2478 2626 2531 Etsi
2671 2476 2815 2530 enim
2862 2475 3019 2546 longa
3075 2474 3461 2527 consuetudine

1907 2570 2219 2625 confirmari
2275 2570 2614 2637 stabilirique
2648 2569 2864 2637 quidam
2922 2567 3254 2626 existimant,
3319 2565 3461 2633 quod

1908 2677 2012 2715 non
2047 2661 2201 2729 pauci
2238 2670 2362 2715 ante
2391 2676 2486 2714 eos
2516 2661 2603 2714 illa
2652 2657 3016 2728 susceperint;
3056 2668 3319 2724 praeterea
3365 2670 3462 2709 au-

1907 2762 2012 2805 tem
2035 2753 2217 2807 dicunt
2248 2752 2556 2819 imperiales
2587 2748 3105 2810 administrationes,
3134 2763 3252 2815 quae
3298 2762 3467 2801 sacu-

1907 2844 2049 2899 lares
2080 2845 2368 2913 dignitates
2396 2853 2450 2896 et
2493 2842 2689 2914 cilicia,
2739 2847 2831 2894 aut
2868 2840 3061 2894 similia
3091 2854 3310 2892 munera
3366 2852 3459 2891 seu

1906 2935 2278 3003 magistratus,
2314 2934 2547 2989 sacratis
2597 2931 2905 2986 hominibus
2962 2930 3305 2985 committunt
3338 2943 3463 2995 pro-

1908 3030 2140 3084 cessisse
2176 3048 2190 3081 :
2223 3028 2315 3082 sed
2348 3038 2527 3081 tamen
2574 3040 2676 3077 non
2726 3026 2974 3076 trahetur
3038 3021 3102 3073 ad
3139 3019 3461 3084 exemplum.

1909 3121 2041 3186 Quia
2067 3121 2210 3173 enim
2242 3126 2324 3172 est
2353 3120 2484 3171 citra
2533 3115 2983 3175 controversiam,
3039 3124 3139 3165 nec
3182 3124 3368 3164 sacros
3406 3125 3469 3163 ac

1904 3210 2109 3264 divinos
2137 3210 2201 3264 de
2252 3208 2317 3262 iis
2344 3222 2578 3262 canones
2608 3204 2984 3268 intercidisse;
3018 3217 3116 3255 nec
3144 3200 3247 3253 ulla
3284 3201 3469 3267 cogni-

1903 3302 1976 3356 tio
2010 3312 2103 3354 aut
2134 3300 2463 3355 examinatio
2498 3296 2694 3351 litteris
2748 3297 2997 3349 mandata
3034 3293 3100 3347 ab
3136 3307 3201 3346 eo
3250 3292 3337 3359 qui
3380 3290 3470 3344 illo

1908 3401 2147 3460 tempore
2177 3391 2472 3460 impcrialia
2519 3398 2729 3457 sceptra
2774 3386 3008 3447 tenebat,
3047 3398 3143 3437 nec
3178 3398 3205 3435 a
3240 3382 3469 3435 sanctis-

1904 3486 2057 3539 simis
2095 3482 2419 3551 patriarchis
2467 3488 2523 3534 ct
2570 3477 2789 3549 synodis
2840 3490 2933 3529 eos
2991 3476 3137 3542 ipsos
3190 3481 3461 3532 evertens.

1905 3571 2167 3643 processit
2202 3591 2213 3623 :
2262 3570 2490 3634 scriptos
2532 3580 2769 3619 canones
2801 3563 3061 3631 ejusmodi
3107 3560 3463 3630 dispensatio-

1908 3678 2001 3717 nes
2036 3669 2089 3716 et
2116 3675 2217 3714 non
2246 3658 2469 3728 probata
2496 3656 2825 3711 consuetudo
2860 3654 3079 3707 omnino
3110 3668 3213 3705 non
3265 3649 3470 3704 labefa-

1909 3752 2158 3812 (tahttnt;
2194 3750 2286 3804 sed
2315 3749 2442 3816 ipsa:
2472 3746 2653 3815 potius
2673 3745 2739 3797 ab
2759 3746 2837 3799 eis
2864 3743 3076 3810 penitus
3098 3750 3468 3813 conterentur,

1907 3842 2043 3895 sicut
2082 3842 2221 3905 olla,
2265 3838 2439 3906 inquit
2490 3834 2774 3899 Solomon,
2807 3849 2925 3901 qua:
2971 3834 3129 3887 lebeti
3178 3832 3327 3885 allisa
3361 3842 3459 3883 est.

1910 3927 2085 3981 Porta:
2106 3929 2263 3991 enim,
2298 3926 2487 3995 inquit,
2541 3925 2698 3993 inferi
2755 3926 3005 3977 adversus
3056 3921 3470 3975 Ecclesiamuon

1904 4017 2258 4084 praevalebunt
2289 4017 2353 4079 “,
2386 4031 2552 4085 qua'a
2589 4015 2814 4070 Domino
2846 4030 3003 4082 supra
3043 4014 3131 4067 Dei
3166 4026 3470 4079 praeconem

1907 4110 2123 4163 Petrum
2156 4107 2411 4161 mlillcata
2443 4117 2544 4171 est,
2571 4107 2660 4175 qui
2690 4121 2809 4161 cum
2840 4105 3057 4172 reliquis
3090 4103 3295 4178 sanctis
3346 4116 3473 4169 apo-

1907 4200 2060 4256 stolis
2090 4200 2140 4252 in
2176 4209 2328 4253 sexto
2356 4212 2541 4251 eorum
2592 4210 2796 4250 canone
2825 4196 2901 4249 sic
2927 4194 3181 4258 decrevit)
3209 4208 3224 4246 :
3253 4192 3471 4260 Episco-

1912 4308 2031 4361 pus,
2065 4291 2143 4345 νει
2171 4291 2470 4359 presbyter,
2523 4288 2606 4342 vel
2643 4289 2904 4341 diaconus
2939 4286 3214 4340 szecularia
3261 4286 3471 4353 negotia

1912 4392 2020 4429 non
2054 4377 2276 4443 recipiat
2307 4391 2321 4428 :
2352 4377 2436 4429 sin
2471 4374 2668 4438 minus,
2696 4375 3015 4441 deponatur.
3046 4373 3307 4426 Similiter
3339 4383 3391 4425 et
3420 4373 3473 4423 in

243 4474 406 4527 τερον
433 4461 678 4517 καθιέναι
732 4466 924 4519 ἑαυτὸν
962 4469 1041 4529 είς
1087 4468 1424 4537 δημοσιακάς
1487 4474 1806 4544 διοικήσεις,
1843 4475 1885 4528 D

1843 4475 1885 4528 D
1910 4469 2235 4536 octogesimo
2269 4467 2442 4533 primo
2474 4465 2730 4527 diximus,
2762 4465 2902 4532 quod
2932 4478 3036 4517 non
3093 4471 3306 4529 Oportet
3354 4466 3470 4529 epi-

243 4546 389 4601 ἀλλά
420 4557 841 4624 προσευκαιρεῖν
866 4556 989 4617 ταῐς
1038 4557 1526 4625 ἐκκλησιαστικαῖς
1555 4562 1763 4630 χρείαις
1791 4580 1807 4597 ·

242 4636 278 4706 ἢ
314 4639 587 4692 πειθέσθω
640 4640 734 4694 οὖν
784 4643 943 4695 τοῦτο
998 4645 1072 4713 μὴ
1123 4648 1319 4709 ποιεῖν,
1350 4648 1380 4717 ἦ
1416 4648 1805 4712 καθαιρείσθω.

246 4727 463 4794 οὐδεὶς
486 4731 592 4798 γάρ
624 4731 873 4785 δύναται
894 4732 1039 4786 δυσί
1058 4736 1282 4801 κυρίοις
1305 4735 1646 4801 δουλεύειν,
1667 4740 1809 4791 κατὰ

243 4822 347 4889 τὴν
379 4821 661 4891 Κυριακὴν
686 4824 1108 4892 παρακέλευσιν.
1150 4825 1268 4878 Ἔτι
1311 4828 1405 4879 καὶ
1432 4829 1459 4878 ό
1493 4834 1581 4895 πγ¹
1608 4830 1769 4898 φησίν
1791 4846 1806 4861 ·

256 4908 585 4970 Ἐπίσκοπος
616 4912 649 4980 ἢ
682 4913 1045 4983 πρεσϐύτερος
1072 4915 1105 4983 ἢ
1136 4916 1382 4990 διάκονος
1406 4919 1663 4988 στρατείᾳ
1689 4936 1806 4989 σχον

242 5000 445 5065 λάζων,
472 5004 564 5056 καὶ
589 5003 911 5073 βουλόμενος
940 5006 1225 5077 ἀμφότερα
1260 5010 1531 5077 κατέχειν,
1570 5009 1807 5078 Ῥωμαῖ-

247 5091 351 5159 κήν
376 5092 552 5161 ἀρχὴν
578 5095 669 5145 καὶ
692 5094 972 5164 ίερατικὴν
994 5095 1279 5166 διοίκησιν,
1312 5099 1698 5167 καθαιρείσθω.
1733 5101 1809 5153 Τὰ

244 5182 357 5248 γὰρ
384 5182 699 5248 Καίσαρος,
726 5183 1001 5250 Καίσαρι,
1020 5186 1119 5237 καί
1146 5187 1215 5239 τὰ
1245 5186 1349 5239 τοῦ
1372 5187 1539 5253 Θεοῦ,
1566 5188 1641 5252 τῷ
1660 5188 1803 5252 Θεῷ.

246 5271 407 5324 Ἀλλὰ
442 5273 551 5339 μὴν
580 5275 673 5325 καὶ
719 5275 747 5325 ὁ
775 5274 875 5343 τῆς
915 5278 973 5327 έν
1022 5277 1352 5349 Καρθαγένῃ
1393 5277 1469 5342 ις’
1523 5279 1695 5340 οὕτως
1743 5282 1801 5331 έν

247 5362 411 5431 μέρει
444 5362 783 5434 διαγομύεν
834 5366 1069 5435 Ὁμοίως
1098 5368 1316 5437 ἤρεσεν,
1372 5370 1460 5423 ἵνα
1518 5371 1806 5423 ἐπίσκοποι

244 5454 339 5507 καὶ
362 5452 723 5523 πρεσϐύτεροι
757 5458 852 5511 καὶ
873 5456 1111 5510 διάκονοι
1138 5458 1476 5528 έκλήπτορες
1508 5460 1582 5529 μὴ
1616 5460 1809 5527 γίνων-

243 5562 333 5599 ται
373 5546 405 5614 ἢ
445 5548 905 5617 προκουρὰτορες.
937 5549 1046 5601 Καὶ
1076 5550 1196 5615 μετ’
1229 5550 1408 5615 ὀλίγον
1431 5567 1445 5581 ·
1481 5552 1671 5613 Οὐδεὶς
1701 5553 1808 5621 γὰρ

1911 4571 2132 4625 scopum
2165 4556 2250 4609 vel
2278 4557 2646 4625 presbyterum
2675 4555 2739 4607 ad
2763 4553 3005 4622 publicas
3056 4552 3477 4606 administratio-

1913 4664 2009 4702 ncs
2040 4647 2395 4709 descendere,
2432 4645 2525 4699 sed
2572 4645 2628 4698 in
2680 4643 3065 4699 ecclesiasticis
3098 4644 3329 4711 negotiis
3359 4641 3479 4694 οω-

1910 4736 2115 4803 ciisque
2145 4735 2346 4789 versari
2386 4752 2399 4787 :
2432 4734 2515 4788 vel
2546 4748 2675 4801 ergo
2703 4734 2802 4787 hoc
2828 4748 2931 4786 nun
2953 4730 3126 4785 facere
3151 4730 3478 4799 persuadea-

1910 4838 2015 4890 tur,
2040 4826 2123 4879 vel
2140 4826 2455 4891 deponatur.
2485 4823 2654 4877 Nemo
2682 4826 2819 4877 enim
2847 4834 3010 4890 potest
3033 4823 3232 4875 duobus
3253 4823 3476 4875 dominis

1911 4920 2104 4972 servire
2141 4919 2207 4981 ⁸³,
2241 4926 2299 4970 ut
2324 4927 2407 4970 est
2431 4926 2756 4985 praceptum
2814 4916 3042 4969 Domini.
3104 4913 3371 4967 Praeterea
3425 4925 3481 4968 et

1910 5024 2079 5065 canon
2112 5009 2182 5063 85
2238 5008 2409 5074 inquit
2445 5022 2458 5058 :
2494 5006 2785 5074 Episcopus
2818 5006 2901 5059 vel
2933 5005 3215 5073 presbyter
3250 5005 3331 5057 vel
3370 5005 3480 5056 dia-

1910 5116 2080 5154 conus
2112 5099 2313 5152 militia:
2348 5112 2566 5158 vacans.
2592 5108 2647 5150 et
2681 5097 2862 5149 volens
2894 5104 3183 5163 utrumque
3209 5095 3473 5155 obtinere,

1913 5190 2211 5244 Romanum
2274 5188 2647 5255 magistratum
2692 5195 2744 5241 et
2803 5186 3189 5240 sacerdotalem
3254 5185 3478 5236 admini-

1912 5281 2250 5339 strationem,
2270 5277 2590 5346 tlepouatnr.
2624 5276 2752 5340 Quae
2776 5278 2910 5328 enim
2937 5287 3055 5328 sunt
3080 5274 3331 5335 Caesaris,
3360 5270 3475 5325 (Σω-

1912 5371 2041 5432 sari,
2069 5376 2120 5423 et
2140 5384 2255 5438 qua:
2280 5379 2399 5421 sunt
2430 5366 2549 5430 Dei,
2585 5365 2690 5419 Deo
2714 5367 2777 5420 ⁸⁵.
2811 5364 2929 5417 Jatn
2957 5379 3083 5418 vero
3113 5372 3167 5417 et
3197 5361 3476 5427 Carthagi-

1915 5463 2097 5516 uensis
2131 5461 2371 5515 decimus
2399 5467 2581 5513 sextus
2609 5458 2687 5511 sic
2719 5458 2941 5525 praecise
2973 5457 3104 5511 dicit
3142 5473 3155 5509 :
3214 5453 3475 5508 Similiter

1915 5555 2133 5624 placuit,
2165 5562 2221 5606 ut
2245 5550 2478 5620 episcotti
2501 5556 2555 5601 ct
2586 5547 2887 5616 presbyteri
2916 5556 2968 5601 ct
3002 5546 3211 5601 diaconi
3243 5558 3346 5598 nou
3370 5540 3479 5597 sint

386 5736 424 5764 "
471 5734 619 5787 licut.
657 5732 806 5789 m2.
874 5735 915 5765 ³⁸
943 5735 1125 5789 Matth.
1192 5753 1295 5798 ιιι,
1346 5737 1426 5791 lli.
1513 5738 1555 5769 ³⁸
1583 5737 1774 5793 Matth.
1817 5753 1883 5799 γι,
1934 5737 2022 5789 ‘2l.

901 5735 1125 5789 'Matth.
1192 5753 1295 5798 ιιι.
1346 5737 1426 5791 l8.
1513 5738 1555 5769 ³⁸
1583 5737 1774 5793 Matth.
1817 5753 1883 5799 νι,
1934 5737 2022 5789 ‘2l.
2108 5735 2302 5790 "Luc.
2347 5750 2439 5797 sx,
2476 5733 2565 5788 ‘25.
