4214 6438
744 357 803 423 91
1978 365 2246 423 ‘I‘HEOD.
2286 365 2513 423 BALSA
2525 368 2679 425 ΜοΝ
3867 359 3942 421 92

748 470 1207 526 administratores
1238 473 1318 525 vel
1373 479 1767 536 procuratores.
1808 473 1875 525 Et
1910 475 2068 538 paulo
2120 483 2241 539 post
2276 489 2288 524 :
2321 478 2367 529 Α
2399 491 2412 525 ι

2276 489 2288 524 :
2321 478 2367 529 Α
2399 478 2825 543 στρατευόμενος
2850 478 2925 543 τῷ
2948 477 3065 544 Θεῷ
3083 476 3411 546 ἐμπλέκεται
3437 475 3626 527 ἑαυτὸν
3650 472 3937 541 πράγμασι

745 560 929 613 Nullus
960 561 1101 613 enim
1134 560 1239 612 Deo
1276 560 1511 611 militans
1564 561 1796 627 implicat
1850 576 1906 612 se
1950 562 2294 613 szecularibus

748 648 996 714 negotiis.
1025 648 1156 702 Cum
1195 648 1277 699 his
1309 662 1520 714 quoque
1555 663 1724 700 canon
1761 649 1826 699 77
1850 648 2295 701 Chalcedonensis

747 737 909 806 538
944 737 1173 804 synodi:
1207 734 1333 797 Eos,
1367 736 1455 803 qui
1515 736 1675 788 semel
1726 736 1778 788 in
1830 738 1973 789 clero
2024 737 2295 790 constituti

747 843 893 883 sunt.
926 825 1007 878 vel
1039 826 1352 886 monachos,
1400 825 1682 877 statuimus
1731 840 1901 893 neque
1948 826 2013 879 ad
2045 827 2290 878 militiam

753 929 923 980 neque
951 916 1017 965 ad
1076 914 1381 968 saecularem
1438 914 1747 977 dignitatem
1800 917 2093 968 accedere:
2127 916 2207 968 vel
2250 914 2293 967 si

750 1007 848 1056 hoc
882 1005 1136 1065 audeant,
1168 1012 1219 1055 et
1251 1018 1354 1055 non
1382 1004 1693 1069 ptenitentia
1720 1004 1866 1056 ducti
1913 1004 1978 1055 ad
2030 1004 2078 1056 id
2116 1019 2294 1058 rever-

752 1099 951 1153 tantur,
1006 1092 1148 1159 quod
1176 1102 1391 1160 propter
1435 1093 1602 1147 Deum
1655 1093 1948 1163 elegerunt,
1988 1096 2295 1148 anathema-

749 1182 925 1235 tiaari.
960 1181 1024 1234 Et
1056 1182 1631 1249 Constantinopolitani
1670 1186 1823 1251 primi
1858 1194 1910 1238 et
1947 1186 2165 1239 secundi
2197 1203 2295 1239 uu-

748 1272 1006 1334 decimus,
1038 1272 1149 1324 haec
1182 1272 1250 1324 ita
1287 1275 1353 1325 ad
1386 1275 1600 1326 verbum
1624 1277 1987 1341 persequitur:
2016 1276 2297 1344 Presbyte-

752 1374 841 1412 ros
866 1358 950 1412 vel
979 1361 1232 1413 diaconos
1275 1361 1560 1415 saeculares
1614 1364 1954 1430 magistratus
2004 1364 2088 1415 vel
2142 1379 2296 1417 curas

751 1449 1130 1514 suscipientes,
1158 1450 1237 1500 vel
1273 1464 1393 1517 qua:
1431 1451 1482 1502 in
1540 1452 1943 1516 magistratuum
1975 1452 2181 1506 aedibus
2211 1454 2293 1506 di-

757 1546 955 1590 cuntur
988 1538 1315 1599 curationes,
1345 1538 1513 1591 divini
1543 1549 1595 1593 et
1638 1541 1778 1593 sacri
1824 1556 2053 1597 canones
2086 1543 2295 1611 deposi-

750 1625 879 1679 tioni
929 1626 1239 1693 subjiciunt.
1269 1627 1380 1681 Hoc
1419 1644 1548 1697 ergo
1590 1644 1686 1683 nos
1719 1646 1930 1699 quoque
1968 1633 2293 1687 conﬁrman-

749 1725 853 1780 tes,
882 1717 1044 1769 etiam
1075 1718 1141 1770 de
1196 1718 1439 1784 reliquis,
1476 1719 1565 1785 qui
1606 1720 1659 1772 in
1712 1722 1911 1775 clerum
1956 1724 2105 1776 relati
2149 1733 2293 1786 sunt,

748 1807 1059 1871 statuimus,
1094 1815 1189 1869 ut,
1222 1808 1265 1860 si
1296 1808 1415 1874 quis
1438 1823 1621 1861 eorum
1648 1813 1918 1864 saecularia
1958 1814 2162 1882 negotia
2207 1828 2298 1881 ag-

749 1896 1044 1964 grediatur,
1068 1896 1306 1963 vel,’qu:e
1331 1898 1380 1949 in
1404 1900 1807 1966 magistratuum
1838 1901 2037 1954 aedibus
2064 1903 2147 1955 vel
2167 1904 2299 1957 sub-

748 1984 965 2038 urbanis
996 1987 1299 2039 curationes
1359 1987 1609 2040 dicuntur
1634 2030 1649 2053 ,
1683 1991 1955 2057 suscipiat,
1993 1992 2033 2046 is
2059 2007 2121 2046 ex
2156 1993 2298 2046 clero

746 2075 1059 2139 expellatur.
1093 2073 1259 2127 Nemo
1301 2080 1441 2128 enim
1491 2087 1675 2143 potest,
1734 2082 2021 2133 secundmn
2086 2081 2285 2135 Christi

749 2165 861 2216 veri
892 2162 982 2215 Dei
1014 2164 1179 2215 nostri
1210 2164 1409 2217 dictum
1446 2175 1503 2219 et
1550 2169 1884 2221 verissimam
1924 2185 2132 2235 vocem,
2164 2173 2298 2224 duo-

748 2253 842 2305 bus
885 2253 1112 2306 dominis
1142 2255 1351 2307 servire.
1387 2255 1450 2307 Et
1499 2257 1718 2310 omnino
1777 2258 2043 2312 manifesti
2098 2270 2220 2313 sunt
2248 2270 2302 2313 et

746 2344 918 2410 aperti
948 2343 998 2396 hi
1028 2343 1192 2397 divini
1220 2358 1452 2398 canones
1491 2362 1504 2397 :
1535 2354 1588 2397 et
1624 2346 1741 2399 ideo
1774 2360 1875 2399 non
1934 2358 2059 2401 sunt
2124 2358 2299 2402 trans-

749 2432 1014 2488 formandi
1074 2434 1154 2486 vel
1206 2435 1362 2487 aliter
1426 2436 1743 2503 accipiendi.
1805 2436 1859 2489 Si
1910 2448 2085 2492 autem
2138 2442 2298 2493 etiam

749 2535 925 2574 causa).
963 2533 1362 2588 procuratorem
1392 2538 1511 2592 qua:
1560 2525 1625 2578 ad
1673 2526 1976 2590 ecclesiam,
2028 2529 2179 2594 cujus
2218 2538 2303 2583 est

751 2609 1003 2673 clericus,
1034 2625 1137 2663 non
1175 2613 1431 2678 pertinet,
1468 2612 1583 2665 fieri
1620 2615 1817 2667 clerico
1841 2615 2166 2683 prohibitmn
2197 2628 2300 2681 est,

748 2714 835 2757 ne,
862 2699 1057 2767 inquit,
1087 2700 1263 2751 divina
1307 2701 1605 2753 ministeria
1661 2704 2042 2770 impediantur,
2100 2718 2303 2773 quanto

751 2790 920 2853 magis
960 2789 1286 2856 prohibitum
1319 2800 1399 2843 est
1430 2792 1724 2858 majoribus
1757 2794 2105 2848 saecularibus
2138 2811 2300 2858 nego-

749 2879 837 2932 tiis
871 2870 1150 2945 implicari,
1180 2895 1299 2946 qua:
1336 2882 1647 2949 impediunt,
1686 2898 1749 2935 ne
1786 2884 1949 2951 possit
1979 2886 2303 2938 ecclesiasti-

750 2970 829 3024 eis
862 2970 1088 3035 negotiis
1140 2985 1351 3022 vacare.
1396 2972 1649 3023 Omnibus
1709 2988 1836 3038 ergo
1892 2975 2303 3043 religiosissimis

2402 569 2702 631 κοσμικοίς.
2757 567 2861 618 Σὺν
2886 568 3096 629 τούτοις
3122 568 3214 619 καὶ
3244 568 3271 618 ό
3322 565 3394 628 οξ
3429 566 3525 632 τῆς
3552 565 3607 615 ἑν
3641 563 3939 630 Χαλκηδόνι

2403 657 2643 717 συνόδου,
2672 659 2795 714 τοὺς
2821 657 2963 721 ἅπαξ
3021 659 3076 707 ἐν
3103 656 3290 723 κλήρῳ
3346 653 3712 719 τεταγμένους
3754 650 3785 717 ἢ
3846 650 3940 698 καὶ

2404 746 2669 811 μοναστὰς
2701 746 2981 812 ὼρίσαμεν
3031 746 3163 813 μήτε
3206 745 3297 795 ἐπὶ
3343 742 3629 809 στρατείαν
3664 741 3797 807 μήτε
3852 738 3942 787 ἐπὶ

2403 834 2554 896 ἀξίαν
2586 835 2852 901 κοσμικὴν
2883 834 3135 902 ἔρχεσθαι
3159 849 3170 861 ⁸
3203 832 3236 899 ἢ
3271 831 3427 882 τοῦτο
3476 828 3807 897 τολμῶντας,
3848 826 3945 875 καὶ

2405 924 2478 991 μὴ
2518 924 3004 990 μεταμελομένους,
3036 922 3175 974 ὥστε
3228 919 3547 987 ἐπιστρέψαι
3606 918 3700 969 ἰπὶ
3730 917 3885 967 τοῦτο
3917 913 3944 964 ὃ

2401 1012 2486 1064 διὰ
2516 1012 2648 1065 Θεὸν
2682 1013 2912 1071 εἵλοντο,
2940 1008 3457 1077 ἀναθεματίζεσθαι.
3511 1007 3619 1058 Καὶ
3655 1009 3683 1057 δ
3735 1004 3833 1069 τῆς
3888 1006 3946 1051 ὲν

2400 1102 2963 1154 Κωνσταντινουπόλει
2992 1099 3038 1151 α’
3091 1102 3181 1151 καὶ
3208 1098 3250 1166 β’
3287 1097 3501 1148 συνόδου
3554 1093 3622 1146 ια’
3652 1095 3771 1145 τάδε
3803 1091 3945 1141 κατὰ

2402 1193 2551 1259 ῥῆμα
2577 1191 2829 1255 διέξεισι·
2860 1192 2996 1251 Τοὺς
3032 1189 3442 1257 πρεσϐυτέρους
3484 1186 3515 1254 ἢ
3548 1183 3824 1237 διακόνους
3849 1196 3943 1231 κο-

2402 1282 2603 1349 σμικὰς
2631 1281 2801 1350 ἀρχὰς
2830 1280 2862 1348 ἢ
2891 1280 3175 1348 φροντίδας
3205 1277 3653 1343 ἀναδεχομένους,
3689 1275 3720 1341 ἢ
3759 1272 3855 1331 τὰς
3887 1273 3946 1321 ὲν

2400 1374 2511 1431 τοῖς
2536 1374 2705 1429 οἴκοις
2733 1370 2840 1422 τῶν
2869 1370 3143 1438 ἀρχόντων
3189 1366 3490 1433 λεγομένας
3520 1361 3948 1431 κουρατωρείας,

2401 1466 2449 1513 ot
2488 1462 2620 1513 θεῖοι
2650 1462 2743 1513 καὶ
2795 1462 2927 1527 ἱεροὶ
2978 1461 3202 1518 κανόνες
3242 1456 3557 1523 καθαιρέσει
3608 1450 3952 1507 καθυποσάλ-

2400 1550 2568 1601 λουσι.
2608 1551 2781 1601 Τοῦτο
2818 1548 2909 1601 οὖν
2940 1550 3035 1601 καὶ
3061 1551 3221 1615 ἡμεῖς
3254 1544 3666 1611 ὲπικυροῦντες,
3695 1542 3787 1593 καὶ
3819 1540 3950 1604 περὶ

2400 1640 2507 1692 τῶν
2535 1639 2737 1690 λοιπῶν
2771 1638 2878 1689 τῶν
2928 1640 2983 1688 ἐν
3022 1638 3207 1707 κλήρῳ
3262 1634 3692 1699 κατειλεγμένων
3724 1630 3954 1696 διοριζὸ-

2406 1728 2564 1795 μεθα,
2594 1728 2690 1791 ὡς,
2720 1728 2773 1777 εῑ
2800 1744 2882 1786 τις
2914 1727 3092 1777 αὐτῶν
3115 1725 3385 1791 κοσμικὰς
3430 1723 3604 1791 ἀρχὰς
3639 1719 3952 1787 μεταχειρίο

2325 1786 2370 1844 Β
2399 1786 2563 1883 ioue,
2596 1818 2626 1885 ἢ
2652 1786 2781 1876 Πτάς
2812 1818 2868 1866 ὲν
2900 1818 3007 1874 τοῖς
3039 1815 3146 1866 τῶν
3194 1786 3483 1882 ἀρχόντων⁷
3510 1786 3681 1871 οἴκοις
3738 1809 3767 1875 ἢ
3818 1824 3953 1872 προ-

2397 1907 2629 1967 αστείοις
2652 1905 2946 1971 λεγομένας
2972 1901 3371 1968 κουρατωρείας
3406 1898 3734 1966 ἀναδέχοιτο,
3763 1896 3952 1947 τοῦτον

2395 1995 2488 2047 τοῦ
2512 1994 2708 2046 οἰκείου
2733 1993 2934 2059 κλήρου
2969 1991 3384 2042 ἀποδιὼκεσθαι.
3408 1988 3616 2051 Οὐδεὶς
3687 1986 3793 2053 γάρ
3854 1983 3952 2035 δύο

2395 2101 2586 2147 ναται,
2629 2084 2767 2135 κατᾶ
2816 2084 2912 2149 τὴν
2966 2081 3061 2133 τοῦ
3111 2080 3347 2148 Χριστοῦ
3384 2080 3477 2132 τοῦ
3514 2076 3767 2146 ἀληθινοῦ
3814 2076 3953 2126 Θεοῦ

2398 2173 2549 2241 ήμῶν
2582 2172 2900 2223 αὺτόλεκτον
2936 2172 3027 2221 καὶ
3070 2169 3476 2235 ἁψευδεστάτην
3538 2166 3755 2235 φωνὴν.
3802 2164 3949 2216 δυσὶ

2399 2264 2625 2328 κυρίοις
2657 2261 2992 2313 δουλεύειν.
3027 2259 3132 2311 Καὶ
3167 2260 3359 2323 σαφεῖς
3382 2258 3594 2319 πάντως
3620 2258 3667 2307 οἱ
3687 2256 3818 2307 θείοι
3847 2270 3918 2305 κα
3940 2283 3954 2291 -

2400 2352 2546 2411 νόνες
2568 2345 2712 2402 οῦτοι
2752 2352 2843 2402 καὶ
2874 2349 3163 2417 πρόδηλοι·
3200 2352 3291 2399 καὶ
3330 2346 3416 2397 διά
3444 2346 3601 2398 τοῦτο
3632 2344 3947 2412 μεταποιεῖ-

2404 2441 2527 2493 σθαι
2555 2440 2771 2501 τούτους
2800 2441 2859 2491 οὐ
2893 2440 3019 2507 χρή.
3049 2439 3105 2489 ΕΞ
3136 2438 3189 2488 δὲ
3214 2438 3306 2488 καὶ
3347 2437 3561 2488 ἐντολέα
3607 2436 3761 2502 δίκης
3801 2431 3945 2495 γίνε-
3986 2482 3989 2485 .

2402 2531 2525 2582 σθαι
2547 2532 2634 2581 τὸν
2658 2529 3071 2596 κεκληρωμένον
3101 2526 3403 2578 κεκώλυται
3442 2525 3514 2592 μὴ
3558 2522 3863 2590 ἀνηκούσης
3890 2522 3955 2588 τῇ

2402 2622 2663 2689 ἐκκλησία
2685 2616 2753 2689 ἧς
2801 2623 2913 2670 ἐστι
2969 2619 3245 2686 κληρικδς.
3283 2618 3388 2678 ἵνα,
3447 2616 3598 2683 φησὶ,
3636 2613 3709 2682 μὴ
3733 2614 3786 2664 αἱ
3818 2611 3957 2663 θεῖαι

2404 2712 2695 2778 ὑπηρεσίαι
2729 2708 3240 2777 παρεμποδίζοιντο.
3290 2705 3438 2771 πόσῳ
3461 2703 3621 2754 πλέον
3656 2700 3960 2753 κεκώλυται

2408 2803 2614 2865 μείζοσι
2641 2803 2926 2868 κοσμικαῖς
2950 2799 3230 2867 φροντίσιν
3253 2792 3641 2859 ὲςιπλέκεσθαι,
3672 2807 3963 2860 παρεμπο-

2402 2891 2669 2953 διζούσαις
2706 2890 2853 2954 αὑτῷ
2886 2892 3002 2948 ταῖς
3048 2885 3522 2951 ἐκκλησιαστικαῖς
3554 2886 3765 2951 χρείαις
3795 2897 3964 2944 προσ-

2405 2984 2700 3051 ευκαιρείν.
2754 2982 2895 3032 Πᾶσι
2950 2979 3128 3029 τοίνυν
3155 2977 3569 3037 εὐλαϐεστὰτοις
3594 2974 3872 3041 κληρικοίς
3907 2974 3965 3022 ὲν

750 3060 1215 3125 sanetissimisque
1248 3061 1458 3113 clericis
1486 3062 1536 3114 in
1573 3075 1758 3115 sancto
1806 3063 2007 3129 Spiritu
2063 3066 2300 3132 prarcipi-
2334 3096 2375 3152 ο
2410 3096 2414 3122 ι

2299 3098 2300 3103 η
2334 3096 2375 3152 C
2410 3073 2546 3141 ἁγίῳ
2579 3068 3011 3137 παρεγγυώμεθα
3041 3067 3313 3133 Πνεῦματι
3361 3065 3468 3116 τῶν
3524 3064 3825 3132 εἰρημένων
3859 3063 3963 3113 ἀπ-

752 3164 890 3212 mus,
927 3158 981 3201 ut
1012 3163 1041 3201 a
1067 3150 1223 3202 dietis
1258 3152 1607 3204 abstineant:
1645 3152 1727 3205 vel
1756 3153 1926 3204 sciant
1957 3192 1972 3216 ,
2004 3169 2059 3207 se
2089 3156 2304 3222 quidem

751 3242 1141 3309 segregationis
1179 3256 1351 3306 pana:
1396 3242 1667 3311 subjectos
1712 3244 1857 3306 fore;
1906 3247 2031 3310 quin
2072 3256 2123 3297 et
2161 3250 2305 3313 quod

752 3330 1011 3395 majorem
1068 3347 1276 3398 quoque
1328 3342 1379 3385 et
1437 3333 1745 3384 canonicam
1802 3332 2145 3385 acerbitatem
2204 3348 2308 3386 non

753 3421 1036 3490 eﬂiigient,
1093 3422 1350 3488 ejusmodi
1415 3422 1758 3475 saeularibus
1824 3422 2052 3488 negotiis
2106 3424 2310 3489 seipsos

754 3514 1213 3580 implicantes.Ad
1258 3513 1361 3566 hoc
1406 3514 1546 3567 enim
1574 3527 1809 3578 praesens
1862 3527 2073 3580 quoque
2121 3523 2312 3566 nostra:

755 3605 1139 3657 mediocritatis
1196 3606 1469 3655 decretum
1548 3602 1929 3655 sacratissimis
1982 3602 2309 3656 antiSIitibns

754 3692 968 3757 scriptis
996 3692 1128 3742 tradi
1151 3693 1355 3756 jussum
1386 3698 1487 3753 est,
1515 3690 1756 3742 utetiam
1781 3689 2019 3751 clericis,
2061 3690 2151 3757 qui
2187 3700 2313 3744 sunt

760 3782 1084 3848 ubicunque,
1116 3782 1185 3833 sit
1218 3779 1582 3833 manifestum.

828 3871 1069 3923 Edictum
1098 3870 1418 3937 patriarcha:
1447 3871 1647 3923 domini
1672 3871 1893 3924 Joannis
1920 3873 1997 3925 sic
2028 3888 2085 3926 se
2113 3862 2308 3926 habet:

761 3961 941 4013 Mense
991 3961 1280 4013 Februario
1330 3961 1416 4013 die
1476 3962 1683 4014 decimo
1712 3972 1905 4020 sexto.
1942 3962 2073 4015 feria
2134 3965 2313 4026 tertia,

760 4050 1049 4103 indictione
1075 4060 1278 4104 octava.
1370 4050 1501 4103 Cum
1557 4052 1749 4103 multos
1822 4052 2214 4106 ecclesiasticos
2261 4061 2315 4105 et

760 4138 1052 4193 monachos
1079 4142 1377 4193 videremus
1434 4141 1634 4194 alienas
1682 4156 1872 4194 causas
1923 4143 2232 4203 subeuntes,
2261 4150 2316 4194 et

763 4246 859 4297 pro
892 4232 954 4283 iis
984 4230 1345 4293 decertantes,
1380 4231 1466 4296 qui
1504 4232 1554 4283 in
1579 4231 1824 4285 civilibus
1852 4242 1902 4285 et
1924 4232 2307 4285 ecclesiasticis

751 4320 973 4385 judiciis
1003 4319 1231 4386 litigant,
1298 4322 1364 4372 ab
1407 4320 1767 4373 ecclesiastica
1825 4322 2211 4374 consuetudine
2254 4332 2309 4373 et

2410 3159 2698 3228 ἑχεσθαι·ἢ
2735 3159 2837 3226 μὴν
2867 3159 3064 3208 εἰδέναι
3088 3156 3161 3217 ὡς
3186 3156 3399 3206 ἔσονται
3426 3156 3523 3221 μὲν
3549 3154 3805 3219 ἐπιτιμίῳ
3829 3154 3964 3217 ἀφο-

2411 3250 2606 3317 ρισμοῦ
2642 3247 3091 3314 ὑποϐεϐλημένοι,
3127 3248 3218 3296 καὶ
3248 3244 3345 3312 τὴν
3379 3244 3548 3311 μείζω
3590 3244 3646 3295 δὲ
3679 3243 3966 3309 κανονικὴν

2410 3338 2709 3404 αὐστηρίαν
2761 3336 2819 3385 οὗ
2878 3332 3277 3398 διαφεύξονται,
3340 3331 3626 3400 πράγμασι
3677 3333 3965 3396 κοσμικοίς

2406 3428 2666 3488 τοιούτοις
2692 3424 3054 3493 ἐμπλέκοντες
3078 3422 3326 3483 ἑαυτούς.
3368 3423 3491 3473 Ἐπὶ
3521 3421 3695 3489 τούτῳ
3734 3423 3841 3489 γὰρ
3874 3422 3965 3471 καὶ

2360 3546 2367 3551 -
2409 3515 2645 3583 ὁπαρὼν
2672 3513 2944 3581 ἔγγραφος
2971 3512 3193 3577 ὁρισμὸς
3247 3514 3343 3578 τῆς
3395 3511 3549 3579 ὴμῶν
3617 3511 3966 3577 μετριότητος

2411 3604 2641 3665 καὶτοῖς
2679 3603 2994 3670 ἱερωτάτοις
3032 3600 3380 3669 ἀρχιερεῦσιν
3446 3598 3760 3665 ἐπιδοθῆναι
3814 3597 3965 3648 τετύ-

2411 3713 2607 3756 πωται,
2633 3693 2722 3745 ῐνα
2744 3694 2836 3745 καὶ
2870 3695 2978 3753 τοῖς
3012 3690 3324 3757 ἁπανταχοῦ
3355 3691 3634 3756 κληρικοίς
3665 3687 3968 3754 κατάδηλος

2412 3787 2638 3854 γένηται
3320 3830 3321 3833 η

2484 3875 2554 3925 Τὸ
2582 3874 2869 3941 σημείωμα
2916 3871 3006 3923 τοῦ
3057 3869 3644 3938 πατριάρχου.κυρίου
3723 3866 3968 3919 Ἰωάννου

2414 3966 2524 4034 εχει
2559 3965 2729 4026 οὕτως
2756 3982 2767 3995 ·
2791 3966 2938 4028 Μηνὶ
2992 3962 3342 4031 Φεὸρουαρίῳ
3373 3958 3469 4023 ις’,
3502 3959 3681 4030 ἡμέρᾳ
3730 3959 3800 4023 γ’,
3839 3960 3967 4010 ινδι-

2414 4054 2637 4112 κτιῶνος
2670 4050 2739 4119 η’.
2783 4040 3007 4110 πολλοὺς
3041 4050 3149 4100 τῶν
3181 4047 3647 4115 ικκλησιαστικῶν
3680 4046 3772 4099 καὶ
3808 4063 3970 4113 μονα·

2414 4143 2521 4212 χῶν
2553 4141 2887 4209 καθορῶντες
2916 4140 3198 4198 ὑποθέσεις
3224 4138 3509 4204 ἀλλοτρίας
3544 4136 3966 4203 ὑποδυομένους,

2414 4232 2505 4281 καὶ
2536 4227 3112 4296 ὑπεραγωνιζομένους
3139 4226 3243 4277 τῶν
3270 4225 3639 4293 δικαζομένων
3675 4228 3730 4277 ὲν
3758 4225 3971 4276 πολιτι-

2414 4321 2531 4380 κοῖς
2590 4320 2681 4370 καὶ
2718 4318 3191 4385 ὲκκλησιαστικοῖς
3245 4314 3634 4382 δικαστηρίοις,
3686 4314 3969 4383 ἀλλότριον

757 4410 933 4477 legum
966 4408 1250 4476 gravitate,
1276 4412 1415 4474 quod
1451 4410 1628 4473 liebat,
1665 4411 1941 4477 indignum
1981 4412 2307 4477 judicantes,
2342 4420 2421 4473 ο·

2304 4453 2307 4467 ,
2342 4420 2385 4473 D
2413 4410 2507 4476 τῆς
2535 4408 2985 4476 ἐκκλησιαστικῆς
3034 4405 3311 4474 συνηθείας
3380 4404 3471 4456 καὶ
3506 4404 3598 4471 τῆς
3643 4403 3750 4455 τῶν
3785 4405 3968 4471 νόμων

756 4500 1060 4562 statuimus,
1104 4508 1162 4550 ut
1213 4513 1370 4552 nemo
1404 4500 1677 4567 deinceps,
1720 4516 1815 4552 nec.
1864 4502 2177 4563 monachus,
2214 4514 2311 4552 nec

756 4588 896 4640 ullus
946 4588 1368 4651 ecclesiasticus,
1402 4590 1604 4643 alienas
1661 4605 1852 4643 causas
1906 4592 2201 4656 suscipiens
2258 4591 2308 4643 in

752 4676 957 4744 judicio
1006 4678 1274 4731 defendat.
1329 4680 1385 4730 ld
1416 4679 1557 4731 enim
1602 4671 1685 4731 est
1727 4690 1908 4746 aperte
1979 4680 2307 4733 mercenaria

756 4782 943 4833 opera.
984 4768 1047 4820 Et
1079 4782 1237 4820 nemo
1269 4770 1371 4820 tale
1400 4769 1525 4836 quid
1563 4784 1724 4838 agens
1750 4780 1943 4823 nostrae
1992 4770 2313 4823 moderatio-

757 4861 841 4913 nis
876 4859 1194 4927 supplicium
1230 4858 1483 4927 ell‘ugiet:
1518 4870 1895 4927 praeterquam,
1942 4860 1984 4913 si
2026 4859 2161 4913 forte
2188 4874 2307 4912 cum

756 4950 830 5004 sit
873 4964 1034 5001 causa
1071 4949 1462 5014 ecclesiastica,
1496 4966 1522 5000 a
1558 4950 1707 5003 nobis
1731 4949 2310 5017 jubeaturalterutrms

756 5038 1081 5106 litigantium
1142 5039 1311 5104 partis
1370 5038 1731 5092 defensionem
1800 5040 2091 5104 suscipere.
2159 5038 2311 5091 Tunc

754 5134 898 5184 enim
931 5140 1287 5201 praeterquam
1318 5131 1457 5199 quod
1490 5148 1517 5183 a
1563 5133 1984 5200 reprehensione
2033 5134 2135 5185 erit
2177 5131 2311 5184 alie-

756 5238 878 5283 nus,
913 5224 963 5273 in
994 5236 1205 5289 poenam
1241 5237 1452 5288 quoque
1485 5237 1586 5274 non
1626 5224 1801 5275 cadet.
1840 5220 2085 5274 Praesens
2133 5232 2309 5275 autem

759 5310 990 5361 cdictmu
1044 5310 1297 5363 omnibus
1350 5325 1563 5378 quoque
1615 5310 1861 5364 civilibus
1910 5310 2179 5377 judicihns
2213 5310 2310 5379 legi

757 5402 966 5467 jussmn
1005 5410 1106 5461 est,
1141 5412 1225 5463 ut,
1258 5415 1379 5453 cum
1420 5401 1585 5453 nostri
1617 5400 1813 5453 dccreti
1882 5401 2159 5454 scientiam
2216 5401 2314 5453 ha-

762 5492 1002 5552 buerint,
1027 5507 1119 5544 cos
1154 5490 1372 5543 omnino
1398 5505 1503 5543 non
1535 5492 1821 5543 admittant
1851 5495 1914 5544 ad
1939 5492 2163 5544 ullurum
2188 5507 2314 5544 cau-

762 5597 852 5635 sas
883 5583 1134 5649 agendas.
1168 5580 1259 5636 Vis
1284 5592 1462 5634 autem
1504 5581 1666 5635 edicti
1706 5582 1904 5635 domini
1946 5582 2167 5634 Michael
2202 5584 2312 5635 hate

763 5678 844 5723 est
878 5688 888 5721 :
923 5670 1371 5725 Mernstanuat'io
1399 5670 1481 5723 die
1500 5670 1706 5723 decium
1741 5673 1912 5733 tertio,
1947 5672 2074 5724 I'cria
2101 5683 2309 5735 quarta,

2411 4498 2695 4567 ἀκριϐείας
2749 4501 2806 4546 τὸ
2856 4496 3225 4564 πραττόμενον
3282 4493 3588 4561 κρίναντες,
3618 4492 3970 4561 διοριζόμεθα

2416 4588 2611 4658 μηκέτι
2649 4586 2742 4639 τοῦ
2783 4585 2969 4637 λοιποῦ
3015 4586 3150 4653 μήτε
3218 4583 3448 4651 μοναχὸν
3516 4584 3654 4651 μήτε
3711 4583 3819 4635 τῶν
3847 4600 3971 4632 τινα

2411 4677 2876 4748 ὲκκλησιαστικῶν
2919 4673 3206 4741 ἀλλοτρίας
3244 4675 3466 4740 ἀγωγὰς
3504 4674 3967 4742 ὑπεισερχόμενον

2412 4770 2468 4821 ὲν
2488 4767 2822 4837 δικαστηρίῳ
2847 4766 3187 4833 συνηγορεῖν.
3222 4763 3545 4832 Ἐργολαϐία
3574 4763 3682 4830 γὰρ
3708 4764 3971 4830 ἄντικρυς

2411 4858 2585 4909 τοῦτο.
2638 4858 2746 4909 Καὶ
2779 4856 2879 4906 οὐκ
2923 4854 2989 4905 ἄν
3024 4870 3107 4915 τις
3141 4850 3381 4903 τοιοῦτόν
3429 4868 3480 4902 τι
3504 4851 3971 4919 διαπραττόμενος

2410 4929 2508 5016 την
2530 4948 2637 4999 ἀπὸ
2657 4947 2755 5011 τῆς
2783 4946 2936 5012 ἡμῶν
2965 4943 3311 5013 μετριότητος
3341 4942 3657 5012 ἐπιτίμησιν
3681 4943 3970 5009 διαφεὺξη-

2412 5058 2519 5099 ται,
2551 5039 2687 5106 πλὴν
2712 5039 2759 5088 εἰ
2795 5037 2960 5105 μήπω
2990 5034 3450 5101 ἐκκλησιαστικῆς
3478 5034 3781 5095 ὑποθέσεως
3804 5034 3968 5103 οῦσης

2413 5128 2724 5195 κελευσθείη
2780 5130 2910 5194 παρ’
2960 5124 3117 5192 ἡμῶν
3172 5124 3682 5193 ὑπεραγωνίζεσθαι
3740 5124 3971 5191 θατέρου

2417 5219 2616 5286 μέρους
2647 5215 2752 5265 τῶν
2778 5212 3163 5279 δικαζομένων.
3227 5210 3542 5279 Τηνικαῦτα
3597 5211 3705 5279 γὰρ
3739 5211 3847 5274 ἕξει
3880 5215 3974 5263 σὺν

2412 5308 2489 5374 τῷ
2532 5306 2801 5375 ἀμέμπτῳ
2831 5305 2923 5355 καὶ
2950 5304 3007 5354 τὸ
3041 5303 3452 5370 ἀνεπιτίμητον.
3485 5303 3558 5354 Τὸ
3586 5303 3645 5353 δὲ
3670 5302 3843 5371 παρὸν
3872 5304 3970 5369 ὁη-

2418 5400 2631 5466 μείωμα
2664 5392 3155 5460 ὑπαναγνωσθῆναι
3183 5391 3391 5461 ὡρίσθη
3422 5392 3515 5445 καὶ
3558 5394 3691 5444 πᾶσι
3723 5394 3831 5452 τοῖς
3864 5409 3965 5442 που

2415 5489 2637 5547 λιτικοίς
2669 5486 2971 5544 δικασταῖς,
3018 5482 3105 5543 ἵν’,
3142 5482 3392 5533 ἐντεῦθεν
3447 5482 3655 5551 εἴδησιν
3719 5481 3973 5540 λαϐόντες

2416 5578 2508 5629 τοῦ
2534 5575 2801 5643 ἡμετέρου
2833 5572 3138 5639 διορισμοῦ,
3176 5574 3249 5639 μὴ
3274 5572 3672 5641 προσδέχωνται
3713 5572 3835 5631 τοὺς
3856 5564 3971 5621 τοί-

2419 5670 2603 5726 ούτους
2640 5668 2715 5725 εἰς
2743 5663 2803 5713 τὸ
2868 5663 2995 5713 τισὶν
3026 5660 3156 5719 ὅλως
3193 5662 3495 5722 συντηρεῖν.
3550 5661 3611 5711 ἹΙ
3646 5660 3698 5710 δὲ
3746 5659 3972 5727 δύναμις
