4214 6438
261 396 333 460 93
1357 405 1439 466 IN
1479 407 1641 468 CAN.
1700 410 1828 468 xv1
1865 410 2072 473 CONC.
2113 413 2485 473 CARTIIAG.
3403 409 3471 467 9i

262 502 357 556 τοῦ
399 506 776 574 σημειώματος
833 509 926 562 τοῦ
984 510 1150 579 κυροῦ
1202 513 1417 582 Μιχαὴλ
1454 516 1599 566 ἐστιν
1631 513 1807 582 αὖτη⁶
1843 517 1884 572 Α
1916 514 1926 566 i

1806 536 1807 539 η
1843 517 1884 572 Α
1916 513 2222 570 indiCtionis
2246 530 2471 585 quartae,
2502 529 2555 570 et
2584 518 2857 583 deinceps,
2886 516 3160 569 constituit
3214 530 3280 565 ne
3307 513 3470 567 lecto-

267 598 415 663 Μηνὶ
463 597 771 666 Ἰανουαρίῳ
798 599 885 665 ιγ’,
920 600 1101 670 ἡμέρᾳ
1136 601 1199 664 δ’,
1246 603 1572 664 ἱνδικτιῶνος
1622 602 1663 655 δ’
1672 644 1686 664 ,
1721 604 1813 655 καὶ

266 685 485 751 ἑφεξῆς,
537 687 873 741 διατάττεται
906 695 999 742 καὶ
1043 692 1169 753 τοὺς
1222 693 1575 758 ἀναγνώστας
1626 693 1817 761 ἐπίσης

262 777 377 836 τοῖς
403 776 661 837 διακόνοις
691 778 784 830 καὶ
818 782 930 840 τοῖς
980 781 1181 849 ἱερεῦσι
1220 782 1293 851 μὴ
1344 784 1695 851 ἀναδέχεσθαι
1726 803 1814 835 κου

271 865 445 931 σμικά
467 865 691 930 όφφίκια
724 867 755 933 ἦ
778 874 1164 937 πρακτωρικάς
1184 873 1461 938 ἐνεργείας
1485 874 1516 941 ἢ
1543 892 1816 944 κουρατωο

271 954 545 1021 ρείας,διά
574 956 663 1007 τὸν
691 956 757 1007 ια’
790 958 987 1011 κανόνα
1014 959 1113 1026 τῆς
1144 962 1200 1013 ἐν
1250 963 1815 1017 Κωνσταντινουπόλει

266 1048 315 1093 α’
342 1044 435 1094 καὶ
466 1042 510 1110 β’
530 1046 767 1098 συνόδου.
802 1048 935 1113 Περὶ
960 1046 1015 1098 δέ
1043 1049 1354 1117 ἱερωμένων
1374 1054 1815 1119 συνηγορούντων

266 1132 469 1192 ἱκανῶς
495 1134 810 1202 ἐγράψαμεν
839 1138 917 1198 εἱς
947 1138 1009 1187 τὸ
1035 1136 1102 1204 ιγ’
1137 1155 1262 1204 κεφ.
1310 1140 1404 1191 τοῦ
1441 1138 1489 1210 η’
1515 1142 1693 1193 τίτλον
1720 1143 1814 1195 τοῦ

265 1222 534 1287 παρόντος
576 1226 953 1292 συντάγματος
978 1242 993 1257 ·
1040 1228 1137 1279 καὶ
1168 1228 1440 1295 ἀνάγνωθι
1487 1231 1679 1284 ταῦτα.
1708 1233 1818 1284 Καὶ

261 1311 332 1361 τά
362 1309 460 1374 μέν
493 1311 598 1363 τῶν
620 1314 859 1365 κανόνων
893 1316 984 1367 καὶ
1024 1316 1133 1368 τών
1173 1318 1462 1371 συνοδικῶν
1492 1324 1818 1389 σημειωμά-

262 1415 375 1450 των
403 1402 460 1452 ἐν
479 1404 706 1463 τούτοις.
736 1404 966 1471 Λέγουσι
993 1407 1051 1458 δέ
1082 1423 1226 1470 τινες
1255 1408 1432 1477 χώραν
1458 1410 1632 1463 ταῦτα
1652 1411 1816 1479 ἔχειν,

262 1488 394 1540 ὅταν
416 1490 538 1557 δίχα
564 1493 912 1559 προστάξεως
939 1492 1224 1564 βασιλικῆς
1249 1499 1441 1567 ἐνεργῇ
1476 1517 1557 1560 τις
1587 1501 1819 1569 ἱερωμέ-

262 1594 353 1639 νος
392 1580 636 1632 δουλείαν
681 1582 1055 1653 δημοσιακήνο
1097 1587 1147 1637 εἱ
1181 1587 1286 1657 γάρ
1338 1590 1458 1639 κατ’
1508 1590 1819 1658 οἰκονομίαν

268 1666 553 1737 βασιλικὴν
604 1675 856 1739 τοιαύτην
898 1676 1020 1727 τινὰ
1070 1676 1316 1729 δουλείαν
1368 1678 1684 1741 ἀναδέξεταί
1713 1698 1816 1744 τις,

264 1757 372 1809 ὑπο
396 1760 504 1810 τῶν
532 1759 803 1829 ῥηθέντων
850 1765 1087 1818 κανόνων
1131 1766 1192 1818 οὐ
1241 1767 1639 1836 κωλυθήσεται,
1701 1770 1818 1823 ούδέ

262 1846 614 1915 βλαϐήσεται.
646 1851 756 1904 Καὶ
791 1855 1171 1921 προστιθέασιν
1216 1859 1289 1919 ὡς
1331 1860 1359 1909 ό
1390 1857 1640 1926 βασιλεὺς
1693 1858 1818 1912 οὕτε

261 1936 453 2005 νόμοις
498 1937 622 1991 οὔτε
674 1942 895 1993 κανόσιν
924 1945 1206 1997 ὑπόκειται
1228 1961 1241 1976 ⁶
1297 1946 1376 1998 διὸ
1406 1949 1500 1999 καὶ
1526 1948 1611 1999 ἐπ’
1636 1948 1822 2011 ἀδείας

261 2024 378 2093 ἔχει
414 2028 714 2097 ἐπισκοπὴν
744 2032 821 2092 εἱς
846 2033 1179 2100 μητρόπολιν
1226 2035 1410 2100 ἄγειν,
1469 2036 1565 2087 καὶ
1622 2036 1820 2101 ἀποξε-

262 2115 391 2168 νοῦν
419 2120 481 2168 ἐκ
534 2120 642 2170 τῶν
690 2122 902 2175 οἰκείων
963 2125 1367 2193 μητροπόλεων,
1417 2127 1677 2189 ὡσαύτως
1725 2128 1819 2178 καὶ

260 2207 477 2274 ἐνορίας
501 2210 802 2279 ἀρχιερέων
837 2213 1085 2281 διαιρεῖν,
1107 2216 1202 2267 καὶ
1228 2216 1294 2269 ἐκ
1334 2216 1455 2268 νέου
1486 2217 1819 2279 ἐπισκόπους

258 2298 357 2349 καὶ
392 2294 794 2367 μητροπολίτας
847 2303 1127 2373 καθιστᾷν,
1186 2304 1281 2357 καὶ
1329 2304 1659 2374 διορίζεσθαι
1696 2306 1818 2357 ἐπιο

258 2386 485 2446 σκόποις
526 2390 830 2457 ἱερουργεῖν
884 2392 1368 2460 ἀποκριματίστως
1422 2394 1503 2455 εἱς
1535 2393 1819 2461 ἀλλοτρίας

254 2475 473 2545 ἐνορίας
532 2478 679 2543 παρά
735 2480 959 2547 γνώμην
1012 2482 1118 2534 τῶν
1172 2484 1454 2551 ἐγχωρίων
1481 2484 1816 2547 ἐπισκόπων,

258 2567 353 2617 καὶ
379 2566 517 2619 ἄλλα
544 2568 665 2620 τινὰ
699 2571 941 2638 ἐνεργεῖν
993 2573 1357 2643 ἀρχιερατικὰ
1386 2572 1593 2626 δίκαια.
1624 2574 1818 2639 Χρῶν-

253 2671 345 2718 ται
370 2656 429 2707 δέ
479 2660 573 2709 καὶ
604 2659 681 2725 τῷ
705 2659 770 2727 ιβ’
812 2662 906 2713 καὶ
934 2662 1001 2725 ιζ’
1048 2664 1233 2715 κανόνι
1282 2663 1383 2731 τῆς
1410 2665 1469 2715 ἐν
1512 2664 1817 2733 Χαλκηδόνι

257 2744 502 2808 συνόδου,
544 2748 738 2817 καὶτῷ
764 2749 846 2820 λη’
878 2752 1059 2804 κανόνι
1089 2752 1188 2821 τῆς
1214 2754 1271 2806 ἐν
1304 2753 1381 2823 τῷ
1412 2753 1665 2824 Τρούλλῳ
1696 2772 1819 2807 συν-

254 2833 398 2899 όδου,
431 2837 497 2889 τά
525 2840 661 2892 αὑτά
691 2843 1241 2912 παρακελευομένοις.
1304 2846 1460 2913 Ἐμοὶ
1489 2846 1543 2898 δέ
1566 2847 1716 2898 δοκεῖ
1742 2848 1817 2910 ὠς

253 2924 365 2975 ἀπὸ
401 2927 494 2978 τοῦ
521 2927 561 2979 δ’
582 2931 803 2990 κανόνος
857 2933 951 3000 τῆς
1008 2936 1066 2985 ἐν
1122 2935 1427 3004 Χαλκηδόνι
1466 2936 1685 2989 συνόδου
1722 2939 1819 2989 καὶ

258 3013 498 3079 μάλιστα
524 3020 737 3088 ἐνεδόθη
788 3021 864 3089 τῷ
909 3022 1120 3092 βασιλεῖ
1175 3025 1487 3077 ἀνατιθέναι
1538 3028 1817 3095 κοσμικῶν

251 3104 508 3205 δουλειῶν
556 3111 835 3178 ἐνεργείας
885 3115 1202 3183 ίερωμένοις
1231 3116 1327 3168 καὶ
1366 3120 1636 3186 μοναχοίς,
1679 3120 1815 3172 κατά
1844 3148 1886 3205 C

254 3194 417 3262 λόγον
480 3200 790 3270 οἱκονομίας
845 3204 1107 3273 δοκούσης
1162 3205 1328 3274 αὐτῷ.
1394 3208 1813 3277 Εἱγάρόκατά

253 3285 440 3354 χώραν
466 3290 755 3354 ἐπίσκοπος
779 3295 1002 3347 δύναται
1034 3296 1193 3349 τοῦτο
1216 3300 1409 3371 ποιεῖν,
1439 3297 1619 3365 πολλῷ
1650 3297 1811 3350 πλέον

253 3374 281 3423 δ
310 3373 587 3440 βασιλεὺς.
638 3382 665 3430 ό
710 3380 785 3448 μὴ
846 3382 1291 3450 ἀναγκαζόμενος
1333 3385 1651 3437 ἀκολουθεῖν
1702 3388 1814 3446 τοῖς

256 3463 472 3523 κανόσι.
508 3468 619 3527 τοῖς
643 3468 1034 3537 διοριζομένοις
1067 3472 1167 3533 τὰς
1187 3472 1403 3541 ψήφους
1458 3474 1566 3524 τῶν
1595 3475 1817 3525 ἐπισκό-

254 3569 376 3604 πων
399 3556 501 3607 ὐπὺ
547 3559 903 3627 ἐπαρχιωτῶν
946 3564 1258 3615 ἐπισκόπων
1302 3564 1569 3629 γίνεσθαι,
1612 3564 1708 3615 καὶ
1741 3564 1814 3633 μὴ

253 3645 407 3713 πιρά
436 3648 705 3715 ἀρχόντων
727 3666 741 3680 ο
769 3651 1060 3703 κάντεῦθεν
1091 3653 1183 3704 καὶ
1201 3652 1385 3722 ψήφου
1414 3654 1488 3723 μὴ
1510 3656 1811 3722 γενομένης

1926 618 2012 656 res
2039 619 2188 671 mque
2218 622 2279 658 ac
2314 606 2525 657 diaconi
2557 616 2610 658 et
2638 606 2949 658 sacerdotes
2982 603 3258 657 smcularia
3292 601 3467 654 olﬂeia

1921 693 2333 759 suscipiant,vel
2368 705 2675 748 exactorum
2721 709 2967 752 munera.
3009 693 3089 745 vel
3139 692 3465 750 curatiOnes,

1921 792 2139 848 propter
2182 784 2520 837 undecimum
2568 798 2827 837 canouem
2890 785 3074 848 prima:
3122 792 3174 831 et
3227 779 3469 831 secunda:

1919 871 2383 940 Constantinopol.
2414 874 2622 942 synodi.
2660 875 2730 925 De
2757 872 2984 924 sacratis
3008 881 3183 921 autem
3233 869 3466 921 homini-

1922 963 2020 1015 bus
2054 977 2242 1015 causas
2287 965 2566 1028 agentibus
2602 964 2732 1015 satis
2769 961 3080 1028 scripsimus
3125 960 3174 1009 in
3225 973 3340 1021 cap.
3379 958 3462 1018 l3,

1923 1053 2004 1106 tit.
2055 1052 2089 1105 8
2121 1054 2400 1118 pmsentis
2447 1054 2624 1119 operis
2682 1061 2779 1106 :et
2824 1052 2939 1117 lege
2986 1064 3069 1101 ea.
3108 1048 3183 1099 Ac
3236 1060 3470 1098 canones

1922 1143 2135 1209 quidem
2172 1152 2225 1195 et
2257 1143 2527 1212 synodalia
2563 1143 2738 1195 edicta
2776 1141 2825 1191 in
2875 1141 2959 1193 his
3014 1140 3337 1190 consistunt.
3383 1133 3468 1186 Di-

1920 1242 2252 1286 cuntanletn
2302 1234 2541 1300 quidam,
2604 1234 2715 1285 hate
2771 1232 2943 1282 locum
3002 1228 3223 1289 habere,
3260 1227 3472 1293 quando

1922 1324 2039 1376 sine
2065 1323 2215 1389 jussu
2252 1323 2587 1389 imperatoris
2613 1329 2854 1373 sacratus
2895 1319 3159 1386 quispiam
3213 1318 3471 1369 smcnlare

1924 1412 2273 1465 ministerium
2307 1413 2607 1464 exercuerit
2636 1428 2648 1463 :
2682 1412 2727 1463 si
2760 1410 2902 1463 enim
2952 1424 3016 1461 ex
3073 1406 3470 1472 dispensatione

1923 1503 2261 1571 imperatoris
2290 1504 2410 1570 quis
2443 1503 2545 1555 hoc
2572 1500 2923 1552 ministerium
2961 1495 3283 1561 susceperit,
3324 1508 3352 1546 a
3387 1494 3469 1543 di-

1923 1592 2024 1645 ctis
2060 1591 2355 1644 canonibus
2413 1604 2515 1643 non
2569 1588 2961 1655 prohibebitur,
2990 1599 3087 1636 nec
3134 1584 3374 1636 lzedetur.
3407 1582 3472 1633 Et

1921 1681 2196 1747 adjiciunt,
2224 1681 2364 1747 quod
2401 1680 2695 1746 imperator
2721 1691 2817 1729 nec
2859 1674 3156 1728 canonibus
3210 1686 3304 1723 nec
3342 1671 3472 1737 legi-

1923 1767 2021 1818 hus
2049 1767 2331 1835 subjicitur
2352 1782 2367 1818 :
2392 1775 2447 1819 et
2470 1767 2588 1819 ideo
2612 1776 2693 1817 est
2719 1766 2769 1816 in
2803 1764 2919 1830 ejus
2951 1770 3213 1829 potestate
3256 1760 3466 1827 episco-

1925 1867 2079 1927 patus
2112 1860 2162 1909 in
2201 1857 2519 1925 metropoles
2553 1857 2777 1924 erigere,
2807 1862 2863 1907 et
2885 1868 2913 1905 a
2941 1851 3051 1905 suis
3088 1850 3473 1914 metmpolibus

1924 1930 2182 2007 alienare.
2207 1949 2454 2001 similiter
2490 1950 2651 2001 etiam
2698 1945 3001 2000 antistitum
3046 1944 3303 1997 terminos
3333 1940 3471 1992 divi-

1920 2040 2045 2091 dere
2075 2038 2235 2107 539
2263 2049 2315 2090 et
2344 2039 2408 2091 de
2451 2053 2587 2092 novo
2611 2038 2892 2107 episcopos
2948 2045 3002 2088 et
3031 2032 3472 2099 metropolitanos

1920 2131 2280 2193 constituere;
2313 2131 2575 2197 etjubere
2606 2128 2874 2196 episcopis
2906 2127 2958 2178 in
2991 2126 3179 2179 alienis
3209 2123 3471 2177 diteccsi—

1920 2219 2019 2274 bus
2054 2222 2257 2287 absque
2282 2220 2389 2272 ullo
2416 2219 2725 2287 prajudicio
2756 2216 3068 2271 sacrificare
3119 2222 3312 2283 praeter
3348 2227 3474 2264 sen-

1923 2312 2139 2365 tentiam
2162 2313 2537 2380 episcoporum
2565 2312 2702 2364 illius
2733 2309 3064 2376 regionis,et
3085 2307 3184 2357 alia
3206 2304 3471 2371 ejusmodi

1919 2403 2246 2469 episeopalia
2288 2402 2410 2467 jura
2458 2415 2732 2453 exercere.
2789 2398 3024 2453 Utuntur
3079 2405 3252 2449 autem
3312 2395 3473 2447 etiam

1919 2490 2232 2543 duodecimo
2264 2498 2316 2541 et
2348 2489 2556 2543 decimo
2576 2495 2729 2541 sexto
2750 2500 2953 2541 canone
2972 2484 3221 2539 Chalced.
3252 2498 3397 2551 syn.,
3422 2491 3474 2531 et

1919 2581 2194 2635 tricesimo
2218 2582 2445 2647 septimo
2473 2594 2678 2633 canone
2701 2579 2888 2649 synodi
2930 2579 2982 2632 in
3020 2576 3230 2638 Trullo,
3260 2574 3347 2641 qui
3383 2588 3473 2624 ea-

1918 2673 2037 2726 dem
2060 2673 2393 2739 prtecipiunt.
2420 2672 2544 2724 Mihi
2577 2681 2752 2725 autem
2777 2671 3004 2731 videtur,
3038 2667 3177 2735 quod
3201 2682 3262 2719 ex
3281 2671 3473 2733 quarto

1919 2778 2124 2817 canone
2198 2763 2646 2817 Chalcedonensis
2742 2761 2927 2830 synodi
2998 2758 3309 2826 imperatori
3391 2757 3473 2810 vel

1924 2854 2157 2905 maxime
2184 2868 2497 2906 concessum
2533 2861 2615 2903 est
2656 2851 2989 2903 secularium
3030 2862 3305 2899 numerum
3356 2847 3473 2897 iun-

1920 2943 2125 2993 ctioues
2156 2938 2385 2993 Sacratis
2414 2948 2466 2990 et
2522 2938 2815 3000 monachis,
2848 2952 2914 2990 ex
2950 2938 3161 2988 ratione
3198 2936 3476 2998 diSpcusa-

1922 3029 2082 3081 tionis
2111 3042 2230 3096 qute
2263 3028 2335 3080 illi
2375 3030 2579 3082 videtur
2632 3029 2885 3080 tribuere.
2918 3026 2971 3079 Si
3004 3026 3144 3078 enim
3172 3025 3270 3077 hoc
3302 3035 3475 3091 potest

1922 3116 2152 3183 regionis
2182 3117 2484 3185 episcopus,
2510 3116 2674 3169 multo
2701 3119 2868 3185 magis
2896 3118 3210 3183 imperator,
3243 3116 3333 3183 qui
3368 3130 3471 3166 non

1921 3208 2132 3275 cogitur
2170 3210 2323 3276 sequi
2380 3222 2631 3271 canones,
2691 3209 3064 3268 decernentes,
3101 3207 3473 3273 episcoporum

1919 3298 2209 3351 electiones
2242 3313 2269 3349 a
2311 3298 2725 3359 prouincialibus
2749 3297 3013 3364 episcopis
3046 3299 3181 3358 Iieri,
3231 3311 3331 3345 IIou
3378 3309 3473 3344 au-

1921 3393 2026 3435 tem
2059 3401 2086 3434 a
2113 3385 2514 3453 magistratibus
2540 3400 2553 3434 :
2576 3393 2627 3437 et
2649 3385 2740 3452 qui
2773 3384 2987 3449 exinde,
3019 3383 3157 3436 nulla
3199 3381 3333 3432 facta
3363 3380 3475 3432 ele-

1919 3473 2119 3535 ctione,
2154 3474 2489 3540 patriarchas
2515 3484 2570 3527 et
2621 3461 2899 3543 episcOpos
2952 3474 3217 3542 provehit.
3252 3471 3315 3525 Et
3358 3471 3477 3537 lege

1920 3578 2035 3630 qum
2058 3564 2110 3615 in
2130 3566 2317 3617 eodem
2347 3574 2539 3632 quarto
2560 3579 2770 3619 canone
2813 3563 3266 3618 Chalcedonensis
3287 3559 3474 3629 synodi

1918 3653 2116 3720 Scripta
2157 3664 2281 3707 sunt

251 3741 598 3809 πατριάρχας
659 3744 753 3795 καὶ
809 3746 1141 3810 ἐπισκόπους
1186 3748 1640 3820 προϐαλλόμενος.
1694 3751 1805 3802 Καὶ
1844 3747 2155 3815 ἀνάγνωσον
2197 3750 2268 3802 τὰ
2306 3750 2364 3801 ἐν
2400 3748 2549 3819 αὺτῷ
2574 3750 2615 3803 δ’
2647 3750 2830 3803 κανόνι
2897 3749 2997 3815 τῆς
3037 3750 3096 3799 ἐν
3171 3749 3474 3819 Χαλκηδόνι

252 3828 476 3888 συνόδου
498 3832 797 3899 γραφέντα.

319 3924 564 4007 ΖΩΝΑΡ.
591 3927 724 3996 Περὶ
748 3927 838 3980 τοῦ
872 3929 946 3999 μὴ
968 3932 1212 3999 γίνεσθαί
1256 3951 1408 3996 τινας
1431 3934 1540 3987 τῶν
1572 3936 1814 4005 ἱερωμέ-

252 4031 361 4066 νων
414 4015 706 4086 ἀλλοτρίων
762 4022 1060 4089 κτημάτων
1091 4024 1461 4095 ἐκλήπτορας,
1497 4028 1666 4097 ἤγουν
1721 4045 1813 4095 μι-

251 4104 491 4167 σθωτάς,
528 4107 660 4176 μηδέ
687 4116 1179 4183 προκουράτωρας,
1216 4117 1468 4169 τουτέστι
1502 4116 1807 4186 διοικητὰς,

250 4197 600 4265 φροντιστὰς,
626 4199 964 4270 πλατύτερον
1008 4204 1248 4273 περιέχει
1278 4206 1461 4275 τρίτος
1493 4206 1675 4259 κανὼν
1710 4207 1811 4274 τῆς

248 4285 290 4338 δ’
317 4286 557 4343 συνόδου.
612 4290 721 4343 Καὶ
748 4291 777 4342 ό
801 4298 892 4345 παν
927 4293 982 4345 δέ
1011 4292 1189 4347 κανὼν
1218 4294 1326 4347 τῶν
1350 4296 1525 4363 ἀγίων
1578 4298 1811 4349 ἀποστό-

250 4375 362 4430 λων
386 4378 478 4430 τὸν
502 4380 836 4448 ἐμϐάλλοντα
870 4385 1060 4437 ἐαυτὸν
1088 4387 1167 4449 εἱς
1193 4386 1458 4455 δημοσίας
1508 4387 1807 4456 διοικήσεις

1990 3927 2240 3985 ZONAR.
2271 3927 2387 3981 Nuu
2447 3929 2610 3983 licere
2654 3928 2906 3998 cuiquam
2958 3943 3025 3984 ex
3074 3943 3227 3983 sacro
3280 3932 3469 3985 ordine

1915 4021 2108 4075 alienae
2140 4019 2509 4089 possessionis
2540 4017 2947 4083 conductorem,
2974 4020 3369 4073 mercenarium
3393 4022 3475 4073 vi-

1912 4111 2132 4173 delicet,
2167 4124 2341 4177 neque
2373 4120 2785 4177 procuratorem
2835 4108 2949 4162 sive
2999 4109 3339 4175 publicanum
3394 4110 3478 4162 vel

1914 4200 2414 4255 administratorem
2452 4200 2589 4265 ﬂeri,
2624 4199 2783 4253 tertio
2812 4209 3018 4270 quarta:
3045 4200 3236 4269 synodi
3270 4216 3476 4256 canone

1910 4291 2087 4347 fusius
2116 4292 2443 4360 explicatum
2484 4298 2586 4344 est.
2620 4291 2720 4356 Qui
2750 4306 2877 4345 vero
2918 4306 2975 4345 se
3021 4292 3251 4361 publica;
3302 4295 3479 4347 admi-

1915 4382 2221 4437 nistrationi
2259 4382 2632 4441 immiscuerit,
2660 4396 2781 4434 eum
2806 4383 3010 4449 primus
3037 4392 3091 4435 et
3114 4386 3476 4451 octogesimus

249 4467 635 4538 καθαιρεῖσθαι
666 4474 1019 4540 προστάττει·
1042 4476 1175 4545 μηδέ
1202 4476 1265 4530 ἐκ
1283 4493 1430 4540 τινος
1455 4478 1681 4548 αἱσχροῠ
1707 4481 1800 4532 καὶ
1834 4462 1886 4521 Ῑ)

1834 4462 1886 4521 D
1915 4483 2224 4525 sanctorum
2258 4471 2623 4538 apostolorum
2655 4485 2827 4524 canon
2864 4473 3055 4538 deponi
3103 4470 3258 4539 jubet
3290 4491 3302 4525 :
3354 4490 3474 4527 ens-

252 4559 453 4627 ἀτίμου
485 4560 807 4630 πράγματος
839 4564 1042 4633 τροφὴν
1070 4564 1390 4633 ¹ιιιορὶζεσθαι
1434 4568 1808 4636 παρακελεύε-

250 4664 341 4701 ται
366 4650 398 4699 ὁ
427 4650 623 4705 κανών.
660 4653 893 4722 Δὶσχρδν
938 4654 1037 4723 μέν
1094 4650 1186 4708 οὖν
1244 4654 1312 4708 ἀν
1363 4656 1449 4726 εῖη
1486 4660 1721 4725 πρᾶγμα
1751 4660 1812 4712 τὸ

254 4740 664 4805 πορνοϐοσκεῖν,
691 4745 861 4812 ἠγουν
883 4745 944 4796 τὺ
989 4744 1193 4813 πόρνας
1230 4746 1476 4814 τρέφειν,
1506 4745 1648 4799 ὥστε
1680 4764 1811 4814 κερ-

248 4828 459 4881 δαίνειν
492 4831 554 4882 ἐκ
592 4832 684 4884 τοῦ
716 4834 1068 4903 μισθώματος
1100 4836 1349 4900 ἐκείνων,
1384 4836 1477 4889 καὶ
1505 4840 1576 4889 τά
1607 4839 1771 4906 ὅμοια
1792 4854 1806 4869 ’

249 4919 454 4989 ἀτιμον
482 4922 530 4972 δ’
558 4924 673 4975 ἐστί
719 4925 778 4976 τὸ
832 4926 1197 4994 προΐστασθαι
1232 4927 1554 4995 καπηλείου.
1615 4929 1711 4981 καὶ
1742 4928 1811 4980 τά

248 5010 633 5080 παραπλήσια.
680 5014 773 5066 Ἐκ
800 5016 1058 5069 τοιούτων
1106 5017 1201 5071 οὖν
1244 5018 1450 5088 τροφὴν
1484 5020 1811 5090 πορίζεσθαι

246 5101 276 5150 ὁ
303 5099 489 5153 κανὼν
512 5103 844 5174 ἀπαγορεύει
873 5108 984 5167 τοῖς
1014 5107 1331 5177 ἱερωμένοις
1351 5123 1367 5141 ·
1425 5111 1519 5162 καὶ
1552 5112 1654 5164 οὐκ
1683 5108 1803 5173 εἷπε

250 5191 465 5261 κέρδος,
497 5192 629 5245 ἀλλά
652 5194 880 5263 τρυφήν.
908 5195 1029 5248 Κάν
1057 5197 1163 5265 γάρ
1191 5200 1269 5259 εἰς
1290 5199 1447 5252 τοῦτο
1480 5204 1808 5271 περιιστιῖωι

254 5280 470 5343 πενίας,
506 5281 645 5335 ὥστε
676 5283 813 5352 μηδέ
842 5284 1050 5361 τροφῆς
1080 5287 1353 5355 εὐπορεῖν,
1388 5289 1501 5341 οὐδ’
1524 5290 1667 5344 οὕτω
1702 5293 1808 5362 χρὴ

253 5369 454 5431 αὐτοὺς
481 5370 545 5444 ἐκ
570 5372 890 5440 πράγματος
920 5372 1147 5443 αίσχροῦ
1172 5372 1205 5444 ἢ
1235 5375 1431 5443 ἀτίμου
1483 5378 1807 5447 πορίζεσθαι

248 5461 483 5529 τροφήν.
525 5461 827 5529 Ὀφείλουσι
855 5463 982 5533 γὰρ,
1017 5464 1173 5533 φησὶ,
1226 5467 1288 5517 τὸ
1313 5466 1671 5521 ἀποστολικὸν
1720 5472 1811 5522 ἐν-

243 5552 440 5619 νοῆσαι
470 5551 856 5621 παράγγελμα.
891 5553 951 5605 τὸ
990 5553 1147 5621 λέγον
1169 5570 1183 5585 ο
1246 5555 1457 5621 Οὐδείς
1484 5560 1809 5625 στρατευό-

242 5659 431 5709 μενος
458 5642 821 5710 ἐμπλέκεται
851 5642 979 5709 ταῖς
1010 5645 1116 5699 τοῦ
1171 5646 1316 5710 βίου
1364 5646 1810 5718 amantum/air.

247 5734 347 5796 ινα
387 5732 467 5796 τῷ
494 5735 1052 5803 στρατολογήσαντι
1077 5739 1287 5806 ἀρέσῃ.
1307 5740 1366 5794 Ei
1392 5741 1446 5793 δὲ
1483 5745 1590 5804 τοῖς
1616 5759 1810 5805 κοσμι-

1912 4563 2032 4616 dem
2067 4576 2134 4615 ex
2170 4561 2351 4631 aliquo
2390 4562 2528 4629 turpi
2565 4576 2629 4615 ac
2653 4561 2872 4617 sordido
2901 4561 3112 4627 negotio
3140 4561 3340 4615 victum
3372 4564 3472 4618 sibi

1910 4666 2104 4719 parare
2131 4651 2219 4706 hic
2264 4666 2434 4705 canon
2470 4661 2635 4705 vetat.
2687 4652 2765 4706 Ac
2811 4660 2964 4718 turpe
3014 4651 3229 4720 quidem
3286 4652 3472 4715 fuerit,

1910 4744 2139 4810 exempli
2172 4757 2356 4805 causa,
2393 4744 2442 4796 si
2472 4744 2591 4812 quis
2620 4744 2885 4796 lenoniam
2912 4754 3186 4805 exerceat,
3216 4745 3315 4797 hoc
3352 4755 3471 4808 est,

1912 4833 2022 4886 alat
2057 4833 2391 4896 meretrices,
2417 4843 2475 4886 ut
2505 4848 2570 4886 ex
2600 4847 2785 4885 earum
2838 4834 3088 4885 mercede
3136 4832 3249 4897 ipse
3301 4834 3477 4886 lucre-

1914 4932 2023 4986 tur,
2077 4932 2241 4989 atque
2295 4923 2460 4993 hujus
2513 4924 2746 4993 'generis
2807 4923 2932 4976 alia.
3000 4922 3284 4976 Sordidum
3348 4940 3475 4977 veru

1910 5017 2223 5082 cauponari,
2256 5026 2306 5069 et
2332 5016 2553 5070 similia.
2586 5013 2797 5067 Victum
2838 5015 2999 5082 igitur
3049 5016 3151 5069 sibi
3202 5016 3468 5083 ejusmodi

1912 5106 2117 5159 artibus
2150 5122 2397 5175 qumrcre
2424 5107 2524 5160 hoc
2548 5119 2757 5159 canone
2786 5106 2959 5158 sacris
2992 5105 3187 5157 initiati
3220 5106 3470 5158 homines

1911 5193 2266 5261 prohibentur
2299 5212 2311 5248 :
2346 5191 2677 5260 nequevero
2709 5195 2915 5248 lucrum
2940 5195 3094 5259 dixit,
3124 5194 3216 5248 sed
3244 5195 3469 5247 victum.

1913 5280 2173 5347 Quamvis
2207 5285 2351 5343 enim
2381 5299 2447 5339 eo
2480 5284 2671 5354 inopia:
2722 5284 3052 5351 redigantur,
3113 5292 3171 5336 ut
3220 5282 3472 5335 alimenta

1913 5389 2130 5445 quoque
2177 5376 2462 5443 deﬁciant;
2498 5390 2563 5430 ne
2603 5389 2729 5429 tunc
2771 5376 2986 5444 quidem
3043 5388 3139 5428 eos
3195 5374 3333 5441 turpi
3383 5382 3475 5427 aut

1919 5467 2139 5520 sordido
2168 5467 2385 5521 artiﬁcii
2444 5482 2640 5537 genere
2686 5468 2810 5523 vitat
2863 5466 3099 5521 subsidia
3156 5480 3474 5533 comparare

1914 5568 2149 5627 oportet.
2182 5558 2291 5613 Eos
2316 5558 2483 5620 enim,
2509 5559 2705 5628 inquit,
2735 5558 2883 5611 illius
2912 5556 3197 5624 apostolici.
3216 5556 3471 5624 prrecepti

1917 5665 2183 5705 memores
2234 5665 2353 5705 esse
2386 5651 2561 5715 decet,
2622 5648 2766 5719 qum!
2827 5650 2902 5702 ait
2958 5647 3174 5701 :Nemo
3240 5648 3472 5697 militans

1916 5742 2146 5808 implicat
2184 5757 2239 5795 se
2280 5742 2501 5811 negotiis
2548 5739 2915 5803 saecularibus,
2964 5750 3018 5793 ut
3066 5740 3113 5794 ei
3143 5737 3347 5807 placeat
3384 5735 3471 5796 qui
