4214 6438
768 383 833 443 95
1993 392 2257 452 mauu.
2304 388 2692 449 BALSAMON
3855 378 3925 441 96

764 492 950 545 milites
978 488 1126 562 elegit
1153 498 1219 551 ³³.
1251 498 1396 562 Quod
1424 501 1465 549 si
1515 502 1577 550 de
1621 503 1835 567 prolana
1882 501 2063 552 militia
2108 512 2288 549 verum
2320 498 2362 553 Α
2392 511 2422 544 κ

2263 512 2288 546 u
2320 498 2362 553 Α
2392 495 2491 561 κὴν
2520 497 2967 564 στρατευομένοις
3002 493 3288 563 στρατείαν
3314 492 3468 545 τοῦτο
3498 491 3733 560 εἴρηται,
3755 487 3927 557 πολλῷ

761 589 841 630 est
864 620 876 639 ,
912 595 1057 634 certe
1088 585 1138 635 in
1177 602 1288 643 eos,
1337 589 1425 654 qui
1450 589 1642 640 divina:
1675 589 1877 641 militia:
1932 590 1981 639 in
2014 602 2168 639 sacro
2199 600 2289 637 or-

757 664 881 718 dine
915 670 1199 734 mancipati
1249 682 1391 735 stmt,
1450 676 1602 741 longe
1650 676 2105 727 accon'nnodatlus
2159 688 2289 740 qtlnv

756 751 953 807 drabit.
984 756 1059 809 De
1090 758 1376 813 lectoribus
1426 778 1550 815 vero
1584 766 1722 831 quod
1768 765 2027 831 sequitur,
2086 773 2143 814 ut
2186 778 2285 828 pu-

757 843 980 898 bertatis
1037 856 1311 914 tempore,
1364 864 1553 918 quarto
1615 855 1823 907 decimo
1885 857 2090 908 scilicet
2149 868 2287 905 anno

752 934 983 997 expleto,
1017 938 1094 988 vel
1122 942 1457 993 matrimonio
1476 943 1646 1010 jungi,
1679 945 1757 996 vel
1782 945 2081 998 caelibatum
2125 944 2290 1011 proli-

756 1022 855 1073 teri
881 1034 1142 1091 cogantur
1176 1043 1189 1078 :
1223 1043 1288 1079 an
1325 1044 1384 1081 ea
1414 1031 1464 1083 in
1500 1031 1751 1085 Africana
1786 1034 2021 1087 Ecclesia
2062 1048 2286 1085 coosue-

751 1111 879 1162 tudo
912 1111 1194 1166 inoleverit
1228 1118 1363 1169 haud
1415 1118 1571 1173 facile
1601 1122 1851 1174 dixerim.
1898 1122 1956 1175 ln
1999 1123 2116 1175 aliis
2146 1131 2290 1174 certe

751 1193 1005 1250 Ecclesiis
1034 1201 1171 1253 haud
1197 1203 1365 1269 viget;
1402 1205 1507 1257 imo
1532 1221 1628 1260 nec
1658 1208 1766 1261 ullo
1790 1225 2019 1277 unquam
2054 1218 2289 1276 tempore

750 1283 983 1348 viguisse
1012 1302 1113 1353 ego
1160 1290 1374 1356 quidem
1420 1296 2043 1362 existimo;adversatur
2094 1301 2289 1367 quippe

748 1382 1052 1426 sanctorum
1119 1379 1479 1443 apostolorum
1530 1384 1783 1437 vicesimo
1837 1396 1990 1438 sexto
2055 1388 2285 1448 canoni,

747 1462 838 1527 qui
865 1464 1157 1519 lectoribus
1200 1479 1253 1520 et
1288 1473 1615 1537 cantoribus,
1669 1484 1949 1542 postquam
1997 1476 2049 1528 in
2084 1475 2285 1527 clerum

747 1554 963 1621 ascripti
1016 1555 1251 1622 fuerint,
1314 1575 1505 1615 uxores
1575 1564 1846 1617 ducendas
1895 1577 2017 1617 esse
2061 1562 2286 1625 statuit,

746 1655 920 1710 neque
951 1655 1153 1697 certum
1182 1647 1393 1716 aliquod
1416 1660 1622 1718 tempus
1647 1653 1950 1719 nuptiarum
1973 1650 2284 1719 praescribit,

2394 584 2589 650 μᾶλλον
2616 586 2843 652 ἁρμόσει
2872 586 2982 645 τοῖς
3011 583 3088 652 τῷ
3111 582 3228 650 Θεῷ
3253 581 3701 649 στρατευομένοις
3721 578 3807 630 διὰ
3830 579 3926 643 τῆς

2396 674 2712 741 ἱερωσύνης.
2746 676 2819 726 Τὸ
2870 674 2926 725 δὲ
2962 674 3085 735 τοὺς
3119 671 3469 736 ἀναγνώστας
3519 670 3576 720 ἐν
3629 666 3703 735 τῷ
3752 666 3924 733 καιρῷ

2390 762 2485 827 τῆς
2517 763 2673 831 ἥΰης,
2694 766 2859 831 ἢγουν
2880 764 3014 827 μετά
3035 763 3125 813 τδν
3156 763 3217 813 ιδ’
3249 759 3496 812 ἐνιαυτὸν
3526 755 3924 821 ἀναγκάζεσθαι

2390 850 2421 916 ἢ
2468 852 2627 919 γάμῳ
2656 852 2933 918 ὁμιλῆσαι,
2968 854 3000 920 ἢ
3032 852 3271 917 ἀγαμίαν
3306 849 3650 916 ὑποσχέσθαι,
3686 847 3784 897 οὐκ
3811 841 3925 897 οῖδα

2388 940 2436 989 εί
2466 941 2611 1004 παρά
2643 945 2752 999 τοῖς
2802 942 2860 990 ὲν
2889 941 3122 1006 Ἀφρικῇ
3181 938 3472 1003 ἐκράτησε.
3519 934 3673 1000 Παρὰ
3704 933 3759 984 δὲ
3805 934 3922 991 ταῖς

2389 1025 2570 1084 ἄλλαις
2612 1026 2953 1094 Ἐκκλησίαις
3006 1026 3064 1076 οὐ
3099 1027 3325 1087 κρατεί’
3386 1018 3537 1088 οἶμαι
3589 1020 3646 1071 δὲ
3700 1020 3779 1070 ὅτι
3809 1017 3925 1069 οὐδὲ

2390 1114 2607 1165 πώποτε
2656 1116 2977 1184 ἐκράτησεν,
3031 1112 3445 1175 ἐναντιούμενον
3473 1108 3551 1175 τῷ
3581 1107 3671 1169 κς¹
3700 1108 3926 1157 ἀποστοο

2389 1202 2522 1269 λικῷ
2551 1204 2755 1263 κανόνι,
2786 1203 3020 1272 ὁρίζοντι
3047 1200 3394 1266 ἀναγνώστας
3425 1198 3519 1250 καὶ
3544 1196 3766 1262 ψάλτας,
3792 1196 3927 1259 μετὰ

2387 1289 2450 1339 τὸ
2505 1291 2583 1350 είς
2635 1290 2829 1357 κλῆρον
2866 1289 3189 1355 ηπροελθεῖν,
3227 1288 3440 1353 γαμεῖν,
3476 1284 3569 1336 καὶ
3626 1282 3701 1349 μὴ
3730 1279 3923 1348 καιρὸν

2388 1380 2570 1438 αὐτοῖς
2600 1379 2693 1430 τοῦ
2739 1381 2915 1446 γάμου
2971 1379 3227 1447 ὁρίζοντι,
3265 1378 3401 1445 μήτε
3460 1373 3784 1440 ἐγκράτειαν
3829 1373 3927 1421 ἑπ-

2388 1468 2748 1535 αγγέλλεσθαι
2786 1470 3121 1521 ἀπαιτοῦντι.
3154 1468 3227 1518 Τδ
3256 1468 3311 1519 δὲ
3338 1464 3601 1528 δανείζειν
3641 1464 3766 1522 τοὺς
3801 1459 3933 1525 κλη-

2392 1560 2572 1628 ρικοὺς
2624 1560 2716 1609 ἐπὶ
2774 1558 2950 1619 τόκοις
3000 1559 3213 1619 πολλοῖς
3271 1556 3641 1623 ἀπηγόρευται
3706 1551 3932 1603 κανόσιο

2389 1649 2481 1701 καὶ
2512 1642 2664 1710 οὗτος
2699 1649 2755 1700 δὲ
2783 1648 2843 1699 τὸ
2876 1649 3007 1700 αὐτὸ
3034 1646 3272 1699 κελεύειο
3327 1644 3419 1697 καί
3453 1658 3635 1712 φησιν,
3668 1640 3761 1693 ἐὰν
3803 1637 3940 1705 χρή·-

746 1741 837 1784 aut
870 1732 1050 1800 aliqua
1079 1752 1173 1789 eos
1214 1741 1559 1795 continentia
1602 1742 1937 1809 professione
1977 1743 2287 1812 ohligandos
2325 1803 2357 1812 _
2394 1756 2410 1804 ι

2274 1757 2287 1795 5
2325 1803 2357 1812 _
2394 1755 2537 1804 ματα
2570 1738 2687 1806 ἦτοι
2724 1737 3034 1806 νομίσματα
3066 1736 3139 1803 δῷ
3167 1734 3425 1803 κληρικὸς
3454 1734 3511 1784 ὲν
3535 1731 3748 1800 χρήσει,
3772 1729 3938 1796 ήγουν

743 1836 863 1877 esse
893 1828 1158 1880 decernit.
1202 1829 1274 1881 De
1302 1829 1484 1885 latiore
1520 1848 1681 1901 porro
1709 1849 1735 1885 a
1768 1834 1977 1887 clericis
2002 1848 2103 1886 non
2133 1847 2290 1885 exer-
2324 1803 2361 1854 Β
2394 1827 2407 1877 ἓ

2278 1860 2290 1872 ι
2324 1803 2361 1854 Β
2394 1803 2610 1896 δανείση
2641 1827 2709 1878 τά
2737 1803 3015 1895 χρήματα,
3048 1826 3294 1877 τουτέστι
3322 1823 3555 1875 τοσαῦτα
3581 1821 3809 1887 λήψεται
3846 1817 3942 1868 καὶ

743 1914 915 1967 cendo
945 1917 1097 1969 multi
1124 1932 1363 1973 canones
1382 1931 1594 1975 exstant
1624 1940 1638 1975 :
1683 1924 1929 1991 idemque
1956 1923 2053 1975 hoc
2077 1934 2291 1989 quoque

745 2016 955 2056 canone
986 2018 1050 2057 ne
1076 2004 1230 2059 liceat
1262 2009 1639 2073 constitutum;
1664 2025 1726 2063 ac
1756 2011 1801 2063 si
1831 2010 2065 2077 quidem,
2098 2008 2289 2076 inquit,

747 2092 1027 2158 pecuniam
1080 2107 1169 2146 aut
1223 2111 1470 2153 nummos
1518 2100 1742 2153 utendos
1786 2100 2015 2166 cuipiam
2063 2097 2290 2151 clericus

746 2182 1095 2249 concesserit,
1142 2187 1241 2239 hoc
1269 2197 1369 2250 est,
1406 2198 1621 2241 mutuos
1644 2190 1873 2251 dederit,
1922 2190 2138 2243 totidem
2189 2189 2288 2241 sibi

749 2274 1005 2335 vicissim,
1037 2290 1133 2327 nec
1163 2276 1341 2341 plures
1376 2278 1481 2333 ullo
1530 2280 1710 2343 modo,
1761 2290 1912 2334 curet
1952 2278 2246 2333 reddendos
2277 2298 2291 2332 :

748 2362 792 2415 si
826 2376 953 2414 vero
984 2364 1058 2417 rei
1092 2366 1349 2431 speciem,
1396 2367 1718 2422 frumentum
1760 2370 1953 2438 quippe
1976 2378 2069 2423 aut
2092 2370 2291 2431 vinum,

750 2460 842 2502 aut
872 2450 1134 2515 ejusmodi
1174 2457 1443 2522 quidpiam
1481 2458 1704 2522 dederit,
1741 2460 2094 2523 tantumdem,
2125 2475 2298 2527 quan-

751 2550 865 2593 tum
901 2541 1066 2606 dedit,
1105 2559 1203 2597 nec
1226 2545 1347 2612 plus
1372 2546 1573 2613 aliquid
1604 2549 1841 2601 vicissim
1872 2550 2123 2617 accipiat.
2162 2548 2293 2604 Illud

746 2647 979 2700 quoque,
1037 2652 1102 2689 ne
1168 2638 1401 2692 minores
1471 2640 1710 2708 quinque
1765 2649 1818 2692 et
1877 2639 2061 2707 viginti
2132 2638 2288 2691 annis

749 2719 959 2774 diaconi
994 2724 1282 2790 eligantur,
1319 2730 1625 2793 complures
1657 2728 1781 2780 item
1831 2741 2067 2781 canones
2106 2727 2293 2779 decre-

748 2826 895 2868 tere.
930 2814 1131 2869 Deinde
1160 2816 1474 2879 lectoribus,
1530 2834 1599 2871 ne
1639 2820 1852 2884 expleto
1896 2817 2199 2870 ministerio
2236 2830 2294 2869 se

749 2902 813 2953 ad
870 2906 1121 2972 populum
1177 2906 1443 2960 salutandi
1509 2912 1678 2976 gratia
1735 2916 2082 2970 convertant,
2128 2907 2295 2958 inter-

2395 1918 2455 1969 οὐ
2483 1916 2704 1969 πλείονα
2725 1933 2739 1946 ο
2780 1917 2875 1967 ἐὰν
2918 1917 2973 1967 δὲ
3000 1912 3141 1977 εἶδος
3167 1916 3265 1981 δῷ,
3297 1918 3442 1967 οἶτον
3468 1913 3629 1981 τυχδν
3654 1911 3686 1981 ἢ
3714 1905 3877 1970 οἶνον,
3908 1909 3941 1974 ἢ

2395 2007 2580 2075 ἔτερόν
2612 2023 2664 2057 τι
2696 2006 2958 2068 τοιοῦτον,
3008 2008 3133 2058 ὅσον
3186 2005 3373 2068 ἔδωκε,
3429 2003 3680 2071 λήψεται,
3730 2000 3827 2053 καὶ
3884 1997 3944 2049 οὗ

2395 2095 2575 2148 πλέον.
2608 2097 2715 2148 Καὶ
2760 2096 2819 2146 τὸ
2854 2097 2958 2163 πρὸ
2992 2096 3440 2164 συμπληρώσεως
3469 2099 3545 2144 κε’
3574 2089 3835 2143 ἐνιαυτῶν
3867 2088 3942 2155 μὴ

2395 2185 2815 2255 χειροτονεῖσθαι
2849 2186 3115 2241 διάκονον,
3138 2185 3418 2251 διαφόροις
3446 2182 3663 2235 κανόσιν
3684 2180 3937 2249 ὦρισιαι.

2408 2276 2805 2344 Ἀπηγόρευται
2858 2276 2913 2328 δὲ
2942 2278 3053 2336 τοῖς
3103 2274 3479 2342 ἀναγνώσταις
3507 2275 3565 2325 ὲν
3595 2271 3672 2339 τῷ
3701 2268 3942 2337 πληροῦν

2396 2366 2493 2435 τὴν
2529 2365 2805 2420 διακονίαν
2847 2366 3024 2418 αὐτῶν
3061 2366 3387 2437 στρέφεσθαι
3424 2364 3559 2433 πρὸς
3606 2365 3697 2416 τὸν
3752 2364 3947 2431 δῆμον,

2398 2457 2491 2508 καὶ
2521 2460 2870 2523 προσκυνεῖν.
2919 2458 3120 2517 Μόνοις
3148 2458 3257 2525 γὰρ
3288 2460 3399 2516 τοῖς
3455 2454 3772 2523 ἀρχιερεῦσι
3829 2452 3950 2502 τότε
3976 2493 3982 2498 .

2399 2547 2491 2598 καὶ
2513 2549 2624 2608 τοῖς
2664 2546 2903 2615 ἱερεῦσιν
2930 2547 3202 2613 ὀφείλουσι
3229 2548 3572 2615 προσκυνεῖν,
3610 2547 3701 2596 καὶ
3722 2543 3843 2611 οὐχὶ
3875 2542 3952 2608 τῷ

2401 2637 2594 2706 πλήθει
2634 2639 2743 2689 τῶν
2772 2641 2831 2689 ὲν
2858 2642 2926 2706 τῇ
2970 2637 3266 2706 Ἐκκλησία
3325 2637 3840 2706 συναθροιζομένων.
3889 2636 3953 2685 Οἱ

2403 2729 2501 2795 μὲν
2524 2728 2633 2795 γὰρ
2662 2728 2933 2796 ίέρωνται,
2962 2730 3012 2780 οί
3042 2729 3098 2781 δὲ
3122 2729 3216 2780 τοῦ
3247 2730 3417 2798 δήμου
3454 2729 3641 2797 πόρρω
3671 2729 3767 2796 τῆς
3798 2728 3954 2793 ιερω·

2406 2816 2571 2883 σύνης
2600 2818 2730 2882 είσὶ,
2768 2822 2861 2871 καὶ
2895 2820 3096 2886 μᾶλλον
3125 2818 3555 2888 τιμᾶσθαι-δέον,
3587 2815 3872 2870 καὶταῦτα
3898 2815 3955 2866 ὲν

2402 2905 2578 2976 καιρῷ
2603 2908 2701 2977 τῆς
2724 2907 3028 2976 ὑπουργίας
3054 2910 3251 2962 αὐτῶν.

750 2995 973 3049 dictum.
1009 2998 1164 3051 Solos
1190 3016 1418 3068 namque
1444 3017 1508 3055 eo
1539 3012 1777 3070 tempore
1800 3004 2070 3055 antistites
2094 3006 2161 3065 ξθι
2202 2997 2534 3064 sacerdOtes,
2554 3016 2664 3056 non
2715 3019 3092 3076 congregatam
3157 3008 3207 3059 in
3264 3006 3487 3060 ecclesia
3541 3003 3955 3060 multitudinem.

750 3086 818 3137 ab
867 3086 934 3139 iis
987 3090 1208 3141 salutari
1252 3087 1333 3141 l'as
1377 3098 1477 3143 est.
1530 3089 1632 3157 lpsi
1687 3092 1827 3144 enim
1879 3090 2075 3142 sacrati
2128 3095 2287 3146 sunt,
2329 3086 2613 3143 multitudo
2644 3106 2771 3146 vero
2802 3109 2832 3147 a
2864 3096 3039 3149 sacris
3091 3096 3371 3149 ordinibus
3449 3098 3606 3161 longo
3683 3094 3963 3148 intervallo

749 3174 1014 3241 disjuncta
1046 3194 1059 3230 :
1091 3186 1146 3230 ut
1175 3179 1397 3243 proinde
1424 3180 1488 3232 iis
1515 3180 1690 3247 p0tius
1726 3195 1753 3232 a
1800 3180 1992 3248 p0pulo
2025 3178 2281 3231 honorem
2314 3172 2581 3241 exhiberi,
2619 3182 2916 3245 prmsertim
2955 3183 3080 3235 dum
3140 3184 3192 3235 in
3258 3181 3338 3235 sui
3403 3180 3683 3234 ministerii
3730 3180 3963 3232 functio-

751 3268 908 3321 nibus
940 3277 1238 3328 versantur,
1262 3280 1505 3336 oporteat

751 3357 976 3411 ARIST.
1028 3378 1045 3408 ι
1077 3360 1394 3426 EpiscOpus,
1445 3360 1747 3429 presbyter,
1791 3372 1840 3412 et
1888 3360 2148 3415 diaconus
2203 3378 2307 3416 non
2336 3368 2415 3425 c.

2296 3368 2379 3425 Ic
2413 3361 2633 3415 ΑΡΙΣΤ.
2674 3377 2693 3410 ι
2732 3357 3080 3418 Ἐπίσκοπος,
3123 3354 3511 3425 πρεσσύτερος,
3572 3357 3663 3407 καὶ
3695 3354 3960 3415 διάκονος,

830 3466 845 3496 ι
886 3447 1018 3499 liuut
1053 3449 1427 3513 conductores,
1457 3467 1632 3517 neque
1683 3461 2081 3518 procuratores.
2114 3452 2307 3505 Lector

832 3559 849 3589 ι
891 3541 1060 3605 pubes
1106 3538 1280 3593 lactus
1315 3542 1395 3592 vel
1452 3544 1855 3595 matrimonium
1908 3543 2194 3596 contrahat
2226 3544 2307 3597 vel

833 3647 850 3679 ι
892 3630 1275 3684 continentiam
1307 3632 1641 3698 proﬁteatur.
1681 3652 1698 3683 ι

828 3719 1140 3785 Ερίεςοροε,
1187 3730 1238 3772 et
1281 3720 1639 3790 presbyteros,
1690 3731 1743 3774 et
1791 3722 2048 3777 diaconos
2093 3723 2309 3778 fenera-

755 3820 919 3872 tores,
950 3808 1111 3877 540
1138 3820 1229 3862 aut
1263 3812 1656 3877 possessionum
1686 3812 1983 3879 aliquarum
2016 3815 2311 3884 conducto-

761 3914 878 3959 res,
916 3904 996 3951 vel
1032 3900 1193 3977 etiam
1230 3900 1541 3965 provisores
1569 3900 1703 3965 ﬁeri,
1753 3910 1806 3956 et
1851 3917 2092 3970 praesens
2137 3919 2309 3958 canon

759 3988 1006 4053 prohibet
1034 3999 1087 4040 et
1128 3990 1325 4042 diversi
1359 3990 1471 4043 alii.
1505 3991 1701 4045 Lector
1744 4001 1944 4055 autem,
1993 3995 2084 4061 qui
2134 3994 2311 4062 impu-

759 4076 939 4128 berem
970 4086 1182 4130 aatatem
1242 4080 1578 4145 transilierit,
1627 4093 1680 4135 et
1732 4083 1921 4149 viginti
1976 4082 2092 4136 fere
2141 4098 2313 4138 annos

761 4168 1019 4234 attigerit,
1053 4180 1107 4221 et
1143 4170 1551 4238 hypodiaconus
1587 4173 1699 4226 lieri
1733 4174 1877 4240 cupit
1922 4172 2069 4241 (nam
2121 4175 2311 4243 viginti

763 4258 917 4309 annis
952 4259 1564 4329 juniorhypodiaconus
1598 4278 1702 4316 non
1752 4262 2057 4327 ordinatur,
2106 4274 2166 4316 ut
2214 4264 2314 4317 de-

760 4348 933 4401 cimus
954 4348 1173 4415 quintus
1195 4358 1356 4404 sexta:
1380 4352 1432 4404 in
1448 4337 1631 4405 Trullo
1651 4352 1837 4419 synodi
1867 4367 2039 4406 canon
2072 4352 2307 4421 statuit),

764 4441 844 4492 vel
878 4456 1096 4494 uxorem
1128 4453 1253 4497 ante
1276 4444 1671 4498 ordinationem
1721 4446 1921 4508 ducat,
1956 4445 2040 4497 vel
2074 4445 2311 4497 caelibem

761 4545 920 4597 agere
974 4531 1311 4597 proﬁteatur.
1380 4532 1514 4585 Nam
1585 4548 1701 4601 post
1758 4536 2153 4587 ordinationem
2218 4550 2315 4587 nec

762 4622 1095 4687 presbytero,
1130 4635 1231 4673 nec
1266 4621 1515 4686 diacono,
1563 4638 1661 4692 nec
1702 4623 2074 4692 hypodiacono
2122 4624 2313 4676 matri-

2489 3471 2506 3503 ι
2543 3452 2876 3517 ὲκλήπτορες
2923 3447 2984 3498 οὐ
3039 3446 3304 3513 γίνονται,
3338 3445 3460 3497 οὐδὲ
3496 3444 3960 3512 προκουράτορες.

2487 3564 2505 3594 ι
2555 3542 2613 3592 ὐ
2646 3540 2845 3608 ἀνηόος
2901 3535 3253 3605 ἀναγνώστης
3303 3535 3336 3601 ἢ
3395 3535 3571 3602 γάμον
3618 3536 3961 3605 αίρείσθω,ῆ

2486 3648 2505 3681 ι
2542 3630 2868 3696 ἐγκράτειαν
2899 3624 3245 3693 όμολογείτω.
3272 3640 3291 3674 ι

2481 3719 2555 3772 Τὸ
2584 3714 3022 3783 πακτωναρίους,
3051 3712 3087 3782 ἢ
3129 3712 3404 3781 μισθωτὸς
3437 3712 3736 3782 κτημάτων
3776 3713 3961 3772 τινῶν,

2412 3812 2445 3881 ἢ
2476 3809 2572 3861 καὶ
2607 3804 2913 3875 προωητάς
2941 3802 3184 3871 γίνεσθαι
3213 3804 3563 3867 ἐπισκόπους,
3598 3805 3694 3856 καὶ
3720 3803 3965 3872 πρεσϐυ-

2410 3902 2623 3969 τέρους,
2648 3898 2741 3950 καὶ
2765 3895 3072 3959 διακόνους,
3107 3893 3200 3946 καὶ
3226 3894 3254 3944 ὁ
3281 3893 3470 3962 παρὼν
3527 3894 3722 3946 κωλύει
3757 3893 3961 3955 κανὼν,

2413 3992 2508 4046 καὶ⁸
2561 3990 2737 4057 ἕτεροι
2768 3986 3040 4054 διάφοροι.
3082 3982 3463 4052 ’Λναγνὼστης
3508 3984 3565 4037 δὲ
3610 3985 3712 4055 τὴν
3766 3984 3968 4054 ἀνηϐυν

2414 4078 2765 4150 ὐπεραναῦἀς
2827 4076 3064 4144 ἡλικίαν,
3117 4073 3213 4125 καὶ
3266 4073 3431 4139 ἐγγύς
3482 4091 3584 4127 που
3628 4074 3733 4141 τῶν
3784 4074 3966 4127 εῐκοσι

2416 4172 2620 4241 χρόνων
2650 4167 2960 4235 γενόμενος,
2996 4164 3089 4217 καὶ
3139 4161 3421 4231 βουληθεὶς
3451 4163 3702 4231 γενέσθαι
3746 4164 3969 4217 ὑποδια-

2416 4277 2567 4321 κονος
2596 4258 2736 4322 (οὐδὲ
2761 4256 2869 4325 γὰρ
2899 4254 3077 4323 ἥττων
3116 4252 3226 4305 τῶν
3269 4253 3438 4303 εἰκοσι
3479 4252 3688 4321 χρόνων
3718 4270 3970 4321 χειροτο-

2417 4353 2586 4402 νεῖται
2609 4331 2983 4407 ὐποδιάκονος,
3016 4341 3193 4403 καθὼς
3216 4342 3244 4394 ὀ
3270 4343 3751 4405 πεντεκαιδέκατος
3782 4344 3966 4395 κανὼν

2416 4442 2517 4509 τῆς
2546 4441 2601 4490 ὲν
2634 4437 2713 4505 τῷ
2742 4433 2995 4503 Τρούλλῳ
3062 4432 3228 4499 ἕκτης
3265 4431 3482 4482 συνόδου
3526 4429 3903 4496 διαλαμϐάνει)
3936 4434 3969 4502 ἢ

2418 4533 2649 4600 γυναῖκα
2679 4529 2784 4595 πρὸ
2811 4528 2909 4594 τῆς
2950 4523 3285 4595 χειροτονίας
3315 4521 3663 4589 λαμϐανέτω,
3694 4522 3727 4592 ἢ
3764 4523 3971 4591 παρθι-

2419 4624 2595 4675 νεύειν
2620 4618 2975 4687 ὁμολογείτω.
3004 4614 3157 4668 Μετά
3192 4614 3302 4679 γὰρ
3330 4614 3428 4681 τὴν
3486 4617 3818 4682 χειροτονίαν
3844 4615 3971 4668 οὕτε

767 4710 997 4763 moniale
1044 4710 1230 4778 jugum
1288 4713 1340 4765 in
1391 4727 1450 4765 se
1503 4714 1777 4781 suscipere
1808 4714 2095 4767 licetzsed
2146 4716 2311 4769 lecto-
2346 4681 2431 4765 υτ

2308 4746 2311 4756 ι
2346 4681 2392 4737 D
2420 4681 2813 4783 πρεσϐύτερος,
2844 4706 2969 4759 οὗτε
3004 4705 3271 4764 διάκονος,
3298 4701 3422 4755 οὔτε
3475 4681 3843 4766 ὑποδιάκονος,
3869 4722 3972 4771 γα,-

764 4800 910 4852 ribus
944 4801 1074 4855 solis
1108 4811 1163 4855 et
1212 4804 1524 4856 cantoribus
1547 4804 1674 4857 illud
1721 4807 2065 4873 permittitur,
2122 4821 2314 4874 quem-

762 4890 1047 4942 admodum
1101 4899 1286 4946 sextus
1351 4903 1514 4947 sexta:
1563 4894 1614 4946 in
1665 4892 1846 4947 Trnllo
1897 4894 2085 4963 synodi
2142 4910 2311 4948 canon

761 4980 972 5031 statuit.

1290 5161 1517 5217 CANON
1557 5162 1717 5223 XVII.

771 5270 787 5300 ι
834 5251 1057 5316 Placuit,
1108 5261 1168 5307 ut
1210 5252 1529 5309 Mauritania
1581 5258 1941 5324 Sitipheusis,
1997 5268 2054 5311 ut
2107 5258 2318 5324 ρθιὶνὶῐν

871 5386 916 5417 ³⁸
947 5389 987 5441 Il
1028 5387 1165 5442 Tim.
1214 5406 1272 5451 tt,
1329 5391 1379 5442 ι.

2428 4806 2584 4873 μικὸν
2615 4800 2793 4869 ἑαυτῷ
2830 4798 3083 4866 συνιστᾷν
3119 4794 3456 4846 συνοικέσιον
3491 4791 3579 4844 ἐπ’
3606 4793 3790 4855 ἀδείας
3819 4792 3934 4862 εχει
3954 4810 3970 4825 ·

2423 4892 2558 4945 ἀλλὰ
2614 4890 2794 4956 μόνοις
2849 4888 2961 4947 τοῖς
3012 4881 3390 4949 ἀναγνώσταις
3414 4882 3507 4935 καὶ
3556 4880 3787 4949 ψάλταις
3816 4880 3979 4934 τοῦτο

2424 4984 2632 5048 ιφεῖται
2654 5019 2669 5043 ,
2702 4974 2885 5037 καθὼς
2914 4977 2942 5027 ὀ
2973 4973 3125 5034 ἓκτος
3156 4971 3335 5025 κανὼν
3388 4973 3486 5039 τῆς
3516 4975 3573 5025 ιν
3603 4973 3681 5039 τῷ
3722 4970 3979 5040 Τρούλλῳ

2425 5074 2590 5139 ἕκτης
2620 5066 2834 5118 συνόδου
2863 5062 3162 5131 παρίστησι

3022 5151 3254 5205 ΚΔΝΩΝ
3282 5148 3378 5203 lZ'.

2437 5271 2453 5301 ε
2499 5247 2857 5317 ’11ρεσεν,ἱ’να
2898 5246 2933 5313 ἡ
2984 5240 3327 5311 Μαυριτανία
3370 5240 3685 5311 Σιτιφένσης
3722 5242 3875 5311 (I6),
3904 5243 3983 5304 ὡς

1937 5524 2131 5583 Gnill.
2164 5520 2490 5598 Bevcregii
2536 5526 2718 5580 uoltu.

835 5626 947 5693 (l6)
976 5627 1107 5679 "Ira
1135 5628 1171 5691 ἡ
1213 5628 1576 5693 Μαυριτανια
1603 5624 1979 5692 Σιτιφένσης.
2024 5626 2119 5678 llic
2143 5640 2315 5678 canon

770 5701 828 5748 υι
872 5706 1019 5751 recte
1073 5696 1425 5763 intelligatur,
1462 5697 1636 5764 primo
1679 5697 1970 5749 tenendum
2030 5704 2133 5757 est,
2174 5693 2314 5748 Alri-

2427 5638 2544 5673 cam
2602 5621 2820 5687 proprie
2881 5619 2961 5673 sic
2992 5618 3212 5682 dictam,
3271 5621 3385 5673 sive
3444 5626 3675 5671 tractuum
3733 5618 3899 5669 istum
3956 5631 3984 5667 a

2423 5694 2559 5745 freto
2604 5688 2873 5743 Guditauo
2920 5690 2983 5741 ad
3033 5688 3393 5757 Cyrenaicam
3459 5689 3738 5753 regionem
3800 5701 3989 5753 porre-
