4214 6438
782 403 884 465 103

2023 394 2299 454 ΤΗΕΟῙ).
2346 394 2738 455 BALSAMON

3878 381 3982 449 104

772 521 863 563 aut
892 507 1073 563 clerici
1116 507 1456 572 ordinantur,
1492 505 1559 560 ab
1605 504 1796 558 eodem
1830 502 1881 555 in
1920 501 1987 554 iis
2018 515 2137 569 quae
2165 513 2326 568 syno—
2357 504 2403 558 Α
2432 517 2436 547 τ

2321 527 2326 536 ’
2357 504 2403 558 Δ
2432 515 2525 551 κον
2557 504 2655 564 δεῖ,
2691 500 2853 569 φησὶν
2897 504 2926 554 6
2967 499 3168 563 κανὼν,
3203 497 3381 565 λέγειν
3428 493 3543 559 τοῖς
3574 498 3985 565 χειροτονουμ-

772 602 958 655 dorum
988 599 1202 652 decreto
1241 598 1305 650 de
1339 598 1461 661 fide,
1490 605 1544 649 et
1575 596 1697 648 vita:
1724 590 2065 645 instituenda:
2095 590 2328 653 ratione,

774 692 946 755 deque
986 689 1352 741 ecclesiastica
1403 685 1867 739 administratione
1920 684 2127 737 sancita
2179 689 2329 743 sunt,

722 787 724 790 ’
775 780 974 832 erudiri
1028 782 1242 839 debent,
1291 788 1346 830 ut
1395 776 1618 844 proinde
1670 775 1740 826 illi
1778 773 2188 827 constitutiones
2235 769 2334 821 Pa-

774 877 914 917 trum
979 868 1225 934 cOgnitas
1283 874 1525 927 servent,
1585 879 1683 916 nec
1733 878 1827 915 eos
1879 862 2071 914 iisdem
2120 858 2334 911 violatis

776 958 1086 1024 paenitentia
1136 958 1261 1009 facti
1318 956 1653 1023 postmodum
1705 959 2088 1017 consequatur.
2138 950 2337 1001 Conse-

773 1059 970 1112 qnetur
1017 1062 1079 1099 ea
1128 1063 1382 1113 namque,
1420 1062 1540 1098 cum
1598 1045 1816 1096 admissi
1854 1042 2117 1101 crim'inis,
2169 1039 2251 1091 vel
2285 1040 2365 1098 in,

773 1136 873 1186 hac
903 1150 1112 1203 quoque
1161 1135 1290 1197 vita,
1326 1134 1408 1186 vel
1439 1134 1492 1186 in
1538 1133 1717 1185 futura
1747 1141 1893 1184 certe
1925 1143 2110 1194 poenas
2134 1127 2337 1196 judicio

775 1223 1091 1275 inexorabili
1123 1224 1426 1288 expendent

776 1310 999 1364 ARIST.
1061 1331 1077 1361 ‹
1121 1312 1457 1381 Synodorum
1506 1309 1701 1379 placita
1760 1308 1978 1360 auribus
2046 1306 2186 1373 ejus,
2247 1303 2336 1372 qui

1028 1421 1044 1451 ι
1079 1404 1405 1455 ordinandus
1449 1410 1551 1465 cst,
1587 1400 2012 1453 inculcabuntur.
2066 1416 2085 1446 ›

854 1492 952 1557 Qui
1009 1495 1292 1562 episcopus
1348 1493 1430 1545 vel
1491 1493 1717 1545 clericus
1777 1493 2077 1552 ordinatur,
2137 1504 2255 1557 qua?
2310 1505 2338 1540 a

775 1584 995 1652 synodis
1040 1585 1252 1635 decreta
1306 1586 1431 1637 sunt
1463 1583 1514 1634 in
1549 1596 1709 1634 aures
1755 1581 1888 1646 cjus,
1937 1582 2005 1633 ab
2042 1595 2106 1632 eo
2140 1580 2228 1647 qui
2265 1580 2341 1645 ip-

776 1687 895 1725 sum
943 1672 1173 1733 ordinat,
1230 1672 1425 1724 tradita
1464 1671 1615 1723 debet
1649 1671 1905 1737 recipere,
1942 1678 2012 1733 et,
2064 1667 2338 1722 admoneri

776 1775 836 1811 ea
869 1762 1177 1813 observare.

1356 1846 1584 1902 CANON
1630 1846 1745 1899 XX.

785 1960 801 1990 ι
877 1930 1142 1995 Similiter
1214 1942 1435 2010 placuit,
1497 1954 1551 1995 ut
1616 1941 1963 1993 morientium
2023 1937 2341 2007 corporibus

853 2053 870 2083 ι
918 2036 1244 2087 euoltaristia
1296 2051 1398 2087 non
1453 2035 1632 2086 detur.
1695 2035 1968 2101 Scriptum
2023 2032 2337 2101 estlenim,

855 2141 872 2172 ι
918 2124 1180 2187 Accipite,
1233 2124 1548 2174 manducate
1598 2122 1641 2151 ³⁷
1699 2138 1712 2174 :
1782 2120 2109 2172 Mortuorum
2161 2127 2339 2168 autem

856 2234 874 2264 ι
926 2230 1154 2280 corpora
1201 2228 1296 2266 nec
1335 2213 1580 2278 accipere
1626 2221 1869 2278 possunt,
1905 2224 2003 2261 nec
2035 2209 2359 2260 comedere.-

854 2324 872 2354 ι
909 2306 970 2356 Ει
1002 2298 1071 2357 ne
1097 2318 1213 2366 eos,
1241 2304 1328 2371 qui
1354 2303 1464 2371 jam
1496 2311 1623 2354 sunt
1652 2300 1870 2363 mortui,
1908 2298 2166 2366 baptizari
2201 2299 2343 2351 fece-

851 2414 868 2445 ι
910 2396 1426 2463 ritpresbyterorum
1466 2394 1788 2461 ignorantia.
1824 2408 1842 2440 ι

851 2484 1048 2537 BALS.
1103 2485 1311 2538 Rursus
1365 2485 1453 2537 hic
1500 2498 1672 2534 canon
1721 2482 1875 2549 jubet
1922 2494 2026 2531 non
2083 2480 2340 2546 baptizari

778 2586 1046 2641 mortuos,
1101 2590 1199 2629 nec
1247 2583 1709 2628 sacramentorum
1746 2573 2121 2625 communione
2152 2572 2344 2640 dignos

781 2672 993 2724 haberi.
1058 2669 1357 2721 Morientes
1417 2676 1594 2718 autem
1651 2664 1889 2731 appellat
1943 2679 2058 2728 eos,
2113 2667 2200 2730 qui
2232 2664 2345 2729 jam

780 2763 975 2815 mortui
1026 2771 1175 2823 sunt,
1226 2775 1330 2813 non
1364 2760 1452 2828 qtti
1510 2756 1835 2810 moribundi.
1876 2756 1937 2809 lii
1990 2756 2131 2809 enim
2176 2758 2347 2822 magis

783 2853 983 2906 debent
1036 2864 1349 2905 sanctorum
1400 2850 1780 2920 mysteriorum
1825 2849 2075 2900 viaticum
2110 2861 2345 2910 sumere,

781 2955 833 2996 et
869 2958 1081 2996 sacrum
1115 2943 1441 3011 baptismum
1480 2942 1750 3010 accipere,
1803 2940 1847 2994 si
1883 2953 1985 2992 non
2023 2938 2128 2991 sint
2169 2938 2346 3006 bapti-

783 3036 910 3085 zati.

2430 602 2539 647 νοις
2584 587 2653 638 τὰ
2688 587 2913 649 δόξαντα
2941 589 3060 647 ταῖς
3091 586 3329 646 συνόδοις
3362 582 3490 653 περί
3517 598 3578 634 τε
3625 581 3860 640 πίστεως
3888 578 3985 629 καὶ

2435 680 2562 744 περὶ
2595 675 2687 727 τοῦ
2737 678 2852 741 πῶς
2885 678 2988 747 χρὴ
3025 675 3193 744 βιοῦν,
3223 675 3315 726 καὶ
3342 673 3410 725 τά
3434 668 3863 740 ικκλησιαστικά
3907 668 3986 718 ol-

2434 765 2701 833 κοὸομςῖν,
2751 768 2836 818 ἵνα
2886 768 3084 829 ειδότες
3126 767 3221 827 τὰς
3269 762 3535 825 διατάξεις
3565 760 3673 813 τῶν
3722 758 3986 826 Πατέρων

2434 856 2553 907 κατ’
2586 858 2753 919 αὐτὰς
2784 858 2998 919 ποιῶσι,
3031 859 3123 909 καὶ
3154 856 3228 925 μὴ
3266 852 3683 924 μεταμεληθῶσι
3709 848 3987 917 παρ’ἐκεί-

2436 962 2530 1006 νας
2567 946 2864 1007 ποιοῦντες.
2899 945 3448 1013 Μεταμεληθήσονται
3475 942 3531 992 δὲ
3574 939 3917 1005 εὑθυνόμενοι
3951 935 3985 1002 ἢ

2438 1038 2530 1087 καὶ
2560 1039 2616 1086 ὲν
2645 1039 2709 1106 τῇ
2742 1035 2992 1109 παρούσῃ
3023 1037 3156 1105 ζωῇ,
3189 1037 3222 1104 ἢ
3255 1036 3391 1095 τέως
3419 1031 3806 1099 ἀπαραιτήτως
3845 1025 3990 1078 κατά

2437 1124 2532 1192 τὴν
2564 1126 2883 1193 μέλλουσαν.

2439 1298 2658 1350 ΔΡΙΣΤ.
2698 1316 2714 1346 ι
2754 1297 2835 1349 Τὰ
2879 1298 2996 1359 ταῖς
3041 1297 3274 1359 συνόδοις
3311 1296 3536 1359 δόξαντα
3563 1296 3590 1346 6
3621 1291 3996 1362 χειροτονηθή-

2797 1408 2815 1438 ι
2866 1390 3085 1455 σὸμενος
3149 1387 3583 1454 ὲνωτισθήσεται.
3623 1404 3641 1434 ι

2521 1484 2581 1536 '0
2609 1481 3074 1551 χειροτονούμενος
3110 1479 3398 1537 ἐπίσκοπος
3429 1480 3461 1546 ἢ
3494 1474 3749 1544 κληρικδς
3787 1472 3997 1539 ὀφείλει

2440 1576 2508 1627 τὰ
2550 1574 2847 1643 δεδογμένα
2879 1576 2997 1634 ταῖς
3055 1572 3289 1632 συνόδοις
3320 1572 3397 1631 είς
3424 1568 3592 1629 ἀκοάς
3622 1565 3787 1618 αὑτοῦ
3819 1580 3999 1631 παρα-

2441 1666 2689 1735 δέχεσθαι
2718 1666 2866 1732 παρά
2895 1663 2989 1717 τοῦ
3016 1662 3445 1732 χειροτονοῦντος
3471 1660 3654 1723 αὑτὸν,
3680 1660 3772 1710 καὶ
3801 1657 4001 1725 ὑπομι-

2447 1756 2783 1826 μνήσκεσθαι
2817 1750 2989 1807 ταῦτα
3020 1753 3325 1820 φυλάττειν.

3042 1846 3278 1899 ΚΔΝΩΝ
3307 1845 3367 1897 Κ⁰

2450 1960 2467 1991 ι
2526 1939 2754 2008 Ὁμοίως
2782 1939 3003 2007 ἤρεσεν,
3036 1938 3122 1989 ἵνα
3152 1940 3261 1998 τοῖς
3296 1935 3512 2002 σώμασι
3541 1934 3648 1984 τῶν
3702 1928 4003 1985 τελευτών-

2518 2051 2536 2081 ι
2582 2047 2690 2082 των
2755 2029 3074 2099 εὐχαριστία
3163 2028 3239 2096 μὴ
3290 2026 3439 2093 δοθῇ.
3496 2024 3808 2090 Γέγραπται
3869 2018 4001 2085 γὰρ,

2518 2140 2537 2173 ι
2579 2121 2819 2182 Λάϐετε,
2873 2119 3129 2188 ςράτετεο
3176 2116 3244 2168 τά
3287 2117 3341 2167 δὲ
3370 2115 3476 2167 τῶν
3526 2114 3731 2179 νεκρῶν
3774 2110 4005 2178 σώματα

2519 2233 2537 2264 ι
2584 2214 2703 2265 οὐδὲ
2748 2213 2933 2265 λαϐεῖν
2967 2212 3210 2269 δύναται,
3240 2208 3362 2259 οὐδὲ
3408 2207 3621 2272 φαγεῖν.
3658 2204 3763 2256 Καὶ
3800 2204 3885 2254 ῐνα
3924 2202 4001 2271 μὴ

2520 2326 2537 2356 ι
2583 2308 2705 2366 τοὺς
2742 2306 2842 2372 ἤδη
2884 2302 3251 2358 τελευτῶντας
3303 2295 3661 2365 βαπτισθῆναι
3710 2294 3915 2363 ποιήσῃ
3968 2295 4002 2361 ή

2520 2415 2539 2448 ι
2584 2397 2693 2448 τῶν
2728 2394 3115 2463 πρεσϐυτέρων
3149 2391 3363 2458 ἄγνοια.
3395 2406 3413 2438 ι

2516 2489 2710 2540 ΒΑΛΣ.
2765 2484 2873 2537 Καὶ
2918 2483 3071 2543 αὖθις
3123 2484 3151 2532 6
3199 2480 3376 2532 κανὼν
3406 2474 3837 2545 παρακελεύεται
3881 2472 4009 2533 τοὺς

2445 2582 2671 2649 νεκροὺς
2707 2579 2840 2646 μήτε
2869 2572 3250 2644 βαπτίζεσθαι,
3286 2574 3423 2639 μήτε
3460 2568 3557 2633 τῆς
3586 2567 3693 2617 τῶν
3726 2563 4007 2631 ἁγιασμά-

2445 2688 2554 2722 των
2599 2668 2950 2737 μεταλήψεως
2991 2661 3290 2727 ἀξιοῦσθαι.
3337 2656 3717 2715 Τελευτῶντας
3762 2654 3818 2705 at
3854 2653 4017 2705 καλεῖ

2447 2941 2543 3008 τῆς
2573 2938 2680 2989 τῶν
2708 2937 2880 3003 ἁγίων
2914 2932 3231 3003 μυστηρίων
3261 2928 3641 2996 μεταλήψεως,
3674 2925 3767 2976 καὶ
3796 2922 3887 2974 διὰ
3914 2922 4013 2974 τοῦ

2450 3032 2592 3083 θείου
2628 3029 3022 3097 βαπτίσματος,
3052 3024 3147 3077 ὲάν
3176 3018 3309 3075 ὦσιν
3339 3021 3661 3073 ἀϐάπτιστοι

850 3122 1099 3179 ZONAR.
1159 3123 1390 3175 Rursum
1446 3122 1511 3175 de
1568 3122 1891 3175 eucltaristia
1952 3122 2179 3174 mortuis
2240 3130 2417 3186 ηοηο

2375 3130 2417 3186 C
2522 3120 2768 3173 ΖΩΝΑΡ.
2804 3119 2915 3170 Καὶ
2965 3117 3127 3167 πάλιν
3178 3113 3308 3182 περὶ
3357 3110 3455 3163 τοῦ
3500 3111 3573 3178 μὴ
3617 3110 3741 3166 τοὺς
3784 3105 4014 3173 νεκροὺς

784 3217 1139 3284 impertienda
1193 3215 1306 3268 haec
1344 3213 1585 3283 synodus
1613 3216 1741 3281 agit.
1792 3213 2047 3278 Quamvis
2077 3215 2218 3266 enim
2256 3214 2345 3265 illa

782 3310 967 3372 dictio,
1022 3308 1386 3370 Morientium,
1442 3323 1545 3359 non
1591 3320 1684 3359 eos
1717 3307 1806 3374 qui
1843 3318 1948 3358 vtta
1987 3306 2155 3359 functi
2200 3313 2343 3366 sunt,

781 3400 827 3455 si
878 3400 1152 3466 propriam
1213 3398 1329 3465 ejus
1361 3397 1806 3467 signiﬁcationem
1858 3406 2091 3463 spectes,
2121 3396 2213 3449 sed
2256 3395 2347 3462 qui

777 3491 889 3556 jam
926 3491 1255 3548 moriuntur,
1292 3488 1598 3555 signiﬁcet;
1648 3496 1827 3539 tamen
1876 3502 1994 3553 qua:
2026 3498 2347 3553 sequuntur,

782 3582 849 3633 de
899 3578 1126 3631 mortuis
1178 3592 1482 3642 sermonem
1532 3591 1652 3629 esse
1690 3575 1822 3629 satis
1853 3585 2037 3642 aperte
2082 3576 2346 3636 indicant,

781 3670 908 3738 quia
938 3669 1115 3737 inquit
1135 3681 1468 3722 mortuorum
1492 3682 1717 3734 corpora
1742 3680 1839 3718 nec
1858 3666 2102 3734 accipere
2132 3674 2353 3732 possunt

784 3775 883 3813 nec
934 3760 1239 3813 comedere.
1293 3758 1392 3823 Qui
1423 3774 1550 3811 vero
1582 3760 1757 3812 adhuc
1790 3762 1930 3813 inter
1980 3761 2130 3810 vivus
2163 3767 2349 3825 agunt,

783 3852 1031 3918 quamvis
1086 3852 1426 3903 conclamata
1480 3852 1652 3905 salute
1703 3853 1929 3919 exiguus
1979 3850 2351 3904 deficientibus

786 3943 1013 4011 Spiritus
1047 3941 1411 4007 relinquatur,
1449 3954 1761 3995 sanctorum
1794 3944 2172 4011 mysteriorum
2200 3956 2353 3993 com-

787 4036 1040 4088 munione
1076 4050 1181 4087 non
1243 4044 1366 4088 sunt
1396 4034 1660 4103 privandi.
1692 4033 1830 4098 Quin
1863 4032 2183 4099 baptismum
2214 4046 2352 4097 quo-

784 4142 889 4194 que
950 4127 1177 4178 mortuis
1237 4141 1301 4178 ex
1350 4126 1689 4178 sacerdotum
1731 4123 1997 4190 imperitia
2049 4124 2134 4175 hic
2181 4137 2351 4175 canon

790 4217 1019 4272 cnnlerri
1053 4226 1215 4270 vetat.
1246 4215 1343 4269 Ubi
1374 4216 1535 4268 etiam
1562 4214 2132 4277 verbum,Moricntes,
2164 4213 2352 4265 eodem
2390 4266 2395 4271 ,

790 4310 968 4369 modo,
1021 4323 1130 4375 quo
1169 4306 1442 4368 diximus,
1482 4305 1701 4371 intelligi
1756 4314 1986 4370 oportet.
2030 4302 2163 4354 Dum
2211 4304 2354 4353 enim

789 4400 960 4466 spirat
1012 4399 1152 4467 quis,
1207 4396 1419 4449 divinus
1458 4394 1757 4464 baptismus
1804 4394 1851 4445 ei
1896 4391 2133 4446 conferri
2173 4390 2352 4444 debet.

791 4488 1015 4542 ARIST.
1053 4508 1071 4539 ι
1128 4486 1351 4556 Corpori
1401 4487 1509 4538 vita
1577 4485 1818 4538 defuncti
1869 4483 2195 4537 eucltaristia
2252 4498 2357 4534 non

871 4600 890 4631 ι
948 4581 1109 4632 datur
1160 4596 1176 4632 :
1227 4595 1330 4632 non
1387 4579 1531 4631 enim
1578 4578 1689 4630 edit
1718 4577 1801 4629 vel
1845 4576 2001 4630 bibit.
2051 4574 2357 4641 Ignorantia

871 4691 888 4723 ι
923 4673 1086 4723 etiam
1119 4670 1418 4739 presbyteri
1458 4684 1564 4721 non
1596 4668 1887 4734 ba’ptizabit
1916 4677 2202 4720 mortuum.
2239 4685 2255 4714 ι

865 4763 1094 4816 Domino
1142 4763 1375 4825 dicente,
1425 4761 1675 4827 Accipite,
1726 4760 1883 4815 edite.
1933 4758 2202 4827 quomodo
2244 4756 2363 4822 quis

795 4867 1009 4909 mortuo
1054 4855 1122 4909 de
1167 4867 1394 4923 corpore
1441 4853 1624 4906 divino
1675 4852 1892 4904 tradat?
1927 4858 2170 4902 mortuus
2218 4849 2360 4900 enim

793 4964 890 5001 nec
924 4948 1167 5015 accipere
1216 4954 1411 5013 potest,
1464 4958 1562 4996 nec
1607 4946 1789 4997 edere.
1846 4942 1949 4996 Sed
2001 4957 2097 4994 nec
2128 4941 2359 5008 baptizet

792 5041 1060 5107 quispiam
1092 5040 1199 5091 vita
1242 5037 1504 5090 functum.
1558 5036 1995 5104 Presbyterorum
2026 5034 2165 5085 enim
2200 5032 2363 5098 igno-

752 5129 975 5182 .rantia
1028 5128 1255 5182 mortuis
1309 5142 1413 5181 non
1470 5128 1575 5179 erit
1621 5126 1952 5194 adiumento,
2006 5130 2063 5175 ut
2111 5120 2364 5189 baptizati

797 5227 1197 5289 reputarentur.

1374 5327 1603 5382 CANON
1644 5325 1783 5379 XXI.

796 5437 813 5467 ι
852 5417 915 5469 Ει
948 5417 1067 5468 idco
1104 5414 1158 5465 in
1194 5412 1299 5463 hac
1330 5420 1517 5462 s;.ncta
1550 5405 1761 5476 synodo
1798 5399 2239 5458 conﬁrmandum
2279 5405 2382 5456 est.

874 5530 894 5562 ι
930 5519 989 5563 ut
1013 5509 1315 5562 secundum
1374 5503 1578 5557 Nicmni
1605 5499 1822 5554 c0ncilii
1876 5498 2119 5554 decreta,
2164 5502 2388 5563 propter

870 5624 887 5654 ι
921 5618 1116 5656 causas
1149 5600 1572 5658 ecclesiasticas,
1617 5610 1739 5663 quae
1770 5607 1910 5660 smpc
1941 5591 2006 5643 ad
2047 5590 2226 5656 populi
2266 5602 2386 5654 pcr-

868 5716 884 5747 ι
918 5697 1112 5748 niciem
1137 5696 1513 5761 antiquautnr,
1548 5689 1780 5757 singulis
1806 5672 1966 5739 annis
2004 5688 2092 5738 liat
2119 5686 2381 5751 synodus,

867 5810 908 5840 "
933 5809 1124 5863 Matth.
1165 5825 1309 5874 xui,
1345 5808 1433 5863 96.

2452 3213 2549 3279 τῆς
2595 3211 2703 3263 τῶν
2746 3209 2907 3260 θείων
2963 3206 3279 3274 μυστηρίων
3328 3201 3682 3269 μεταλήψεως
3726 3197 3911 3261 ἁξτοῦν
3978 3198 4014 3265 ή

2454 3304 2671 3363 σύνοδος
2702 3300 3036 3366 διαλέγεται.
3068 3298 3130 3348 Εί
3165 3296 3272 3362 γάρ
3302 3295 3395 3344 καὶ
3428 3294 3459 3360 ή
3493 3289 3634 3352 λέξις
3680 3289 3786 3340 τῶν
3822 3288 4017 3340 τελευ-

2454 3395 2673 3447 τώντων
2723 3393 2849 3453 τοὺς
2909 3391 3077 3459 μήπω
3138 3388 3398 3447 θανόντας
3453 3383 3707 3452 ἐμφαίνει
3764 3382 3906 3433 κατὰ
3957 3379 4022 3431 τὸ

2454 3485 2703 3555 ἀκριϐὲς,
2732 3484 2856 3545 τοὺς
2905 3483 2959 3533 δὲ
2988 3483 3069 3533 ἔτι
3102 3480 3458 3544 θνήσκοντας,
3488 3475 3623 3529 ἀλλά
3662 3473 3731 3523 τά
3764 3471 3889 3537 ἑξῆς
3927 3486 4026 3521 σα-

2456 3578 2570 3644 φῶς
2598 3575 2849 3642 δηλοῦσιν
2893 3575 2976 3624 ὂτι
3015 3571 3144 3637 περὶ
3172 3569 3442 3620 θανόντων
3469 3567 3571 3635 ἠδη
3600 3567 3627 3615 6
3662 3564 3817 3627 λόγος
3872 3560 4023 3624 ἐστὶ,

2454 3670 2515 3721 τὸ
2543 3670 2717 3719 εἰπεῖν
2758 3666 3005 3732 δηλονότι
3029 3664 3109 3714 ὅτι
3135 3661 3201 3712 τὰ
3229 3660 3337 3712 τῶν
3378 3657 3584 3722 νεκρῶν
3614 3652 3841 3721 σώματα
3895 3648 4024 3702 οὔτε

2457 3758 2644 3811 λαϐεῖν
2696 3756 2919 3809 δύναται
2973 3752 3097 3804 οῦτε
3133 3753 3349 3817 φαγεῖν.
3392 3748 3531 3807 Τοὺς
3563 3745 3618 3796 δὲ
3655 3744 3734 3794 ἔτι
3789 3740 4027 3805 ζῶντας,

2454 3839 2958 3915 κᾶν’ἀπὲγνωσται
2992 3843 3190 3903 αὐτοὺς
3233 3844 3266 3910 ή
3318 3838 3452 3909 ζωὴ,
3499 3836 3601 3888 κᾶν
3655 3833 3791 3902 μετὰ
3845 3829 4024 3899 βραχὺ

2461 3922 2727 4011 μέλλωσιν
2754 3940 2995 3998 ἐκπνεῖν,
3023 3934 3133 3986 τῶν
3162 3933 3334 4000 ἁγίων
3372 3926 3688 3998 μυστηρίων
3741 3920 4028 3986 ἀξιοῦσθαι

2458 4033 2657 4102 χρεών.
2704 4030 2865 4082 Ἀλλά
2914 4028 3047 4097 μηδὲ
3093 4022 3450 4093 βαπτίζεσθαι
3496 4020 3620 4079 τοὺς
3650 4017 3877 4084 νεκροὺς
3932 4011 4030 4064 καὶ

2457 4119 2612 4185 οὗτος
2642 4125 2669 4174 ό
2698 4122 2878 4174 κανὼν
2929 4117 3275 4170 διατάττεται
3307 4113 3364 4178 ἐξ
3394 4110 3616 4178 ἀγνοίας
3645 4106 3753 4158 τῶν
3785 4103 4030 4172 πρεσϐυ-

2457 4216 2653 4284 τέρων.
2713 4210 3001 4265 Κάνταῦθα
3047 4208 3103 4259 δὲ
3160 4208 3258 4274 τὴν
3315 4205 3460 4267 λέξιν
3501 4201 3609 4252 τῶν
3649 4195 4028 4249 τελευτώντων

2460 4306 2634 4367 οὕτως
2672 4304 2911 4372 νοητέον,
2946 4302 3021 4362 ὼς
3052 4298 3151 4367 ήδη
3201 4297 3439 4365 εἴρηται.
3478 4293 3620 4352 Ἕως
3671 4290 3778 4357 γὰρ
3824 4287 3889 4338 ἀν
3938 4288 4034 4351 ἑμ-

2463 4397 2605 4466 πνέῃ
2631 4412 2736 4458 τις,
2771 4394 2864 4444 τοῦ
2902 4392 3047 4442 θείου
3087 4387 3465 4456 βαπτίσματος
3495 4379 3881 4447 ἀξιωθήσεται.

2462 4487 2679 4541 ΛΡΙΣΤ.
2721 4502 2737 4534 t
2769 4484 2858 4552 Τῷ
2879 4481 2971 4534 τοῦ
2994 4476 3440 4545 τετελευτηκότος
3468 4472 3680 4539 σώματι
3712 4469 4033 4537 εὐχαριστία

2542 4599 2560 4631 ι
2609 4576 2901 4645 οῦιδίδοται
2928 4588 2943 4603 ·
2981 4572 3041 4624 οὐ
3073 4569 3180 4637 γὰρ
3208 4566 3401 4627 ἐσθίει,
3434 4564 3465 4633 ἢ
3498 4562 3642 4614 πίνει
3670 4575 3684 4588 ⁸
3723 4559 3817 4610 καὶ
3840 4558 4036 4623 ἄγνοια

2541 4690 2558 4721 ι
2603 4665 2977 4738 πρεσϐυτέρου
3019 4662 3079 4713 οὐ
3131 4660 3383 4729 βαπτίσει
3413 4654 3506 4705 τὸν
3550 4650 3972 4716 τελευτήσαντα.
4011 4662 4031 4693 ι

2537 4734 2661 4811 Τοῦ-
2702 4756 2908 4823 Κυρίου
2966 4750 3233 4810 είπόντος,
3270 4744 3513 4802 Λάϐετε,
3550 4738 3785 4807 φάγετε,
3821 4736 3940 4823 πῶς
3972 4734 4038 4785 ἀν

2464 4868 2548 4913 τις
2578 4847 2654 4916 τῷ
2694 4843 3081 4908 τελευτήσαντι
3107 4834 3201 4887 τοῦ
3236 4834 3380 4883 θείου
3415 4828 3663 4894 σώματος
3693 4822 4034 4893 μεταδώσεις

2468 4941 2594 4995 οὔτε
2630 4914 2757 5003 ἡγὰρ
2816 4934 3001 4985 λαϐεῖν
3050 4928 3172 4980 οὕτε
3228 4924 3424 4992 φαγεῖν
3465 4923 3492 4972 ό
3544 4919 3733 4988 νεκρὸς
3785 4914 4037 4967 δύναται.

2485 5031 2624 5084 Ἀλλ’
2654 5026 2774 5080 οὑδὲ
2810 5022 3063 5091 βαπτίσει
3097 5035 3179 5079 τις
3217 5016 3307 5066 τὸν
3360 5008 3783 5078 τελευτήσαντα.
3832 5004 3896 5056 Ἥ
3932 5004 4041 5069 γὰρ

2473 5120 2583 5173 τῶν
2611 5112 3000 5185 πρεσϐυτέρων
3030 5110 3220 5175 ἄγνοια
3248 5104 3348 5156 οὐκ
3377 5100 3652 5168 ὠφελήσει
3686 5096 3809 5156 τοὺς
3853 5092 4047 5144 τελευ-

2474 5213 2773 5279 τήσαντας,
2803 5204 2945 5256 ὥστε
2982 5196 3454 5271 βεϐαπτισμένους
3485 5186 3814 5255 λογίζεσθαι.

3048 5284 3288 5342 ΚΔΝΩΝ
3333 5280 3467 5335 KA'.

2482 5417 2498 5450 ι
2546 5404 2634 5448 Διὸ
2670 5388 2993 5464 βεϐαιωτέον
3050 5381 3198 5435 ἐστὶν
3246 5379 3304 5428 ὲν
3354 5372 3525 5439 ταύτῃ
3555 5372 3621 5438 τῇ
3653 5366 3786 5464 ἀγίςιἶ
3816 5361 4045 5464 συνόδῳ,

2551 5508 2570 5543 ι
2617 5454 2759 5539 ὥστε
2810 5458 2955 5533 κατά
3004 5475 3129 5534 τοὺς
3167 5472 3225 5521 ὲν
3276 5464 3483 5533 Νικαία
3515 5464 3673 5531 ὅρους
3709 5456 3797 5509 διὰ
3828 5454 3926 5515 τὰς
3957 5455 4055 5505 ιχ-

2557 5602 2575 5634 ι
2622 5570 3017 5646 κλησιαστικάς
3076 5564 3279 5623 αίτίας,
3339 5558 3542 5615 αἵτινες
3590 5550 3851 5610 πολλάκις
3910 5546 4051 5613 πρὸς

2560 5692 2579 5724 ι
2626 5670 2845 5725 δλεθρον
2892 5662 2986 5715 τοῦ
3039 5657 3166 5710 λαοῦ
3216 5650 3598 5710 παλαιοῦνται,
3649 5642 3771 5696 καθ’
3818 5642 4059 5697 ’ἧκα-στίν
