4214 6438
791 363 888 427 107

2016 365 2291 427 THEOD.
2318 378 2319 381 “
2340 367 2563 429 BALSA
2576 374 2729 433 ΜΟΝ

3864 368 3963 429 108

787 475 976 525 vinciis
1024 473 1200 525 sedem
1250 472 1505 527 obtinent.
1554 473 1683 524 duos
1729 472 1988 537 pluresve,
2039 487 2171 538 quos
2226 474 2318 539 ipsi

2424 482 2518 530 καὶ
2545 480 2759 543 πλείους
2785 484 3178 553 τοπνιτηρητας,
3204 485 3288 535 ἵνα
3310 470 3486 535 τελεία
3520 483 3603 549 εἴη
3632 482 3663 549 ή
3691 480 3961 537 αύθεντία.

780 565 1058 629 elegerint,
1105 566 1381 632 episc0pos
1433 564 1635 629 legatos
1690 562 1918 623 mittant,
1972 570 2026 612 ut
2087 563 2316 629 perfecta

779 654 1069 704 aurturitas
1090 668 1180 705 seu
1212 662 1441 720 potestas
1472 653 1523 704 in
1545 661 1806 703 conventu
1839 665 1940 701 non
1965 651 2314 717 desideretur,

779 743 876 791 hoc
904 750 1005 802 ρει,
1037 751 1093 791 ιιι
1135 744 1198 792 ad
1234 756 1302 792 ea
1337 755 1453 808 quae
1511 738 1561 790 in
1604 737 1807 807 synodo
1840 738 2049 789 decreta
2096 738 2317 800 fuerint,

732 844 735 847 λ
776 830 967 895 quippe
1025 831 1341 889 antistitum,
1387 844 1611 896 quorum
1662 829 1711 878 in
1763 825 1982 893 singulis
2029 828 2318 893 provinciis

776 918 1033 984 praecipua
1065 918 1293 982 dignitas
1339 928 1440 978 est,
1475 933 1565 984 per
1611 917 1810 983 legatos
1852 916 2136 967 accedente
2176 930 2275 967 con
2302 945 2317 957 -

774 1020 955 1063 sensu,
995 1004 1227 1068 perfecta
1260 1006 1546 1058 auctoritas
1579 1006 1910 1070 adiungatur.
1945 1000 2122 1068 Legati
2155 1016 2314 1065 porro

767 1095 1131 1159 τοποτηρηταὶ
1181 1095 1252 1161 (id
1293 1103 1392 1156 est,
1437 1093 1536 1146 loci
1582 1091 2003 1155 conserVatores)
2045 1089 2313 1154 dicuntur,

771 1184 906 1247 quod
938 1198 1118 1234 eorum
1154 1198 1179 1232 a
1214 1184 1404 1247 quibus
1437 1182 1580 1234 missi
1618 1191 1740 1233 sunt
1789 1181 1965 1233 locum
1993 1191 2228 1242 servent,
2264 1180 2314 1233 id

769 1281 869 1334 ρει,
902 1282 1185 1337 occupent,
1220 1270 1493 1333 impleant.

765 1358 984 1412 Αιιιδτ.
1031 1378 1046 1408 ι
1085 1357 1241 1410 Juxta
1276 1356 1488 1409 Patrum
1522 1357 1852 1411 Niczenorum
1887 1359 2119 1421 decreta,
2152 1372 2313 1426 syno-

841 1466 857 1496 ι
888 1449 984 1499 dus
1012 1448 1298 1511 quotannis
1320 1457 1641 1500 convocetur
1669 1465 1679 1499 :
1707 1456 1761 1500 et
1783 1448 1905 1511 duo,
1938 1448 2018 1501 vel
2052 1455 2313 1513 quotquot

839 1553 856 1584 ι
912 1536 1189 1603 elegerint,
1238 1537 1446 1606 legatia
1501 1536 1816 1605 primatibus
1871 1537 1923 1588 in
1996 1548 2313 1602 unaquaque

851 1642 868 1674 t
905 1625 1172 1690 provincia
1205 1627 1500 1677 mittantur.
1549 1645 1566 1676 ι

832 1710 896 1762 lli
940 1712 1143 1773 l‘atrcs,
1189 1711 1377 1765 Nicxae
1428 1716 1661 1766 habitam
1704 1723 1983 1781 sequentes
2025 1711 2307 1783 synodum,

2421 568 2585 637 ἤγουν
2623 573 2655 638 ἠ
2704 571 2919 635 ἐξουσία
2950 574 3006 622 tv
3040 574 3103 639 τῇ
3155 570 3483 631 συνελεύσει,
3541 573 3837 630 τουτέστιν,
3875 570 3962 620 ινα

2419 659 2707 725 δριζόμενα
2754 662 2846 714 καὶ
2866 661 3176 729 τυπούμενα
3203 663 3260 713 tv
3286 663 3351 728 τῇ
3383 660 3582 726 συνόδῳ
3609 659 3744 726 μετα
3767 658 3963 711 αὐθεν-

2417 748 2536 808 τίας
2554 749 2763 810 τελείας
2787 748 3097 818 ὁρίζωνται,
3135 749 3208 811 ὡς
3230 750 3321 809 καὶ
3353 749 3460 799 τῶν
3493 749 3876 813 πρωτευόντων
3907 748 3963 797 tv

2417 840 2536 898 ταῖς
2566 838 2855 907 ἐπαρχίαις
2878 840 3179 909 ἀρχιερέων
3208 840 3512 907 συμψήφων
3563 838 3857 904 γινομένων
3879 836 3966 887 δια

2416 930 2521 977 τῶν
2553 929 2680 997 παρ’
2710 931 2891 981 αὐτῶν
2931 930 3293 996 στελλομένων
3342 926 3748 996 τοποτηρητῶν.
3785 927 3961 979 Torto-

2417 1017 2645 1081 τηρηταὶ
2669 1016 2724 1067 δὲ
2753 1015 3020 1081 λέγονται,
3053 1017 3140 1067 διὰ
3184 1018 3246 1067 τὸ
3274 1016 3361 1068 τὸν
3384 1017 3546 1068 τόπον
3570 1016 3774 1083 τηρεῖν,
3800 1014 3965 1081 ἡγοδν
4047 1048 4050 1051 -

2416 1102 2654 1172 ἐπέχειν,
2682 1105 3046 1174 ἀναπληροῦν,
3078 1106 3189 1158 τῶν
3219 1104 3543 1156 στειλαντων
3568 1102 3785 1161 αὐτούς.

2412 1364 2634 1419 ΔΡΙΣΤ.
2669 1368 2876 1432 ι,Κατά
2902 1369 3027 1430 τοὺς
3053 1371 3209 1439 ὄρους
3242 1371 3349 1421 τῶν
3392 1386 3449 1420 εν
3496 1368 3719 1435 Νικαίᾳ,
3753 1365 3967 1423 σύνοδος

2488 1472 2506 1504 ι
2542 1457 2658 1507 κατ’
2708 1458 2947 1509 ὲνιαυτδν
2972 1458 3374 1525 συγκαλείσθω·
3416 1458 3509 1509 καὶ
3562 1456 3964 1522 πεμπέσθωσαν

2487 1561 2504 1593 ι
2545 1543 2661 1593 ὑπίὸ⁴
2702 1544 2809 1595 τῶν
2857 1547 3241 1612 πρωτευόντων
3276 1548 3333 1598 tv
3384 1550 3449 1615 τῇ
3491 1545 3727 1613 ἐπαρχία
3783 1541 3896 1607 δύο,
3930 1542 3962 1610 ἢ

2482 1647 2506 1680 1
2548 1632 2641 1683 καὶ
2665 1634 2775 1685 ὅσοι
2800 1634 3129 1703 ἐπιλεχθείεν
3159 1637 3543 1703 τοποτηρηταί.
3594 1653 3612 1685 ι

2481 1718 2543 1769 Οί
2568 1720 2807 1789 Πατίρες
2836 1715 3002 1785 οὗτοι,
3056 1727 3123 1791 τῇ
3158 1726 3213 1775 tv
3266 1724 3467 1795 Νικαίᾳ
3511 1724 3970 1777 κατακολουθοῦν-

762 1802 1045 1869 quotannis
1070 1801 1392 1871 Cattltagine
1421 1806 1675 1858 celebrari
1734 1803 1991 1871 synodum
2040 1805 2315 1865 mandant,

2420 1824 2506 1867 τις
2545 1811 2766 1877 συνόδῳ,
2819 1813 2937 1863 κατ’
2964 1814 3207 1865 ἐνιαυτὸν
3240 1817 3298 1865 tv
3334 1812 3634 1883 Καρχηδόνι
3690 1816 3965 1883 προστάτ-

758 1891 1095 1958 etesingulis
1146 1894 1485 1959 provinciisa
1536 1895 1923 1961 provinciarum
1971 1892 2319 1959 metropolitis

758 1980 890 2031 mitti
922 1980 1069 2041 duos,
1102 1980 1180 2031 vel
1210 1982 1367 2033 etiam
1404 1993 1741 2052 quotcunque
1769 1983 2024 2049 elegerint
2064 1981 2184 2049 ipsi,
2243 1981 2316 2033 le-

755 2078 921 2136 gaios.

1324 2163 1549 2219 CANON
1584 2164 1748 2216 XXII.

759 2276 776 2308 ι
845 2259 899 2313 Si
951 2261 1071 2327 quis
1115 2261 1392 2327 episcOpus
1462 2267 1760 2317 accusetur,
1792 2256 1855 2307 ad
1908 2256 2024 2323 ejus
2081 2256 2311 2322 regionis

830 2369 847 2400 ι
879 2351 1133 2420 primates
1164 2358 1443 2404 accusator
1476 2362 1583 2400 rem
1621 2346 1825 2400 deferat
1858 2364 1871 2398 :
1918 2361 2011 2400 nec
2059 2362 2307 2402 commu-

828 2460 845 2491 ‹
876 2442 1033 2495 nioue
1060 2450 1307 2493 arceatur
1349 2439 1393 2492 is
1422 2440 1503 2491 eui
1539 2438 1739 2490 crimen
1774 2438 2088 2501 intenditur,
2117 2439 2216 2492 nisi
2242 2440 2308 2493 ad

842 2549 859 2580 ι
900 2545 959 2584 se
1004 2530 1054 2583 in
1078 2528 1279 2598 judicio
1310 2527 1695 2581 defendendum
1744 2539 1952 2588 eormn,
1990 2528 2077 2593 qui
2112 2527 2175 2578 ad
2216 2510 2306 2594 ju-

830 2641 845 2668 ι
877 2620 1158 2673 dicandum
1194 2618 1346 2670 electi
1391 2627 1534 2678 sunt,
1570 2614 1758 2668 litteris
1786 2624 2036 2667 evocatus
2069 2614 2152 2667 die
2181 2630 2307 2681 pra:-

839 2730 855 2760 ι
893 2711 1075 2762 stitnto
1100 2721 1429 2775 nequaquam
1462 2704 1679 2768 stiterit,
1710 2704 1757 2755 id
1781 2716 1882 2767 εει,
1915 2704 2048 2755 intra
2071 2704 2302 2771 spatium

834 2822 849 2849 ι
891 2800 1103 2859 meus-is.
1150 2812 1215 2851 ex
1267 2812 1371 2864 quo
1394 2812 1515 2849 eum
1564 2794 2093 2862 apparueritlitteras
2150 2808 2303 2846 acce-

836 2908 851 2938 ι
894 2890 1054 2956 pisse.
1089 2887 1143 2941 Si
1195 2894 1371 2939 autem
1418 2900 1573 2939 veras
1626 2885 1828 2952 aliquas
1869 2892 1921 2936 et
1970 2883 2304 2936 necessarias

838 3000 850 3026 ι
890 2990 1078 3031 causas
1127 2975 1441 3038 ostenderit,
1490 2989 1608 3041 qute
1659 2974 2037 3038 impedimento
2085 2972 2300 3035 fuerint,

830 3085 846 3116 ‹
884 3065 1163 3134 quominus
1203 3078 1261 3117 se
1290 3062 1494 3115 sisterit
1540 3062 1604 3113 ad
1632 3062 2050 3127 respondendum
2090 3060 2154 3111 iis
2186 3075 2303 3127 qua:

838 3177 852 3204 ‹
890 3156 1172 3209 adversum
1202 3168 1322 3207 eum
1366 3153 1638 3220 proposita
1673 3151 1844 3211 fuere,
1895 3152 2030 3201 iuti’a
2075 3151 2297 3203 alterum
2330 3174 2371 3233 ο

842 3266 855 3293 ι
896 3256 1127 3297 mensem
1163 3242 1423 3310 integrann
1458 3240 1653 3292 habeat
1681 3238 1989 3292 facultatem
2027 3239 2155 3291 :sed
2187 3247 2303 3305 post

834 3354 851 3385 ι
908 3334 1195 3388 secundum
1239 3346 1474 3385 mensem
1501 3346 1605 3383 non
1649 3329 2089 3390 commtmicaliit,
2137 3330 2305 3383 donec

830 3447 846 3475 σ
885 3440 1052 3495 purus
1082 3432 1329 3478 ostensus
1358 3420 1535 3473 fuerit.
1569 3418 1623 3471 Si
1680 3430 1856 3471 autem
1918 3419 1966 3470 in
2017 3415 2301 3470 universali

835 3533 852 3564 ι
903 3510 1106 3582 synodo
1142 3509 1510 3563 anniversaria
1549 3521 1606 3560 se
1636 3507 1824 3558 sistere
1865 3504 2112 3567 nolnexit,
2145 3513 2200 3556 ut
2224 3503 2304 3556 vel

837 3624 853 3653 ι
892 3604 999 3665 illic
1040 3614 1198 3655 causa
1238 3599 1353 3668 ejus
1391 3598 1726 3657 terminctur,
1783 3596 1895 3662 ipse
1949 3595 2202 3647 adversus
2248 3609 2305 3647 se

830 3714 848 3743 ι
884 3689 1343 3753 condemnationis
1373 3687 1691 3741 sententiam
1720 3686 2000 3754 protulisse
2037 3684 2302 3751 judicabi-

836 3802 851 3833 ι
886 3794 989 3838 tur.
1026 3781 1143 3845 Quo
1176 3795 1299 3833 vero
1327 3786 1560 3844 tempore
1592 3766 2102 3838 noneommuuicat,
2145 3771 2305 3842 5“

841 3893 857 3922 ‹
899 3888 998 3926 nec
1032 3872 1084 3923 in
1113 3885 1206 3923 sua
1236 3870 1482 3929 ecclesia,
1510 3883 1606 3920 nec
1638 3868 1695 3918 in
1727 3868 1972 3932 parocltia
2006 3865 2304 3916 communi-

834 3986 850 4016 ι
887 3964 1050 4019 cabit.
1090 3962 1215 4031 Ejus
1257 3970 1432 4012 autem
1465 3969 1765 4019 accusator,
1804 3958 1846 4009 si
1894 3970 2162 4022 nunquam
2210 3954 2302 4005 ab-

828 4073 843 4104 ι
889 4053 1067 4118 fuerit,
1109 4052 1175 4104 iis
1228 4050 1436 4113 diebus,
1492 4049 1687 4116 quibus
1734 4047 2000 4114 negetium
2048 4046 2282 4110 agitatur

831 4160 846 4190 ι
886 4139 1261 4194 communione
1294 4151 1631 4204 nequaquam
1664 4144 1911 4187 arceatur
1940 4150 1953 4189 :
1984 4136 2027 4186 si
2058 4147 2179 4185 vero
2211 4132 2303 4183 uli-

826 4249 842 4278 ι
883 4229 1092 4299 quando
1136 4209 1363 4279 abfuerit
1408 4226 1641 4292 scipsum
1686 4221 2011 4283 subducens,
2057 4223 2305 4273 restituto

830 4341 847 4371 ‹
895 4316 1363 4374 communicationi
1415 4316 1685 4384 episcopo,
1749 4314 1860 4382 ipse
1915 4321 2195 4365 accusator
2238 4324 2301 4362 ex

838 4428 855 4459 ι
889 4409 1263 4462 communione
1308 4407 1596 4475 ejiciatur,
1647 4402 1718 4457 ita
1770 4413 1946 4457 tamen
1998 4412 2054 4455 ut
2102 4415 2198 4454 nec
2254 4401 2301 4452 ei

827 4516 843 4546 ι
893 4498 1251 4550 accusationis
1282 4494 1503 4547 facultas
1540 4492 1836 4555 auferatur,
1867 4496 1910 4544 si
1955 4492 2186 4559 potuerit
2216 4505 2302 4542 os-
2332 4486 2379 4543 ο

834 4604 849 4635 ι
896 4587 1112 4639 tendere
1142 4585 1223 4637 die
1258 4584 1558 4652 prmstituto
1597 4597 1698 4633 non
1744 4582 2003 4643 noluisse,
2046 4581 2138 4633 sed
2196 4595 2300 4633 non

834 4697 849 4727 ι
910 4676 1145 4746 potuisse
1198 4674 1414 4736 sistere;
1448 4672 1539 4725 illo
1575 4671 1787 4739 qdidem
1839 4670 2125 4725 manifesto
2160 4672 2305 4725 exsi—

830 4786 846 4815 ι
887 4773 1080 4828 stente,
1118 4764 1259 4832 quod
1287 4764 1352 4825 si,
1385 4764 1506 4815 dum
1553 4776 1636 4815 res
1672 4769 1916 4813 moretur
1946 4762 1997 4813 in
2028 4760 2305 4829 episcopo-

830 4874 845 4903 ‹
886 4868 1003 4907 rum
1050 4852 1273 4920 judicio.
1331 4849 1620 4909 infametur
1673 4850 2003 4903 accusatoris
2052 4864 2301 4917 persona,

826 4962 841 4990 ι
895 4942 958 4994 ad
1032 4941 1423 4994 accusationem
1490 4953 1593 4993 non
1668 4940 2015 5002 admittatur.
2080 4942 2180 4993 nisi
2240 4942 2304 4992 de

832 5052 847 5083 ι
892 5032 1105 5101 proprio
1149 5032 1380 5099 nrgotio,
1417 5046 1518 5083 nou
1569 5040 1741 5083 tamen
1765 5031 2146 5097 ecclesiastico,
2174 5031 2300 5084 velit
2384 5068 2387 5071 λ

824 5150 839 5179 ι
878 5130 979 5197 agi.
1010 5146 1027 5177 ι

821 5516 1013 5569 BALS.
1066 5516 1197 5581 Quia
1240 5517 1504 5585 episcopis
1534 5524 1615 5569 est
1648 5526 1957 5584 competens
2000 5518 2305 5585 metropoli-

748 5609 857 5661 fani
882 5607 1165 5676 judicium,
1206 5605 1334 5658 dicit
1379 5621 1548 5659 cauca
1601 5608 1763 5674 quod,
1824 5608 1867 5659 si
1912 5608 2190 5675 episcopus
2238 5609 2305 5661 ab

748 5702 926 5770 aliquo
958 5711 1258 5763 accusetur,
1294 5698 1449 5753 debet
1476 5714 1505 5752 a
1537 5714 1633 5753 suo
1667 5700 1893 5766 prituatc
1919 5714 2009 5754 seu
2036 5710 2304 5768 metropo-

2417 1914 2571 1951 τουσι
2597 1900 2809 1952 σύνοδον
2852 1904 3115 1969 γίνεσθαι,
3148 1906 3240 1957 καὶ
3267 1906 3580 1972 πέμπεσθαι
3620 1908 3710 1972 ἀφ’
3729 1908 3964 1973 ἑκάστης

2417 1988 2685 2056 ἐπαρχίας
2734 1992 2837 2043 ὑπὸ
2883 1993 2991 2044 τῶν
3050 1996 3462 2063 μητροπολιτῶν
3517 1996 3623 2047 τῶν
3687 1996 3964 2063 ἐπαρχιῶν

2412 2078 2525 2145 δύο,
2556 2082 2587 2148 ἢ
2626 2084 2714 2134 καὶ
2747 2085 2901 2147 ὅσους
2942 2087 3275 2148 ἐπιλέξονται
3306 2083 3468 2145 οὗτοι.
3492 2086 3889 2155 τοποτηρητὰς.

2984 2178 3218 2229 ΚᾹΝΩΝ
3252 2177 3353 2229 KB'
3363 2214 3375 2227 .

2415 2276 2434 2310 ι
2481 2261 2603 2318 Ἐάν
2630 2280 2713 2325 τις
2758 2266 2864 2318 τῶν
2887 2266 3201 2321 ἐπισκόπων
3247 2271 3640 2339 κατηγορῆται,
3669 2268 3820 2336 παρὰ
3848 2268 3962 2328 τοῖς

2478 2372 2496 2405 ι
2535 2356 2632 2422 τῆς
2651 2356 2813 2409 αὑτοῦ
2840 2358 3019 2426 χώρας
3050 2361 3419 2428 πρωτεύουσιν
3446 2362 3473 2411 ὁ
3500 2360 3801 2429 κατήγορος
3836 2360 3965 2410 ἀνα-

2486 2462 2503 2492 (
2542 2446 2685 2514 γάγῃ
2708 2447 2766 2498 τὸ
2796 2450 3025 2516 πρᾶγμα
3048 2466 3061 2478 ⁸
3118 2452 3211 2501 καὶ
3242 2451 3375 2518 μηδὲ
3409 2451 3515 2502 ἀπὸ
3547 2451 3644 2515 τῆς
3680 2448 3964 2506 κοινωνίας

2483 2554 2501 2586 ι
2542 2537 2756 2605 κωλυθῇ
2816 2539 2844 2588 ὁ
2892 2540 3383 2607 κατηγορούμενος,
3432 2542 3480 2590 εἰ
3540 2538 3663 2608 μηδ’
3715 2540 3781 2591 ἂν
3828 2540 3965 2606 πρὸς

2484 2646 2501 2677 ι
2534 2627 2823 2694 ἀπολογίαν
2872 2630 2928 2680 tv
2979 2630 3055 2697 τῷ
3084 2630 3415 2699 δικαστηρίῳ
3453 2630 3559 2682 τῶν
3607 2629 3963 2695 ὲπιλεγέντων

2478 2737 2494 2768 ι
2528 2719 2765 2781 δικάζειν
2795 2720 3113 2786 γράμμασιν
3170 2722 3549 2789 προσκληθεὶς,
3590 2724 3655 2791 τῇ
3683 2721 3963 2789 ὡρισμένῃ

2475 2827 2492 2859 ι
2532 2812 2713 2880 ἡμέρα
2764 2813 3012 2880 οὐδαμῶς
3042 2814 3352 2884 ἀπαντήσῃ,
3410 2812 3555 2865 τοῦτ’
3606 2813 3753 2864 ἔστιν
3808 2812 3961 2869 ἐντὸς

2482 2921 2497 2949 ι
2539 2902 2872 2969 προθεσμίας
2932 2916 3097 2971 μηνος
3154 2907 3246 2969 ἀφ’
3290 2899 3357 2973 ἦς
3397 2904 3607 2971 ἡμέρας
3653 2902 3847 2970 φανείη
3894 2903 3963 2953 τὰ

2483 3009 2500 3040 ι
2536 2993 2835 3059 γράμματα
2860 2994 3169 3059 δεξάμενος.
3213 2996 3337 3046 Ἐὰν
3358 2996 3413 3046 δὲ
3444 2993 3661 3061 ἀληθεῖς
3694 3010 3843 3054 τινας
3870 2994 3964 3043 καὶ

2471 3100 2489 3131 ι
2527 3086 2928 3148 ἀναγκαστικᾶις
2961 3087 3139 3146 αἰτίας
3186 3087 3461 3153 ἀποδείξῃ,
3520 3087 3616 3143 τὰς
3661 3087 3823 3137 aiava
3850 3101 3963 3135 κω-

2481 3188 2497 3220 t
2535 3171 2764 3232 λυούσας
2826 3175 3136 3242 ἀπαντῆσαι
3175 3176 3306 3243 προς
3337 3176 3630 3242 ἀπολογίαν
3687 3177 3793 3227 τῶν
3843 3175 3967 3226 κατ’

2486 3278 2504 3309 ι
2540 3262 2700 3313 αὑτοῦ
2736 3265 3125 3329 προτεθέντων,
3169 3266 3318 3327 ἐντὸς
3371 3267 3558 3334 ἑτέρου
3606 3266 3771 3334 μηνδς
3836 3267 3965 3317 ἀκε-

2480 3368 2500 3401 ι
2538 3354 2695 3419 ραίαν
2749 3356 2914 3423 ὲχέτω
2944 3357 3224 3425 εὐχέρειαν
3250 3375 3262 3388 ·
3300 3358 3437 3425 μετὰ
3484 3359 3538 3410 δὲ
3589 3360 3680 3410 τὸν
3708 3358 3962 3426 δεύτερον

2480 3458 2498 3491 ι
2539 3444 2679 3509 μῆνα
2733 3446 2805 3512 μή
2853 3448 3177 3515 κοινωνήσῃ,
3231 3447 3333 3508 ἕως
3383 3441 3445 3499 οὗ
3478 3448 3713 3515 καθαρὸς
3746 3450 3965 3500 ἀποδει-

2479 3549 2498 3581 ι
2539 3533 2713 3601 χθῖίη.
2745 3537 2806 3587 Εἰ
2854 3536 2908 3586 δὲ
2939 3537 3071 3605 πρὸς
3104 3539 3396 3605 σύμπασαν
3424 3540 3522 3608 τὴν
3558 3541 3779 3607 ὲτησὶαν
3809 3540 3966 3591 σύνοέ

2482 3641 2501 3673 r
2532 3624 2619 3675 δον
2652 3625 2960 3691 ἀπαντῆσαι
3004 3626 3077 3694 μὴ
3112 3627 3421 3697 βουληθείη,
3465 3629 3551 3680 ίνα
3596 3629 3699 3680 xiv
3755 3630 3870 3679 ἐκεῖ
3902 3629 3964 3679 τὸ

2482 3734 2499 3766 ι
2541 3718 2771 3783 πρᾶγμα
2830 3716 2995 3768 αὐτοῦ
3036 3719 3338 3787 περαιωοῇ,
3394 3718 3552 3780 αὐτὸς
3616 3718 3734 3771 καθ’
3765 3717 3964 3770 ἑαυτοῦ

2482 3824 2499 3857 ι
2537 3807 2636 3873 τῆς
2682 3808 2974 3874 καταδίκης
3004 3809 3103 3874 τὴν
3152 3808 3333 3876 ψῆφον
3374 3810 3816 3879 ἐκπεφωνηκὲναι
3844 3827 3963 3879 κριο

2483 3915 2502 3946 ι
2540 3896 2783 3965 θήσεται.
2823 3897 2909 3949 ‘Ev
2934 3898 2988 3949 δὲ
3026 3898 3102 3967 τῷ
3150 3899 3325 3967 καιρῷ
3355 3893 3396 3965 ᾧ
3426 3900 3484 3950 ού
3527 3902 3775 3951 κοινωνεῖ
3828 3901 3965 3967 μηδὲ

2480 4007 2497 4038 ι
2534 3989 2591 4038 tv
2631 3991 2695 4056 τῇ
2732 3989 2835 4057 ἰδία
2884 3991 3174 4058 ἐκκλησίᾳ,
3215 3990 3349 4058 μηδὲ
3383 3993 3438 4042 tv
3479 3992 3739 4060 παροικίᾳ
3772 4009 3964 4043 κοινω-

2480 4096 2496 4128 ι
2536 4082 2692 4151 νήσῃ.
2746 4080 2804 4131 '0
2856 4080 2911 4131 δὲ
2944 4081 3130 4133 τούτου
3178 4084 3500 4152 κατήγορος,
3552 4083 3645 4135 ἐὰν
3710 4084 3962 4153 μηδαμοῦ

2482 4186 2500 4218 ι
2539 4169 2908 4239 ἀπολειφθείη,
2942 4174 2999 4223 tv
3025 4167 3109 4231 αἶς
3141 4173 3374 4241 ἡμέραις
3417 4175 3752 4241 γυμνάζεται
3781 4175 3848 4225 τὰ
3869 4174 3962 4224 τοῦ

2483 4275 2500 4307 ι
2541 4260 2883 4328 πράγματος,
2934 4260 3194 4329 μηδαμῶς
3234 4261 3448 4329 κωλυθῇ
3501 4264 3606 4313 ἀπὸ
3635 4263 3730 4327 τῆς
3767 4277 3960 4313 κοινω-

2484 4367 2502 4401 ι
2538 4350 2652 4411 νίας
2682 4366 2698 4379 ο
2751 4351 2846 4401 ἐὰν
2896 4348 2953 4402 δέ
2999 4366 3128 4401 ποτε
3178 4350 3397 4421 ἐλλείψῃ
3416 4351 3604 4402 ἑαυτὸν
3659 4352 3954 4417 ὑποσύρας,

2482 4459 2500 4491 ι
2536 4440 3040 4507 ἀποκαθισταμένου
3121 4433 3184 4509 τῇ
3253 4444 3505 4511 κανωνίᾳ
3571 4442 3665 4495 τοῦ
3742 4444 3963 4495 ἑπισκὸ-

2482 4549 2499 4580 ι
2539 4546 2640 4581 που
2673 4569 2688 4592 ,
2746 4530 2904 4591 αὐτὸς
2983 4530 3091 4582 ἀπὸ
3153 4535 3249 4600 τῆς
3296 4534 3575 4595 κοινωνίας
3636 4534 3872 4603 ὲκδληθῇ
3929 4538 3958 4587 ὁ

2474 4636 2492 4668 ι
2525 4620 2824 4686 κατήγορος
2853 4632 2868 4649 ο
2904 4618 3074 4681 οὓτως
3120 4621 3322 4687 μέντοι,
3358 4620 3432 4682 ὡς
3488 4621 3620 4691 μηδὲ
3656 4623 3752 4692 τήν
3798 4622 3925 4691 εύχὲ
3949 4655 3960 4665 -

2480 4722 2497 4754 ι
2539 4720 2686 4771 ρειαν
2744 4703 2891 4772 αύτῷ
2934 4707 3281 4774 ἀφαιρεῖσθαι
3325 4709 3421 4775 τῆς
3475 4711 3806 4780 κατηγορίας
3863 4714 3960 4765 τοῦ

2481 4812 2499 4843 ι
2540 4796 2879 4862 πράγματος,
2912 4796 3008 4846 ἐὰν
3036 4797 3233 4865 δυνηθῇ
3253 4799 3529 4863 ἀποδείξαι
3553 4805 3691 4855 κατὰ
3716 4806 3813 4869 τήν
3831 4822 3965 4871 προ-

2482 4902 2499 4933 ι
2538 4883 2764 4952 οεσμίαν
2786 4886 2903 4953 οὐχὶ
2944 4887 3019 4957 μὴ
3044 4888 3413 4958 τεθεληκέναι,
3447 4894 3580 4946 ἀλλὰ
3618 4895 3691 4964 μή
3737 4898 3959 4965 δεδυνῆ-

2479 4994 2498 5027 ι
2542 4975 2661 5027 σθαι
2698 4978 3001 5048 ἀπαντῆσαι
3025 4993 3039 5008 ⁸
3072 4980 3280 5033 ἐκείνου
3304 4983 3464 5050 δήλου
3490 4985 3662 5048 ὄντος,
3699 4986 3772 5047 ὡς
3801 4990 3859 5038 tv
3882 4988 3959 5057 τῷ

2480 5085 2496 5116 ι
2534 5068 2797 5118 κινεῖσθαι
2848 5069 2912 5119 τὰ
2950 5070 3250 5137 πράγματα
3300 5073 3358 5123 tv
3392 5073 3469 5141 τῷ
3504 5075 3611 5125 τῶν
3642 5077 3959 5130 ἐπισκόπων

2483 5176 2499 5207 ι
2532 5158 2880 5227 δικαστηρῖῳ,
2932 5161 3027 5211 ἐὰν
3057 5160 3408 5231 διαϐἑσληται
3439 5165 3498 5217 τὸ
3533 5166 3821 5233 πρόσωπον
3868 5172 3962 5222 τοῦ

2490 5268 2505 5299 ι
2546 5253 2866 5319 κατηγόρου,
2896 5253 2970 5320 μή
2998 5252 3155 5323 δεχοῇ
3185 5257 3262 5316 τίς
3292 5258 3647 5326 κατηγορίαν,
3674 5262 3721 5311 εἰ
3749 5262 3872 5330 μηδ’
3895 5263 3963 5314 ἂν

2479 5357 2496 5389 ι
2536 5342 2672 5410 ὑπὲρ
2706 5340 2833 5391 ἰδίου
2863 5342 3207 5410 πράγματος,
3240 5345 3315 5415 μὴ
3361 5348 3540 5414 μέντοι
3588 5351 3717 5419 περὶ
3764 5352 3965 5421 ἐκκλη-

2483 5448 2500 5479 ι
2535 5428 2834 5491 σιαστικοῦ,
2872 5430 3073 5502 θελήσῃ
3104 5435 3476 5489 ἐπισαλέσθαι.
3518 5455 3536 5488 ι

2480 5521 2671 5573 ΒΑΛΣ.
2732 5521 2882 5573 Ἐπεὶ
2932 5525 3237 5593 πρόσφορον
3275 5528 3387 5578 ἐστι
3442 5528 3794 5598 δικαστήριον
3846 5538 3963 5597 τοῖς

2406 5612 2717 5672 ἐπισκόποις
2756 5610 2927 5663 τί)τοῦ
2996 5616 3419 5683 μητροπολίτου,
3475 5620 3639 5687 φησὶν
3692 5624 3720 5673 ὁ
3778 5623 3963 5675 κανὼν

2406 5700 2507 5764 ὅτι,
2535 5700 2627 5751 ἐὰν
2665 5701 3036 5771 κατηγορῆται
3076 5704 3373 5769 ἐπίσκοπος
3413 5709 3563 5777 παρά
3612 5725 3777 5772 τινος,
3811 5711 3965 5777 seu-
