4214 6438
775 342 866 402 ill

2010 372 2277 432 THEOD.
2311 373 2396 431 ΒΑ
2407 376 2535 432 LSA
2546 378 2699 436 ΜοΝ

3860 382 3959 448 112

771 452 982 517 quidem
1013 457 1077 508 ab
1107 472 1169 510 co
1202 466 1439 528 tempore
1475 466 1736 535 designari
1768 474 2055 539 oportebit,
2098 492 2201 545 quo
2227 479 2313 531 lit-
2342 485 2372 539 Α

2359 485 2387 539 ι
2417 499 2506 534 του
2538 484 2603 535 τά
2624 485 2884 539 καλοῦντα
2936 486 3096 540 αὐτὸν
3152 488 3231 548 ei;
3272 488 3332 540 τὸ
3366 489 3711 559 δικαστήριον
3742 492 3959 556 ἐδέξατο

772 550 908 595 teras
941 547 1132 609 quibus
1174 550 1237 600 ad
1267 551 1525 616 judicium
1561 568 1814 611 evocatur
1850 566 2137 632 acceperit.
2179 565 2309 619 Nam

770 638 891 682 tunc
926 635 1138 699 quidem
1181 640 1487 704 pertinacia‘
1514 644 1722 711 culpam
1760 654 2155 708 (ommunionis
2196 657 2309 723 pri-

767 721 993 783 vatione,
1025 724 1121 777 ltoe
1146 736 1245 789 est,
1271 734 1637 797 segregatione
1669 736 1794 790 luet.
1835 740 1984 804 Quod
2014 744 2058 797 si
2110 721 2313 811 aliqua-

765 822 879 861 rum
929 824 1208 865 causarum
1252 815 1572 881 interventu,
1609 838 1743 888 quas
1798 824 1972 891 veras,
2016 844 2121 883 non
2169 845 2310 884 com-

761 898 1028 951 mentitias
1059 914 1177 975 esse
1210 892 1444 971 constet,
1478 913 1779 966 necessario
1822 916 2091 969 hominem
2140 919 2299 986 impe-

760 983 924 1037 ditum
964 985 1130 1043 fuisse
1168 1005 1439 1059 appareat,
1471 1000 1758 1065 quominus
1790 1002 1839 1053 in
1861 1003 2068 1072 judicio
2102 983 2303 1062 stiterit

757 1082 810 1126 et
864 1079 1212 1145 responderit,
1271 1084 1319 1134 in
1372 1086 1595 1139 alterum
1656 1105 1894 1144 mensem
1948 1110 2158 1147 rursum
2207 1098 2305 1165 ipsi

759 1164 1068 1253 praefinitam
1098 1171 1327 1225 adeundi
1367 1176 1553 1241 judicii
1603 1180 1739 1232 diem
1793 1186 2066 1251 prorogari
2110 1164 2302 1253 placet.

757 1251 825 1303 At
856 1253 921 1317 si,
950 1254 1040 1307 illo
1068 1273 1325 1326 nusquam
1365 1278 1677 1332 appareutc,
1714 1269 1897 1323 irritus
1936 1274 2068 1327 alter
2094 1251 2306 1343 quoque

754 1344 954 1397 mensis
988 1346 1199 1411 abierit,
1228 1352 1295 1402 ab
1328 1367 1391 1405 eo
1440 1364 1691 1422 tempore.
1727 1363 2076 1429 quoadusque
2118 1378 2199 1428 se,
2251 1366 2302 1421 in

751 1446 853 1497 quo
871 1446 1170 1500 accusatur,
1194 1442 1347 1508 culpa
1380 1458 1570 1497 vacare
1595 1450 1905 1515 ostenderit,
1929 1456 2304 1509 communione

751 1520 1010 1586 privatum
1058 1538 1177 1579 csse
1214 1542 1384 1582 cauon
1429 1532 1689 1587 decernit.
1723 1534 1875 1599 Quod
1918 1539 1965 1593 si
2020 1556 2193 1609 neque
2235 1544 2299 1596 ad

750 1616 1025 1672 primatem
1066 1616 1375 1681 provincizc,
1430 1634 1601 1688 neque
1634 1623 1697 1675 ad
1733 1625 2107 1694 episcoporum
2138 1644 2301 1698 syno-

748 1700 869 1749 dum
903 1704 1185 1767 quotannis
1220 1705 1403 1759 habcri
1434 1709 1666 1772 solitam,
1707 1722 1763 1764 ut
1798 1715 1849 1765 in
1882 1728 1943 1767 ea
1967 1716 2031 1768 de
2059 1718 2299 1770 crimini-

748 1789 845 1839 bus
885 1789 981 1856 ipsi
1038 1793 1257 1857 objectis
1291 1807 1578 1862 quwratur,
1614 1800 1936 1870 quarstioque
1974 1813 2079 1857 tota
2121 1806 2293 1859 absol-
2332 1788 2372 1843 Β

748 1887 922 1942 vatur,
949 1884 1254 1947 accesserit,
1288 1886 1396 1953 jam
1430 1888 1538 1955 ipse
1560 1899 1743 1943 contra
1772 1906 1829 1945 se
1856 1891 2165 1961 suffragium
2215 1905 2297 1948 ι..-

748 1965 894 2031 lisse,
939 1970 1037 2022 ltoc
1086 1981 1188 2033 est,
1243 1975 1353 2041 ipse
1390 1990 1447 2029 se
1491 1978 1873 2034 condemnasse
1910 1983 2297 2039 existimandus

745 2064 845 2109 cst.
901 2055 1066 2111 Porro
1117 2060 1204 2112 illo
1254 2068 1636 2134 segregationis
1673 2079 1929 2138 tempore,
1996 2089 2166 2141 neque
2240 2077 2291 2128 in

746 2144 912 2209 ipsius
944 2147 1189 2213 ecclesia,
1228 2167 1398 2217 neque
1438 2155 1583 2215 alibi.
1637 2160 1779 2211 velut
1823 2162 1873 2212 in
1918 2162 2150 2227 subjecta
2196 2165 2292 2230 ipsi

745 2237 999 2301 paranda,
1066 2253 1187 2291 cum
1251 2255 1316 2294 co
1388 2249 1810 2301 conttnttuicaudi
1883 2252 2105 2306 facultas
2170 2257 2291 2307 crit.

742 2326 1034 2381 Accusator
1065 2344 1209 2393 vero,
1245 2333 1287 2384 si
1315 2334 1526 2400 quidem
1566 2337 1839 2404 injudicio
1886 2354 2077 2408 prassto
2112 2344 2292 2410 fuerit,

743 2431 768 2467 a
801 2420 1172 2476 communione
1199 2439 1533 2493 nequaquam
1586 2432 1851 2485 arcebitur
1893 2448 1907 2485 :
1947 2445 2000 2485 at
2041 2436 2084 2488 si
2128 2451 2186 2489 sc
2230 2454 2292 2490 eo

741 2513 952 2563 deserto
974 2513 1309 2579 subduxerit,
1357 2516 1456 2571 ltoc
1498 2529 1581 2572 cst
1613 2530 1801 2588 sponte
1854 2538 1933 2588 se,
1972 2538 2143 2592 neque
2190 2527 2293 2579 ulla

740 2606 1041 2655 necessaria
1070 2620 1228 2658 causa
1256 2620 1497 2673 coactus,
1531 2614 1813 2680 proripuit,
1850 2628 1911 2666 ae
1942 2616 2191 2681 latebras,
2226 2632 2293 2671 ne

739 2692 1083 2757 inveniretur,
1113 2699 1380 2763 quaesivit;
1415 2702 1723 2769 episcopum
1751 2706 1987 2771 quidem,
2030 2708 2115 2760 cui
2152 2708 2292 2761 dicta

737 2782 850 2834 dles
874 2782 1063 2849 fuerat,
1090 2804 1115 2835 a
1144 2787 1302 2838 multa
1335 2790 1690 2843 communioni
1724 2793 2043 2846 restitutum.
2067 2796 2290 2860 absolvi,

737 2885 1100 2928 accusatorem
1157 2892 1280 2932 vero
1320 2878 1491 2945 ipsum
1556 2881 1792 2935 vicissim
1851 2884 2092 2950 imposita
2135 2899 2292 2952 poena

738 2963 911 3030 puniri
942 2963 1090 3029 jubet
1161 2968 1339 3019 Actori
1374 2978 1546 3023 tamen
1603 2970 1994 3024 accusationem
2043 2974 2290 3041 persequi

735 3068 799 3105 ac
827 3053 1031 3120 judicio
1052 3058 1280 3123 experiri
1306 3059 1477 3112 adhuc
1500 3059 1711 3125 licebit,
1742 3061 1784 3115 si
1815 3063 1970 3115 modo
1995 3076 2099 3115 non
2127 3064 2292 3132 ipsius

736 3142 1004 3196 soluntate
1026 3160 1140 3197 rem
1169 3150 1574 3216 contempsisse,
1622 3152 1713 3205 sed
1739 3152 1899 3219 justas
1950 3167 2014 3207 ac
2044 3167 2292 3209 necessa-

735 3234 827 3285 ria:
868 3249 1041 3287 causa?
1070 3235 1395 3300 interventu,
1429 3242 1717 3306 quominus
1750 3242 1816 3295 ad
1848 3245 2164 3311 praefinitam
2198 3248 2295 3299 ad-

732 3332 892 3389 cssct,
921 3323 1117 3379 factum
1144 3324 1309 3381 fuisse
1326 3328 1816 3395 ,ostenderitJtlud
1859 3342 2059 3397 autem,
2099 3334 2293 3401 inquit,

732 3427 918 3466 omnes
948 3416 1145 3479 norint,
1172 3426 1297 3468 tunc
1320 3418 1551 3484 episcopi
1575 3419 1798 3471 delatori
1848 3420 2024 3473 locum
2073 3422 2186 3476 fore
2240 3425 2290 3475 in

727 3504 955 3572 judicio,
985 3505 1028 3558 si
1060 3506 1202 3557 nulla
1255 3507 1367 3575 ipse
1404 3508 1644 3561 criminis
1675 3507 1891 3562 infamia
1942 3521 2158 3566 natatus
2200 3511 2289 3565 sit.

733 3594 895 3661 tlujus
933 3610 1163 3662 namque
1204 3598 1432 3648 delatum
1478 3612 1673 3651 nomen
1715 3600 1779 3651 ad
1818 3598 2044 3667 judices,
2088 3611 2180 3655 aut
2222 3604 2291 3658 de

734 3700 838 3753 quo
861 3686 1021 3737 etiam
1051 3686 1207 3737 dubia
1236 3686 1563 3739 existimatio
1604 3686 1783 3751 fuerit,
1835 3692 1935 3743 nisi
1983 3694 2048 3745 de
2094 3708 2189 3746 sua
2230 3708 2286 3747 re

732 3776 957 3843 privata,
1020 3776 1325 3843 pecuniaria
1383 3778 1657 3841 nimirum,
1718 3779 1983 3833 actionem
2037 3783 2287 3853 episcopo

730 3863 989 3927 intendat,
1026 3864 1404 3916 ecclesiastica:
1440 3878 1565 3916 vero
1603 3867 1997 3928 controversias,
2037 3868 2135 3920 hoc
2183 3860 2287 3930 διὰ,

729 3951 841 4018 ejus
872 3966 933 4005 ex
962 3966 1064 4018 qua
1090 3945 1339 4019 episcopo
1368 3951 1661 4018 periculum
1692 3951 1994 4006 amittenda:
2017 3954 2291 4022 dignitatis

731 4051 961 4103 crcctnr,
1020 4052 1221 4109 partem
1282 4043 1477 4094 nullam
1544 4043 1795 4110 attingat,
1844 4045 2015 4096 audiri
2071 4048 2289 4100 omnino

733 4142 894 4184 vetat.
928 4133 1000 4186 De
1022 4136 1206 4185 eadem
1251 4147 1305 4185 re
1328 4141 1510 4186 sextus
1534 4147 1745 4199 quoque
1774 4134 2019 4186 secunda:
2055 4146 2291 4188 mcum--

728 4224 862 4277 nica:
890 4225 1076 4293 synodi
1118 4240 1286 4278 canon
1343 4226 1601 4279 decernit.
1642 4223 1770 4288 Qua:
1820 4226 1871 4277 in
1918 4238 2040 4277 cum
2091 4224 2289 4292 scripta

726 4322 849 4366 sunt
893 4316 1029 4367 vide.
1054 4312 1285 4378 Quartus
1312 4328 1434 4366 vero
1460 4322 1512 4366 et
1537 4313 1954 4382 sep’tuagesiutus
1985 4322 2292 4367 sanctorum

2412 573 2727 639 γράμματα.
2766 575 2894 626 Τότε
2930 576 3036 643 γὰρ
3067 578 3144 638 είς
3174 578 3360 646 ποινὴν
3374 578 3476 644 τῆς
3507 580 3784 642 ἀπειθείας
3806 581 3960 633 ἀκοι-

2411 660 2644 729 νώνητος
2674 666 2898 730 γίνεται,
2930 667 3202 719 τουτέστιν
3253 670 3591 738 ἀφορίζεται.
3637 670 3761 722 Ἐὰν
3791 671 3848 722 δὲ
3896 670 3962 722 ἐκ

2409 770 2571 807 τινων
2626 758 3045 829 συμϐεϐηκυιῶν
3067 762 3275 823 αίτιῶν,
3307 764 3399 816 καὶ
3445 764 3505 815 οὐ
3537 763 3961 831 πεπλασμένων,

2408 845 2503 895 καὶ
2536 845 2595 908 ἐξ
2623 847 2865 915 ἀνάγκης
2889 849 3050 901 αὑτὸν
3080 851 3396 903 κωλυουσῶν
3418 854 3561 920 φανῇ
3598 852 3860 913 κωλυθεὶς
3886 851 3963 920 μὴ

2407 920 2716 1004 ἀπαντῆσαι
2756 938 2833 998 είς
2862 937 2923 989 τὸ
2950 939 3318 1008 δικαστήριον,
3347 941 3440 993 καὶ
3492 940 3963 1009 ἀπολογήσασθαι,

2408 1027 2590 1094 ἔτερος
2616 1023 2769 1090 αὗθις
2805 1029 2953 1096 αὐτῷ
2978 1029 3175 1082 δίδοται
3234 1032 3340 1099 μὴν
3368 1035 3446 1091 είς
3476 1030 3813 1099 προθεσμίαν
3864 1027 3963 1081 τοῦ

2410 1117 2722 1183 προσελθεῖν
2746 1117 2822 1185 τῷ
2846 1117 3200 1189 δικαστηρίῳ.
3248 1120 3373 1173 Ἐἀν
3423 1122 3480 1173 δέ
3515 1123 3608 1172 καὶ
3642 1122 3669 1172 6
3714 1118 3965 1187 δεύτερος

2408 1209 2513 1275 μὴν
2536 1208 2779 1279 παρέλθῃ
2823 1210 2915 1260 ἐπὶ
2948 1213 3142 1274 κενοῖς,
3175 1211 3385 1261 ἐκείνου
3412 1212 3488 1279 μὴ
3521 1210 3961 1279 ἀπαντήσαντος,

2404 1298 2585 1351 ἔκτοτε
2611 1300 2967 1368 ἀκοινώνητον
2993 1298 3133 1353 εἶναι
3164 1302 3326 1354 αὑτὸν
3352 1302 3380 1352 6
3398 1300 3577 1354 κανὼν
3595 1299 3960 1360 διατάττεται,

2402 1390 2505 1452 ἕως
2533 1391 2834 1459 διαγνωσθῇ
2866 1393 2949 1445 ὅτι
2969 1392 3205 1459 καθαρός
3246 1394 3360 1443 ἐστι
3389 1392 3487 1458 τῆς
3517 1390 3640 1443 κατ’
3665 1388 3831 1442 αὐτοῦ
3866 1405 3963 1453 γε-

2402 1483 2633 1549 νομένης
2658 1486 3012 1553 κατηγορίας.
3035 1484 3156 1535 Ἐὰν
3188 1484 3244 1535 δέ
3276 1482 3400 1535 οὔτε
3434 1483 3567 1549 πρὸς
3596 1482 3685 1533 τὸν
3708 1479 3961 1549 πρωτεύ-

2400 1591 2526 1626 οντα
2552 1575 2652 1642 τῆς
2680 1576 2949 1643 ἐπαρχίας
2971 1575 3371 1644 παραγένηται,
3402 1572 3527 1625 οὔτε
3557 1572 3692 1640 πρδς
3718 1572 3818 1640 τὴν
3846 1570 3961 1621 τῶν

2399 1664 2711 1716 ἐπισκόπων
2743 1663 2959 1715 σύνοδον
2991 1664 3089 1732 τὴν
3119 1663 3348 1732 ἐτησίαις
3380 1661 3668 1729 γινομένην
3689 1697 3705 1722 ,
3735 1658 3822 1710 ἵνα
3846 1658 3963 1707 ἐκεῖ

2401 1754 2658 1821 ἐξετασθῇ
2683 1754 2748 1806 τὰ
2768 1756 2889 1805 κατ’
2914 1754 3078 1805 αὐτοῦ
3103 1753 3366 1820 λεγόμενα
3390 1752 3481 1804 καὶ
3506 1749 3680 1817 πέρας
3717 1747 3958 1815 δέξηται,

2402 1844 2563 1913 αὐτὸς
2596 1841 2715 1895 καθ’
2742 1838 2934 1892 ἐαυτοῦ
2995 1841 3315 1907 ἐψηφίσατο,
3367 1840 3535 1908 ἧγουν
3573 1836 3732 1898 assa;
3766 1835 3959 1887 ἐαυτὸν

2402 1931 2777 1983 κατεδίκασεν.
2846 1929 2931 1979 Ἐν
2982 1927 3038 1978 δὲ
3070 1927 3146 1995 τῷ
3178 1926 3354 1994 καιρῴ
3383 1925 3478 1976 τοῦ
3529 1925 3806 1992 ἐπιτιμίου
3857 1922 3959 1990 τῆς

2400 2021 2789 2089 ἀκοινωνησέας
2812 2018 2935 2070 οὔτε
2967 2020 3021 2069 ἐν
3053 2020 3115 2086 τῇ
3144 2014 3407 2085 ἐκκλησίᾳ
3434 2013 3599 2068 αὑτοῦ
3627 2012 3834 2076 ἔξεστιν
3860 2010 3960 2063 αὑ-

2399 2110 2475 2178 τῷ
2509 2110 2851 2176 κοινωνῆσαι,
2882 2106 3003 2159 οὗτε
3030 2104 3283 2174 ἀλλαχοῦ,
3308 2100 3420 2157 οἷον
3448 2100 3709 2172 παροικίᾳ
3731 2101 3953 2152 ὑποκει-

2404 2198 2744 2268 μένῃιαὺτῷ.
2782 2198 2841 2251 ὐ
2890 2197 2944 2247 δὲ
2980 2196 3303 2265 κατήγορος.
3346 2194 3440 2245 ἐὰν
3493 2190 3837 2262 προσεδρεύῃ
3879 2189 3954 2259 τῷ

2399 2291 2748 2357 δικαστηρίῳ,
2784 2288 2845 2339 οὐ
2872 2284 3242 2353 κωλυθήσεται
3275 2284 3548 2336 κοινωνεῖν
3572 2299 3585 2313 ’
3615 2280 3709 2333 ἐάν
3728 2280 3785 2333 δι
3819 2281 3953 2333 ἀπο-

2398 2380 2587 2451 λειφθῇ
2639 2379 2827 2431 ἐαυτὸν
2866 2377 3159 2445 ὑποσύρας,
3208 2376 3374 2444 ἦγουν
3425 2373 3708 2438 ἑκουσίως,
3765 2372 3865 2423 οὐκ
3898 2370 3955 2435 ἐξ

2400 2475 2645 2541 ἀνάγκης
2672 2470 2839 2534 τινὸς,
2868 2468 3059 2522 ἑαυτὸν
3093 2466 3424 2534 ὑποκλέψας,
3476 2467 3568 2517 καὶ
3602 2460 3949 2531 ἀποκρύψας,
4012 2502 4017 2507 .

2398 2563 2537 2615 ὥστε
2569 2563 2643 2632 μὴ
2674 2561 3043 2631 εὑρίσκεσθαι.
3062 2562 3088 2611 6
3120 2560 3218 2628 μὲν
3244 2558 3537 2618 ἐπίσκοπος
3559 2557 3587 2607 6
3614 2550 3955 2621 κατηγορού-

2402 2671 2561 2722 μενος
2588 2653 2877 2721 λυθήσεται
2892 2650 2983 2703 τοῦ
3012 2650 3309 2716 ἐπιτιμίου,
3333 2644 3840 2711 ἀποκαθιστάμενος
3865 2640 3950 2701 είς

2398 2746 2494 2815 τὴν
2523 2744 2836 2797 κοινωνίαν·
2866 2744 2894 2793 ό
2926 2741 2981 2793 δέ
3019 2741 3319 2808 κατήγορος
3351 2733 3831 2803 ἐπιτιμηθήσεται.
3875 2728 3952 2780 Οὐ

2403 2836 2583 2904 μέντοι
2615 2832 2987 2903 κωλυθήσεται
3017 2828 3313 2899 γυμνάζειν
3338 2825 3436 2894 τὴν
3471 2819 3827 2891 κατηγορίαν,
3858 2817 3954 2868 καὶ

2398 2927 2710 2990 δικάζεσθαι
2740 2926 2835 2977 ἐὰν
2866 2926 3008 2992 φανῇ
3051 2923 3125 2991 μὴ
3162 2920 3222 2985 ἐξ
3265 2915 3467 2970 οἰκείου
3517 2912 3961 2980 θελήματοςκα-

2397 3019 2779 3087 ταφρονῆσαι,
2836 3012 2977 3066 ὥστε
3035 3011 3109 3079 μνη
3165 3006 3566 3077 ἐμπροθέσμως
3623 2996 3957 3063 ἀπαντῆσαι,

2318 3115 2362 3173 C
2394 3110 2530 3162 ἀλλά
2565 3110 2640 3177 μὴ
2688 3105 2982 3174 δυνηθῆναι
3012 3101 3071 3166 ἐξ
3102 3100 3279 3160 αἰτίας
3309 3096 3528 3162 εὐλόγου
3562 3092 3655 3144 καὶ
3712 3093 3959 3157 ἀπαραι-

2389 3200 2573 3268 τήτου.
2613 3196 2792 3248 Ἔστω
2842 3194 2921 3256 δὲ,
2950 3192 3104 3261 φησὶ,
3144 3188 3299 3257 δῆλον
3330 3186 3413 3239 ὄτι
3460 3185 3580 3236 τότε
3633 3179 3957 3248 δεχθήσεται

2390 3291 2418 3341 6
2454 3291 2756 3357 κατήγορος
2784 3285 2877 3337 τοῦ
2907 3283 3229 3343 ἐπισκόπου,
3254 3279 3349 3330 ἐὰν
3381 3276 3454 3345 μὴ
3484 3274 3856 3341 διαϐέϐληται.
3888 3269 3953 3319 Εί

2390 3383 2498 3449 γὰρ
2526 3378 2951 3444 διαϐεϐλημένος
2980 3374 3087 3441 εἴη,
3119 3372 3150 3441 ἢ
3176 3368 3475 3437 ἀμφίϐολός
3507 3368 3654 3418 ἐστιν
3687 3365 3720 3433 ἠ
3746 3360 3953 3428 ὑπόλη-

2391 3474 2483 3543 ψις
2507 3472 2690 3537 αὐτοῦ,
2740 3468 3103 3537 ἁπρόσδεκτος
3136 3465 3310 3525 ἐσται,
3342 3462 3389 3512 εί
3422 3460 3496 3529 μὴ
3528 3458 3735 3510 οίκείαν
3763 3452 3955 3556 προτί-

2395 3567 2551 3635 θησιν
2584 3563 2838 3614 ὑπόθεσιν
2888 3557 3032 3609 κατά
3063 3554 3157 3606 τοῦ
3213 3550 3542 3613 ἐπισκόπου,
3600 3550 3955 3635 χρηματικην

2392 3634 2629 3725 δηλαδὴ,
2685 3652 2745 3703 ού
2779 3650 2959 3719 μέντοι
3002 3640 3474 3712 ἐκκλησιαστικην,
3534 3636 3812 3688 τουτέστιν
3873 3634 3954 3692 εἰς

2388 3747 2659 3798 ἔκπτωσιν
2684 3742 2781 3810 τῆς
2811 3738 3113 3804 ἐπισκοπῆς
3152 3729 3616 3793 καταδικάζουσαν
3671 3725 3760 3778 τὸν
3790 3739 3961 3790 κατηο

2385 3838 2739 3905 γορούμενον.
2786 3832 2919 3898 Περὶ
2980 3826 3172 3878 τούτου
3214 3824 3270 3875 δὲ
3326 3821 3476 3873 καὶὸ
3522 3815 3577 3881 ς’
3628 3814 3815 3905 κανὼν
3855 3813 3955 3905 τῆς

2384 3901 2637 3996 δευτέρας
2664 3920 3046 3990 οὶκουμενικῆς
3072 3915 3285 3967 συνόδου
3331 3912 3699 3970 διατάττεται,
3733 3901 3951 3996 καὶνζη-

2386 3993 2578 4087 τητέον
2602 4016 2669 4066 τά
2699 4014 2813 4064 ἐκεῖ
2841 4008 3219 4078 γεγραμμένα.
3242 4003 3298 4056 Ὀ
3321 4003 3376 4055 δὲ
3406 3998 3473 4054 οδ⁹
3500 3999 3608 4052 τῶν
3640 3993 3955 4087 ἀποστόλων

2392 4086 2571 4161 κανὼν
2608 4105 2696 4156 τὸν
2731 4102 3023 4155 ἐπίσκοπον
3059 4093 3509 4166 κατηγορηθέντα
3538 4086 3823 4158 τρισσάκις
3857 4100 3956 4136 κα-

2393 4196 2601 4248 λεῖσθαι
2655 4190 2884 4253 κελεύει,
2928 4189 3021 4240 καὶ
3067 4189 3115 4239 εί
3166 4186 3240 4256 μὴ
3304 4182 3627 4250 ἀπαντήσει,
3680 4177 3799 4229 τότε
3826 4174 3957 4237 τοὺς

2398 4287 2725 4343 ἐπισκόπους
2761 4275 3093 4347 ψηφίζεσθαι
3132 4274 3249 4327 κατ’
3276 4270 3464 4326 αὐτοῦ.

728 4417 895 4474 apost.
944 4422 1061 4459 can.
1112 4416 1422 4459 accusatum
1457 4405 1763 4474 episwpum
1812 4418 1889 4459 ter
1946 4408 2139 4471 citari;
2192 4422 2275 4472 ac,
2318 4407 2417 4460 nisi
2453 4403 2677 4470 denique
2708 4397 2869 4464 injus
2888 4405 2995 4455 et“.
3037 4393 3261 4444 aliorum
3327 4389 3697 4455 θίθῖδεοροτιηη
3758 4382 3953 4438 δυσίν

728 4500 812 4568 gio
852 4497 1190 4551 condemnari
1214 4498 1384 4571 jubet.

725 4595 947 4650 AltlST.
983 4612 999 4643 ι
1042 4569 1339 4659 EpiscOpus
1382 4599 1663 4673 actusatus
1694 4569 1745 4642 ct
1787 4590 1837 4641 in
1878 4588 2140 4657 judicium
2184 4589 2285 4642 du-
2324 4598 2366 4651 Ι)

2359 4608 2366 4643 ι
2402 4607 2419 4638 ι
2454 4584 2673 4639 ΑΡΙΣΤ.
2715 4581 3197 4649 Κατηγοροὺμενος
3239 4577 3537 4635 ἐπίσκοπος
3570 4576 3662 4626 καὶ
3692 4576 3958 4645 ἀγόμενος

802 4706 818 4735 ι
851 4696 987 4749 (tus.
1016 4686 1237 4737 duorum
1274 4682 1537 4735 mensium
1569 4682 1797 4749 spatium
1832 4680 2023 4732 habeat
2054 4695 2069 4742 ;
2097 4680 2139 4732 si
2167 4681 2284 4747 qui-

800 4794 816 4824 ι
852 4778 968 4827 dem
1003 4788 1066 4825 ex
1110 4773 1275 4824 altera
1325 4783 1475 4838 parte
1511 4770 1712 4821 tardius
1756 4770 1933 4821 veniat
1981 4769 2236 4821 auxilium
2271 4786 2283 4821 :

802 4887 815 4914 ι
856 4874 1036 4931 postea
1069 4872 1246 4915 autem
1279 4858 1858 4923 excommunicabitur,
1886 4858 1927 4911 si
1957 4872 2059 4911 non
2096 4872 2287 4911 occur-

801 4975 816 5005 ι
862 4956 1012 5009 reiit.
1047 4954 1100 5021 Si
1145 4963 1346 5015 autem,
1383 4950 1656 5020 jprazscnte
1691 4959 1961 5012 accusato,
2008 4959 2288 5003 accusator

800 5064 817 5097 ι
864 5045 1137 5113 aufugiat,
1186 5046 1560 5096 communione
1617 5041 1932 5107 privabitur.
1990 5039 2284 5093 Accusator

806 5156 821 5185 ι
863 5144 1037 5189 autem
1071 5133 1285 5185 infamia
1320 5133 1587 5193 laborans,
1636 5140 1851 5183 nonest
1902 5140 2205 5183 accusator.
2255 5148 2272 5178 ι

793 5226 1083 5295 Episcopus
1132 5239 1158 5277 a
1196 5224 1445 5291 quopiam
1511 5232 1813 5282 accusatus,
1864 5234 1895 5272 a
1947 5218 2151 5288 synodo
2195 5222 2278 5271 cui

721 5318 983 5383 subjacet,
1034 5329 1126 5379 per
1178 5313 1384 5365 litteras
1431 5311 1494 5364 ad
1546 5325 1605 5364 se
1655 5309 2044 5363 defendendum
2104 5310 2283 5363 venire

721 5416 991 5461 evocetur.
1017 5406 1070 5460 Si
1120 5413 1318 5465 autem,
1352 5414 1631 5471 postquam
1669 5400 1875 5454 litteras
1900 5399 2194 5468 acceperit,
2224 5413 2282 5453 se

717 5500 917 5567 judicio
963 5514 1064 5549 nou
1118 5494 1330 5556 stiterit,
1386 5507 1557 5558 usque
1633 5493 1698 5544 ad
1747 5506 1908 5544 unum
1958 5490 2279 5557 completum

725 5604 983 5651 mensem,
1019 5604 1044 5639 a
1077 5586 1398 5640 nece-sanis
1423 5585 1742 5649 quibusdam
1772 5583 2058 5650 impeditus
2080 5583 2279 5644 causis,

725 5686 789 5734 ad
828 5680 1134 5732 dilationem
1171 5680 1360 5731 habeat
1392 5688 1443 5730 ct
1480 5676 1699 5729 alterius
1732 5676 1888 5728 unius
1920 5675 2118 5728 mensis
2156 5688 2284 5727 (ξοη-

2457 4696 2474 4726 ι
2514 4677 2683 4743 ἐχέτω
2711 4672 2821 4723 δύο
2882 4670 3066 4738 μηνῶν
3100 4668 3319 4729 ἔνδοσιν,
3354 4666 3512 4732 εἴπερ
3543 4664 3807 4733 ἐτέρωθέν
3839 4668 3957 4718 ἐστι

2461 4785 2477 4815 ι
2517 4767 2614 4833 τῆς
2644 4764 2971 4832 βραδυτῆτος
3002 4757 3221 4826 βοήθεια
3247 4774 3260 4787 ·
3314 4757 3438 4824 ἐξῆς
3475 4755 3529 4806 δέ
3564 4756 3622 4805 τὸ
3661 4754 3961 4824 ἀκοινώνη-

2461 4875 2477 4905 ι
2519 4874 2609 4907 τον
2641 4855 2772 4917 ἔξει,
2816 4853 2889 4920 μὴ
2920 4851 3256 4917 ὑπαντήσας.
3297 4847 3420 4899 Ἐἀν
3476 4846 3532 4898 δὲ
3561 4847 3957 4913 παρουσιιπονο

2464 4967 2479 4997 ι
2519 4965 2605 5009 τος
2637 4945 2729 4998 τοῦ
2767 4941 3267 5011 κατηγορουμένου,
3319 4942 3346 4991 6
3381 4939 3684 5008 κατήγορος
3715 4937 3961 5005 ἀπορεύ-
4034 4994 4037 4995 ν

2464 5057 2481 5087 ι
2514 5052 2605 5106 γῃ,
2640 5036 2747 5098 ἔξει
2778 5034 2838 5084 τὸ
2888 5032 3248 5098 ἀκοινώνητον
3269 5042 3284 5057 ο
3326 5028 3749 5096 διαϐαλλόμενος
3773 5028 3828 5079 δέ
3857 5044 3959 5080 κα-

2466 5148 2481 5177 ι
2520 5127 2747 5194 τήγορος
2775 5122 2835 5173 οὐ
2865 5124 3181 5188 κατήγορος.
3232 5138 3249 5168 ι

2473 5218 2794 5273 Ἐπίσκοπος
2823 5212 2927 5263 ὑπό
2958 5227 3099 5271 τινος
3144 5208 3638 5277 κατηγορούμενος,
3686 5207 3836 5276 παρά
3884 5214 3952 5278 τῇ

2390 5309 2610 5378 συνόδῳ,
2698 5307 2996 5368 ὑπόκειται,
3032 5303 3119 5355 διὰ
3169 5303 3512 5372 γραμμάτων
3539 5302 3956 5371 προσκαλείσθω

2391 5402 2525 5470 προς
2575 5396 2868 5463 ἀπολογίαν
2919 5394 3089 5447 ἐλθεῖν
3115 5408 3129 5423 ·
3168 5396 3215 5444 εί
3240 5392 3317 5452 δέ,
3358 5393 3492 5460 μεθὸ
3525 5393 3594 5443 τὰ
3650 5393 3955 5461 γράμματα

2389 5488 2743 5551 ὃέξεται,οὺκ
2774 5485 3077 5552 ἀπαντήσει
3115 5485 3196 5543 είς
3248 5480 3307 5532 τὸ
3354 5481 3703 5550 δικαστήριον
3760 5484 3956 5550 μέχρις

2390 5582 2510 5633 ὅλου
2550 5579 2711 5648 μηνὸς
2748 5579 2885 5640 ἐνὸς,
2928 5575 3188 5636 κωλυοεῖς
3226 5576 3350 5635 ἴσως
3381 5574 3484 5626 ὑπό
3523 5591 3684 5625 τινων
3714 5574 3958 5640 ἀναγκα-

2393 5671 2592 5723 στικὼν
2641 5671 2849 5730 αἰτιῶν,
2895 5669 3062 5729 ἐχέτω
3091 5667 3168 5720 είς
3200 5666 3489 5727 ὑπέρθεσιν
3523 5667 3609 5717 καὶ
3640 5665 3825 5731 ἐτέρου
3851 5682 3955 5734 μη-
