4214 6438
220 395 323 462 113

1195 405 1272 461 IN
1312 402 1478 463 CAN.
1519 402 1722 463 XXIII
1760 400 1972 461 CONC.
2014 402 2091 461 IN
2128 397 2501 459 CARTIIAG.

3356 389 3454 454 1I6

213 507 304 567 νος
342 507 462 567 ἐνδς
486 506 822 577 προθεσμίαν
843 526 855 539 ·
882 509 928 561 εί
948 507 1003 561 δέ
1039 508 1129 561 καὶ
1160 512 1186 562 6
1215 510 1464 580 δεύτερος
1495 510 1601 579 μὴν
1648 526 1784 578 παρ-
1814 516 1855 567 Α

1814 516 1855 567 Α
1884 510 2239 562 stitulionem.
2270 506 2324 560 Si
2371 516 2547 557 autem
2576 514 2627 556 ct
2677 504 2946 556 secundus
2996 502 3193 553 Irmtt'a
3240 503 3456 569 elapsus

218 599 364 651 ἔλθοι
387 601 659 671 διακενῆς,
692 605 785 655 καὶ¹
814 604 890 663 είς
922 604 979 654 τὸ
1004 603 1353 671 δικαστήριον
1394 603 1453 655 ού
1481 602 1781 669 παρουσιά-

220 707 325 753 att,
352 694 730 761 ἀφωρισμένος
755 695 917 757 ἔστω,
953 695 1145 765 μέχρις
1184 696 1248 748 ἂν
1298 694 1587 754 ἀνεύθυνος
1618 699 1779 764 φανῇ.

233 779 365 834 Ἐάν
386 782 441 835 δι
467 784 779 837 τούναντίον
808 786 836 836 6
860 785 957 850 μὲν
996 786 1470 855 κατηγορούμενος
1488 787 1783 846 ἐπίσκοπος

224 872 486 941 πάρεστι,
520 874 613 927 καὶ
641 874 741 941 τὴν
764 875 1105 938 ἐπεξέλευσιν
1135 876 1232 944 τῆς
1273 877 1393 930 κατ’
1426 877 1590 930 αὐτοῦ
1623 894 1788 943 κατη-

225 965 420 1032 γορίας
462 964 713 1030 γενέσθαι
756 965 987 1036 ἐπιζητῇ
1048 969 1076 1020 6
1105 968 1161 1020 δέ
1209 968 1512 1037 κατήγορος
1556 967 1788 1035 οὐδαμοῦ

229 1054 493 1119 φαίνηται
519 1093 534 1114 ,
582 1054 715 1107 ἀλλὰ
743 1058 1052 1126 άποφιύγῃ.
1078 1058 1240 1119 αύτὸς
1270 1059 1379 1122 ἔξει
1410 1058 1470 1110 τὸ
1499 1057 1795 1125 ἀκοινώνη-

228 1159 322 1194 τον
356 1147 383 1197 6
413 1147 737 1213 κατήγορος.
766 1148 863 1198 Διὰ
883 1147 1038 1199 τοῦτο
1064 1151 1191 1215 γοῦν
1217 1143 1518 1216 ὀφείλουσιν
1546 1151 1593 1201 οί
1625 1165 1795 1213 κατη-

230 1235 528 1303 γοροῦντες
562 1236 935 1299 ἐξετάζεσθαι,
969 1241 1061 1292 καὶ
1098 1240 1197 1309 τὴν
1226 1240 1543 1308 θρησκείαν,
1580 1242 1671 1289 καὶ
1700 1241 1798 1306 τὴν

234 1326 513 1394 ὑπόληψιν
532 1341 547 1355 ·
586 1328 676 1379 καὶ
700 1328 794 1381 ἐάν
822 1329 1231 1398 διαθεσλημένοι
1262 1331 1419 1391 εἰσὶν,
1458 1331 1537 1390 είς
1567 1345 1800 1395 κατηγο-

240 1414 366 1483 ρίαν
395 1416 844 1484 ἐκκλησιαστικοῦ
875 1420 1194 1487 πράγματος
1221 1422 1282 1473 οὗ
1318 1420 1724 1491 παραδέχονται.

840 1532 1079 1586 ΚΑΝΩΝ
1115 1534 1238 1587 ΚΓ.

246 1658 263 1686 ι
320 1640 448 1691 Ἐὰν
473 1640 526 1693 δέ
581 1643 939 1713 πρεσϐύτεροι
983 1645 1014 1713 ἤ
1053 1646 1286 1701 διάκονοι
1336 1647 1805 1717 κατηγορηθῶσιν.

322 1750 340 1779 ι
378 1732 891 1800 προσζευγνυμένου
925 1735 1017 1787 τοῦ
1050 1737 1278 1804 νομίμου
1322 1736 1556 1805 ἀριθμοῦ
1586 1736 1695 1787 τῶν
1749 1738 1811 1787 ἐκ

319 1838 339 1867 ο
380 1820 476 1888 τῆς
516 1819 917 1891 πλησιαζούσης
972 1822 1293 1884 τοποθεσίας
1345 1824 1637 1893 αἰρετικῶν
1691 1826 1809 1875 ἐπι·
1842 1847 1887 1905 Β

326 1930 347 1959 ο
388 1912 604 1962 σκόπων
632 1953 647 1974 ,
710 1912 802 1975 οὓς
850 1912 897 1963 οί
962 1913 1424 1982 κατηγορούμενοι
1471 1917 1807 1981 αἰτήσονται,

328 2018 346 2047 ι
388 1998 534 2051 τοῦτ’
556 1999 701 2053 ἐστιν
724 2002 810 2053 ἐπ’
841 2003 1062 2069 ὀνόματι
1086 2004 1178 2055 τοῦ
1218 2006 1585 2072 πρεσϐυτέρου
1616 2004 1693 2067 ἐξ,
1721 2006 1814 2056 καὶ

330 2108 347 2132 ο
388 2088 481 2139 τοῦ
514 2088 760 2142 διακόνου
784 2091 948 2157 τριῶν
970 2108 981 2120 ·
1040 2093 1135 2143 σὺν
1179 2092 1389 2154 τούτοις
1440 2092 1600 2152 αὐτὸς
1633 2090 1660 2143 6
1688 2091 1815 2153 ίδιος

330 2199 350 2229 ο
388 2181 495 2232 τῶν
534 2182 1023 2251 κατηγορουμένων
1060 2184 1357 2243 ἐπίσκοπος
1385 2183 1481 2240 τὰς
1512 2183 1693 2240 αίτίας
1719 2184 1819 2234 αύ-

337 2291 355 2319 ι
390 2272 499 2323 τῶν
532 2272 797 2337 ἐξετάσει,
821 2273 911 2326 τοῦ
944 2274 1107 2326 αὑτοῦ
1134 2274 1241 2325 τῶν
1265 2273 1485 2343 ἡμερῶν
1536 2276 1628 2326 καὶ
1652 2274 1821 2341 ὑπερ-

336 2382 354 2409 ι
398 2364 595 2414 θέσεων
654 2364 750 2415 καὶ
804 2364 1099 2427 ἐξετάσεων
1138 2366 1230 2417 καὶ
1263 2372 1569 2433 προσώπων
1621 2363 1820 2433 μεταξῦ

336 2472 356 2504 ι
394 2455 503 2506 τῶν
532 2456 979 2523 κατηγορούντων
1035 2458 1128 2509 καὶ
1161 2455 1655 2523 κατηγορουμένων
1703 2455 1823 2525 τρό-

343 2566 362 2595 ι
405 2565 505 2599 που
549 2548 978 2615 φυλαττομένου.
1041 2549 1160 2600 Τῶν
1210 2548 1266 2599 δέ
1301 2547 1504 2599 λοιπῶν
1551 2548 1826 2617 κληρικῶν

340 2658 360 2689 ι
397 2640 495 2702 τὰς
524 2640 699 2700 αἰτίας
726 2640 818 2697 καὶ
850 2640 1007 2707 μόνος
1050 2642 1077 2691 6
1103 2638 1344 2701 ἐντόπιος
1378 2640 1672 2700 ἐπίσκοπος
1709 2640 1825 2691 δια-

346 2749 364 2779 (
404 2730 517 2797 γνῷ
543 2731 636 2782 καὶ
664 2729 992 2797 περατώσει.
1020 2750 1037 2781 ι

338 2843 541 2897 ΒΑΛΣ.
563 2845 667 2895 Καὶ
698 2842 853 2906 οὗτος
875 2848 901 2897 6
928 2845 1128 2905 κανὼν.
1154 2825 1465 2915 παρομοίως
1497 2847 1574 2915 τῷ
1608 2848 1711 2915 πρὸ
1736 2847 1832 2899 αύ-

262 2933 579 3001 τοῦ,ἧγουν
634 2935 777 2987 κατὰ
822 2936 917 2995 τὰς
971 2936 1137 2997 αὐτὰς
1195 2937 1507 3000 διαστῖξεις,
1541 2937 1833 3003 διορίζεται

265 3025 587 3087 δικάζεσθαι
641 3028 735 3079 καὶ
767 3026 886 3087 τοὺς
914 3027 1315 3094 πρεσϐυτέρους
1350 3029 1441 3080 καὶ
1484 3028 1608 3087 τοὺς
1658 3027 1834 3078 διακό-

270 3132 419 3177 νους.
448 3117 554 3168 Τοῦ
578 3117 633 3170 δὲ
670 3116 740 3170 ια’
792 3120 1012 3181 κανόνος
1041 3119 1410 3187 διοριζομένου
1470 3117 1617 3185 παρὰ
1649 3119 1834 3174 πόσοις

1892 597 2069 655 fuerit.
2090 608 2142 650 et
2159 598 2362 664 judicio
2386 613 2443 651 se
2463 612 2565 649 non
2600 596 2815 654 stiterit,
2840 603 3153 660 segregatus
3172 593 3262 652 sit,
3288 608 3459 659 usque

1894 692 2016 741 dum
2068 692 2323 743 innocens
2382 688 2710 756 apparuerit.
2772 687 2827 739 Si
2893 696 3070 738 autem
3113 700 3143 737 ο
3188 687 3461 737 contrario

1894 782 2173 847 epis-ceptus
2193 792 2475 833 accusatus
2506 778 2759 841 adfuerit,
2782 787 2836 831 et
2867 776 3233 829 accusatiOnis
3265 786 3454 828 contra

1898 886 1955 923 se
1984 870 2101 923 lata!
2139 870 2338 922 exitum
2378 870 2705 937 quzesiverit,
2740 878 3020 922 accusator
3055 878 3231 919 autem
3264 880 3462 933 nequa-

1898 976 2059 1029 quam
2090 962 2473 1029 appareat,sed
2507 959 2765 1028 aufugiat.
2800 960 2911 1026 ipse
2938 970 3219 1013 accusator
3248 972 3466 1011 excom-

1905 1052 2250 1105 municationi
2290 1052 2627 1119 subjicietur.
2657 1051 2859 1105 Idcirco
2899 1052 3080 1117 itaque
3129 1058 3471 1101 ﬂPCIIaEIOTCS

1905 1142 2197 1195 examinari
2241 1143 2434 1196 debent
2472 1151 2524 1195 et
2555 1142 2727 1207 quoad
2772 1141 3024 1207 pietatem
3060 1151 3113 1193 et
3150 1142 3326 1206 quoad
3356 1138 3475 1203 opi-

1908 1236 2151 1293 nionem;
2194 1246 2246 1287 et
2286 1236 2329 1286 si
2378 1237 2531 1303 ejeeti
2588 1234 2716 1295 sint,
2749 1235 2813 1285 ad
2865 1233 3222 1287 ecclesiastici
3275 1230 3474 1299 negotii

1910 1328 2305 1377 accusationem
2348 1341 2448 1378 non
2481 1327 2835 1378 admittuntur

2370 1533 2530 1602 546
2559 1530 2784 1584 CANON
2814 1528 3000 1582 XXIII.

1924 1666 1941 1696 ι
1983 1647 2038 1699 Si
2077 1648 2371 1715 presbyteri
2413 1658 2588 1697 autem
2624 1646 2704 1695 vel
2745 1645 2954 1695 diaconi
2987 1642 3224 1695 accusati
3262 1641 3485 1694 fuerint.

1992 1758 2009 1787 ι
2049 1738 2304 1805 adjuncto
2340 1738 2576 1805 legitimo
2617 1751 2840 1787 numero
2879 1734 3241 1787 electitiorum
3272 1734 3484 1797 cpisco-

1993 1850 2011 1879 ι
2068 1845 2254 1896 porum
2293 1845 2355 1881 ex
2405 1828 2723 1896 pmpinitnis
2770 1826 3101 1893 regionibus,
3139 1838 3275 1889 quos
3309 1823 3365 1882 ii,
3398 1823 3485 1888 qui

1988 1942 2003 1970 ι
2041 1902 2381 1983 accusantur,
2412 1901 2718 1985 peiiveriut,
2753 1920 2801 1968 id
2839 1928 2941 1977 est,
2984 1918 3034 1966 in
3081 1917 3336 1967 dilatione
3392 1928 3487 1966 no-

1989 2033 2004 2061 ι
2049 2014 2206 2065 minis
2258 2011 2553 2079 presbyteri
2610 2025 2727 2065 sex.
2768 2020 2819 2061 et
2851 2008 3059 2060 diaconi
3109 2007 3283 2057 tribus
3320 2021 3333 2055 :
3365 2018 3487 2056 cum

1994 2122 2010 2152 ι
2055 2104 2139 2157 his
2184 2105 2432 2171 proprius
2494 2111 2867 2153 accusatorum
2946 2098 3234 2162 episcopus
3303 2108 3489 2144 eorum

1992 2216 2007 2245 ι
2040 2212 2229 2249 causas
2258 2194 2608 2253 examinabit,
2646 2192 2830 2243 eadem
2861 2189 3064 2240 dierum
3094 2197 3145 2238 et
3176 2186 3491 2236 dilationum

2011 2306 2026 2336 ι
2069 2295 2122 2340 et
2144 2285 2602 2339 examinationum
2635 2291 2685 2334 et
2717 2294 3095 2345 personarum,
3152 2286 3497 2330 accnsaIOres

1997 2399 2014 2430 ι
2056 2380 2194 2430 inter
2228 2387 2282 2430 et
2347 2391 2440 2430 eos
2491 2377 2581 2442 qui
2641 2380 2986 2431 accusantur,
3032 2370 3203 2421 forma
3258 2377 3491 2419 servata.

1999 2493 2014 2521 ι
2053 2473 2405 2537 Reliquorum
2446 2478 2622 2521 autem
2658 2466 2976 2519 clericorum
3007 2477 3201 2515 causas
3234 2460 3314 2512 vel
3348 2458 3497 2513 solus

2000 2584 2015 2615 ι
2054 2564 2337 2633 cpisc0pus
2374 2561 2471 2614 loci
2506 2568 2762 2628 agnoscat
2791 2565 2842 2607 et
2873 2554 3041 2607 Iiniet.
3085 2579 3101 2601 ι

1995 2851 2184 2905 B\LS.
2228 2850 2324 2902 Ilic
2360 2863 2573 2915 quoque
2626 2859 2819 2904 canon,
2874 2842 3127 2896 similiter
3186 2855 3248 2891 ac
3302 2849 3500 2904 pucea-

1933 2944 2085 3003 tlens,
2146 2937 2397 2991 videlicet
2451 2934 2747 2989 secumlum
2816 2931 3034 2983 easdem
3103 2928 3502 2983 distinctiones,

1936 3032 2120 3084 statuit
2152 3040 2205 3081 ut
2236 3029 2546 3097 judicentur
2594 3037 2647 3078 et
2693 3022 2990 3093 presbyteri
3026 3030 3078 3074 ct
3105 3018 3339 3072 diaconi.
3374 3017 3508 3070 Cum

1938 3132 2112 3174 autem
2142 3119 2457 3171 undecimus
2499 3132 2673 3168 canon
2721 3115 2959 3173 definiat,
2999 3128 3027 3165 a
3059 3122 3189 3178 quot
3242 3107 3513 3174 episcopis

270 3207 595 3267 ἐπισκόποις
646 3207 916 3275 ὀφείλουσι
964 3209 1279 3272 δικάζεσθαι
1337 3210 1385 3261 οἱ
1435 3209 1740 3264 ἐπίσκοποι.
1783 3210 1831 3259 οί
1862 3201 1903 3257 C

1862 3201 1903 3257 ε
1943 3213 2170 3265 debeant
2221 3208 2449 3278 jndicari
2499 3207 2757 3271 episcopi,
2814 3203 3111 3272 presbyteri
3162 3210 3215 3253 et
3273 3199 3510 3258 diaconi,

272 3298 634 3365 πρεσϐύτεροι
686 3300 781 3350 καὶ
810 3301 859 3350 οί
903 3300 1159 3361 διάκονοι,
1194 3300 1316 3367 ἄρτι
1366 3300 1834 3367 παρακελεύονται

271 3390 319 3439 οἱ
366 3389 631 3454 Πατέρες,
666 3389 923 3441 ἐπέκεινα
958 3389 1054 3456 τῆς
1086 3390 1380 3451 δωδεκάδος
1409 3390 1508 3456 τῆς
1538 3389 1720 3451 ἑξάδος
1745 3389 1837 3439 καὶ

272 3479 376 3544 τῆς
408 3479 627 3545 τριάδος
658 3477 799 3532 εἶναι
829 3481 920 3533 τὸν
963 3481 1275 3550 πρόσῳορον
1321 3480 1583 3551 ἐγχώριον
1615 3481 1837 3532 ἑπίσκου

273 3589 379 3623 πον
400 3590 412 3602 ·
445 3575 572 3635 τοὺς
597 3574 653 3625 δὲ
682 3580 827 3642 παρὰ
862 3574 1104 3637 τούτους,
1138 3576 1303 3643 ἤγουν
1335 3567 1458 3636 τοὺς
1491 3574 1843 3641 ἀναγνώστας

276 3663 373 3714 καὶ
405 3662 531 3722 τοὺς
553 3662 794 3723 λοιποὺς,
831 3662 981 3729 παρὰ
1029 3664 1146 3725 ἐνὸς
1183 3667 1274 3715 καὶ
1310 3664 1472 3730 μόνου
1525 3663 1618 3713 τοῦ
1672 3680 1843 3729 προσ-

278 3755 447 3822 φόρου
472 3754 769 3805 ἐπισκόπου
798 3754 1135 3815 δικάζεσθαι.
1189 3754 1469 3821 Αίρετικοὶ
1503 3753 1560 3804 δέ
1591 3753 1842 3818 λέγονται

278 3846 569 3899 ἐπίσκοποι
594 3846 713 3913 οὐχὶ
757 3846 801 3895 oi
845 3846 1221 3914 περιεχόμενοι
1274 3848 1329 3897 ἐν
1376 3846 1454 3910 τῷ
1490 3845 1533 3914 β’
1560 3842 1725 3911 τίτλῳ
1753 3840 1844 3893 τοῦ

279 3937 322 3999 ζ’
355 3934 563 4003 βιϐλίου
598 3936 704 3987 τῶν
727 3935 1050 3993 Βασιλικῶν.
1106 3937 1150 3988 οξ
1188 3937 1324 4001 μετὰ
1375 3936 1570 3996 δόσεως
1622 3933 1843 3999 προστί-

1935 3316 2079 3353 nnnc
2108 3303 2296 3368 jubent
2344 3298 2554 3358 Patres,
2583 3307 2641 3349 ut
2675 3297 2814 3348 ultra
2848 3294 3127 3346 duodecim
3161 3306 3252 3343 sex
3278 3301 3330 3343 et
3382 3300 3512 3347 tres,

1938 3394 2003 3443 sit
2022 3406 2231 3459 quoque
2251 3389 2347 3442 loci
2367 3388 2822 3456 episc0pusju'lex
2848 3396 3190 3452 competens;
3214 3382 3305 3451 qui
3335 3391 3513 3433 autem

1941 3493 2065 3537 sunt
2104 3492 2297 3551 prmter
2320 3496 2435 3541 eos.
2472 3482 2700 3535 lectores
2746 3479 2955 3532 scilicet
2982 3489 3035 3530 et
3066 3476 3283 3543 reliqui,
3316 3476 3381 3527 aii
3410 3490 3514 3525 uno

1946 3573 2061 3626 solo
2087 3571 2411 3638 competenti
2436 3570 2686 3637 episcopo
2708 3566 3040 3635 iudicentur.
3076 3564 3303 3615 Electitii
3331 3574 3512 3615 autem

1943 3661 2197 3712 dicuntur
2232 3659 2494 3727 episcolii,
2549 3672 2651 3708 non
2697 3655 2785 3722 qui
2823 3655 2873 3705 iu
2912 3655 3150 3705 secundo
3186 3654 3267 3707 tit.
3296 3653 3387 3706 lib.
3445 3667 3519 3702 vu

1943 3749 2296 3802 Basilicarum
2324 3748 2687 3807 continentur,
2716 3745 2804 3813 qui
2832 3746 3040 3798 scilicet
3071 3758 3191 3796 cum
3221 3758 3393 3810 pmum
3428 3743 3521 3793 da-

1946 3844 2094 3897 timte
2122 3842 2396 3911 iudicant;
2430 3842 2519 3895 sed
2543 3854 2677 3908 quos
2708 3840 2865 3906 eliget
2898 3840 2941 3890 is
2977 3838 3068 3906 qui
3104 3846 3416 3892 accusatur.
3451 3850 3514 3885 es

1951 3934 2296 3986 ﬁnitimarum
2340 3934 2618 3999 regionum
2645 3932 2932 3998 episeopis.

282 4051 385 4099 μου
415 4032 931 4097 δικάζοντες,ἀλλά
1005 4031 1097 4095 οὒς
1154 4032 1514 4102 αίρετίσεται,
1573 4032 1741 4100 ἤγουν
1812 4029 2141 4093 ἐπιλέξεται,
2202 4030 2230 4080 6
2305 4028 2781 4097 κατηγορούμενος
2844 4028 2905 4078 ἐκ
2963 4025 3069 4077 τῶν
3122 4022 3515 4092 πλησιοχώρων

278 4128 613 4182 ἐπισκόπων.

350 4238 595 4291 ΖΩΝΑΡ.
652 4236 714 4289 Ὀ
741 4237 839 4305 μὲν
878 4236 1133 4304 ἀνωτέρω
1161 4234 1341 4288 κανὼν
1373 4235 1498 4302 περὶ
1527 4235 1846 4287 ἐπισκόπων

277 4330 564 4394 διετάξατο
598 4329 1123 4400 κατηγορουμένων·
1157 4320 1313 4389 οὗτος
1359 4326 1414 4379 δὲ
1452 4327 1578 4395 περὶ⁸
1610 4326 1847 4396 πρεσϐυ-

277 4424 455 4490 τέρων
486 4423 579 4474 καὶ
612 4423 873 4474 διακόνων
920 4422 1129 4488 ὁρίζει,
1182 4420 1276 4472 καί
1322 4436 1507 4487 φησιν,
1547 4418 1673 4471 Ἐὰν
1718 4435 1843 4488 πρε-

2027 4232 2273 4287 ZONAR.
2315 4232 2589 4300 Snperiori
2630 4233 2844 4299 quidem
2889 4232 2954 4284 de
2988 4233 3272 4299 episcopis,
3304 4248 3391 4299 qm
3438 4249 3526 4283 ac-

1958 4333 2251 4383 cusantur;
2298 4322 2400 4374 hoc
2426 4337 2553 4374 vero
2590 4337 2795 4374 canone
2841 4324 2904 4373 de
2948 4321 3275 4387 presbyteris
3319 4331 3372 4372 et
3411 4322 3527 4371 dia-

1956 4414 2108 4467 eonis
2139 4413 2415 4465 deﬁnitum
2446 4432 2459 4466 :
2498 4413 2583 4475 Et,
2630 4412 2675 4465 si
2710 4412 2851 4478 quis,
2881 4411 3076 4475 inquit,
3127 4412 3403 4480 presbyter
3437 4424 3523 4464 aut

280 4514 543 4577 σόύτερος
574 4513 604 4581 ἢ
638 4513 882 4573 διάκονος
912 4512 1346 4580 κατηγορῶνται,
1381 4513 1408 4562 6
1437 4509 1731 4571 ἐπίσκοπος
1753 4509 1847 4560 αὑ·
1882 4494 1923 4549 D

1882 4494 1923 4549 D
1958 4505 2216 4556 diaconus
2251 4504 2301 4555 in
2343 4503 2603 4570 judicium
2636 4512 2853 4555 vocetur
2886 4501 2952 4553 ab
3011 4500 3254 4568 ipsorum
3316 4503 3522 4570 cpisco-

275 4606 414 4667 τῶν,
450 4603 857 4673 συνερχομένων
901 4602 1049 4669 αύτῷ
1077 4603 1168 4653 καὶ
1204 4602 1407 4669 ἐτέρων
1435 4601 1748 4653 ἐπισκόπων
1787 4601 1850 4651 ἐκ

280 4696 383 4762 τῆς
422 4693 590 4760 αὐτῆς
611 4694 893 4763 ἐπαρχίας,
927 4692 986 4755 ἐξ
1010 4692 1106 4759 μέν
1136 4692 1227 4744 ἐπὶ
1257 4691 1663 4760 πρεσσυτέρων,
1683 4691 1852 4759 τριῶν

280 4786 339 4838 δὲ
381 4786 472 4837 ἐπὶ
502 4785 785 4845 διακόνων,
845 4783 1089 4848 ἐξετάσει
1136 4781 1234 4850 τὴν
1291 4781 1649 4851 κατηγορίαν.
1684 4783 1747 4833 Οἱ
1798 4780 1853 4832 δέ

281 4875 575 4927 ἐπίσκοποι
620 4868 730 4925 εἶεν
757 4872 844 4931 ἂν,
898 4872 991 4934 οὓς
1022 4872 1385 4940 αίρετίσονται
1420 4872 1469 4923 οἱ
1519 4871 1853 4941 κατηγορού-

285 4980 480 5035 μενοι⁸
522 4968 647 5026 τοὺς
678 4965 785 5031 γὰρ
832 4960 1103 5023 τοιούτους
1139 4961 1303 5027 φησὶν
1336 4963 1362 5013 6
1408 4961 1587 5013 κανὼν
1642 4962 1849 5031 αἱρετι-

283 5055 439 5116 κοὺς,
475 5053 716 5105 τουτέστι
767 5051 893 5110 τοὺς
930 5052 1199 5119 αἱρετούς.
1226 5051 1306 5103 Τὰ
1335 5053 1379 5103 δ’
1412 5052 1565 5109 ἄλλα..
1594 5052 1689 5113 τὰς
1725 5069 1855 5121 προ-

283 5143 521 5213 θεσμίας
567 5143 712 5211 φημὶ
763 5142 859 5194 καὶ
903 5142 1003 5204 τὰς
1049 5143 1395 5210 ἐπιτιμήσεις
1431 5145 1521 5194 καὶ
1572 5144 1669 5195 ὅσα
1700 5145 1759 5195 ἐν
1788 5146 1852 5211 τῇ

285 5237 431 5289 κατὰ
455 5233 549 5286 τοῦ
582 5233 882 5286 ἐπισκόπου
923 5233 1148 5302 ζητήσει
1193 5234 1430 5299 είρηται,
1482 5233 1855 5302 φυλαχθήσον-

282 5344 413 5390 ται,
455 5324 635 5385 καθικ
688 5324 801 5375 ἐκεί
856 5323 1229 5374 διατέτακται.
1291 5322 1371 5373 Τὰ
1419 5322 1474 5373 δέ
1508 5321 1615 5372 τῶν
1650 5323 1854 5374 λοιπῶν

285 5414 571 5485 κληρικῶν
602 5414 899 5481 αἰτιάματα
938 5414 1028 5463 καὶ
1063 5412 1226 5479 μόνος
1273 5414 1299 5463 6
1348 5412 1647 5474 ἐπίσκοπος
1677 5412 1856 5466 αὐτῶν

282 5509 494 5562 λοιπῶν
523 5504 802 5575 κληρικῶν
832 5504 1130 5571 αἰτιάματα
1164 5506 1257 5558 καὶ
1285 5506 1442 5574 μόνος
1475 5505 1502 5555 6
1557 5504 1858 5572 ἐπίσκοπος

286 5599 469 5656 αὐτῶν
510 5598 749 5662 ἐξετάσει
781 5598 871 5649 καὶ
902 5596 1225 5663 πεεατώσει.

287 5691 512 5748 ΔΡΙΣΤ.
550 5709 568 5739 ι
593 5688 967 5759 Πρεσόυτέρου
1001 5697 1498 5761 κατηγορουμένου,
1534 5691 1593 5754 ἒξ
1626 5692 1731 5743 τῶν
1760 5692 1855 5750 ιγ.

367 5801 386 5834 ι
424 5781 669 5851 γυτέρων
702 5781 1009 5833 ἐπισκόπων
1040 5779 1115 5849 τῷ
1152 5782 1401 5851 ἐγχωρίῳ
1433 5781 1855 5849 συνδιαγνώσον·

1957 4611 2044 4663 po,
2109 4594 2224 4649 aliis
2268 4611 2331 4648 ex
2383 4596 2569 4648 eadem
2632 4594 2901 4661 provincia
2953 4593 3217 4659 episcopis
3244 4595 3293 4645 in
3346 4593 3523 4645 consi-

1954 4688 2082 4741 lium
2140 4687 2438 4750 advocatis,
2493 4702 2588 4739 sex
2638 4688 2689 4739 in
2740 4686 3062 4748 sacerdotis,
3111 4688 3282 4738 tribus
3320 4687 3369 4737 in
3421 4686 3523 4738 dia-

1955 4778 2074 4831 coni
2119 4776 2342 4843 judicio,
2384 4775 2663 4829 accusatio
2694 4775 3109 4829 examinabitur.
3151 4775 3398 4843 Episc0pi
3433 4791 3525 4826 au-

1957 4878 2062 4922 tem
2099 4870 2214 4937 ejus
2242 4869 2330 4935 qui
2360 4877 2645 4921 accusatur
2669 4869 2893 4921 arbitrio
2924 4867 3225 4934 eligentur;
3255 4882 3347 4919 eos
3380 4883 3530 4917 nani-

1954 4974 2057 5025 que
2094 4968 2369 5026 propterea
2424 4960 2758 5027 αίρετικοὺς.
2792 4959 2842 5010 id
2885 4968 2989 5022 est,
3031 4958 3291 5011 electitius
3353 4972 3528 5008 canon

1958 5049 2211 5117 appellat.
2260 5047 2482 5114 Reliqua
2518 5063 2665 5112 vero,
2698 5050 2763 5100 de
2794 5047 3141 5116 praelinienda
3176 5046 3384 5099 scilicet
3421 5048 3527 5108 die,

1957 5140 2023 5192 de
2065 5141 2236 5207 pt‘enis
2272 5140 2566 5200 solvendis,
2600 5150 2653 5191 et
2679 5154 3011 5207 quaecunque
3052 5138 3116 5190 de
3148 5137 3522 5205 episcoporum

1959 5230 2255 5297 quaestione
2288 5228 2501 5282 decreta
2545 5237 2691 5291 sunt,
2734 5240 3035 5290 serventur,
3072 5226 3222 5279 utibi
3261 5229 3529 5281 constitu-

1960 5330 2071 5373 tum
2108 5328 2209 5372 est.
2239 5316 2474 5371 Aliorum
2506 5334 2634 5373 vero
2662 5318 2983 5372 clericorum
3018 5332 3211 5370 causas
3254 5320 3335 5371 vel
3363 5319 3529 5371 solius

1957 5411 2193 5480 episc0pi
2228 5411 2430 5478 proprii
2473 5410 2777 5481 cognitione
2819 5409 3132 5478 indicioque
3163 5408 3369 5461 definiri
3420 5408 3531 5475 pla-

1961 5516 2062 5559 CCI.

1961 5684 2183 5740 Λιιιδτ.
2217 5704 2233 5735 ι
2268 5684 2584 5752 Presbytero
2618 5691 2897 5747 accusato,
2924 5696 3013 5735 sex
3039 5697 3066 5734 c
3094 5681 3283 5735 vicinis
3322 5681 3533 5748 cpisco-

2041 5800 2054 5828 ι
2097 5778 2197 5847 pis,
2220 5791 2323 5830 una
2358 5792 2475 5830 cum
2498 5776 2666 5844 ipsius
2700 5776 2933 5844 regionis
2958 5775 3232 5843 epist-otio,
3260 5789 3370 5827 rem
3396 5772 3534 5839 diju-
