4214 6438
760 387 860 454 115

1995 393 2273 456 ΤΗΕΟΙ).
2315 390 2713 455 BALSAMON

3869 392 3966 456 116

825 515 844 549 ι
885 500 1138 555 dicabant
1168 519 1183 557 :
1219 503 1446 559 diacono
1476 512 1675 567 autem,
1715 514 1845 560 tres.
1878 507 2008 573 Quae
2057 509 2123 562 ad
2172 507 2302 562 reli—
2333 520 2378 573 Α
2481 524 2489 553 ε

2297 535 2302 546 ι
2333 520 2378 573 Α
2481 521 2502 555 ι
2534 519 2655 555 ται’
2685 502 2933 555 διακόνου
2958 501 3036 565 δι,
3087 504 3252 571 τρεῖς.
3290 503 3373 558 τὰ
3397 504 3455 559 δι
3494 521 3556 573 γε
3600 504 3708 559 τῶν
3758 504 3961 559 λοιπῶν

819 603 839 639 ι
873 603 1007 655 quos
1041 605 1166 645 vero
1193 604 1438 659 spectant
1460 594 1701 658 clericos,
1728 595 1809 649 vel
1838 611 1977 652 unus
2016 598 2304 666 episcopus

833 696 853 729 ι
890 682 1238 735 examinabit.
1268 701 1288 734 ι

828 767 937 824 lloc
971 780 1025 824 et
1052 772 1103 824 in
1145 772 1461 829 duodecimo
1506 790 1715 831 canone
1750 778 1966 841 dicitur,
1998 786 2056 832 ut
2093 776 2311 847 presby-

751 865 864 912 tero
912 872 1180 922 accusato.
1206 877 1295 917 sex
1328 865 1561 934 episcopi
1588 882 1709 921 eum
1725 866 2063 933 iudicabunt,
2094 877 2147 920 et
2170 868 2311 921 inter

747 961 841 999 ens
900 948 1060 1000 etiam
1111 951 1361 1017 proprius
1431 953 1596 1020 ipsius
1637 955 1924 1022 episcopus
1983 969 2306 1009 consensum

748 1048 902 1087 suum
938 1037 1217 1100 prmbebit.
1269 1040 1502 1096 Diacono
1552 1052 1731 1098 autem
1782 1054 2055 1108 accusato,
2105 1052 2209 1095 tres
2256 1050 2309 1095 et

747 1138 899 1178 suus.
929 1127 994 1177 At
1024 1128 1214 1194 reliqui
1256 1146 1443 1186 omnes
1472 1133 1678 1195 clerici,
1711 1135 1805 1201 qui
1841 1144 1966 1187 sunt
2008 1134 2147 1188 infra
2189 1131 2308 1185 dia-

748 1227 933 1276 conos,
963 1224 1014 1269 et
1044 1232 1073 1270 ε
1101 1218 1216 1271 solo
1246 1223 1598 1289 suoipsurum
1624 1222 1878 1293 episcopo
1898 1223 2301 1285 iudicabuntur,

747 1304 1154 1375 quibuscunque
1176 1292 1492 1365 criminibus
1521 1292 1865 1368 accusentur.

1298 1480 1525 1539 CANON
1560 1484 1746 1542 XXIV.

758 1582 778 1616 ι
813 1565 1070 1624 Similiter
1093 1572 1313 1639 placuit,
1343 1584 1400 1628 ut
1442 1575 1535 1629 ﬁlii
1563 1577 1880 1632 clericorum
1912 1579 2199 1646 gentilibus
2224 1579 2305 1633 ιϊι

814 1673 832 1707 ι
862 1657 1130 1714 haereticis
1158 1664 1497 1718 matrimonio
1528 1680 1633 1719 non
1668 1666 2082 1737 conjungautur.
2128 1685 2142 1718 :

820 1743 1014 1799 BALS.
1041 1747 1279 1803 Gentiles
1305 1748 1390 1805 hic
1413 1762 1624 1822 oportet
1651 1756 1896 1812 inﬁdeles
1943 1758 2246 1827 intelligere
2283 1774 2297 1812 :

2486 611 2507 643 ι
2542 590 2815 661 κληρικῶν
2841 589 2937 644 καὶ
2977 592 3139 661 μόνος
3175 592 3414 657 ἑξετάσει
3439 597 3469 648 ό
3495 594 3813 658 ιπίσκοπος.
3851 612 3871 646 ι

2481 769 2648 821 Τοῦτο
2679 768 2886 839 εἴρηται
2934 769 3029 823 καὶ
3075 775 3135 823 ιν
3181 770 3259 840 τῷ
3314 770 3600 843 δωδεκατῳ
3648 775 3851 839 κανόνι,
3888 776 3965 841 ὡς

2410 858 2777 928 πρεσϐυτέρου
2812 859 2912 928 μὲν
2939 861 3435 930 κατηγορουμένου,
3466 861 3524 929 ιε
3576 864 3863 918 ιπίσκοποι
3890 867 3969 919 δι-

2410 951 2665 1001 κάσουσιν
2693 950 2874 1013 αὐτὸν,
2909 952 3001 1003 καὶ
3032 952 3286 1005 επὲκεινα
3312 952 3517 1006 τούτων
3544 955 3637 1006 καὶ
3664 957 3692 1008 ό
3717 956 3849 1019 ίδιος
3869 959 3967 1009 αὐ-

2407 1039 2503 1090 τοῦ
2534 1040 2953 1108 συνδιαγνιῖηιων
3003 1042 3156 1093 ἔσται
3206 1045 3542 1106 επίσκοπος·
3600 1044 3845 1099 διακόνου
3885 1047 3966 1110 δὲ,

2408 1130 2556 1195 τρεῖς
2603 1132 2694 1181 καὶ
2732 1132 2760 1177 ό
2811 1130 2961 1192 ίδιος.
2988 1131 3052 1183 Οί
3078 1131 3137 1184 δι
3183 1131 3357 1184 λοιποὶ
3385 1133 3586 1196 πάντες
3616 1135 3867 1203 κληρικοὶ
3917 1137 3966 1188 οι

2408 1218 2653 1271 κάτωθεν
2698 1218 2850 1280 ὄντες
2901 1220 3008 1272 τῶν
3057 1221 3325 1274 διακόνων
3359 1225 3453 1276 καὶ
3477 1226 3629 1294 παρὰ
3674 1227 3837 1294 μόνου
3871 1228 3970 1281 τοῦ

2410 1306 2539 1359 ίδίου
2568 1308 2743 1360 αὐτῶν
2775 1310 3072 1365 επισκόπου
3123 1311 3496 1383 κριθήσονται,
3546 1316 3631 1384 ιφ*
3665 1312 3748 1381 οἷς
3777 1317 3845 1371 ἃν
3875 1322 3963 1372 αἰ-

2406 1394 2623 1448 τιῶνται
2651 1397 2819 1469 ιγκλή
2828 1415 2984 1468 μασι.

3000 1491 3235 1546 ΚΔΝΩΝ
3266 1494 3393 1548 KA'.

2409 1594 2429 1627 ι
2482 1576 2711 1645 Ὀμοίως
2744 1578 2959 1647 ἤρεσεν,
2988 1578 3128 1633 ὥστε
3159 1582 3324 1635 τέκνα
3351 1582 3461 1635 τῶν
3488 1583 3765 1654 κληρικῶν
3810 1588 3958 1641 [Ovs-

2478 1688 2497 1721 ι
2532 1673 2642 1733 κοῖς
2668 1671 2699 1742 ἢ
2728 1673 3025 1740 αίρετικοῖς
3052 1675 3304 1741 γαμικῶς
3339 1677 3415 1745 μὴ
3446 1677 3830 1733 συνάπτεσθαι.
3866 1699 3884 1731 ι

2475 1759 2663 1812 ΒΛΑΣ.
2716 1759 2990 1825 Ἐθνικοὺς
3039 1762 3272 1815 ἐνταῦθα
3338 1764 3465 1826 τοὺς
3521 1764 3781 1829 ἀπίστους
3824 1772 3968 1822 νοεῖν

742 1833 787 1886 si
811 1836 931 1925 quis
983 1840 1124 1892 enim
1150 1842 1365 1909 gentilis
1408 1854 1491 1899 est
1537 1846 1728 1911 ﬁdelis,
1781 1862 1886 1901 non
1929 1849 2300 1917 prohibebitur
2332 1842 2406 1901 Βέ

2332 1842 2373 1901 Β
2400 1848 2497 1903 δεῖ.
2530 1850 2594 1901 El
2616 1850 2722 1920 γάρ
2755 1868 2837 1913 τις
2859 1851 3066 1913 εονικός
3098 1853 3212 1905 ιστι
3242 1854 3450 1916 πιστὸς,
3478 1855 3539 1906 οὐ
3585 1857 3976 1925 κωλυθήσεταί

740 1938 862 1974 eum
894 1924 1073 1979 clerici
1105 1929 1209 1982 ﬁlia
1246 1933 1518 2001 conjungi.
1569 1934 1709 2002 Lege
1735 1936 2075 1992 'Laodicena
2105 1940 2296 2006 synodi

738 2022 997 2065 canonem
1028 2014 1117 2078 5i,
1153 2014 1603 2075 Chalcedonensis
1652 2036 1913 2076 canoncm
1940 2022 2006 2077 ιι
2035 2024 2297 2093 etsynodl

742 2096 794 2149 in
828 2096 1008 2155 Trullo
1041 2116 1296 2159 cunouem
1345 2106 1412 2160 72
1438 2115 1491 2161 et
1536 2122 1654 2177 qua:
1701 2111 1756 2165 in
1790 2111 1868 2165 eis
1913 2112 2111 2181 scripta
2152 2120 2297 2166 sunt.

800 2278 1040 2335 ZONAlt.
1094 2284 1304 2340 Ethnici
1338 2286 1440 2342 hoc
1487 2289 1869 2346 locoinﬁdeles
1896 2290 2293 2361 intelliguntur.

740 2370 999 2426 Ethnicus
1036 2390 1263 2443 namque
1312 2377 1482 2433 ﬁdelis
1526 2381 1706 2435 clerici
1758 2380 1918 2435 ﬁliam
1957 2383 2060 2437 sibi
2108 2383 2294 2436 matri-

740 2465 917 2515 monio
972 2465 1193 2533 jnngere
1248 2468 1386 2519 haud
1447 2470 1732 2523 vetabitur.
1788 2469 1919 2523 Vide
1978 2470 2295 2525 Laodicenae

735 2551 921 2617 synodi
950 2566 1210 2606 canonem
1234 2555 1321 2617 3|,
1350 2555 1806 2612 Chalcedonensis
1837 2559 2103 2612 decimum
2128 2575 2291 2626 quar-

735 2652 868 2703 tum,
902 2652 952 2693 et
977 2645 1161 2712 synodi
1205 2645 1256 2697 in
1289 2646 1473 2700 Trullo
1507 2648 1963 2715 septuagesimum
1995 2650 2289 2703 secundum

731 2739 782 2783 el
814 2747 930 2798 qua:
956 2734 1005 2784 in
1049 2733 1399 2799 explicatione
1436 2739 1743 2790 earumdem
1780 2740 2117 2805 scripsimus.

731 2820 887 2892 547
925 2821 1194 2876 ΑΙΗδΤ.(
1240 2824 1518 2879 llaerelicis
1568 2835 1622 2878 et
1678 2828 1909 2881 etlmicis
1969 2830 2289 2883 clericorum

803 2930 823 2961 ι
864 2914 1017 2967 liberi
1054 2916 1398 2971 matrimonio
1429 2932 1532 2969 non
1565 2918 2017 2988 coujnugunlurJ

798 3003 905 3057 Sed
940 3018 1039 3056 nec
1074 3006 1328 3058 laicorum
1378 3006 1535 3060 liberi
1582 3010 1847 3063 hazretieis
1877 3010 1927 3063 in
1964 3011 2289 3067 matrimonii

729 3092 1159 3145 c-.mmunionem
1198 3093 1612 3163 conjungnntnr.

1295 3177 1524 3232 CANON
1558 3178 1719 3232 XXV.

736 3284 756 3317 ι
843 3266 909 3321 Ut
938 3266 1174 3335 episcOpi
1222 3276 1275 3320 et
1308 3268 1487 3322 clerici
1522 3268 1572 3321 in
1624 3276 1727 3322 non
1777 3270 2107 3326 orthodoxos
2140 3272 2297 3327 Chri-

805 3375 823 3408 ι
866 3358 1072 3411 stianos
1122 3358 1255 3411 nihil
1304 3357 1712 3413 conferant:et
1749 3359 1795 3413 si
1831 3362 1939 3415 sint
1979 3362 2155 3417 adhuc
2200 3378 2296 3417 co-

802 3466 821 3498 ι
851 3449 1019 3515 gnati,
1045 3448 1175 3501 nihil
1201 3464 1292 3517 per
1316 3465 1530 3502 suarum
1557 3465 1732 3504 rerum
1757 3454 2120 3520 donationem,
2142 3462 2198 3508 ut
2217 3454 2296 3509 di-

801 3558 820 3591 ι
856 3552 1001 3594 ctum
1030 3549 1135 3605 est,
1156 3540 1392 3609 episcopi
1426 3540 1508 3595 vel
1538 3541 1722 3597 clerici
1747 3542 1798 3595 in
1831 3556 1923 3597 eos
1938 3543 2219 3599 conferant
2267 3564 2286 3597 ι

794 3712 986 3769 BALS.
1040 3713 1285 3770 "(cretici
1330 3716 1545 3785 quidem
1577 3716 1851 3784 dicuntur,
1884 3718 1979 3787 qui
2024 3720 2092 3773 de
2124 3721 2284 3777 rebus

724 3810 1157 3864 Christianorum
1193 3825 1299 3863 non
1332 3819 1482 3864 recte
1513 3812 1751 3867 sentiunt
1779 3831 1792 3867 :
1822 3814 2063 3871 inﬁdeles
2089 3828 2288 3896 autem.

724 3900 813 3969 qui
846 3901 1180 3962 incarnatam
1208 3897 1372 3953 Verbi
1413 3899 1505 3955 Dei
1546 3907 1904 3957 meonomiam
1933 3906 2154 3961 omnino
2181 3921 2285 3960 non

722 3989 970 4044 credunt.
1016 3989 1154 4042 Dicit
1198 4003 1323 4060 ergo
1360 4006 1552 4056 canon,
1593 3992 1797 4046 nullum
1847 3995 2153 4064 episcopum
2204 3997 2285 4049 vel

727 4081 1005 4145 clericum,
1063 4077 1272 4134 ratione
1326 4080 1482 4149 legati
1532 4082 1618 4136 vel
1669 4083 2020 4150 hmreditatis,
2073 4086 2140 4140 iis
2191 4090 2283 4157 qui

721 4182 847 4228 sunt
874 4171 1136 4239 ejusmodi
1163 4172 1358 4225 debere
1407 4172 1699 4240 quidquam
1733 4174 2061 4242 relinquere.
2089 4176 2285 4229 etiam-

721 4263 767 4317 si
818 4264 926 4316 sint
975 4264 1095 4332 ejus
1135 4263 1345 4330 cognati
1381 4280 1394 4316 :
1426 4263 1520 4317 sed
1558 4278 1729 4332 neque
1760 4265 1809 4317 iu
1862 4266 1967 4318 vita
2016 4282 2129 4320 rem
2162 4281 2284 4335 pro-

721 4358 889 4425 priam
924 4355 1028 4409 illis
1057 4358 1202 4409 dare.
1234 4353 1373 4425 Lege
1426 4370 1687 4410 canonem
1722 4356 1791 4411 83
1821 4360 2099 4425 praesentis
2124 4375 2282 4429 syno-

718 4447 790 4509 di,
821 4457 873 4498 et
901 4447 993 4499 lib.
1027 4445 1236 4499 Basilic.
1276 4444 1551 4513 xxxv,:tit.
1578 4447 1631 4512 8,
1660 4461 1779 4515 cap.
1809 4448 1898 4513 38,
1928 4452 2069 4518 quod
2098 4452 2275 4517 docet,

722 4551 824 4589 non
867 4535 1065 4589 debere
1109 4534 1247 4587 ﬁlios
1286 4536 1570 4589 haereticos
1611 4540 1919 4604 parentibus
1963 4543 2278 4605 succedere,

719 4626 799 4682 vel
841 4636 1048 4680 contra.
1092 4625 1155 4678 Et
1190 4626 1283 4679 lib.
1333 4626 1491 4694 primi
1528 4627 1616 4682 tit.
1640 4628 1834 4695 primo,
1863 4631 2073 4683 diversa
2107 4636 2279 4700 capita

715 4718 967 4781 dicentia,
997 4732 1099 4771 non
1127 4717 1298 4770 solum
1331 4716 1578 4779 clericos,
1617 4720 1708 4770 sed
1736 4728 1790 4771 et
1814 4719 1980 4773 laicos
2014 4720 2278 4789 impediri,

710 4810 1001 4875 quominus
1054 4813 1120 4863 ad
1172 4811 1456 4864 hmreticos
1504 4811 1589 4865 vel
1642 4811 1883 4865 inﬁdeles
1936 4830 2054 4882 quae
2109 4816 2175 4868 ad
2224 4829 2282 4869 se

712 4901 983 4968 pertinent
1008 4902 1489 4970 qnomodocunque
1516 4906 1906 4969 transmittant;
1934 4906 2275 4962 undecimum

709 5001 888 5043 autem
923 5005 1044 5058 cap.
1084 4991 1165 5045 tit.
1208 4991 1261 5047 5.
1295 4992 1384 5045 lib.
1434 5008 1467 5043 v
1512 4992 1732 5048 Basilic.
1778 4997 1947 5049 dicit:
1999 4997 2182 5066 Neque
2211 5015 2276 5055 ex

710 5079 993 5134 locatione.
1024 5095 1197 5149 neque
1222 5095 1287 5135 ex
1312 5082 1872 5157 emphyteusi,neque
1894 5100 1956 5139 ex
1982 5089 2274 5156 emptione,

708 5169 788 5222 vel
822 5169 924 5222 ulla
961 5171 1065 5224 alia
1122 5173 1352 5233 ratione,
1390 5173 1583 5227 debere
1627 5175 1910 5229 haereticos
1941 5175 2045 5229 ulla
2079 5179 2273 5231 immo-

708 5260 831 5312 bilia
865 5276 929 5315 ex
962 5262 1153 5329 quavis
1192 5261 1420 5316 ecclesia
1469 5262 1552 5316 vel
1581 5278 1644 5317 ex
1675 5263 1779 5318 alio
1814 5268 2107 5321 venerabili
2156 5269 2272 5323 loco

708 5352 971 5416 accipere.
1012 5350 1077 5403 Et
1106 5353 1339 5418 ejusdem
1378 5353 1475 5407 lib.
1513 5362 1565 5407 et
1612 5357 1694 5409 tit.
1726 5370 1777 5409 et
1812 5372 1932 5427 cap.
1965 5358 2140 5412 thema
2193 5361 2226 5413 3
2256 5378 2269 5415 :

705 5442 761 5496 Si
816 5443 1171 5504 orthodoxm.
1222 5444 1431 5497 habens
1479 5447 1873 5510 possessionem
1924 5450 1974 5501 iu
2026 5465 2129 5519 qua
2188 5461 2270 5506 est

706 5544 891 5588 sancta
926 5535 1168 5597 ecclesia,
1206 5548 1326 5587 eam
1370 5536 1436 5588 ad
1502 5536 1773 5591 inﬁdelem
1820 5539 1902 5593 vel
1951 5543 2271 5611 simpliciter

708 5627 1040 5688 hmreticum,
1098 5626 1288 5693 quavis
1341 5628 1550 5682 ratione
1604 5630 1987 5696 transmiserit,
2043 5634 2268 5689 ecclesia

703 5716 946 5785 ejusdem
1010 5714 1113 5769 vici
1171 5716 1413 5771 eamdem
1473 5719 1755 5775 ecclesiam
1814 5722 2065 5778 vindicet.
2132 5717 2263 5783 Cum

2320 3160 2370 3223 ο

2402 1938 2740 2007 ωναφθῆναι
2789 1938 3053 2008 κληρικοῦ
3109 1940 3360 2010 θυγατρί.
3424 1941 3721 2009 Ἀνάγνωθι
3774 1946 3873 2015 τῆς
3904 1947 3964 1999 δν

2401 2031 2691 2099 Λαοδικείᾳ
2715 2031 2938 2083 συνόδου
2973 2032 3176 2085 κανόνα
3203 2031 3284 2084 λα’
3306 2033 3405 2101 τῆς
3426 2035 3485 2087 ὲν
3524 2033 3828 2103 Χαλκηδόνι
3859 2056 3965 2092 κα-

2399 2120 2525 2171 νόνα
2563 2119 2643 2181 ιδ’,
2666 2120 2761 2173 καὶ
2788 2120 2888 2188 τῆς
2915 2124 2971 2173 ὲν
3001 2122 3078 2191 τῷ
3104 2121 3359 2193 τρούλλῳ
3391 2125 3591 2178 κανόνα
3642 2124 3739 2196 οβ’,
3777 2128 3872 2183 καὶ
3897 2130 3967 2183 τὰ

2398 2201 2460 2259 ἐν’
2477 2208 2688 2269 τούτοις
2719 2210 3025 2277 γραφόντα.

2466 2298 2707 2354 ΖΩΝΑΡ.
2763 2299 3043 2359 Ἐθνικοὺς
3083 2301 3317 2356 ινταῦθα
3362 2302 3489 2367 τοὺς
3518 2304 3784 2369 ἀπίστους
3818 2308 3963 2360 νοεῖν

2397 2387 2493 2441 δεῖ.
2542 2389 2602 2441 Ei
2634 2391 2739 2458 γὰρ
2771 2391 2980 2455 ἑθνικός
3027 2409 3109 2456 τις
3135 2394 3325 2459 πιστὸς
3382 2392 3439 2467 ᾗ,
3470 2399 3531 2450 οὐ
3584 2398 3965 2469 κωλυθήσεται

2398 2480 2737 2548 συναφοῆναι
2776 2481 3041 2552 κληρικοῦ
3097 2483 3347 2556 θυγατρί.
3390 2488 3689 2555 ’Δνάγνωθι
3732 2489 3828 2542 καὶ
3862 2490 3962 2556 τῆς
3999 2507 4006 2513 '

2395 2569 2452 2621 εν
2480 2570 2765 2641 Λαοδικείᾳ
2791 2572 2987 2625 κανόνα
3037 2572 3140 2635 λα’.
3175 2578 3269 2627 καὶ
3293 2577 3393 2642 τῆς
3418 2579 3476 2629 tv
3507 2577 3812 2647 Χαλκηδόνι
3867 2578 3955 2639 ιδ’.

2395 2658 2488 2711 καὶ
2513 2660 2609 2728 τῆς
2639 2661 2697 2713 ιν
2724 2660 2801 2729 τῷ
2822 2662 3073 2732 Τρούλλῳ
3103 2662 3208 2732 οβ’,
3242 2667 3334 2718 καὶ
3367 2666 3467 2719 ὅσα
3490 2668 3547 2719 ὲν
3575 2666 3759 2730 αὐτοῖς
3787 2667 3961 2736 ἐγρά-

2398 2766 2471 2816 φη
2484 2766 2601 2804 σαν.

2392 2837 2609 2893 ΑΡΙΣΤ.
2649 2858 2667 2890 ι
2708 2842 3015 2909 Αίρετικοῖς
3049 2846 3144 2899 καὶ
3190 2846 3423 2911 ἑθνικοῖς
3474 2848 3639 2901 τέκνα
3674 2849 3956 2919 κληρικῶν

2470 2947 2489 2978 ι
2537 2932 2596 2980 οὐ
2630 2932 3013 2987 συνάπτονται.
3052 2954 3069 2985 ι
3550 2942 3553 2943 ⁷

2475 3021 2615 3072 Ἀλλ’
2662 3022 2779 3075 οὐδὲ
2822 3024 3028 3079 λαῖκῶν
3076 3027 3264 3091 παῖδες
3310 3030 3607 3099 αίρετικοῖς
3656 3030 3737 3095 είς
3780 3030 3959 3102 γάμου

2396 3111 2680 3164 κοινωνίαν
2714 3114 3098 3171 συνάπτονται.

2983 3208 3221 3261 ΚΔΝΩΝ
3253 3210 3379 3263 κεν.

2408 3308 2426 3341 ι
2476 3290 2636 3345 Ὥστε
2669 3295 2795 3356 τοὺς
2817 3297 3148 3360 ἐπισκόπους
3170 3300 3262 3352 καὶ
3288 3300 3413 3360 τοὺς
3439 3301 3729 3371 κληρικοὺς
3754 3304 3961 3373 μηδένα

2477 3399 2496 3432 ι
2543 3386 2882 3451 συνεισάγειν
2912 3390 3024 3450 τοῖς
3060 3388 3134 3458 μὴ
3167 3389 3469 3458 ὀρθοδόξοις
3498 3393 3875 3462 Χριστιανοῖςο
3909 3398 3959 3449 sl

2473 3491 2493 3524 ι
2536 3475 2630 3525 καὶ
2676 3480 2957 3542 συγγενεῖς
3007 3478 3085 3530 Ξτι
3121 3481 3225 3549 μὴν
3250 3473 3404 3545 ὦσιν,
3442 3482 3605 3550 μηδὲν
3633 3483 3721 3537 διὰ
3748 3485 3959 3553 δωρεᾶς

2473 3582 2493 3614 ι
2541 3565 2645 3618 τῶν
2669 3568 2886 3618 οἰκείων
2924 3570 3286 3636 πραγμάτων,
3314 3570 3388 3632 ὡς
3417 3570 3651 3640 εῖρήται,
3685 3575 3812 3637 τοὺς
3839 3577 3957 3628 trst-

2473 3671 2492 3704 ι
2536 3655 2771 3716 σκόπους
2804 3656 2835 3725 ἢ
2868 3656 3165 3725 κληρικοὺς
3191 3658 3399 3721 τούτοις
3430 3661 3786 3728 συνεισάγειν.
3827 3681 3845 3713 ι

2463 3746 2661 3801 ΒΑΛΣ.
2693 3748 2969 3815 Δίρετικοὶ
3018 3748 3121 3817 μὲν
3162 3748 3409 3817 λέγονται
3442 3754 3491 3805 οί
3534 3762 3609 3822 μὴ
3639 3754 3957 3820 δοξάζοντες

2390 3833 2565 3902 ὀρθῶς
2596 3835 2663 3887 τὰ
2694 3836 2801 3887 τῶν
2830 3837 3171 3904 Χριστιανῶν
3195 3855 3209 3869 ο
3244 3840 3462 3893 ἄπιστοι
3489 3840 3545 3893 δι
3572 3843 3620 3894 oi
3651 3842 3788 3911 μηδὲ
3818 3843 3955 3907 ὅλως

2390 3924 2739 3986 πιστεύοντες
2778 3926 2876 3994 τὴν
2907 3924 3172 3994 ινσαρκον
3221 3929 3536 3997 οίκονομίαν
3560 3929 3655 3985 τοῦ
3685 3931 3819 3984 Θεοῦ
3851 3933 3956 3986 Λό-

2386 4029 2505 4081 γου.
2537 4015 2674 4083 Φησὶ
2704 4013 2835 4081 γοῦν
2863 4017 2890 4067 ὁ
2924 4014 3102 4068 κανῶν
3136 4019 3338 4085 μηδένα
3365 4020 3665 4073 επίσκοπον
3695 4020 3726 4089 ἢ
3757 4022 3950 4091 κληρι-

2385 4103 2479 4155 κον
2510 4103 2652 4157 κατὰ
2687 4104 2851 4170 νόμου
2880 4104 3108 4172 λεγάτου
3136 4106 3167 4175 ἢ
3208 4107 3574 4177 κληρονομίας
3601 4111 3951 4179 καταλιμπά-

2383 4209 2496 4245 νειν
2527 4196 2638 4253 τοῖς
2686 4193 2946 4263 τοιούτοις
2978 4195 3039 4247 τὸ
3067 4194 3268 4259 ὁτιοῦν,
3304 4197 3410 4250 κᾶν
3443 4202 3727 4266 συγγενεῖς
3780 4201 3948 4254 αὐτοῦ

2383 4274 2514 4333 ὦσιν
2537 4299 2551 4314 ο
2599 4284 2735 4337 ἀ).λά
2787 4284 2920 4354 μηδὲ
2963 4285 3250 4355 δωρεῖσθαι
3283 4286 3467 4349 αὐτοῖς
3504 4290 3559 4341 ιν
3592 4288 3702 4357 ζωῇ
3748 4291 3947 4343 οικεῖον

2384 4376 2637 4443 πρᾶγμα.
2682 4374 3019 4442 ’Δνάγνωσον
3048 4374 3139 4428 τὸν
3178 4382 3269 4440 πγ¹
3311 4378 3509 4429 κανόνα
3534 4380 3635 4445 τῆς
3662 4381 3950 4449 παρούσης

2386 4464 2625 4526 συνόδου,
2679 4466 2771 4517 καὶ
2816 4464 3019 4534 βιϐλίον
3069 4466 3176 4517 τῶν
3231 4466 3538 4520 Βασιλικῶν
3575 4466 3647 4520 λε’
3678 4468 3861 4522 τίτλου
3898 4470 3951 4540 η’

2386 4572 2509 4621 κεφ.
2540 4551 2621 4624 λη’
2651 4554 2901 4607 διδάσκον
2936 4555 3010 4624 μὴ
3042 4554 3283 4623 ὀφείλειν
3314 4556 3770 4626 κληρονομείσθαι
3819 4558 3949 4621 τοὺς

2382 4648 2559 4711 γονεῖς
2594 4646 2745 4714 παρὰ
2772 4644 3064 4710 αίρετικῶν
3099 4644 3324 4705 παίδων,
3362 4644 3395 4715 ἢ
3455 4647 3766 4699 τούναντίον
3787 4662 3802 4677 ·
3852 4649 3949 4700 καὶ

2385 4728 2589 4803 βιϐλίου
2643 4734 2689 4788 α’
2730 4736 2911 4788 τίτλου
2943 4733 2991 4787 α’
3024 4736 3297 4803 κεφάλαια
3327 4735 3559 4807 διάφορα
3593 4736 3824 4804 λέγοντα
3867 4740 3945 4809 μὴ

2386 4823 2547 4892 μόνον
2592 4824 2906 4893 κληρικοὺς,
2958 4824 3095 4878 ἀλλὰ
3151 4827 3243 4879 καὶ
3284 4824 3505 4889 λαῖκοὺς
3553 4826 3943 4895 ιμποδίζεσοαι

2384 4915 2521 4985 πρὸς
2548 4915 2855 4983 αίρετικοὺς
2888 4916 2918 4985 ἦ
2950 4916 3214 4977 ἀπίστους
3263 4916 3615 4983 ὁπωσδήποτε
3649 4919 3944 4987 παριπέμ-

2381 5023 2505 5060 πειν
2557 5006 2625 5057 τὰ
2672 5006 2879 5069 τούτοις
2927 5007 3277 5075 διαφέροντα.
3320 5008 3392 5061 τὸ
3437 5008 3491 5060 δδ
3547 5014 3617 5063 ια’
3644 5010 3943 5077 κεφάλαιον

2378 5096 2471 5149 τοῦ
2525 5102 2571 5163 γ’
2620 5097 2799 5149 τίτλου
2846 5097 2935 5149 τοῦ
2969 5094 3010 5149 ε’
3038 5096 3245 5166 βιϐλίου
3295 5099 3403 5151 τῶν
3445 5099 3750 5152 Βασιλικῶν
3788 5100 3941 5168 λέγει

2382 5188 2518 5256 μήτε
2570 5187 2709 5238 κατὰ
2758 5186 3026 5254 μίσθωσιν
3060 5190 3199 5257 μήτε
3251 5194 3393 5240 κατὰ
3426 5188 3760 5256 ὲμφύτευσιν
3796 5194 3940 5261 μήτε

2377 5278 2499 5329 κατ’
2572 5276 2835 5342 ἑξώνησιν
2884 5277 2915 5347 ἦ
2965 5278 3123 5331 ἄλλον
3205 5278 3403 5346 τρόπον
3459 5281 3579 5332 τινὰ
3642 5281 3941 5344 λαμϐάνειν

2376 5369 2500 5430 τοὺς
2546 5368 2851 5436 αἱρετικοὺς
2897 5369 3130 5437 ἀκίνητα
3187 5368 3465 5437 οίαδήτινα
3523 5370 3581 5435 εξ
3638 5370 3939 5439 ικκλησίας

2375 5457 2516 5519 τινὸς
2542 5456 2573 5526 ἢ
2600 5456 2757 5509 ἄλλου
2789 5457 3081 5525 σεϐασμίου
3108 5457 3277 5509 οῐκου·
3306 5459 3397 5509 καὶ
3421 5457 3516 5510 τοῦ
3541 5458 3705 5517 αὑτοῦ
3729 5459 3938 5529 βιϐλίου

2375 5552 2469 5604 καὶ
2494 5549 2674 5601 τίτλου
2727 5550 2819 5602 καὶ
2864 5565 2987 5617 κεφ.
3023 5549 3163 5617 θέμα
3192 5555 3261 5615 γ’.
3306 5548 3430 5602 Ἐὰν
3463 5549 3765 5619 ὀρθόόοξος,
3796 5553 3939 5622 εχων

2376 5641 2564 5703 κτῆσιν
2591 5640 2647 5690 ὲν
2673 5633 2705 5713 ᾖ
2737 5641 2884 5691 ἐστιν
2913 5640 3045 5709 ἁγίᾳ
3073 5638 3395 5709 Ἐκκλησία,
3422 5641 3779 5711 παραπέμψει
3806 5646 3938 5699 ταύ-

2373 5749 2470 5800 την
2502 5731 2621 5785 καθ’
2652 5730 2951 5801 οἱονδήτινα
3005 5732 3202 5800 τρόπον
3241 5730 3454 5800 ἀπίστῳ
3488 5730 3519 5795 ἢ
3553 5730 3739 5796 ἁπλῶς
3777 5738 3931 5808 uim-
