4214 6438
223 390 323 451 129

1246 386 1326 446 IN
1369 385 1530 445 CAN.
1573 391 1731 444 XXX
1760 388 1964 441 LUNC.
2004 382 2377 439 CAltTHAG.

3316 381 3414 444 130

214 518 334 561 ποις
391 500 799 569 βουλεύσασθαι,
857 496 977 549 τότε
1034 496 1139 565 χρὴ
1188 496 1279 547 τδν
1311 496 1607 547 ἐπίσκοπον
1659 490 1878 549 κᾶνΛι

1749 490 2039 553 ιΛηηιΙί,
2095 489 2400 541 facultatem
2477 488 2708 554 adimat;
2766 499 2888 543 tunc
2963 492 3147 545 s.-dtcm
3212 493 3413 548 vicinos

214 591 338 648 τοὺς
383 591 628 656 γείτονας
686 587 1014 648 ἐπισκόπους
1064 587 1143 647 είς
1198 584 1502 654 μαρτυρίαν
1543 583 1765 636 καλέσαι

213 678 309 743 τῆς
333 696 391 730 τε
432 678 685 746 ὀξύτητος
714 678 813 746 τῆς
844 678 1105 743 ἀνάγκης,
1136 675 1226 732 καὶ
1261 675 1651 743 περιστάσεως,
1673 671 1767 723 καὶ

211 768 550 836 ἐκποιήσεως
578 769 668 822 τοῦ
706 769 1046 836 πράγματος.
1073 767 1132 818 Et
1164 766 1221 818 δέ
1253 765 1329 835 μή
1360 764 1500 816 οὕτω
1529 764 1765 830 ποιήσει,

212 838 512 921 ύπεύθυνος
538 860 691 911 ἔσται
717 858 790 926 τῷ
814 858 950 925 Θεῷ,
998 859 1240 909 τουτέστι
1272 856 1364 907 καὶ
1390 853 1465 922 τῷ
1487 852 1605 919 Θεῷ
1639 850 1765 916 ὑφέ-

211 949 291 1013 ξει
325 947 535 1013 λόγους,
592 948 687 999 καὶ
720 948 821 999 ὑπὸ
873 949 972 1013 τῆς
1024 946 1242 998 συνόδου
1276 940 1766 1009 ἀλλοτριωθήσεται

207 1034 311 1101 τῆς
339 1036 545 1096 οἰκείας
596 1037 780 1104 τιμῆς,
829 1035 948 1104 ήτοι
998 1035 1093 1102 τῆς
1142 1030 1552 1101 ἀρχιερατικῆς.
1601 1026 1768 1079 Καὶό

211 1127 385 1193 μέγας
416 1125 473 1176 δδ
518 1125 775 1193 Κύριλλος
803 1126 860 1176 ἐν
890 1126 954 1193 τῇ
990 1124 1121 1191 πρὸς
1150 1122 1353 1189 Δόμνον
1383 1118 1637 1186 ἐπιστολῇ
1669 1115 1765 1167 αύ-

206 1216 300 1267 τοῦ
332 1234 465 1284 φησι
482 1232 494 1245 ο
526 1216 799 1283 Κειμήλια
822 1218 912 1266 καὶ
934 1216 1155 1283 κτήσεις
1173 1213 1460 1279 ἀκινήτους
1477 1210 1770 1276 ἀνεκποίη-

210 1322 274 1356 τι
309 1308 433 1365 ταῖς
469 1304 784 1373 ἐκκλησίαις
823 1303 1091 1366 σώζεσθαι
1140 1302 1267 1371 χρή.
1312 1299 1614 1365 Ἀνάγνωθι
1674 1300 1766 1350 καί

204 1392 298 1444 τὸν
338 1394 403 1461 ιβ’
448 1394 645 1445 κανόνα
679 1394 772 1460 τῆς
803 1391 1182 1459 οίκουμενικῆς
1210 1391 1252 1454 ζ’
1285 1388 1523 1442 συνόδου.

205 1570 431 1621 ΑΡΙΣΤ.
470 1570 757 1635 «Ἀπριτα
786 1572 853 1621 τά
874 1566 1301 1637 ἐκκλησιαστικά
1342 1564 1663 1633 πράγματα.
1704 1564 1766 1615 Et

293 1678 312 1710 ι
349 1660 406 1711 δὲ
442 1659 515 1727 μὴ
567 1660 825 1727 πρόσοδον
861 1660 974 1727 εχει
999 1698 1015 1722 ,
1054 1657 1245 1727 γνώμῃ
1284 1655 1391 1708 τῶν
1454 1653 1767 1705 ἐπισκόπων

284 1768 303 1799 ι
337 1750 729 1819 πιπράσκεται.
786 1750 847 1801 Et
896 1749 953 1801 δέ
1018 1748 1300 1817 ήάνάγκη
1354 1745 1453 1810 οὐχ
1501 1740 1765 1809 ὑπομένει

282 1860 300 1890 ι
344 1839 768 1908 βουλεύσασθαι,
836 1838 963 1899 τοὺς
1042 1836 1284 1904 γείτονας
1346 1835 1373 1885 ό
1435 1830 1766 1898 πιπράσκών

280 1947 303 1980 ε
341 1929 661 1996 συγκαλέσει
682 1944 695 1957 ·
748 1930 796 1979 εἰ
828 1927 871 1979 δ’
899 1928 995 1996 οὐχ
1047 1926 1212 1988 οὕτω,
1260 1923 1377 1992 Θεῷ
1409 1921 1506 1974 καὶ
1538 1923 1605 1990 τῇ
1639 1936 1766 1971 συν-

281 2036 301 2069 ι
338 2019 444 2088 όδῳ
478 2018 791 2080 ὑπεύθυνος.
836 2036 854 2069 ι

272 2108 390 2158 Ούκ
437 2108 743 2175 ὀφείλουσιν
770 2110 817 2159 oi
852 2107 1141 2159 ἐπίσκοποι
1173 2104 1241 2157 τά
1297 2103 1406 2155 τῶν
1461 2101 1768 2171 ἐκκλησιῶν

203 2197 541 2248 ἑκποιείσθαι
565 2198 864 2265 πράγματα
885 2211 898 2227 ο
932 2196 1078 2249 θείου
1099 2196 1207 2266 γάρ
1222 2195 1325 2246 είσι
1349 2192 1520 2245 ταῦτα
1536 2193 1765 2255 δικαίου.

201 2287 295 2338 καὶ
320 2286 410 2338 διά
442 2284 599 2339 τοῦτο
618 2287 857 2355 ἄπρατα.
883 2286 945 2337 ΕΙ
968 2285 1024 2338 δέ
1049 2303 1129 2347 τις
1177 2284 1361 2352 κτῆμα
1400 2282 1537 2352 ιχων
1565 2282 1770 2351 ἀπρόσ-

204 2377 348 2440 οδον,
380 2380 476 2429 καὶ
503 2377 599 2446 τήν
633 2373 928 2444 ἐκκλησίαν
956 2375 1117 2429 αὑτοῦ
1138 2375 1511 2445 βαρυνομένην
1530 2374 1764 2442 χρίεσιν,

200 2467 234 2534 ἢ
265 2469 652 2535 περιστάσεσιν
673 2468 857 2529 ἄλλαις
886 2467 1237 2533 πιεζομένην,
1266 2465 1357 2517 καὶ
1387 2463 1621 2534 βουληθῇ
1646 2463 1768 2515 τοῦ-

200 2576 262 2611 το
283 2559 605 2629 διαπράσαι,
637 2559 776 2612 ὥστε
806 2560 903 2628 τὴν
932 2558 1098 2629 τιμὴν
1130 2557 1295 2609 αὑτοῦ
1326 2555 1655 2610 κατασαλείν
1688 2556 1767 2618 εἰς

203 2650 519 2718 ἀπόερλησιν
564 2649 674 2702 τῶν
702 2650 899 2719 χρεῶν,
946 2648 979 2717 ἢ
1014 2651 1093 2711 είς
1120 2648 1284 2707 ἄλλας
1336 2646 1486 2707 τινὰς
1518 2662 1772 2699 κατεπει-

204 2741 411 2807 γούσας
434 2741 675 2806 ἀνάγκας
699 2756 714 2771 ·
751 2740 826 2808 μή
848 2739 1008 2791 τοῦτο
1040 2738 1340 2791 πωλείσθω
1362 2737 1489 2789 ἀνευ
1546 2735 1771 2805 γνώμης

202 2828 299 2881 τοῦ
327 2829 725 2896 μητροπολίτου
753 2828 849 2894 τῆς
903 2827 1072 2896 αὐτῆς
1105 2827 1369 2897 ἐπαρχίας
1400 2826 1495 2879 καὶ
1521 2828 1625 2878 τῶν
1652 2844 1771 2879 συν-

204 2920 524 2970 επισκόπων
551 2918 738 2971 αὐτοῦ.
772 2918 831 2970 Et
852 2919 897 2971 δ’
922 2919 1023 2970 οὐκ
1048 2919 1161 2988 εχει
1194 2918 1385 2987 καιρὸν
1415 2918 1502 2970 διά
1530 2918 1626 2987 τὴν
1654 2919 1767 2967 ἐπι-

203 3010 473 3077 κειμένην
504 3009 649 3078 αὐτῷ
690 3010 955 3077 ἀνάγκην,
986 3008 1197 3071 τούτοις
1230 3009 1355 3077 περὶ
1404 3007 1496 3059 τοῦ
1539 3007 1773 3076 ἀπροσό-

1868 579 2146 646 episcopos
2185 588 2239 631 et
2278 592 2479 645 magna:
2513 579 2866 641 necessitatis,
2912 590 2965 632 et
2992 581 3184 647 negotii
3229 584 3413 647 totius,

1868 677 1921 721 et
1947 668 2018 719 rei
2045 666 2378 720 alienationis
2413 667 2479 719 ab
2507 668 2756 733 episcopo
2778 676 2942 722 testes
2979 671 3219 723 adhiberi
3250 686 3410 737 Oporo

1871 764 1959 809 tet.
2016 754 2162 819 Quod
2230 757 2273 807 si
2329 755 2505 808 facere
2546 756 2877 822 neglexerit,
2939 766 2993 809 et
3033 759 3141 813 Deo
3190 760 3414 813 eritob-

1868 847 2077 910 noxius,
2135 848 2231 898 hoc
2273 853 2384 909 Cal,
2422 856 2475 897 et
2501 847 2621 899 facti
2663 849 2921 899 rationem
2967 848 3075 901 Deo
3102 864 3415 917 reposcente

1871 931 2075 993 reddet,
2109 941 2159 983 et
2188 946 2215 982 a
2245 933 2462 1001 synodo,
2493 935 2711 1003 proprio
2738 936 2937 989 honore
2962 976 2976 1000 ,
3022 938 3121 990 hoc
3160 950 3238 991 est
3266 956 3413 995 sam-

1870 1022 1937 1072 mi
1994 1022 2277 1074 sacerdotii
2332 1022 2587 1088 dignitate
2636 1025 2953 1090 privabitur.
3008 1028 3232 1095 Magnus
3288 1046 3416 1083 vero

1865 1107 2096 1178 Cyrillus
2145 1111 2195 1162 in
2227 1112 2451 1177 epistola
2500 1112 2565 1165 ad
2608 1112 2868 1167 Domnum
2917 1118 3029 1170 ltzec
3062 1119 3248 1170 habet:
3279 1120 3415 1173 Vasa

1868 1200 2123 1267 pretiosa,
2150 1201 2340 1269 inquit,
2392 1218 2453 1255 ac
2496 1206 2864 1271 possessiones
2896 1207 3197 1262 immobiles
3240 1209 3417 1263 salvas

1870 1298 2028 1357 atque
2069 1290 2358 1344 incolumes
2386 1293 2628 1351 ecclesiis
2678 1297 2987 1348 conserVari
3018 1310 3248 1364 oportet.
3278 1298 3415 1367 Lege

1868 1386 2123 1444 praeterea
2196 1383 2541 1435 mcumenicm
2605 1384 2845 1452 septimae
2896 1388 3082 1455 synodi
3157 1403 3414 1443 canonum

1868 1466 2257 1523 duodecimum.

1868 1544 2092 1610 ARIST.
2136 1577 2153 1609 ε
2185 1559 2328 1612 Buna
2380 1562 2739 1617 ecclesiastica
2789 1580 2894 1618 non
2938 1577 3063 1621 sunt
3115 1569 3414 1624 vendenda.

1947 1664 1965 1697 ι
2006 1646 2060 1699 Si
2091 1662 2215 1701 vero
2247 1649 2447 1702 reditus
2479 1667 2580 1703 non
2612 1652 2872 1716 habeant,
2919 1656 3180 1707 sententia
3205 1658 3414 1724 episco-

1952 1753 1969 1784 ε
2008 1752 2194 1804 porum
2233 1742 2550 1792 ven-duntur.
2588 1742 2643 1794 Si
2698 1758 2825 1796 vero
2859 1748 3151 1799 necessitas
3182 1762 3285 1797 non
3339 1745 3416 1800 fe-

1945 1842 1961 1875 ι
2005 1835 2086 1878 ret
2128 1836 2185 1881 ut
2227 1829 2562 1891 consulatur,
2600 1830 2689 1897 qui
2721 1834 2927 1898 .veudit
2958 1834 3162 1887 vicinos
3190 1835 3417 1889 vocabit.

1944 1932 1962 1964 ι
2002 1908 2103 1967 εἰη
2147 1920 2216 1970 ita
2268 1933 2372 1972 non
2402 1919 2607 1984 fecerit,
2653 1922 2759 1976 Deo
2801 1934 2856 1977 et
2906 1926 3109 1993 synodo
3166 1941 3293 1979 reus
3345 1936 3421 1978 tea

1948 2022 1966 2053 Ι
2005 2015 2181 2059 netur.
2208 2026 2225 2057 ι

1942 2092 2187 2163 EpiscOpi
2222 2110 2326 2150 non
2355 2098 2546 2152 debent
2591 2100 2959 2155 ecclesiastica
2990 2101 3125 2157 bona
3160 2103 3421 2169 alienare,

1871 2183 1956 2234 illa
1984 2184 2125 2236 enim
2154 2184 2321 2238 divini
2364 2195 2486 2237 sunt
2512 2185 2671 2253 juris,
2707 2197 2869 2255 atque
2900 2189 3022 2243 ideo
3052 2206 3157 2244 non
3191 2192 3420 2249 venalia.

1872 2268 1925 2322 Si
1956 2272 2075 2337 quis
2115 2283 2288 2325 autem
2341 2276 2734 2342 possessionem
2800 2278 2993 2331 habeat
3052 2280 3255 2335 reditus
3312 2296 3417 2335 non

1870 2362 2249 2431 proferentem,
2282 2378 2335 2419 et
2361 2369 2642 2423 ecclesiam
2670 2385 2819 2423 suam
2847 2372 3039 2425 debitis
3059 2384 3332 2441 gravatam
3365 2385 3421 2427 et

1871 2454 1989 2506 aliis
2036 2469 2276 2522 pressam
2323 2457 2845 2514 incommoditatibus
2878 2472 2932 2515 et
2958 2478 3077 2516 eam
3132 2464 3423 2519 divendere

1870 2544 2067 2610 vellet,
2110 2558 2165 2599 ut
2210 2548 2439 2616 pretium
2488 2550 2633 2605 illius
2692 2553 3050 2607 indebitorum
3100 2555 3423 2611 solutionem

1870 2637 2180 2701 conjiceret,
2212 2648 2304 2693 aut
2333 2643 2396 2693 ad
2423 2642 2558 2695 alias
2596 2647 2855 2711 quasdam
2906 2656 3160 2713 urgentes
3186 2652 3426 2702 necessi-

1872 2734 2042 2790 tates;
2096 2727 2238 2780 illam
2278 2746 2384 2783 non
2420 2732 2611 2785 vendat
2642 2734 2762 2786 sine
2798 2737 3087 2801 provinciae
3130 2738 3281 2792 istius
3312 2755 3425 2792 tne-

1874 2816 2177 2883 tropolitani
2221 2830 2277 2871 et
2345 2822 2791 2889 coepiscoporum
2832 2826 2999 2894 ipsius
3031 2832 3317 2882 sententia.
3368 2831 3426 2883 Si

1872 2915 2049 2959 autem
2111 2918 2319 2976 tempus
2367 2927 2469 2964 non
2519 2913 2739 2979 habeat,
2788 2929 3008 2985 propter
3056 2921 3426 2974 imminentem

1874 2996 1970 3063 ipsi
2005 3000 2401 3064 necessitatem,
2438 3016 2559 3055 cum
2590 3006 2656 3058 iis
2698 3008 2765 3060 de
2794 3010 3059 3063 imtnobili
3090 3012 3289 3065 reditus
3323 3030 3428 3067 non

202 3097 293 3148 δου
322 3099 582 3167 ἀκινήτου
632 3097 1045 3167 βουλεύσασθαι,
1079 3099 1155 3161 ὡς
1187 3098 1368 3167 μέλλει
1399 3097 1559 3149 τοῦτο
1584 3097 1768 3164 πωλῆ-
1794 3101 1839 3163 C

1761 3101 1839 3163 ιο
1875 3090 2103 3145 habente
2146 3096 2455 3148 consultare
2479 3134 2493 3157 ,
2518 3099 2787 3164 quomodo
2830 3099 2958 3154 illud
2990 3104 3303 3157 venditurus
3334 3108 3425 3167 sit,

206 3203 298 3237 eat
321 3202 338 3217 ο
370 3187 472 3239 xiv
500 3189 627 3248 τοὺς
654 3187 896 3259 γείτονας
939 3188 1281 3254 συγκαλείτω
1330 3189 1407 3248 είς
1442 3186 1771 3255 μαρτυρίαν,

204 3278 291 3329 ἴνα
314 3278 412 3339 τάς
430 3277 809 3345 ἐπισυμσάσας
828 3281 892 3346 τῇ
921 3278 1187 3347 ἐκκλησίᾳ
1208 3276 1371 3329 αὑτοῦ
1400 3278 1771 3345 περιστάσεις,

206 3366 274 3418 δι’
307 3368 376 3428 ἀς
400 3366 461 3419 τὸ
502 3366 737 3420 τοιοῦτον
783 3369 953 3421 πωλεῖ
1008 3368 1287 3437 ἀκίνητον,
1346 3364 1771 3433 ἐπιγινώσκωσι,

210 3456 304 3507 καὶ
337 3460 403 3523 τῇ
431 3457 632 3525 συνόδῳ
656 3458 827 3510 ταῦτα
881 3459 976 3509 καὶ
1014 3458 1309 3526 μετέπειτα
1353 3458 1768 3527 παραστήσωσι.

208 3548 269 3598 Et
304 3546 362 3597 δὲ
393 3548 451 3597 ού
481 3548 652 3599 ταῦτα
681 3547 926 3615 φυλάξει,
958 3547 1075 3600 ἀλλ’
1112 3548 1447 3609 αὐτοόούὶως
1492 3549 1772 3617 ποιήσεται

205 3637 305 3702 τὴν
336 3636 625 3701 διάπρασιν
653 3654 665 3665 ·
726 3638 819 3690 καὶ
862 3636 938 3705 τῷ
999 3638 1118 3706 Θεῷ
1152 3643 1243 3689 καὶ
1265 3639 1329 3707 τῇ
1393 3637 1593 3706 συνόδῳ
1623 3637 1772 3690 ἔσται

208 3724 529 3790 ὑπεύθυνος,
563 3727 653 3779 καὶ
684 3726 963 3795 ἀλλότριος
996 3728 1093 3795 τῆς
1128 3728 1313 3797 τιμῆς.

820 3815 1057 3870 ΚΑΝΩΝ
1086 3816 1164 3869 A'.

212 3924 230 3955 ι
278 3903 513 3973 Ὁμοίως
543 3905 866 3973 ἐϐεϐαιώθη,
910 3907 1013 3970 ῐνα,
1048 3906 1141 3958 ἐάν
1189 3922 1319 3958 ποτε
1358 3907 1771 3978 πρεσϐύτεροιῆ

284 4017 303 4046 ι
342 3996 580 4048 διάκονοι
602 3997 693 4049 ἐπί
710 4014 814 4049 τινι
847 3996 1131 4066 βαρυτέρῳ
1152 3994 1455 4065 ἐγκλήματι
1476 3984 1771 4065 ἐλεγχθῶσι

282 4105 300 4135 ι
344 4086 424 4153 τῷ
452 4087 765 4153 ἀναγκαίως
794 4087 989 4149 αὐτοὺς
1041 4086 1140 4154 τῆς
1192 4086 1531 4156 λειτουργίας
1580 4090 1773 4141 ἀποκι-

284 4192 305 4226 s
336 4175 541 4239 νοῦντι,
571 4176 644 4243 μή
679 4175 1019 4227 ἐπιτίθεσθαι
1074 4176 1259 4238 αὐτοῖς
1291 4179 1480 4245 χεῖρας
1511 4177 1585 4239 ὡς
1610 4194 1770 4245 μετι-

287 4284 307 4319 ι
346 4264 581 4329 νοοῦσιν,
615 4266 647 4335 ἢ
681 4265 755 4327 ὡς
802 4268 1010 4326 πιστοῖς
1045 4264 1249 4326 λαῖκοῐς
1300 4265 1435 4333 μηδέ
1487 4266 1773 4333 ἐπιτρέπε-

278 4375 299 4403 ε
334 4354 464 4408 σθαι
494 4358 695 4417 αὐτοῖς,
743 4353 884 4406 ὥστε
925 4353 1469 4421 ἀναὸαπτιξομένοις,
1517 4355 1649 4423 πρὸς
1678 4357 1771 4406 τὸν

280 4467 300 4499 ι
335 4446 431 4499 τοῦ
466 4446 665 4515 κλήρου
696 4444 904 4513 βαθμὸν
934 4446 1279 4514 προκόπτειν.
1323 4460 1342 4493 ι

274 4538 476 4591 ΒᾹΑΣ.
515 4538 669 4599 Τινὲς
702 4535 810 4587 τῶν
865 4534 959 4586 τοῦ
1026 4533 1289 4603 βήματος,
1352 4535 1772 4603 καθαιρεθέντες

205 4630 291 4681 ειά
321 4644 443 4678 τινα
470 4624 852 4693 ἐγκληματικά
876 4626 1199 4691 αἰτιάματα,
1230 4623 1442 4692 ήοελον,
1470 4625 1543 4686 ὼς
1576 4625 1770 4687 ῑοικεν,

207 4716 564 4783 ἀναγνώστας
612 4713 877 4783 ταχθῆναι
930 4713 963 4783 ἢ
1004 4716 1083 4773 είς
1133 4713 1357 4781 ἐτέρους
1390 4711 1635 4782 βαθμοὺς
1670 4714 1775 4777 ἔξω

206 4808 299 4859 sui
334 4806 579 4874 βήματος
616 4803 774 4865 ὄντας
793 4817 808 4831 ·
842 4804 935 4855 καὶ
953 4802 1159 4869 ἔλεγον,
1178 4802 1272 4865 ὡς,
1298 4802 1452 4853 Ἐπεὶ
1488 4801 1777 4870 μετανοοῦ-

210 4916 312 4967 μεν
349 4900 443 4948 καὶ
474 4898 549 4953 είς
574 4896 737 4947 τόπον
772 4894 1189 4962 κατηντήσαμεν
1236 4893 1456 4956 λαῖκῶν,
1489 4894 1776 4961 ὀφείλομεν

211 4990 310 5039 κάν
338 4987 420 5047 είς
444 4986 683 5052 βαθμοὺς
708 4984 980 5045 τοιούτους
1002 4984 1356 5052 προκόπτειν,
1408 4984 1487 5045 εἰς
1516 4982 1663 5045 οἴους
1684 4986 1777 5035 καὶ

206 5079 255 5127 ot
286 5075 472 5127 λαῖκοὶ
530 5073 919 5143 προκόπτουσι.
952 5073 1125 5125 Τοῦτο
1154 5072 1247 5125 οὖν
1279 5075 1353 5141 μὴ
1394 5071 1677 5141 δεξάμενοι
1726 5074 1775 5124 ot

205 5168 475 5235 Πατέρες,
532 5164 739 5234 ὥρισαν
785 5166 897 5225 τοῖς
926 5163 1294 5232 καθαιρεοεῑσι
1328 5164 1403 5233 μὴ
1438 5164 1776 5215 ἐπιτίθεσθαι

206 5258 364 5323 παρά
394 5256 502 5305 τῶν
530 5254 829 5323 ἀρχιερέων
872 5256 1057 5321 χεῖρας
1081 5254 1240 5320 χάριν
1282 5251 1617 5319 οἱασδήτινος
1650 5251 1703 5300 γ)
1721 5268 1779 5319 η-

208 5348 428 5416 ρώσεως
451 5361 467 5375 ⁸
502 5344 601 5396 κᾶν
627 5343 948 5413 μετανοῶσι,
968 5344 1059 5394 καὶ
1079 5343 1153 5403 ὡς
1181 5342 1361 5394 πιστοὶ
1387 5341 1565 5392 λαῖκοὶ
1586 5340 1778 5409 δέχων-

205 5456 316 5490 ται.
360 5436 517 5487 Ἐπεὶ
551 5434 608 5485 δὲ
656 5434 837 5498 ἔλεγόν
865 5449 1008 5493 τινες
1054 5432 1128 5492 ὡς
1160 5430 1221 5482 τὸ
1272 5430 1556 5497 βάπτισμα
1608 5431 1774 5499 ῥύπον

206 5533 389 5581 πάντα
421 5525 701 5587 ὲκπλύνει,
736 5526 829 5575 καὶ
867 5523 1094 5591 ἐζήτουν
1117 5525 1180 5574 ἐκ
1202 5521 1455 5590 δευτέρου
1480 5521 1775 5589 βαπτισθῆ-

208 5639 315 5685 ναι,
352 5620 499 5671 ὦστε
552 5616 958 5684 ἀποπλυνΟῆ-ιαι
1010 5614 1150 5683 τάχα
1203 5615 1303 5682 τὴν
1368 5614 1778 5682 ἐγκληματιγὴν

209 5710 575 5770 ἀκαθαρσίαν,
606 5708 671 5759 δι’
704 5709 769 5771 ἦν
820 5707 1224 5773 καθηρέθησαν,
1272 5708 1360 5758 καῖ
1394 5705 1533 5758 οὕτω
1567 5705 1775 5774 ningui-

1874 3184 2064 3237 saltem
2119 3186 2327 3256 vicinos
2366 3190 2415 3241 in
2471 3191 2838 3245 testimonium
2886 3206 3166 3261 convocet,
3223 3208 3281 3251 ut
3309 3213 3428 3266 qua:

1874 3276 2115 3328 ecclesia
2165 3276 2306 3332 illius
2348 3280 2666 3333 acciderunt
2733 3282 3243 3349 incommoditates,
3290 3302 3429 3354 pro--

1874 3372 1989 3430 pter
2032 3380 2166 3433 quas
2204 3368 2475 3422 immobile
2508 3370 2637 3423 illud
2671 3373 2874 3434 vendit,
2897 3386 3248 3441 cognoscant,
3280 3385 3334 3427 et
3364 3390 3426 3429 ea

1874 3457 2075 3522 synodo
2106 3457 2265 3509 etiam
2288 3472 2469 3526 postea
2515 3459 2823 3513 exhibeant.
2864 3461 2920 3514 Si
2970 3471 3146 3516 autem
3182 3466 3295 3517 hac
3325 3480 3428 3517 non

1874 3544 2257 3605 observaverit,
2304 3548 2398 3599 sed
2441 3562 2536 3600 sua
2587 3560 2778 3616 sponte
2804 3552 3169 3605 venditionem
3206 3552 3429 3620 fecerit;

1874 3640 1926 3684 et
1964 3632 2072 3685 Deo
2117 3644 2170 3687 et
2209 3636 2413 3702 synodo
2449 3637 2729 3690 reddenda:
2766 3638 2958 3691 rationi
2993 3640 3260 3694 obnoxius
3304 3642 3425 3705 erit,

1874 3729 1928 3774 et
1955 3722 2021 3775 ab
2045 3721 2248 3777 honore
2268 3724 2497 3780 alienus.

2414 3816 2640 3872 CANON
2694 3817 2859 3871 XXX.

1878 3924 1897 3956 ι
1938 3904 2197 3959 Similiter
2224 3908 2598 3961 conlirmatum
2632 3918 2734 3971 est,
2759 3920 2849 3974 «ιιι,
2885 3910 2927 3963 si
2970 3911 3183 3978 quando
3210 3914 3432 3984 presby-

1950 4013 1968 4045 ε
2006 4005 2086 4049 ter
2142 4000 2224 4049 vel
2274 3998 2534 4051 diaconus
2597 3998 2823 4067 alicujus
2874 4004 3136 4066 gravioris
3188 4006 3433 4060 criminis

1948 4106 1966 4137 ι
2000 4088 2229 4140 convicti
2260 4088 2475 4152 iuerint,
2499 4094 2639 4157 quod
2660 4106 2753 4144 eos
2775 4107 2804 4143 a
2828 4106 2982 4145 sacro
3008 4095 3307 4147 ministerio
3335 4112 3431 4149 ne-

1948 4194 1966 4229 ι
2002 4177 2239 4231 cessario
2273 4188 2470 4242 movet,
2520 4196 2624 4232 non
2665 4196 2788 4235 esse
2821 4185 2899 4234 eis
2932 4198 3121 4236 manus
3158 4185 3434 4251 imponen-

1948 4281 1967 4314 ι
2006 4266 2120 4327 das,
2158 4276 2214 4319 ut
2243 4267 2614 4334 paenitentiam
2643 4270 2941 4336 agentibus,
2977 4268 3058 4321 vel
3089 4280 3146 4322 ut
3178 4269 3425 4324 tidelilms

1955 4369 1973 4403 ι
2008 4354 2191 4417 laieis;
2232 4368 2402 4422 neque
2438 4356 2673 4421 permitti
2707 4355 2807 4418 eis,
2846 4364 3099 4423 tanquam
3126 4356 3429 4424 rebaptiza-

1962 4463 1979 4495 ι
2015 4447 2097 4507 tis,
2129 4446 2193 4498 ad
2228 4446 2356 4499 cleri
2380 4448 2601 4511 gradum
2631 4449 2953 4513 promoveri.
2991 4464 3009 4496 ι

1950 4535 2142 4589 BALS.
2189 4536 2416 4600 Quidam
2452 4551 2661 4601 eorum,
2697 4538 2787 4606 qui
2836 4540 3009 4590 locant
3062 4539 3337 4592 habebant
3380 4540 3431 4591 in

1875 4628 2099 4696 pulpito,
2140 4627 2365 4695 depositi
2398 4636 2615 4695 propter
2658 4628 2967 4681 criminales
3006 4644 3229 4695 causas,
3290 4629 3433 4681 vole-

1878 4718 2027 4783 bant,
2074 4729 2128 4771 ut
2152 4730 2233 4772 est
2280 4720 2590 4781 verisimile,
2644 4720 2871 4774 lectores
2910 4721 3172 4785 ordinari,
3237 4720 3318 4773 vel
3380 4722 3434 4772 in

1879 4810 2013 4863 alios
2044 4809 2240 4879 gradus
2280 4811 2369 4878 qui
2396 4820 2522 4864 sunt
2544 4822 2693 4864 extra
2727 4812 2983 4879 pulpitum
3017 4828 3031 4865 :
3062 4820 3116 4865 et
3147 4814 3390 4865 dicebant
3417 4828 3431 4863 :

1877 4900 2136 4967 QuOniatn
2164 4903 2529 4968 paenitentiam
2564 4903 2774 4969 agimus
2802 4911 2856 4953 et
2888 4903 2939 4953 in
2970 4902 3225 4955 laicofum
3262 4903 3433 4954 locum

1881 4990 2078 5042 redacti
2105 5004 2309 5050 sumus,
2339 4989 2599 5042 debemus
2642 4992 2832 5043 saltem
2867 4991 2932 5043 ad
2967 5007 3059 5043 eos
3090 4992 3289 5060 gradus
3313 5006 3437 5058 pro-

1881 5079 2023 5140 vehi,
2051 5080 2115 5129 ad
2150 5094 2282 5145 quos
2309 5080 2431 5131 laici
2470 5083 2856 5147 proveltuntur.
2901 5080 3008 5134 lloc
3042 5096 3170 5149 ergo
3204 5097 3306 5133 non
3339 5082 3434 5133 ad-

1878 5170 2152 5222 mittentes
2187 5170 2374 5223 Patres
2399 5178 2722 5234 statuerunt,
2753 5181 2811 5223 ιιι
2837 5172 3093 5239 depasitis
3125 5187 3229 5224 nun
3265 5173 3438 5238 illito-

1881 5268 2078 5312 nantur
2111 5274 2335 5323 manus,
2372 5260 2440 5313 ob
2472 5260 2899 5327 qualemcunque
2944 5262 2996 5313 in
3032 5261 3233 5313 clerum
3284 5274 3431 5313 rece-

1879 5353 2138 5419 ptiunetn,
2181 5351 2390 5405 etiamsi
2428 5350 2793 5418 pmnitentiam
2840 5361 3023 5419 agant,
3059 5361 3114 5405 et
3151 5360 3209 5403 ut
3252 5350 3437 5404 ﬁdeles

1882 5443 1999 5495 laici
2066 5443 2413 5509 recipiantur.
2460 5442 2594 5507 Quia
2645 5452 2823 5495 autem
2887 5442 3134 5495 dicebant
3198 5442 3435 5494 nonnulli

1882 5533 2201 5599 baptismum
2254 5531 2441 5584 sordes
2479 5546 2667 5585 omnes
2694 5533 2933 5593 abluere,
2975 5541 3030 5585 et
3066 5534 3313 5597 petebant
3358 5546 3442 5585 seu

1880 5622 2054 5675 eundo
2096 5621 2394 5687 baptizari,
2432 5632 2487 5672 ut
2517 5622 2792 5675 elueretur
2832 5622 3011 5676 forsan
3052 5623 3293 5676 criminis
3327 5638 3439 5675 mu-

1882 5710 2021 5771 cula,
2060 5722 2278 5771 propior
2306 5724 2466 5771 quam
2512 5720 2636 5764 sunt
2671 5711 2918 5771 depositi.
2958 5722 3011 5767 et
3040 5712 3117 5767 sic
3149 5714 3200 5767 in
3238 5713 3441 5767 clerum
