4214 6438
811 381 909 443 139

2043 366 2317 426 ἸἪΕΟΙ).
2361 364 2762 423 BALSAMON

3910 349 4008 417 140

806 494 945 548 enim
974 490 1153 560 procul
1183 489 1316 544 situs
1340 490 1426 549 sit,
1450 502 1555 540 non
1575 495 1789 554 cogetur
1808 484 1967 547 judex
1991 492 2081 536 aut
2110 486 2359 534 adversa-
2395 487 2438 540 Α

2342 510 2359 519 ·
2395 487 2438 540 Λ
2470 480 2694 546 ἔγγιστα
2723 479 3062 547 διακείμενον
3092 476 3273 537 τόπον,
3311 472 3357 524 ει
3379 472 3483 539 γὰρ
3512 468 3697 538 πόρῤω
3724 466 4006 522 διάκειται,

810 586 919 636 tius
943 584 1081 634 hanc
1110 580 1419 633 electionem
1453 579 1622 645 sequi.
1647 576 1900 628 Existimo
1939 584 2112 625 autem
2140 572 2248 623 lucc
2282 571 2358 621 lo-

806 688 927 725 cum
953 686 1058 723 non
1079 670 1273 722 habere
1290 671 1341 720 in
1363 664 2041 736 patriarchalibusjudiciis;
2060 660 2354 729 556quia

809 773 965 811 nemo
1006 768 1179 826 potest
1209 767 1403 809 metunt
1433 754 1684 819 causari,
1712 756 1800 805 uhi
1838 751 2210 818 patriarchalis
2237 764 2320 800 ma
2346 777 2355 787 -

806 848 1101 916 gnitudinis
1131 856 1365 913 potestas
1408 859 1622 897 omnem
1651 851 1866 907 superat
1890 840 2179 907 potentiam
2214 854 2227 888 :
2261 839 2353 890 sed

809 941 874 989 de
901 936 1293 1003 episcopalibus
1327 934 1670 986 inferioribus
1690 931 1908 1000 judiciis
1932 930 2044 982 haec
2067 938 2190 981 sunt
2212 928 2361 982 acci-

811 1028 1026 1095 pienda,
1086 1026 1172 1077 ubi
1210 1034 1259 1080 et
1309 1026 1507 1093 judicis
1537 1035 1589 1077 ct
1618 1024 1943 1090 litigatorum
1979 1019 2155 1075 facilis
2207 1029 2287 1074 est
2325 1033 2355 1070 a

820 1120 937 1171 loco
974 1117 1024 1171 in
1050 1117 1226 1170 locum
1256 1116 1552 1169 translatio.

880 1385 1131 1439 ZONAR.
1163 1384 1217 1438 Si
1250 1400 1389 1453 qum,
1427 1384 1619 1451 inquit,
1662 1385 1886 1436 exsistat
1920 1382 2057 1435 inter
2089 1382 2224 1434 duos
2254 1380 2362 1433 cle-

810 1473 951 1524 ricos
1005 1472 1392 1535 controversia,
1439 1486 1734 1537 eorumque
1785 1471 1939 1532 alter,
1998 1483 2104 1537 quo
2161 1468 2363 1521 inloco

811 1562 1047 1615 tribunal
1087 1562 1335 1628 erigitur,
1377 1563 1479 1613 vim
1543 1562 1911 1629 pertimescat,
1948 1561 2103 1628 quasi
2153 1558 2361 1613 scilicet

808 1652 1034 1719 populus
1064 1665 1328 1719 propenso
1369 1652 1421 1703 in
1472 1650 1839 1703 adversarium
1888 1649 2003 1716 ejus
2031 1649 2211 1701 animo
2258 1647 2361 1699 im-

810 1749 989 1807 petum
1027 1739 1167 1791 forte
1216 1740 1266 1791 in
1318 1739 1463 1791 illum
1500 1738 1735 1791 facturus
1790 1738 1880 1800 sit,
1914 1737 1996 1791 vel
2041 1737 2267 1791 testibus
2294 1737 2362 1788 ab

2464 574 2562 623 οὐκ
2600 571 3073 639 ἀναγκασθήσεται
3110 570 3136 619 ό
3168 565 3424 627 δικαστὴς
3456 564 3487 624 ἢ
3525 564 3552 611 6
3580 558 3851 616 ἀντίδικος
3886 555 4014 605 ἀκο-

2464 661 2719 729 λουθῆσαι
2750 663 2815 730 τῇ
2847 661 3068 727 ἐπιλογῇ
3098 658 3288 724 ταύτῃ.
3319 651 3485 721 Οἶμαι
3519 650 3574 700 δὲ
3605 649 3685 701 ὅτι
3712 646 3885 697 ταῦτα
3912 642 4002 710 χώ-

2466 765 2565 818 ραν
2593 751 2693 802 οὐκ
2724 750 2933 817 ἔχουσιν
2963 752 3039 809 εἰς
3064 749 3129 800 τὰ
3154 741 3520 811 πατριαρχιιά
3541 738 3869 806 δικαστήρια
3894 751 3908 764 ο
3934 734 4013 785 δτι

2459 841 2631 903 οὐδεὶς
2681 840 2905 892 δύναται
2945 839 3105 906 φόϐον
3132 833 3499 905 προϐαλέσθαι
3538 829 3663 883 ἔνθα
3710 831 3743 897 ὴ
3795 824 4013 891 ἐξουσία

2462 930 2563 997 τῆς
2591 930 3000 999 πατρισρχικῆς
3035 926 3449 996 μεγαλειότητος
3482 921 3800 989 ὑπερϐαίνει
3828 917 4013 970 πᾶσαν

2461 1020 2771 1072 δυναστείαν
2797 1037 2809 1050 ·
2840 1020 2953 1072 ἀλλ’
2986 1021 3064 1083 είς
3097 1016 3425 1071 ἐπισκοπικά
3454 1013 3641 1079 εὐτελῆ
3689 1009 4014 1077 δικαστήρια

2463 1110 2531 1162 τὰ
2564 1110 2656 1162 τοῦ
2688 1112 2905 1174 κανόνος
2947 1110 3362 1180 ἑκληφθήσεται.
3394 1106 3526 1158 ὅπου
3554 1104 3647 1158 καὶ
3676 1104 3706 1171 ἡ
3740 1101 3834 1154 τοῦ
3858 1100 4012 1151 δικα-

2469 1201 2592 1252 στοῦ
2619 1202 2714 1254 καὶ
2736 1204 2768 1270 ἡ
2796 1202 2901 1254 τῶν
2930 1200 3212 1254 ἀντιδίκων
3273 1200 3338 1251 εκ
3362 1198 3526 1250 τόπου
3584 1195 3663 1258 είς
3718 1194 3882 1245 τόπον
3925 1206 4018 1257 με·

2468 1290 2723 1352 τάστασίς
2760 1292 2907 1343 εστιν
2936 1290 3183 1359 εὐχερής.

2534 1384 2777 1437 ΖΩΝΔΡ.
2826 1383 2942 1437 Κάν
2974 1382 3247 1453 κληρικοὶ,
3287 1380 3441 1450 φησι,
3470 1378 3563 1433 δύο
3602 1377 3726 1433 κατ’
3766 1372 4015 1446 ἀλλήλων

2461 1472 2649 1542 ῐχωσι,
2685 1474 2781 1528 καὶ
2814 1476 2841 1527 6
2873 1470 2952 1537 εἷς
2999 1474 3230 1541 φοϐῆται
3269 1471 3392 1541 βίαν
3421 1472 3480 1523 ἂν
3593 1469 3912 1521 συνίσταται
3956 1467 4017 1517 τὸ

2460 1566 2833 1635 δικαστήριον,
2876 1564 2949 1628 ὡς
2996 1564 3124 1627 ἴσως
3200 1559 3679 1632 παναστησομινου
3731 1556 3881 1626 αὐτῷ
3925 1554 4014 1607 τοῦ

2464 1656 2595 1711 λαοῦ
2628 1657 3024 1726 προσκειμένου
3054 1652 3132 1723 τῷ
3157 1654 3406 1723 ἀντιδίκῳ
3434 1650 3618 1714 αὐτοῦ,
3645 1650 3677 1720 ἢ
3700 1650 3802 1702 οὐκ
3826 1649 4018 1701 εάσον·

2466 1766 2556 1811 τος
2600 1747 2763 1800 αὐτὸν
2812 1750 3157 1816 παραγαγεῖν
3198 1747 3500 1817 μάρτυρας,
3546 1739 3827 1796 ινδιδόσθω
3866 1737 4018 1804 αὑτῷ

810 1844 876 1883 eo
939 1829 1298 1897 produci-udis
1356 1829 1731 1895 impedimento
1785 1827 2025 1891 futurus;
2077 1827 2148 1879 illi
2197 1827 2361 1879 alium
2396 1840 2474 1896 Bt

2352 1840 2361 1877 ι
2396 1842 2436 1896 Β
2464 1838 2656 1905 ῑτερον
2691 1836 3044 1899 ἐπιλέξασθαι
3082 1836 3267 1900 τόπον,
3303 1834 3385 1887 ίνα
3427 1833 3542 1884 ἐκεῖ
3581 1831 3641 1883 τὸ
3667 1830 4016 1897 δικαστήριον

811 1917 1169 1985 persequendi
1202 1916 1389 1982 iudicii
1424 1916 1597 1969 locum
1646 1915 1871 1983 eligendi
1913 1914 2139 1968 facultas
2192 1914 2358 1967 libera

813 2010 1179 2077 relinquatur:
1209 2006 1380 2059 locum
1428 2021 1554 2059 vero
1592 2007 1834 2073 proxime
1877 2006 2061 2066 situm,
2098 2018 2203 2057 non
2245 2003 2360 2056 lon-

810 2112 875 2167 go
912 2095 1190 2150 intervallo
1253 2094 1605 2162 disjunctnm,
1643 2110 1709 2148 ne
1755 2095 2064 2148 adversario
2091 2091 2357 2162 etjudiciv

812 2189 911 2243 bus
945 2189 1070 2241 illuc
1120 2186 1407 2240 convenire
1464 2185 1681 2238 difficile
1728 2186 1821 2249 sit,
1870 2193 2032 2252 utque
2066 2184 2177 2237 illic
2208 2182 2362 2236 facile

811 2288 974 2333 testes
1012 2279 1265 2331 exhibere
1300 2275 1833 2342 controversiamque
1878 2274 2133 2326 dirimere
2180 2271 2361 2324 liceat.

807 2368 940 2424 Nam
981 2370 1024 2424 si
1063 2370 1217 2437 longe
1254 2366 1440 2433 iudicii
1475 2367 1761 2424 exercendi
1814 2365 1969 2419 sedes
1998 2364 2159 2426 absit,
2197 2372 2360 2417 testes

812 2476 1027 2529 quoque
1069 2461 1371 2527 producere
1402 2458 1615 2511 difficile
1642 2458 1761 2511 erit.
1792 2456 1970 2524 Neque
1991 2454 2133 2507 enim
2166 2464 2223 2508 ut
2243 2452 2362 2506 lon-

808 2555 923 2620 gius
973 2552 1388 2620 pcregrineutur
1440 2558 1609 2603 testes
1638 2547 1831 2601 adduci
1891 2553 2166 2615 poterunt.
2227 2542 2360 2597 Nam

808 2643 1080 2712 proprium
1111 2642 1347 2695 officium
1377 2640 1574 2694 nemini
1628 2637 1951 2692 detrimento
1995 2650 2114 2689 esse
2144 2635 2360 2697 debere,

808 2740 925 2805 lege
952 2733 1281 2787 decernitur.
1310 2729 1557 2784 Officium
1579 2744 1703 2782 vero
1727 2727 1971 2781 Latinum
1996 2739 2076 2779 est
2106 2726 2349 2791 verbum,

808 2825 1331 2881 administrationem
1379 2821 1702 2889 minimeque
1735 2822 1950 2875 dubiam
1979 2820 2137 2872 fidem
2162 2817 2365 2886 signifi-

808 2929 959 2967 caus.

810 3001 1037 3055 ARIST.
1094 3020 1109 3051 ι
1142 3002 1239 3067 Qui
1302 3010 1538 3062 accusat,
1590 2999 1670 3052 vel
1723 3007 2023 3062 accusatur,
2058 2995 2364 3050 violentiam

884 3106 900 3137 ε
949 3090 1156 3150 timens,
1185 3087 1356 3138 locum
1382 3086 1479 3138 sibi
1507 3095 1680 3138 tutum
1710 3083 1920 3151 scligat.
1957 3102 1973 3133 ι

888 3174 988 3239 Qui
1042 3174 1272 3240 aliquem
1312 3182 1564 3236 accusat,
1613 3180 1666 3226 et
1719 3150 2018 3239 suspicatur
2068 3184 2125 3223 se
2159 3170 2265 3221 vim
2296 3167 2364 3223 ab
2391 3150 2434 3208 ο

810 3265 1043 3320 accusati
1062 3274 1211 3332 parte
1238 3278 1546 3332 passurum,
1572 3264 1650 3315 vel
1676 3263 1789 3317 vice
1814 3276 1965 3316 versa
1986 3270 2271 3314 accusatus
2298 3259 2367 3313 ab

816 3365 1172 3417 accusatore;
1209 3368 1582 3422 quemcunque
1622 3353 1802 3405 volunt
1866 3352 2039 3405 locum
2097 3351 2163 3405 ad
2211 3365 2367 3404 secu-

808 3450 1024 3503 ritatem
1074 3461 1225 3499 suam
1284 3445 1500 3512 eligant,
1555 3444 1641 3497 ubi
1694 3444 1847 3496 facile
1890 3443 2097 3510 possint
2137 3450 2190 3495 et
2243 3456 2362 3495 cum

810 3543 963 3608 ipsis,
1011 3555 1145 3608 quos
1178 3539 1315 3592 forte
1346 3538 1542 3591 habent
1589 3537 1811 3588 testibus
1837 3535 2164 3597 conversari,
2193 3540 2247 3587 et
2280 3533 2366 3601 ju-

808 3635 952 3685 dicio
1001 3632 1121 3686 sine
1165 3629 1401 3699 periculo
1426 3633 1618 3681 slstere
1649 3644 1663 3679 :
1698 3641 1762 3679 ne
1803 3636 2016 3694 propter
2066 3624 2363 3678 istiusmodi

808 3726 1056 3777 timorem
1095 3732 1381 3775 accusator
1411 3720 1479 3773 ab
1508 3718 1848 3773 accusatione
1882 3716 2128 3777 desistat,
2157 3714 2239 3767 vel
2270 3726 2367 3766 ac-

805 3824 1030 3871 cusatus
1084 3830 1113 3867 a
1163 3814 1367 3881 judicio
1428 3810 1733 3865 clanculum
1784 3808 2021 3870 recedat,
2076 3815 2128 3860 et
2169 3806 2363 3860 absens

808 3907 1219 3963 condemnetur.

1330 4076 1557 4133 CAKON
1590 4074 1829 4130 XXXIV.

812 4193 829 4224 ι
880 4174 935 4226 Si
972 4172 1062 4242 qui
1116 4171 1296 4225 clerici
1349 4184 1378 4221 a
1431 4170 1661 4236 propriis
1696 4166 1962 4235 episc0pis
1994 4174 2222 4234 promoti
2270 4176 2363 4215 eos

882 4286 899 4317 ε
932 4271 1303 4324 contemnant,
1341 4276 1409 4314 ne
1452 4260 1560 4312 illic
1588 4259 1800 4327 quidem
1838 4256 2249 4309 maneantunde
2278 4268 2363 4305 se-

890 4377 907 4409 c
948 4359 1140 4411 cedere
1192 4355 1499 4408 noluerunt.
1537 4350 1796 4404 Similiter
1832 4349 2062 4417 placuit,
2096 4355 2152 4397 ut
2182 4346 2361 4411 cujus-

890 4467 906 4499 ι
950 4445 1307 4511 modicunqne
1334 4439 1515 4494 cleriii
1546 4446 1599 4489 ct
1624 4434 1855 4495 diaconi,
1893 4433 1933 4485 si
1960 4432 2072 4485 suis
2101 4428 2362 4497 cpisc0pis

887 4557 905 4591 ε
949 4546 1170 4605 propter
1222 4542 1474 4601 urgentes
1509 4530 1715 4596 aliquas
1751 4540 1969 4577 suarum
2008 4521 2361 4576 ecclesiarum

882 4649 898 4680 ι
938 4641 1129 4681 causas
1172 4641 1264 4678 eos
1307 4623 1371 4675 ad
1408 4620 1709 4688 majorcsjn
1734 4616 1962 4671 ecclesia
2002 4629 2095 4667 sua
2134 4613 2364 4665 honores

881 4740 895 4771 ι
942 4718 1240 4787 provehere
1288 4711 1629 4771 volentibus,
1688 4724 1790 4760 nun
1851 4705 2159 4775 paruerint,
2211 4716 2275 4753 ne
2310 4699 2362 4751 in

891 4832 909 4865 ι
953 4812 1039 4864 illo
1068 4809 1281 4877 quidem
1320 4806 1483 4874 gradu
1520 4801 1845 4863 ministrent,
1877 4813 1941 4849 ex
1979 4810 2085 4864 quo
2112 4793 2365 4849 recedere

881 4924 896 4954 ι
943 4902 1247 4956 noluerunt.
1284 4916 1299 4947 ι

872 5013 1064 5068 Ελιιδ.
1102 5012 1327 5076 Quidam
1358 5008 1565 5069 clerici,
1605 5013 1661 5057 ut
1690 5013 1774 5058 est
1821 4999 2136 5060 verisimile,
2178 5012 2204 5049 a
2249 4997 2363 5049 suis

802 5104 1073 5173 episcopis
1099 5103 1164 5155 ad
1217 5101 1446 5167 majores
1500 5099 1698 5165 gradus
1744 5092 1973 5154 evocati,
2032 5100 2250 5158 propter
2277 5104 2365 5139 ec-

800 5197 1085 5249 clesiarum
1127 5192 1436 5251 utilitatem,
1474 5204 1579 5241 non
1636 5183 2096 5255 persuadebantur
2142 5178 2242 5231 hoc
2282 5176 2364 5228 fa-

802 5280 945 5347 i’cre,
979 5298 1043 5335 eo
1074 5282 1216 5350 quod
1262 5278 1665 5346 acquiescerent
1698 5275 1763 5327 iis
1794 5288 1927 5341 quos
1954 5273 2063 5341 jam
2090 5269 2364 5322 habebant

803 5376 1078 5441 gradibus,
1101 5374 1254 5427 lucro
1286 5371 1515 5423 fortasse
1535 5366 1615 5420 vel
1636 5366 1898 5433 corporali
1918 5366 2094 5431 quiete
2122 5358 2358 5413 adducti.

806 5468 1118 5517 Statuerunt
1152 5478 1279 5529 ergo
1314 5461 1524 5523 Patres,
1557 5468 1612 5509 ut
1643 5458 1685 5510 si
1714 5457 1802 5524 qui
1840 5455 2047 5512 clerici.
2084 5454 2360 5520 cujusmo-

805 5557 1073 5624 dit-imque
1106 5554 1437 5609 sacerdotale
1490 5550 1845 5603 ministerium
1878 5556 2193 5601 exercentes
2245 5547 2361 5613 (nc-

804 5662 907 5713 que
952 5647 1092 5698 cnim
1144 5646 1227 5699 hic
1262 5643 1601 5712 accipiuntur
1646 5638 1852 5692 diaconi
1904 5653 1999 5704 pro
2044 5636 2129 5699 iis,
2182 5634 2358 5703 quiin

802 5748 989 5793 sancto
1021 5736 1270 5790 tribunali
1300 5735 1638 5797 ministrant;
1682 5730 1775 5785 sed
1816 5743 1912 5798 pro
1944 5728 2035 5793 iis,
2058 5726 2147 5797 qui
2179 5726 2352 5792 quud~

2461 1929 2728 1997 γένηται·
2790 1926 3015 1994 ἔγγιστα
3074 1925 3132 1977 δὲ
3183 1924 3518 1991 διακείμενον
3568 1920 3731 1973 τόπον
3784 1919 3879 1972 καὶ
3939 1918 4016 1987 μὴ

2462 2019 2603 2073 πάνυ
2653 2018 2841 2088 πάρρω
2890 2016 3247 2085 τυγχάνοντα,
3283 2015 3421 2067 ὥστε
3470 2014 3605 2082 μήτε
3643 2010 3720 2080 τῷ
3762 2009 4017 2077 ἀντιδίκῳ

2460 2106 2645 2172 αὑτοῦ,
2700 2108 2834 2177 μήτε
2867 2108 2977 2168 τοῖς
3001 2104 3310 2169 δικάζουσιν
3351 2099 3487 2157 εἶναι
3519 2100 3756 2171 δυσχερῆ
3788 2100 3889 2169 τὴν
3930 2101 4012 2161 είς

2464 2201 2667 2253 ἐκεῖνον
2708 2198 2797 2250 τὸν
2830 2197 2995 2250 τόπον
3026 2196 3338 2261 ἀπόλευσιν,
3364 2194 3455 2257 ’ὡς
3498 2194 3565 2247 ἀν
3615 2192 3852 2261 εὐχερῶς
3895 2192 4016 2243 ﬁxe!

2465 2288 2737 2357 μάρτυρες
2761 2285 3102 2354 παραστῶσι,
3132 2285 3227 2337 καὶ
3259 2285 3290 2353 ἡ
3321 2284 3573 2346 ὑπόθεσις
3599 2281 3913 2352 περατωθῇ.
3947 2280 4013 2332 El

2462 2377 2570 2449 γάρ
2590 2378 2779 2445 πόρρω
2804 2376 3073 2431 διάκειται
3097 2375 3125 2427 ό
3144 2374 3305 2431 τόπος
3324 2376 3381 2426 εν
3396 2368 3440 2442 ᾧ
3463 2373 3641 2442 μέλλει
3662 2369 4018 2425 συνίστασθαι
4048 2417 4053 2421 ,

2463 2465 2521 2518 τὸ
2572 2464 2944 2533 δικαστήριον,
2995 2462 3087 2515 καὶ
3134 2462 3167 2532 ἡ
3215 2459 3322 2515 τῶν
3368 2460 3657 2531 μαρτύρων
3705 2457 4020 2530 παραγωγὴ

2462 2555 2729 2624 δυσχερὴς
2758 2554 2929 2611 lavat.
2964 2553 3038 2606 Οὐ
3087 2553 3194 2621 γάρ
3233 2552 3615 2621 πεισθήσονται
3648 2552 3697 2602 oi
3741 2551 4021 2619 μάρτυρες

2465 2645 2764 2713 ὑπερορίως
2795 2644 3167 2713 ἀποδημῆσαι.
3202 2641 3391 2696 Οὐδενὶ
3424 2642 3532 2710 γὰρ
3560 2641 3763 2711 ὀφείλει
3790 2639 3851 2693 τὸ
3882 2640 4021 2693 ἴδιον

2462 2735 2714 2804 όφφίκιον
2760 2732 3050 2803 ἐπιζήμιον
3099 2732 3365 2801 γίνεσθαι,
3397 2733 3425 2786 ό
3466 2731 3625 2800 νόμος
3658 2730 3813 2800 φησί.
3850 2730 4021 2783 Τδδδ

2463 2828 2632 2895 ὄνομα
2658 2827 2750 2879 τοῦ
2780 2824 3034 2891 ὀφφικίου
3073 2824 3376 2894 Ῥωμαϊκόν
3408 2826 3546 2887 ἐστι,
3585 2823 3849 2892 σημαῖνον
3884 2821 4022 2874 διοί-

2464 2937 2624 2987 κησιν
2662 2919 2758 2972 καὶ
2782 2918 3144 2982 ἀξιοπιστίαν.

2465 3009 2684 3063 ΔΡΙΣΤ.
2726 3028 2744 3059 ι
2778 3008 3135 3078 Κατηγορῶν,
3173 3006 3205 3076 ἢ
3236 3006 3728 3074 κατηγορούμενος,
3773 3004 3897 3073 βίαν
3926 3022 4024 3073 φο-

2683 3116 2703 3148 (
2734 3098 2827 3150 ϐού
2838 3114 3017 3167 μενος,
3040 3096 3341 3164 ὲπιλεγέτω
3356 3095 3515 3148 τόπον
3532 3096 3749 3151 ἄσυλον.
3780 3113 3798 3145 ι

2549 3190 2609 3240 ’0
2656 3186 2978 3258 κατηγορῶν
3004 3204 3167 3253 τινος,
3217 3187 3309 3239 ἑάν
3343 3186 3464 3254 βίαν
3501 3185 3777 3255 ὑποπτεύῃ
3824 3186 4023 3238 παθεῖν

2466 3277 2617 3348 παρά
2645 3276 2739 3330 τοῦ
2772 3278 2975 3348 μέρους
3004 3276 3097 3330 τοῦ
3134 3275 3629 3345 κατηγορουμένου,
3655 3276 3685 3345 ἢ
3718 3277 3780 3328 τδ
3809 3277 4024 3329 ἀνάπα-

2465 3367 2548 3420 λιν
2597 3370 2626 3421 ό
2672 3368 3143 3437 κατηγορούμενος
3192 3367 3342 3437 παρά
3387 3366 3482 3419 τοῦ
3522 3369 3863 3438 κατηγόρου·
3909 3362 4023 3420 οἷον

2464 3460 2708 3512 ἐθέλουσι
2732 3461 2895 3511 τόπον
2924 3462 3004 3522 είς
3032 3460 3334 3528 ἀσφάλειαν
3356 3460 3535 3513 αὐτῶν
3561 3460 4020 3526 ἐπιλεγέσθωσαν,

2466 3547 2606 3601 ὥστε
2649 3549 2893 3618 εὐχερῶς
2937 3549 3103 3618 ἔχειν,
3137 3551 3225 3601 καὶ
3266 3552 3378 3610 τοῖς
3411 3548 3540 3610 ίσως
3576 3548 3803 3601 ὑποῦσιν
3835 3551 4024 3613 αὐτοῖς

2469 3641 2735 3709 μάρτυσιν
2773 3638 2981 3708 ὁμιλεῖν
3008 3639 3103 3691 καὶ
3132 3640 3211 3701 είς
3239 3638 3299 3691 τὸ
3343 3638 3687 3707 δικαστήριον
3723 3639 4023 3699 ἀκινδύνως

2466 3732 2711 3801 ἀπαντᾷν
2729 3748 2743 3762 ο
2778 3730 2859 3783 ῐνα
2890 3729 2965 3801 μὴ
2989 3730 3075 3783 διὰ
3099 3730 3189 3783 τὸν
3208 3731 3446 3783 τοιοῦτον
3480 3730 3642 3799 φόϐον
3666 3730 3699 3799 ἢ
3728 3733 3756 3784 ό
3782 3732 4023 3799 κατήγο-

2469 3840 2558 3892 ρος
2608 3823 2705 3890 τῆς
2757 3824 3045 3883 αἱτιάσεως
3100 3822 3327 3889 ἀποστῇ,
3380 3820 3412 3888 ἣ
3470 3822 3500 3873 6
3548 3822 4024 3890 κατηγορούμενος

2464 3913 2637 3982 λάθρα
2691 3912 2787 3964 τοῦ
2843 3912 3190 3983 δικαστηρίου
3247 3912 3675 3983 ὑπαναχωρήσῃ,
3720 3914 3817 3965 καὶ
3865 3910 4022 3966 ἀπὼν

2467 4000 2859 4070 καταδικασθῇ.

3050 4090 3285 4143 ΚΑΝΩΝ
3323 4093 3440 4147 ΛΔ⁰.

2470 4202 2488 4235 ι
2542 4184 2667 4236 Ἐάν
2700 4198 2843 4244 τινες
2868 4180 3122 4251 κληρικοὶ
3146 4182 3209 4233 ἐκ
3234 4180 3338 4234 τῶν
3366 4182 3508 4234 ίδίων
3541 4182 3853 4235 επισκόπων
3884 4198 4023 4251 προ-

2541 4292 2559 4324 ι
2599 4272 2944 4340 ϐιϐαζόμενοι
2973 4274 3400 4341 καταφρονῶσιν,
3435 4272 3569 4341 μηδὲ
3595 4273 3712 4325 εκεῖ
3737 4273 4020 4341 μείνωσιν,

2540 4380 2557 4412 ι
2595 4363 2715 4414 ὅθεν
2737 4359 3087 4429 ἀναχωρῆσαι
3107 4360 3207 4412 οὐκ
3224 4360 3512 4429 ἠθέλησαν.
3546 4361 3776 4430 Ὁμοίως
3797 4364 4022 4431 ἤρεσεν,

2542 4472 2560 4503 ι
2604 4453 2689 4505 ἵνα
2732 4450 3032 4518 οἱοιδήποτε
3074 4450 3320 4520 κληρικοὶ
3357 4452 3448 4503 καὶ
3486 4451 3740 4514 διάκονοι,
3793 4454 3889 4505 ἐὰν
3946 4456 4021 4524 μὴ

2544 4560 2562 4592 ι
2605 4538 2938 4609 πειθαρχῶσι
2970 4541 3079 4600 τοῖς
3102 4542 3417 4603 ἐπισκόποις
3444 4542 3641 4603 αὐτῶν,
3674 4541 4022 4611 βουλομᾶνσις

2544 4654 2561 4686 ε
2600 4634 2688 4687 διά
2730 4652 2882 4696 τινας
2916 4634 3319 4701 ἀναγκαστικάς
3363 4633 3537 4691 αἰτίας
3578 4632 3686 4683 τῶν
3713 4633 4022 4701 ικκλησιῶν

2543 4744 2561 4775 ι
2600 4724 2776 4776 αὐτῶν
2805 4722 3024 4784 τούτους
3055 4722 3188 4791 πρὸς
3212 4719 3458 4789 μείζονας
3486 4718 3834 4782 ἀναϐιϐάζειν
3854 4723 4024 4789 τιμὰς

2544 4836 2559 4868 ι
2603 4819 2658 4869 ἐν
2688 4818 2750 4883 τῇ
2782 4814 3044 4881 ἐκκλησίᾳ
3065 4811 3262 4873 αὐτῶν,
3286 4810 3416 4879 μηδὲ
3434 4810 3489 4860 ὲν
3512 4809 3701 4877 ἐκείνῳ
3724 4809 3800 4879 τῷ
3828 4809 4023 4879 βαθμῷ

2542 4926 2559 4959 ι
2596 4885 3010 4973 διακονήσωσιν,
3032 4896 3165 4965 ὲξοῦ
3194 4899 3537 4968 ἀναχωρῆσαι
3567 4900 3664 4951 οὐκ
3687 4899 4015 4968 ὴθέλησαν.ι

2540 4995 2735 5048 ΒΔΛΣ.
2766 4991 2939 5053 Τινὲς,
2973 4991 3045 5053 ὡς
3079 4989 3243 5050 ἔοικε,
3280 4990 3525 5057 κληρικοὶ
3558 4988 4021 5055 μετακαλούμενοι

2467 5087 2617 5155 παρὰ
2644 5084 2750 5135 τῶν
2781 5082 3092 5134 ἐπισκόπων
3123 5072 3301 5131 αὐτῶν
3334 5080 3468 5148 πρὸς
3502 5078 3750 5145 μείζοιας
3780 5077 4025 5147 βαθμοὶς

2467 5178 2552 5229 διὰ
2571 5175 2947 5243 χρησιμότητα
2971 5171 3076 5223 τῶν
3103 5169 3428 5239 ἐκκλησιῶν,
3448 5170 3546 5220 οὐκ
3568 5167 3845 5221 ἐπείθοντο
3869 5170 4027 5221 τοῦτο

2467 5270 2705 5335 ποιῆσαι,
2738 5266 2821 5317 διὰ
2870 5265 2928 5315 τὸ
2958 5261 3329 5315 ἀναπαύεσθαι
3362 5263 3450 5311 ἐπὶ
3490 5262 3599 5323 τοῖς
3636 5262 4027 5329 κατεχομένοις

2468 5360 2613 5427 παρᾶ
2647 5358 2848 5409 τούτων
2884 5354 3131 5423 βαθμοῖς,
3166 5353 3271 5404 ἀπὸ
3306 5352 3527 5421 κέρδους
3562 5352 3687 5414 (me;
3722 5354 3754 5420 ἢ
3791 5355 3891 5406 καὶ
3924 5372 4030 5407 σω-

2470 5450 2695 5520 ματικῆς
2730 5446 3105 5504 ἀναπαύσεως.
3151 5444 3376 5511 Ὠρισαν
3406 5440 3495 5497 οὖν
3527 5446 3573 5496 ol
3626 5444 3894 5513 Πατέρετ,
3944 5448 4030 5499 ἵνα

2468 5544 2563 5594 ὲὶν
2608 5558 2747 5599 τινες
2797 5538 3042 5607 κὶηρικοὶ
3077 5537 3385 5604 οἱανδήτινα
3423 5537 3693 5587 διακονίαν
3743 5540 4028 5606 ἱερατικὴν

2467 5631 2815 5701 ἐνεργοῦντες
2866 5630 3007 5698 (οὐδὲ
3060 5628 3168 5696 γὰρ
3215 5628 3647 5696 ἑκλαμϐἀνονται
3698 5628 3938 5680 ἐνταῦθα
3984 5631 4031 5679 oi.

2468 5726 2701 5779 διάκονοι
2733 5724 2811 5785 είς
2845 5724 2966 5780 τοὺς
3009 5724 3064 5774 ἐν
3096 5721 3173 5786 τῷ
3201 5720 3342 5790 ἀγίῳ
3372 5720 3577 5790 βήματι
3605 5720 3991 5780 διακονοῦντας
4014 5758 4030 5784 ,
