4214 6438
190 371 283 434 ιιι

188 482 303 535 ἀλλ.

195 570 679 641 έκκλησιαστικὴν)
714 570 775 622 οὐ
817 566 1107 621 πείθωνται
1133 570 1247 631 τοϊς
1276 569 1591 629 έπισκόποις
1622 568 1747 620 τού-

186 681 316 729 των,
351 663 694 733 βουλομένοις
737 658 1198 731 προαναδιδαζειν
1226 659 1422 720 αὐτοὺς
1450 659 1530 719 είς
1562 655 1746 726 μείζο-

190 774 283 817 νας
331 754 574 824 βαθμοὺς
600 751 688 805 διὰ
736 752 1147 819 ἀναγκαστικήν
1179 751 1368 807 ,αἰτίαν
1394 747 1505 800 τῶν
1546 747 1748 817 έκκλη-

190 850 342 912 σιιῖιν,
375 847 490 902 ἀλλ’
511 846 802 916 εξέχωνται
825 839 902 899 ὧν
924 845 1214 912 κατέχουσι
1242 839 1464 910 βαθμῶν
1484 840 1521 909 ἢ
1547 837 1749 901 τόπων,

191 937 330 1006 μηδι
358 937 449 987 ts‘
484 936 679 1005 έκείνῳ
708 935 791 1003 τῷ
820 932 1014 1002 βαθμῷ
1042 928 1181 985 εἶναι
1212 932 1408 993 αὐτοὺς
1446 930 1538 981 καὶ
1572 929 1750 980 διακο-

189 1041 325 1092 νεῖν,
368 1034 430 1091 εξ
462 1031 523 1081 οὗ
560 1027 915 1097 ἀναχωρῆσαι
955 1025 1056 1077 ούκ
1093 1023 1386 1093 ἠθέλησαν.
1426 1020 1610 1075 Ταῦτα
1658 1021 1750 1071 τοῦ

186 1120 417 1179 κανόνος
441 1118 830 1188 διοριζομένου,
860 1114 1079 1183 λέγουσί
1124 1130 1268 1176 τινες
1315 1115 1389 1177 ὡς
1442 1114 1508 1164 ix
1557 1112 1750 1163 τούτου

182 1211 393 1264 δίδοται
445 1209 597 1264 οδω
637 1211 751 1273 τοῖς
806 1209 1173 1278 πατριάρχαις
1226 1205 1322 1260 καὶ
1382 1206 1494 1266 τοϊς
1548 1203 1752 1263 λοιποῖς

188 1303 516 1362 επισκόποις
559 1299 817 1370 μεθιστᾷν
856 1298 983 1360 τοὺς
1011 1296 1104 1350 ὑπ’
1143 1295 1340 1358 αὐτοὺς
1368 1296 1633 1366 ἄρχοντας
1660 1292 1754 1346 καὶ

186 1391 315 1451 τοὺς
364 1389 557 1453 ἄλλους
593 1388 906 1458 ίερατικοὺς
947 1385 1056 1439 ἀπὸ
1086 1384 1199 1437 τῶν
1242 1384 1512 1451 δφφικίων
1550 1381 1751 1447 αὐτῶν,

191 1480 431 1547 μάλιστα
448 1480 493 1531 δ’
513 1482 689 1533 είκεῐν
714 1477 997 1545 καθαιρεῖν
1013 1475 1235 1538 τούτους
1247 1472 1658 1543 ψηφιζομένους
1678 1473 1754 1533 είς

190 1571 487 1639 ἑκκλησίας
527 1570 870 1637 οίασδήτινας
904 1568 1000 1621 καὶ
1044 1565 1120 1635 μή
1157 1563 1619 1634 καταδεχομένως
1654 1562 1756 1633 τὴν

185 1662 395 1731 ψῆφον.
450 1663 602 1731 Ἐμοὶ
634 1661 691 1715 δι
722 1661 870 1714 δοκεῖ
905 1658 978 1721 ὡς
1022 1657 1132 1712 ἀπὸ
1164 1655 1261 1709 τοῦ
1302 1656 1527 1715 κανόνος
1565 1652 1753 1706 τούτου

187 1754 292 1812 οὐκ
348 1752 760 1819 ἀναγκάζονται
801 1748 854 1802 οι
897 1748 1008 1801 τῶν
1056 1746 1362 1816 έκκλησιιῖιν
1402 1746 1658 1814 ἄρχοντες
1720 1741 1752 1810 ἢ

1164 361 1249 423 IN
1285 362 1447 426 CAN.
1495 364 1736 425 XXXIV
1777 364 1982 426 CONC.
2024 366 2401 428 CARTHAG.

366 482 447 543 εις
503 479 626 541 τοὺς
688 474 1043 547 ένιργοῦντας
1105 474 1413 546 οἱανδήτινα
1470 477 1747 531 διακονίαν
1775 480 2028 545 Αευιιῳι

1732 494 1747 526 ρ
1775 480 1825 537 Α
1849 491 2064 545 cunque
2103 480 2531 533 ecelesiastienm
2565 478 2927 533 ministerium
2960 479 3257 547 exercent),
3296 494 3396 532 non

3305 365 3408 427 142

1861 568 2227 634 pareautsuis
2260 568 2551 636 episcopis,
2588 568 2654 620 ad
2678 568 2909 637 iiiajores
2956 572 3150 635 gradus
3193 577 3409 636 propter

1861 666 2144 721 urgentem
2193 658 2424 722 aliquam
2476 659 2826 711 ecclesiarum
2878 659 3277 720 necessitatem,
3321 673 3414 712 eos

1857 747 2163 813 provehere
2224 748 2552 811 volentibus;
2611 748 2707 801 sed
2760 749 2997 801 haereant
3061 750 3125 802 iis
3158 752 3412 817 gradibus

1861 847 1958 887 seu
2000 835 2133 889 locis
2163 851 2297 903 quos
2324 845 2508 891 tenent
2541 854 2554 889 :
2584 852 2649 890 ne
2677 837 2728 889 in
2754 838 2844 892 illo
2873 840 3085 907 quidem
3111 840 3273 905 gradu
3303 842 3411 893 sint

1859 933 1913 978 et
1952 925 2289 989 ministrent,
2330 940 2394 980 ex
2439 943 2547 995 quo
2596 928 2875 982 discedere
2919 930 3222 983 noluerunt.
3276 931 3409 985 Cum

1861 1030 2032 1069 canon
2086 1032 2198 1070 nazc
2235 1018 2509 1082 decernat,
2562 1020 2777 1088 quidam
2835 1020 3041 1081 dicunt,
3092 1036 3153 1073 es
3196 1023 3293 1075 hoc
3323 1039 3415 1090 pa-

1863 1106 2115 1159 triarchis
2137 1116 2191 1159 et
2219 1106 2442 1175 reliquis
2462 1109 2729 1177 episcopis
2754 1108 2935 1162 datam
2969 1124 3087 1163 esse
3109 1110 3415 1165 facultatem

1862 1210 1981 1261 eos,
2010 1199 2100 1265 qui
2144 1199 2244 1251 sibi
2292 1200 2539 1263 subsunt,
2592 1200 2958 1268 magistratus,
2998 1210 3051 1256 et
3086 1203 3221 1255 alios
3278 1203 3417 1257 sacri

1862 1287 2091 1349 ordinis,
2118 1289 2186 1341 ab
2220 1287 2415 1343 olllciis
2435 1290 2547 1343 suis
2568 1305 2785 1345 movere
2810 1308 2823 1343 :
2852 1292 3081 1346 maxime
3104 1302 3277 1347 autem
3304 1310 3417 1358 eos,

1862 1377 1955 1446 qui
1994 1378 2059 1430 ad
2115 1378 2381 1444 quaslibet
2416 1379 2674 1433 ecclesias
2708 1381 2979 1450 eliguntur
3019 1392 3073 1436 et
3100 1384 3417 1440 electionem

1861 1482 1969 1520 non
1996 1469 2303 1535 admittunt,
2331 1470 2616 1539 deponere.
2645 1472 2769 1525 Mihi
2801 1482 2978 1526 autem
3008 1475 3231 1539 iidetur,
3280 1480 3421 1543 quod

1862 1574 1926 1612 ex
1983 1559 2081 1613 hoc
2126 1574 2329 1613 canone
2374 1577 2475 1616 non
2533 1573 2800 1632 coguntur
2845 1564 3193 1617 ecclesiarum
3250 1581 3421 1635 magi-

1864 1663 2088 1715 stratus,
2112 1663 2204 1706 aut
2243 1653 2329 1706 alii
2356 1653 2559 1719 clerici,
2591 1656 2839 1709 velinviti
2860 1657 3152 1724 suscipere,
3185 1673 3301 1725 qum
3331 1675 3424 1727 per

1865 1742 2224 1813 episcOpalem
2268 1744 2589 1800 electionem
2634 1746 2715 1800 eis
2744 1748 2959 1811 dantur,
2998 1749 3293 1803 ecclesias:
3327 1750 3422 1803 sed

183 1845 368 1913 ῑτεροι
419 1843 674 1912 κληρικοὶ
713 1839 1105 1909 καταδέχεσθαι
1144 1839 1237 1892 καὶ
1279 1838 1503 1899 ἄκοντες
1538 1840 1637 1895 τὰς
1673 1833 1763 1886 διὰ
1796 1819 1835 1874 Β

1755 1819 1835 1886 ιθ
1869 1834 1933 1885 de
1983 1834 2049 1887 iis
2078 1834 2250 1903 aet-ipi
2298 1850 2581 1899 canoncm,
2628 1838 2717 1905 qui
2744 1839 2997 1906 quaelibet
3057 1840 3419 1894 ecclesiastica

184 1936 369 2003 ψήφου
425 1933 788 1999 έπισκοπι-κῆς
842 1930 1119 1999 διδομένας
1168 1927 1380 1987 τούτοις
1426 1924 1723 1993 έκκλησίας
1746 1940 1759 1954 ·

184 2025 327 2079 ἀλλὰ
361 2020 804 2092 έκλαμδάνεσθαι
836 2018 927 2072 τὸν
962 2018 1163 2072 κανόνα
1202 2017 1282 2079 εις
1315 2018 1441 2076 τοὺς
1475 2012 1761 2083 ένεργοῦν-

185 2129 286 2174 τας
319 2109 788 2180 έκκλησιαστικὰς
826 2109 1167 2179 οίασδήτινας
1203 2106 1518 2169 διακονίας,
1554 2105 1647 2156 καὶ
1680 2102 1761 2163 είς

186 2201 449 2270 μείζονας
470 2202 630 2271 τιμὰς
653 2201 687 2269 ἢ
719 2199 959 2271 βαθμοὺς
996 2196 1528 2269 μετακαλουμένου;,
1558 2194 1652 2248 καὶ
1686 2193 1761 2262 μή

180 2294 549 2362 πειθομένους
573 2295 639 2363 τῇ
672 2292 1006 2361 έπισκοπικῇ
1036 2288 1396 2359 μετακλήσει.
1422 2289 1531 2341 Καὶ
1561 2286 1764 2355 μᾶλλον

182 2384 319 2438 ὅταν
351 2384 442 2435 διὰ
476 2383 855 2453 χρησιμότητα
888 2380 987 2449 τῆς
1018 2380 1315 2450 έκκλησίας
1341 2376 1481 2446 αὕτη
1522 2377 1764 2445 γίνηται.

184 2476 261 2528 Τὸ
300 2476 404 2544 μὲν
451 2476 563 2544 γὰρ
612 2473 822 2527 ἄκοντά
864 2488 983 2531 τινα
1015 2470 1093 2541 μὴ
1141 2468 1397 2538 δέχεσθαι
1430 2465 1764 2537 χειροτονίαν

185 2563 560 2618 έκισκοπικοῦ
615 2561 922 2631 ἀξιώματος
976 2559 1350 2627 συγγνωστέον
1407 2559 1578 2623 ἐστὶν,
1636 2557 1763 2619 ίσως

190 2656 293 2726 τὴν
322 2655 663 2725 χειροτονίαν
690 2651 1087 2721 εὐλαϐούμενον
1116 2650 1198 2703 διὰ
1232 2650 1532 2721 οίονδήτινα
1564 2648 1765 2719 τρόπον

186 2747 505 2809 ιπαινετδν,
544 2744 605 2797 τὸ
635 2745 695 2798 δέ
732 2744 809 2814 μὴ
848 2742 1147 2797 ὑπακούειν
1178 2742 1270 2796 τοῦ
1301 2741 1601 2794 έπισκόπου
1639 2742 1766 2804 τοὺς

178 2834 488 2906 κληρικους
550 2834 582 2905 ἢ
636 2835 729 2887 καὶ
780 2835 905 2897 τοὺς
957 2834 1225 2903 ἄρχοντας
1278 2829 1757 2902 μετακαλουμένου

184 2927 414 2989 τούτους
466 2928 547 2989 είς
610 2925 831 2996 μείζονα
888 2925 1121 2991 όφφίκια
1176 2924 1237 2977 ού
1291 2924 1450 2990 μόνον
1500 2922 1596 2974 ούκ
1646 2920 1765 2987 ιστι

188 3016 595 3085 συγγνωστέον,
626 3016 762 3069 ἀλλὰ
786 3016 879 3069 καὶ
902 3014 1184 3077 κολάσεως
1214 3012 1384 3078 ἄξιον.
1426 3012 1491 3067 Εἰ
1524 3011 1633 3079 γάρ
1662 3030 1765 3077 τις,

184 3107 351 3176 τυχὸν
373 3109 436 3159 ὲν
454 3106 723 3168 διακόνοις
739 3104 835 3171 ὢν,
857 3106 917 3158 ού
943 3103 1191 3157 πείθεται
1218 3104 1621 3174 σφραγισθῆναι
1648 3106 1770 3175 ῥαι-

190 3197 555 3269 φαρενδάριον
615 3195 649 3267 ἢ
708 3194 1031 3255 διδάσκαλον
1099 3193 1188 3246 διὰ
1252 3197 1345 3247 τδν
1412 3195 1580 3248 κόπον
1606 3232 1625 3261 ,
1682 3197 1777 3250 xui.

191 3285 491 3341 δουλεῦσαι
526 3287 592 3357 τῇ
630 3283 897 3355 ικκλησίᾳ
918 3325 932 3351 ,
964 3281 1399 3353 κολασθήσεται*
1441 3283 1538 3336 καὶ
1575 3284 1629 3338 εί
1653 3301 1738 3349 τις
1759 3323 1776 3350 ,

194 3379 581 3450 πρωτέκδικος
633 3374 727 3441 ὢν,
773 3374 837 3428 ού
893 3373 1035 3427 θέλει
1086 3373 1522 3445 προϐιϐασθῆναι
1574 3376 1653 3438 είς
1707 3376 1778 3427 ίε-

193 3471 518 3541 ρομνήμονα
532 3469 619 3522 διὰ
640 3468 701 3520 τὸ
718 3466 943 3537 ἀκερδὲς
964 3465 1054 3520 τοῦ
1079 3467 1353 3534 όῖιφικίου,
1380 3465 1777 3536 έκδληθήσιται

194 3567 296 3619 ,καὶ
336 3564 449 3618 ἀπὸ
479 3562 573 3615 τοῦ
614 3561 1022 3632 πρωτεκδίκου⁶
1064 3564 1155 3613 καὶ
1196 3559 1249 3612 εί
1291 3577 1398 3624 τις,
1427 3562 1778 3632 ἁναγνώοτης

196 3654 299 3716 ὢν,
337 3652 400 3704 ού
432 3650 578 3704 θέλει
610 3647 1146 3720 προαναδιόασθῆναι
1183 3649 1261 3712 είς
1296 3650 1478 3716 μεῖζον
1505 3651 1777 3717 όφφικιον,

193 3743 271 3804 ὡς
311 3741 581 3810 κοπηρὸν,
613 3738 1091 3809 καθαιρεθήσεται.
1128 3738 1239 3793 Καὶ
1274 3738 1435 3807 δῆλον
1464 3739 1625 3793 τοῦτο
1659 3740 1766 3793 ἀπὺ

194 3832 295 3885 τοῦ
332 3832 408 3900 μὴ
431 3828 770 3901 ψηφίζεσθαι
793 3830 942 3899 παρὰ
968 3827 1171 3887 παντὸς
1190 3829 1492 3882 ἐπισκόπου
1518 3828 1777 3900 κληρικὸν

201 3924 284 3985 είς
339 3919 700 3975 επισκοπικὺν
746 3918 989 3989 ἀξίωμα,
1043 3918 1181 3972 ἀλλὰ
1239 3919 1389 3989 παρὰ
1444 3921 1619 3989 μόνων
1670 3920 1779 3973 τῶν

201 4015 443 4083 ιχόντων
494 4010 836 4073 δπισκοπὰςο
892 4011 942 4062 οί
991 4011 1101 4080 γὰρ
1156 4011 1565 4081 μητροπολίται,
1599 4012 1648 4063 οἱ
1703 4010 1779 4081 μή

200 4107 423 4176 ἔχοντες
470 4094 797 4165 έπισκοπάς,
840 4099 1100 4164 ὡσαύτως
1147 4102 1239 4153 καὶ
1276 4102 1324 4154 οί
1377 4102 1684 4166 ἐπίσκοποι,
1728 4101 1779 4153 οί

200 4197 309 4250 ὑπὸ
343 4192 756 4265 μητροπολιτῶν
780 4191 953 4254 ὅντες,
975 4189 1098 4243 οὕτε
1127 4189 1458 4260 ψηφίζεσθαι
1484 4190 1778 4259 κληρικοὺς

199 4286 387 4341 αὐτῶν
416 4286 691 4347 δύνανται,
724 4282 847 4335 οὕτε
890 4283 1033 4336 κατὰ
1063 4282 1297 4345 κανόνας
1336 4281 1655 4345 κολάζουσιν
1684 4282 1779 4334 αύ-

198 4379 331 4438 τοὺς
373 4372 760 4436 ἀπειθοῦντας.
794 4371 915 4440 Ἀρ*
943 4370 1035 4424 οὖν
1074 4371 1163 4424 τὸν
1204 4371 1402 4424 κανόνα
1445 4370 1779 4439 έκληφθῆναι

1797 3153 1845 3216 C

1870 1923 2173 1978 ministeria
2200 1937 2471 1993 exercent,
2507 1936 2560 1981 et
2589 1929 2653 1982 ad
2684 1930 2917 1997 majores
2942 1932 3152 1999 aliquos
3190 1934 3420 1985 honores

1872 2015 2182 2082 selgradus
2214 2028 2468 2072 vocantur
2495 2030 2551 2073 et
2586 2021 2872 2089 episcopali
2906 2023 3168 2076 vocationi
3208 2037 3309 2074 non
3333 2038 3428 2089 pa-

1872 2118 2021 2170 rent;
2049 2117 2101 2161 et
2133 2111 2388 2173 maxime,
2423 2112 2636 2178 quando
2664 2126 2725 2165 ea
2751 2111 2909 2182 557
2932 2122 3147 2182 propter
3183 2115 3427 2167 ecclesiae

1872 2194 2155 2249 utilitatem
2193 2197 2302 2250 (lat.
2325 2198 2380 2251 Si
2411 2199 2551 2252 enim
2574 2199 2771 2255 invitus
2794 2204 3059 2270 quispiam
3111 2204 3375 2272 episcopal
3403 2221 3428 2257 s

1876 2287 2157 2357 dignitatis
2212 2290 2606 2345 ordinationem
2649 2308 2757 2347 non
2811 2296 3092 2365 suscipiat,
3137 2304 3219 2349 est
3274 2298 3427 2351 venia

1872 2377 2101 2447 dignus;
2133 2381 2255 2434 dum
2294 2380 2363 2434 ob
2404 2380 2720 2438 laudabilem
2748 2399 3123 2455 quamcunque
3164 2390 3424 2442 rationein

1873 2483 2185 2537 moremque
2240 2472 2634 2526 ordinationem
2688 2473 2917 2529 fortasse
2976 2478 3220 2531 modeste
3277 2480 3428 2537 τὶιει.

1872 2558 2113 2615 Clericos
2136 2569 2315 2614 autem
2348 2562 2433 2617 vel
2462 2565 2806 2632 magistratus
2836 2582 2939 2620 non
2972 2569 3190 2622 obedire
3220 2574 3429 2638 episeo-

1874 2650 1957 2719 pis
1999 2663 2093 2703 eos
2147 2652 2211 2704 ad
2253 2650 2459 2719 majora
2505 2653 2681 2710 officia
2716 2658 3047 2725 vocantibus,
3099 2675 3204 2715 non
3258 2663 3431 2716 solum

1875 2752 1980 2792 non
2037 2749 2120 2793 est
2180 2740 2580 2808 ignoscendum,
2648 2747 2741 2800 sed
2795 2729 2953 2801 etiim
3015 2752 3436 2807 animadversio-

1876 2844 1944 2885 ne
1968 2829 2206 2901 dignum.
2234 2832 2288 2887 Si
2319 2835 2440 2902 quis
2462 2836 2628 2900 enim,
2650 2853 2769 2891 eum
2791 2840 2863 2894 sit
2885 2838 3022 2895 forte
3051 2846 3103 2895 in
3130 2843 3434 2908 diaemiatu,

1877 2934 1985 2973 non
2018 2934 2220 2975 morem
2249 2932 2420 2991 gerat,
2456 2934 2515 2978 ut
2549 2927 2899 2983 rel'erendarii
2946 2932 3310 2987 characterem
3348 2951 3437 2989 ac-

1878 3009 2043 3076 cipiat
2072 3012 2155 3064 vel
2189 3011 2453 3079 doctoris,
2489 3027 2708 3086 propter
2749 3016 3009 3083 laborem,
3033 3032 3086 3075 et
3114 3031 3175 3077 ut
3200 3026 3437 3080 ecclesias

1880 3096 2099 3159 serviat,
2142 3100 2395 3166 punietur
2418 3122 2431 3156 :
2456 3112 2508 3157 et
2537 3104 2581 3157 si
2612 3106 2753 3174 quis,
2787 3109 2876 3176 qui
2906 3111 3111 3175 primus
3132 3122 3213 3169 est
3245 3116 3434 3171 defen-

1882 3199 1993 3250 sor,
2048 3202 2154 3242 non
2190 3190 2303 3243 vult
2332 3191 2398 3246 ad
2432 3192 2662 3248 ofllcium
2700 3196 2878 3251 adimi
2910 3203 3150 3268 prosehi,
3180 3208 3320 3274 quod
3360 3210 3439 3259 ni-

1881 3274 1955 3328 hil
1983 3276 2105 3331 inde
2138 3278 2269 3332 lucri
2310 3282 2658 3350 percipiatur,
2684 3286 2851 3340 etiarn
2886 3304 2913 3341 a
2962 3291 3113 3357 primi
3144 3293 3440 3350 defensoris

1879 3367 2055 3422 ollleio
2088 3369 2364 3439 ejicietur;
2396 3381 2450 3426 et
2498 3375 2543 3428 si
2594 3378 2735 3443 quis,
2781 3391 2905 3430 eum
2959 3381 3027 3434 sit
3088 3381 3277 3447 lector,
3335 3402 3437 3441 non

1880 3460 1991 3513 vult
2016 3460 2081 3513 ad
2105 3463 2297 3532 majus,
2336 3466 2426 3518 sed
2462 3466 2780 3523 laboriosius
2801 3509 2815 3533 ,
2845 3468 3079 3524 officium
3117 3482 3439 3543 promovi-ri,

1882 3550 2201 3617 deponetur.
2232 3554 2409 3622 Atque
2443 3555 2542 3608 hoc
2568 3570 2633 3608 es
2668 3571 2733 3611 eo
2769 3559 3108 3615 manifestum
3152 3573 3252 3629 est,
3297 3574 3439 3635 quoii

1883 3654 2045 3693 nona
2076 3644 2269 3709 quovis
2324 3645 2576 3714 episcopo
2626 3648 2692 3701 ad
2743 3650 3053 3718 dignitatem
3078 3656 3439 3727 episcopalem

1881 3729 2098 3799 eligitur
2125 3732 2383 3798 clericus;
2415 3737 2507 3788 sed
2532 3737 2598 3789 ab
2630 3739 2700 3791 iis
2732 3738 2858 3793 solis
2890 3742 2979 3809 qui
3006 3743 3203 3799 habent
3230 3744 3436 3814 e'pisi-o.

1881 3832 2037 3889 palus
2070 3838 2084 3873 :
2120 3824 2519 3891 metropolitani
2552 3827 2720 3890 enim,
2750 3829 2839 3895 qui
2874 3844 2979 3882 non
3011 3832 3209 3889 habent
3232 3840 3443 3905 episco-

1883 3920 2060 3979 patns,
2106 3912 2358 3967 similiter
2394 3925 2448 3966 et
2489 3916 2720 3986 episcopi
2757 3922 2843 3987 qui
2908 3922 3139 3978 subsunt
3177 3937 3445 3998 metmpo-

1883 4000 2090 4065 litanis,
2119 4018 2218 4057 nec
2269 4016 2497 4072 possunt
2530 4020 2659 4061 suos
2709 4008 2940 4064 clericos
2972 4014 3189 4083 eligere.
3223 4034 3319 4073 nec
3351 4038 3445 4075 eos

1883 4106 1945 4143 ex
1977 4093 2273 4147 cauonibus
2310 4095 2557 4161 puniunt,
2594 4098 2681 4167 qui
2733 4100 2834 4153 sibi
2866 4118 2974 4154 non
3030 4106 3301 4163 obediuut.
3333 4111 3419 4164 f‘la

1884 4180 1997 4235 cuit
2029 4195 2181 4248 ergo,
2214 4197 2477 4239 canonem
2508 4188 2572 4239 de
2602 4188 2665 4241 iis
2694 4190 2887 4258 accipi,
2912 4193 3001 4260 qui
3031 4194 3093 4245 ad
3119 4197 3449 4253 ecclesiasti-

1883 4287 1945 4326 ca
1972 4273 2151 4327 officia
2172 4275 2392 4341 provehi
2419 4291 2527 4329 non
2551 4280 2971 4345 persuadeatur:
2994 4296 3047 4336 et
3070 4285 3154 4338 hic
3181 4286 3230 4339 in
3263 4302 3449 4342 omnes

1884 4363 2166 4432 episcopos
2222 4364 2556 4434 clericosquc
2610 4368 2806 4423 valere.
2867 4372 3002 4425 Cum
3063 4387 3242 4430 autem
3295 4382 3450 4432 audis

200 4468 282 4529 είς
319 4468 451 4526 τοὺς
493 4463 568 4533 μὴ
620 4461 977 4531 πειθομένους
1007 4458 1546 4530 προαναδιδασθῆναι
1580 4461 1657 4519 εἰς
1686 4462 1780 4512 ἐκ·
1814 4480 1860 4537 D

1814 4480 1860 4537 ι)
1886 4469 2146 4509 canonem
2184 4456 2471 4521 dicentem,
2528 4459 2754 4514 clericos
2802 4464 2912 4515 suis
2942 4465 3193 4531 gradibus
3223 4475 3447 4535 moveri,

202 4554 579 4625 κλησιαστικὰ
636 4552 884 4621 ὀφφίκια,
936 4551 1027 4603 καὶ
1069 4550 1239 4612 οὕτως
1284 4550 1427 4619 ἔχειν
1472 4553 1655 4620 χώραν
1703 4551 1781 4611 εἰς

201 4648 417 4708 ι’,άντας
450 4647 576 4707 τοὺς
617 4644 945 4705 ἐπισκόπους
998 4642 1090 4695 καὶ
1119 4642 1199 4706 είς
1247 4641 1456 4703 πάντας
1485 4642 1609 4703 τοὺς
1651 4640 1784 4710 κλη-

204 4741 424 4809 ρικούς.
490 4733 729 4788 Ἀκούων
771 4732 837 4785 τδὲ
892 4730 985 4784 τοῦ
1042 4732 1263 4795 κανόνος
1316 4732 1562 4799 λέγοντος
1623 4747 1785 4800 μετα-

200 4825 484 4881 κινεϊσθαι
509 4825 617 4877 ἀπὸ
646 4823 755 4875 τῶν
785 4822 928 4874 ἰδίων
964 4820 1186 4891 βαθμῶν
1213 4822 1338 4882 τοὺς
1362 4820 1677 4891 κληρικοὺς,
1711 4820 1787 4891 μη

206 4916 574 4986 πειθομένους
592 4917 700 4977 τοῖς
717 4912 1035 4974 έπισκόποις
1058 4911 1554 4990 προσκαλουμένοις
1571 4910 1791 4974 τούτους

209 5012 289 5070 εἰς
338 5006 595 5076 μείζονας
623 5004 790 5073 τιμὰς
829 5004 919 5055 δια
955 5018 1104 5064 τινας
1150 5001 1561 5069 ἀναγκαστικὰς
1611 5001 1792 5063 αίτίας

207 5102 322 5153 τῶν
364 5098 673 5167 ἐκκλησιῶν
698 5095 901 5157 αὐτῶν,
935 5096 1010 5165 μὴ
1043 5096 1201 5167 εἴπῃς
1229 5096 1303 5157 ὡς
1336 5094 1517 5157 αίτίας
1548 5095 1793 5162 ἀναγκα-

214 5190 413 5259 στικῆς
465 5189 538 5257 μὴ
575 5186 741 5256 οὔσης
787 5188 886 5238 οὐκ
926 5186 1141 5255 έχουσιν
1184 5185 1368 5239 ἄδειαν
1414 5187 1463 5237 οί
1506 5184 1793 5238 ἐπίσκοποι

214 5278 686 5353 προανασιὸἀζειν
733 5279 857 5338 τοὺς
887 5276 1184 5347 κληρικοὶις
1222 5276 1421 5329 αὐτῶν.
1469 5275 1581 5330 Καὶ
1606 5276 1795 5345 ιαἰτίας

214 5379 326 5443 γὰρ
363 5370 623 5439 τοιαύτης
661 5368 737 5440 μὴ
772 5370 1141 5440 προκειμένης
1174 5368 1486 5436 ένδυνάμως
1516 5370 1544 5421 ὁ
1572 5369 1797 5422 ἐπίσκο-

217 5481 322 5526 πος
371 5465 499 5524 τοὺς
555 5462 849 5530 κληρικοϋς
902 5459 1069 5511 αὑτοῦ
1119 5460 1227 5513 ἀπὸ
1266 5458 1417 5513 τοῦδε
1457 5459 1551 5513 τοῦ
1586 5458 1798 5529 βαθμοῦ

219 5558 300 5615 εις
336 5553 566 5620 μείζονα
602 5553 764 5606 τόπον
795 5551 1225 5621 προαναόισᾲσει
1272 5552 1365 5604 καὶ
1395 5552 1626 5613 ἄκοντας
1663 5553 1803 5604 κατὰ

219 5645 321 5714 τὴν
370 5642 837 5714 έκκλησιαστικὴν
881 5640 1055 5705 τάξιν.
1084 5642 1195 5695 Καὶ
1227 5643 1534 5711 σημείωσαι
1561 5642 1641 5696 ὅτι
1666 5642 1802 5711 πρὸς

226 5737 487 5805 μείζονας
516 5736 714 5794 τόπους
759 5734 1070 5798 μετακινεῖν
1098 5733 1224 5798 τοὺς
1257 5732 1552 5805 κληρικοὺς
1584 5732 1801 5803 ἐνεδόθη

1889 4546 1979 4612 qui
2017 4559 2125 4598 non
2148 4558 2341 4615 parcnt
2374 4548 2668 4617 episcopis,
2702 4563 2794 4604 eos
2821 4554 2885 4605 ad
2932 4555 3165 4622 majores
3200 4558 3451 4625 honores,

1889 4648 2111 4708 propter
2164 4654 2382 4693 suarum
2420 4641 2769 4695 ecclesiarum
2815 4654 3065 4709 urgentes
3100 4662 3315 4714 causas,
3357 4666 3453 4703 vo-

1890 4730 2161 4790 cantibus.
2198 4746 2264 4785 ne
2295 4732 2461 4797 dicas,
2483 4733 2624 4801 quod
2650 4733 2751 4787 nisi
2774 4734 2912 4789 adsit
2936 4750 3095 4789 eausa
3122 4742 3452 4803 necessaria,

1890 4836 1995 4875 non
2066 4832 2290 4891 possunt
2354 4824 2588 4891 episcopi
2646 4839 2775 4878 suos
2839 4824 3066 4881 clericos
3117 4843 3451 4897 promovere.

1893 4910 2053 4974 Nam,
2086 4912 2187 4965 etsi
2226 4927 2328 4966 non
2367 4928 2425 4967 se
2454 4914 2687 4982 praebeat
2716 4916 2978 4982 ejusmodi
3009 4932 3190 4981 causa,
3234 4921 3331 4973 rite
3364 4939 3455 4989 po.

1895 5011 1999 5056 test
2024 5001 2309 5071 episcopus
2337 5003 2565 5058 clericos
2616 5020 2743 5059 suos
2782 5007 2847 5057 ab
2882 5007 2981 5059 lic;
3008 5008 3174 5074 gradu
3201 5011 3253 5063 in
3286 5013 3457 5081 majo-

1895 5106 2009 5147 rem
2056 5092 2141 5146 vel
2190 5092 2387 5147 invitos
2419 5094 2711 5162 provehere
2754 5096 3049 5148 secundum
3098 5099 3337 5154 ordinem
3369 5120 3457 5157 ee-

1896 5183 2280 5238 clesiasticum.
2329 5182 2392 5236 Et
2432 5194 2577 5247 nota,
2626 5182 2770 5251 quin
2835 5187 3102 5255 episcopis
3152 5188 3333 5244 datum
3375 5204 3462 5251 est

1898 5274 2125 5329 clericos
2176 5290 2305 5329 suos
2357 5274 2419 5327 ad
2462 5274 2693 5342 majores
2728 5279 2927 5344 gradus
2972 5280 3295 5345 provehere,
3355 5300 3459 5339 non

1900 5376 2079 5421 autem
2111 5366 2176 5418 ad
2210 5368 2447 5419 minores
2498 5366 2800 5432 deprimere
2829 5383 2843 5418 :
2877 5367 3326 5433 quemadmodum
3366 5390 3463 5428 nco,

1902 5458 2044 5524 ipsos
2098 5456 2295 5525 injuria
2345 5465 2395 5509 et
2456 5456 2745 5523 ignominia
2802 5456 3019 5511 afﬁcere
3072 5461 3125 5513 in
3182 5477 3461 5517 sacrorum

1902 5546 2165 5615 graduum
2194 5545 2590 5599 confundendis
2629 5547 2951 5615 ordinibus;
3002 5560 3049 5603 ct
3083 5565 3201 5604 eum
3238 5555 3325 5621 qui
3367 5556 3468 5612 fuit

1906 5638 2020 5692 beri
2062 5638 2288 5692 fortasse
2329 5637 2692 5706 magistratus,
2726 5655 2883 5707 supra
2921 5654 3109 5695 omnes
3139 5645 3470 5711 antiquiores

1910 5731 2255 5801 magistratus
2293 5730 2605 5789 collocando
2627 5772 2640 5793 ,
2664 5729 2749 5786 vel
2776 5746 2899 5786 eum
2924 5732 3010 5799 qui
3040 5750 3103 5789 ne
3136 5733 3234 5789 fuit
3256 5740 3470 5806 quidem
