4214 6438
230 410 333 473 M9
1244 405 1323 463 IN
1362 404 1524 463 CAN.
1560 398 1791 459 XXXVI
1834 398 2040 462 CONC.
2082 400 2459 462 CARTHAG.
3328 383 3428 447 150

225 526 289 585 τῇ
327 520 610 590 ἐκκλησίᾳ,
669 522 799 572 ἀλλὰ
848 522 910 571 ἐκ
962 522 1069 570 τῶν
1122 516 1345 584 κυρίως,
1404 518 1520 585 ἦτοι
1574 514 1774 574 ἱδικῶς,
1808 514 1889 571 At

1770 552 1774 571 ν
1808 514 1854 571 Α
1883 531 2158 571 sacrarum
2207 519 2397 571 mdium
2436 515 2867 575 adiﬁcationem,
2912 518 3006 563 aut
3037 509 3087 561 in
3133 508 3265 559 alios
3296 506 3434 568 ejus-

1883 614 2025 666 modi
2064 629 2187 667 ttsus
2225 615 2512 667 insutnmt.
2544 609 2685 663 Nihil
2734 622 2859 673 ergo
2893 621 2957 659 ex
3000 597 3302 670 hujusmodi
3348 613 3432 647 rc-

1883 705 1998 768 bus,
2036 706 2127 757 sed
2162 718 2221 757 es
2270 704 2334 755 iis
2366 710 2591 761 tantum,
2636 714 2755 767 qua:
2801 698 2898 765 ipsi
2933 692 3148 765 proprie
3181 704 3240 743 ac
3273 703 3432 756 pecu-

1882 795 2083 849 liariter
2116 805 2241 850 sunt
2283 795 2503 855 relictte,
2547 804 2881 859 quarumque
2916 790 3027 854 ipse
3059 783 3302 837 dominus
3328 787 3431 837 est,

1882 885 2121 939 ecclesia
2175 897 2491 939 consecrare
2539 880 2847 934 necessario
2903 886 3138 945 cogetur.
3192 872 3340 938 Quod
3390 868 3431 920 si

1883 977 1989 1043 (Ιυῖ.
2045 987 2192 1045 parte
2242 975 2419 1043 aliqua
2473 974 2581 1042 jam
2631 971 2868 1025 ecclesia:
2914 969 3202 1027 destinata,
3252 970 3431 1029 postea

1886 1078 2028 1121 retro
2063 1066 2303 1121 conversi
2334 1077 2478 1124 sunt,
2516 1064 2616 1117 hoc
2642 1073 2744 1125 est,
2778 1059 3096 1113 sententiam
3142 1059 3433 1113 mutarunt,

1884 1157 2161 1212 sacerdotii
2193 1161 2394 1209 honore
2422 1153 2620 1223 indigni
2642 1166 2763 1205 esse
2796 1148 3189 1217 iudicabuntur.

1883 1248 2105 1302 ARIST.
2156 1266 2173 1298 t
2230 1246 2328 1311 Qui
2393 1256 2510 1314 post
2561 1242 2976 1312 promotionem,
3029 1237 3156 1290 nihil
3213 1234 3433 1295 habens,

1966 1360 1983 1393 ι
2024 1354 2207 1408 agrum
2233 1339 2442 1399 emerit,
2471 1337 2523 1389 in
2559 1335 2838 1388 ecclesiam
2876 1348 2996 1385 eum
3042 1328 3305 1388 conferat,
3337 1325 3434 1376 nisi

1962 1455 1980 1486 ‹
2019 1434 2359 1488 successione
2390 1428 2723 1498 cognationis
2753 1435 2842 1479 aut
2874 1438 3001 1493 pura
3034 1422 3355 1475 liberalitate
3386 1415 3435 1469 ei

228 610 381 678 αὑτῷ
436 611 965 676 καταλελειμμένων,
1031 610 1125 659 καὶ
1190 603 1265 660 ὦν
1331 609 1517 673 κύριος
1576 604 1780 664 ἐκεῖνός

226 703 398 753 ἐστιν.
446 702 504 753 Ei
537 702 591 753 δέ
637 701 927 767 προέθεντο
964 701 1056 751 καὶ
1105 700 1403 768 ὑπέσχοντο
1434 696 1597 764 μέρος
1627 697 1780 761 depta-

232 792 408 860 ρῶσαι
447 794 509 860 τῇ
541 791 825 862 ἐκκλησίᾳ,
870 788 983 842 εἶτα
1035 790 1474 859 μετετράπησαν,
1508 784 1626 837 ἀντὶ
1686 784 1779 837 τοῦ

227 884 666 951 μετεϐλήθησαν,
697 882 906 947 ἀνάξιοι
941 882 1297 951 κριθήσονται
1332 873 1478 931 οὗτοι
1509 875 1605 943 τῆς
1635 877 1782 943 ίερα-

221 978 382 1045 τικῆς
414 978 595 1046 τιμῆς.

225 1244 452 1297 ΑΡΙΣΤ.
491 1264 508 1295 t
562 1245 621 1297 '0
666 1245 802 1313 μετὰ
835 1246 895 1297 τὸ
945 1244 1215 1314 προκόψαι
1257 1242 1424 1311 ἀγρὸν
1484 1238 1781 1305 ἐξωνούμε-

298 1354 313 1381 t
356 1353 470 1398 νος,
515 1336 667 1387 οὐδὲν
732 1336 889 1401 ἔχων,
956 1337 1087 1388 ῐστω
1139 1338 1204 1403 τῇ
1276 1331 1539 1400 ἐκκλησίᾳ
1598 1328 1784 1380 τοῦτον

298 1445 315 1475 ι
366 1428 690 1495 προσάγειν,
750 1428 797 1479 εί
855 1428 927 1496 μὴ
985 1430 1047 1480 ἐκ
1099 1426 1345 1494 διαδοχῆς
1398 1418 1781 1489 συγγενείαςῆ

296 1540 314 1569 t
364 1520 612 1588 καθαρᾶς
649 1521 955 1590 φιλοτιμίας
980 1520 1152 1587 τούτῳ
1172 1516 1541 1588 περιελήλυθε.
1582 1536 1599 1567 ι

706 1521 955 1590 λοτιμίας
980 1520 1152 1587 τούτῳ
1172 1516 1541 1588 περιελήλυθε.
1582 1536 1599 1567 ι
1962 1539 1979 1569 ε
2014 1521 2311 1573 obvenerit.
2353 1538 2370 1570 s

297 1612 362 1662 Οί
399 1612 505 1677 πρὸ
538 1612 637 1678 τῆς
663 1613 964 1679 ἐπισκοπῆς
1000 1610 1072 1679 μὴ
1099 1609 1309 1676 ἔχοντες
1326 1609 1431 1660 ῐδια
1462 1608 1781 1675 πράγματα,
1956 1625 1961 1655 t

1771 1649 1781 1671 ι
1956 1612 2055 1677 Qui
2099 1619 2222 1665 ante
2247 1611 2611 1679 episcOpatnm
2650 1606 2862 1675 propria
2903 1618 3004 1657 non
3038 1602 3232 1655 habent
3277 1601 3435 1659 bona,

225 1700 387 1765 ἢκαὶ
426 1700 476 1751 oi
519 1700 795 1769 κληρικοὶ,
830 1702 875 1752 oi
926 1700 1030 1768 πρὸ
1089 1698 1182 1749 τοῦ
1235 1696 1586 1767 κληρωθῆναι
1635 1698 1785 1759 ὄντες
1887 1717 1889 1727 η

1768 1714 1785 1759 ς
1887 1700 1967 1754 vel
2002 1701 2162 1752 etiam
2205 1698 2408 1759 clerici,
2441 1698 2527 1763 qui
2574 1706 2854 1762 antequam
2887 1693 2939 1745 in
2972 1690 3170 1744 clerum
3203 1688 3432 1752 cooptati

224 1792 577 1851 πενέστατοι,
618 1792 711 1843 ἐὰν
748 1792 883 1859 μετὰ
939 1790 1001 1842 τδ
1067 1790 1339 1859 προκόψαι
1384 1790 1613 1858 ἀκίνητά
1661 1806 1781 1841 τινα
1815 1843 1855 1859 ,ι

1768 1806 1855 1859 ιη
1888 1792 2104 1852 fuerint,
2156 1789 2474 1856 pauperrimi
2528 1796 2720 1849 erant;
2778 1784 2820 1836 si
2876 1790 3154 1850 postquam
3210 1776 3432 1845 promoti

228 1882 632 1945 ἐξωνήσωνται,
665 1883 731 1950 τῇ
763 1880 1026 1952 ἐκκλησία
1063 1882 1236 1933 ταῦτα
1274 1880 1658 1950 προσάξουσιν,
1707 1878 1782 1940 ώς
1815 1868 1855 1898 ⁸³
1886 1902 1892 1935 ι

1771 1896 1782 1940 ῖ
1815 1868 1855 1898 ⁸³
1886 1892 2030 1944 sunt,
2064 1879 2355 1933 immobilia
2402 1878 2576 1941 aliqua
2618 1875 2907 1930 redimant.
2943 1883 3003 1924 ea
3052 1871 3117 1924 ad
3160 1868 3435 1923 ecclesiam

224 1973 288 2021 ἐκ
318 1972 429 2022 τῶν
454 1972 731 2039 προσόδων
777 1972 944 2037 αὐτῆς
1006 1972 1182 2025 ταῦτα
1242 1971 1691 2039 ἐπικτησάμενοι·
1736 1969 1783 2020 εί
1886 2013 1888 2022 .

1774 1969 1783 2019 Ι
1886 1973 2131 2033 afferent,
2165 1981 2221 2025 ut
2260 1970 2345 2038 qui
2393 1983 2456 2021 cs
2505 1966 2644 2019 illius
2691 1964 2950 2019 reditibus
2986 1962 3171 2016 eadem
3210 1959 3438 2026 acquisi—

226 2063 300 2125 μή
338 2076 443 2109 που
476 2059 582 2112 άπὸ
634 2060 994 2129 κληρονομίας
1044 2058 1214 2128 ἢάπό
1246 2074 1390 2119 τινος
1441 2056 1668 2123 δωρεᾶς.
1718 2056 1783 2121 τῇ

1776 2057 1783 2121 i
1890 2064 2088 2115 vissent
2126 2078 2141 2114 ε
2176 2062 2277 2115 ηἴεί
2326 2061 2461 2114 forte
2510 2060 2575 2111 ab
2622 2057 2953 2117 haereditate,
2992 2062 3087 2107 aut
3122 2053 3188 2105 ab
3221 2051 3440 2117 alicujus

220 2150 462 2219 ἀὶηθείᾳ
497 2152 633 2217 πρδς
655 2153 853 2213 αὐτοὺς
912 2150 1235 2219 γενομένης.
1291 2147 1575 2200 φαίνονται
1619 2144 1786 2197 ταῦτα

1775 2162 1786 2196 ι
1889 2156 2196 2213 donatione,
2250 2169 2371 2207 vere
2426 2153 2490 2205 ad
2539 2152 2680 2220 ipsos
2725 2149 2885 2211 facta,
2935 2154 3225 2215 appareant
3266 2159 3328 2198 ea
3378 2143 3439 2193 ad

225 2240 538 2307 περιελθεῖν
562 2242 639 2303 είς
660 2242 875 2303 αὐτούς.

788 2334 1024 2388 κΑΝαΝ
1059 2332 1195 2398 AG".

228 2440 246 2471 ι
294 2422 459 2475 Ὠστε
496 2425 895 2493 πρεσϐυτέρους
955 2426 1184 2493 πρᾶγμα
1217 2423 1316 2493 τῆς
1366 2423 1683 2491 tumulas.
1732 2423 1789 2474 ιν

308 2533 325 2563 ε
442 2516 843 2584 καθιεροῦνται,
879 2516 952 2584 μὴ
984 2517 1336 2585 πιπράσκειν,
1382 2514 1477 2567 καὶ
1506 2512 1644 2564 ὥστε
1683 2530 1789 2580 μη-

299 2624 317 2655 t
358 2606 471 2658 δενὶ
493 2610 775 2678 ἐπισκόπῳ
796 2610 991 2673 ἐξεῖναι
1019 2607 1310 2678 πράγματι
1338 2606 1787 2676 καταχρήσασθαι

300 2718 317 2746 s
365 2700 428 2749 ὲκ
461 2697 551 2750 τοῦ
608 2700 785 2752 τίτλου
822 2701 916 2767 τῆς
969 2697 1436 2769 ἐκκλησιαστικῆς
1501 2699 1783 2767 μάτρικος.

302 2808 320 2836 σ
376 2789 609 2858 Ὁμοίως
632 2791 847 2859 ήρεσεν,
879 2791 1018 2844 ὥστε
1051 2792 1174 2854 τοὺς
1206 2790 1613 2859 πρεσϐυτέρους
1637 2789 1788 2857 παρά

293 2897 315 2928 ο
359 2879 587 2950 γνώμην
613 2881 719 2932 τῶν
772 2882 913 2935 ίδέων
961 2882 1141 2935 αὐτῶν
1198 2882 1513 2935 ἐπισκόπων
1560 2881 1788 2948 πρᾶγμα

302 2986 322 3019 ε
367 2969 443 3037 μή
478 2970 811 3040 πιπράσκειν
834 2973 932 3040 τῆς
964 2972 1283 3041 ἐκκλησίας,
1326 2972 1383 3024 ἐν
1475 2971 1790 3041 καθιεροῦν-

301 3078 321 3108 ι
361 3076 473 3113 ταν
518 3062 577 3113 ὃν
611 3064 812 3130 τρόπον
840 3065 933 3116 καὶ
964 3067 1075 3126 τοῖς
1098 3064 1419 3125 ἐπισκόποις
1460 3064 1560 3116 οὐκ
1610 3063 1787 3128 ἔξεστι

288 3172 319 3203 4
364 3155 700 3223 πιπράσκειν
760 3156 935 3226 χωρία
972 3156 1071 3222 τῆς
1116 3155 1433 3225 ἐκκλησίας,
1484 3156 1786 3222 ἀγνοούσης
1815 3175 1855 3230 c
1909 3152 1913 3157 ’

299 3263 316 3291 ι
358 3244 458 3313 τῆς
499 3245 743 3308 συνόδου,
790 3246 821 3314 ἢ
872 3247 977 3299 τῶν
1040 3246 1185 3299 ίδίων
1235 3246 1639 3316 πρεσϐυτέρων.
1696 3244 1785 3314 Μὴ

298 3355 317 3385 s
358 3337 528 3405 οὔσης
558 3339 741 3389 τοίνυν
768 3340 1035 3408 ἀνάγκης,
1079 3340 1213 3407 μηδέ
1248 3339 1533 3404 ἐπισκόπῳ
1589 3338 1787 3401 ἐξεῖναι

307 3450 325 3477 ι
369 3430 821 3497 καταχρήσασθαι
874 3430 1161 3499 πράγματι
1192 3428 1255 3483 ἐκ
1316 3429 1409 3484 τοῦ
1469 3430 1647 3483 τίτλου
1690 3431 1788 3499 τῆς

300 3538 319 3568 r
365 3518 832 3587 ἐκκλησιαστικῆς
860 3520 1145 3589 μάτρικος.
1176 3539 1194 3571 ι

302 3608 503 3659 ΒΑΛΣ.
563 3609 650 3669 Ὠς
700 3608 895 3673 ἔοικεν,
938 3610 1104 3678 ίερεῖς
1140 3627 1282 3673 τινες
1318 3610 1560 3665 ἐπώλουν
1592 3612 1787 3680 ἐκκληο

230 3696 493 3749 σιαστικά
546 3697 849 3765 πράγματα
905 3699 1057 3768 παρὰ
1115 3700 1341 3768 γνώμην
1401 3700 1507 3752 τῶν
1572 3700 1787 3753 οἰκείων

226 3788 567 3840 ἐπισκόπων.
632 3789 791 3841 Ἀλλὰ
826 3788 931 3857 μὴν
966 3790 1057 3840 καὶ
1107 3789 1397 3841 ἐπίσκοποι
1448 3789 1790 3858 ἐπίπρασκον

227 3878 409 3946 χωρία
434 3879 541 3931 τῶν
575 3879 879 3947 ἐκκλησιῶν
916 3880 1095 3931 αὐτῶν
1117 3880 1265 3947 παρὰ
1296 3881 1521 3950 γνώμην
1550 3881 1647 3949 τῆς
1668 3880 1789 3933 κατ’

226 3969 429 4029 αὐτοὺς
481 3970 721 4027 συνόδου,
787 3970 817 4039 ἢ
878 3970 1114 4023 καὶτῶν
1176 3971 1322 4023 ίδίων
1382 3970 1788 4040 πρεσϐυτέρων.

225 4060 400 4127 Φησὶν
432 4058 524 4111 οὖν
546 4061 573 4111 ό
606 4059 785 4111 κανὼν
813 4061 1011 4129 μηκέτι
1059 4060 1213 4112 τοῦτο
1243 4059 1508 4125 γίνεσθαι,
1540 4060 1672 4113 ἀλλὰ
1696 4062 1791 4115 καὶ

224 4155 311 4203 ὅτε
344 4153 859 4221 πρόκειταιάνάγκη
878 4152 1102 4219 ποιῆσαι
1129 4152 1369 4206 τοιοῦτόν
1394 4170 1444 4205 τι
1471 4152 1788 4219 ἐπίσκοπον,

231 4247 374 4310 μετὰ
403 4246 762 4308 συναινέσεως
788 4247 889 4315 τῆς
920 4246 1038 4297 κατ’
1068 4245 1229 4297 αὑτδν
1260 4247 1476 4298 συνόδου
1535 4248 1629 4300 καὶ
1682 4247 1791 4299 τῶν

227 4338 382 4387 ίόίων
417 4336 803 4403 πρεσϐυτέρων
833 4336 989 4387 τοῦτο
1025 4339 1219 4389 ποιεῖν·
1252 4335 1425 4397 ἄλλως
1478 4336 1533 4390 δέ
1574 4355 1686 4391 πως
1717 4338 1791 4408 μὴ

220 4432 373 4497 ιζειν
435 4428 521 4479 ἐπ’
560 4428 743 4490 ἁδείας
794 4428 957 4480 αὑτὸν
1003 4429 1450 4498 καταχρήσασθαι
1506 4430 1788 4498 πράγματι

1890 2246 2029 2313 ipsos
2067 2245 2344 2299 obvenire.

2305 2335 2465 2406 560
2516 2332 2740 2389 CANON
2787 2331 3024 2385 χχχιιι.

1895 2447 1910 2479 ι
1956 2426 2025 2482 Ut
2058 2428 2353 2498 presbyteri
2391 2442 2476 2481 res
2509 2427 2766 2488 ecclesim,
2798 2426 2849 2476 in
2891 2439 2992 2488 qua
3032 2428 3442 2480 consecrantur,

1966 2539 1984 2570 ι
2026 2536 2128 2574 non
2184 2520 2416 2573 vendant
2466 2526 2562 2570 :el
2606 2525 2664 2569 ut
2712 2516 2837 2567 nulli
2885 2515 3043 2566 liceat
3086 2514 3337 2580 episeopo
3388 2527 3443 2562 re

1966 2630 1984 2662 ε
2024 2612 2191 2674 abuti,
2219 2626 2335 2678 quae
2358 2618 2438 2663 est
2467 2624 2529 2663 es
2558 2609 2710 2661 titulo
2730 2605 3107 2661 ecclesiasticae
3130 2602 3442 2656 matricula‘.

1964 2723 1981 2754 ε
2022 2703 2279 2758 Similiter
2303 2703 2522 2771 placuit,
2555 2709 2611 2755 ut
2640 2699 2960 2769 presbyteri,
2992 2706 3187 2765 praeter
3215 2706 3441 2749 mentem

1965 2813 1981 2844 ‹
2021 2808 2235 2847 suorum
2266 2793 2639 2862 episcOporum
2678 2804 2762 2844 res
2791 2788 3051 2849 ecclesia,
3088 2788 3140 2841 in
3175 2803 3276 2854 qua
3313 2800 3442 2839 cou-

1966 2902 1983 2934 t
2024 2894 2319 2945 secrautnr,
2370 2899 2475 2937 non
2524 2883 2755 2936 vendant
2789 2898 2803 2935 :
2842 2878 3289 2948 quemadmodum
3333 2876 3444 2943 cpi~

1968 2995 1984 3025 t
2028 2974 2206 3042 scopis
2254 2990 2467 3041 quoque
2513 2974 2707 3040 prtedia
2744 2970 3007 3034 ecclesiae,
3050 2969 3326 3034 ignorante
3352 2980 3442 3032 sy-

1965 3087 1983 3119 ε
2024 3069 2182 3131 nodo,
2232 3066 2311 3121 vel
2364 3067 2474 3119 suis
2515 3064 2843 3134 presbyteris
2879 3063 3107 3115 vendere
3149 3074 3250 3112 non
3297 3057 3442 3111 licet.

1966 3174 1983 3205 ε
2024 3154 2137 3209 Νοιι
2192 3156 2489 3209 exsistente
2545 3168 2674 3223 ergo
2724 3152 3080 3213 necessitate',
3135 3149 3446 3231 nouliceat

1964 3266 1982 3298 ε
2023 3248 2274 3317 episcopo
2308 3263 2365 3302 re
2410 3249 2584 3313 abuti,
2630 3263 2747 3318 quae
2778 3256 2862 3302 est
2900 3262 2965 3301 es
3001 3244 3155 3300 titulo
3188 3242 3447 3298 seclesia-

1969 3356 1991 3391 s
2026 3343 2171 3395 stica:
2204 3340 2516 3395 matriculze.
2558 3359 2576 3391 ι

1962 3609 2151 3663 BALS.
2192 3611 2255 3666 Ut
2300 3620 2380 3665 est
2412 3612 2628 3667 verisim
2654 3612 2723 3674 le,
2766 3614 2976 3680 quidam
3025 3612 3327 3664 sacerdotes
3366 3628 3448 3665 res

1890 3698 2303 3760 ecclesiasticas,
2339 3708 2530 3764 praeter
2564 3712 2785 3751 suorum
2820 3699 3197 3767 episcoporum
3232 3708 3447 3753 senten-

1895 3791 2041 3856 tiam,
2077 3792 2398 3844 vendebant.
2435 3790 2571 3855 Quin
2619 3792 2779 3843 etiam
2821 3791 3058 3860 episcopi
3106 3806 3323 3845 suarum
3360 3806 3450 3843 ccc

1892 3881 2170 3937 clesiarum
2202 3884 2399 3950 praedia
2432 3883 2863 3950 emancipabant,
2899 3891 3093 3949 prazter
3116 3883 3328 3951 synodi,
3368 3882 3446 3934 vel

1891 3973 2052 4026 etiam
2100 3986 2316 4027 suorum
2370 3975 2705 4027 sacerdotum
2754 3975 3097 4028 sententiam.
3143 3974 3279 4027 Dicit
3321 3990 3447 4043 ergo

1892 4078 2083 4127 canon,
2134 4078 2202 4117 ne
2241 4064 2344 4117 hoc
2390 4062 2478 4117 nat
2508 4064 2732 4131 amplius
2760 4080 2777 4130 ;
2803 4065 2894 4117 sed
2935 4066 3146 4130 quando
3188 4066 3291 4119 tale
3322 4066 3447 4133 quid

1894 4154 2117 4210 faciendi
2151 4156 2443 4208 necessitas
2469 4156 2660 4222 premit
2682 4155 3011 4221 episc0pnm,
3041 4155 3091 4207 id
3114 4171 3232 4209 cum
3263 4157 3448 4225 synodi

1893 4262 2001 4299 suae
2033 4260 2300 4299 consensu
2343 4256 2395 4299 et
2428 4261 2647 4298 suorum
2697 4246 3132 4315 presbyterorum
3169 4246 3346 4299 faciat.
3394 4246 3447 4297 Ei

1894 4348 2069 4390 autem
2120 4338 2273 4390 aliter
2318 4351 2375 4389 re
2423 4336 2498 4389 uti
2559 4352 2659 4388 non
2714 4338 2890 4401 liceat,
2945 4352 3060 4405 quae
3107 4338 3155 4389 iu
3204 4336 3451 4391 brevibus

1894 4425 2277 4479 ecclesiasticis
2307 4441 2399 4479 seu
2437 4427 2488 4479 in
2530 4428 2807 4479 matrieula
2844 4428 3039 4491 scripta
3077 4437 3177 4489 est,
3218 4430 3315 4482 hoc
3346 4440 3448 4487 est.

222 4491 755 4589 καταγεγραμμένῳ
780 4520 837 4571 ἐν
869 4521 982 4580 τοίς
1021 4491 1493 4588 ἐκκλησίαστικοϊς
1524 4491 1783 4587 β’ρεϐίοις,
1818 4491 1866 4549 D

1818 4491 1866 4549 D
1896 4519 1945 4568 in
1992 4516 2288 4585 repertorio
2327 4516 2675 4571 ecclesiastici
2730 4516 2870 4571 tituli
2922 4532 3015 4571 seu
3066 4518 3204 4570 libri.
3242 4516 3450 4571 Titulus

222 4612 399 4679 ήγουν
428 4613 485 4660 ἐν
515 4612 579 4679 τῇ
616 4614 865 4680 μάτρικι,
904 4611 1179 4662 τουτέστιν
1210 4611 1264 4660 ἐν
1291 4614 1357 4679 τῇ
1388 4612 1786 4681 άπογραφῇτοῠ

223 4702 693 4771 ἐκκλησιαστικοῦ
744 4703 947 4761 τίτλου,
989 4702 1106 4771 ήτοι
1145 4701 1371 4771 βιϐλίου.
1432 4704 1623 4764 Τίτλος
1682 4704 1788 4771 γάρ

222 4795 451 4861 λέγεται
485 4792 614 4845 ποτέ
644 4792 743 4860 μιν
770 4794 802 4861 ἡ
831 4792 1129 4861 ἐπιγραφὴ,
1166 4792 1290 4844 ποτὲ
1312 4792 1367 4844 δὲ
1466 4795 1633 4854 αίτία,
1662 4794 1789 4846 ποτὶ

220 4885 277 4935 δὲ
315 4885 413 4935 καί
442 4882 504 4933 τὸ
538 4882 761 4950 βιϐλίον.
808 4881 1044 4933 ’Δκούων
1070 4881 1125 4933 δὲ
1151 4882 1242 4933 τοῦ
1285 4884 1507 4944 κανόνος
1541 4883 1789 4947 λέγοντος

228 4976 373 5043 μήτε
418 4974 717 5026 ἐπίσκοπον
748 4975 895 5043 παρὰ
924 4974 1155 5043 γνώμην
1190 4974 1287 5043 τῆς
1318 4974 1531 5025 συνόδου
1560 4974 1655 5027 καὶ
1682 4974 1790 5026 τῶν

222 5065 374 5117 ίείων
394 5065 781 5133 πρεσϐυτέρων
799 5066 1133 5136 πιπράσκειν
1156 5065 1331 5135 χωρία
1348 5065 1446 5133 τῆς
1467 5066 1787 5135 ἐκκλησίας,

222 5160 364 5225 μήτε
402 5159 530 5218 τοὺς
577 5156 977 5225 πρεσῦυτέρους
1042 5156 1192 5225 παρὰ
1230 5156 1453 5225 γνώμην
1487 5156 1595 5209 τῶν
1646 5157 1791 5209 ίδίων

217 5246 546 5299 ἐπισκόπων
608 5247 806 5297 πωλεῖν
857 5246 1159 5315 πράγματα
1219 5245 1665 5313 ἐκκλησιαστικὰ,
1715 5246 1790 5315 μὴ

220 5339 388 5407 εἴπῃς
426 5338 739 5401 ἐξισοῦσθαι
770 5338 916 5391 κατὰ
941 5337 1101 5389 τοῦτο
1135 5338 1196 5389 τὸ
1230 5338 1393 5406 μέρος
1431 5340 1542 5400 τοῖς
1570 5340 1789 5391 ἐπισκό-

218 5444 344 5489 ποις
387 5428 515 5488 τοὺς
551 5429 958 5496 πρεσϐυτέρους
986 5446 998 5459 ·
1034 5428 1149 5480 ἀλλ’
1178 5430 1299 5481 εἰπὲ
1338 5430 1422 5481 ὅτι
1450 5430 1498 5481 οί
1526 5430 1625 5497 μὲν
1651 5448 1789 5499 πρε-

218 5521 479 5588 σϐύτεροι
510 5521 657 5589 παρὰ
692 5520 919 5590 γνώμην
943 5522 1381 5574 τῶνέπισκόπων
1410 5522 1789 5590 οίονδηποτοῦν

214 5614 458 5680 πρᾶγμα
518 5614 735 5681 κινητὸν
783 5614 813 5681 ἢ
868 5614 959 5665 καὶ
996 5612 1318 5684 εὔφθαρτον,
1352 5610 1493 5667 οἶνον
1545 5615 1704 5684 τυχδν
1755 5615 1787 5683 ἦ

214 5706 385 5765 σῖτον,
424 5704 621 5759 πωλεῖν
653 5705 712 5756 οὐ
775 5705 1064 5758 δύνανται·
1096 5706 1123 5758 ό
1151 5705 1206 5757 δὲ
1264 5705 1562 5768 ἐπίσκοπος
1592 5708 1657 5758 τὰ
1692 5707 1788 5773 μὲν

217 5792 509 5864 εὔφθαρτα
534 5796 726 5869 κινητὰ
762 5796 850 5850 καὶ
894 5799 957 5852 τὰ
996 5797 1323 5871 αὑτοκίνηια
1352 5799 1447 5851 xui.
1472 5798 1775 5868 παρὰγνώ-

1890 4609 2033 4661 enim
2080 4608 2279 4662 dicitur
2308 4608 2595 4677 aliquando
2644 4610 2944 4678 inscriptio,
2994 4610 3279 4677 aliquando
3324 4624 3450 4663 vero

1889 4714 2073 4761 causa,
2104 4701 2391 4767 aliquando
2420 4711 2598 4754 autem
2641 4708 2695 4753 et
2722 4700 2875 4755 liber.
2912 4699 3044 4753 Cum
3082 4712 3264 4755 autem
3300 4704 3451 4753 audis

1890 4806 2149 4845 eanonem
2192 4791 2479 4853 dicentem,
2528 4806 2627 4845 nec
2673 4792 2978 4859 episwpum
3026 4801 3219 4858 prmter
3250 4792 3447 4861 fsyuodi

1890 4884 2212 4937 sententiam
2245 4895 2297 4937 et
2328 4898 2549 4938 suorum
2583 4884 3017 4953 presbyterorum
3048 4884 3287 4937 eccles’ze
3318 4898 3450 4948 prae-

1890 4977 1975 5028 dia
2030 4976 2301 5040 vendere;
2340 4991 2439 5029 nec
2506 4976 2847 5045 presbyteros
2899 4986 3089 5042 preter
3136 4976 3449 5027 sententiam

1892 5082 2109 5121 suorum
2141 5068 2517 5137 episcoporum
2550 5069 2782 5121 vendere
2806 5081 2890 5121 res
2916 5066 3350 5130 ecclesiasticas;
3387 5081 3452 5118 ne

1890 5160 2104 5223 dixeris,
2156 5161 2297 5228 quod
2344 5159 2409 5213 ad
2459 5161 2559 5214 hoc
2602 5159 2812 5222 attinet,
2872 5159 3213 5228 presbyteros
3252 5160 3448 5227 mquat'i

1890 5252 2153 5321 episcopis
2194 5272 2207 5307 :
2240 5252 2330 5306 sed
2360 5252 2445 5306 die
2474 5252 2614 5320 quod
2658 5252 2957 5321 presbyteri
2990 5250 3229 5319 quidem,
3261 5263 3452 5318 praeter

1890 5346 2260 5412 episcoporum
2291 5344 3033 5412 sententiam,quamcunque
3064 5358 3170 5395 rem
3205 5343 3451 5395 mobilem

1892 5437 1970 5489 vel
2000 5436 2327 5489 immobilem
2352 5435 2435 5489 vel
2459 5438 2618 5488 etiam
2643 5451 2760 5503 qua:
2785 5434 2939 5487 facile
2962 5435 3233 5500 corrumpi
3259 5443 3451 5496 potest,

1891 5525 2071 5577 vinum
2110 5521 2249 5575 forte
2280 5522 2360 5575 vel
2392 5522 2740 5586 frumentum,
2776 5522 3007 5573 vendere
3052 5536 3152 5602 novn
3184 5530 3407 5587 possitnt
3438 5537 3452 5583 ;

1892 5619 2178 5684 episcopus
2226 5624 2405 5666 autem
2452 5628 2514 5667 ea
2553 5613 2791 5681 quidem,
2828 5628 2946 5679 qua:
2983 5612 3140 5665 facile
3180 5612 3452 5681 corrumpi

1894 5716 2141 5775 possunt,
2193 5704 2431 5766 mobilia,
2476 5715 2529 5757 et
2575 5719 2693 5771 quae
2745 5719 2838 5769 per
2888 5718 2947 5756 sc
2997 5701 3238 5763 mobilia,
3291 5701 3453 5755 etiam

1895 5807 2089 5869 praeter
2123 5811 2341 5852 suorum
2384 5794 2701 5851 clericorum
2736 5794 3081 5860 sententiam,
3116 5800 3289 5862 potest
3321 5791 3456 5846 alie-
