4214 6438
728 330 821 394 151

1972 341 2072 399 ΤΠ
2084 341 2245 402 ΕΟΙ).
2288 343 2381 399 Bis
2393 343 2521 400 LSA
2534 343 2684 402 ΜοΝ

3851 338 3952 402 152

706 461 896 510 .nare;
940 449 1032 501 sed
1070 463 1171 502 non
1216 448 1394 503 itidem
1437 449 1757 506 immobilia.
1806 455 2095 520 Propterea
2141 456 2280 507 enim
2315 462 2359 513 Α,

2315 462 2359 513 Α,
2395 470 2502 521 μην
2549 455 2653 506 τῶν
2694 456 2910 510 οἰκείων
2970 457 3244 525 κληρικῶν
3296 458 3538 511 ἐκποιεῐν
3587 455 3830 517 δύναται,
3879 454 3948 505 ού

727 550 962 602 presens
996 552 1206 604 quoque
1245 554 1415 592 canon
1453 541 1604 607 jubet
1640 543 1977 611 presbyteros
2014 560 2117 598 non
2156 560 2284 597 veno

725 628 852 678 dere
889 627 1021 678 bona
1072 630 1436 681 ecclesiastica
1488 632 1602 685 sine
1646 632 1908 701 episcopis
1961 650 1975 686 :
2023 637 2286 701 t‘pirﬂlpis

726 722 899 770 autem
938 718 1209 782 prohibuit
1248 720 1560 785 immobilia,
1592 722 1706 775 sine
1739 725 2055 775 necessitate
2089 734 2143 777 et
2170 724 2286 778 sine

725 808 962 878 synodali
991 820 1043 861 et
1075 810 1508 879 presbyterorum
1541 815 1825 879 sententia,
1854 815 2085 869 vendere
2130 816 2285 880 Quod

725 907 900 950 autem
946 899 1105 952 habet
1152 899 1434 967 episcopus
1484 910 1822 968 potestatem,
1875 904 2037 956 etiam
2091 912 2288 971 praeter

722 1002 939 1037 suorum
974 988 1407 1055 presbyterorum
1435 1002 1669 1044 mentem
1703 1002 1755 1045 et
1786 994 1998 1060 synodi,
2026 992 2283 1046 vendendi

723 1093 815 1141 per
852 1093 908 1129 se
957 1078 1245 1131 immobilia
1278 1090 1333 1130 et
1375 1081 1611 1145 mobilia,
1644 1096 1761 1147 quae
1810 1082 1967 1135 facile
2011 1082 2284 1153 corrumpi

722 1178 963 1234 possunt,
1005 1176 1150 1237 patet
1193 1187 1256 1223 ex
1292 1171 1358 1223 38
1408 1182 1461 1224 et
1510 1174 1568 1227 ιι
1628 1189 1746 1227 can.
1794 1175 2122 1242 apostolicis,
2153 1189 2288 1245 quos

719 1257 879 1305 etiam
919 1254 1035 1319 iege
1077 1274 1089 1306 ε
1127 1265 1287 1324 atque
1322 1258 1483 1311 etiam
1522 1275 1585 1313 ex
1628 1264 1881 1330 prasenti
1926 1278 2152 1327 canone,
2196 1263 2285 1331 qui

723 1346 968 1405 prohibet
1011 1347 1504 1403 ecclesiasticarum
1552 1351 1869 1417 prmdiorum
1902 1361 1954 1404 et
2003 1353 2285 1407 fundorum

722 1435 1095 1487 alienationem
1127 1436 1242 1488 sine
1264 1440 1570 1507 cognitione
1594 1451 1646 1494 et
1669 1443 2063 1497 examinatione
2086 1443 2288 1497 facien-

721 1528 863 1576 dam.
908 1524 983 1577 Ne
1028 1526 1150 1580 huic
1196 1539 1374 1581 autem
1420 1530 1849 1598 interpretationi
1882 1547 2178 1601 repugnare
2210 1532 2289 1586 vi-

722 1610 947 1668 dcantur
967 1631 1221 1681 canones,
1245 1620 1335 1686 qui
1361 1635 1514 1673 sacra
1538 1621 1907 1677 ecclesiastica
1935 1623 2002 1677 ab
2024 1623 2287 1694 episcopis

2375 543 2503 611 ’μὴν
2536 544 2630 596 καὶ
2668 546 2735 598 τά
2762 546 3018 614 ἀκίνητα.
3069 548 3167 599 Διά
3214 549 3323 617 γὰρ
3362 548 3517 600 τοῦτο
3548 547 3640 599 καὶ
3674 546 3705 597 6
3766 542 3951 598 κανὼν

2392 635 2518 696 τοὺς
2547 634 2644 701 μὲν
2697 636 3104 705 πρεσϐυτέρους
3135 638 3578 707 παρεκελεύσατο
3609 636 3684 704 μή
3750 634 3952 686 πωλεῖν

2384 726 2693 793 (πράγματα
2754 728 3186 795 ἐκκλησιαστικά
3232 729 3360 783 ἀνευ
3428 726 3535 778 τῶν
3593 721 3947 777 ἐπισκόπων·

2387 814 2513 877 τοὺς
2542 814 2597 867 δέ
2653 816 2985 878 ἐπισκόπους
3035 815 3274 868 ἐκώλυσε
3325 814 3664 880 πιπράσκειν
3712 809 3951 878 ἀκίνητα

2390 904 2519 957 ἄνευ
2549 906 2797 974 ἀνάγκης
2831 907 2927 958 καὶ
2955 906 3238 973 συνοδικῆς
3284 905 3509 973 γνώμης
3541 905 3635 956 καὶ
3672 901 3779 955 τῶν
3815 914 3948 969 πρε⁹

2392 992 2692 1061 σϐυτέρων.
2728 996 2853 1047 Ὀτι
2886 994 2943 1047 δέ
2991 995 3240 1062 ἐξουσίαν
3285 995 3399 1063 ἔχει
3432 996 3461 1048 ό
3498 993 3792 1053 ἐπίσκοπος
3852 988 3951 1042 καὶ

2393 1085 2544 1153 παρά
2567 1086 2795 1155 γνώμην
2821 1087 2928 1141 τῶν
2959 1087 3350 1158 πρεσϐυτέρων
3381 1084 3547 1137 αὐτοῦ
3583 1086 3676 1137 καὶ
3702 1082 3800 1149 τῆς
3823 1079 3949 1134 κατ’

2389 1175 2553 1227 αὑτὸν
2608 1176 2828 1229 συνόδου
2864 1178 3200 1245 πιπράσκειν
3256 1172 3685 1245 ἐκκλησιαστικά
3716 1170 3952 1233 ἀκίνητα

2392 1267 2486 1319 καὶ
2517 1266 2793 1339 εὓφθαρτα
2822 1269 3047 1340 κινητὰ,
3081 1269 3239 1337 δῆλόν
3267 1271 3414 1321 ἐστιν
3443 1267 3552 1319 ἀπὸ
3581 1264 3674 1318 τοῦ
3698 1261 3783 1334 λη’
3816 1261 3954 1315 ἀπο-

2393 1356 2639 1411 στολικοῢ
2681 1359 2899 1422 κανόνος
2932 1359 3024 1412 καὶ
3056 1360 3148 1412 τοῦ
3188 1366 3297 1429 μα’,
3348 1358 3442 1421 οὓς
3492 1357 3589 1410 καὶ
3640 1350 3949 1421 ἀνάγνωθι⁶

2391 1444 2527 1496 ἀλλὰ
2562 1446 2670 1516 μὴν
2699 1447 2791 1499 καὶ
2821 1448 2931 1500 ἀπὸ
2971 1447 3065 1500 τοῦ
3094 1447 3361 1517 παρόντος
3399 1446 3623 1507 κανόνος
3649 1441 3956 1500 κωλύοντος

2389 1535 2487 1604 τὴν
2536 1537 2901 1603 ἀδιάγνωστον
2951 1539 3238 1609 ἐκποίησιν
3314 1538 3424 1590 τῶν
3482 1532 3958 1602 ἐκκλησιαπικῶν

2390 1629 2607 1698 χωρίων
2674 1631 2766 1683 καὶ
2798 1630 2995 1700 μονῶν.
3054 1632 3146 1699 Μὴ
3183 1629 3550 1684 ἐναντιωθῶσι
3586 1628 3641 1679 δέ
3678 1641 3758 1680 σοι
3815 1622 3958 1691 πρὶς

727 1701 880 1753 vendi
918 1702 1222 1768 prohibent.
1267 1706 1378 1760 Etsi
1430 1709 1571 1762 enim
1611 1711 1719 1764 sint
1752 1712 1988 1773 mobilia,
2038 1713 2285 1767 imtnobi-
2322 1781 2359 1793 _

2322 1781 2359 1793 _
2392 1722 2490 1788 τήν
2518 1723 2805 1793 παροῦσαν
2833 1723 3131 1793 ἑρμηνείαν
3161 1724 3211 1776 οί
3258 1724 3504 1786 κανόνες,
3561 1721 3611 1774 οἱ
3656 1717 3960 1774 κωλύοντες

718 1790 848 1842 lium
884 1800 1059 1845 tamen
1106 1794 1283 1847 locum
1333 1797 1592 1863 obtinent,
1637 1801 1775 1855 sicut
1817 1811 1872 1856 et
1917 1804 2014 1857 hoc
2062 1819 2204 1872 saepe
2236 1805 2287 1857 in
2322 1781 2361 1833 Β

2322 1781 2361 1833 Β
2398 1781 2549 1882 παρὰ
2584 1781 3330 1883 ἐπισκόπωνπιπράσκεσθαι
3360 1781 3958 1882 ίεράἐκκλησιαστικά.

720 1878 929 1944 legibus
956 1880 1246 1938 invenitur.
1284 1885 1452 1939 Porro
1491 1890 1708 1955 quando
1740 1891 2163 1947 ecclesiasticum
2189 1894 2290 1948 im-

724 1972 919 2027 mobile
950 1976 1017 2027 ob
1041 1990 1135 2040 pre
1195 1991 1370 2033 cutem
1406 1984 1783 2039 necessitatem
1813 1988 2145 2042 vendendum
2185 2000 2288 2054 est,

722 2076 826 2114 non
872 2064 1025 2116 debet
1076 2067 1359 2136 episcopus
1406 2086 1519 2125 rem
1566 2074 1793 2128 reditum
1832 2077 2117 2134 habentem
2163 2094 2288 2133 ven-

718 2151 845 2205 dere
873 2168 887 2215 ;
916 2154 1008 2205 sed
1039 2159 1250 2223 qualem
1287 2174 1490 2214 canone
1524 2162 1592 2214 26
1627 2168 1905 2231 praesentis
1942 2169 2133 2236 synodi
2167 2185 2284 2224 eam

718 2256 842 2297 esse
886 2244 1021 2305 νυιι.
1065 2257 1119 2301 et
1164 2253 1457 2309 secundum
1512 2253 1686 2311 dictas
1739 2256 1845 2313 illic
1886 2257 2283 2315 distinctiones.

719 2336 929 2393 Abusus
973 2350 1152 2394 autem
1193 2359 1361 2397 canon
1404 2346 1666 2412 meminit,
1715 2364 1780 2403 ne
1823 2350 1970 2406 dicas
2012 2353 2285 2420 prohiberi

720 2429 888 2482 solum
926 2433 1282 2492 venditionem
1335 2437 1705 2503 immobilium,
1750 2456 1855 2493 non
1893 2453 2071 2496 autem
2120 2444 2282 2498 etiam

719 2520 850 2573 alias
898 2522 1266 2578 alienationes.
1322 2527 1503 2597 Neque
1554 2531 1695 2583 enim
1750 2547 1843 2601 per
1892 2535 2282 2604 emphyteusin,

719 2625 894 2679 neque
933 2628 1029 2681 per
1060 2617 1424 2680 donationem,
1468 2632 1638 2689 neque
1676 2636 1769 2690 per
1817 2626 2283 2692 permutationem,

721 2714 895 2769 neque
944 2704 1011 2757 ad
1064 2706 1288 2759 multum
1343 2718 1552 2779 tempus
1604 2721 1779 2780 potest
1835 2714 2119 2783 episcopus
2174 2731 2285 2769 rem

721 2790 1142 2849 ecclesiasticam
1175 2798 1433 2862 alienare.
1466 2803 1567 2857 nisi
1607 2814 1796 2872 urgeat
1827 2808 2141 2860 necessitas.

2398 1902 2517 1956 Κάν
2548 1907 2658 1973 γὰρ
2698 1905 2895 1973 κινητὰ
2948 1905 3123 1957 ταῦτα
3154 1903 3310 1966 ὦσιν,
3352 1903 3489 1957 ἀλλά
3521 1901 3792 1968 ἀκινήτων
3829 1896 3965 1951 ἐπέ-

2394 2009 2551 2062 χουσι
2582 1996 2747 2046 τόπον
2768 2009 2780 2021 ’
2813 1992 2993 2056 καθὼς
3039 1996 3133 2047 καὶ
3169 1996 3225 2047 ἐν
3255 1994 3367 2057 τοῖς
3401 1995 3586 2061 νόμοις
3617 1989 3776 2043 τοῦτο
3812 1985 3959 2039 πολ-

2394 2083 2561 2152 λαχοῦ
2593 2084 2933 2155 εὑρίσκεται.
2969 2084 3079 2138 Καὶ
3109 2086 3238 2137 ὅταν
3272 2084 3329 2136 δέ
3380 2083 3549 2153 μέλλῃ
3585 2077 3963 2148 διαπραθῆναι

2392 2175 2857 2246 ἐκκλησιαστικὸν
2889 2177 3148 2246 ἀκίνητον
3169 2176 3260 2230 διά
3283 2174 3659 2245 προκειμένην
3690 2170 3963 2238 ἀνάγκην.

2390 2267 2491 2320 οὐκ
2519 2267 2730 2331 ὀφείλει
2755 2267 2957 2320 πωλεῖν
2975 2269 3002 2319 ό
3031 2266 3329 2328 ἐπίσκοπος
3350 2266 3580 2337 πρᾶγμα
3608 2262 3730 2331 ἐχον
3751 2257 3961 2327 πρόσο-

2392 2356 2503 2419 δον,
2534 2357 2653 2409 ἀλλ’
2685 2354 2798 2412 οἷον
2848 2361 2876 2413 ό
2908 2366 2999 2424 κς⁹
3048 2360 3228 2413 κανὼν
3270 2358 3367 2423 τῆς
3414 2352 3690 2425 παρούσης
3743 2346 3969 2402 συνόδου
4036 2398 4045 2401 -

2397 2450 2553 2519 φησὶ,
2586 2450 2680 2502 καὶ
2725 2449 2868 2503 κατά
2919 2451 3018 2513 τὰς
3076 2451 3255 2503 ἐκεῖσε
3303 2446 3601 2518 είρημένας
3646 2438 3965 2503 διαστίξειςο

2396 2542 2809 2613 Καταχρήσεως
2837 2541 2893 2594 δέ
2943 2543 2971 2594 6
3005 2540 3182 2594 κανὼν
3236 2538 3520 2609 ἐμνήσθη,
3556 2536 3644 2589 (va
3685 2533 3759 2601 μή
3797 2530 3979 2600 εἴπῃς

2406 2633 2575 2701 μόνην
2622 2630 2933 2685 κωλύεσθαι
2963 2632 3064 2702 τὴν
3106 2631 3405 2700 διάπρασιν
3426 2627 3533 2680 τῶν
3574 2624 3871 2695 ἀκινήτων,
3898 2620 3967 2673 οὗ

2399 2722 2504 2793 μὴν
2532 2726 2628 2775 καὶ
2658 2723 2758 2785 τάς
2789 2723 2960 2787 ἄλλας
3016 2722 3354 2792 ἐκποιήσεις.
3406 2718 3545 2774 Οὖτε
3568 2718 3677 2786 γὰρ
3716 2713 3836 2772 κατ’
3864 2713 3969 2776 ὲμ’·

2398 2812 2680 2882 φύτευσιν,
2701 2813 2827 2867 οὔτε
2854 2815 2996 2868 κατὰ
3024 2814 3257 2884 δωρεὰν,
3291 2810 3417 2866 οὔτε
3438 2808 3580 2865 κατά
3596 2800 3966 2871 ἀπαλλαγὴν.

717 2881 841 2936 οὗτε
860 2884 953 2935 ἐπὶ
978 2888 1192 2956 χρόνοις
1219 2892 1435 2957 πολλοῖς
1455 2894 1798 2948 ἐκποιεῖσθαι
1830 2898 2285 2967 ἐκκλησιαστικὸν
2331 2881 2585 2976 ἀκίνητον
2651 2906 2949 2973 ἐπίσκοπος
3012 2881 3237 2959 δύναται
3315 2903 3561 2974 ἀνάγκης
3618 2901 3694 2970 μὴ
3739 2911 3988 2969 προκεισ-

721 2978 909 3048 μένης·

788 3079 1037 3136 ZONAR.
1080 3082 1403 3145 Sanc'orum
1443 3086 1810 3153 apostolorum
1842 3102 2101 3154 canones,
2136 3090 2296 3142 triceo
2323 3099 2364 3157 α

2323 3099 2364 3157 c
2471 3086 2713 3141 ΖΩΝᾹΡ.
2744 3086 2806 3139 ΟΞ
2842 3084 2950 3137 τῶν
2985 3084 3203 3136 σεπτῶν
3228 3082 3546 3136 ἀποστόλων
3568 3081 3813 3143 κανόνες,
3840 3080 3871 3133 δ
3902 3096 3966 3132 τε

716 3174 887 3227 simas
916 3181 1140 3227 octavus
1173 3184 1225 3227 et
1258 3176 1705 3243 quadragesimus
1742 3178 1968 3244 primus.
1998 3177 2087 3245 jus
2116 3179 2289 3231 admi-

716 3262 1201 3331 nistrationemque
1239 3276 1415 3316 rerum
1454 3264 1946 3324 ecclesiasticarum
1980 3279 2143 3332 penes
2176 3266 2289 3331 epi-

716 3366 910 3420 scopos
944 3367 1063 3407 esse
1105 3352 1340 3407 voluere.
1395 3353 1627 3409 Proinde
1668 3372 1734 3409 ne
1777 3355 2153 3409 sacerdotibus
2204 3372 2292 3409 res

718 3444 984 3506 ecclesia,
1023 3444 1179 3513 561
1235 3446 1318 3497 cui
1380 3447 1635 3513 adscripti
1685 3455 1831 3511 sunt,
1878 3449 1997 3501 sine
2051 3448 2287 3516 episcopi

720 3532 972 3586 facultate
1010 3534 1241 3587 vendere
1288 3534 1465 3595 liceat,
1509 3536 1595 3589 hic
1642 3551 1812 3590 canon
1860 3539 2118 3592 deceniit.
2153 3538 2286 3595 Tum

722 3637 789 3676 ne
824 3637 1082 3677 concessa
1130 3623 1262 3692 ipsis
1294 3639 1388 3691 per
1424 3625 1653 3691 apostol.
1688 3640 1925 3679 canones
1967 3628 2291 3681 auctoritate

722 3714 958 3784 episcopi
1011 3715 1320 3775 abutentes,
1373 3715 1707 3771 dominatum
1752 3716 1854 3771 sibi
1890 3717 2291 3786 quodammodo

723 3807 1009 3869 vindicent,
1068 3808 1245 3873 itaque
1292 3807 1688 3863 ecclesiasticas
1736 3810 2107 3877 possessiones
2140 3807 2293 3864 abdi~

722 3910 899 3953 calum
934 3912 1078 3962 eam,
1124 3914 1204 3953 ue-
1227 3899 1325 3967 ipsi
1364 3901 1578 3968 quidem
1610 3901 1885 3970 episcopo,
1920 3902 2025 3956 nisi
2079 3916 2135 3955 re
2167 3915 2287 3953 cum

722 3989 927 4061 synodo
963 4005 1054 4044 sua
1105 3991 1428 4057 subjectisve
1460 3992 1559 4046 sibi
1609 3992 1938 4063 presbyteris
1984 3993 2291 4047 communi-

723 4091 862 4144 cata,
900 4082 1097 4151 praedia
1122 4083 1489 4137 ecclesiastica
1529 4083 1791 4137 vendendi
1829 4083 2139 4138 facultatem
2169 4097 2291 4137 esse

720 4172 930 4225 statuit.
975 4170 1158 4239 Neque
1184 4173 1327 4224 enim
1377 4188 1552 4227 rerum
1594 4173 2091 4229 ecclesiasticarum
2123 4173 2294 4227 admi—

725 4258 1096 4313 nistrationem
1128 4257 1194 4310 ab
1226 4258 1356 4327 ipsis
1396 4259 1633 4326 ignorari
1680 4269 1929 4329 oportet;
1969 4275 2053 4322 ne,
2089 4260 2132 4313 si
2178 4259 2294 4313 sine

726 4360 859 4402 teste
894 4348 982 4411 sit,
1015 4348 1341 4403 «aﬂu'nsioncs
1381 4351 1432 4402 in
1474 4349 1755 4419 episcopos
1777 4352 2112 4405 exoriuntur.
2141 4348 2290 4402 Nulla

2392 3177 2477 3246 λη’
2506 3183 2596 3230 καὶ
2624 3177 2652 3229 6
2678 3182 2764 3244 μα’
2791 3174 2889 3245 τὴν
2922 3174 3172 3241 ἐξουσίαν
3206 3171 3590 3257 καὶιφροντίδα
3636 3170 3746 3223 τῶν
3767 3171 3971 3239 ἐκκλη-

2398 3267 2699 3321 σιαστικῶν
2762 3265 3107 3333 πραγμάτων
3159 3266 3272 3325 τοῖς
3312 3262 3634 3319 ἐπισκόποις
3684 3259 3975 3313 ἀνατιθέα-

2396 3376 2501 3413 σιν.
2543 3356 2881 3417 Ἀκο).ούοως
2928 3352 3019 3407 οὖν
3046 3356 3072 3406 6
3100 3352 3282 3406 κανὼν
3307 3344 3461 3415 οὗτος
3502 3349 3845 3420 ἀπαγορεύει
3872 3366 3967 3401 πι-

2394 3450 2662 3516 πράσκειν
2680 3450 2807 3507 τοὺς
2831 3445 3237 3517 πρεσϐυτέρους
3276 3446 3378 3513 τῆς
3403 3441 3704 3511 ἐκκλησίας
3729 3441 3971 3510 πρᾶγμα

2393 3536 2505 3611 ἐνῇ
2540 3536 2982 3606 καθιερώθησαν,
3023 3542 3071 3587 ει
3109 3536 3181 3603 μὴ
3208 3535 3301 3586 καὶ⁵
3331 3535 3360 3586 6
3413 3531 3714 3595 ἐπίσκοπος
3776 3548 3975 3585 συνευ-

2392 3630 2563 3681 δοκεῖ.
2602 3628 2714 3684 Ἵνα
2749 3627 2803 3679 δὲ
2843 3626 2917 3696 μὴ
2947 3628 3013 3695 τῇ
3041 3624 3257 3694 δοθείσῃ
3296 3622 3479 3685 αὐτοῖς
3512 3621 3728 3693 ἐξουσίᾳ
3765 3623 3828 3673 ἐκ
3858 3623 3973 3673 τῶν

2399 3718 2776 3773 ἀποστολικῶν
2823 3716 3061 3769 κανόνων
3112 3712 3526 3784 καταχρώμενοι
3583 3713 3633 3766 οἱ
3674 3712 3972 3765 ἐπίσκοποι

2396 3811 2760 3865 ἐναυθεντῶσι
2796 3811 2892 3864 καὶ
2927 3806 3254 3860 ἐκποιῶνται
3286 3807 3355 3858 τά
3377 3804 3825 3874 ἐκκλησιαστικά,
3870 3805 3967 3857 καὶ

2396 3901 2680 3971 ἐπήγαγεν
2705 3900 2787 3951 ὅτι
2816 3895 3047 3980 οὐδὲ.τῷ
3094 3895 3377 3963 ἐπισκόπῳ
3416 3892 3630 3957 ἐξέσται
3665 3892 3839 3962 χωρία
3872 3909 3969 3946 rct-

2396 3994 2665 4061 πράσκειν
2707 3989 2807 4058 τῆς
2860 3987 3185 4053 ἐκκλησίας,
3229 3984 3534 4055 ἀγνοούσης
3578 3985 3675 4053 τῆς
3718 3984 3963 4049 συνόδου,

2398 4082 2491 4149 ὑφ’
2524 4078 2591 4152 ἧς
2623 4080 2717 4133 καὶ
2749 4079 2910 4140 αὑτός
2940 4079 3108 4139 ἐστιν,
3159 4076 3192 4145 ἦ
3222 4074 3331 4128 τῶν
3372 4075 3518 4128 ίδίων
3550 4074 3963 4146 πρεσϐυτέριον.

2396 4175 2487 4226 Δεῖ
2521 4171 2629 4241 γὰρ
2663 4170 2770 4224 τῶν
2794 4170 3121 4239 διοικήσεων
3136 4165 3245 4219 τῶν
3278 4166 3757 4235 ἐκκλησιαστικῶν
3789 4182 3971 4237 πραγο

2400 4265 2588 4333 μάτων
2624 4263 2835 4332 είδησιν
2868 4260 3013 4330 ἐχειν
3035 4259 3255 4321 αὐτούς’
3283 4258 3370 4310 ἵνα
3400 4255 3493 4325 μὴ,
3518 4256 3836 4325 ἀμαρτύρου
3867 4258 3970 4326 τῆς

2397 4354 2712 4423 οἰκονομίας
2756 4353 2945 4422 οὔσης,
2995 4350 3263 4403 σκάνδαλα
3315 4353 3459 4402 κατὰ
3511 4348 3603 4402 τοῦ
3662 4348 3969 4399 ἐπισκόπου

723 4457 854 4507 ergo
892 4441 1212 4495 necessitate
1242 4451 1484 4511 cogente,
1522 4457 1579 4496 re
1608 4442 1657 4495 in
1696 4442 2064 4496 ecclesiastica
2108 4441 2292 4521 matri:
2327 4442 2368 4495 ι)

2327 4442 2368 4495 D
2400 4447 2662 4513 φύωνται.
2707 4446 2889 4514 Χωρὶς
2917 4445 3096 4495 τοίνυν
3131 4444 3380 4510 ἀνάγκης
3414 4442 3551 4515 μηδέ
3578 4441 3654 4511 τῷ
3681 4440 3973 4509 ἐπισκόπῳ

722 4530 840 4582 mla
882 4530 959 4583 vel
986 4531 1283 4597 repertorio
1318 4530 1583 4598 descripta
1617 4530 1871 4599 episcopo
1907 4545 2118 4599 quoque
2145 4530 2294 4583 abuti

724 4638 789 4673 nc
825 4620 1001 4674 liceat.
1028 4619 1192 4673 Tituii
1231 4634 1357 4673 vero
1389 4620 1607 4673 n0mine
1636 4630 1702 4673 et
1734 4620 2012 4687 inscriptio
2050 4628 2103 4672 ct
2132 4635 2291 4673 causa

723 4710 963 4776 quininto
990 4721 1041 4764 ct
1072 4711 1227 4776 lib‘er,
1260 4721 1316 4765 ut
1348 4711 1398 4763 iu
1431 4710 1639 4778 legibus
1670 4711 1935 4779 scriptum
1973 4710 2171 4764 alicubi
2206 4726 2293 4764 re-

725 4800 926 4865 perias.
971 4801 1325 4870 signiﬁcatur.
1374 4800 1435 4853 Et
1470 4816 1617 4861 vero,
1658 4816 1779 4854 cum
1823 4802 2063 4855 alienare
2093 4800 2294 4869 aliquid

722 4892 998 4944 immobile
1034 4893 1317 4960 cpiscopus
1351 4893 1513 4955 volet,
1558 4893 1679 4959 ejus
1722 4893 1937 4960 generis
1966 4893 2016 4946 id
2049 4907 2169 4947 csse
2196 4895 2292 4947 tle-

728 4985 835 5043 het,
879 4982 1036 5049 quale
1080 4982 1234 5047 hujus
1272 4985 1455 5051 synodi
1500 4999 1710 5037 canone
1752 4999 1906 5036 sum
1939 4994 1987 5036 et
2038 4985 2296 5038 vicesimo

725 5074 1045 5141 explicatur,
1081 5089 1141 5127 ac
1176 5074 1367 5126 ibidem
1402 5074 1645 5128 indicata:
1682 5076 1961 5127 cautiones
1992 5074 2044 5127 in
2076 5089 2141 5126 co
2173 5076 2298 5128 alie-

728 5163 901 5215 natttln
932 5173 1231 5217 serventur.

728 5254 949 5308 MilS'i.
990 5274 1006 5304 ι
1049 5254 1338 5323 Presbyter
1387 5272 1494 5307 rem
1533 5259 1837 5324 quampiam
1872 5255 2296 5309 ccclus’aSIicam

807 5366 820 5391 ι
864 5348 977 5399 sine
1007 5346 1260 5413 episeopo
1282 5362 1383 5398 non
1412 5350 1620 5412 vendit;
1649 5363 1823 5415 neque
1854 5349 2139 5415 episc00tts
2164 5360 2299 5416 prae.

806 5456 821 5483 ι
866 5436 1032 5498 dium,
1060 5437 1265 5505 synodo
1298 5451 1398 5489 non
1432 5440 1782 5503 approbante.
1825 5458 1841 5490 ι

801 5527 945 5580 Bona
994 5528 1359 5583 CCt'iCSiﬁSllCQ
1416 5544 1520 5583 non
1566 5530 1796 5584 alienata
1835 5547 2051 5587 manere
2082 5534 2295 5588 debent.

731 5620 785 5669 Si
834 5627 1011 5672 autem
1050 5623 1339 5675 nctessitas
1388 5622 1647 5690 requirat,
1693 5632 1747 5674 ut
1796 5624 2067 5676 immobile
2102 5624 2297 5693 aliquid

731 5710 1015 5775 alirnetnr,
1048 5710 1336 5779 rpi5t‘0pus
1369 5716 1480 5765 sine
1514 5714 1699 5783 synodi
1735 5698 1999 5768 sententia
2033 5716 2159 5769 illud
2195 5732 2298 5770 non

2401 4530 2608 4595 ἐξέστω
2634 4532 3088 4602 καταχρήσασθαι
3145 4530 3432 4599 πράγματι
3484 4530 3978 4599 ἀπογεγραμμένῳ

2402 4625 2546 4691 ἐντῇ
2578 4623 3009 4693 ἐκκλησιαστικῇ
3062 4622 3310 4692 μάτρικι,
3366 4623 3480 4691 ἦτοι
3527 4623 3595 4690 τῇ
3649 4622 3975 4689 ἀπογραφῇ.

2402 4713 2591 4775 Τίτλος
2633 4713 2745 4781 δέή
2799 4713 3085 4781 ἐπιγραφὴ
3127 4712 3347 4777 λέγεται
3390 4710 3486 4762 καὶ
3539 4710 3570 4777 ή
3610 4708 3781 4772 αίτία,
3839 4708 3978 4760 ἀλλά

2405 4803 2510 4871 μὴν
2555 4804 2649 4855 καὶ
2668 4803 2729 4855 τὸ
2745 4801 2971 4870 βιϐλίον,
2987 4802 3061 4863 ὡς
3090 4802 3150 4852 ἐν
3170 4803 3282 4862 τοῖς
3309 4799 3495 4868 νόμοις
3513 4817 3615 4851 που
3637 4799 3949 4867 γέγραπται
3964 4834 3978 4849 .

2401 4894 2511 4946 Kal.
2573 4895 2662 4946 ὅτε
2714 4892 2791 4945 δι’
2832 4892 3226 4961 ἐκποιήσασθαι
3287 4892 3542 4960 ἀκίνητον
3596 4893 3623 4943 6
3672 4889 3979 4953 ἐπίσκοπος

2404 4979 2608 5049 μέλλει,
2673 4978 2914 5031 τοιοῦτον
2973 4981 3347 5047 ἐκποιήαεται,
3403 4975 3517 5031 οἷον
3566 4982 3594 5034 6
3644 4976 3735 5043 κς⁹
3789 4978 3978 5031 κανὼν

2403 5070 2503 5138 τῆς
2535 5069 2813 5139 παρούσης
2860 5069 3080 5122 συνόδου
3121 5072 3279 5138 φησι,
3339 5072 3434 5123 καὶ
3490 5071 3632 5123 κατά
3676 5070 3980 5140 εἰρημένας

2403 5164 2519 5214 ἐκεῖ
2542 5160 2855 5225 διαστίξεις.

2474 5251 2696 5305 ΔΡΙΣΤ.
2739 5269 2755 5302 ι
2805 5250 3183 5321 Πρεσϐύτερος
3242 5251 3695 5321 ἐκκλησιαστικὸν
3743 5254 3977 5323 πρᾶγμα

2482 5363 2497 5393 ι
2534 5342 2627 5396 τοῦ
2651 5344 2960 5400 ἐπισκόπου
2996 5345 3167 5413 χωρὶς
3198 5344 3257 5395 ού
3311 5345 3639 5412 πιπράσκει*
3683 5344 3802 5397 om
3849 5346 3975 5397 ἐπί-

2483 5457 2499 5489 ι
2545 5454 2747 5498 σκοπος
2780 5434 3002 5505 χωρίον,
3040 5436 3258 5488 συνόδου
3289 5436 3364 5504 μὴ
3418 5436 3913 5507 ἐπιγινιοσκούσης.
3957 5458 3976 5490 ι

2474 5529 2553 5582 Τὰ
2585 5529 2691 5581 τῶν
2740 5528 3042 5597 ἐκκλησιῶν
3069 5529 3409 5596 ’ἀνεκποίητα
3444 5530 3623 5596 μένειν
3645 5528 3977 5594 ὀφείλουσιν.

2406 5624 2465 5675 Εἰ
2499 5623 2553 5676 δέ
2583 5623 2793 5690 ἀνάγκη
2823 5621 3050 5688 γένηται
3088 5623 3445 5690 ἐκποιηῖιῆναί
3476 5639 3527 5673 τι
3570 5622 3847 5689 ἀκίνητον,
3873 5624 3982 5674 οὐκ

2406 5715 2536 5768 ἄνευ
2572 5712 2793 5774 γνώμης
2831 5713 2923 5773 ti;
2960 5713 3177 5763 συνόδου
3226 5712 3559 5781 δισπωλήσει
3596 5712 3755 5766 τοῦτο
3798 5714 3823 5764 6
3858 5714 3986 5765 ἐπί-
