4214 6438
221 376 321 443 ί57

1238 384 1319 447 ΙΝ
1358 385 1518 449 CAN.
1558 380 1864 447 XXXVIII
1903 382 2108 444 CONC.
2143 384 2520 446 CARTIIAG.

3365 386 3464 452 l58

294 497 491 552 ΒΛΛΣ.
541 496 607 550 'Il
644 498 848 551 Ἰππὼν
898 498 1053 563 πόλις
1104 498 1221 553 tati.
1268 501 1367 569 τῆς
1412 500 1783 569 Καρχηδόνος.

1963 497 2155 553 Βιιιδ.
2202 498 2370 570 llippo
2401 501 2529 556 uth
2562 509 2645 554 est
2671 493 3110 568 Cartltaginénsis
3135 500 3379 561 ditionis.
3407 508 3465 554 in

224 588 283 639 tv
380 589 598 641 συνόδου
638 589 1021 659 ἀθροισθείσης
1044 589 1215 644 πολλὰ
1258 591 1599 661 ὡρίσθησαν.
1631 582 1787 654 έξῶν

225 692 350 729 τινα
403 678 559 744 ὀλίγα
620 678 874 749 (βρέϐους
922 680 1031 749 γὰρ
1081 680 1229 751 παρὰ
1277 682 1386 743 τοῖς
1437 680 1686 741 Λατίνοις
1727 678 1789 730 τδ

227 767 436 837 Βραχίι)
458 768 865 838 άποδρεφθέντα
900 769 1437 840 προσεκομίσθησαν,
1476 771 1568 821 καὶ
1602 768 1789 832 [δοξαν

229 858 414 921 καλῶς
449 858 613 926 έχειν.
656 858 827 912 Τοῦτο
872 860 929 913 δέ
978 860 1140 931 μόνον
1196 860 1409 929 έφησαν
1444 862 1492 913 oi
1552 860 1790 929 Πατέρες

229 946 371 1000 εἶναι
402 950 718 1015 ἀναγκαῖον,
741 950 801 1003 τὺ
839 951 939 1019 τὴν
983 950 1199 1022 ἡμέραν
1247 950 1341 1003 τοῦ
1391 950 1551 1019 άγίου
1600 950 1790 1020 Πάσχα

227 1038 397 1107 δήλην
434 1039 707 1106 γενέσθαι.

304 1128 549 1182 ΖΩΝΔΡ.
593 1130 1071 1198 ’Δναγνωσθέντων
1115 1131 1225 1186 τῶν
1254 1132 1620 1202 γραμμάτων,
1648 1131 1788 1185 ἀλλὰ

233 1221 419 1289 μέντοι
453 1223 541 1274 καὶ
570 1222 662 1274 τοῦ
692 1223 930 1293 βρεϐίου,
963 1226 1106 1280 κατὰ
1146 1226 1244 1296 τὴν
1280 1228 1569 1295 εἰσήγησιν
1608 1226 1793 1296 Αὐρη-

228 1311 366 1375 λὲου,
398 1315 425 1365 ό
454 1314 722 1379 έπιγόνιος
748 1316 849 1384 ἔφη
878 1333 890 1347 ·
926 1317 1092 1369 Οὑδιν
1116 1315 1263 1370 δοκεῖ
1292 1318 1424 1386 ἡμῖν
1448 1316 1789 1387 διορθώσεως

229 1402 384 1465 ἄξιον
418 1404 477 1456 tv
494 1404 571 1472 τῷ
600 1402 804 1474 βρεδίῳ
831 1405 908 1475 τῷ
934 1406 1307 1477 άποτμηθέντι
1333 1411 1399 1461 ἐκ
1440 1411 1539 1476 τῆς
1580 1408 1638 1460 tv
1687 1406 1800 1459 ἰπ-

231 1494 373 1545 πῶνι
408 1486 648 1548 συνόδου.
710 1496 915 1548 Ἱππὼν
943 1496 1000 1549 δὲ
1030 1498 1186 1561 πόλις
1216 1500 1333 1551 tati
1382 1500 1481 1568 τῆς
1516 1499 1801 1569 Καρχηδό-

232 1600 342 1642 νος.
380 1585 438 1635 έν
469 1578 523 1655 ᾖ,
555 1584 774 1638 συνόδου
803 1586 1226 1659 ’ἀθροισθείσης,
1261 1589 1432 1643 πολλὰ
1461 1588 1800 1660 ὡρίσθησαν,

231 1672 294 1734 ἐξ
325 1665 397 1724 ὧν
431 1690 548 1725 τινα
581 1674 735 1741 ὀλίγα
767 1676 1248 1749 προεκομίσθησαν
1298 1682 1379 1742 εἰς
1432 1678 1532 1749 τὴν
1584 1679 1804 1733 σύνοδον

1890 606 1992 658 q-za
2020 590 2246 646 collecta
2282 593 2486 661 synodo
2518 590 2683 644 multa
2716 592 3008 645 constituta
3041 600 3168 644 sunt
3200 609 3213 644 :
3242 606 3305 644 ex
3338 594 3465 659 qui-

1895 684 1991 736 bus
2040 697 2208 751 pauca
2244 683 2486 749 quautam
2537 682 2613 750 (id
2652 683 2795 736 eniut
2836 682 3000 736 breve
3046 684 3186 749 apud
3237 681 3464 751 Latino.

1892 772 2180 842 signiticet)
2202 773 2454 841 decerpta
2486 774 2645 827 allata
2676 782 2827 836 sunt,
2870 782 2923 826 ct
2952 783 3095 827 recte
3124 773 3321 826 habere
3350 774 3462 825 visa

1894 876 2040 919 sunt.
2076 863 2187 921 Iloc
2213 876 2391 919 autem
2417 867 2590 921 solum
2622 865 2877 920 dixerunt
2912 864 3103 918 Patres
3130 879 3252 919 esse
3287 880 3466 918 neces-

1894 958 2123 1020 sarium,
2159 965 2217 1011 ut
2246 958 2420 1011 sancti
2448 955 2732 1011 Paschalis
2758 956 2871 1009 dies
2900 954 3219 1009 manifestus
3251 954 3465 1010 evadat.

1968 1137 2128 1211 563
2158 1134 2410 1192 ZONAR.
2448 1135 2627 1189 Lectis
2671 1134 2863 1189 litteris
2902 1140 2955 1187 ct
2992 1132 3166 1196 brevi,
3213 1132 3468 1201 ιιιιειιιιιιιιο

1902 1232 2117 1285 modum
2170 1229 2234 1280 ab
2284 1226 2507 1281 Aurelio
2553 1225 2883 1294 propositum
2922 1221 3121 1287 luerat,
3178 1220 3471 1289 Epigonius

1899 1320 2065 1373 dixit:
2099 1315 2239 1371 Nihil
2275 1316 2487 1369 videtur
2506 1316 2660 1367 nobis
2700 1314 2751 1365 iu
2786 1313 2955 1373 brevi,
2999 1312 3141 1381 quod
3170 1327 3236 1364 es
3267 1309 3473 1378 synodo

1903 1409 2234 1478 II‘pponensi
2294 1410 2606 1475 decerptum
2673 1405 2792 1468 fuit,
2861 1404 3197 1457 correctione
3250 1403 3471 1468 dignum

1903 1500 2151 1567 reperiri.
2186 1498 2395 1569 Ilippon
2428 1507 2608 1551 autem
2643 1496 2775 1550 urbs
2808 1504 2891 1550 est
2942 1491 3473 1561 Carthaginiensium

1905 1591 2145 1649 ditionis.
2175 1592 2230 1645 in
2272 1605 2375 1657 qua
2421 1590 2651 1642 collecta
2708 1588 2915 1656 synodo
2968 1586 3135 1639 multa
3183 1583 3474 1636 constituta

1906 1690 2053 1745 sunt,
2089 1694 2159 1735 rx
2189 1679 2388 1750 quibus
2423 1692 2595 1748 pauca
2631 1678 2876 1746 quaedam
2912 1676 2976 1727 ad
3026 1675 3165 1727 hanc
3210 1670 3473 1742 synodum

231 1762 459 1830 ταύτην.
497 1764 731 1833 Βρέόους
755 1768 860 1835 γὰρ
905 1766 1203 1837 Ῥωμαϊστὶ
1237 1769 1295 1821 τδ
1339 1769 1535 1837 βραχὺ,
1578 1770 1638 1822 τδ
1683 1769 1801 1823 ὀλί-

1910 1776 2037 1820 sunt
2068 1767 2253 1822 allata.
2283 1766 2451 1819 Breve
2484 1780 2715 1831 namque
2744 1764 2951 1819 Latinis
2972 1763 3115 1817 idem
3169 1760 3313 1830 quod
3356 1773 3479 1828 par-

235 1868 335 1919 γον
367 1832 599 1920 λέγεται.
639 1854 810 1908 Τοῦτο
832 1832 890 1910 δὲ
919 1832 1103 1925 μόνον,
1150 1832 1685 1927 φησὶνξάναγκαίον,
1738 1860 1799 1914 τὸ

1907 1874 2053 1918 non.
2076 1858 2327 1927 eaigtium
2352 1858 2574 1910 dicitur.
2609 1855 2723 1910 Hoc
2753 1870 2878 1909 vero
2904 1855 3075 1909 solum
3107 1852 3475 1907 necessarium

233 1942 340 2007 τὴν
372 1942 586 2011 ἡμέραν
620 1942 712 1996 τοῦ
744 1944 903 2010 ἁγίου
954 1946 1147 2015 Πάσχα
1197 1948 1565 2017 γνωρισθῆναι
1627 1950 1686 2001 tv
1723 1948 1801 2018 τῷ

235 2030 416 2099 καιρῷ
446 2033 541 2099 τῆς
574 2034 813 2096 συνόδου,
863 2035 983 2087 ἀντὶ
1028 2034 1123 2087 τοῦ
1187 2035 1355 2109 δήλην
1397 2038 1674 2107 γενέσθαι,
1712 2041 1802 2093 ὅτε

236 2122 459 2185 σύνοδος
486 2127 727 2194 γένηται.

238 2213 470 2268 ΔΡΙΣΤ.
523 2231 543 2264 ε
578 2216 744 2268 Οὐδὲν
773 2216 869 2282 τῆς
900 2217 958 2269 tv
1012 2216 1240 2272 Ἱππῶνι
1302 2219 1521 2273 συνόδου
1576 2220 1805 2294 διορθω-

316 2323 335 2354 ε
370 2305 493 2356 τέον
528 2304 954 2375 ἢπροσθετέονο
1000 2310 1049 2361 εί
1109 2308 1187 2378 μὴ
1239 2310 1327 2364 ινα
1388 2312 1420 2381 ἠ
1474 2311 1659 2381 ἡμέρα
1712 2312 1805 2366 τοῦ

320 2413 336 2442 ε
376 2392 567 2463 Πάσχα
600 2394 659 2445 tv
686 2393 763 2461 τῷ
795 2395 973 2466 καιρῷ
1000 2396 1102 2465 τῆς
1132 2399 1351 2451 συνόδου
1382 2400 1742 2471 γνωρίζηται.
1781 2422 1799 2454 ι

311 2482 569 2553 Διάφοροι
603 2482 809 2537 σύνοδοι
835 2484 895 2537 tv
932 2486 1083 2557 πάσῃ
1129 2489 1195 2555 τῇ
1230 2487 1340 2540 τῶν
1378 2490 1605 2558 Ἄφρων
1653 2486 1809 2560 χώρᾳ

237 2576 527 2641 γεγόνασιν
558 2575 613 2628 tv
636 2576 748 2638 τοῖς
780 2575 1116 2647 προλαϐοῦσι
1168 2579 1404 2647 χρόνοις,
1448 2582 1544 2635 καὶ
1571 2580 1809 2649 ἀνεγνώ-

240 2665 450 2730 σθησαν
464 2664 523 2715 tv
550 2661 719 2733 ταύτῃ
738 2666 805 2733 τῇ
836 2665 1063 2735 συνόδῳ,
1097 2666 1189 2719 καὶ
1214 2666 1393 2733 εδοξεν
1422 2670 1455 2737 η
1484 2669 1542 2721 tv
1582 2669 1809 2723 Ἱππῶνι

253 2752 467 2821 Ῥηγίῳ
494 2752 758 2825 γενομένη
786 2754 999 2820 σύνοδος
1028 2755 1213 2820 καλῶς
1258 2757 1404 2826 ιχειν
1426 2774 1439 2788 ·
1476 2759 1570 2812 καὶ
1602 2758 1809 2830 ὥρισαν

238 2843 557 2911 οίΠατέρες
590 2845 729 2913 μήτε
790 2845 1079 2914 διόρθωσιν
1138 2850 1276 2917 μήτε
1333 2847 1653 2922 προσθήκην
1712 2849 1812 2923 τὴν

236 2933 502 3002 τοιαύτην
538 2932 793 3000 δέξασθαι
821 2935 1062 3003 σύνοδον,
1106 2938 1281 3007 ἀλλ’ἢ
1318 2938 1575 3009 μόνον’τδ
1608 2941 1811 3012 γνωρίο

239 3024 431 3089 ζεσθαι
460 3026 558 3095 τὴν
581 3028 796 3098 ἡμέραν
833 3028 928 3083 τοῦ
967 3031 1158 3102 Πάσχα
1216 3031 1276 3085 tv
1337 3031 1415 3102 τῷ
1471 3033 1651 3103 καιρῷ
1714 3033 1809 3103 τῆς

1903 1961 2025 2003 esse
2051 1949 2148 2007 ait,
2179 1956 2236 1999 ut
2285 1947 2464 2000 sancti
2515 1944 2798 1999 Paschalis
2843 1946 2957 1998 dies
3002 1943 3192 2013 synodi
3239 1952 3479 2011 tempore

1905 2040 2263 2103 signiﬁcetur,
2285 2038 2389 2093 hoc
2410 2047 2513 2101 est,
2539 2050 2647 2108 quo
2676 2046 2919 2105 tempore
2948 2036 3178 2090 habetur
3213 2035 3482 2105 synodus,

1908 2131 2277 2182 denuntietur.

1908 2221 2133 2277 ARIST.
2182 2241 2200 2273 r
2236 2220 2380 2276 Nihil
2407 2222 2458 2275 in
2487 2219 2694 2289 synodo
2717 2216 3043 2286 Hipponensi
3073 2215 3482 2282 corrigendum,

1988 2333 2008 2366 ε
2050 2314 2131 2368 vel
2162 2315 2210 2369 ei
2245 2313 2549 2368 addendum
2587 2330 2601 2366 :
2636 2312 2738 2365 nisi
2769 2319 2827 2364 ut
2855 2310 2971 2364 dies
3018 2308 3297 2365 Paschalis
3335 2308 3480 2363 cclc-

1987 2424 2007 2455 ε
2052 2405 2245 2459 brandi
2278 2415 2520 2471 tempore
2544 2402 2735 2472 synodi
2777 2401 3132 2470 signiﬁcetur.
3175 2418 3194 2452 ε

1982 2496 2161 2551 Varia:
2185 2495 2375 2566 synodi
2408 2496 2461 2549 in
2510 2504 2619 2546 tota
2672 2492 2928 2566 AAIrornm
2990 2492 3208 2561 regione
3263 2502 3487 2559 prmer-

1911 2584 2078 2654 lapsis
2109 2559 2436 2653 temporibus
2464 2583 2662 2638 habita:
2696 2559 2867 2642 fuere.
2926 2590 2979 2635 et
3013 2559 3073 2635 in
3130 2580 3231 2634 hac
3282 2580 3487 2650 synodo

1912 2679 2093 2741 locu,
2118 2687 2169 2731 et
2196 2676 2310 2730 visa
2344 2686 2423 2730 est
2456 2675 2508 2729 in
2558 2674 2895 2744 llipponensi
2940 2673 3161 2739 regione
3216 2670 3485 2724 ct'lt'ltrata

1912 2769 2152 2840 synodus
2203 2769 2339 2823 bene
2386 2781 2447 2821 se
2498 2766 2699 2821 habere
2729 2784 2741 2820 :
2772 2774 2828 2817 et
2889 2763 3253 2817 decreverunt
3300 2758 3489 2814 Patres

1916 2858 2074 2915 istam
2120 2857 2423 2930 :syuodutn.
2468 2870 2565 2914 uec
2616 2854 3010 2913 correctionem
3057 2853 3290 2925 aliquant
3346 2851 3486 2906 acci-

1916 2967 2067 3021 pere.
2102 2966 2201 3005 nec
2229 2952 2559 3004 additionem
2582 2992 2597 3014 ,
2632 2952 2726 3005 sed
2762 2958 2990 3013 tantum,
3025 2958 3075 3001 ut
3103 2948 3218 3001 dim
3266 2947 3488 3002 Pascha:

1918 3043 1974 3097 in
2004 3051 2247 3112 tempore
2276 3042 2466 3112 synodi
2486 3041 2816 3111 Carthagine
2842 3039 3036 3095 habita.-
3064 3038 3487 3108 signiﬁcaretur,

240 3117 465 3170 συνόδου
496 3117 593 3186 τῆς
642 3121 699 3172 tv
736 3120 1039 3191 Καρχηδόνι
1060 3124 1379 3196 γινομένης,
1422 3124 1507 3178 ἵνα
1561 3126 1636 3197 μή
1668 3143 1809 3187 τινες

1915 3151 1984 3191 ne
2008 3134 2172 3205 aliqui
2197 3132 2429 3190 fortasse
2455 3135 2522 3187 de
2550 3148 2616 3189 eo
2648 3132 3065 3188 halluciucntur.

239 3209 378 3272 ίσως
409 3209 750 3278 σφάλλωνται
780 3214 908 3282 περὶ
932 3214 1123 3285 αὐτήν.

829 3305 1071 3359 κΑΝΩΝ
1111 3296 1235 3376 λη’(

244 3410 265 3446 ε
308 3392 449 3464 Περὶ
482 3392 574 3448 τοῦ
596 3393 721 3455 τοὺς
748 3393 1081 3459 ιπισκόπους
1107 3396 1202 3449 καὶ
1228 3397 1353 3461 τοὺς
1403 3398 1701 3469 κληρικοὺς
1738 3398 1814 3469 μὴ

317 3503 337 3535 ε
373 3484 611 3553 εὐχερῶς
660 3484 728 3536 τὰ
773 3485 939 3537 τέκνα
981 3485 1165 3539 αὐτῶν
1216 3488 1389 3539 ποιεῖν
1429 3490 1810 3559 έμαγκίπατα.

315 3592 338 3626 ε
378 3574 540 3627 Ὥστε
562 3576 687 3637 τοὺς
716 3575 1049 3639 έπισκόπους
1079 3577 1175 3631 καὶ
1220 3579 1347 3640 τοὺς
1398 3579 1694 3650 κληρικοὺς
1746 3580 1814 3633 τά

319 3685 338 3716 ε
373 3665 540 3720 τέκνα
563 3666 744 3720 αὐτῶν
782 3667 857 3736 μὴ
883 3669 980 3738 έᾷν
1023 3669 1393 3736 αὐτεξουσίως
1442 3672 1666 3727 ἀπιέναι
1722 3674 1814 3727 διὰ

313 3775 333 3807 ε
371 3757 868 3826 έμαγκιπατίωνος,
908 3759 967 3811 tv
994 3760 1163 3828 μηδὲν
1192 3762 1272 3825 είς
1298 3762 1425 3826 τοὺς
1454 3763 1689 3832 τρόπους
1720 3765 1814 3820 καὶ

317 3862 339 3895 ε
372 3843 453 3907 είς
490 3844 590 3915 τὴν
638 3845 851 3914 ἠλικίαν
910 3847 1098 3903 αὐτῶν
1162 3850 1692 3924 πληροφορηθῶσιν·
1738 3855 1814 3918 ὡς

317 3952 338 3987 ε
376 3934 565 3989 λοιπὸν
612 3936 679 3989 τὰ
702 3938 1082 4011 ἁμαρτήματα
1109 3940 1293 3998 αὐτῶν
1326 3944 1409 4008 είς
1438 3944 1641 4010 αὐτοὺς
1683 3962 1813 3999 συν·

314 4041 335 4073 ε
371 4024 584 4078 τείνειν.
614 4042 631 4077 ι

313 4112 512 4167 ΒΛΔΣ.
558 4112 1005 4181 Ἐμαγκιπατίων
1045 4116 1266 4185 λέγεται
1332 4118 1485 4188 παρὰ
1520 4119 1815 4191 Ῥωμαίοις

238 4208 273 4271 ἠ
307 4204 459 4273 παρὰ
480 4202 587 4257 τῶν
622 4205 878 4276 πατέρων
891 4206 1142 4278 διδομένη
1171 4211 1283 4272 τοῖς
1309 4205 1651 4276 θπεξουσίοις
1683 4229 1812 4265 παι-

241 4298 330 4349 σὶν
367 4295 805 4366 αὐτεξουσιότης.
839 4298 1008 4367 Φησὶν
1038 4297 1132 4352 οὖν
1165 4300 1193 4352 ό
1218 4299 1403 4352 κανὼν
1435 4300 1511 4371 μὴ
1565 4301 1812 4369 γίνεσθαι

238 4383 620 4449 αὐτεξουσίους
647 4386 769 4446 τοὺς
800 4387 1000 4451 παῖδας
1030 4388 1138 4441 τῶν
1187 4388 1509 4444 ιπισκόπων
1564 4393 1656 4443 καὶ
1701 4392 1812 4445 τῶν

2408 3309 2639 3365 CANON
2695 3307 2983 3367 XXXVIII.

1922 3420 1942 3453 ε
1987 3401 2056 3457 Ut
2083 3402 2325 3471 episcopi
2386 3410 2437 3456 et
2474 3401 2657 3455 clerici
2718 3416 2847 3455 suos
2903 3401 3105 3456 liberos
3158 3414 3263 3453 non
3323 3397 3484 3458 facile

1998 3510 2016 3542 ε
2060 3490 2426 3559 emancipent.
2464 3488 2534 3545 Ut
2561 3489 2800 3559 cpiscOpi
2828 3498 2882 3543 et
2908 3489 3088 3543 clerici
3118 3504 3247 3543 suos
3288 3488 3489 3544 liberos

1992 3600 2010 3632 ι
2059 3597 2161 3638 non
2197 3582 2378 3636 sinant
2408 3597 2504 3649 per
2533 3581 3019 3648 ernaucipatlmiem
3049 3582 3129 3635 sui
3157 3581 3296 3649 juris
3319 3580 3431 3634 fieri
3457 3619 3473 3642 .

1992 3693 2011 3724 ι
2056 3674 2157 3728 nisi
2182 3673 2252 3729 de
2282 3688 2468 3728 eorum
2497 3672 2740 3727 moribus
2769 3679 2823 3724 et
2848 3680 3009 3725 :ctate
3041 3671 3216 3725 securi
3240 3668 3442 3724 fuerint
3470 3685 3485 3724 :

1991 3785 2009 3817 ε
2052 3776 2111 3821 ut
2156 3780 2344 3821 eorum
2403 3775 2624 3835 peccata
2671 3764 2926 3833 deinceps
2982 3763 3035 3818 in
3094 3762 3243 3832 ipsos
3301 3762 3487 3818 conle-

1993 3878 2012 3912 ι
2057 3867 2269 3915 rantur.
2313 3877 2331 3911 ι

1986 4106 2183 4178 BALS.
2217 4121 2593 4191 Emancipatio
2655 4122 2794 4192 apud
2852 4123 3123 4177 ltomauos
3175 4122 3372 4177 dicitur
3430 4123 3485 4174 li-

1915 4213 2096 4269 bertas
2122 4229 2242 4283 qum
2276 4230 2307 4269 a
2341 4214 2587 4284 patrihus
2611 4213 2755 4277 liliis.
2784 4216 2873 4285 qui
2912 4231 3036 4269 sunt
3086 4216 3140 4269 in
3171 4230 3357 4270 eorum
3387 4231 3485 4284 po-

1911 4313 2130 4368 testate,
2174 4306 2355 4360 datur.
2394 4304 2532 4360 Dicit
2584 4321 2713 4374 ergo
2757 4320 2955 4367 canon,
2989 4322 3092 4359 non
3144 4308 3342 4361 debere
3402 4306 3483 4360 sui

1907 4397 2047 4468 juris
2082 4400 2196 4453 fieri
2230 4401 2613 4471 episcoporum
2650 4410 2705 4454 et
2741 4401 3069 4454 clericorum
3127 4398 3267 4453 lilios
3316 4416 3342 4449 a
3393 4415 3487 4466 pa-

236 4474 520 4543 κληρικῶν
556 4477 704 4545 παρὰ
731 4476 841 4528 τῶν
876 4480 1127 4550 πατέρων
1158 4479 1361 4543 αὐτῶν,
1391 4480 1440 4534 εί
1471 4481 1547 4551 μὴ
1569 4482 1677 4535 άπὸ
1707 4482 1809 4551 τῆς

1916 4494 2091 4546 tritius
2121 4491 2259 4555 suis,
2302 4491 2404 4545 nisi
2435 4505 2500 4545 ex
2532 4499 2691 4547 atate
2714 4500 2770 4543 et
2816 4491 2973 4543 bonis
3011 4488 3249 4543 moribus
3280 4499 3488 4543 certam

237 4565 457 4634 ἡλικίας
480 4565 573 4617 καὶ
606 4566 713 4620 τῶν
737 4567 960 4634 ἀγαθῶν
1015 4569 1235 4640 τρόπων
1281 4570 1662 4643 πληροφορίαν
1703 4570 1808 4625 δὼ-

237 4671 450 4719 σουσιν,
474 4655 555 4707 ὅτι
586 4653 839 4710 δύνανται
873 4658 1103 4722 δεόντως
1155 4660 1249 4713 καὶ
1302 4661 1547 4726 εὐλαϐῶς
1586 4664 1655 4718 τὰ
1690 4667 1809 4719 κατ’

235 4745 436 4807 αὐτοὺς
472 4749 791 4817 οἰκονομεῖν.
829 4746 1034 4802 Τούτου
1091 4749 1148 4803 6t
1193 4749 1337 4805 οὕτω
1365 4753 1441 4824 μὴ
1488 4756 1805 4825 γινομένου,

235 4838 373 4906 φασὶ
396 4837 522 4899 τοὺς
546 4838 788 4908 πατέρας
824 4839 981 4909 λόγον
1006 4840 1204 4897 διδόναι
1236 4844 1379 4916 ὑπὲρ
1395 4846 1505 4901 τῶν
1527 4850 1638 4919 άμα
1649 4850 1811 4921 pc;th

236 4928 348 4981 τῶν
385 4928 615 4984 παίδων.
671 4930 782 4983 Καὶ
823 4932 852 4985 ό
906 4933 1010 5001 ’μὲν
1055 4922 1243 4988 κανὼν
1300 4937 1591 4993 έθέσιτισεν
1636 4940 1811 4995 ταῦτα

234 5020 403 5089 χάριν
431 5019 543 5071 τῶν
570 5019 780 5075 τέκνων
810 5022 919 5074 τῶν
956 5024 1275 5079 ῑπισκόπων
1306 5028 1403 5080 καὶ
1456 5029 1567 5082 τῶν
1625 5032 1812 5103 κληρι-

236 5112 351 5164 κῶν
370 5125 384 5141 ·
418 5112 471 5163 οἱ
502 5110 559 5164 δι
590 5112 744 5182 νόμοι
772 5113 1247 5183 παρακελεύονται
1275 5118 1363 5171 διὰ
1397 5120 1632 5190 νομίμου
1663 5124 1810 5191 ’πρά⁸

234 5202 395 5264 εεως,
424 5201 595 5270 ἢγουν
622 5202 762 5284 μετά
782 5202 1113 5274 δικαστικῆς
1154 5206 1527 5277 διαγνώσεως,
1561 5210 1659 5282 τὴν
1707 5214 1810 5266 αὑ-

230 5292 621 5361 τεξουσιότητα
672 5290 940 5361 γίνεσθαι,
979 5296 1055 5365 μὴ
1083 5297 1487 5363 διαστείλαντες
1529 5302 1811 5375 κληρικῶν

232 5387 327 5436 καὶ
349 5381 561 5437 λαῐκῶν
602 5385 817 5449 παῖδας.
876 5388 990 5441 Καὶ
1032 5387 1123 5442 διὰ
1169 5388 1333 5443 τοῦτο
1380 5392 1501 5445 οὺδδ
1556 5394 1810 5466 κληρικοὶ

229 5474 357 5527 οὐδὲ
381 5473 672 5529 ἐπίσκοποι
702 5477 869 5547 χωρὶς
898 5478 1171 5548 ,δεκρέτου
1200 5480 1554 5550 δικαστικοῦ,
1579 5487 1655 5550 ὡς
1683 5489 1807 5557 ἐμοὶ

228 5566 399 5625 δοκεῖ.
439 5565 860 5635 ῐναοποιήσωσιν
910 5569 1295 5635 αὑτεξουσέους
1352 5576 1548 5639 παῖδας
1601 5579 1803 5637 αὐτῶν.

243 5656 310 5709 Ἦ
352 5657 461 5727 γὰρ
484 5658 779 5727 Marpesia
802 5660 896 5713 τοῦ
932 5663 1047 5733 βίου
1070 5664 1277 5718 τούτων
1313 5668 1408 5720 καὶ
1451 5668 1551 5736 τῆς
1590 5671 1807 5738 ἡλικίας

230 5746 374 5801 and
406 5750 495 5802 τὸν
525 5752 726 5805 κανόνα
761 5754 910 5823 παρὰ
959 5754 1216 5808 δικαστοῦ
1268 5757 1475 5812 ὀφείλει
1534 5761 1797 5829 γίνεσθαι,

1913 4583 2197 4637 scientiam
2229 4582 2501 4646 dederint,
2535 4597 2595 4637 se
2621 4596 2781 4651 posse
2830 4596 2925 4637 sua
2966 4581 3283 4651 prudenter,
3330 4588 3385 4634 et
3432 4586 3487 4631 ut

1917 4684 2151 4743 oportet,
2179 4674 2583 4730 administrare.
2624 4671 2739 4728 Hoc
2777 4682 2960 4727 autem
3013 4671 3114 4726 nisi
3154 4671 3223 4724 ita
3259 4671 3369 4734 iiat,
3402 4670 3485 4723 di-

1915 4775 2047 4821 cunt
2116 4775 2299 4836 patres
2361 4764 2669 4821 reddituros
2744 4766 3009 4821 rationem
3082 4778 3182 4832 pro
3250 4762 3487 4830 peccatis

1914 4857 2168 4912 ﬁliorum.
2200 4856 2264 4910 Et
2299 4858 2412 4911 haec
2438 4856 2655 4926 quidem
2692 4872 2866 4911 canon
2902 4857 2968 4911 de
3020 4856 3403 4925 episcoporum
3433 4862 3487 4907 et

1910 4946 2236 5002 clericorum
2271 4947 2395 5002 liliis
2435 4946 2705 5002 decernit.
2737 4946 2907 5015 Leges
2958 4955 3137 4999 autem
3179 4944 3391 5012 juhent.
3428 4952 3487 4995 ut

1912 5054 2008 5104 per
2036 5049 2212 5093 actum
2245 5038 2566 5109 legitimum,
2602 5038 2716 5093 sive
2746 5052 2868 5092 cum
2924 5037 3160 5108 legitima
3198 5035 3485 5089 examina—

1914 5131 2062 5185 tione
2097 5129 2189 5184 l‘lat
2223 5129 2619 5199 emancipatio;
2679 5144 2783 5183 non
2828 5128 3227 5199 distiugueutes
3273 5144 3339 5180 an
3376 5127 3486 5181 sint

1910 5224 2233 5280 clericorum
2298 5223 2381 5275 vel
2446 5223 2703 5277 laicorum
2756 5222 2869 5276 lilii.
2921 5221 2987 5276 Et
3051 5230 3329 5293 propterea
3383 5234 3482 5274 nec

1910 5316 2094 5371 clerici
2124 5330 2223 5370 nee
2256 5313 2520 5384 episcopi,
2549 5314 2664 5370 sine
2692 5312 2934 5381 iudiciali
2978 5315 3216 5374 decreto,
3249 5320 3306 5365 ut
3348 5311 3479 5364 mihi

1912 5408 2146 5468 videtur.
2170 5408 2306 5462 ﬁlios
2331 5422 2457 5463 suos
2486 5409 2567 5462 sui
2591 5407 2735 5476 juris
2782 5406 3034 5462 eﬂicieut.
3087 5403 3286 5458 Eorum
3336 5405 3479 5459 enim

1912 5498 2035 5551 vitae
2056 5507 2111 5553 et
2138 5496 2314 5552 astatis
2345 5499 2643 5551 secundum
2671 5509 2933 5551 canonem
2963 5493 3294 5548 examinatio
3324 5494 3484 5546 debet

1909 5605 1939 5643 a
1969 5587 2148 5659 judice
2170 5587 2311 5653 ﬁeri,
2343 5602 2446 5643 non
2478 5597 2661 5642 autem
2707 5600 2735 5638 a
2764 5585 2881 5641 solo
2915 5594 3089 5654 patre.
3124 5584 3189 5638 Et
3222 5584 3337 5652 lege
3369 5592 3482 5639 tcr-

1911 5685 2043 5735 tium
2078 5687 2240 5749 caput
2272 5678 2407 5733 tituli
2436 5680 2471 5734 3
2497 5678 2620 5733 libri
2649 5693 2797 5740 xm,
2829 5678 2970 5747 quod
3002 5676 3136 5733 dicit
3166 5695 3179 5731 :
3220 5675 3336 5730 Non
3369 5692 3470 5731 nu-

1912 5774 2011 5827 dus
2036 5786 2333 5828 consensus
2381 5772 2551 5841 patris
2594 5771 2788 5827 liberat
2837 5769 3003 5826 ﬁlium
3043 5785 3071 5823 ο
3108 5769 3282 5840 patria
3334 5776 3484 5838 pote—
