4214 6438
197 408 306 472 165

1281 410 1355 465 l.\'
1396 406 1561 466 CAN.
1602 406 1723 463 XLI
1770 406 1977 463 CONC.
2004 404 2378 463 CARTIIAG.

3320 397 3420 463 166

197 523 538 591 παρίσταται
566 522 723 575 τοῦτο
758 524 869 576 ἁπδ
898 524 989 576 τοῦ
1024 527 1089 576 ιο⁹
1129 526 1347 583 κανόνος
1380 521 1471 573 τοῦ
1523 522 1759 588 μεγάλου
1793 523 1833 576 Α

1746 538 1759 567 ›
1793 523 1833 576 Α
1865 530 2075 568 canone
2105 516 2171 567 l9
2203 517 2379 580 tnagni
2408 516 2588 568 Basilii
2613 516 2932 568 ostenditur.
2968 515 3101 568 Dicit
3129 528 3256 581 ergo
3284 530 3410 580 pta--

199 613 510 665 Βασιλείου.
542 616 677 681 Φησὶ
732 614 862 679 γοῦν
895 615 922 664 6
952 615 1141 682 παρὼν
1173 613 1349 664 κανὼν
1385 614 1458 679 μὴ
1488 610 1754 674 ἐντυγχὰ-

201 718 315 752 νειν
349 702 643 770 κληρικοὺς
671 703 702 770 ἢ
733 704 997 771 μοναχοὺς
1030 705 1226 771 χήραις
1263 701 1295 769 ἢ
1332 701 1627 769 παρθένοις
1658 715 1757 746 κα·

203 791 572 859 θιερωμέναις
604 793 820 853 πάντως
846 792 1053 854 οὔσαις,
1084 794 1132 844 εἰ
1166 792 1241 860 μὴ
1274 791 1425 859 παρὰ
1480 788 1585 840 τῶν
1636 789 1759 836 ἐπι-

205 883 429 932 σκόπων
466 880 630 948 ἢτῶν
680 882 1089 951 πρεσϐυτέρων,
1126 883 1324 949 δηλαδὴ
1360 880 1433 949 μὴ
1481 877 1762 943 παρόντων

202 972 551 1034 ἐπισκόπων,
602 956 973 1039 ἐπιτραπετεν.
1031 972 1140 1023 Καὶ
1187 974 1302 1022 τότε
1354 972 1409 1020 δὲ
1483 968 1556 1036 μὴ
1613 967 1761 1032 μόνοι

202 1060 525 1125 εἰσίτωσαν,
561 1062 699 1114 ἀλλὰ
726 1065 863 1128 μετὰ
891 1062 1296 1130 συγκληρικῶν,
1333 1062 1364 1129 ἢ
1402 1059 1760 1127 μετ’ἐκείνων

203 1150 330 1218 μεθ’
362 1144 438 1204 ὧν
463 1150 558 1202 καὶ
600 1152 627 1202 6
662 1152 956 1213 ἐπίσκοπος
979 1152 1070 1203 καὶ
1092 1154 1139 1203 οἰ
1172 1150 1531 1218 πρεσϐύτεροι
1563 1146 1761 1197 εἰσίασι

203 1241 347 1311 πρὸς
387 1242 586 1302 αὐτός’
621 1240 652 1308 ἢ
707 1242 822 1292 ἐκεῖ
858 1242 1335 1307 ἐντυγχανέτωσαν
1387 1238 1599 1296 αὑταῖς,
1625 1234 1757 1283 ὅπου

200 1331 318 1383 εἰσὶ
344 1329 595 1399 κληρικοὶ
635 1330 666 1397 ἢ
726 1330 936 1397 ἐντιμοί
974 1346 1119 1391 τινες
1152 1327 1489 1397 Χριστιανοί.
1522 1327 1594 1377 Τὸ
1642 1326 1760 1376 κατ’

200 1420 513 1487 ἐπιτροπὴν
546 1419 603 1470 δὲ
635 1419 665 1481 ἢ
709 1420 1018 1470 συναίνεσιν
1053 1421 1288 1486 εῐρηται,
1324 1418 1459 1469 διότι
1506 1416 1537 1484 ἢ
1576 1416 1663 1466 διά
1711 1431 1761 1465 τι

202 1510 479 1578 χρήσιμον
529 1510 607 1577 τῷ
638 1510 919 1578 ἐπισκόπῳ
963 1512 1054 1560 καὶ
1102 1512 1169 1577 τῇ
1223 1510 1491 1577 ἐκκλησίᾳ
1554 1508 1761 1572 γίνεται

209 1600 364 1669 παρὰ
388 1600 591 1651 τούτων
617 1601 650 1668 ἡ
683 1601 924 1668 ἐντυχία,
973 1601 1064 1651 καὶ
1108 1600 1458 1664 ἐπιτρέπουσι
1492 1598 1692 1663 ταύτην
1714 1599 1761 1646 οἰ

204 1693 519 1753 ἐπίσκοποι,
565 1691 597 1759 ἢ
637 1691 722 1742 διὰ
748 1692 956 1743 οἰκείαν
994 1691 1373 1758 χρησιμότητα
1402 1689 1491 1739 καὶ
1525 1691 1759 1755 αἴτησιν,

203 1782 299 1831 καὶ
325 1780 600 1846 ὀφείλουσι
632 1782 898 1831 ωναινεῖν
927 1781 975 1830 οἰ
1004 1781 1309 1831 ἐπίσκοποι.
1357 1778 1649 1844 Ἀνάγνωοι
1668 1774 1760 1827 τοῦ

200 1872 473 1938 παρόντος
508 1871 885 1937 συντάγματος
914 1870 1094 1920 τίτλου
1132 1876 1201 1920 ια’
1234 1886 1355 1935 κεφ.
1378 1875 1438 1932 ε’,
1467 1869 1683 1921 συνόδου
1708 1874 1759 1931 ς’

202 1961 405 2013 κανόνα
446 1960 551 2028 μζη
602 1963 695 2013 καὶ
744 1961 842 2028 τῆς
905 1960 1017 2030 ρλγ¹
1101 1962 1527 2012 Ἰουστινιανείου
1564 1964 1761 2029 νεαρᾶς

195 2068 329 2118 amp.
360 2052 426 2111 ϐ’,
457 2053 573 2119 ἦτοι
607 2068 727 2118 κεφ.
761 2054 822 2103 ιε’
872 2052 966 2105 τοῦ
998 2054 1038 2104 δ’
1067 2052 1269 2120 βιδλίου
1297 2051 1403 2103 τῶν
1438 2050 1757 2113 Βασιλικῶν,

196 2142 339 2209 ὅπερ
370 2140 722 2209 κατεστρώθη
755 2142 811 2191 ἐν
850 2142 927 2208 τῷ
960 2139 1047 2210 μί’
1097 2142 1284 2193 κανόνι
1313 2142 1410 2210 τῆς
1444 2141 1610 2208 ἕκτης
1634 2157 1760 2192 συν-

196 2235 344 2286 όδου.

270 2324 519 2376 ΖΩΝΑΡ.
556 2324 781 2389 Φεύγειν
826 2324 924 2385 τὰς
967 2325 1262 2393 ὑπολήψεις
1290 2322 1759 2393 παρηγγέλθημε*⁸

197 2416 247 2467 οἰ
293 2415 496 2473 πιστοὶ,
544 2413 640 2465 κᾶν
667 2409 765 2465 ὦσι
792 2413 1027 2481 ψευδεῖς,
1068 2417 1161 2466 καί
1199 2413 1274 2481 τῷ
1305 2413 1577 2479 θεσπεσίῳ
1601 2416 1753 2482 εἰρη-

199 2522 290 2557 ται
329 2504 526 2571 Παύλῳ
587 2506 977 2571 Ἁπρόσχοποι
1008 2505 1266 2573 γίνεσθε,
1292 2504 1389 2555 καί
1421 2504 1757 2567 Ἰουδαίοις,

196 2597 295 2648 καί
330 2598 613 2659 Ἕλλησι,
640 2596 738 2647 καί
772 2594 839 2662 τῇ
885 2596 1213 2661 Ἐκκλησίᾳ
1257 2594 1363 2648 τοῦ
1414 2595 1582 2647 Θεοῦ.
1617 2596 1757 2647 Ταύ-

193 2702 318 2746 ταις
344 2686 438 2738 οὖν
464 2688 585 2745 ταῖς
637 2684 1055 2753 παραγγελίαις,
1089 2684 1224 2736 ἀλλὰ
1268 2685 1372 2752 μὴν
1410 2685 1502 2735 καὶ
1545 2685 1757 2750 ἑτέραις

194 2780 292 2829 καὶ
321 2780 371 2829 οἱ
400 2778 644 2845 Πατέρες
674 2772 821 2829 οὗτοι
850 2777 1135 2845 ἑπόμενοι,
1170 2779 1304 2843 φασὶ
1335 2778 1470 2846 πρὸς
1500 2778 1674 2846 χήρας
1722 2778 1755 2847 ἢ

194 2870 537 2935 παρθένους,
574 2868 776 2937 δηλαδὴ
806 2868 1239 2937 καθιερωμένας,
1263 2868 1338 2937 μὴ
1369 2869 1595 2921 εἰσιέναι
1630 2871 1759 2936 κλη-

200 2962 395 3028 ρικοὺς
429 2960 462 3029 ἢ
488 2959 1012 3028 ἐγκρατευομένους.
1042 2960 1178 3021 Τοὺς
1208 2961 1479 3028 μοναχοὺς
1514 2958 1571 3011 δέ
1619 2958 1755 3011 ὠνό-

194 3068 383 3119 μασαν
413 3052 915 3121 ἐγκρατευομένους
948 3052 1088 3105 κατὰ
1116 3051 1209 3104 τὸν
1238 3051 1412 3119 μέγαν
1444 3054 1753 3117 Βασίλειον,

1864 621 1986 657 setts
2019 619 2212 664 canon,
2249 618 2344 656 nec
2375 604 2556 656 clerici
2586 602 2666 655 vel
2700 605 2945 655 monachi
2978 619 3100 656 cum
3138 604 3308 655 viduis
3335 607 3417 655 vt-l

1864 696 2179 763 virginibus,
2200 710 2317 761 qu:e
2343 703 2469 748 sunt
2492 696 2711 748 Omnino
2734 705 3077 757 consecratze,
3104 695 3383 762 colloquan
3404 722 3417 733 -

1866 801 1970 844 tur,
2006 785 2105 837 nisi
2154 784 2202 836 id
2249 786 2324 837 eis
2360 787 2425 839 ab
2470 784 2754 851 episcopis,
2789 785 2866 837 vel
2912 785 3261 852 presbyteris,
3318 800 3418 837 non

1864 875 2221 941 prmsentihus
2263 874 2469 925 scilicet
2509 874 2797 941 episcopis,
2845 873 3208 939 permittatur.
3256 872 3419 925 Porro

1866 980 1929 1016 ne
1964 974 2088 1015 tunc
2118 977 2333 1029 quoque
2365 964 2461 1015 soli
2504 965 2891 1027 ingrediantur,
2933 964 3025 1015 sed
3058 978 3177 1015 cum
3208 965 3417 1014 concle-

1869 1056 2019 1117 ricis,
2051 1054 2133 1106 vel
2165 1069 2285 1105 cum
2319 1054 2444 1113 illis,
2480 1068 2596 1105 cum
2633 1053 2826 1119 quibus
2858 1053 3018 1104 etiam
3055 1053 3336 1119 episcopus
3365 1064 3419 1103 et

1866 1144 2164 1213 presbyteri
2196 1145 2258 1196 ad
2289 1158 2382 1195 eas
2426 1144 2797 1213 ingrediuntur
2836 1160 2849 1196 :
2885 1144 2964 1195 vel
2996 1156 3088 1195 eas
3135 1144 3238 1197 illic
3283 1142 3418 1194 allo-

1864 1249 2120 1305 quuntur,
2150 1238 2239 1290 ubi
2268 1246 2390 1290 sunt
2423 1237 2605 1295 clerici
2628 1280 2641 1301 ,
2678 1237 2758 1290 vcl
2787 1237 2948 1303 aliqui
2975 1236 3125 1288 bona:
3148 1235 3423 1287 existima-

1868 1328 2029 1380 tionis
2073 1326 2392 1380 Christiani.
2439 1327 2571 1379 Illud
2603 1336 2805 1391 autem,
2840 1342 2904 1379 ex
2954 1326 3307 1393 permissione
3345 1326 3424 1377 \cI

1867 1432 2153 1478 consensu,
2183 1417 2380 1467 dictum
2415 1426 2517 1479 est,
2553 1431 2617 1469 eo
2644 1418 2783 1484 quod
2822 1418 2900 1470 vel
2938 1426 3159 1485 propter
3195 1416 3420 1482 aliquid,

1864 1508 2003 1573 quod
2052 1517 2135 1559 est
2189 1507 2443 1573 episcopo
2492 1505 2719 1573 ejusque
2766 1504 3019 1558 Ecclesia:
3063 1505 3422 1565 conducibdc,

1865 1613 1983 1648 cum
2017 1597 2095 1650 eis
2124 1596 2448 1663 colloquium
2492 1596 2738 1655 habetur,
2772 1596 2933 1663 idque
2962 1595 3278 1663 permittunt
3306 1601 3417 1661 cpi—

1864 1689 2044 1754 scopi;
2081 1686 2159 1740 vel
2183 1695 2403 1755 propter
2426 1700 2578 1739 suam
2604 1687 2887 1740 utilitatem
2920 1695 2972 1738 et
3009 1685 3338 1753 petitionem,
3371 1698 3424 1737 t-t

1865 1778 2060 1829 debent
2100 1776 2408 1829 consentire
2441 1778 2697 1844 episcopi.
2739 1775 2878 1845 Lege
2919 1776 3199 1845 praesentis
3242 1779 3423 1843 opm-is

1865 1870 1947 1920 tit.
1984 1869 2041 1920 ll
2079 1882 2200 1935 cap.
2233 1866 2290 1928 Β,
2332 1868 2519 1936 synodi
2554 1878 2719 1922 sexta:
2760 1882 3019 1921 canonem
3052 1868 3118 1919 47
3165 1878 3214 1919 et
3259 1867 3424 1919 Justi-

1862 1959 2007 2012 niani
2038 1959 2258 2012 novella:
2298 1958 2401 2012 155
2433 1972 2555 2027 cap.
2583 1957 2639 2020 2,
2670 1959 2783 2011 sive
2813 1973 2937 2022 cap.
2975 1958 3041 2011 15
3081 1959 3199 2011 libri
3244 1976 3292 2010 tv
3324 1957 3425 2008 lia-

1862 2051 2001 2103 silic.
2031 2051 2171 2118 quod
2202 2050 2361 2103 situm
2395 2059 2474 2103 est
2508 2052 2557 2102 in
2587 2064 2793 2103 cauooe
2817 2051 2881 2102 67
2909 2059 3074 2103 sexta:
3105 2050 3312 2119 syno.ii.

1931 2320 2177 2377 ZONAR.
2239 2321 2354 2376 Non
2406 2324 2851 2377 committendum
2905 2330 2961 2375 ut
3025 2322 3421 2374 incommodius

1861 2413 2060 2481 aliquid
2100 2414 2162 2467 tle
2200 2414 2431 2467 fidelium
2469 2415 2727 2477 moribus,
2767 2414 3010 2481 quamvis
3043 2412 3176 2465 falso
3209 2412 3427 2478 evulge-

1862 2513 1969 2567 tur,
2006 2505 2113 2557 divi
2162 2520 2377 2573 quoque
2427 2503 2577 2559 Pauli
2622 2507 2839 2558 oraculo
2882 2505 3272 2558 admonemur:
3307 2502 3428 2556 Sme

1861 2598 2165 2664 o/fensione,
2202 2597 2411 2662 inquit,
2444 2606 2605 2648 estote
2640 2595 2865 2656 Judcis,
2897 2606 2942 2646 et
2976 2594 3194 2652 Gra’cis,
3237 2606 3283 2645 et
3326 2594 3428 2645 Ec-

1858 2687 2031 2739 clesia:
2072 2687 2167 2739 Dei
2212 2687 2278 2739 “.
2313 2685 2455 2752 Quas
2499 2686 2713 2753 quidem
2759 2687 3164 2752 przeceptiones,
3213 2696 3265 2735 et
3304 2702 3428 2736 vero

1858 2778 1990 2830 alias
2041 2792 2255 2845 quoque
2297 2778 2463 2831 setuti
2514 2776 2671 2842 huius
2703 2775 2891 2845 synodi
2921 2774 3125 2837 Patres,
3158 2776 3221 2826 ad
3249 2775 3429 2828 viduas

1858 2878 1948 2919 aut
1996 2869 2060 2920 ad
2106 2869 2344 2937 virgines
2372 2906 2385 2929 ,
2422 2882 2515 2920 eas
2564 2866 2807 2920 videlicet
2851 2879 2967 2932 qua:
3011 2876 3235 2917 sacratae
3279 2875 3426 2927 sunt,

1857 2958 2089 3012 clericos
2127 2967 2217 3011 aut
2252 2958 2636 3010 continentiam
2684 2954 2956 3022 professos
3002 2957 3212 3022 ingredi
3247 2958 3421 3008 haud-

1855 3063 2125 3117 quaquam
2175 3047 2339 3100 licere
2386 3048 2698 3099 decernunt.
2747 3046 2940 3098 Eorum
2990 3062 3153 3115 porro
3186 3048 3425 3111 nomine,

188 3142 248 3203 ὃς
288 3143 424 3211 περί
464 3143 756 3210 ὁμολογίας
802 3142 896 3194 τοῦ
942 3141 1302 3211 παρθενεύειν
1332 3144 1757 3213 διαταττόμενος
1784 3164 1827 3220 c

1784 3164 1827 3220 ε
1861 3139 1950 3206 qui
1984 3138 2369 3191 continentiam
2399 3134 2632 3205 professi
2668 3144 2815 3199 sunt,
2850 3138 3141 3190 menachos
3175 3136 3422 3205 designe-

190 3235 250 3283 ἐν
282 3231 350 3284 ιθ¹
378 3233 543 3285 αὑτοῦ
580 3234 767 3286 κανόνι
818 3234 986 3301 φησίν
1013 3250 1027 3265 ·
1095 3234 1327 3303 Ἀνδρῶν
1362 3236 1418 3287 δέ
1467 3236 1759 3304 ὁμολογίαν

189 3322 292 3373 οὐκ
335 3321 604 3390 ἐγνωμεν,
646 3324 786 3393 πλὴν
806 3325 856 3375 εἰ
892 3326 965 3392 μή
994 3341 1138 3385 τινες
1171 3327 1395 3385 ἐαυτοὺς
1416 3325 1495 3393 τῷ
1517 3328 1757 3394 τάγματι

193 3413 305 3463 τῶν
332 3412 668 3479 μοναζόντων
706 3413 1217 3483 ἐγκατηρίθμησαν,
1263 3415 1311 3466 οἶ
1362 3416 1499 3467 κατὰ
1534 3417 1592 3467 τὸ
1635 3434 1760 3467 σω-

188 3501 452 3568 πὼμενον
476 3501 692 3553 δοκοῦσι
724 3503 1129 3569 παραδέχεσθαι
1166 3503 1263 3573 τὴν
1316 3505 1581 3573 ἀγαμίαν.
1617 3507 1755 3568 Τοὺς

188 3585 289 3642 οὖν
350 3590 650 3660 κληρικοὺς
714 3593 809 3644 καὶ
863 3592 989 3653 τοὺς
1035 3592 1557 3663 ἐγκρατευομένους,
1603 3599 1755 3666 εἰμὴ

191 3681 351 3748 παρᾶ
380 3680 474 3732 τοῦ
502 3684 801 3734 ἐπισκόπου
842 3684 874 3752 ἢ
923 3684 1033 3736 τῶν
1093 3685 1500 3755 πρεσϐυτέρων,
1556 3689 1755 3759 δηλαδὴ

192 3770 271 3840 μὴ
324 3772 590 3841 παρόντος
625 3775 949 3837 ἐπισκόπου,
980 3775 1355 3843 ἐπιτραπεῖεν,
1414 3780 1489 3845 μὴ
1529 3780 1756 3832 εἰσιέναι

188 3861 515 3913 κελεύουσιν
564 3865 643 3925 είς
693 3864 789 3925 τὰς
821 3865 1120 3933 εἰρημένας
1153 3868 1443 3932 γυναῖκας·
1489 3869 1583 3921 καὶ
1634 3871 1755 3922 τότε

184 3950 245 4002 δὲ
288 3952 367 4018 μὴ
399 3952 553 4019 μόνοι
581 3953 897 4018 εἰσίτωσαν,
953 3954 1089 4009 ἀλλὰ
1124 3955 1261 4023 μετὰ
1295 3957 1678 4025 συγκληρικῶν
1718 3959 1751 4026 ἢ

189 4044 311 4110 μετ’
337 4042 582 4105 ἐκείνων,
617 4044 737 4111 μεθ’
764 4038 861 4109 ὧν,
892 4046 987 4098 καὶ
1008 4048 1035 4098 6
1067 4047 1361 4109 ἐπίσκοπος
1401 4050 1496 4101 καὶ
1537 4052 1585 4101 οἰ
1615 4067 1746 4119 πρε-

190 4130 448 4197 σϐύτεροι
478 4132 677 4183 εἰσίασι
704 4133 839 4202 πρὸς
860 4134 1049 4197 αὐτάς*
1083 4136 1115 4206 ἢ
1142 4137 1257 4187 ἐκεῖ
1280 4139 1753 4207 ἐντυγχανέτωσαν

190 4223 409 4286 αὑταῖς,
442 4222 703 4275 ὃπουείσί
752 4223 1023 4293 κληρικοὶ,
1075 4227 1109 4295 ἢ
1158 4228 1298 4280 ὅπου
1362 4232 1504 4281 εἰσὶν
1547 4230 1753 4300 ἔντιμοί

182 4330 334 4375 τινες
361 4315 698 4381 Χριστιανοὶ,
726 4314 869 4369 ὥστε
925 4318 1110 4370 πᾶσαν
1149 4318 1384 4387 ὑποψίαν
1454 4325 1755 4392 περιαιρεῖ-

184 4403 337 4457 σθαι.
378 4405 512 4457 Κατ’
547 4406 851 4475 ἐπιτροπὴν
877 4407 955 4473 δέ,
984 4426 1157 4477 φησιν
1177 4412 1205 4462 6
1247 4411 1447 4478 κανὼν,
1501 4414 1533 4483 ἢ
1563 4414 1754 4467 συναί-

1864 3235 2007 3289 runt,
2038 3240 2099 3280 ex
2139 3240 2331 3293 magno
2365 3223 2586 3286 Basilio,
2626 3224 2716 3290 qui
2750 3225 2815 3277 de
2842 3225 3181 3293 professione
3210 3226 3427 3293 virgini-

1862 3319 1987 3369 tatis
2028 3316 2383 3384 praecipiens,
2419 3314 2823 3368 undevicesimo
2860 3329 3068 3367 canone
3100 3332 3112 3365 :
3154 3312 3423 3377 Virorum,

1861 3407 2058 3475 inquit,
2098 3406 2297 3458 nullam
2332 3408 2579 3459 novimus
2614 3405 3024 3473 professionem,
3067 3419 3422 3471 pra-terquem

1858 3499 1902 3552 si
1955 3500 2047 3567 qui
2100 3498 2307 3567 seipsos
2358 3499 2744 3551 monachorum
2798 3498 2975 3550 ordini
3021 3500 3417 3566 tnauciparunt,

1856 3592 1948 3659 qni
1988 3588 2205 3656 quidem
2246 3588 2465 3642 silentio
2492 3588 2805 3641 cmlibatum
2838 3588 3086 3640 vitlcntur
3113 3587 3420 3640 admittere.

1856 3677 2048 3731 Clerici
2095 3677 2276 3745 igitur,
2320 3686 2373 3728 et
2420 3676 2510 3743 qui
2569 3676 2959 3728 continentiam
3006 3676 3235 3742 professi
3279 3689 3422 3737 sum,

1858 3766 1957 3819 nisi
2004 3765 2071 3819 ab
2112 3766 2392 3833 episeopo,
2426 3765 2510 3817 vel
2580 3779 2609 3817 a
2646 3765 2996 3833 presbyteris,
3048 3765 3138 3818 illo
3178 3766 3423 3818 videlicet

1856 3858 2099 3921 absente,
2144 3855 2449 3909 facultatem
2498 3855 2930 3924 impetraverint,
2974 3863 3424 3907 comtnctnoratas

1856 3946 2111 3999 mulieres
2160 3944 2308 3998 adire
2382 3944 2733 4011 prohibentur
2778 3954 2877 3996 :et
2921 3958 3049 3996 vero
3082 3957 3255 4011 neque
3299 3954 3422 3996 tunc

1857 4048 2069 4103 quoque
2098 4032 2223 4094 soli,
2253 4034 2344 4086 sed
2384 4032 2465 4086 vel
2498 4033 2795 4086 consociati
2838 4033 3075 4095 clericis,
3104 4034 3183 4086 vel
3212 4047 3422 4095 eorum,

1855 4138 1991 4192 quos
2033 4139 2215 4178 secum
2271 4122 2561 4192 episcopus
2606 4132 2657 4177 et
2708 4125 3004 4193 presbyteri
3065 4126 3129 4176 ad
3173 4124 3290 4177 illas
3330 4126 3422 4175 ad-

1853 4224 2041 4268 euntes
2063 4212 2320 4266 adhibere
2343 4214 2537 4277 solent,
2564 4216 2819 4268 comitatu
2852 4215 2985 4281 septi
3018 4214 3419 4282 ingrediantur;

1855 4314 1947 4359 aut
1984 4306 2073 4359 ubi
2121 4306 2303 4361 clerici
2337 4306 2534 4374 aliique
2577 4306 2785 4358 honesti
2836 4305 3086 4358 homines
3125 4306 3418 4357 Christiani

1855 4396 2142 4457 intersint,
2194 4404 2252 4448 ut
2301 4396 2495 4449 nullius
2541 4397 2833 4463 suspicioni
2871 4396 3205 4464 relinquatur
3249 4397 3420 4459 locus,

181 4511 334 4547 νεσιν
361 4492 454 4546 τοῦ
483 4495 615 4546 ἰδίου
645 4498 972 4551 ἐπισκόπου.
1002 4499 1073 4550 Ἦ
1095 4499 1203 4568 γὰρ
1231 4501 1442 4561 ἐκεῖνος
1464 4481 1747 4571 ἐπιτρέψει
1782 4481 1826 4536 D

1782 4481 1826 4536 Ῑ)
1854 4503 1949 4543 eas
1996 4488 2359 4556 alloquamur.
2404 4486 2475 4539 Ex
2510 4487 2867 4554 pertnissione
2895 4498 3096 4551 autem,
3129 4488 3301 4555 inquit
3330 4505 3422 4543 ca-

182 4584 263 4653 τῷ
284 4584 537 4653 κληρικῷ
556 4585 650 4654 ἀφ’
679 4586 879 4638 ἐαυτοῦ
916 4588 1157 4656 κινηθεὶς
1189 4589 1277 4641 διά
1306 4605 1428 4642 τινα
1453 4592 1665 4660 χρείαν,
1711 4593 1745 4662 ἦ

184 4694 335 4737 τινος
393 4678 503 4729 τῶν
558 4679 865 4747 εἰρημένων
920 4680 1248 4749 αἰτήσαντος
1298 4686 1582 4749 συντυχεῖν
1627 4686 1748 4745 ταῖς

183 4768 513 4836 εἰρημέναις
544 4769 790 4836 γυναιξὶν
809 4769 991 4833 αἰτίας
1023 4770 1365 4842 ἀπαιτούσης
1395 4774 1422 4824 6
1446 4772 1745 4835 ἐπίσκοπος

184 4876 404 4911 συναινε
413 4877 452 4912 ι.

180 5036 407 5089 ΑΡΙΣΤ-
451 5056 469 5087 ⁴
508 5037 773 5106 Κληρικοὶ
807 5039 902 5089 καί
958 5039 1423 5109 ἐγκρατευόμενοι
1469 5042 1667 5111 χήραις
1712 5042 1743 5109 ἢ

253 5144 271 5175 ι
314 5124 613 5193 παρθένοις
644 5128 718 5196 μὴ
748 5130 1122 5197 προσιέτωσαν
1146 5132 1196 5181 εἰ
1229 5131 1618 5200 μὴέπισκόπου
1651 5132 1743 5183 καὶ

250 5232 269 5267 t
310 5215 690 5285 πρεσϐυτέρου
718 5222 954 5290 ἐπιταγῇ
978 5235 996 5251 ο
1026 5221 1118 5272 καὶ
1139 5220 1282 5273 οὓτω
1303 5223 1377 5291 μὴ
1406 5223 1576 5291 μόνοι,
1604 5224 1741 5276 ἀλλὰ

248 5324 267 5355 ε
316 5307 442 5374 μεθ’
485 5301 562 5360 ὧν
613 5310 972 5379 πρεσϐύτεροι
1022 5313 1115 5363 καὶ
1173 5312 1415 5365 διάκονοι
1471 5315 1602 5380 πρὸς
1650 5317 1743 5378 τὰς

248 5414 266 5445 ι
311 5396 577 5459 τοιαύτας
608 5400 862 5453 εἰσίασιν.
904 5418 923 5452 ι

241 5488 337 5536 Δεῖ
373 5488 559 5539 πᾶσαν
579 5485 718 5540 εἶναι
747 5492 1048 5557 ἀσφάλειαν
1078 5494 1187 5545 τῶν
1207 5496 1485 5563 παρθένων
1520 5496 1737 5548 καὶτῶν

171 5577 382 5645 χηρῶν,
417 5578 531 5629 τῶν
574 5582 926 5651 τεταγμένων
952 5588 1017 5657 τῇ
1059 5586 1372 5656 Ἐκκλησία,
1402 5588 1496 5641 καὶ
1517 5588 1607 5641 ὑπ’
1635 5589 1733 5641 a5-

247 5754 339 5811 "l
372 5757 501 5815 Cor.
539 5776 593 5827 ι,
632 5761 720 5816 52.

1854 4595 1985 4644 non,
2045 4580 2247 4649 prolirii
2304 4580 2567 4649 episcopi,
2615 4579 2695 4631 vel
2741 4594 3025 4632 consensu.
3063 4578 3194 4631 Nam
3246 4583 3322 4633 vel
3377 4585 3419 4635 is

1855 4687 1952 4725 sua
2019 4679 2211 4739 sponte
2255 4669 2456 4724 clerico
2493 4672 2561 4725 ob
2606 4670 2888 4723 utilitatem
2944 4670 3172 4738 aliquam
3209 4672 3257 4722 id
3303 4688 3418 4740 per-

1854 4762 2054 4824 mittet,
2081 4762 2163 4815 vel
2205 4762 2273 4815 ab
2317 4759 2497 4827 aliquo
2530 4776 2715 4813 eorum
2752 4775 2887 4826 quos
2920 4760 3154 4814 diximus
3185 4774 3417 4830 tongus,

1859 4852 1950 4920 qui
1974 4860 2316 4905 enumeratas
2353 4850 2625 4915 mulieres,
2662 4851 2802 4919 insta
2842 4864 2999 4903 causa
3032 4851 3415 4914 intercedente,

1857 4944 2145 4996 convenire
2170 4942 2317 5005 velit,
2354 4944 2638 5010 episcopus
2664 4951 2887 4995 annuet.

1855 5031 2078 5087 ARIST.
2119 5050 2137 5083 ι
2180 5034 2372 5087 Clerici
2408 5042 2457 5086 et
2494 5036 2835 5087 continentes
2863 5037 2927 5089 ad
2962 5037 3150 5089 viduas
3187 5032 3264 5084 vel
3306 5031 3414 5082 vir-

1932 5144 1950 5175 ι
1990 5128 2142 5195 gines
2185 5142 2253 5178 ne
2288 5124 2583 5189 accedant;
2623 5126 2722 5178 nisi
2748 5125 2899 5194 jussu
2941 5126 3173 5195 episcopi
3204 5134 3255 5175 et
3296 5136 3418 5188 pre-

1926 5230 1943 5262 ι
1984 5213 2183 5282 shyteri
2216 5228 2230 5263 :
2258 5221 2311 5264 et
2333 5212 2409 5264 sic
2440 5225 2543 5263 non
2564 5211 2686 5276 soli,
2718 5211 2808 5263 sed
2835 5227 2952 5263 cum
2988 5213 3072 5273 iis,
3095 5210 3414 5279 quibuscum

1916 5322 1933 5354 ε
1972 5302 2273 5372 presbyteri
2300 5312 2352 5355 et
2382 5303 2591 5356 diaconi
2623 5304 2689 5354 ad
2724 5316 2813 5355 eas
2850 5304 3134 5355 accedunt.
3180 5318 3197 5349 ι

1918 5497 2143 5551 Omnem
2166 5508 2375 5563 oportet
2401 5497 2638 5549 adhiLeii
2666 5510 2847 5547 curant
2876 5496 3136 5563 virginum
3160 5504 3210 5547 ct
3237 5496 3419 5547 vidua-

1856 5604 1971 5642 rum
2019 5589 2071 5643 in
2115 5588 2353 5643 Ecclesia
2400 5589 2837 5651 constitutarum,
2880 5596 2932 5639 et
2975 5585 3040 5638 ab
3073 5600 3132 5641 ea
3167 5588 3419 5643 altarum.
