4212 6440
811 362 912 423 175

873 588 892 619 ι
928 570 1178 625 cessitate
1205 574 1534 641 impellente,
1564 577 1931 644 pmnitentiam
1964 591 2206 650 agentem
2230 599 2335 635 non

870 677 889 709 ι
931 662 1322 717 reconciliabit.
1361 682 1379 715 ι

866 750 966 816 Qui
1002 767 1031 805 a
1073 752 1181 807 Deo
1212 756 1410 823 ligandi
1443 766 1496 811 et
1544 759 1788 812 solvendi
1839 771 2158 827 potestatem
2185 778 2337 818 acce-

792 853 1008 909 perunt,
1055 849 1350 899 secundum
1404 848 1723 901 delictorum
1752 851 2061 918 qualitatem
2091 864 2145 907 et
2170 856 2337 908 deliu-

793 934 1080 996 quentibus
1171 940 1601 1001 conversionem,
1684 941 1944 1008 suppticia
2022 946 2333 998 decernent.

789 1020 1079 1089 Presbyter
1136 1033 1335 1088 autem,
1391 1038 1587 1092 praner
1636 1029 1873 1095 episcopi
1932 1032 2247 1084 sententiam
2272 1047 2333 1084 ea

790 1126 888 1164 nec
927 1125 1122 1177 augere
1179 1124 1358 1179 potest
1408 1128 1506 1167 nec
1538 1116 1797 1177 minuere,
1840 1131 1938 1169 nec
1963 1119 2330 1185 paenitentiam

793 1212 1009 1267 agentes
1038 1202 1102 1253 ad
1140 1204 1366 1269 gratiam
1403 1203 1664 1270 recipere,
1701 1215 1752 1255 et
1780 1206 1975 1258 divinis
2010 1221 2103 1260 eos
2126 1208 2331 1276 dignari

785 1289 1158 1351 sacramentis,
1188 1290 1434 1357 quamvis
1501 1306 1724 1361 peregre
1776 1295 2054 1362 profectus
2087 1297 2159 1349 sit
2214 1299 2328 1365 epi-

786 1392 1004 1444 Sropus.

1236 1469 1396 1537 57o
1414 1468 1636 1523 CANON
1673 1468 1876 1525 XLVII.

790 1577 806 1607 ε
844 1558 917 1611 De
974 1558 1290 1628 virginibus.
1348 1558 1415 1612 Ut
1473 1574 1643 1612 sacra:
1696 1562 1967 1629 virgines,
2018 1564 2234 1630 quando
2296 1579 2323 1616 a

856 1666 874 1697 ε
918 1651 1159 1717 patribus
1201 1663 1429 1715 quorum
1465 1651 1636 1702 orulis
1679 1650 1822 1703 domi
1872 1654 2323 1717 ohservabantur,

852 1758 869 1789 ε
907 1749 1168 1806 separata:
1214 1738 1436 1802 fuerint,
1468 1741 1733 1808 episcopi.
1780 1742 1861 1793 vel
1913 1743 2024 1809 ipso
2080 1744 2325 1807 absente,

865 1848 883 1879 ι
926 1831 1226 1899 presbyteri
1290 1833 1629 1899 providentia
1662 1835 2144 1887 venerabilioribus
2173 1835 2327 1887 femi—
2358 1832 2399 1885 Β

856 1937 873 1967 ι
924 1921 1003 1971 nis
1037 1921 1505 1983 conuuendenlur,
1544 1922 1623 1973 vel
1657 1933 1713 1974 ut
1751 1923 1908 1974 simul
1941 1924 2239 1975 habitantes
2268 1938 2326 1975 se

854 2029 872 2059 ι
917 2012 1143 2063 invicem
1166 2012 1499 2077 custodiant;
1527 2026 1594 2064 ne
1630 2015 1827 2080 passim
1864 2016 2108 2083 vagando
2138 2016 2327 2067 existi-

855 2121 871 2148 ι
910 2101 1195 2154 mationem
1228 2100 1480 2154 Ecclesiae
1517 2102 1731 2155 laedant.
1772 2122 1792 2154 ι

844 2188 1034 2242 BALS.
1089 2190 1393 2243 Ceutesinta
1485 2192 1736 2245 vicesima
1801 2194 1955 2245 tertia
2032 2192 2320 2248 Iustiniani

770 2280 1002 2341 nmella,
1053 2295 1147 2334 seu
1209 2295 1324 2348 cap.
1374 2280 1427 2346 4,
1487 2283 1643 2349 primi
1701 2283 1779 2334 tit.
1816 2283 1909 2336 ιιι).
1941 2301 2017 2346 tv,
2050 2287 2161 2338 hac
2192 2288 2321 2340 dicit

772 2380 954 2438 aperte
1022 2388 1035 2422 :
1094 2370 1152 2423 lu
1204 2373 1451 2425 omnibus
1509 2384 1688 2426 autem
1765 2376 2127 2441 monasteriis,
2202 2394 2321 2446 qua:

769 2462 1012 2515 caenobia
1043 2473 1324 2527 vet-antur,
1352 2461 1620 2530 iubemus.
1654 2476 1729 2527 ut,
1761 2472 2056 2519 secundum
2083 2482 2320 2521 canones

770 2552 1117 2615 tnouasticos,
1160 2556 1213 2604 in
1252 2566 1355 2604 una
1396 2552 1555 2606 domo
1583 2568 1770 2606 omnes
1800 2555 2043 2607 habitent
2083 2566 2135 2609 et
2170 2570 2315 2609 cem-

764 2642 997 2695 muniter
1047 2642 1282 2708 alantur,
1331 2652 1384 2695 et
1425 2644 1677 2697 similiter
1705 2645 1757 2696 in
1792 2661 1893 2698 una
1942 2647 2099 2700 domu
2127 2662 2317 2701 omnes

764 2734 1051 2801 separatim
1096 2735 1401 2798 dormiant;
1456 2746 1514 2787 ut
1565 2736 1665 2787 sibi
1732 2737 1960 2790 invicem
2030 2740 2317 2793 moderatae

764 2826 1219 2893 templ-rutilisque
1290 2826 1409 2879 vitae
1480 2827 1709 2881 rationis
1774 2830 2143 2882 testimonium
2180 2846 2316 2897 pra:-

762 2916 967 2966 beant:
1022 2915 1209 2966 iisdem
1251 2915 1500 2969 omnibus
1534 2918 1695 2969 etiam
1748 2918 1798 2970 in
1838 2918 2159 2974 ieminarutn
2194 2938 2313 2976 mo-

762 3005 1013 3059 uasteriis
1060 3005 1454 3073 asceteriisque
1504 3008 1750 3062 servatis.
1814 3007 2058 3063 l’rresens
2133 3022 2311 3064 autem

2038 377 2312 439 THEOD.
2346 379 2737 449 BALSAMON

879 497 898 529 ε
932 479 1218 552 Presbyter
1256 492 1432 537 autem
1485 493 1677 554 prteter
1720 487 1837 556 ejus
1867 492 2211 557 sententiam,
2248 508 2341 547 ne-
2371 504 2416 557 Α

3903 394 4006 459 ιτσ

2526 518 2545 551 ι
2581 501 2637 555 δι
2670 505 2818 574 παρὰ
2847 505 3074 578 γνώμην
3103 515 3289 563 τούτου
3311 511 3417 563 οὐδ’
3457 511 3703 582 ἀνάγκης
3733 513 4004 566 συνωθου-

2523 609 2542 641 ι
2580 610 2679 663 σης
2708 597 3030 662 καταλλάξει
3063 601 3442 669 μετανοοῦντα.
3470 621 3490 654 ι

2514 765 2575 817 οι
2601 768 2752 836 παρὰ
2776 769 2909 823 Θεοῦ
2932 772 3188 837 λαϐόντες
3211 774 3458 839 ἐξουσίαν
3480 777 3701 847 δεσμεῖν
3727 784 3824 831 καὶ
3845 779 4000 832 λύειν

2441 856 2570 922 πρὸς
2606 856 2703 926 τὴν
2733 859 2991 925 ποιότητα
3013 862 3119 917 τῶν
3143 864 3557 934 ἁμαρτημάτων
3601 872 3696 919 καὶ
3741 868 3843 936 τὴν
3870 870 3995 919 ἑπι-

2441 947 2675 1013 στροφὴν
2728 948 2822 1000 τοῦ
2863 952 3239 1021 ἡμαρτηκότος
3293 956 3360 1007 τά
3406 957 3661 1024 ιπιτίμια
3715 959 3990 1027 ὁρίσουσι.

2442 1035 2817 1104 Πρεσϐύτερος
2849 1039 2903 1092 δὲ
2940 1043 3091 1109 παρὰ
3122 1044 3346 1114 γνώμην
3392 1046 3490 1100 τοῦ
3520 1049 3825 1101 ἐπισκόπου
3860 1048 3990 1101 οὔτε

2436 1123 2619 1185 αὔξειν
2649 1127 2680 1191 ἢ
2712 1128 2897 1195 μειοῦν
2924 1131 3061 1183 αὐτὰ
3084 1133 3329 1199 δύναται,
3357 1134 3481 1188 οὔτε
3507 1148 3638 1199 τοὺς
3670 1138 3995 1206 μετανοοῦν-

2436 1229 2534 1275 τας
2567 1217 2977 1282 κατιλλάσσειν,
3007 1222 3106 1274 κᾶν
3139 1226 3392 1294 ἀποδημῇ
3447 1228 3476 1277 δ
3519 1228 3836 1293 ὶπίσκοπος,
3895 1233 3993 1283 καὶ

2435 1305 2546 1357 τῶν
2569 1306 2728 1362 θείων
2747 1311 2942 1375 αὐτοὺς
2971 1315 3158 1379 ἀξιοῦν
3184 1318 3563 1386 άγιασμάτων.

3028 1489 3265 1544 ΚΑΝΩΝ
3299 1494 3411 1547 MZ'

2435 1586 2453 1618 ι
2497 1570 2628 1638 Περὶ
2664 1573 2970 1641 παρθένων.
3004 1578 3162 1632 Ὥστε
3211 1584 3309 1644 τὰς
3344 1584 3493 1653 ίεράς
3517 1583 3839 1657 παρθένους,
3889 1591 3985 1643 ὅτι

2512 1677 2530 1708 ι
2569 1660 2677 1713 τῶν
2704 1664 3343 1739 πατέρωνχωρίσωνται,
3384 1672 3444 1736 ἐξ
3475 1667 3550 1727 ὧν
3595 1674 3982 1743 ιφυλάττοντο,

2506 1766 2525 1797 ε
2564 1751 2631 1817 τῇ
2681 1750 2775 1803 τοῦ
2823 1755 3139 1819 ἐπισκόπου,
3196 1760 3228 1827 ἢ
3284 1762 3450 1815 αὐτοῦ
3501 1766 3731 1828 ἀπόντος
3788 1770 3857 1837 τῇ
3882 1769 3987 1820 τοῦ

2501 1855 2519 1886 ι
2559 1840 2927 1911 πρεσϐυτέρου
2959 1848 3185 1915 προνοίᾳ
3231 1852 3351 1911 ταῖς
3374 1856 3728 1924 τιμιωτέραις
3752 1858 3970 1923 γυναιξὶ

2504 1944 2522 1976 ι
2560 1931 2975 1998 παρατίθεσθαι,
3011 1935 3043 2003 ἢ
3070 1938 3187 2003 ἄμα
3219 1941 3579 2004 κατοικούσας
3622 1946 3856 2015 ἀλλήλας
3884 1965 3985 2014 φυ-

2504 2035 2523 2067 ι
2563 2018 2716 2071 λάττε
2729 2037 2796 2082 ιν,
2831 2024 2915 2075 ῖνα
2940 2024 3013 2092 μὴ
3040 2028 3317 2096 πανταχοῦ
3345 2031 3681 2102 πλαζόμεναι
3723 2036 3822 2102 τὴν
3847 2037 3983 2089 ύπό-

2501 2129 2519 2157 ι
2561 2110 2719 2178 ληψιν
2758 2111 3000 2181 βλάψωσι
3031 2118 3130 2183 τῆς
3174 2119 3520 2188 Ἐκκλησίας.
3558 2142 3576 2171 ι

2495 2200 2686 2253 ΒΑΛΣ.
2732 2201 2792 2253 Ἥ
2828 2203 2927 2271 μὲν
2958 2212 3078 2274 ρκγ¹
3124 2208 3555 2273 Ίουστινιάνειος
3584 2216 3773 2284 νεαρὰ,
3810 2218 3985 2287 ἤγουν

2421 2290 2483 2340 τὸ
2509 2291 2550 2342 δ’
2580 2308 2707 2358 κεφ.
2744 2292 2837 2346 τοῦ
2890 2294 2938 2347 α’
2970 2297 3150 2350 τίτλου
3190 2299 3286 2352 τοῦ
3319 2301 3360 2353 δ’
3401 2303 3610 2372 βιϐλίου
3642 2309 3779 2373 φησὶ
3807 2311 3981 2362 ταῦτα

2424 2381 2603 2450 ῥητῶς
2628 2398 2641 2411 '
2678 2383 2765 2434 Ἑν
2796 2385 2966 2439 ἅπασι
3000 2387 3057 2439 δὲ
3088 2392 3198 2452 τοῖς
3254 2397 3659 2465 μοναστηρίοις,
3688 2399 3830 2468 ᾰπερ
3868 2420 3981 2454 κοι-

2423 2470 2570 2522 νόϐια
2604 2472 2917 2537 καλοῦνται,
2948 2479 3245 2550 κελεύομεν
3296 2487 3437 2537 κατὰ
3476 2488 3603 2549 τοὺς
3653 2494 3980 2559 μοναχικοὺς

2420 2564 2650 2626 κανόνας
2680 2569 2737 2618 ἐν
2765 2567 2846 2618 ἑνὶ
2879 2567 3011 2639 οἴκῳ
3038 2572 3246 2638 πάντας
3276 2579 3466 2641 οἰκεῖν,
3498 2582 3590 2632 καὶ
3626 2583 3820 2646 κοινῶς
3848 2588 3979 2651 τρέε-

2419 2654 2632 2719 φεσθαι,
2669 2659 2809 2710 κατὰ
2865 2660 2955 2711 τὸν
2999 2664 3187 2732 ὅμοιον
3241 2668 3460 2736 τρόπον,
3497 2671 3590 2722 καὶ
3640 2674 3697 2723 ἐν
3734 2674 3812 2723 ἑνὶ
3839 2675 3982 2740 οἴκῳ

2418 2743 2625 2806 πάντας
2679 2752 3101 2817 κεχωρισμένως
3150 2754 3457 2824 καθεύδειν,
3510 2759 3649 2812 ὥστε
3681 2762 3979 2829 ἀμοιϐαδὸν

2416 2833 2665 2902 ἀλλήλοις
2696 2839 3002 2905 μαρτυρίαν
3052 2841 3150 2909 τῆς
3182 2842 3457 2913 σώφρονος
3491 2848 3769 2918 διαγωγῆς
3817 2868 3977 2919 παρ-

2416 2923 2558 2990 ἐχειν
2586 2926 2782 2988 αὐτούς
2801 2943 2814 2957 ·
2849 2922 3055 2981 τούτων
3084 2933 3339 2987 ἁπάντων
3370 2938 3463 2989 καὶ
3522 2942 3653 3006 περὶ
3684 2940 3753 2991 τὰ
3803 2959 3976 3010 μονα-

2416 3015 2610 3084 στήρια
2639 3017 2731 3069 καὶ⁵
2756 3018 3062 3087 άσκητήριμ
3088 3022 3195 3076 τῶν
3225 3026 3502 3090 γυναικῶν
3554 3032 3977 3098 παραφυλαττο-

756 3110 927 3145 canon
966 3094 1174 3157 statuit,
1215 3103 1271 3146 ιιι
1308 3094 1542 3162 virgines
1572 3094 1676 3148 Deo
1708 3097 1988 3163 dedicata,
2019 3115 2048 3151 a
2082 3101 2311 3168 propriis
2339 3140 2381 3196 ο
2418 3152 2419 3163 η

2310 3136 2311 3145 η
2339 3140 2381 3196 C
2418 3104 2593 3168 μένων
2616 3119 2629 3133 ⁸
2658 3106 2686 3157 δ
2720 3107 2774 3157 δὲ
2800 3109 2988 3175 παρὼν
3014 3110 3191 3162 κανὼν
3224 3112 3517 3183 διορίζεται
3566 3094 3665 3180 τὰς
3691 3094 3973 3173 ἀνατεθει-

759 3186 1001 3253 patribus
1065 3194 1350 3253 separataa,
1380 3200 1481 3240 neu
1518 3202 1611 3255 per
1641 3203 1698 3242 se
1726 3190 1919 3256 degant
1949 3207 1961 3243 :
1996 3191 2087 3244 sed
2118 3194 2240 3258 quia
2280 3207 2307 3243 a

758 3280 999 3346 patribus
1026 3278 1407 3341 servabantur,
1450 3288 1568 3348 post
1599 3296 1782 3334 earum
1827 3293 2002 3335 autem
2040 3283 2096 3335 in
2130 3283 2309 3351 eccle-

752 3370 829 3420 sia
864 3368 1283 3431 dedicationem,
1312 3382 1373 3421 ea
1407 3381 1615 3437 patrum
1643 3372 1883 3424 custodia
1912 3380 1963 3425 et
1995 3372 2309 3427 observatio

752 3460 1023 3523 cessavit;
1050 3459 1516 3527 debentepiscOpi,
1548 3460 1628 3513 vel
1657 3461 1721 3514 iis
1747 3463 2060 3515 absentibus
2085 3464 2309 3530 presby-

758 3547 887 3610 teti,
913 3563 1002 3600 eas
1034 3548 1355 3600 venerandis
1393 3548 1705 3601 mulieribus
1751 3550 1984 3613 tradere,
2037 3560 2092 3602 ut
2138 3552 2205 3605 ab
2244 3551 2310 3605 iis

753 3655 850 3705 per
913 3653 1256 3691 connuuuem
1303 3639 1425 3692 vita:
1480 3640 1797 3693 serietatem
1856 3646 2158 3693 serventur.
2214 3642 2308 3695 Sin

749 3729 951 3790 minus,
1012 3743 1200 3781 omnes
1244 3742 1414 3783 sacrm
1470 3730 1703 3797 virgines
1754 3729 1913 3783 simul
1972 3731 2309 3796 habitent,ut

750 3818 909 3873 simul
972 3819 1211 3871 viventes
1266 3819 1471 3887 seipsas
1540 3820 1765 3873 invicem
1819 3829 2035 3873 servent
2074 3838 2086 3872 :
2121 3831 2306 3875 etnon

748 3919 992 3963 errantes
1019 3947 1034 3974 ,
1099 3923 1193 3962 seu
1228 3908 1314 3962 hic
1364 3918 1414 3962 et
1451 3908 1557 3961 illic
1604 3911 2305 3977 agentes,‘ecclesiasticam

744 4004 867 4054 vitae
887 4004 1222 4055 honestatem
1245 4008 1298 4052 et
1327 3999 1748 4054 moderationem
1775 4001 2035 4068 polluant,
2054 4003 2304 4070 quoniam

748 4108 850 4144 neu
882 4094 1075 4145 bonam
1121 4092 1202 4143 sui
1261 4090 1714 4143 existimationem
1764 4093 2053 4159 pra-beant.
2086 4093 2150 4146 Et
2196 4094 2309 4147 hazc

746 4182 960 4247 quidem
993 4182 1135 4248 leges
1159 4188 1212 4233 et
1262 4194 1521 4233 canones.
1562 4179 1732 4235 Hodie
1761 4192 1936 4234 autem
1965 4196 2151 4249 parum
2182 4183 2306 4251 quid

743 4287 927 4325 eorum
961 4272 1041 4325 vel
1082 4270 1467 4340 propemodum
1514 4272 1647 4324 nihil
1687 4272 1765 4324 tit.
1821 4271 1953 4325 Nam
1985 4286 2158 4340 neque
2193 4288 2311 4326 mo-

743 4364 900 4417 nachi
980 4362 1434 4416 monasteriorum
1499 4361 1734 4414 virorum
1794 4362 1956 4415 simul
2038 4362 2301 4425 habitant,

2418 3194 2581 3260 μένας
2637 3195 2716 3264 τῷ
2749 3196 2867 3265 Θεῷ
2906 3199 3225 3269 παρθένους,
3287 3206 3659 3277 χωριζομένας
3712 3212 3821 3264 άπὸ
3862 3213 3979 3265 τῶν

2412 3286 2625 3337 οἰκηίων
2652 3290 2923 3356 πατέρων,
2959 3291 3034 3359 μὴ
3055 3290 3177 3343 καθ’
3202 3294 3401 3358 ἑαυτὰς
3428 3298 3635 3365 διάγειν
3654 3340 3670 3364 ,
3702 3302 3818 3355 ἀλλ’
3847 3305 3982 3357 ἐπεὶ·

2412 3375 2562 3442 παρὰ
2591 3376 2699 3427 τῶν
2730 3378 2984 3445 πατέρων
3015 3380 3395 3449 ἐφυλάττοντο,
3428 3388 3461 3455 ἡ
3492 3388 3548 3441 δὲ
3599 3392 3821 3460 τοιαύτη
3871 3410 3976 3461 φυ-

2410 3463 2550 3533 λακὴ
2580 3466 2717 3532 μετὰ
2748 3467 2846 3535 τὴν
2871 3470 2951 3527 είς
2979 3469 3076 3539 τὴν
3114 3472 3437 3541 Ἐκκλησίαν
3482 3477 3736 3531 ἀνάθεσιν
3786 3481 3975 3534 αὐτῶν

2411 3553 2724 3620 aestuo“,
2759 3557 3065 3621 ὀφείλουσιν
3096 3562 3145 3611 οί
3176 3562 3463 3616 ἐπίσκοποι.
3490 3566 3522 3633 ἢ
3570 3566 3780 3621 τούτων
3799 3571 3974 3623 άττόν-

2409 3657 2515 3692 των
2534 3641 2583 3692 οι
2608 3642 2964 3713 πρεσϐύτεροι
2997 3647 3348 3715 παραδιδόναι
3393 3651 3591 3717 ταύτας
3624 3660 3848 3724 σεμναῖς
3872 3675 3973 3725 γυ-

2412 3729 2603 3795 ναιξὶν,
2644 3731 2728 3797 ιφ’
2760 3730 2802 3796 ᾧ
2832 3734 2937 3785 ὑπὸ
2966 3735 3171 3789 τούτων
3201 3738 3290 3791 διὰ
3337 3740 3436 3822 τῆς
3459 3744 3729 3812 ὁμοζωῖας
3767 3748 3972 3814 φυλάτ-

2414 3820 2625 3874 τεσθαι.
2666 3823 2741 3874 Ἦ
2767 3825 2815 3875 εί
2849 3824 2923 3894 μὴ
2982 3825 3160 3890 τοῦτο,
3198 3820 3379 3890 πάσας
3430 3832 3526 3894 τὰς
3566 3835 3717 3903 ίερὰς
3766 3837 3976 3902 ταύτας

2410 3912 2708 3982 παρθένους
2733 3913 2865 3981 ὁμοῦ
2898 3920 3195 3983 κατοικεῖν,
3229 3920 3315 3971 ἵνα
3345 3920 3584 3985 συζῶσαι
3614 3925 3975 3991 φυλάττωσιν

2407 4002 2663 4073 ἀλλήλας,
2696 4006 2790 4057 καὶ
2819 4006 2894 4075 μὴ
2920 4007 3275 4077 πλαξόμεναι,
3333 4014 3501 4082 ἤγουν
3555 4014 3682 4084 τῇδε
3735 4018 3967 4070 κάκεῖσε

2405 4095 2779 4164 διατρίϐουσαι
2836 4097 2933 4168 τὴν
2964 4100 3425 4172 ὲκκλησιαστικὴν
3475 4106 3775 4175 εὐκοσμίαν
3803 4110 3971 4179 μολύ-

2410 4203 2542 4238 vom
2572 4188 2659 4266 διά
2716 4189 2812 4240 τοῦ
2856 4189 3059 4242 διδόναι
3097 4193 3199 4244 οὐκ
3249 4194 3458 4261 ἀγαθάς
3502 4197 3793 4266 ὑπολήψεις
3844 4200 3967 4252 κατ’

2405 4278 2605 4331 αὐτῶν.
2634 4264 2745 4332 Ral
2775 4284 2801 4333 ὁ
2834 4282 2933 4349 μὲν
2962 4283 3124 4351 νόμος
3154 4287 3245 4337 καὶ
3268 4287 3317 4338 oi
3363 4289 3589 4351 κανόνες
3733 4290 3963 4351 τούτοις·

2406 4371 2645 4437 σήμερον
2693 4370 2751 4421 δὲ
2800 4370 2906 4422 ἀπὸ
2935 4371 3141 4424 τούτων
3190 4375 3332 4438 τέως
3382 4378 3461 4438 είς
3496 4377 3643 4446 ἡμᾶς
3703 4379 3963 4449 μικρὸνῆ

741 4469 915 4522 neque
950 4454 1195 4507 ascetrizn
1227 4469 1241 4505 :
1279 4453 1330 4505 in
1360 4454 1490 4507 solis
1519 4462 1695 4505 autem
1726 4453 2008 4507 mulierum
2040 4454 2303 4508 cmuobiis
2335 4457 2378 4512 D

2335 4457 2378 4512 D
2408 4459 2558 4510 οὐδὲν
2591 4460 2775 4528 σχεδὸν
2806 4461 3016 4527 γίνεται
3036 4478 3052 4492 ⁶
3082 4462 3207 4516 οὔτε
3238 4465 3347 4535 γὰρ
3398 4468 3447 4517 oi
3486 4468 3712 4536 μοναχοὶ
3744 4470 3851 4521 τῶν
3878 4471 3966 4521 άν-

742 4544 1087 4597 tnunasteriis
1113 4555 1362 4597 servatur
1392 4544 1507 4597 haec
1559 4544 1862 4597 communis
1894 4545 2054 4597 simul
2093 4547 2303 4600 vivendi

740 4638 878 4689 ratio
912 4644 965 4689 et
1034 4635 1316 4689 habitatio.
1368 4636 1520 4701 Apud
1550 4632 1773 4689 Latinos
1800 4646 1979 4690 autem
2023 4638 2306 4707 hucusque

738 4737 982 4779 servatur
1010 4740 1073 4779 ea
1102 4726 1222 4779 vitae
1254 4726 1412 4778 ratio.
1442 4724 1642 4779 Omnes
1688 4727 1833 4780 enim
1864 4728 2115 4782 monachi
2144 4730 2302 4783 simul

735 4824 1023 4873 eotnedunt
1048 4829 1101 4873 et
1142 4819 1437 4873 dormiunt.
1508 4817 1648 4888 Lege
1692 4829 1743 4873 et
1786 4836 2045 4875 canonem
2093 4823 2123 4874 6
2165 4838 2304 4891 prae-

737 4912 906 4963 sentis
940 4909 1128 4979 synodi
1174 4923 1226 4962 et
1258 4925 1376 4978 qua:
1412 4910 1464 4963 in
1517 4924 1581 4963 eo
1630 4920 1753 4963 sunt
1795 4910 1987 4981 (fusius
2017 4913 2161 4965 enim
2190 4913 2296 4967 illic

738 5010 1026 5053 tractatum
1083 5010 1185 5061 est,
1253 5001 1520 5068 quomodo
1574 5013 1965 5054 consecrantur
2018 5003 2293 5069 virgines,

732 5099 895 5146 etiam
923 5095 1038 5146 sine
1065 5093 1364 5146 tnouachali
1392 5093 1621 5164 habitu),
1650 5103 1701 5147 et
1733 5108 1992 5148 eanonem
2025 5096 2091 5148 18
2124 5098 2297 5151 sancti

733 5186 935 5239 Basilii.

799 5449 1045 5504 ZONAR.
1082 5450 1243 5504 Sexto
1270 5450 1431 5520 hujus
1462 5452 1651 5521 synodi
1676 5467 1880 5506 canone
1909 5454 1973 5507 de
1996 5453 2294 5519 puellarum

732 5546 1145 5597 consecratione
1183 5553 1497 5597 estactum.
1541 5543 1689 5607 Quas
1737 5545 1899 5613 igitur
1946 5545 2016 5597 ihi
2056 5553 2296 5599 sacratas

726 5637 951 5705 puellas,
1018 5634 1119 5687 hoc
1153 5635 1270 5686 loco
1308 5648 1493 5686 sacras
1527 5635 1764 5702 virgines
1814 5636 2127 5688 nominavit.
2158 5636 2288 5689 Nam

727 5743 822 5796 pro
856 5726 1149 5793 virginibus
1173 5726 1468 5794 puellarum
1504 5741 1699 5778 nomen
1751 5742 2009 5794 usurpare
2046 5744 2159 5781 mos
2184 5737 2285 5782 est.

2405 4549 2593 4619 δρῴων
2617 4553 2995 4619 μοναστηρίων
3012 4551 3147 4620 ὁμοῦ
3174 4555 3544 4620 κατοικοῦσιν,
3563 4555 3685 4610 οὔτε
3706 4560 3763 4611 al
3788 4561 3964 4630 ἀσκή-

2401 4656 2553 4708 τριαι
2573 4654 2586 4666 ·
2618 4641 2705 4703 είς
2733 4641 2869 4707 μόνα
2902 4642 2955 4693 δὲ
2988 4646 3056 4695 τὰ
3089 4646 3375 4709 γυναικεῖα
3405 4647 3646 4699 κοινόσια
3696 4661 3969 4719 μοναστῄ-

2408 4745 2500 4797 ρια
2532 4731 2876 4798 συντηρεῖται
2906 4734 2937 4800 ἡ
2970 4732 3123 4801 κοινὴ
3152 4734 3330 4785 δίαιτα
3359 4736 3454 4786 καὶ
3488 4737 3757 4789 κατοικία.
3790 4741 3881 4801 Εἰς
3905 4741 3961 4792 δὲ

2402 4818 2525 4879 τοὺς
2545 4818 2801 4883 Λατίνους
2828 4823 2961 4882 τέως
2991 4823 3018 4890 Ι]
3052 4824 3465 4892 τοιουτότροπος
3487 4826 3732 4896 διαγωγὴ
3764 4844 3967 4898 συντη-

2408 4911 2601 4979 ρεῖται.
2639 4911 2845 4973 Πάντες
2870 4914 2979 4982 γὰρ
3011 4914 3061 4964 οἱ
3100 4918 3322 4984 μοναχοὶ
3380 4916 3516 4987 ὁμοῦ
3570 4920 3665 4970 καὶ
3723 4920 3966 4973 ἐσθίουσι

2407 5002 2497 5052 καὶ
2521 5000 2914 5055 ὑπνώττουσιν.
2960 5003 3258 5071 Ἀνάγνωθι
3291 5007 3385 5058 καὶ
3415 5008 3502 5059 τὸν
3533 5008 3589 5071 ς’
3643 5011 3839 5062 κανόνα
3866 5012 3966 5078 τῆς

2406 5090 2684 5161 παρούσης
2709 5094 2948 5158 συνόδου,
2976 5097 3069 5148 καὶ
3097 5097 3165 5148 τὰ
3190 5098 3246 5148 ὲν
3277 5098 3428 5167 αὑτῷ
3463 5098 3831 5167 (πλατύτερον
3855 5104 3965 5171 γᾴρ

2405 5182 2582 5233 ἐκεῖσε
2617 5183 2877 5254 διελήφθη
2918 5186 3034 5249 πῶς
3095 5188 3355 5257 παρθένοι
3413 5189 3811 5260 καθιεροῦνται,
3866 5197 3965 5245 καὶ

2403 5272 2523 5340 δίχα
2556 5273 2647 5325 τοῦ
2680 5276 3007 5341 μοναστικοῦ
3067 5280 3380 5349 σχήματος)
3413 5282 3624 5335 καὶτὸν
3658 5289 3728 5353 ιη’
3762 5286 3968 5337 κανόνα

2401 5364 2494 5415 τοῦ
2530 5366 2686 5429 ἁγίου
2716 5367 3018 5422 Βασιλείου.
3888 5375 3905 5389 ”

2473 5456 2718 5510 ΖΩΝΑΡ.
2763 5460 2848 5510 Ἐν
2880 5461 3023 5530 ἕκτῳ
3052 5464 3232 5515 κανόνι
3266 5467 3364 5533 τῆς
3409 5466 3687 5536 παρούσης
3745 5470 3966 5521 συνόδου

2403 5549 2620 5617 εἴρηται
2660 5549 2781 5615 περὶ
2814 5553 2986 5621 κορῶν
3016 5554 3422 5622 καθιερώσεως.
3487 5561 3582 5620 Ἀς
3610 5559 3742 5626 γοῦν
3768 5562 3964 5613 ἐκάλε-

2402 5657 2491 5690 σεν
2527 5643 2639 5690 ἐκεῖ
2666 5644 2832 5711 κόρας
2865 5644 3312 5714 καθιερουμένας,
3354 5648 3591 5707 ἐνταῦθα
3642 5650 3789 5719 ἱερὰς
3817 5650 3961 5719 τιαρ-

2401 5732 2583 5783 θένουε
2617 5732 2888 5801 ὠνόμασε.
2954 5736 3137 5803 Κόρας
3192 5739 3298 5807 γάρ
3355 5741 3448 5801 τὰς
3504 5742 3804 5809 παρθένους
3841 5742 3972 5803 ἱθος.
