4212 6440
238 403 338 465 ΓΠ

1251 387 1330 445 ΙΝ
1359 385 1521 446 CAN.
1561 384 1801 445 XLVIII
1840 384 2045 445 COXC.
2076 379 2451 439 CARTIIAG.

3348 362 3446 421 178

236 516 445 566 ιιαλεῖν.
527 507 957 576 ’Δνατιθεμένων
1020 501 1114 554 οῦν
1188 500 1267 568 τῷ
1330 498 1449 567 Θεῷ
1510 497 1826 566 παρθένων,

1848 500 1865 550 l
1895 495 2022 559 Quas
2051 508 2108 547 se
2135 506 2265 561 ergo
2304 490 2541 557 virgines
2578 486 2688 536 Deo
2720 482 2991 539 dicabant,
3032 474 3441 526 continentiam-

237 605 495 673 ἁγνεύειν
524 596 897 671 δμολογουσῶν
918 596 949 649 6
974 594 1271 653 ιπίσκοπος
1298 591 1464 651 αὑτάς
1488 588 1789 655 ἀνεδέχετο.

1895 599 1999 654 que
2026 582 2440 652 profitebantur,
2472 592 2564 630 eas
2619 574 2907 641 episcopus
2962 565 3281 634 excipiebat.
3320 562 3442 626 Epi-

239 657 409 759 λέγει
440 690 533 747 οῦν
558 657 605 744 ’δ
648 657 830 743 κανὼν
859 687 941 740 δτι
973 684 1057 739 δεῖ
1097 683 1190 735 τὸν
1224 681 1520 734 ἐπίσκοπον
1550 679 1796 745 προνοεῖν

1897 675 2044 741 scopi
2098 672 2261 741 igitur
2308 668 2386 722 vel
2435 666 2892 736 presbyterorum,
2929 675 2970 711 ει
3018 658 3059 710 is
3115 657 3287 715 :llrt‘SI,
3318 666 3446 704 cura

237 784 446 845 αὐτῶν,
472 783 507 851 ἢ
542 783 632 835 ὅτε
678 780 897 838 ἄπεστι,
926 775 1056 837 τοὺς
1086 772 1513 843 πρεσϐυτέρους,
1548 768 1641 820 καὶ
1677 765 1791 816 ἐπεὶ

239 876 545 927 διίστανται
576 870 685 925 τῶν
709 869 959 936 πατέρων
988 864 1169 917 αὑτῶν
1202 863 1293 931 ὑφ’
1321 856 1395 915 ὧν
1417 858 1798 926 ἐφυλάττοντο,

240 961 635 1033 παραδίδοσθαι
664 958 833 1019 αὑτάς
865 957 1093 1026 σεμναῖς
1136 953 1408 1021 γυναιξὶν,
1438 950 1581 1003 ὥστε
1623 963 1803 999 συνοι-

241 1057 362 1107 κεῖν
402 1054 613 1113 αὑταῖς,
643 1052 737 1102 καὶ
766 1044 1188 1115 καταρτίζεσθαι
1215 1046 1294 1104 είς
1315 1041 1533 1111 ἀρετὴν.
1567 1039 1599 1106 ἢ
1626 1038 1803 1097 πάσας

238 1148 343 1206 τὰς
378 1142 531 1212 ίερέις
558 1140 757 1199 ταύτας
786 1137 1088 1206 παρθένους
1107 1132 1242 1200 δμοῦ
1280 1133 1566 1191 συνοικεῖν,
1597 1130 1683 1179 ῖνα
1708 1142 1803 1177 συ-

242 1238 423 1301 ζῶσαι
452 1232 625 1301 δρῷεν
666 1230 920 1299 ἀλλήλας,
943 1229 1037 1281 καὶ
1064 1225 1408 1293 φυλάττοιεν,
1440 1222 1534 1274 καὶ
1571 1219 1647 1288 μὴ
1670 1219 1803 1271 πλα·

244 1326 499 1391 ζόμεναι,
527 1322 692 1389 ἠγουν
724 1318 853 1387 τῇδε
886 1317 1113 1369 κάκεῖσε
1160 1310 1474 1377 περιιοῦσαι
1497 1348 1513 1372 ,
1548 1312 1642 1362 καὶ
1675 1307 1810 1359 πλα-

244 1414 493 1482 νώμεναι
532 1409 773 1478 βλάψωσι
829 1406 926 1475 τὴν
982 1402 1251 1470 ὑπόληψιν
1309 1401 1409 1469 τῆς
1463 1397 1808 1466 Ἐκκλησίας,

244 1506 530 1558 τουτέστιν
564 1498 974 1566 ὑπολαμϐάνειν
998 1496 1101 1547 οὑκ
1128 1492 1338 1560 ἀγαθάς
1372 1492 1674 1557 ὑπολήψεις
1704 1505 1809 1541 πα·

253 1590 642 1662 ρασκευάσωσί
669 1606 826 1650 τινας
859 1588 987 1656 περὶ
1007 1586 1103 1653 τῆς
1120 1582 1473 1651 Ἐκκλησίας.
1519 1579 1812 1649 Ἐκκλησία

242 1687 305 1739 δέ
337 1687 486 1737 ἐστιν
517 1685 546 1736 δ
584 1681 693 1735 τῶν
725 1678 931 1733 πιστῶν
966 1674 1287 1745 άθροισμός.

246 1862 479 1916 ΑΡΙΣΤ.
518 1882 536 1913 ι
579 1861 645 1914 Ἢ
674 1860 762 1914 διὰ
795 1858 1089 1927 παρθενίαν
1117 1856 1209 1910 τοῦ
1242 1855 1448 1925 πατρὸς
1476 1854 1816 1923 ἀφισταμένη

291 1972 312 2002 ι
355 1954 479 2014 ταῖς
508 1952 868 2021 τιμιωτάταις
897 1950 1005 2002 τῶν
1031 1947 1311 2016 γυναικῶν
1340 1946 1725 2017 παρατίθεται.
1756 1966 1774 1997 ο

327 2134 421 2185 Δεῖ
453 2134 543 2185 τὸν
564 2133 859 2186 ἐπίσκοπον
887 2132 997 2184 τῶν
1042 2131 1202 2202 ιερῶν
1237 2132 1525 2200 παρθένων
1572 2132 1818 2184 τίθεσθαι

250 2223 517 2289 πρόνοιαν
545 2238 559 2252 '
593 2223 683 2275 καὶ
714 2223 764 2274 εί
794 2222 902 2274 τῶν
931 2222 1151 2274 οἰκείων
1185 2222 1440 2291 πατέρων
1465 2214 1629 2274 αζται
1658 2238 1819 2289 χωρι-

251 2311 452 2374 σθῶσι,
481 2312 611 2381 παρ’
641 2307 716 2364 ὧν
744 2311 1122 2378 ἐφυλάττοντο,
1170 2313 1292 2373 ταῖς
1325 2312 1684 2379 τιμιωτάταις
1716 2329 1817 2377 γυ-

238 2402 434 2467 ναιξὶν
466 2404 545 2464 είς
601 2404 931 2471 ἑπιτήρησιν
961 2402 1469 2472 παραδιδόσθωσαν,
1527 2405 1665 2458 ὥστε
1700 2404 1818 2472 ἅμα

252 2491 494 2562 ἀλλήλας
525 2495 825 2547 κατοικεῖν.

829 2581 1064 2636 ΚΔΝΩΝ
1103 2583 1243 2636 MH'.

256 2691 279 2723 ε
337 2672 474 2740 Περὶ
496 2671 605 2723 τῶν
632 2672 1002 2725 ἀσθενούντων
1040 2673 1133 2725 καὶ
1171 2674 1311 2742 ὑπὲρ
1355 2673 1533 2726 αὐτῶν
1584 2675 1817 2743 ἀποκρί-

340 2777 357 2809 t
394 2758 582 2810 νεσθαι
616 2758 690 2826 μὴ
730 2760 1060 2827 δυναμένων.
1089 2761 1250 2813 Ὥστε
1284 2762 1407 2823 τοὺς
1440 2762 1817 2825 ἀσθενοῦντας,

336 2869 353 2899 ι
390 2848 586 2909 οἵτινες
618 2849 759 2916 ὑπὲρ
795 2850 1001 2902 ἑαυτῶν
1054 2852 1449 2919 ἀποκρίνεσθαι
1512 2855 1571 2905 οὑ
1632 2855 1823 2907 δύναν-

336 2958 353 2988 r
394 2958 505 3003 ται,
571 2940 688 2993 τότε
725 2939 1098 3009 βαπτίζεσθαι,
1141 2943 1228 2994 ὅτε
1276 2946 1338 3011 τῇ
1395 2945 1574 2995 αὐτῶν
1630 2963 1819 3014 προαι-

339 3052 357 3082 r
400 3034 546 3099 ρέσει
594 3031 695 3099 τὴν
725 3032 854 3100 περὶ
884 3031 1061 3084 αὑτῶν
1095 3034 1400 3102 μαρτυρίαν
1434 3035 1663 3105 κινδύνῳ
1708 3036 1821 3104 ἰδίῳ

335 3142 351 3170 ι
397 3141 417 3174 ε
429 3124 637 3175 ίπωσιν.
678 3142 697 3174 ›

328 3214 528 3266 ΒΑΛΣ.
549 3214 702 3276 Τινὲς
736 3214 963 3283 ἐζήτουν
988 3212 1250 3277 ἀπίστους
1281 3216 1431 3279 τινάς
1453 3216 1817 3285 βαπτισθῆναι

253 3304 407 3356 κατὰ
440 3304 533 3364 τὰς
561 3303 880 3365 τελευταίας
904 3304 1082 3357 αὐτῶν
1102 3305 1396 3366 ἀναπνοὰς·
1427 3324 1458 3357 κ
1475 3307 1531 3357 αἱ
1554 3306 1652 3357 οὑκ
1675 3308 1823 3374 εἰση-

257 3392 511 3457 κούοντο,
538 3392 621 3444 διὰ
662 3392 724 3443 τδ
773 3392 902 3455 τοὺς
950 3392 1307 3455 ἀσθενοῦντας
1347 3402 1420 3463 μὴ
1468 3396 1725 3447 δύνασθαι
1754 3398 1819 3449 δι’

263 3479 485 3531 ἑαυτῶν
522 3481 803 3546 ὁμολογεῖν
838 3481 935 3542 τὰς
972 3481 1064 3533 τοῦ
1100 3482 1255 3547 άγίου
1290 3480 1662 3550 βαπτίσματος
1701 3500 1823 3536 συν·

259 3568 459 3634 θήκας.
485 3570 760 3635 Φασὶγοῦν
794 3572 839 3623 οί
866 3571 1107 3641 Πατέρες
1144 3573 1243 3634 δτι,
1279 3572 1373 3624 ὲάν
1395 3572 1441 3624 οί
1474 3574 1822 3636 ἀσθενο”ντες

257 3657 479 3721 δείξωσι
504 3661 823 3729 προαίρεσιν
854 3663 986 3729 περὶ
1017 3661 1109 3714 τοῦ
1140 3662 1345 3714 ἐθέλειν
1377 3662 1573 3725 αὐτοὺς
1626 3664 1819 3731 βαπτιη

261 3749 483 3817 σθῆναι,
521 3752 613 3802 καὶ
674 3754 869 3804 εἴπωσι
902 3753 1132 3823 κινδύνῳ
1177 3754 1291 3821 ἰδίῳ
1328 3754 1508 3823 ζητεῖν
1537 3755 1596 3806 τὸ
1635 3755 1827 3823 βάπτι-

261 3858 403 3907 σμα.
458 3842 946 3910 άπαρεμποδίστως
1001 3843 1482 3913 βαπτισθήσονται,
1512 3847 1580 3899 δι’
1620 3848 1823 3916 ἑτέρων

258 3934 361 3993 τὰς
392 3932 683 4000 ὁμολογίας
720 3933 1054 4002 ποιούμενοι.
1088 3936 1197 3988 Καὶ
1221 3936 1376 3987 τοῦτο
1403 3937 1521 4004 μὲν,
1546 3938 1633 3989 ὅτε
1667 3938 1827 4007 τυχὸν

260 4024 324 4074 ἐν
361 4025 439 4090 τῷ
474 4023 774 4093 τελευτᾷνή
807 4025 1027 4094 τοιαύτη
1070 4026 1275 4079 τούτων
1312 4028 1629 4096 προαίρεσις
1662 4030 1830 4081 κατά-

258 4114 421 4179 δηλος
449 4114 691 4182 γένηται.
730 4117 791 4167 Ei
821 4117 874 4168 δὲ
908 4118 1029 4169 τότε
1072 4119 1171 4185 μὲν
1203 4119 1356 4171 οὐδέν
1396 4136 1448 4170 τι
1479 4120 1719 4171 τοιοῦτον
1750 4122 1827 4171 εί-

262 4205 389 4253 πεῖν
417 4203 692 4267 δύνανται,
726 4204 814 4256 διὰ
867 4205 966 4271 τὴν
994 4205 1239 4273 ἀνάγκην
1269 4207 1366 4273 τῆς
1408 4207 1584 4269 νόσου,
1624 4225 1830 4275 μαρτυ-

264 4296 442 4361 ρεῖται
482 4295 539 4345 δὲ
574 4295 725 4358 παρά
780 4310 942 4346 τινων
973 4293 1047 4355 ὡς
1084 4295 1134 4346 οί
1176 4294 1407 4349 τοιοῦτοι
1455 4297 1548 4348 καὶ
1597 4293 1700 4366 πρδ
1730 4297 1830 4365 τῆς

265 4384 469 4451 μανίας
491 4382 711 4453 τυχδνῆ
750 4385 849 4452 τῆς
889 4384 1056 4453 ἄλλης
1105 4386 1464 4449 κινδυνώδους
1498 4388 1657 4439 νόσου
1710 4388 1829 4440 ὀλο-

1900 764 2341 831 ρτονίιιοιιιίείιυε
2385 774 2479 812 eas
2514 754 2771 823 regendas
2822 766 2937 804 esse
2982 768 2993 803 :
3039 758 3094 800 ct
3140 746 3390 810 quoniam
3422 761 3449 795 a

1902 856 2216 923 parentibus
2301 852 2488 905 divisit:
2568 858 2711 908 sunt,
2776 858 3002 911 quorum
3089 838 3256 889 oculis
3311 838 3449 886 dumi

1902 947 2350 1004 observabantur,
2406 938 2645 994 honestis
2698 934 3035 990 mulieribus.
3087 946 3204 982 cum
3260 929 3454 995 quibus

1906 1048 2011 1085 una
2052 1032 2303 1097 degentes
2357 1030 2422 1081 ad
2462 1028 2715 1079 virtutem
2762 1023 3136 1079 informcntur,
3171 1032 3262 1070 cas
3297 1031 3458 1067 com—

1908 1122 2145 1177 mendari
2176 1138 2237 1174 ac
2257 1120 2415 1181 tradi,
2435 1132 2604 1170 canon
2633 1116 2817 1181 jubet;
2844 1113 2924 1164 vel
2952 1113 3002 1163 in
3036 1124 3139 1161 uno
3167 1108 3458 1169 eodemque

1907 1213 2259 1267 contubernio
2293 1210 2449 1263 simul
2485 1222 2672 1260 omnes
2704 1204 2964 1273 ejusmodi
3014 1215 3196 1254 sacras
3228 1199 3457 1259 virgines

1910 1302 2124 1367 degere,
2158 1310 2216 1353 ut
2246 1306 2429 1351 mutuo
2458 1312 2578 1349 sese
2614 1303 2832 1361 aspectu
2864 1291 3100 1344 vicissim
3132 1286 3458 1345 custodiunt,

1912 1408 2085 1463 neque
2106 1408 2234 1445 vero
2267 1392 2369 1443 ltuc
2403 1390 2531 1441 illud
2554 1396 2800 1439 errantes
2826 1400 2887 1438 ac
2930 1396 3072 1447 vagze
3106 1378 3458 1433 existimatio-

1915 1500 2033 1538 nem
2064 1484 2314 1537 Ecclesia:
2375 1482 2602 1544 laedant;
2654 1477 2757 1531 hoc
2806 1485 2907 1539 est,
2962 1469 3355 1539 suspicionibus
3400 1467 3466 1515 de

1917 1575 2154 1629 Ecclesia
2197 1588 2384 1643 parum
2434 1568 2735 1626 commodis
2796 1565 3139 1621 occasionem
3197 1558 3466 1613 nonnullis

1916 1667 2211 1733 prabeant.
2262 1664 2356 1717 Est
2412 1676 2540 1717 vero
2598 1659 2839 1714 Ecclesia
2880 1656 3113 1711 ﬁdelium
3189 1650 3469 1703 multitudo

1916 1759 2029 1808 sive
2052 1763 2369 1807 conventus.

1848 1815 1887 1868 θ
1921 1846 2145 1903 Αῐιιδτ,
2192 1863 2211 1898 ι
2259 1846 2388 1911 Qua:
2428 1858 2457 1895 a
2488 1852 2641 1912 patre
2696 1839 3025 1911 virginitatis
3073 1836 3244 1904 gratia
3284 1845 3466 1886 seces-

1995 1956 2013 1988 ι
2053 1936 2211 1997 serit,
2280 1933 2762 1989 venerabiliorihus
2858 1930 3072 1985 feminis
3135 1921 3476 1979 commende-

1995 2047 2013 2078 ι
2054 2039 2157 2082 tur.
2194 2047 2212 2079 ι

1986 2117 2211 2187 Oportet
2263 2118 2571 2186 episcopum
2621 2130 2895 2170 sacrarum
2956 2110 3222 2180 virginum
3284 2120 3467 2160 curam

1920 2210 2139 2276 habere,
2171 2219 2222 2263 et
2253 2210 2295 2263 si
2328 2210 2428 2262 illte
2464 2224 2492 2262 a
2523 2208 2635 2260 suis
2660 2206 2924 2271 patribus,
2955 2204 3151 2271 quibus
3189 2200 3471 2252 custodita:

1920 2300 2089 2363 fuere,
2148 2311 2491 2369 separentur,
2542 2295 3019 2350 venerauilissimis
3066 2290 3383 2345 mulieribus
3422 2288 3469 2336 iu

1918 2391 2350 2444 observationem
2390 2390 2693 2449 tradantur,
2731 2396 2789 2439 ut
2825 2401 3007 2440 secum
3045 2384 3274 2437 invicem
3305 2380 3473 2433 cuba-

1920 2480 2117 2534 bitcnt.

2362 2570 2518 2639 571
2545 2567 2769 2623 CANON
2810 2564 3033 2621 XLVIII.

1925 2681 1943 2714 ι
1986 2662 2056 2716 De
2094 2663 2156 2715 iis
2183 2663 2269 2731 qui
2318 2675 2445 2716 sunt
2477 2662 2671 2715 inﬁrmi
2704 2669 2756 2713 et
2797 2674 2892 2727 pro
2933 2674 2990 2713 se
3021 2657 3343 2726 respondere
3382 2670 3477 2706 no-

2000 2773 2017 2804 ι
2056 2764 2275 2821 queunt.
2306 2751 2374 2806 Ut
2412 2753 2500 2822 qui
2531 2764 2655 2806 sunt
2687 2749 2905 2814 inﬁrmi,
2936 2750 3023 2818 qui
3054 2747 3268 2813 quidem
3294 2759 3389 2812 pro
3422 2759 3480 2796 so

2002 2860 2019 2892 r
2060 2844 2384 2910 respondere
2439 2859 2542 2895 non
2610 2848 2869 2907 possunt,
2942 2848 3065 2891 tunc
3115 2835 3479 2900 baptizcnlur,

2000 2950 2017 2983 ι
2055 2937 2273 3001 quando
2297 2936 2568 2985 voluntate
2589 2948 2679 2984 sua
2706 2933 2769 2985 de
2791 2944 2848 2985 se
2875 2928 3237 2984 testimonium
3268 2924 3483 2995 pronriu

1998 3041 2017 3075 ι
2055 3025 2289 3093 periculo
2323 3026 2577 3078 dixerint.
2620 3042 2636 3073 ι

1995 3201 2185 3258 BALS.
2226 3201 2452 3268 Quidam
2482 3202 2754 3268 petebant,
2785 3208 2843 3253 ut
2876 3198 3119 3253 inﬁdeles
3148 3196 3382 3251 nonnulli
3420 3195 3482 3247 ad

1924 3304 2219 3348 extremum
2276 3293 2525 3358 spiritum
2595 3290 3003 3357 baptizarentur
3052 3304 3065 3341 :
3117 3302 3216 3340 nec
3268 3288 3485 3339 fuemut

1923 3384 2180 3442 exauditi,
2217 3397 2284 3436 eo
2312 3382 2449 3447 quod
2489 3396 2595 3433 non
2631 3382 2835 3447 possint
2865 3378 3066 3433 infirmi
3099 3393 3191 3448 per
3223 3393 3279 3431 se
3311 3376 3482 3429 sancti

1923 3474 2262 3540 baptismatis
2292 3484 2442 3538 pacta
2472 3482 2525 3522 et
2550 3481 2811 3524 conventa
2849 3469 3106 3536 proﬁteri.
3144 3470 3331 3521 Dicunt
3356 3483 3484 3534 ergo

1926 3564 2130 3625 Patres,
2174 3563 2310 3631 quod
2354 3563 2397 3615 si
2439 3563 2495 3625 ii,
2543 3564 2632 3632 qui
2685 3573 2809 3616 sunt
2848 3562 3069 3626 inﬁrmi,
3122 3577 3177 3615 se
3222 3560 3484 3627 baptizari

1926 3656 2060 3708 velle
2090 3655 2444 3718 ostenderint,
2470 3669 2632 3720 seque
2657 3654 2870 3721 proprio
2897 3653 3131 3720 periculo
3161 3652 3480 3717 baptismum

1927 3761 2169 3812 quaerere
2197 3746 2461 3809 dixerint;
2495 3746 2611 3797 sine
2640 3745 3023 3811 impedimento
3049 3742 3484 3811 haptizabnntur,

1928 3854 2023 3907 per
2053 3838 2185 3889 alios
2220 3846 2371 3902 pacta
2402 3836 2667 3903 promissa
2701 3834 2984 3888 facientes.
3023 3835 3199 3900 Atque
3237 3836 3336 3887 hoc
3369 3835 3487 3901 qui-

1927 3928 2046 3982 dem
2074 3929 2287 3998 quando
2316 3927 2455 3981 forte
2492 3927 2635 3980 inter
2659 3927 2993 3980 moriendum
3022 3928 3141 3980 talis
3175 3942 3358 3977 eorum
3392 3941 3489 3973 vn-

1928 4018 2109 4071 luntas
2153 4029 2334 4087 aperta
2379 4017 2557 4070 fuerit.
2606 4016 2660 4070 Si
2707 4027 2885 4071 autem
2921 4030 3046 4071 tunc
3079 4019 3301 4085 quidem
3353 4018 3483 4069 nihil

1930 4116 2153 4176 possunt
2192 4108 2457 4175 ejusmodi
2493 4110 2694 4172 dicere,
2732 4119 2949 4175 propter
2991 4108 3159 4160 morbi
3198 4108 3491 4158 necessum

1934 4207 2079 4263 tem;
2114 4200 2473 4251 testiﬁcantur
2502 4209 2678 4251 autem
2712 4198 2898 4266 aliqui,
2929 4198 3069 4264 quod
3101 4208 3223 4249 ante
3257 4194 3488 4247 furorem

1934 4291 2167 4343 fortasse
2214 4292 2296 4341 vel
2331 4290 2560 4354 aliquem
2594 4288 2755 4341 alimn
2796 4288 3156 4356 periculosum
3185 4287 3426 4336 morbum
3459 4285 3489 4335 “:i

1934 4396 1998 4435 ex
2033 4389 2141 4433 toto
2172 4380 2375 4433 vellent
2409 4396 2589 4434 antmo
2626 4368 3098 4445 baptizarifrngo,
3146 4376 3491 4440 Izapt‘zalutn-

259 4472 458 4540 ψύχως
488 4472 829 4541 προῃροῦντο
862 4471 1249 4548 βαπτισθῆναι,
1284 4472 1493 4543 ἐρωτῶ,
1528 4473 1826 4548 βαπτισθής

1862 4460 1906 4514 Ῑ)
1938 4478 2023 4523 tur
2077 4472 2295 4534 annon?
2336 4470 2564 4526 Salutio.
2599 4470 2725 4523 Milli
2762 4470 2989 4531 videtur,
3022 4468 3163 4536 quod
3196 4468 3307 4518 sine
3349 4470 3489 4531 puri-

260 4577 449 4613 σονται
480 4562 510 4629 ἢ
557 4561 651 4625 οῦ;
698 4564 909 4624 Λύσις.
950 4547 1120 4628 ”“Εμο“ι
1156 4565 1303 4615 δοκεῖ
1338 4563 1413 4625 ὡς
1450 4547 1827 4632 ἀπαρεμποδίέ

261 4668 407 4712 στως
436 4651 904 4719 βαπτισθήσονται
930 4650 1022 4702 διὰ
1051 4648 1146 4720 τὴν
1177 4654 1234 4704 ὲν
1268 4652 1427 4723 ὑγεία
1460 4654 1670 4721 ἀγαθὴν
1700 4656 1829 4720 πρός

258 4742 413 4793 θεσιν
450 4743 650 4795 αὑτῶν.
704 4742 923 4795 Τούτων
954 4744 1010 4795 δὲ
1052 4743 1227 4802 οὑτως
1260 4745 1515 4813 ἑχόντων,
1550 4747 1624 4816 μὴ
1670 4748 1829 4818 εἴπῃς

254 4834 353 4895 ὡς.
398 4836 525 4887 ἐπεὶ
550 4836 577 4886 δ
600 4833 788 4904 παρὼν
825 4835 1009 4887 κανὼν
1038 4835 1609 4902 διορίζεται’ὲκείνους
1637 4836 1831 4905 βαπτί-

256 4925 451 4989 ζεσθαι
482 4927 608 4987 τοὺς
634 4926 1050 4994 ἱνδειξαμένους
1072 4926 1393 4997 προαίρεσιν
1446 4927 1660 4997 ἀγαθὴν
1726 4930 1829 4998 πρὸ

254 5018 361 5086 τῆς
390 5017 571 5079 νόσου,
625 5016 657 5085 ἦ
698 5017 820 5069 κατ’
875 5018 1047 5085 αὑτὴν
1100 5019 1203 5086 τὴν
1256 5019 1434 5081 νόσον,
1478 5020 1535 5083 ἐξ
1582 5023 1828 5092 ἀνάγκης

255 5111 464 5161 ἐκεῖνοι
490 5108 584 5159 καὶ
613 5109 972 5176 άποκάρσεως
1004 5109 1425 5179 άξιωθήσονται,
1462 5112 1510 5161 oi
1570 5114 1711 5165 κατὰ
1738 5115 1829 5167 τὸν

255 5198 454 5265 καιρὸν
486 5199 745 5269 τελευτῆς
784 5198 890 5268 πρὸ
924 5199 1022 5267 τῆς
1057 5198 1371 5263 τελευταίας
1424 5202 1699 5271 ἀναπνοῆς
1742 5208 1828 5257 ὲν-

252 5290 571 5359 δειξάμενοι
626 5291 888 5360 πρόθεσιν
949 5293 1330 5359 ἀποκάρσεως.
1387 5286 1547 5345 Οὗτοι
1595 5296 1701 5365 γὰρ
1734 5298 1827 5348 τοῦ

254 5380 628 5433 ἑπιτελευτίου
654 5381 865 5447 ὲφοδίου
906 5382 1001 5435 τοῦ
1032 5383 1325 5450 άγγελικοῦ
1362 5388 1640 5453 σχήματος
1686 5387 1834 5439 ἀδιαφ-

256 5472 494 5530 στὶκτως
519 5470 934 5539 άξιωθήσονται,
973 5473 1067 5523 ἐὰν
1098 5472 1236 5535 τέως
1264 5474 1519 5543 αἴσθησιν
1551 5473 1641 5525 τοῦ
1680 5493 1827 5540 γινο-

260 5564 426 5631 μένου
463 5562 647 5628 ἔχωσι.
672 5563 795 5624 Τοῖς
825 5563 921 5629 μὲν
944 5566 1051 5633 γὰρ
1085 5564 1411 5631 δρθοδόξοις,
1451 5564 1522 5627 ὼς
1553 5564 1829 5629 ἐλπίζουσι

254 5653 356 5722 τὴν
390 5650 696 5721 μέλλουσαν
725 5653 907 5716 κρίσιν
938 5652 1030 5705 τοῦ
1059 5654 1219 5718 Θεοῦ,
1243 5655 1274 5724 ὴ
1303 5656 1561 5725 μετάνοια
1583 5657 1828 5720 σύνοικός

258 5748 399 5805 ἐστι,
436 5746 533 5797 καὶ
587 5746 695 5807 πᾶς
741 5747 1067 5815 Χριστιανὸς
1130 5748 1272 5801 κατὰ
1326 5748 1592 5819 πρόληψιν
1646 5750 1829 5813 ἔφεσιν

1932 4557 2499 4625 eulobaptizabuntur,
2526 4568 2744 4626 pr0pter
2766 4558 2958 4610 bonam
2985 4572 3166 4609 corum
3194 4556 3241 4606 in
3262 4559 3494 4607 sanitate

1933 4650 2311 4704 intentionem.
2354 4650 2486 4702 Cum
2538 4650 2650 4703 hac
2704 4659 2879 4702 autem
2932 4649 2998 4699 ita
3044 4662 3100 4699 St:
3147 4647 3395 4703 habeant.
3431 4666 3495 4697 ne

1932 4740 2157 4804 dixeris,
2190 4740 2328 4807 quod
2361 4740 2616 4809 quoniam
2665 4755 2900 4807 prtcsens
2940 4754 3109 4791 canon
3156 4740 3341 4790 statuit
3374 4740 3494 4791 illos

1930 4830 2320 4897 baptizandos,
2375 4832 2465 4898 qui
2528 4833 2721 4885 bonam
2783 4830 3109 4882 voluntatum
3162 4831 3494 4883 ostenderint

1933 4935 2056 4976 ante
2096 4923 2364 4988 rnurbum,
2399 4922 2479 4977 vel
2519 4923 2572 4976 in
2609 4924 2723 4990 ipso
2764 4922 2989 4985 morbo;
3041 4922 3112 4973 illi
3144 4938 3355 4990 quoque
3404 4940 3496 4973 nu-

1931 5016 2171 5069 cessario
2218 5025 2495 5069 tonsuram
2544 5024 2927 5082 assequentur,
2976 5014 3064 5079 qui
3122 5023 3246 5066 ante
3289 5026 3496 5078 tempus

1933 5108 2122 5161 mortis
2146 5114 2199 5160 et
2230 5106 2457 5161 extremi
2483 5106 2725 5173 spiritus,
2760 5116 2815 5158 ut
2847 5104 3217 5167 tonderentur,
3250 5106 3492 5158 volunta-

1932 5211 2037 5252 tem
2075 5200 2435 5254 ostenderint.
2477 5198 2538 5251 Hi
2570 5197 2713 5250 enim
2744 5206 3044 5251 extremum
3091 5198 3313 5265 angelici
3356 5198 3492 5249 ami-

1931 5300 2048 5343 tttts
2092 5290 2341 5345 viatiCum
2373 5288 2681 5342 intliStincte
2726 5300 3106 5353 assequentur,
3136 5290 3177 5341 si
3209 5286 3325 5357 ejus
3357 5289 3495 5353 quod

1935 5384 1991 5433 Iit
2028 5397 2244 5436 sensum
2277 5383 2525 5435 habeant.
2560 5379 2891 5435 Orthodoxis
2926 5382 3093 5445 cnim,
3128 5390 3183 5431 ut
3219 5380 3309 5447 qui
3348 5378 3494 5432 futu-

1934 5490 2048 5526 rmn
2095 5476 2183 5528 Dei
2214 5475 2471 5543 judicium
2499 5484 2736 5541 sperent,
2772 5475 3085 5542 pcenitenlia
3117 5474 3414 5534 cubabitat.
3443 5486 3496 5528 et

1932 5567 2159 5634 quilibet
2215 5552 2495 5636 proposito
2548 5566 2890 5619 Christianus
2940 5566 3231 5625 desiderat.
3290 5576 3351 5619 ut
3406 5579 3505 5632 per

1934 5670 2209 5713 tonsuram
2252 5660 2299 5714 ei
2348 5674 2443 5714 sua
2495 5672 2715 5729 peccata
2772 5661 3133 5716 remittantur.
3189 5659 3498 5711 lnlldelibus

1934 5762 2110 5805 autem
2147 5766 2250 5805 non
2297 5759 2375 5805 cst
2414 5748 2725 5806 necessario
2762 5764 3102 5818 consequens
3134 5748 3383 5814 baptismi
3413 5750 3501 5797 de-
