4212 6440
762 373 856 437 211

1974 373 2248 433 THEUD.
2292 370 2683 431 BALSAMON

3854 353 3963 419 212

767 487 855 554 qui
908 496 1157 542 statuunt
1200 501 1305 540 non
1345 486 1624 553 suscipere
1652 484 1851 539 debere
1876 483 2160 551 episcopos
2187 482 2315 535 alia.
2341 484 2385 538 Α
2412 486 2430 537 ι

2299 513 2315 525 ο
2341 484 2385 538 Α
2412 486 2467 538 δὲ
2500 485 2624 546 τοὺς
2663 483 2885 544 κανόνας
2929 481 3026 549 τῆς
3072 480 3128 532 ιν
3162 477 3413 547 Τρούλλῳ
3452 473 3691 527 συνόδου.
3723 471 3962 522 Γίνωσκε

770 594 889 632 rum
939 580 1219 647 regionum
1278 576 1527 640 clericos,
1594 574 1950 629 exandiantur
2022 574 2184 628 etiam
2255 571 2309 624 in

767 669 1055 722 iaicos:et
1104 667 1454 735 prohibeatur
1481 665 1714 719 fortasse
1758 664 1976 733 Athyras
2016 666 2308 733 episcopus

768 756 996 822 aliquem
1025 755 1277 809 ordinare
1304 753 1520 818 laicum,
1542 753 1633 821 qui
1659 752 1728 806 sit
1762 766 1828 807 ex
1853 752 2071 821 regione
2097 752 2309 821 Sylem-

771 844 902 896 bri:
929 842 1189 912 cpiscOpi,
1218 854 1273 897 et
1309 844 1425 913 ejus
1451 844 1644 897 canoni
1704 844 1985 912 poenisque
2037 842 2310 907 subjectus

770 932 867 995 sit,
919 941 974 986 et
1032 947 1131 1002 pro
1157 948 1263 987 uno
1288 949 1351 988 ex
1384 934 1497 1000 ejus
1525 933 1653 987 ovili
1711 933 1991 989 habeatur.
2049 932 2310 986 Dicebant

770 1021 911 1073 enim
967 1021 1229 1084 nonnulli,
1293 1023 1433 1089 quod
1488 1037 1552 1076 ex
1609 1023 1857 1091 praesenti
1931 1036 2161 1081 canone,
2219 1019 2308 1086 qui

772 1117 975 1170 dixisse
1008 1116 1320 1185 Epigonium
1349 1132 1408 1171 se
1439 1132 1465 1171 a
1509 1115 1723 1172 Juliano
1750 1120 1971 1169 missum
2004 1114 2312 1181 suscepisse

768 1208 986 1271 iaicum,
1015 1208 1130 1277 ejus
1150 1206 1342 1270 civem,
1363 1218 1414 1262 et
1444 1222 1565 1261 eum
1602 1208 1653 1260 in
1684 1223 1778 1263 sua
1801 1205 2021 1260 dicet-esi
2056 1204 2309 1258 clericum

766 1296 1044 1352 ordinasse
1092 1297 1341 1362 disserit,
1396 1305 1546 1352 etes
1592 1310 1657 1351 eo
1713 1296 1853 1364 quod
1903 1295 2003 1347 hoc
2046 1300 2307 1365 praetextu

771 1396 1014 1439 uteretur
1054 1385 1321 1450 Julianus,
1348 1401 1469 1439 eum
1500 1401 1528 1438 a
1561 1386 1760 1453 sejure
1799 1384 1967 1438 fuisse
1999 1385 2309 1437 ordinatum

765 1476 1077 1539 diaconum,
1137 1485 1195 1529 ut
1249 1476 1339 1543 qui
1391 1489 1421 1528 a
1466 1490 1561 1528 sua
1621 1474 2065 1527 Basaritanorum
2096 1472 2310 1539 regione

770 1565 1087 1627 excesserit,
1117 1563 1457 1626 ostenditur;
1486 1563 1628 1629 quod
1662 1576 1769 1615 nec
1815 1561 2034 1615 alterius
2079 1560 2313 1626 regionis

772 1652 965 1706 laicum
998 1660 1173 1720 potest
1214 1652 1501 1721 episcopus
1525 1650 1779 1703 ordinare
1812 1657 2010 1718 praeter
2049 1647 2309 1717 episcopi.

768 1744 859 1811 qui
891 1757 1011 1795 eum
1052 1742 1279 1807 obtinet,
1316 1741 1661 1795 sententiam.
1699 1739 1975 1805 Tanquam
2011 1738 2153 1792 enim
2187 1752 2312 1806 pro-

769 1834 935 1887 hibita
961 1841 1125 1894 esset,
1176 1835 1243 1887 ab
1286 1831 1549 1902 Epigon’io
1573 1831 1713 1885 facta
1755 1830 2025 1885 ordinatio
2051 1830 2189 1898 ejus,
2218 1829 2308 1897 qui

770 1924 837 1978 ab
873 1924 962 1977 illo
1010 1924 1263 1978 educatus
1320 1922 1533 1985 fuerat,
1582 1921 1722 1991 quod
1755 1932 1895 1977 esset
1946 1921 2059 1987 ipse
2092 1920 2314 1974 alterius

769 2014 1024 2081 regionis,
1079 2013 1275 2080 adjecit
1319 2013 1647 2081 Epigonins,
1686 2028 1745 2066 se
1801 2011 1995 2066 Juliani
2042 2011 2315 2065 voluntate

768 2119 888 2158 eum
921 2105 1218 2171 accepisse,
1248 2104 1312 2155 de
1344 2117 1451 2170 quo
1486 2102 1764 2170 agebatur,
1802 2110 1855 2154 et
1884 2113 2167 2171 prapterea
2213 2115 2313 2155 nec

769 2195 1065 2248 esislimari
1103 2192 1301 2247 debere
1370 2207 1491 2245 eum
1563 2204 1681 2245 esse
1737 2191 1878 2245 illius
1932 2194 2223 2245 dimcesis:
2261 2199 2315 2244 et

767 2283 1139 2352 disceptabant
1174 2297 1293 2337 eum
1330 2288 1476 2336 recte
1513 2296 1543 2335 a
1574 2279 1785 2333 Juliano
1810 2278 1977 2332 fuisse
2004 2280 2310 2333 ordinatum

768 2377 1077 2437 diaconum,
1129 2382 1186 2424 ut
1227 2373 1315 2440 qui
1356 2386 1420 2425 es
1483 2370 1604 2439 ejus
1629 2368 1849 2423 dioecesi
1892 2376 2059 2431 esset,
2090 2367 2314 2436 ejusque

767 2464 902 2518 civis
956 2472 1319 2531 rcputarctnr,
1371 2472 1423 2516 et
1481 2476 1578 2516 nec
1612 2460 1676 2513 ad
1713 2460 2027 2529 Epigonium
2063 2472 2313 2512 reversus

767 2563 932 2617 esset,
995 2552 1096 2606 nisi
1162 2549 1408 2604 Julianus
1470 2563 1590 2602 eum
1649 2549 1801 2617 prius
1863 2563 1891 2601 a
1952 2561 2047 2601 sua
2100 2546 2317 2615 regione

768 2641 1147 2700 abalienasset,
1217 2648 1607 2707 externumque
1650 2638 1883 2702 fecisset,
1935 2648 1987 2692 et
2036 2639 2102 2692 ad
2130 2638 2317 2704 Epigoo

771 2729 916 2780 nium
953 2727 1204 2781 misisset.
1232 2726 1294 2780 Et
1329 2727 1443 2780 haec
1475 2726 1691 2793 quidem
1730 2727 1782 2779 bi
1816 2736 1987 2790 recte,
2006 2735 2063 2779 ut
2102 2737 2155 2779 et
2184 2727 2311 2780 mihi

770 2818 1005 2880 videtur,
1042 2819 1317 2873 dicebant.
1352 2816 1432 2871 Tu
1493 2828 1676 2872 autem
1709 2819 1965 2871 memoria
1996 2834 2120 2873 tene
2153 2833 2315 2889 syno-

767 2908 943 2964 dalem
973 2909 1391 2966 declarationem
1418 2909 1741 2964 sanctissimi
1774 2910 2094 2977 patriarcha
2116 2910 2315 2962 domini

771 2998 1077 3064 Michaelis,
1132 2999 1570 3068 philosophorum
1636 2998 1853 3062 summi,
1904 3013 2023 3067 qua
2075 3000 2187 3053 haec
2249 2999 2313 3052 ad

2410 575 2465 627 et
2489 576 2568 627 δτι
2598 575 2751 640 λόγος
2780 574 2994 639 εγενετο
3020 570 3269 630 πολλάκις
3293 569 3458 629 πολὺς
3487 563 3635 632 παρὰ
3665 565 3727 632 τῇ
3761 561 3964 627 συνόδῳ

2409 665 2513 733 τῆς
2542 663 2648 717 τῶν
2671 655 3663 722 ΚωνσταντινουπολιτῶνἘκκλησίας,
3694 652 3739 704 εί
3759 652 3828 704 τὰ
3854 651 3964 701 τῶν

2412 756 2570 810 θείων
2600 754 2859 814 κανόνων,
2892 751 2998 805 τῶν
3024 748 3404 818 διοριζομένων
3433 746 3506 815 μὴ
3533 741 3780 813 δέχεσθαί
3807 755 3964 801 τινας

2409 848 2737 909 ιπισκόπους
2767 844 3055 913 ἀλλοτρίων
3083 839 3301 908 suoptth
3330 836 3639 906 κληρικοὺς,
3670 829 3962 896 ἐξακούον-

2410 955 2500 992 ται
2534 939 2629 990 καὶ
2662 937 2743 999 είς
2774 934 2989 995 λαῖκούς
3010 950 3026 965 ·
3057 932 3150 985 καὶ
3187 928 3449 982 κωλύεται
3473 925 3635 994 τυχδν
3671 925 3699 975 δ
3722 921 3966 976 έπίσκο⁴

2411 1045 2511 1090 πος
2546 1026 2746 1094 Ἀθύρα
2770 1025 3144 1095 χειροτονῆσαι
3160 1019 3492 1076 λαῖκόν’τινα
3512 1017 3617 1070 ἀπὸ
3634 1016 3729 1084 τῆς
3753 1012 3970 1081 ὶνορίας

2409 1118 2536 1172 δντα
2557 1120 2649 1171 τοῦ
2672 1117 3039 1186 Σηλυμϐρίας,
3067 1116 3162 1168 καὶ
3186 1112 3543 1178 ὑποκείμενον
3567 1106 3643 1176 τῷ
3668 1103 3852 1159 κανόνί
3871 1104 3967 1156 καὶ

2409 1207 2524 1265 τοῖς
2557 1203 2850 1271 ἐπιτιμίοις
2885 1201 3071 1263 αὑτοῦ,
3103 1203 3197 1254 καὶ
3225 1199 3567 1265 λογιζόμενον
3604 1194 3699 1248 ενα
3730 1192 3837 1244 τῶν
3870 1188 3966 1242 τοῦ

2412 1293 2660 1365 ποιμνίου
2693 1294 2877 1347 αὐτοῦ.
2910 1288 3075 1344 Εἶπον
3108 1292 3215 1358 γάρ
3247 1305 3385 1350 τινες
3420 1288 3494 1347 ὡς
3518 1285 3622 1338 ἀπὺ
3643 1283 3736 1336 τοῦ
3766 1281 3967 1350 παρόν-

2410 1402 2499 1446 τος
2522 1386 2762 1446 κανόνος,
2784 1381 3232 1450 διαλαμϐάνοντος
3256 1379 3427 1431 είπεῖν
3451 1376 3541 1427 τδν
3579 1371 3879 1437 Έπιγόνιον
3904 1369 3964 1431 ἑξ

2412 1474 2709 1543 ἀποστολῆς
2734 1473 2827 1527 τοῦ
2866 1468 3149 1525 Ἰουλιανοῦ
3180 1467 3513 1535 παραλαϐεῖν
3541 1462 3633 1515 τὸν
3658 1460 3845 1513 λαῖκδν
3871 1474 3970 1510 πο-

2410 1567 2561 1631 λίτην
2581 1567 2709 1617 δντα
2730 1563 2943 1626 τούτου,
2961 1560 3052 1615 καὶ
3074 1557 3444 1629 χειροτονῆσαι
3469 1552 3631 1607 αὑτὸν
3655 1551 3734 1613 είς
3757 1547 3968 1601 οἰκείαν

2411 1659 2623 1727 ὲνορίαν
2642 1657 2916 1725 κληρικδν,
2936 1656 3026 1708 καὶ
3043 1653 3149 1705 ἀπὸ
3164 1650 3257 1704 τοῦ
3283 1644 3715 1717 προφασίζεσθαι
3729 1642 3818 1693 τδν
3835 1642 3970 1693 ἰου-

2414 1749 2595 1801 λιανὸν
2619 1747 2849 1812 εὐλόγως
2878 1745 2969 1798 ὑπ’
2988 1742 3151 1798 αὐτοῦ
3180 1742 3366 1795 τοῦτον
3393 1733 3833 1807 χειροτονηθῆναι
3856 1731 3970 1783 διά-

2417 1855 2589 1895 κονον.
2613 1836 2686 1898 ὡς
2710 1816 3033 1905 ὡρμημένον
3058 1832 3165 1884 ἀπὺ
3185 1833 3284 1899 τῆς
3313 1829 3527 1897 ὲνορίας
3551 1823 3713 1879 αὑτοῦ
3737 1825 3836 1890 τῆς
3858 1820 3969 1874 τῶν

2417 1926 2795 1996 Βαζαριτανῶν
2838 1923 3195 1994 παρίσταταιο
3242 1927 3325 1975 ὅτι
3377 1918 3497 1971 ούδὶ
3536 1915 3720 1968 λαῖκδν
3776 1910 3971 1980 ἑτέρας

2417 2023 2629 2091 ινορίας
2660 2018 2880 2071 δύναται
2911 2016 3204 2075 ῖπίσκοπος
3234 2011 3610 2080 χειροτονῆσαι
3645 2003 3793 2074 παρά
3824 2002 3971 2069 γνὼ-

2420 2128 2527 2183 μην
2564 2108 2658 2163 τοῦ
2706 2109 2914 2176 ἔχοντος
2953 2105 3139 2158 τοῦτον
3172 2102 3487 2156 ἐπισκόπου.
3528 2100 3617 2159 Ὣς
3651 2097 3757 2163 γάρ
3800 2092 3972 2155 οὔσης

2417 2201 2798 2268 κεκωλυμένης
2836 2197 2936 2264 τῆς
2983 2192 3132 2262 παρὰ
3175 2192 3268 2245 τοῦ
3327 2188 3632 2255 Ἐπιγονίου
3672 2184 3971 2252 γενομένης

2416 2292 2744 2364 χειροτονίας
2774 2290 2853 2350 είς
2903 2287 2995 2339 τὸν
3017 2286 3107 2337 ὑπ’
3129 2284 3342 2337 ἐκείνου
3370 2278 3765 2348 ἀνατραφέντα,
3795 2274 3883 2326 διὰ
3911 2273 3973 2324 τὸ

2416 2380 2551 2436 εἷναι
2584 2380 2743 2435 αὑτὸν
2766 2376 3048 2447 ἀλλοτρίας
3076 2376 3310 2441 ὲνορίας,
3337 2369 3594 2440 προάθετο
3617 2370 3644 2418 ό
3664 2366 3974 2431 Ἐπιγόνιος

2418 2473 2557 2527 κατὰ
2604 2472 2828 2537 γνώμην
2866 2467 2960 2520 τοῦ
3017 2463 3301 2519 Ἰουλιανοῦ
3345 2459 3677 2531 παραλαϐεῖν
3710 2458 3799 2510 τὸν
3843 2460 3974 2523 περὶ

2415 2559 2475 2618 οὗ
2497 2567 2524 2615 ό
2547 2562 2725 2629 λόγος,
2746 2560 2837 2611 καὶ
2859 2556 2944 2610 διά
2960 2555 3116 2609 τοῦτο
3144 2554 3276 2625 μηδὲ
3314 2552 3621 2620 λογίζεσθαι
3642 2551 3738 2618 τῆς
3758 2547 3973 2615 ὲνορίας

2417 2653 2629 2707 ἐκείνου
2671 2647 2811 2701 εἶναι
2864 2647 3077 2701 τοῦτον.
3128 2646 3234 2697 Καὶ
3286 2640 3742 2709 ὲδικαιολογοῦντο
3787 2638 3972 2701 καλῶς

2418 2743 2566 2813 πιρά
2611 2740 2706 2794 τοῦ
2762 2733 3049 2793 Ἵουλιανὸῢ
3107 2732 3547 2803 χειροτονηθῆναι
3589 2731 3681 2783 τὸν
3728 2728 3973 2781 τοιοῦτον

2416 2837 2680 2897 διάκονον,
2715 2830 2789 2891 ὡς
2807 2828 2929 2881 ’ἀπδ
2956 2827 3056 2895 τῆς
3083 2824 3298 2891 ὲνορίας
3326 2824 3452 2876 δντα
3477 2821 3664 2885 αὑτοῦ,
3693 2820 3787 2872 καὶ
3820 2819 3973 2870 πολί-

2416 2941 2521 2992 την
2553 2921 2742 2974 τούτου
2775 2917 3119 2985 λογιζόμενον
3138 2955 3152 2978 ,
3188 2915 3281 2966 xai
3309 2912 3429 2965 οὐδὲ
3460 2911 3595 2980 πρδς
3625 2910 3715 2961 τὸν
3758 2907 3977 2973 Ἐπιγόο

2414 3030 2529 3069 νιον
2560 3010 2928 3078 ἀντεστράφη,
2954 3008 3000 3058 εί
3030 3005 3102 3075 μὴ
3132 3001 3471 3073 προέφθασεν
3496 3000 3602 3053 άπὸ
3630 2998 3730 3065 τῆς
3754 2996 3974 3063 ινορίας

768 3091 987 3143 verbum
1037 3090 1276 3142 continet
1309 3104 1326 3142 :
1358 3089 1535 3143 Hense
1599 3089 1898 3149 novembri,
1969 3088 2057 3144 die
2116 3090 2311 3158 primo,
2341 3110 2384 3166 ο
2418 3122 2431 3157 ι

2309 3136 2311 3146 ι
2341 3110 2384 3166 C
2418 3102 2580 3157 αὑτοῦ
2613 3101 2800 3154 τοῦτον
2827 3096 3200 3163 ἀποξενῶσαι,
3236 3094 3327 3145 καὶ
3352 3090 3669 3144 ἀποστεῖλαι
3699 3087 3835 3157 πρὸς
3877 3086 3972 3138 τδν

769 3179 1064 3232 indictione
1108 3186 1323 3247 quarta,
1364 3177 1686 3244 praesidente
1723 3178 2066 3233 sanctissimo
2098 3180 2316 3232 domino

772 3269 1026 3324 iiii-bacis
1073 3269 1124 3320 in
1177 3267 1443 3321 Alesiaris
1470 3268 1918 3333 catechumaniis,
1967 3282 2089 3322 cum
2121 3282 2314 3335 magna

764 3358 883 3428 ejus
963 3358 1253 3413 sanctitate
1328 3372 1432 3410 una
1523 3358 1888 3411 assidentibus
1967 3357 2321 3411 sanctissimis

768 3449 1128 3510 antistitibus,
1188 3446 1459 3514 Stephano
1508 3446 1793 3510 Caesarea,
1851 3446 2073 3501 Nicolao
2105 3446 2319 3513 Ephesi,

764 3538 1023 3593 Michaeie
1052 3536 1346 3603 Heracleae,
1375 3538 1579 3594 Joanne
1603 3538 1809 3609 Cyzici,
1832 3536 2016 3593 Leone
2052 3538 2317 3602 Annaseaa,

769 3628 955 3683 Niceta
992 3628 1302 3695 Melitenes,
1329 3630 1529 3684 Basilio
1550 3631 1939 3692 Neocaesare-e,
1967 3628 2107 3683 Luca
2142 3628 2321 3681 Μοσσ-

767 3736 973 3783 sorum,
997 3719 1205 3774 Joanne
1224 3719 1416 3783 Cretae,
1444 3719 1619 3774 Leone
1642 3720 2035 3786 Adrianopoiis,
2055 3720 2321 3775 Constan-

768 3813 880 3866 tino
938 3810 1344 3872 Eucbaitorum.
1420 3810 1654 3880 Georgio
1734 3813 1961 3879 Alanis,
2035 3812 2323 3866 Theodoro

768 3903 1120 3973 Methymnes,
1174 3900 1380 3956 Joanne
1404 3901 1591 3972 Bizyes
1620 3910 1673 3957 et
1706 3903 1949 3957 Rmnano
1986 3905 2150 3969 Apro,
2185 3918 2322 3972 prte-

766 3996 1010 4049 sentibus
1058 3994 1222 4046 etiam
1267 3992 1358 4047 Dei
1401 3994 1787 4047 amantissimis
1831 3994 2117 4048 dominicis
2153 3994 2323 4062 magi-

763 4086 1028 4138 stratibus
1063 4103 1075 4137 :
1113 4082 1336 4136 Patrum
1363 4084 1629 4137 terminos
1679 4098 1785 4136 non
1832 4085 2153 4151 transgredi,
2189 4098 2325 4151 quos

766 4176 800 4227 ii
829 4175 1049 4243 pulchre
1100 4183 1154 4227 et
1187 4189 1307 4226 cum
1339 4187 1399 4227 ea
1442 4188 1545 4239 qua
1579 4188 1676 4240 per
1721 4184 1804 4227 est
1852 4174 2230 4243 disquisitione
2259 4174 2327 4227 ab

763 4264 919 4318 initio
953 4274 1278 4331 posuerunt;
1323 4266 1417 4319 sed
1450 4280 1549 4317 ncc
1603 4264 1781 4320 iossas
1818 4280 1915 4319 nec
1942 4266 2139 4318 vallum
2182 4275 2327 4318 tran-

762 4353 931 4415 silire,
975 4354 1062 4421 qui
1090 4363 1313 4406 externa
1342 4369 1368 4404 a
1404 4354 1516 4407 suis
1551 4354 1767 4422 juribus
1807 4354 2020 4416 dividit,
2045 4357 2323 4408 decretum

762 4453 843 4497 est
863 4444 1287 4499 ecclesiaSticum
1311 4455 1365 4498 et
1396 4445 1480 4498 lex
1528 4445 1708 4498 divina
1740 4445 1922 4498 multis
1955 4451 2084 4497 ante
2106 4444 2320 4497 saeculis
2355 4422 2395 4475 θ

764 4542 986 4587 statuta.
1014 4535 1308 4602 Oportebat
1335 4548 1463 4604 ergo
1502 4535 1607 4589 boc
1634 4552 1745 4589 non
1796 4539 2045 4603 ignorare
2069 4550 2163 4590 eos
2187 4576 2202 4599 ,
2232 4536 2323 4603 qui

765 4625 1043 4689 Eet-lesiis,
1071 4640 1189 4693 qua:
1216 4625 1332 4679 sine
1353 4636 1497 4688 sunt,
1550 4627 1747 4693 ubique
1769 4636 2004 4695 prmsnnt
2034 4668 2049 4691 ,
2083 4637 2137 4680 et
2166 4640 2328 4695 syno-

764 4717 900 4770 dalia
928 4717 1144 4771 decreta
1170 4716 1461 4786 legumque
1479 4716 1901 4771 constitutiones
1929 4732 1987 4770 se
2015 4725 2327 4771 servaturos

764 4807 1108 4874 proﬁtentur,
1141 4816 1192 4861 et
1224 4807 1423 4861 debent
1455 4808 1506 4861 in
1544 4808 1624 4861 eis
1656 4822 1991 4873 permanere,
2025 4817 2077 4861 et
2108 4808 2325 4875 pr0pria

764 4898 981 4963 quidem
1012 4899 1131 4968 jura
1179 4898 1435 4964 retinere,
1471 4899 1537 4951 ab
1569 4898 1763 4952 alienis
1811 4909 1991 4951 autem
2024 4897 2323 4951 abstinere.

766 4986 870 5041 Sed
932 4988 1114 5042 nescio
1158 5003 1392 5056 quanam
1463 4990 1674 5043 ratione
1730 4989 1949 5055 quidam
1990 4987 2322 5041 sanctissimi

764 5080 1057 5141 antistites,
1111 5079 1272 5149 585
1318 5082 1409 5150 qui
1464 5082 1627 5136 etiam
1679 5081 1922 5144 proxime
1952 5081 2091 5132 hanc
2135 5080 2323 5131 urbem

762 5170 1093 5237 imperialem
1125 5173 1281 5224 sedes
1306 5171 1639 5239 episcopales
1681 5170 1857 5224 sortiti
1884 5177 2033 5229 sunt,
2062 5169 2325 5221 diacono-

764 5276 877 5312 rum
900 5271 954 5314 et
980 5261 1326 5314 sacerdotum
1352 5262 1465 5315 suis
1489 5259 1815 5315 dimccsibus
1838 5275 1942 5313 non
1970 5258 2327 5324 subiectorum

764 5350 1132 5404 ordinationes
1192 5352 1329 5403 citra
1398 5352 1559 5405 ullam
1636 5351 2083 5406 observationem
2147 5348 2330 5402 facere

767 5442 1088 5511 deprehensi
1137 5454 1263 5498 sunt
1296 5462 1308 5498 :
1342 5445 1431 5514 qui
1488 5445 1650 5499 etiam
1695 5444 1762 5499 de
1796 5448 1898 5498 hoc
1928 5458 1955 5495 a
1985 5442 2331 5497 sanctissimo

764 5534 1067 5599 patriarcha
1121 5536 1339 5589 domino
1397 5518 1537 5590 Luca
1587 5536 1872 5589 decessore
1905 5543 2094 5587 nostro
2140 5532 2330 5585 admo-

766 5625 887 5689 tttti,
920 5636 974 5679 et
1004 5626 1054 5680 in
1092 5626 1365 5681 mandatis
1392 5628 1675 5690 habentes,
1706 5637 1761 5680 ut
1796 5626 1907 5679 haec
1938 5634 2126 5678 contra
2160 5638 2330 5677 cano-

769 5727 863 5768 nes
889 5714 1067 5770 facere
1087 5715 1418 5783 desinerent,
1455 5731 1631 5779 utra,
1682 5718 1919 5784 inquam,
1954 5730 2060 5767 suae
2094 5713 2329 5780 regionis

2429 3194 2749 3261 Ἐπιγόνων.
2768 3192 2877 3245 Καὶ
2899 3188 3050 3241 αὐτοὶ
3076 3187 3173 3256 μὶν
3192 3180 3343 3238 εἷπον
3367 3181 3538 3234 ταῦτα
3560 3180 3760 3240 καλῶς,
3782 3178 3856 3239 ὡς
3877 3177 3976 3230 καὶ

2420 3284 2542 3352 ἐμοὶ
2568 3283 2733 3334 δοκεῖ.
2770 3281 2842 3346 Σὺ
2875 3279 2932 3330 δὶ
2959 3277 3045 3344 ῑχε
3070 3275 3160 3327 ἐπὶ
3196 3275 3413 3344 μνήμης
3443 3270 3540 3341 τὴν
3568 3266 3849 3335 συνοδικὴν
3879 3282 3972 3332 ση-

2423 3374 2647 3442 μείωσιν
2690 3370 2782 3421 τοῦ
2829 3368 3127 3434 ἀγιωτάτου
3174 3364 3513 3433 πατριάρχου
3554 3360 3720 3429 κυροῦ
3754 3356 3977 3426 Μιχαὴλ

2419 3466 2513 3518 τοῦ
2562 3462 2844 3531 γεγονότος
2888 3460 3092 3512 ὑπάτου
3146 3458 3255 3509 τῶν
3297 3456 3618 3523 φιλοσόφων,
3663 3451 3788 3503 τάδε
3838 3446 3978 3515 πρὸς

2422 3556 2548 3617 ἔπος
2570 3551 3059 3619 διαλαμϐάνουσαν·
3078 3547 3223 3615 Μηνὶ
3246 3545 3535 3615 Νοεμϐρίῳ
3557 3543 3739 3612 ἡμέρᾳ
3762 3537 3957 3608 πρώτῃ

2426 3646 2751 3705 ίνδικτιῶνος
2786 3641 2848 3705 δ’,
2890 3639 3308 3709 προκαθημένου
3350 3637 3444 3690 τοῦ
3478 3637 3782 3703 ἀγιωτάτου
3821 3631 3982 3700 ἡμῶν

2420 3735 2679 3790 δεσπότου
2704 3733 2795 3785 καῖ
2819 3728 3195 3797 οίκουμενικοῦ
3219 3727 3553 3797 πατριάρχου
3575 3723 3745 3793 κυροῦ
3763 3721 3983 3791 Μιχαὴλ

2424 3829 2480 3880 έν
2504 3828 2614 3887 τοῖς
2639 3822 2971 3885 ’Λλτξιακοῖς
3006 3819 3501 3889 κατηχουμενείοις,
3529 3815 3987 3885 συνεδριαζόντων

2433 3922 2500 3987 τῇ
2537 3917 2750 3986 μεγάλῃ
2770 3913 3048 3985 ἁγιωσύνῃ
3095 3910 3257 3963 αὐτοῦ
3299 3910 3608 3979 ίερωτάτων
3644 3906 3981 3974 ἀρχιερέων,

2426 4007 2696 4073 Στεφάνου
2735 4003 3106 4069 Καισαρείας,
3150 3999 3417 4053 Νικολάου
3458 3997 3721 4063 Ἑφέσου.
3767 3993 3988 4060 Μιχαὴλ

2438 4095 2785 4166 Ἡρακλείας,
2827 4093 3075 4146 Ἰωάννου
3101 4089 3363 4153 Κυζίκου,
3395 4088 3624 4148 Λέοντος
3666 4084 3986 4153 Ἀμασείας,

2428 4189 2640 4257 Νικήτα
2666 4184 2990 4252 Μελιτηνῆς,
3016 4179 3297 4235 Βασιλείου
3325 4178 3774 4248 Νεοκαισαρείας,
3804 4179 3991 4231 Λουκᾶ

2427 4277 2754 4347 Μουκησῶν,
2798 4274 3041 4327 Ἰωάννου
3072 4274 3312 4341 Κρήτης,
3348 4272 3572 4333 Λέοντος
3609 4270 3989 4339 ’Δδριανουπό-

2429 4372 2587 4434 λεως,
2619 4368 3024 4420 Κωνσταντίνου
3052 4363 3354 4431 Εὐχαττων,
3387 4360 3654 4429 Γεωργίου
3689 4362 3988 4425 ’Λλανείας,

2428 4459 2702 4529 Θεοδώρου
2743 4457 3051 4524 Μεθύμνης,
3093 4455 3340 4506 Ἰωάννου
3376 4453 3594 4520 Βιξύης,
3629 4452 3723 4504 καὶ
3770 4452 3993 4517 Ῥωμα..

2430 4551 2522 4604 νοῦ
2546 4552 2760 4618 Ἀπρω,
2789 4545 3211 4615 παρισταμένων
3233 4544 3325 4596 καὶ
3349 4542 3776 4608 θεο’,;ι).εστάτων
3799 4541 3995 4594 δεσπο-

2428 4642 2596 4694 τικῶν
2626 4639 2903 4707 ἀρχόντων
2926 4654 2940 4668 ο
2972 4637 3095 4706 ὅρια
3146 4635 3402 4702 Πατέρων
3440 4636 3511 4701 μὴ
3550 4632 3924 4701 ὑπερϐαίνειν,
3959 4630 3995 4685 ἃ.

2431 4732 2613 4792 καλῶς
2643 4725 2785 4785 οὗτοι
2823 4730 2916 4781 καὶ
2951 4728 3088 4798 μετὰ
3127 4727 3353 4791 δεούσης
3387 4724 3709 4791 δοκιμασίας
3751 4722 3997 4791 ἀρχῆθεν

2430 4820 2706 4887 ἐξέθεντο⁹
2748 4819 2884 4872 ἀλλὰ
2939 4817 3070 4885 μηδὲ
3117 4816 3255 4881 ὑπὲρ
3303 4814 3375 4866 τὰ
3427 4812 3746 4877 ἐσκαμμένα
3794 4813 3997 4864 καθάλ-

2430 4913 2636 4973 λεσθαι,
2665 4911 2760 4963 καὶ
2790 4908 3035 4976 θριγγίον
3058 4905 3395 4973 ὑπερπηδᾷν.
3429 4903 3753 4971 διαιρετικὸν
3773 4903 3995 4954 ὀθνείων

2429 5020 2488 5055 τε
2521 5003 2615 5055 καὶ
2660 5001 2876 5054 οίκείων
2922 4998 3165 5058 δικαίων,
3211 4995 3661 5063 ἐκκλησιαστικὸν
3685 4994 3861 5061 δόγμα
3900 4995 3997 5046 καὶ

2431 5090 2593 5159 νόμος
2623 5088 2764 5149 θεῖος
2796 5087 3057 5139 ἀνέκαθεν
3095 5082 3365 5151 κείμενος.
3404 5083 3549 5135 Ἔδει
3584 5082 3681 5150 μιν
3710 5082 3803 5136 οὖν
3838 5084 3997 5135 τοῦτο

2435 5180 2509 5249 μὴ
2548 5180 2761 5243 ἀγνοεῖν
2809 5178 2934 5236 τοὺς
2965 5174 3074 5225 τῶν
3106 5172 3418 5241 ἁπανταχοῦ
3456 5172 3816 5239 διακειμένων
3858 5190 3999 5240 προ⁴

2431 5268 2756 5337 ϊσταμένους
2796 5265 3119 5332 ικκλησιῶν,
3156 5264 3249 5315 καὶ
3302 5264 3361 5315 τὸ
3395 5262 3719 5329 ἐπάγγελμα
3774 5263 3997 5331 ἔχοντας

2434 5359 2766 5426 συντήρησιν
2815 5354 3204 5423 θεσπισμάτων
3248 5353 3550 5404 κανονικῶν
3608 5354 3697 5403 καὶ
3757 5354 3999 5421 νομικῶν

2431 5446 2812 5515 διαταγμάτων
2836 5463 2845 5473 '
2881 5444 2972 5497 καὶ
3000 5443 3179 5509 μέντοι
3211 5443 3304 5493 καὶ
3331 5442 3593 5509 ἐμμένειν
3619 5441 3828 5503 τούτοις
3855 5446 4000 5507 ὀφεί-

2434 5540 2645 5599 λοντας,
2695 5537 2787 5589 καὶ
2832 5535 2939 5588 τῶν
2982 5535 3197 5586 οἰκείων
3251 5534 3349 5600 μὶν
3385 5532 3609 5584 δικαίων
3658 5534 3997 5601 ἀντέχεσθαι,

2435 5626 2544 5679 τῶν
2571 5626 2628 5678 δὲ
2663 5623 2955 5693 ἀλλοτρίων
2991 5619 3309 5688 ἀπέχεσθαι.
3356 5617 3495 5669 Ἀλλ’
3528 5618 3626 5670 οὐκ
3654 5612 3751 5670 οἶδ’
3780 5620 3861 5671 ὅτι
3898 5638 4001 5672 πα.

2438 5719 2617 5778 θόντες
2681 5716 2817 5775 τινὲς
2874 5713 2979 5765 τῶν
3043 5709 3348 5783 ίερωτάτων
3396 5708 3727 5780 ’άρζίιερὶωῃ
3796 5710 3845 5761 οἵ
3908 5713 4001 5764 ,ηξ
