4212 6440
713 306 817 366 935

1965 298 2222 359 THEOD
2282 300 2682 362 BALSAMOV

3829 313 3937 381 235

731 445 749 476 ι
788 423 917 479 Post
966 424 1297 473 consulatum
1346 414 1512 469 Flavii
1556 412 1869 469 Stilit'honis
1913 412 2283 479 illuslrtsstmi,
2309 414 2394 474 At

2279 458 2283 471 ,
2309 414 2359 474 Α
2388 427 2409 463 t
2448 408 2602 465 Μετά
2652 412 2751 480 την
2808 409 3076 463 ὑπατείαν
3144 407 3378 462 Φλαϐίου
3460 408 3783 479 Στελίχωνος
3845 410 3942 465 τοῦ

803 530 823 566 ι
861 511 1069 567 decimo
1110 515 1261 562 sexto
1300 505 1546 559 calendas
1574 504 1743 559 Julias
1768 501 2093 572 Carthagine
2112 500 2167 556 in
2198 514 2283 555 se-

801 619 821 652 ‹
858 610 1007 657 creto
1036 596 1316 652 llestitutm
1337 595 1600 660 ecclesiae,
1631 592 1924 662 presidens
1952 589 2113 646 simul
2160 604 2281 644 cunt

800 710 818 743 ε
858 689 973 746 suis
991 686 1345 757 coepiscopis,
1375 684 1754 739 assistentibus
1804 680 2067 746 diaconis,
2116 682 2285 736 Aure-

800 802 817 833 ε
862 782 970 837 lius
997 780 1285 849 episcopus
1308 778 1443 833 dixit
1472 795 1484 830 :
1514 773 1882 831 Ecclesiarum
1928 771 2046 838 Dei,
2076 786 2197 841 quae
2228 770 2283 824 in

801 890 819 922 ε
854 881 963 925 tota
985 870 1239 926 Afrorum
1265 866 1485 937 regione
1505 866 1621 920 sita
1638 872 1785 926 sunt,
1805 862 2159 917 necessitates
2180 873 2284 913 una

800 982 817 1013 ε
850 975 1058 1017 mecum
1090 958 1325 1029 perfecte
1356 957 1459 1011 scit
1482 966 1654 1011 vestra
1679 954 1917 1018 dilectio,
1947 948 2284 1007 sanctissimi

798 1072 817 1105 ε
855 1054 1048 1108 fratres
1074 1069 1090 1106 :
1120 1061 1174 1105 et
1196 1050 1320 1120 quia
1348 1048 1603 1103 Dominus
1626 1045 1891 1117 praestitit,
1914 1054 1972 1099 ut
1998 1044 2184 1099 saltem
2218 1056 2285 1096 ex

798 1159 816 1194 ι
859 1150 1011 1211 parte
1032 1147 1350 1209 congregata
1373 1138 1444 1192 sit
1467 1135 1749 1205 presentia
1771 1133 1939 1189 sancti
1977 1132 2140 1187 vestri
2163 1144 2287 1185 con-

799 1249 816 1283 ι
860 1239 1071 1294 ventus,
1092 1228 1221 1283 mibi
1238 1235 1597 1297 opportunum
1632 1223 1851 1279 videtur
1872 1221 2108 1285 easdem,
2133 1229 2191 1273 ut
2208 1217 2285 1273 di-

800 1343 816 1372 c
854 1332 995 1376 ctum
1026 1330 1130 1383 est,
1165 1319 1510 1373 necessitates
1540 1318 1593 1371 in
1640 1316 1872 1370 medium
1917 1312 2130 1377 aﬂ'erre,
2153 1323 2286 1378 quas

796 1428 817 1462 ι
858 1412 1073 1479 propria
1100 1407 1461 1463 sollicitudine
1480 1407 1810 1474 investigare
1827 1404 1973 1474 potui
1992 1415 2154 1472 ;qnas
2171 1400 2288 1469 qui-

797 1521 815 1553 ε
860 1501 981 1556 dem
1007 1499 1223 1568 quando
1259 1506 1434 1552 vestra
1461 1496 1800 1551 confirmabit
1826 1494 2129 1556 sinceritas,
2155 1504 2285 1544 con-

797 1612 813 1644 ε
850 1605 1077 1661 sequens
1104 1589 1229 1656 erit,
1274 1597 1334 1643 ut
1376 1602 1542 1642 unum
1587 1587 1929 1642 sacerdotum
1978 1599 2043 1638 es
2100 1590 2287 1637 nostro

798 1705 814 1736 ε
855 1697 1077 1739 numero
1112 1682 1466 1746 declaremus,
1489 1678 1580 1749 qui
1617 1678 1712 1733 Dei
1742 1676 1943 1732 auxilio
1963 1674 2120 1730 debet
2163 1687 2288 1744 pro-

806 1795 823 1826 ι
862 1788 978 1843 pter
1010 1782 1217 1828 vestras
1256 1784 1443 1841 preces
1480 1768 1695 1825 easdem
1721 1766 2069 1822 necessitates
2116 1762 2289 1817 susci-

797 1886 813 1920 ι
853 1881 1000 1939 pere,
1032 1876 1085 1921 et
1116 1864 1329 1921 fortiter
1356 1861 1661 1933 peragenda
1689 1859 1897 1915 deferre
1931 1857 1985 1911 in
2022 1867 2289 1910 transma-

798 1980 813 2011 ι
861 1960 1012 2015 rinas
1058 1958 1223 2014 italiae
1266 1963 1484 2028 partes;
1525 1954 1615 2022 qui
1672 1952 1811 2007 hanc
1862 1949 2284 2011 necessitatem,

781 2072 816 2104 1
852 2052 1089 2108 laborem
1110 2062 1164 2107 et
1191 2050 1428 2119 inopiam
1460 2047 1629 2118 possit
1652 2044 2013 2102 sanctissimis
2030 2053 2085 2098 et
2105 2057 2290 2099 sacro-

796 2162 812 2194 ι
850 2156 965 2197 rum
1004 2140 1393 2197 comminlstris
1420 2138 1681 2193 fratribus
1715 2138 1916 2191 nostris
1966 2133 2286 2199 ostendere;

798 2254 816 2285 ι
854 2232 1050 2305 partim
1100 2230 1318 2303 quidem
1359 2230 1668 2284 venerando
1726 2237 1917 2284 sancto
1981 2225 2289 2296 apostolica

798 2344 817 2378 ε
862 2324 1133 2381 cathedra:
1155 2322 1409 2394 episcopo
1446 2320 1764 2385 Anastasio;
1800 2320 1996 2389 partim
2029 2327 2209 2374 autem
2233 2324 2290 2372 et

799 2439 817 2470 ε
867 2416 1213 2474 sanctissimo
1264 2413 1418 2469 fratri
1451 2412 1678 2467 Venerio
1722 2410 1988 2467 sacerdoti
2045 2408 2291 2464 ecclesia:

794 2530 816 2563 ε
852 2507 1290 2567 Mediolanensis.
1322 2505 1404 2561 Ab
1436 2506 1503 2560 iis
1525 2504 1671 2561 enim
1718 2502 1929 2558 tbronis
1958 2499 2289 2572 prohibitum

798 2622 817 2655 ε
864 2603 1059 2666 fuerat,
1122 2608 1268 2672 quod
1335 2596 1611 2653 communi
1680 2593 1920 2665 periculo
1963 2603 2292 2664 magnopere

802 2713 819 2745 ε
863 2691 1278 2763 providendum,
1300 2686 1425 2757 quia
1450 2693 1601 2739 tanta
1628 2692 1712 2753 est
1738 2683 2056 2739 clericorum
2086 2681 2289 2751 inopia,

800 2799 819 2833 ι
855 2790 911 2836 et
937 2780 1118 2836 multa
1144 2776 1386 2835 ecclesia
1419 2774 1553 2829 adeo
1589 2779 1716 2827 sunt
1742 2772 1993 2841 deserta,
2023 2779 2082 2826 ut
2113 2770 2292 2825 nullus

804 2894 821 2926 ε
852 2872 1025 2944 possit
1052 2872 1315 2928 diaconus
1337 2869 1421 2924 vel
1451 2868 1759 2923 illitteratus
1786 2863 2035 2920 inveniri.
2070 2864 2145 2918 De
2166 2862 2292 2917 reli-

813 2984 829 3014 σ
868 2963 990 3034 quis
1020 2971 1198 3018 autem
1230 2958 1601 3031 superioribus
1638 2956 1920 3012 ordinibus
1947 2964 2002 3011 et
2034 2954 2292 3026 gradibus

799 3078 817 3108 ε
856 3055 1140 3111 tacendum
1190 3065 1311 3108 esse
1345 3050 1619 3106 existimo.
1660 3045 1797 3103 Nam
1840 3061 1988 3113 cum,
2044 3054 2104 3102 ut
2158 3046 2288 3113 dixi,
2319 3066 2363 3127 α

785 3165 816 3198 -ε
858 3145 1069 3201 diaconi
1106 3141 1468 3199 ministerium
1510 3154 1616 3195 non
1660 3136 1819 3193 facile
1866 3137 2197 3204 inveniatur,
2226 3135 2297 3192 de

815 3258 832 3289 ε
870 3234 1242 3308 superioribus
1286 3231 1584 3289 honoribus
1618 3230 1788 3308 multo
1819 3240 1904 3284 est
1927 3230 2187 3299 apertius.
2231 3229 2297 3284 Et

815 3350 832 3381 ι
866 3307 1207 3399 antidianas
1267 3324 1603 3380 diversorum
1654 3307 1723 3377 et.
1762 3320 1877 3377 fere
1918 3321 2294 3377 emorientium

829 3442 843 3471 ι
885 3419 1201 3490 populorum
1235 3415 1647 3471 lamentationes
1680 3413 1930 3482 deinceps
1952 3426 2061 3468 non
2088 3411 2297 3467 sufferi-

795 3534 822 3562 γει
882 3524 1001 3565 mus
1054 3527 1069 3562 :
1130 3506 1325 3577 quibus
1386 3505 1490 3560 nisi
1542 3504 1801 3558 auxilium
1850 3503 1992 3559 ferre
2046 3502 2295 3569 velimus,

807 3623 825 3653 ε
862 3599 1026 3672 595
1052 3598 1430 3670 gravissimum
1458 3605 1515 3652 et
1534 3596 1899 3651 inexcusabile
1923 3606 2144 3665 pr0pter
2173 3609 2298 3666 per-

811 3713 831 3745 ε
871 3695 1011 3749 ditas
1039 3692 1249 3747 animas
1276 3688 1528 3746 delictum
1550 3702 1649 3744 nos
1676 3690 1814 3758 apud
1854 3686 2022 3743 Deum
2047 3688 2293 3757 excipit.»

794 4324 1000 4382 BALS.
1030 4324 1291 4381 Pmenti
1335 4325 1539 4394 scripto
1573 4326 1687 4380 vult
1716 4324 1967 4382 Aurelius
2010 4324 2297 4382 certiorem

2460 522 2480 555 ι
2515 503 3008 573 λαμπροτάτου,τῇ
3037 500 3141 572 πρὸ
3173 500 3371 567 δεκαλξ
3402 501 3682 557 καλανδῶν
3714 502 3945 558 Ἰουλίων

2458 613 2477 646 ε
2517 597 2577 649 ιν
2606 592 2918 665 Καρχηδόνι
2946 594 3028 657 είς
3055 592 3116 645 τδ
3136 594 3415 664 σήκρητον
3440 592 3541 663 τῆς
3573 593 3946 666 Ῥεστιτούτης

2456 703 2477 738 ι
2514 685 2811 756 δκκλησίας
2837 685 3178 755 προκαθίσας
3220 684 3341 756 ἀμα
3369 687 3486 750 τοῖς
3520 685 3946 750 συνεπισκόποις

2462 797 2481 830 ι
2522 778 2713 844 αὑτοῦ,
2771 776 3141 849 παρεστώτων
3178 775 3287 832 τῶν
3339 776 3633 845 διακόνων,
3670 776 3948 850 Αὐρήλιος

2459 888 2479 921 ε
2517 870 2816 932 ιπίσκοπος
2854 865 3037 923 εἶπενο
3097 867 3219 923 Τῶν
3274 867 3584 939 ικκλησιῶν
3639 868 3735 923 τοῦ
3784 868 3947 936 Θεοῦ,

2459 979 2478 1011 ε
2513 959 2622 1014 τῶν
2642 959 2750 1015 ἀνά
2778 959 2960 1015 πᾶσαν
2985 959 3083 1031 τὴν
3110 958 3219 1014 τῶν
3240 960 3465 1029 ’Δφρων
3494 958 3678 1031 χώραν
3694 959 3937 1031 καθιδρυ-

2460 1064 2481 1099 ε
2518 1047 2718 1117 μένων,
2746 1046 2847 1110 τάς
2880 1048 3129 1114 ἀνάγκας
3160 1047 3405 1118 ἀκριϐῶς
3430 1048 3546 1117 ἀμα
3573 1048 3699 1119 spot
3726 1048 3953 1104 δπίστα-

2462 1154 2482 1189 ι
2517 1154 2605 1191 ται
2630 1138 2662 1207 η
2691 1137 2936 1207 ὑμετέρα
2965 1138 3177 1210 ἀγάπη,
3204 1137 3500 1208 ἁγιώτατοι
3549 1139 3768 1210 ἀδελφοί
3804 1155 3819 1171 ’
3858 1140 3948 1195 καὶ

2469 1246 2490 1280 ε
2523 1228 2714 1298 ἀπειδη
2759 1228 2854 1282 τοῦ
2882 1230 3090 1300 Κυρίου
3142 1231 3474 1301 παρέχοντος
3524 1231 3631 1285 κᾶν
3681 1232 3740 1284 ιν
3794 1230 3950 1302 ιιιίρε⁹

2464 1336 2483 1369 t
2530 1317 2771 1389 συνήχθη
2806 1320 2840 1386 ἠ
2872 1319 3146 1389 παρουσία
3165 1321 3263 1392 τῆς
3298 1320 3453 1385 ὁσίας
3492 1320 3649 1391 ὑμῶν
3695 1319 3954 1374 συνελεύο

2466 1426 2486 1460 ε
2527 1425 2686 1475 σεως,
2718 1409 2867 1463 δοκεῖ
2895 1426 2984 1480 μοι
3011 1412 3093 1475 είς
3129 1410 3294 1481 μέσον
3327 1412 3710 1481 παρακομίσαι
3732 1411 3831 1474 τάς
3861 1410 3955 1464 αὑ-

2466 1515 2486 1549 r
2522 1497 2643 1562 τὰς,
2673 1497 2749 1562 ῶς
2771 1498 3008 1568 εῐρηται,
3036 1500 3304 1568 ἀνάγκας,
3342 1500 3523 1572 ἀσπερ
3557 1501 3737 1571 οίκεία
3795 1516 3953 1571 φρον-

2465 1606 2485 1641 ε
2524 1589 2628 1642 τίδι
2666 1590 2931 1663 ἠδυνήθην
2958 1591 3293 1663 ἀνιχνεῦσαι·
3328 1594 3550 1658 ἅστινας
3578 1593 3742 1665 ἡνίκα
3763 1595 3955 1646 ιπικυο

2465 1701 2484 1736 ε
2526 1680 2679 1756 ρώσῃ
2706 1684 2740 1755 ἠ
2776 1684 3021 1756 ὑμετέρα
3050 1685 3438 1756 είλικρινότης,
3472 1684 3766 1739 ἀκόλουθον
3799 1684 3958 1739 ἔσται

2452 1792 2482 1825 -ι
2517 1773 2907 1839 ἀποδείξασθαι
2936 1776 3034 1831 ῑνα
3065 1776 3216 1849 ίερία
3247 1778 3312 1830 ἐκ
3327 1776 3420 1829 τοῦ
3469 1777 3740 1849 ήμετίρου
3800 1777 3962 1847 ἀριθ-

2467 1882 2484 1915 t
2524 1864 2651 1935 μοῦ,
2675 1866 2767 1919 τὸν
2799 1866 3084 1934 ὀφείλοντα
3117 1871 3184 1941 τῇ
3209 1867 3303 1921 τοῦ
3335 1870 3543 1940 Κυρίου
3606 1868 3830 1939 βοηθείᾳ
3858 1867 3950 1921 διά

2466 1973 2484 2006 ι
2520 1953 2630 2009 τῶν
2661 1954 2839 2027 εὐχῶν
2862 1956 3015 2026 ὑμῶν
3040 1957 3245 2023 ταύτας
3270 1960 3444 2023 αὑτὰς
3486 1959 3735 2028 ἀνάγκας
3764 1957 3960 2011 ἀναδί-

2465 2064 2483 2097 ι
2530 2043 2748 2111 ξασθαι,
2784 2048 2881 2099 καὶ
2928 2046 3194 2117 ἀνδρείως
3242 2048 3574 2115 ιξανυστίας
3623 2045 3961 2116 ἀποκομίσαι

2466 2154 2483 2187 ι
2521 2136 2659 2206 πρὸς
2694 2137 2763 2189 τά
2789 2138 3155 2207 πραγματικά
3183 2139 3283 2207 τῆς
3326 2138 3558 2202 Ἰταλιας
3612 2140 3752 2210 μίρη
3810 2138 3961 2200 δστις

2468 2248 2485 2279 ι
2523 2228 2727 2300 δυνηθῇ
2755 2230 2932 2301 αὑτήν
2962 2247 3022 2283 τε
3058 2229 3157 2302 τὴν
3212 2230 3461 2301 ἀνάγκην
3501 2231 3598 2286 καὶ
3651 2231 3744 2285 τὸν
3795 2231 3961 2283 πόνον

2465 2338 2484 2373 ι
2521 2321 2619 2374 καὶ
2642 2320 2742 2393 τὴν
2770 2320 2981 2375 ινδειαν
3011 2320 3170 2392 ὑμῶν
3197 2322 3549 2395 παραστῆσαι
3572 2325 3685 2385 τοῖς
3719 2319 3962 2391 ἀγιωτά-

2464 2429 2483 2464 ι
2519 2427 2634 2477 τοις
2665 2412 2915 2483 ἀδελφοῖς
2946 2416 3042 2468 καὶ
3098 2413 3541 2485 συλλειτουργοῐς
3563 2414 3723 2485 ἡμῶν
3746 2429 3761 2444 ·
3803 2414 3962 2468 τοῦτο

2465 2520 2485 2556 ι
2522 2503 2624 2575 μὶν
2674 2503 3015 2577 ’Δναστασίῳ
3086 2504 3166 2577 τῷ
3217 2503 3584 2577 προσκυνητῷ
3652 2504 3799 2574 ἀγίῳ
3863 2504 3962 2573 τῆς

2468 2612 2487 2647 ε
2528 2597 2905 2668 ἀποστολικῖκ
2948 2597 3222 2671 καθέδρας
3280 2598 3571 2668 ἀπισκόπῳ
3597 2613 3612 2628 ·
3668 2597 3829 2651 τοῦτο
3902 2596 3961 2648 δι

2466 2679 2486 2739 ἆ
2522 2688 2605 2743 ἔτι
2638 2688 2746 2759 μὴν
2778 2690 2874 2743 καὶ
2903 2688 2983 2759 τῷ
3026 2688 3320 2759 ἀγιωτάτῳ
3369 2687 3587 2760 ἀδελφῷ
3614 2686 3854 2757 Βενερίῳ
3880 2684 3960 2753 τῷ

2470 2796 2489 2831 ε
2532 2779 2670 2850 lapsi
2691 2779 2790 2850 τῆς
2812 2779 3159 2834 Μεδιολάνων
3215 2779 3534 2851 ἐκκλησίας.
3606 2777 3703 2831 Ἐκ
3755 2776 3963 2831 τούτων

2468 2886 2487 2919 ι
2523 2868 2634 2939 γάρ
2661 2868 2771 2921 τῶν
2799 2868 3006 2940 θρόνων
3037 2868 3312 2941 ἑκωλύθη,
3364 2870 3502 2940 δπιρ
3563 2870 3840 2939 ιπιγνοῑεν
3903 2870 3964 2921 ιν

2467 2977 2488 3012 ε
2528 2958 2693 3032 κοινῷ
2732 2958 2963 3032 κινδύνῳ
2995 2960 3250 3030 μεγάλως
3278 2961 3520 3031 ὀφείλειν
3569 2960 3959 3033 προνοηθῆναν

2473 3068 2493 3103 t
2524 3050 2607 3105 δτι
2634 3049 2872 3121 τοσαύτη
2898 3052 3016 3105 ἐστὶ
3048 3050 3331 3124 κληρικῶν
3356 3051 3558 3117 ινδεια,
3616 3050 3713 3105 καὶ
3768 3049 3966 3105 πολλαὶ

2472 3157 2493 3192 ι
2525 3140 2815 3212 ίκκλησίαι
2843 3139 3016 3206 οὕτως
3039 3141 3380 3215 ὑπάρχουσιν
3406 3141 3624 3214 ιρημοι,
3658 3141 3735 3205 ῶς
3760 3140 3968 3211 μηδίνα

2471 3249 2491 3283 ι
2527 3230 2777 3287 διάκονον
2813 3232 2919 3287 κάν
2969 3233 3337 3303 ἀγράμματον
3387 3234 3535 3303 εχειν
3591 3233 3966 3304 εὑρίσκεσθαι.

2471 3337 2492 3371 ε
2532 3321 2666 3391 Περὶ
2692 3320 2751 3375 δι
2772 3320 2881 3374 τῶν
2901 3320 3104 3374 λοιπῶν
3126 3322 3415 3392 ἀνωτάρων
3449 3321 3675 3391 βαθμῶν
3719 3320 3816 3375 καὶ
3866 3321 3967 3375 τάο

2473 3427 2492 3461 ι
2527 3409 2666 3475 εεων
2741 3410 3048 3480 σιωπητέον
3115 3410 3510 3480 ὑπολαμϐάνω.
3587 3394 3831 3480 Ἐπειδὴ,
3891 3408 3969 3471 ὡς

2472 3517 2491 3549 ε
2530 3494 2707 3564 εἷπον,
2738 3501 2834 3554 te»
2862 3503 2895 3571 ίι
2922 3499 3020 3554 τοῦ
3049 3500 3300 3555 διακόνου
3356 3501 3633 3573 ὑπουργία
3677 3501 3780 3554 ούκ
3808 3501 3970 3570 εὐχε-

2482 3609 2500 3643 ι
2540 3591 2649 3662 ρῶς
2680 3591 3029 3662 εὑρίσκηται,
3059 3590 3243 3662 πολλῷ
3274 3591 3437 3646 πλέον
3478 3592 3608 3662 περὶ
3659 3591 3769 3645 τῶν
3825 3591 3968 3643 ἀνω-

2475 3704 2495 3737 ε
2530 3684 2711 3755 τίρων
2770 3683 2951 3754 τιμῶν
3005 3683 3310 3753 κατάδηλον
3372 3683 3631 3755 ὑπάρχει.
3688 3684 3799 3738 Καὶ
3841 3684 3969 3745 τοὺς

2475 3793 2497 3826 ι
2536 3774 2942 3844 καθημερινοὺς
2975 3774 3208 3845 θρήνους
3234 3774 3345 3829 τῶν
3396 3775 3671 3846 διαφόρων
3723 3777 3818 3828 καὶ
3847 3783 3971 3845 σχε·

2480 3882 2500 3917 ε
2532 3863 2622 3917 δὺν
2652 3862 3112 3934 ἀποθνησκόντων
3142 3864 3290 3919 λαῶν
3330 3864 3425 3919 τοῦ
3476 3865 3665 3919 λοιποῦ
3704 3866 3805 3937 οὑχ
3837 3865 3969 3919 ὐπο-

2478 3973 2497 4007 ι
2538 3956 2784 4027 φέρομεν
2804 3970 2821 3987 ο
2851 3951 2936 4019 οἷς
2961 3958 3010 4009 εί
3036 3957 3309 4028 μηδέποτε
3341 3957 3658 4028 θελήσωμεν
3678 3956 3967 4029 βοηθῆσαι,

2472 4064 2494 4099 ι
2543 4045 2819 4118 βαρυτάτη
2858 4045 2955 4098 καὶ
3005 4046 3412 4118 ἀναπολόγητος
3459 4046 3611 4101 αίτία
3652 4046 3762 4101 τῶν
3800 4047 3972 4102 ἀπολ-

2475 4157 2495 4190 ‹
2535 4138 2787 4210 λυμίνων
2849 4136 3039 4210 ψυχῶν
3116 4137 3399 4210 ικδέχεται
3461 4140 3611 4211 ἡμᾶς
3680 4140 3834 4212 παρά
3892 4140 3972 4211 τῷ

2472 4248 2494 4281 ε
2537 4229 2729 4300 Θιῷ.τ

2471 4319 2667 4379 ΒΑΔΣ.
2699 4320 2799 4374 Διά
2828 4321 2930 4391 τῆς
2973 4321 3256 4393 παρούσης
3284 4324 3507 4395 γραφῆς
3563 4323 3708 4389 ἀξιοῖ
3732 4325 3762 4378 δ
3783 4323 3971 4395 Λύρη-

730 4416 843 4473 fieri
867 4430 1056 4488 papam
1077 4423 1130 4471 et
1151 4389 1600 4469 lediolancnsem
1624 4415 1960 4486 episcOpum,
1977 4418 2118 4487 quod
2136 4417 2297 4472 Afro-
2330 4389 2376 4448 θ

2330 4389 2376 4448 θ
2404 4411 2516 4477 λιος
2542 4410 2762 4483 δοθῆναι
2786 4389 2993 4483 εἴδησιν
3022 4389 3102 4484 τῶ
3133 4389 3340 4487 πάππα
3360 4389 3565 4483 καίτῷ
3596 4389 3969 4480 Μεδιολάνων,

728 4523 847 4564 rum
897 4507 1144 4578 regiones
1185 4504 1398 4561 suntin
1442 4519 1663 4575 magnas
1710 4506 1988 4575 angustias
2031 4508 2293 4576 adducta,

729 4616 838 4656 non
869 4601 1041 4656 solum
1082 4598 1425 4655 sacerdotum
1458 4605 1515 4652 et
1553 4599 1952 4669 episcoporum,
1994 4603 2089 4655 sed
2131 4602 2293 4656 etiam

726 4693 963 4761 ipsorum
1004 4689 1392 4756 diaconurum;
1445 4695 1502 4743 et
1548 4698 1605 4741 ut
1652 4697 1843 4745 curent
1886 4691 2121 4761 aliquam
2178 4691 2295 4747 ﬁeri

726 4785 1180 4854 dispensationem
1224 4796 1321 4835 seu
1366 4781 1727 4851 provisionem
1782 4783 1835 4836 in
1868 4781 2294 4838 Christianorum

795 4965 1046 5020 ZONAH.
1073 4962 1206 5030 Quae
1253 4963 1528 5031 superiore
1572 4957 1906 5018 oratiuncula
1951 4962 2297 5016 continentur

729 5055 845 5109 hac
878 5065 1006 5109 sunt
1034 5070 1048 5109 :
1081 5050 1284 5117 Nostis,
1309 5052 1524 5118 fratres,
1558 5050 1758 5123 [inquit
1796 5052 2075 5122 Aurelius]
2100 5054 2297 5120 quibus

727 5147 991 5202 malorum
1047 5146 1431 5216 asperitatibus
1491 5160 1681 5200 omnes
1730 5144 1997 5200 Africane
2056 5147 2297 5200 ecclesiae

726 5236 1121 5292 conflictentur.
1155 5238 1218 5290 Et
1252 5236 1507 5305 quoniam
1528 5237 1573 5290 si
1606 5237 1784 5289 :niuus
1817 5238 2078 5302 universi,
2117 5237 2297 5306 plures

728 5339 873 5383 certe
913 5328 979 5381 ad
1021 5329 1291 5397 synodum
1326 5328 1715 5393 convenimus].
1752 5344 1887 5396 quas
1932 5345 2031 5399 ego
2080 5332 2294 5399 quidem

728 5419 1064 5474 ditlicultates
1116 5418 1378 5472 sollicitus
1435 5418 1772 5489 investigavi,
1819 5421 1925 5474 boc
1971 5431 2075 5486 est,
2133 5425 2297 5477 nmlm

726 5526 857 5564 cura
888 5525 951 5565 ac
978 5508 1256 5579 diligentia
1286 5509 1529 5563 adhibita
1557 5512 1883 5580 conquisivi,
1915 5526 2007 5567 eas
2041 5516 2139 5569 ltoc
2165 5527 2298 5570 tent-

733 5616 858 5671 pore
891 5605 944 5654 in
978 5600 1208 5654 medium
1245 5599 1489 5670 proferre
1531 5603 1813 5659 constitui.
1866 5603 2152 5675 Reliquum
2197 5608 2299 5661 erit

727 5692 943 5757 deinde,
996 5700 1052 5745 ut
1090 5691 1320 5766 aliqnent
1357 5706 1419 5747 ex
1457 5700 1643 5749 nostro
1686 5710 1909 5752 numero
1938 5697 2219 5765 delegatis,
2264 5717 2292 5754 ιι

2402 4506 2485 4560 δτι
2537 4508 2910 4577 στενοχωρίαν
2966 4506 3213 4578 μεγάλην
3267 4506 3487 4578 ιχουσιν
3536 4508 3594 4562 αι
3649 4508 3828 4579 χῶραι
3864 4509 3975 4563 τῶν

2408 4599 2634 4669 Ἀφρων
2668 4599 2743 4668 μὴ
2789 4598 2950 4668 μόνον
2992 4598 3185 4669 ίερίων
3213 4600 3309 4653 καὶ
3341 4600 3685 4664 ἀπισκόπων,
3718 4601 3859 4656 ἀλλά
3880 4602 3971 4654 καὶ

2404 4688 2585 4741 αὐτῶν
2611 4686 2721 4741 τῶν
2750 4687 3037 4754 διακόνων,
3067 4688 3163 4741 καὶ
3199 4690 3490 4759 φροντίσαι
3528 4692 3783 4760 γενέσθαι
3833 4695 3970 4748 οίκο-

2403 4781 2601 4850 νομίαν
2626 4782 2705 4842 είς
2735 4778 2995 4851 βοήθειαν
3035 4779 3147 4835 τῶν
3176 4778 3549 4851 Χριστιανῶν.

2474 4960 2721 5016 ΖΩΝΑΡ.
2754 4961 2924 5016 Τοῦτο
2950 4964 2983 5032 ἠ
3010 4965 3260 5034 παροῦσα
3284 4963 3430 5034 λέγει
3455 4968 3675 5039 γραφήο
3702 4969 3784 5023 δτι
3827 4969 3883 5023 Ἐ
3897 4972 3979 5023 πί·-

2408 5055 2629 5116 στασθε,
2655 5052 2899 5122 ἀδελφοὶ,
2925 5055 3027 5117 τάς
3056 5054 3326 5124 ἀνάγκας,
3356 5055 3425 5121 ἀς
3450 5056 3635 5128 Ιχουσι
3690 5060 3865 5115 πᾶσαι
3918 5065 3975 5115 αἱ

2405 5145 2549 5197 κατά
2579 5146 2676 5215 τὴν
2717 5145 2989 5218 Ἀφρικὴν
3014 5147 3325 5218 ἐκκλησίαι.
3354 5150 3463 5203 Καὶ
3486 5151 3612 5204 sust
3659 5154 3898 5223 συνήχθη
3928 5156 3977 5207 εί

2405 5240 2603 5311 καὶμὴ
2637 5242 2786 5294 πᾶσα
2832 5242 2865 5307 ἡ
2917 5242 3157 5310 σύνοδος,
3201 5243 3341 5297 ἀλλά
3392 5261 3457 5313 γε
3505 5244 3611 5299 κάν
3671 5248 3732 5299 ιν
3791 5247 3978 5319 μίρει,

2404 5332 2551 5385 δοκεῖ
2577 5350 2667 5403 μοι
2696 5334 2977 5404 προθεῖναι
2997 5336 3079 5398 είς
3114 5335 3276 5405 μέσον
3300 5338 3398 5400 τὰς
3420 5340 3678 5403 τοιαύτας
3706 5340 3977 5407 ἀνάγκας,

2403 5424 2469 5488 ἀς
2517 5427 2813 5494 ἐφρόντισα
2840 5428 2935 5479 καὶ
2966 5427 3281 5497 ἀνίχνευσα,
3314 5431 3487 5499 ἡγουν
3526 5431 3801 5501 ἐπιμελῶς
3850 5432 3979 5500 ὲζήο

2404 5536 2565 5590 τησα.
2607 5520 2925 5573 ’Δκόλουθον
2981 5520 3039 5573 δδ
3101 5520 3279 5587 ισται,
3343 5523 3701 5589 ίπιλίξασθαι
3775 5524 3872 5578 ινα
3923 5524 3983 5589 ἐξ

2407 5612 2594 5684 ημῶν,
2641 5612 2792 5673 ὅστις
2845 5612 3049 5673 ταύτας
3097 5614 3431 5684 ἀποκομίσει
3488 5614 3625 5685 πρὸς
3682 5615 3752 5671 τὰ
3800 5616 3979 5687 πέραν

2414 5707 2555 5779 μέρη
2592 5708 2691 5777 τῆς
2745 5705 2996 5775 Ἰταλίας,
3034 5706 3203 5777 ῆγουν
3228 5709 3533 5777 ἀπαγγελεῖ
3552 5707 3630 5780 τῷ
3653 5709 3854 5781 πάππα
3887 5711 3979 5765 καὶ
