4212 6440
227 378 335 440 237
1285 378 1367 437 1N
1405 378 1567 439 CAN.
1615 376 1744 436 LXI
1784 376 1990 437 CONC.
2027 372 2399 435 CARTHAG.
3357 366 3460 427 2'33

224 489 305 557 τῷ
349 488 694 542 Μεδιολάνων
718 489 817 558 τὴν
839 488 1083 557 ἀνάγκην
1117 490 1210 542 καὶ
1240 492 1334 543 τδν
1370 491 1531 543 πόνον
1562 491 1658 542 καὶ
1686 490 1785 555 τὴν
1816 494 1859 548 Α

1816 494 1859 548 Α
1890 500 1997 553 quo
2036 490 2145 541 haec
2170 488 2219 539 in
2249 486 2455 539 italiam
2494 484 2824 544 deferantur,
2858 498 2948 537 seu
2995 498 3027 551 p
3065 496 3145 550 pa:
3171 490 3223 533 ct
3252 477 3454 530 Medo-

222 578 436 632 ένδειαν
470 579 649 648 ἡμῶν,
681 580 764 631 δτι
794 584 1035 650 τοσαύτη
1093 582 1211 633 ἔστι
1277 581 1561 651 κληρικῶν
1591 579 1788 637 ένδεια,

1894 576 2193 631 lanensium
2221 576 2471 644 episcoiio
2515 584 2711 627 nosirze
2754 571 3113 635 diﬂicultates,
3160 571 3311 623 labor
3343 568 3458 620 ino-

223 669 367 721 ὥστε
452 671 645 721 πολλαὶ
721 668 1007 740 ικκλησίαι
1058 670 1167 721 οὐδ’
1220 669 1315 722 ενα
1383 669 1649 731 διάκονον,
1687 666 1790 718 κᾶν

1892 668 2090 735 piaque
2122 665 2515 736 signiﬁcentur.
2547 664 2748 733 Nempe
2780 673 2978 718 tantam
3026 664 3168 731 apud
3203 675 3299 713 nos
3344 673 3458 713 esse

223 761 608 830 ἀγράμματον,
637 761 871 829 ἔχουσιν.
926 762 1051 814 Ἐάν
1084 761 1143 813 δὲ
1170 760 1432 823 διάκονοι,
1469 758 1657 827 φησὶν,
1693 756 1790 809 οὐκ

1898 756 2217 810 clericorum
2270 756 2618 825 paucitatem,
2663 765 2720 808 ut
2756 754 2937 807 multa:
2974 752 3215 807 ecclesia:
3244 765 3309 803 ne
3346 752 3460 803 dia-

224 852 468 921 εὐχερῶς
509 851 892 920 εὑρίσκωνται,
958 850 1283 921 σκοπητέον,
1330 850 1379 902 εί
1425 850 1473 900 οἰ
1528 846 1790 914 ἀνώτεροι

1890 860 2088 899 conum
2129 847 2366 913 quidem,
2418 850 2497 898 vel
2547 842 2902 907 illitteratum,
2954 844 3206 897 habeant.
3238 840 3386 907 Quod
3413 843 3454 891 si

225 935 450 1003 βαθμοὶ,
508 936 676 1006 {now
735 938 1095 1008 πρεσϐύτεροι
1158 938 1254 989 καὶ
1326 935 1636 998 έπίσκοποι,
1701 935 1789 985 εὑ-

1901 935 2165 997 diaconis,
2202 935 2397 1002 inquit,
2420 933 2756 986 inveniendis
2799 945 2968 998 usque
3004 934 3135 983 adeo
3165 928 3457 985 laboratur.

227 1025 585 1093 ρεθήσονται·
621 1029 703 1081 ὅτι
772 1032 897 1091 τοὺς
942 1029 1178 1099 θρήνους
1215 1029 1338 1089 τοὺς
1393 1025 1791 1093 καθημερινοὺς

1906 1022 2034 1091 quid
2065 1024 2130 1075 de
2171 1022 2536 1089 superioribus
2565 1020 2865 1080 ordinibus,
2907 1020 3273 1072 sacerdotibus
3308 1018 3458 1068 nimi-

221 1114 329 1164 τῶν
355 1115 521 1179 λαῶν,
555 1117 665 1169 τῶν
698 1118 883 1186 σχεδὸν
928 1120 992 1169 ὲκ
1040 1119 1139 1186 τῆς
1194 1117 1370 1185 λύπης
1419 1116 1785 1185 θνησκόντων.

1898 1128 2014 1166 rum
2034 1122 2087 1166 et
2113 1115 2379 1181 episcopis
2400 1112 2633 1164 futurum
2660 1111 2747 1169 sit,
2774 1110 3113 1177 cogitandum
3138 1125 3151 1170 ;
3182 1122 3355 1174 neque
3378 1122 3465 1157 vir-

220 1207 279 1257 οὑ
314 1207 576 1275 φέρομεν.
614 1208 681 1259 'H
723 1210 779 1261 δὲ
816 1208 958 1278 λύπη
1006 1208 1235 1270 ἐκείνοις
1288 1202 1357 1277 ἦν
1416 1204 1500 1258 ὅτι
1558 1204 1781 1257 tnta-46-

1897 1218 1958 1257 ro
1988 1204 2331 1271 quotidianas
2352 1202 2666 1271 populorum
2695 1199 3079 1271 querimonias,
3102 1199 3290 1251 'dolorc
3331 1211 3464 1265 pene

221 1314 358 1359 πους
390 1299 485 1350 καὶ
531 1299 936 1369 πρεσϐυτέρους
996 1299 1094 1351 οὐκ
1133 1294 1301 1368 εἶχον,
1361 1294 1463 1362 οἷς,
1514 1298 1700 1366 φησὶν,
1748 1297 1795 1347 εἰ

1900 1296 2325 1359 tabescentium,
2388 1295 2527 1360 quod
2582 1294 2955 1359 episcoporum
3012 1298 3067 1343 ct
3122 1290 3461 1343 sacerdotum

223 1390 300 1455 μὴ
339 1387 702 1457 βοηθήσομεν,
738 1390 1020 1459 βαρυτάτη
1058 1389 1283 1450 κόλασις
1313 1390 1592 1458 ικδέχεται
1644 1390 1790 1458 ἡμᾶς

1898 1387 2213 1440 ministeriis
2254 1384 2493 1438 destituti
2537 1384 2665 1445 sint,
2725 1383 2925 1436 diutius
2974 1397 3001 1434 a
3057 1380 3209 1434 nobis
3239 1378 3461 1447 perferri

218 1478 375 1545 παρά
409 1478 485 1547 τῷ
509 1479 625 1549 Θεῷ
656 1481 795 1549 ὑπὲρ
817 1480 925 1533 τῶν
948 1481 1336 1550 ἀπολλυμένων
1361 1479 1547 1549 ψυχῶν

1899 1492 2074 1545 posse.
2103 1478 2246 1543 Quos
2279 1477 2517 1546 quldem,
2552 1476 2746 1544 inquit,
2782 1473 2884 1527 nisi
2922 1473 3179 1541 adjuvare
3211 1475 3462 1532 nitamur,

1900 1567 2251 1619 acerbissima
2316 1566 2600 1633 supplicia,
2648 1568 2715 1618 ob
2766 1565 3065 1621 animarum
3128 1564 3465 1632 pereuntium

1899 1658 2186 1725 iacturam,
2221 1671 2317 1710 nos
2349 1671 2376 1708 a
2412 1655 2521 1709 Deo
2562 1670 2781 1707 manere
2807 1654 3096 1723 putandum
3131 1664 3231 1707 est.

809 1747 1046 1800 ΚΑΝΩΝ
1112 1746 1232 1801 ΞΑἏ

1220 1788 1232 1801 .
2484 1746 2711 1800 CANON
2747 1744 2876 1799 ωιι.

224 1856 241 1888 t
286 1838 455 1889 ’Ὥστε
481 1839 609 1900 τοὺς
644 1840 872 1909 μικροὺς
930 1841 1081 1909 παρά
1148 1843 1259 1903 τοῖς
1300 1844 1647 1905 Δονατισταϊς
1691 1843 1787 1913 βα⁸
1831 1820 1870 1873 Β

1831 1820 1870 1873 Β
1908 1860 1924 1890 ι
1960 1839 2029 1895 Ut
2051 1841 2393 1909 parvuli,qiii
2419 1855 2448 1893 a
2489 1838 2783 1893 Donatistis
2806 1838 3170 1908 baptizantur,
3203 1840 3253 1890 in
3286 1838 3468 1892 catho-

296 1945 315 1974 ι
360 1927 740 1993 πτιζομένους,
778 1930 836 1979 ἑν
862 1930 927 1997 τῇ
960 1929 1221 1999 καθολικῇ
1265 1930 1560 2002 Ἐκκλησία
1608 1932 1796 2003 κληρι-

295 2036 314 2067 ε
359 2017 489 2078 κοὺς
512 2019 965 2086 χειροτονεῖσθαι.
999 2019 1110 2085 Διὸ,
1157 2021 1343 2091 ἔπειδή
1370 2024 1428 2074 έν
1455 2024 1521 2093 τῇ
1546 2024 1793 2093 ἀνωτέρᾳ

294 2126 312 2158 ι
352 2107 555 2177 συνόδῳ
576 2110 638 2161 τὸ
666 2108 880 2178 ὁρισθὲν
911 2111 1183 2181 μέμνηται
1210 2111 1326 2182 ἃμα
1347 2114 1468 2182 ἐμοὶ
1494 2115 1527 2181 ἡ
1556 2114 1797 2183 ὑμετέρα

290 2217 309 2249 ι
351 2198 644 2268 όμοψυχία,
701 2198 843 2252 ὥστε
907 2203 1033 2263 τοὺς
1094 2204 1242 2270 παρὰ
1297 2206 1406 2264 τοῖς
1464 2204 1797 2268 δονατισταίς

293 2306 311 2339 ι
356 2293 586 2360 μικροὺς
655 2290 1088 2361 βαπτιζομένους
1171 2293 1397 2362 μηδέπω
1472 2294 1795 2365 δυναμένους

291 2397 311 2429 t
353 2380 650 2448 γινώσκειν
677 2382 776 2450 τῆς
811 2382 1024 2453 πλάνης
1052 2383 1232 2437 αὐτῶν
1258 2385 1351 2438 τὸν
1376 2386 1621 2456 ὄλεθρον,
1658 2391 1796 2456 μετὰ

292 2489 312 2521 ι
350 2472 412 2522 τὸ
470 2472 658 2541 κεῖραν
706 2472 973 2541 λογισμοῦ
1042 2473 1302 2545 δεκτικὴν
1368 2478 1795 2547 παραγενέσθαι.

297 2582 314 2612 ι
355 2563 788 2631 ἐπιγνωσθείσης
842 2563 940 2633 τῆς
992 2564 1285 2635 ἀληθείας,
1325 2568 1424 2637 τὴν
1483 2569 1795 2639 φαυλότητα

295 2671 315 2703 ι
359 2655 588 2707 ἐκείνων
636 2654 1089 2726 βδελυττομένους
1139 2661 1276 2727 πρὸς
1340 2660 1439 2726 τὴν
1502 2661 1794 2731 καθολικὴν

297 2765 318 2797 ι
356 2746 454 2798 τοῦ
484 2746 618 2798 Θεοῦ
635 2746 983 2815 Ἐκκλησίαν,
1012 2751 1111 2817 τὴν
1144 2751 1246 2801 ἀνὰ
1285 2752 1460 2803 πάντα
1483 2753 1573 2803 τὸν
1594 2752 1795 2821 κόσμον

305 2854 326 2887 ε
364 2837 795 2908 διακεχυμένην,
828 2837 976 2899 τάξει
1007 2838 1211 2907 ἀρχαία
1261 2838 1347 2892 διὰ
1380 2839 1477 2908 τῆς
1502 2842 1795 2905 ἐπιθέσεως

299 2949 316 2977 ι
357 2927 472 2979 τῶν
503 2927 703 2996 χειρῶν
726 2928 1109 2997 ἀναδεχθῆναι,
1134 2930 1259 2991 τοὺς
1307 2931 1580 2995 τοιούτους
1610 2934 1672 2986 ὲκ
1699 2934 1793 2986 τοῦ

292 3037 312 3067 ι
355 3018 457 3087 τῆς
483 3019 690 3087 πλάνης
742 3019 1004 3086 ὀνόματος
1030 3020 1106 3090 μὴ
1140 3020 1376 3088 ὀφείλειν
1408 3024 1794 3092 ἐμποδίζεσθαι

297 3128 313 3158 ε
356 3109 435 3169 είς
464 3108 614 3171 τάξιν
644 3108 995 3178 κληρώσεως,
1030 3110 1232 3162 ὁπόταν
1259 3109 1353 3182 τὴν
1379 3111 1637 3183 ἀληθινὴν
1673 3116 1796 3166 Ἐκ-

299 3218 319 3250 ι
362 3199 595 3268 κλησίαν
668 3200 803 3253 ίδίαν
854 3200 1035 3253 αὐτῶν
1099 3202 1411 3269 έλογίσαντο
1480 3206 1547 3273 τῇ
1618 3204 1795 3257 πίστει
1827 3192 1869 3208 “

300 3307 317 3339 ι
364 3289 821 3358 προσερχόμενοι.
852 3290 948 3341 καὶ
968 3291 1027 3342 έν
1052 3291 1188 3359 αὐτῇ
1228 3290 1303 3360 τῷ
1330 3292 1549 3362 Χριστῷ
1578 3294 1798 3346 πιστεύι

296 3399 313 3430 ι
360 3396 553 3442 σαντες
588 3382 684 3450 τῆς
723 3380 951 3451 Τριάδος
992 3383 1060 3433 τὰ
1098 3382 1418 3450 άγιάσματα
1447 3384 1792 3447 ὑπεδέξαντο.

292 3488 313 3522 ι
358 3454 557 3525 ’Δὶινα
589 3472 770 3524 πάντα
815 3472 990 3540 ἀληθῆ
1021 3472 1115 3524 καὶ
1153 3472 1286 3539 ἆγια
1344 3474 1437 3525 καὶ
1498 3474 1616 3527 θεία
1653 3472 1793 3529 εἶναι

297 3580 316 3613 ι
359 3561 521 3631 δῆλόν
553 3564 692 3627 ἐστι,
750 3565 845 3615 καὶ
869 3566 926 3615 ὲν
950 3562 1159 3626 τούτοις
1190 3566 1370 3618 πᾶσαν
1404 3567 1503 3635 τὴν
1546 3568 1644 3637 τῆς
1692 3567 1794 3637 ψυ-

297 3671 315 3700 ε
358 3652 464 3719 χῆς
493 3652 683 3705 έλπίδα
713 3652 1003 3723 ὑπάρχειν.
1032 3655 1154 3707 Κᾶν
1180 3656 1228 3707 εί
1281 3654 1351 3709 τὰ
1409 3658 1645 3725 μάλιστα
1702 3655 1796 3713 οὖν

295 3761 317 3794 ι
355 3743 453 3794 καὶ
495 3744 527 3807 ὴ
564 3741 675 3794 τῶν
725 3744 1019 3813 αίρετικῶν
1070 3744 1448 3813 προληφθεὴα
1498 3748 1672 3818 τόλμα
1719 3750 1796 3818 τῷ

295 3852 315 3885 ι
354 3832 583 3901 ὀνόματι
629 3834 729 3903 τῆς
764 3834 1022 3905 ἀληθείας
1052 3836 1440 3909 έναντιοὺμενά
1465 3856 1587 3893 τινα
1617 3856 1796 3911 παραο

296 3942 317 3977 ε
361 3926 563 3977 διδόναι
600 3928 1019 3996 προπετεύεται,
1038 3930 1211 3984 ταῦτα
1243 3931 1429 4003 ἐπειδὴ
1454 3932 1601 3987 ἀπλᾶ
1625 3935 1792 3997 ἔστιν,

297 4036 316 4069 ι
355 4019 432 4079 ὡς
444 4017 683 4070 διδάσκει
705 4020 733 4071 ό
750 4018 903 4086 ἅγιος
919 4020 1261 4086 ’Δπόστολος,
1280 4023 1474 4092 λέγων,
1500 4045 1518 4078 ι
1533 4022 1624 4089 Εἷς
1641 4026 1794 4089 Θεὸς,

297 4128 315 4159 ι
371 4108 474 4177 μία
501 4108 703 4172 πίστις,
767 4109 827 4160 ἓν
884 4110 1237 4183 βάπτισμα.»
1300 4116 1407 4167 Καὶ
1460 4116 1519 4167 τὸ
1580 4117 1796 4185 ὀφεῖλον

298 4217 317 4249 ι
363 4199 659 4269 προσάπαξ
684 4199 942 4266 δίδοσθαι,
973 4203 1535 4273 επαναληφθῆναιοὺκ
1564 4206 1794 4270 ἔξεστιν,

295 4308 316 4340 ι
360 4288 905 4359 ἀναθεματιζομένου
967 4292 1059 4343 τοῦ
1113 4295 1213 4364 τῆς
1272 4296 1479 4365 πλάνης
1533 4296 1807 4363 ὀνόματος-

293 4399 311 4430 ι
346 4381 438 4432 διά
499 4380 600 4448 τῆς
658 4381 957 4444 ἐπιθέσεως
1008 4384 1116 4436 τῶν
1172 4387 1373 4455 χειρῶν
1428 4387 1795 4457 ἀναδεχθῶσιν

298 4490 316 4520 ι
357 4471 555 4540 είςτὴν
584 4472 711 4541 μίαν
762 4473 1109 4543 Ἐκκλησίαν,
1141 4477 1373 4545 τὴν,“ὠς
1403 4478 1642 4546 εἴρηται,
1695 4497 1793 4532 πε·
1830 4485 1871 4540 D

306 4583 316 4613 I
359 4565 621 4634 ριστεράν
652 4566 745 4617 καὶ
776 4566 943 4635 μόνην
968 4568 1179 4637 μητέρα
1208 4568 1316 4619 τῶν
1344 4570 1711 4638 Χριστιανῶν,
1741 4573 1797 4623 έν

297 4675 315 4704 ι
424 4656 604 4707 πάντα
631 4656 697 4708 τὰ
729 4656 1048 4725 ἀγιάσματα
1102 4659 1459 4729 σωτηριωδῶς
1481 4660 1674 4713 αἰώνια
1703 4665 1799 4715 καὶ

297 4763 314 4793 ι
360 4744 572 4805 ζωτικά
602 4744 1143 4813 παραλαμϐάνονται,
1179 4750 1336 4800 ἅτινα
1366 4752 1477 4812 τοῖς
1512 4752 1801 4820 ἐπιμένου-

295 4854 313 4885 t
357 4853 442 4887 σιν
493 4837 549 4886 έν
580 4838 644 4905 τῇ
680 4837 888 4903 αίρέσει
926 4838 1171 4907 μεγάλην
1223 4840 1323 4908 τῆς
1354 4843 1653 4912 καταδίκης
1706 4843 1801 4914 τὴν

298 4945 314 4975 ι
349 4926 625 4995 τιμωρίαν
661 4928 997 4995 πορίζουσιν,
1019 4930 1104 4981 ῖνα
1131 4930 1272 4998 ὅπερ
1302 4927 1370 5001 ἦν
1416 4933 1602 4993 αὐτοῖς
1635 4935 1691 4986 ἂν
1731 4938 1796 5004 τῇ

298 5037 313 5067 ι
355 5018 589 5088 ἀληθείᾳ
620 5018 757 5087 πρὸς
793 5018 895 5089 τὴν
939 5019 1158 5073 αιὼνιον
1203 5022 1346 5092 ζωὴν
1403 5024 1797 5095 ἀκολουθητέον

294 5126 312 5156 ε
355 5108 789 5178 φωτεινοτέρως,
855 5108 1018 5168 τοῦτο
1071 5110 1299 5179 γένηται
1361 5114 1557 5177 αὐταῖς
1606 5118 1664 5167 έν
1723 5118 1790 5186 τῇ

296 5219 315 5248 ε
360 5198 542 5269 πλάνῃ
579 5199 984 5271 σκοτεινότερον
1023 5204 1115 5256 καὶ
1142 5204 1303 5256 πλέον
1331 5206 1799 5279 καταδεδικασμέ-

300 5310 313 5341 ι
353 5307 469 5343 νον.
498 5290 679 5359 Ὅπερ
706 5290 849 5353 τινὲς
913 5290 1133 5360 έφυγον,
1186 5295 1280 5347 καὶ
1328 5296 1427 5364 τῆς
1470 5297 1795 5367 Ἐκκλησίας

297 5402 313 5431 ε
361 5382 462 5449 τῆς
481 5380 771 5451 καθολικῆς
796 5383 1001 5452 μητρὸς
1015 5384 1084 5437 τά
1109 5384 1376 5439 εὐθύτατα
1393 5391 1793 5457 ἐπεγνωκότες,

296 5492 314 5523 ι
351 5474 532 5526 πάντα
562 5474 749 5525 έκεῖνα
781 5475 850 5525 τὰ
898 5473 1030 5540 ἀγια
1082 5477 1360 5545 μυστήρια
1429 5480 1636 5551 φίλτρῳ
1698 5482 1795 5552 τῆς

288 5583 309 5615 ι
352 5560 613 5623 ἀληθείας
669 5561 995 5617 ιπίστευσαν
1074 5562 1173 5615 καὶ
1254 5565 1599 5631 ὑπεδέξαντο.
1670 5567 1795 5631 Tol;

330 5756 378 5785 "
408 5753 613 5823 Eplies.
649 5770 722 5809 iv.
760 5754 813 5808 5.

1979 1952 1995 1981 ι
2031 1933 2131 1986 lica
2147 1930 2387 1985 Ecclesia
2402 1930 2583 1985 clerici
2603 1930 2940 1983 ordinentur.
2966 1928 3195 1981 Proinde
3214 1928 3470 1995 quoniam

1978 2040 1995 2073 ι
2034 2024 2086 2076 in
2113 2024 2391 2091 superiore
2423 2022 2627 2092 synodo
2664 2022 2937 2075 decretum
2969 2037 3087 2076 esse
3120 2036 3224 2073 una
3259 2036 3467 2073 mecum

1980 2134 1996 2165 ι
2030 2124 2204 2169 vestra
2236 2114 2481 2167 meminit
2508 2113 2817 2168 concordia.
2846 2122 2903 2166 ut
2931 2114 3161 2181 parvuli,
3192 2113 3334 2182 quia
3364 2112 3469 2165 Do-

1980 2224 1997 2255 ι
2040 2205 2251 2259 natistis
2280 2205 2639 2273 baptizantur.
2670 2204 2879 2258 erroris
2909 2207 2989 2258 sui
3039 2204 3333 2273 perniciem
3375 2219 3470 2257 co-

1979 2314 1995 2345 r
2038 2309 2299 2364 gnoscere
2350 2308 2457 2347 non
2505 2294 2764 2357 valentes,
2798 2305 3082 2364 postquam
3135 2297 3200 2349 ad
3251 2303 3467 2351 atatem

1979 2403 1996 2435 ι
2035 2386 2264 2439 rationis
2305 2399 2556 2454 capacem
2600 2386 2963 2454 pervenerint,
3011 2386 3192 2455 agnita
3222 2388 3467 2450 veritate,

1987 2498 2003 2528 ι
2034 2479 2247 2532 illorum
2288 2476 2691 2547 improbitatem
2730 2476 3084 2531 abhorrentes
3112 2477 3165 2529 in
3199 2476 3474 2532 universa-

1978 2587 1993 2616 ι
2036 2566 2137 2619 lem
2178 2562 2272 2619 Dei
2315 2565 2632 2627 Ecclesiam,
2676 2581 2795 2633 qua:
2822 2581 2915 2634 per
2956 2568 3267 2621 universum
3315 2583 3471 2621 mun-

1977 2672 1995 2704 i
2042 2656 2167 2707 dum
2204 2654 2402 2708 diffusa
2442 2666 2543 2720 est,
2578 2658 2800 2723 antiquo
2829 2656 3037 2718 ordine,
3078 2671 3175 2724 per
3219 2673 3470 2712 manuum

1977 2764 1993 2795 ι
2027 2745 2423 2814 impositiohem
2458 2746 2806 2814 recipiantur,
2833 2746 3119 2814 quominus
3162 2746 3471 2815 huiusmodi

1976 2856 1992 2885 ι
2042 2838 2093 2889 in
2118 2836 2409 2890 clericatus
2430 2834 2677 2889 ordinem
2728 2836 3093 2905 provehantur
3145 2836 3347 2889 erroris
3374 2851 3471 2887 no-

1978 2945 1995 2977 ι
2037 2927 2179 2979 mine
2206 2926 2455 2995 impediri
2484 2940 2592 2980 non
2626 2925 2824 2980 debent
2853 2942 2867 2980 :
2899 2926 3117 2995 quando
3147 2940 3325 2980 veram
3370 2925 3471 2981 Ec-

1977 3040 1994 3072 ι
2030 3022 2250 3076 rlesiam
2297 3035 2450 3075 suam
2485 3021 2756 3090 propriam
2790 3021 3177 3075 existimarunt
3211 3024 3275 3074 ad
3315 3020 3471 3075 [idem

1981 3131 1997 3161 ι
2042 3114 2378 3175 accedentes,
2409 3122 2464 3167 et
2497 3113 2548 3165 in
2578 3112 2691 3179 ipsa
2723 3110 2945 3166 Christo
2978 3112 3266 3166 credentes
3292 3110 3474 3164 Trini-

1976 3222 1993 3252 ι
2032 3204 2155 3257 tatis
2184 3212 2522 3257 sacramenta
2568 3211 2943 3270 susceperunt.
2967 3201 3095 3267 Qua.-
3120 3202 3334 3271 quidem
3356 3218 3472 3255 om-

1986 3314 2002 3344 ι
2043 3296 2131 3347 nia
2159 3308 2284 3349 vera
2315 3302 2369 3347 et
2403 3304 2594 3347 sancta
2622 3300 2675 3346 et
2701 3293 2880 3346 divina
2908 3307 3027 3347 esse
3057 3292 3260 3347 clarum
3287 3302 3391 3359 est,
3416 3306 3470 3347 et

1994 3404 2011 3435 ι
2059 3386 2110 3438 in
2163 3385 2229 3437 iis
2269 3398 2485 3437 omnem
2536 3398 2687 3452 spem
2728 3382 2919 3437 anima:
2957 3398 3078 3439 esse
3124 3385 3305 3439 sitam.
3343 3384 3469 3438 Etsi

1978 3494 1995 3525 ι
2036 3478 2269 3530 maxime
2297 3491 2427 3547 ergo
2458 3478 2621 3530 etiam
2647 3476 3021 3531 haereticorum
3044 3478 3356 3544 pracedens
3380 3492 3470 3529 au-

1978 3586 1995 3618 (
2034 3567 2185 3623 dacia
2218 3567 2284 3621 ad
2313 3569 2558 3636 quaedam
2590 3569 2865 3622 contraria
2904 3571 3002 3623 sub
3033 3570 3251 3623 nomine
3278 3570 3473 3624 verita-

1976 3678 1993 3709 ‹
2038 3660 2106 3713 tis
2150 3658 2407 3713 tradenda
2457 3666 2705 3727 prompta
2756 3659 2863 3722 sit;
2924 3673 2987 3711 ea
3036 3659 3293 3725 quoniam
3348 3672 3473 3713 sunt

1977 3770 1995 3801 ι
2034 3750 2321 3819 simplicia,
2359 3758 2418 3803 ut
2456 3750 2619 3804 docet
2657 3760 2878 3803 sanctus
2923 3750 3213 3819 Apostolus
3242 3752 3470 3805 dicens:

1978 3862 1993 3892 ι
2034 3841 2187 3897 Unus
2222 3839 2384 3905 Deus,
2431 3855 2538 3895 una
2589 3838 2740 3907 ﬁdes,
2782 3856 2945 3895 unum
2984 3842 3251 3912 baptisma
3288 3860 3302 3908 ;
3360 3862 3378 3894 ι
3420 3856 3475 3896 et

1979 3954 1996 3987 ι
2030 3934 2173 4004 quod
2204 3933 2363 3987 debet
2392 3932 2555 3989 semel
2587 3934 2722 3996 dari,
2752 3948 2859 3988 non
2898 3934 3025 3988 licet
3061 3944 3249 3988 rursus
3272 3936 3470 4003 recipi;

1977 4044 1993 4075 ι
2037 4023 2492 4077 anathematizato
2531 4024 2734 4077 erroris
2766 4020 3003 4089 nomino,
3037 4039 3133 4092 per
3157 4040 3345 4101 manus
3372 4029 3474 4077 im-

1981 4136 1997 4166 i
2031 4115 2356 4186 positionem
2382 4119 2432 4169 in
2464 4130 2622 4169 unam
2656 4114 2798 4168 illam
2834 4114 3127 4171 Ecclesiam
3164 4118 3471 4184 suscipian-

1976 4228 1993 4258 ‹
2030 4220 2294 4277 tur,qu:e,
2342 4208 2622 4261 utdictum
2650 4217 2756 4270 est,
2788 4205 3035 4267 columba
3072 4219 3123 4262 et
3148 4209 3259 4262 sola
3307 4220 3474 4261 muter

1978 4320 1993 4351 ι
2036 4301 2490 4361 Christianorum,
2525 4302 2719 4378 inqua.
2742 4300 2921 4351 omnia
2966 4309 3307 4353 sacramenta
3333 4302 3475 4352 salu-

1982 4410 1997 4441 ι
2034 4392 2221 4443 tariter
2250 4401 2451 4443 interna
2473 4399 2527 4441 et
2556 4389 2766 4441 vivitica
2797 4388 3171 4457 accipiuntur,
3213 4404 3330 4457 qua:
3354 4391 3473 4454 qui-

1978 4502 1995 4532 ι
2040 4484 2160 4535 dem
2189 4482 2276 4543 iis,
2308 4481 2401 4549 qui
2445 4480 2737 4534 manentin
2786 4481 3002 4547 liaaresi,
3031 4496 3276 4549 magnam
3326 4496 3433 4549 pra:
3457 4510 3473 4521 -

1979 4592 1994 4623 ι
2033 4575 2162 4626 bent
2235 4572 2699 4626 coudemnationis
2752 4586 3005 4640 pinnam,
3060 4580 3118 4625 ut
3159 4572 3298 4640 quod
3356 4581 3473 4622 erat

1975 4683 1993 4715 ε
2036 4665 2168 4732 ipsis
2206 4664 2258 4717 in
2308 4664 2532 4717 veritate
2578 4663 2640 4716 ad
2669 4665 2829 4716 vitam
2868 4673 3125 4717 aeternam
3162 4663 3358 4716 clarius
3385 4678 3473 4717 se-

1974 4776 1990 4806 ι
2035 4757 2331 4825 quendum,
2362 4756 2463 4809 hoc
2499 4758 2568 4808 sit
2590 4758 2669 4809 eis
2704 4758 2753 4807 in
2787 4771 2974 4809 errore
3002 4756 3393 4809 teuebricosius
3422 4766 3477 4808 et

1978 4865 1993 4896 ι
2036 4846 2206 4913 magis
2241 4846 2679 4898 condemnatum.
2710 4844 2839 4908 Qua:
2870 4845 3086 4913 quidem
3131 4845 3365 4897 nonnulli
3402 4860 3476 4898 Vl-

1985 4958 2001 4987 ‹
2050 4945 2252 5001 larunt,
2276 4946 2331 4990 et
2359 4932 2612 4991 Ecclesia:
2635 4937 2915 4990 catholicae
2945 4938 3134 4991 matris
3161 4940 3341 5007 agnita
3386 4952 3478 4988 ve-

1982 5048 1998 5077 (
2040 5029 2217 5092 ritate,
2256 5029 2435 5081 omnia
2486 5027 2575 5080 illa
2621 5036 2803 5080 sancta
2864 5029 3120 5097 mysteria
3173 5044 3199 5080 a
3254 5028 3477 5081 veritate

1981 5138 1997 5169 i
2036 5116 2198 5175 illecti
2243 5120 2591 5174 crediderunt
2631 5128 2685 5172 et
2730 5130 3110 5189 susceperunt.
3165 5120 3234 5174 lis
3271 5123 3479 5187 quando

1983 5230 1999 5260 ε
2055 5212 2207 5267 bona:
2255 5214 2377 5266 vita:
2416 5212 2661 5281 probatio
2710 5211 3023 5273 accesserit,
3068 5226 3174 5264 nou
3222 5212 3378 5264 dubie
3427 5220 3478 5262 et

1985 5321 2000 5352 ι
2046 5304 2254 5374 integre
2297 5306 2361 5358 ad
2388 5310 2849 5359 sacramentorum
2886 5304 3239 5356 ministerium
3294 5302 3481 5355 mulir-

1983 5414 1999 5444 ι
2034 5403 2358 5449 mabuutur:
2383 5408 2436 5449 et
2468 5395 2773 5449 maximein
2803 5404 2949 5447 tanta
2975 5410 3151 5447 rerum
3187 5392 3482 5447 necessita—

1985 5505 2001 5536 ι
2052 5498 2101 5540 te
2129 5502 2285 5541 nemo
2309 5498 2387 5542 est
2417 5488 2506 5557 qui
2540 5488 2641 5541 hoc
2670 5503 2775 5540 non
2803 5488 3083 5540 concedat.
3117 5484 3277 5557 595
3306 5484 3361 5539 Si
3392 5488 3479 5551 qui

1988 5597 2003 5628 ι
2048 5591 2223 5634 autem
2253 5580 2409 5649 hujus
2454 5580 2719 5650 dogmatis
2752 5579 2931 5633 clerici
2971 5592 3092 5633 cuin
3144 5576 3483 5630 multitudiiie
