4212 6440
686 281 791 343 239

1939 280 2217 341 ἸἩΕΟῙ).
2255 278 2656 341 BALSAMON

3801 285 3920 348 2i0

760 411 779 443 r
808 398 863 447 et
887 391 1088 458 eisdem
1120 390 1416 445 honoribus
1457 392 1523 445 ad
1552 404 1650 445 nos
1690 392 1876 446 venire
1914 392 2246 459 desiderant,
2274 408 2323 464 Α

2274 408 2323 464 Α
2431 413 2449 445 r
2486 394 2769 459 τοιούτοις,
2812 392 2936 447 ὅταν
2957 394 3153 465 δοκιμὴ
3174 397 3411 467 χρηστοῦ
3449 396 3566 466 βίου
3597 397 3912 467 προσέλθοι,

761 506 777 537 ι
819 486 907 553 qui
936 484 1149 554 quidem
1191 493 1407 550 propter
1434 482 1654 537 honoris
1698 497 1934 537 amorem
1972 485 2037 538 ad
2077 486 2242 539 vitam

760 595 777 627 ι
807 576 1055 639 suadent,
1100 584 1154 628 et
1202 576 1269 626 ad
1317 572 1545 627 salutem
1594 573 1830 627 retinent
1869 576 2013 629 :boc
2058 576 2245 644 utique

758 690 776 721 ι
835 667 1036 736 majore
1093 667 1471 736 Praedictorum
1524 663 1748 719 fratrum
1796 666 2120 720 sententiam
2167 664 2245 720 fe-

760 780 777 811 r
829 760 1060 814 rentium
1113 755 1468 822 intelligentia
1513 753 2078 823 comprehendendum
2123 770 2247 811 esse

760 869 776 900 ι
814 849 1087 911 existimo,
1143 858 1199 900 ut
1246 846 1572 915 sapientiore
1622 858 1721 897 suo
1769 843 1998 897 consilio
2045 850 2247 897 nostra

760 961 777 993 r
815 940 1087 994 relationis
1128 939 1390 992 rationem
1434 935 1771 999 discernant,
1803 943 1857 989 et
1898 948 1995 988 nos
2044 931 2242 987 conﬁr-

762 1049 781 1082 ε
816 1046 961 1085 mare
1003 1030 1288 1099 dignentur
1312 1027 1377 1081 ad
1413 1027 1464 1081 id
1486 1024 1628 1095 quod
1668 1040 1699 1079 a
1750 1025 1903 1078 nobis
1956 1022 2022 1078 de
2072 1036 2137 1077 ea
2189 1036 2248 1076 re

759 1141 778 1174 ι
816 1121 1155 1177 statuendum
1190 1126 1293 1174 est.
1340 1118 1525 1172 Solum
1561 1125 1738 1170 autem
1796 1117 1860 1170 de
1906 1116 1993 1179 iis,
2040 1115 2131 1184 qui
2189 1113 2246 1167 in

762 1232 779 1264 ι
813 1211 1035 1266 infantia
1067 1209 1323 1278 baptizati
1361 1215 1507 1270 sunt,
1562 1207 1695 1260 satis
1752 1206 2033 1269 habemus,
2079 1212 2161 1268 ut,
2198 1202 2247 1258 si

762 1322 779 1355 ι
817 1304 945 1371 ipsis
983 1302 1179 1369 placet,
1229 1298 1511 1354 sententia:
1539 1306 1738 1350 nostra:
1778 1295 2121 1350 consentiant
2181 1294 2248 1348 de

761 1414 778 1445 ι
818 1394 884 1449 iis
922 1390 1257 1447 ordinandis.
1282 1386 1474 1442 Omnia
1498 1402 1647 1457 ergo,
1682 1401 1800 1456 qua:
1828 1386 2075 1454 superius
2102 1383 2244 1452 apud

762 1506 780 1535 ε
821 1484 1190 1539 sanctissimos
1249 1476 1527 1549 episcopos
1584 1477 1933 1547 collegimus,
1999 1472 2247 1530 facienda

761 1595 780 1629 ι
816 1590 935 1630 esse
946 1587 1159 1641 mquum
1177 1580 1359 1627 censet
1384 1584 1489 1625 una
1514 1582 1723 1625 mecum
1746 1578 1921 1625 vestra
1944 1566 2244 1623 veneranda

762 1686 779 1719 r
818 1664 1144 1721 fraternitas.
1182 1681 1203 1715 ι

761 2320 953 2377 BALS.
979 2329 1031 2375 et
1074 2316 1323 2374 ZONAR.
1369 2315 1608 2372 Donatus
1637 2314 1858 2385 quidam
1905 2312 2120 2369 nomine
2145 2310 2247 2369 fuit

692 2425 875 2470 auctor
906 2412 1143 2473 haeresis,
1173 2410 1264 2478 qui
1293 2423 1395 2463 non
1436 2407 1569 2462 alias
1601 2407 1903 2461 divinorum
1936 2418 2059 2460 esse
2130 2419 2245 2473 my.

688 2502 973 2561 steriorum
1018 2500 1330 2572 participem
1373 2497 1621 2561 docebat,
1674 2495 1777 2549 nisi
1832 2509 1893 2549 os
1926 2496 1980 2548 in
2028 2507 2246 2547 manum

691 2608 876 2653 tenens
905 2596 1003 2647 hoc
1030 2592 1180 2662 prius
1209 2589 1507 2652 salutaret,
1559 2595 1611 2641 et
1666 2587 1746 2641 sic
1796 2584 2244 2640 communicaret.

689 2688 837 2742 Illius
888 2699 1017 2755 ergo
1047 2679 1295 2736 haeresim
1338 2687 1621 2746 sequentes
1676 2676 2091 2730 nominabantur
2142 2672 2248 2727 Do-

691 2757 917 2829 natistae.
952 2773 1024 2825 De
1058 2770 1125 2825 iis
1147 2783 1296 2839 ergo,
1330 2776 1389 2820 ut
1414 2768 1465 2820 in
1498 2779 1705 2821 canone
1729 2765 1797 2819 47
1852 2764 2014 2834 hujus
2061 2764 2249 2834 synodi

690 2862 890 2919 dictum
925 2870 1028 2924 est,
1058 2860 1230 2913 visum
1260 2865 1346 2911 est
1375 2856 1624 2910 Patrihus
1657 2857 1986 2923 interrogare
2009 2894 2025 2920 ,
2062 2868 2129 2907 an
2170 2855 2253 2909 iu-

695 2952 867 3008 l'antes
887 2965 1098 3013 eorum,
1126 2952 1217 3018 qui
1263 2947 1517 3015 baptizati
1560 2946 1775 3000 fuerant
1818 2960 1848 2998 a
1900 2945 2247 3013 parentibus,

694 3044 783 3111 qui
806 3051 958 3097 erant
986 3040 1084 3109 ipsi
1134 3038 1447 3101 Donatista,
1483 3036 1676 3090 deinde
1709 3049 1738 3088 a
1762 3034 2024 3089 catholiCa
2064 3035 2249 3089 Eccle-

2281 1754 2327 1810 B

2424 503 2441 536 ι
2474 483 2860 553 ἀναμφιϐόλως
2884 486 2976 537 καὶ
2994 485 3303 557 ὁλοκλήρως
3326 488 3460 558 πρὸς
3477 486 3778 557 ὑπουργίαν
3797 484 3919 539 τῶν

2426 593 2445 625 r
2483 574 2655 642 ἁγίων
2682 576 3200 645 προσκυρωθήσιται
3226 593 3241 609 ο
3286 579 3381 631 καὶ
3436 578 3674 649 μάλιστα
3732 581 3792 630 ὲν
3839 578 3915 645 τῇ

2424 684 2441 716 r
2481 664 2717 735 τοσαύτῃ
2737 664 2847 717 τῶν
2872 668 3211 735 πραγμάτων
3242 668 3459 739 ἀνάγκη
3486 669 3659 733 οὐδείς
3702 670 3857 723 ἔστιν
3884 667 3917 720 ό

2422 772 2439 803 ‹
2477 753 2555 825 μὴ
2581 754 2738 808 τοῦτο
2767 757 3131 827 παραχωρῶν.
3192 760 3253 812 El
3296 758 3354 812 δέ
3392 777 3538 824 τινες
3589 758 3686 814 τοῦ
3741 757 3911 812 αὑτοῦ

2422 862 2439 895 ι
2482 844 2746 914 δόγματος
2783 847 3039 917 κληρικοὶ
3072 849 3213 918 μετὰ
3234 849 3329 904 τοῦ
3363 850 3608 920 πλήθους
3658 853 3751 904 καὶ
3799 850 3907 903 τῶν

2425 952 2443 985 ι
2476 935 2654 1005 τιμῶν
2683 936 2861 991 αὐτῶν
2926 939 3064 1007 πρὸς
3104 940 3250 1009 ἡμᾶς
3312 940 3487 994 ἔλθεῖν
3558 941 3911 1009 ποθήσουσιν,

2424 1045 2442 1078 r
2482 1026 2675 1089 οῐτινες
2729 1027 2808 1097 τῷ
2866 1026 3030 1097 ἔρωτι
3076 1028 3179 1097 τῆς
3239 1034 3404 1100 τιμῆς
3480 1030 3916 1100 συμύουλεύουσι

2425 1135 2442 1167 ι
2477 1118 2612 1187 πρὸς
2638 1105 2784 1186 ζωὴν
2813 1118 2908 1171 καὶ
2942 1117 3235 1188 κατέχουσι
3271 1121 3403 1189 πρὸς
3443 1120 3744 1188 σωτηρίαν,
3777 1119 3916 1172 ἀλλὰ

2427 1226 2444 1258 ι
2482 1210 2638 1260 τοῦτο
2673 1208 3052 1277 καταληπτέον
3083 1210 3254 1279 κρίνω
3285 1212 3349 1281 τῇ
3400 1210 3609 1279 μείζονι
3647 1212 3917 1280 κατανοή-

2425 1316 2442 1348 r
2484 1315 2565 1350 σει
2590 1298 3066 1370 ψηφισθησόμενον
3094 1300 3200 1353 τῶν
3215 1302 3618 1372 προλεχθέντων
3639 1302 3916 1370 ἁδτλφῶν,

2423 1408 2440 1440 ι
2478 1390 2565 1443 ἴνα
2589 1391 2656 1458 τῇ
2685 1390 3028 1460 συνετωτερα
3057 1390 3236 1444 αὐτῶν
3285 1391 3449 1460 βουλῇ
3482 1392 3585 1461 τῆς
3634 1394 3915 1462 ἡμετέρας

2424 1496 2443 1530 ι
2478 1479 2862 1549 άναφορᾶςτδν
2891 1480 3049 1546 λόγον
3078 1481 3357 1550 διαγνῶσι,
3382 1483 3476 1536 καὶ
3508 1485 3655 1553 ἡμᾶς
3684 1480 3919 1552 βεϐαιῶ-

2425 1588 2442 1619 r
2483 1585 2572 1623 σαι
2607 1569 3040 1635 καταξιὼσωσιν,
3085 1574 3165 1634 είς
3194 1574 3255 1625 τὸ
3293 1573 3506 1641 όφείλον
3552 1574 3680 1644 περὶ
3723 1573 3919 1637 τούτου

2427 1677 2445 1709 ι
2479 1658 2571 1712 τοῦ
2599 1662 2923 1728 πράγματος
2950 1661 3078 1727 παρ’
3108 1660 3267 1731 ἡμῶν
3296 1661 3631 1729 τυπωθῆναι.
3659 1663 3832 1717 Μόνον
3859 1662 3919 1714 δὲ

2432 1768 2449 1800 ι
2484 1748 2613 1817 περὶ
2639 1747 2746 1800 τῶν
2769 1749 2826 1802 ὲν
2850 1749 3135 1819 νηπιότητι
3151 1750 3554 1818 βαπτισθέντων
3574 1751 3916 1822 ἀρκούμεθα,

2426 1860 2444 1891 r
2484 1840 2593 1905 ἵνα,
2625 1840 2671 1892 εί
2702 1840 2929 1909 ἀρέσκει
2954 1839 3162 1914 αὐτοῖς,
3192 1845 3258 1911 τῇ
3280 1844 3525 1913 ἡμετέρᾳ
3561 1842 3919 1915 συναινέσωσι

2424 1950 2442 1981 ι
2474 1930 2793 2001 προαιρέσει
2855 1932 2987 2001 περὶ
3041 1930 3136 1983 τοῦ
3191 1935 3614 2003 χειροτονεῖσθαι
3650 1932 3920 1994 τούτους.

2423 2042 2442 2075 ι
2481 2023 2667 2077 Πάντα
2691 2024 2896 2089 τοίνυν,
2949 2023 2986 2077 ἃ.
3016 2023 3277 2096 ἀνωτέρω
3330 2027 3714 2096 συνηγάγομεν
3763 2026 3919 2095 παρά

2422 2134 2441 2167 ι
2476 2117 2589 2178 τοϊς
2653 2115 2977 2185 ἁγιωτάτοις
3032 2117 3377 2182 ἐπισκόποις,
3444 2120 3694 2185 πρακτέα
3776 2113 3920 2170 εἶναι

2426 2228 2443 2257 ι
2476 2205 2675 2259 δικαιοῖ
2717 2208 2833 2277 ἃμα
2853 2206 2978 2276 ἐμοὶ
3020 2210 3051 2274 ί)
3076 2208 3291 2277 ἔντιμος
3329 2208 3480 2277 ὑμῶν
3529 2207 3846 2277 ἀδελφότης.
3890 2228 3912 2259 ι

2420 2294 2618 2350 ΒᾹΛΣ.
2667 2297 2761 2348 καὶ
2784 2297 3033 2354 ΖΩΝΑΡ.
3068 2298 3301 2362 Δονᾶτός
3352 2316 3439 2363 τις
3490 2299 3551 2352 τὸ
3597 2300 3769 2369 ὄνομα
3827 2300 3918 2351 ai-

2350 2386 2557 2458 ρέσεως
2587 2386 2809 2455 γέγονεν
2850 2390 3091 2457 ἀρχηγὸς
3125 2389 3200 2460 μὴ
3231 2390 3406 2454 ἄλλως
3433 2392 3542 2443 τῶν
3594 2392 3755 2444 θείων
3818 2409 3923 2463 μυ-

2351 2479 2589 2550 στηρίων
2641 2479 3083 2550 μεταλαμϐάνειν
3114 2482 3331 2546 διδάξας
3374 2485 3423 2536 ει
3454 2486 3531 2553 μὴ
3563 2484 3758 2539 ὀστοῦν
3788 2502 3935 2539 κατα,

2349 2571 2491 2641 ἔχων
2517 2574 2574 2626 ἑν
2597 2574 2662 2642 τῇ
2690 2573 2860 2643 χειρὶ,
2901 2572 3061 2626 τοῦτο
3111 2576 3374 2646 πρότερον
3438 2577 3757 2644 ἀσπάζοιτο,
3821 2580 3920 2630 καὶ

2360 2662 2503 2716 οὕτω
2559 2664 3020 2734 μεταλαμϐάνειν.
3073 2666 3136 2719 Οί
3192 2661 3287 2719 οὖν
3332 2668 3541 2719 ἐκείνου
3600 2669 3920 2739 αίρεσιῶται

2350 2757 2667 2811 Δονατισταὶ
2695 2757 3073 2825 ὀνομάζονται.
3107 2759 3241 2827 Περὶ
3292 2759 3503 2812 τούτων
3561 2755 3677 2823 οὖν,
3728 2759 3803 2821 ὡς
3856 2761 3919 2812 ἐν

2350 2848 2428 2919 τῷ
2451 2848 2538 2919 με’
2563 2850 2750 2903 κανόνι
2790 2849 2887 2918 τῆς
2925 2850 3143 2903 συνόδου
3194 2852 3398 2921 ταύτης
3466 2852 3704 2923 εἴρηται,
3769 2853 3920 2916 εδοξε

2356 2942 2468 3002 τοῖς
2498 2942 2783 3011 Πατράσιν
2810 2941 3105 3010 ἐρωτῆσαι,
3137 2944 3185 2994 εἰ
3216 2943 3286 2994 τὰ
3310 2945 3478 3013 νήπια
3521 2944 3699 2998 αὐτῶν
3724 2944 3921 3011 βαπτι·

2358 3030 2563 3098 ζόμενα
2596 3032 2749 3099 παρὰ
2792 3030 2899 3083 τῶν
2918 3023 3133 3099 γονέων
3165 3035 3366 3097 αὐτῶν,
3432 3034 3772 3088 Δονατιστῶν
3827 3035 3920 3088 δν·-

693 3134 771 3186 sia
806 3129 1037 3197 suscepti
1072 3134 1216 3190 sunt,
1251 3125 1315 3180 ad
1346 3123 1742 3179 ordinationem
1776 3138 1990 3193 quoque
2020 3124 2071 3177 in
2103 3123 2249 3178 clero
2282 3116 2327 3139 ν

2282 3116 2327 3139 ν
2356 3135 2484 3186 των,
2517 3116 2636 3172 εἶτα
2668 3121 3083 3190 προσερχόμενα
3122 3126 3185 3191 τῇ
3240 3123 3501 3191 καθολικῇ
3596 3122 3917 3195 Ἐκκλησία,

688 3210 1017 3293 suscipiendi
1046 3222 1157 3274 sint
1184 3257 1199 3283 ,
1234 3232 1301 3271 an
1333 3216 1481 3271 non?
1513 3214 1626 3269 Hoc
1650 3229 1779 3285 ergo
1823 3230 2011 3269 rursus
2040 3230 2249 3282 quoque
2350 3240 2351 3249 ι

2350 3212 2430 3293 δεῖ
2456 3211 2846 3281 προσδέχεσθαι
2878 3215 2969 3263 καὶ
2997 3217 3053 3265 ἑν
3085 3214 3267 3283 κλήρῳ
3298 3216 3535 3279 τάττειν,
3558 3216 3715 3286 ἢμής
3747 3218 3920 3271 Τοῦτ)

693 3312 980 3367 introducit
1012 3309 1276 3378 synodus,
1304 3318 1356 3361 et
1378 3306 1479 3361 fert
1508 3307 1833 3361 sententiam
1856 3343 1873 3369 ,
1906 3306 2050 3373 quod
2079 3320 2109 3360 a
2146 3304 2248 3359 Ι)οο

690 3402 910 3455 natiuis
982 3401 1035 3451 in
1086 3397 1311 3451 infantia
1363 3397 1657 3465 haptizati,
1714 3404 1771 3449 ut
1817 3396 1908 3464 qui
1965 3406 2090 3449 tunc
2143 3410 2247 3450 non

694 3489 966 3559 potuerint
998 3489 1197 3543 erroris
1227 3488 1520 3556 perniciem
1547 3499 1880 3554 agnoscere;
1934 3486 2144 3553 quando
2185 3484 2251 3538 ad

695 3592 902 3634 aetatem
932 3578 1176 3638 rationis.
1216 3579 1315 3631 hoc
1339 3585 1438 3631 est.
1476 3576 1774 3643 prudentia:
1825 3588 2072 3644 capacem
2127 3589 2250 3643 per-

693 3672 958 3733 venerint,
988 3677 1042 3721 ut
1074 3668 1283 3737 possint
1314 3666 1592 3721 veritatem
1624 3666 1925 3735 intelligere
1948 3677 1999 3720 et
2038 3665 2250 3719 illorum

697 3761 1088 3830 improbitatem
1117 3757 1293 3813 odisse
1331 3773 1345 3809 :
1375 3758 1417 3809 si
1446 3756 1514 3810 ad
1553 3756 1833 3811 ecclesiam
1881 3756 2206 3811 accesserint
2233 3784 2249 3821 ,

697 3853 731 3907 ii
758 3866 849 3921 per
894 3846 1592 3917 manuum-impositionem
1645 3845 2009 3915 suscipiantur
2066 3847 2253 3901 ordine

696 3943 924 4011 quodam
951 3950 1005 3994 ct
1037 3954 1102 3993 ex
1129 3936 1300 3991 forma
1330 3943 1587 4003 antiqua;
1638 3944 1692 3990 et
1744 3950 1847 3988 non
1895 3936 2254 4003 impediantur

697 4030 981 4100 quominus
1016 4028 1069 4082 in
1102 4028 1305 4101 clerum
1337 4026 1711 4089 admittantur,
1742 4025 1955 4080 Christo
1979 4041 2110 4095 pure
2138 4041 2254 4081 cre-

695 4124 900 4183 dentes,
924 4127 976 4172 et
1004 4126 1202 4171 sancta
1236 4116 1521 4170 Trinitatis
1573 4122 1908 4172 sacramenta
1962 4130 2057 4170 seu
2113 4117 2252 4171 dona

697 4210 874 4264 divina
909 4208 1284 4276 suscipientes,
1318 4220 1437 4274 quas
1490 4215 1619 4260 sunt
1681 4220 1878 4274 corpus
1934 4214 1988 4259 et
2034 4208 2254 4275 sanguis

696 4302 857 4354 unius
880 4310 1077 4353 sanctae
1107 4295 1409 4358 Trinitatis,
1444 4304 1497 4349 et
1525 4308 1651 4349 vera
1693 4306 1745 4348 et
1790 4305 1975 4349 sancta
2032 4296 2189 4350 nobis
2222 4310 2252 4348 a

699 4392 982 4447 Servatore
1019 4388 1236 4453 tradita,
1260 4385 1351 4455 qui
1373 4386 1537 4439 etiam
1600 4400 1629 4438 a
1678 4383 1837 4439 Patre
1890 4387 1957 4438 ad
2013 4396 2253 4439 nostram

696 4482 919 4537 salutem
985 4480 1183 4532 missus
1228 4485 1347 4537 est,
1402 4472 1737 4528 sanctiﬁcata
1792 4485 1968 4528 autem
2022 4477 2253 4530 adventu

697 4572 865 4625 sancti
900 4567 1154 4636 Spiritus.
1193 4564 1284 4619 Sic
1314 4564 1459 4618 enim
1503 4572 1796 4618 censentur
1842 4561 2119 4629 Trinitatis
2170 4580 2255 4619 sa-

696 4668 985 4713 cramenta.
1023 4655 1245 4724 Quando
1273 4670 1401 4727 ergo
1424 4695 1438 4721 ,
1475 4655 1756 4724 inquiunt,
1802 4656 2169 4722 crediderint,
2201 4667 2253 4712 et

692 4759 1023 4805 sacramenta
1056 4749 1400 4817 susceperint
1442 4786 1458 4810 ,
1492 4748 1537 4800 si
1596 4748 1708 4801 vita
1759 4763 1971 4817 quoque
2018 4750 2251 4817 ipsorum

691 4840 993 4893 examinata
1020 4838 1158 4892 bona
1196 4836 1413 4891 inventa
1446 4836 1631 4901 fuerit,
1660 4839 1841 4893 clerici
1888 4840 2048 4894 etiam
2103 4841 2249 4894 ﬁent.

696 4931 767 4983 De
793 4930 891 4982 hac
921 4942 1049 4997 ergo
1083 4926 1368 4981 infantium
1405 4942 1566 4982 causa
1592 4936 1646 4981 et
1679 4943 1709 4981 a
1754 4942 1888 4996 papa
1918 4939 2019 4983 eta
2051 4930 2251 4985 Medio-

692 5011 990 5072 lanensium
1024 5018 1275 5084 episcopo
1301 5017 1642 5085 petiverunt,
1670 5033 1736 5071 an
1770 5018 1849 5073 eis
1882 5020 1957 5073 ita
1985 5020 2246 5075 videatur.

691 5108 744 5163 Si
774 5108 1098 5176 qui_autcm,
1128 5108 1399 5176 inquiunt,
1432 5108 1834 5165 Donatistarum
1886 5112 2089 5176 clerici,
2125 5129 2247 5166 cum

688 5198 878 5267 pupula
909 5197 996 5266 qui
1024 5207 1109 5251 est
1134 5198 1271 5269 apud
1302 5199 1446 5267 ipsos
1467 5239 1483 5265 ,
1508 5211 1563 5255 et
1594 5201 1786 5256 iisdem
1834 5203 2128 5257 honoribus
2154 5217 2244 5257 seu

688 5289 958 5354 gradibus,
1020 5288 1184 5343 velint
1235 5291 1302 5341 ad
1357 5290 1515 5343 lldem
1554 5290 1912 5346 orthodoxam
1944 5294 2244 5358 accedere;

684 5378 774 5446 qui
808 5380 1020 5445 quidem
1048 5380 1227 5435 clerici
1264 5380 1505 5435 volentes
1542 5382 1705 5436 etiam
1744 5385 1882 5452 apud
1912 5384 2246 5439 ortliodoxos

682 5472 734 5525 in
771 5485 867 5525 suo
899 5471 1100 5528 honore
1126 5487 1466 5542 permanere,
1492 5474 1777 5529 consulunt
1808 5477 2019 5544 populo,
2043 5478 2133 5546 qui
2169 5478 2245 5531 eis

682 5564 883 5626 subest,
918 5577 979 5617 ea
1015 5579 1134 5631 qua
1190 5565 1255 5617 ad
1316 5566 1480 5618 vitam
1530 5573 1585 5618 et
1645 5566 1867 5621 salutem
1916 5569 2239 5635 pertinent:

680 5652 809 5722 quid
843 5653 921 5708 eis
955 5652 1255 5709 faciendum
1281 5666 1360 5711 est
1385 5656 1407 5710 ί
1437 5654 1542 5711 Sed
1571 5656 1700 5725 hoc,
1736 5659 2004 5728 inquiunt,
2032 5674 2060 5712 a
2088 5660 2243 5715 dictis

2350 3292 2442 3349 οὖν
2476 3300 2568 3350 καὶ
2605 3298 2825 3368 πάλινή
2859 3299 3080 3362 σύνοδος
3116 3302 3347 3369 είσάγει,
3401 3311 3495 3356 καὶ
3545 3305 3729 3359 δίδωσι
3776 3306 3921 3372 γνὼο

2354 3404 2483 3458 μην,
2520 3388 2659 3441 ὥστε
2682 3390 2805 3452 τοὺς
2838 3390 2987 3460 παρὰ
3017 3395 3132 3454 τοῖς
3204 3394 3551 3469 Δονατισταὶς
3618 3397 3676 3449 ἐν
3727 3397 3923 3464 νηπιό-

2352 3495 2477 3547 τητι
2511 3479 2975 3547 βαπτιζομένους,
3013 3482 3087 3542 ὡς
3136 3484 3211 3551 μὴ
3245 3483 3508 3537 δύνασθαι
3563 3487 3683 3539 τότε
3760 3491 3925 3551 γινώ-

2354 3584 2507 3621 σκειν
2542 3570 2639 3638 τῆς
2705 3570 2911 3639 πλάνης
2970 3572 3061 3623 τὸν
3136 3571 3379 3643 ὄλεθρον,
3436 3575 3523 3627 ὅτε
3574 3577 3652 3635 εἰς
3703 3578 3921 3646 ἡλικῖαν

2351 3659 2547 3712 ἔλθωσι
2605 3662 2856 3731 δεκτικὴν
2919 3662 3209 3732 λογισμοῦ,
3241 3665 3504 3728 ,τουτέστι
3580 3669 3919 3736 φρονήσεως,

2352 3748 2493 3802 ὥστε
2559 3750 2821 3804 δύνασθαι
2852 3751 3045 3819 νοῆσαι
3077 3754 3175 3822 τὴν
3205 3754 3486 3823 ἀλήθειαν,
3540 3759 3633 3808 καὶ
3692 3761 3924 3827 μισῆσαι

2353 3841 2452 3910 τὴν
2482 3840 2712 3896 ὲκείνων
2738 3843 3055 3910 φαυλότητα
3075 3859 3089 3873 ο
3119 3844 3216 3897 ἐὰν
3247 3848 3312 3914 τῇ
3359 3845 3663 3916 Ἐκκλησία
3692 3849 3925 3918 προσέλ-

2356 3932 2548 3997 θωσιν,
2585 3933 2941 4002 ἀναδέχεσθαι
2971 3934 3198 3997 τούτους
3223 3936 3314 3988 διὰ
3346 3936 3437 4006 εῆς
3494 3938 3789 4002 ἐπιθέσεως
3812 3942 3924 3994 τῶν

2354 4024 2555 4093 χειρῶν
2584 4026 2727 4078 κατά
2774 4042 2897 4078 τινα
2933 4025 3085 4091 τάξιν
3136 4030 3231 4078 καὶ
3279 4027 3453 4080 τύπον
3511 4032 3761 4099 ἀρχαῖον,
3827 4034 3925 4086 καὶ

2359 4116 2433 4185 μὴ
2466 4114 2859 4185 ἐμποδίζεσθαι
2887 4119 2969 4179 εἰς
3008 4118 3067 4169 τὸ
3121 4116 3471 4186 κληρωθῆναι
3523 4121 3922 4187 πιστεύσαντας

2356 4205 2615 4281 καθαρῶς
2644 4206 2721 4274 τῷ
2751 4206 2993 4275 Χριστῷ,
3028 4208 3119 4260 καὶ
3146 4208 3582 4277 ὑποδεξαμένους
3630 4212 3728 4281 τῆς
3757 4214 3925 4280 ἁγίας

2357 4294 2585 4364 Τριάδος
2626 4297 2692 4347 τὰ
2761 4297 3103 4366 άγιάσματα,
3160 4299 3277 4366 ἦτοι
3329 4302 3399 4353 τά
3455 4301 3605 4371 δῶρα
3666 4305 3735 4355 τὰ
3778 4306 3922 4369 θεῖα,

2289 4422 2331 4476 D
2362 4384 2525 4437 ἅτινα
2558 4386 2618 4436 τὸ
2644 4385 2803 4454 σῶμα
2839 4389 2931 4439 καὶ
2962 4381 3101 4456 αἷμά
3133 4388 3240 4439 εισι
3286 4388 3379 4441 τοῦ
3426 4391 3545 4455 ἑνὸς
3602 4393 3702 4463 τῆς
3758 4397 3921 4461 ἁγίας

2362 4476 2609 4545 Τριάδος,
2675 4478 2768 4529 καὶ
2839 4477 3015 4547 ἀληθῆ
3111 4479 3206 4531 καὶ
3282 4481 3416 4548 άγιά
3488 4484 3596 4537 εισι
3679 4490 3923 4555 παραδοο

2357 4565 2516 4619 θέντα
2592 4569 2721 4635 ἡμῖν
2777 4568 2929 4636 παρὰ
3005 4569 3102 4620 τοῦ
3160 4570 3433 4641 Σωτῆρος,
3484 4573 3542 4637 ὃς
3599 4577 3691 4629 καὶ
3770 4581 3925 4648 παρὰ

2353 4659 2445 4709 τοῦ
2480 4658 2690 4727 Πατρὸς
2717 4658 2998 4727 ἀπεστάλη
3030 4662 3111 4721 εἰς
3144 4665 3421 4729 σωτηρίαν
3482 4665 3660 4734 ήμῶν,
3697 4668 3926 4735 ἁγιαζὸ-

2358 4765 2491 4817 μενα
2511 4750 2568 4801 δὲ
2588 4750 2654 4819 τῇ
2690 4751 3034 4820 ιπιφοιτήσει
3084 4750 3176 4803 τοῦ
3211 4753 3372 4820 ἁγίου
3401 4755 3737 4826 Πνεύματος.
3767 4761 3927 4814 Οὕτω

2354 4840 2463 4909 γὰρ
2485 4840 2587 4910 τῆς
2628 4841 2669 4892 Τ
2678 4840 2855 4910 ριάδος
2879 4839 3191 4908 λογίζονται
3219 4844 3561 4915 άγιάσματα.
3595 4848 3768 4902 ὀταν
3804 4851 3921 4917 οἷον⁹

2355 4930 2507 4995 φασὶ,
2540 4930 2874 4982 πιστεύσωσί
2912 4931 3007 4982 καὶ
3037 4931 3105 4983 τά
3138 4932 3269 4999 ἅγια
3300 4933 3581 4997 δέξωνται,
3624 4938 3721 4989 ἑὰν
3770 4944 3865 4992 καὶ
3896 4946 3925 4994 ὁ

2354 5020 2467 5089 βίος
2498 5019 2679 5072 αὐτῶν
2708 5020 3062 5088 δοκιμασθεὶς
3101 5025 3339 5093 χρηστὸς
3369 5025 3589 5095 εὑρεθῇ,
3621 5031 3716 5081 καὶ
3773 5032 3909 5100 κλη-

2353 5111 2713 5181 ρωθήσονται.
2750 5114 2883 5181 Περὶ
2919 5113 3124 5182 ταύτης
3161 5111 3255 5168 οὖν
3316 5117 3629 5181 ὑποθέσεως
3676 5122 3787 5174 τῶν
3826 5141 3924 5191 νη-

2350 5202 2489 5255 πίων
2524 5202 2796 5272 ἐζήτησαν
2829 5205 2920 5255 καὶ
2940 5204 3092 5272 παρὰ
3124 5204 3219 5257 τοῦ
3250 5208 3454 5261 πάππα
3482 5210 3576 5262 καὶ
3622 5213 3774 5280 παρὰ
3823 5214 3923 5265 τοῦ

2352 5293 2695 5346 Μεδιολάνων
2724 5294 2939 5362 μαθεῖν,
2972 5299 3020 5347 εί
3045 5294 3369 5366 ἀρέσκονται
3396 5301 3464 5369 τῇ
3487 5299 3688 5373 γνώμῃ
3716 5303 3918 5357 αὐτῶν.

2352 5385 2414 5437 El
2439 5384 2495 5436 δέ
2526 5400 2697 5448 τινες,
2730 5386 2884 5453 φασὶ,
2933 5386 3188 5455 κληρικοὶ
3220 5387 3330 5440 τῶν
3392 5390 3752 5457 Δονατιστῶν,
3779 5396 3922 5463 μστὰ

2345 5477 2437 5529 τοῦ
2473 5477 2604 5547 παρ’
2636 5482 2821 5540 αὐτοῖς
2852 5480 2982 5533 λαοῦ
3016 5484 3111 5534 καὶ
3150 5482 3259 5536 τῶν
3288 5483 3467 5550 τιμῶν
3512 5485 3713 5551 αὑτῶν,
3747 5488 3919 5555 ἦγουν

2344 5569 2450 5621 τῶν
2481 5570 2708 5639 βαθμῶν
2731 5570 2930 5636 αὐτῶν,
2976 5572 3260 5641 θελήσουσι
3314 5576 3593 5643 μετελθεῖν
3645 5580 3783 5640 προς
3818 5579 3923 5647 την

2344 5660 2620 5730 ὀροόδοξον
2649 5662 2847 5729 πίστιν,
2919 5662 3114 5726 οἵτινες
3182 5666 3433 5737 κληρικοὶ
3513 5666 3761 5733 θίλοντες
3830 5670 3927 5721 καὶ
