4212 6440
736 353 843 419 ειθ

1979 364 2182 424 ΤΗΕο
2192 364 2254 423 D.
2289 363 2687 427 BALSAMON

3841 373 3953 439 2H

738 468 967 525 ARIST.
1003 487 1022 522 ι
1056 468 1321 525 ldolorum
1357 471 1592 541 reliquiae
1640 473 1847 541 penitus
1894 475 2225 531 aboleantur.
2262 494 2281 527 ι
2316 500 2359 555 Α
2388 490 2401 528 Α

2316 500 2359 555 Α
2388 477 2607 533 ΑΡΙΣΤ.
2667 496 2686 529 ι
2720 477 2801 531 Τά
2840 480 3330 554 ἐγκαταλείμματα
3352 484 3462 541 τῶν
3488 484 3723 542 είδώλων
3763 487 3946 544 τέλεον

804 658 1007 714 Pietate
1036 663 1372 730 pravalente,
1400 680 1428 718 e
1462 664 1823 719 fundamentis
1839 666 1950 720 suis
1967 666 2286 722 eradicanda

735 755 857 800 sunt
890 747 1151 803 idolorum
1183 750 1328 815 fana,
1354 761 1406 806 et
1440 754 1595 808 nulla
1639 757 1859 808 omnino
1909 755 2108 812 erroris
2161 758 2291 812 isto-

734 852 852 890 rum
886 838 1130 907 reliquit
1154 852 1560 898 conserventur.

1286 932 1370 986 CA
1381 932 1512 986 NON
1555 933 1711 991 LXII.

740 1038 757 1069 ε
799 1018 864 1073 Ut
889 1023 1069 1077 clerici
1096 1038 1193 1091 pro
1221 1024 1439 1093 proprio
1468 1027 1704 1093 ipsorum
1731 1027 1932 1093 judicio
1957 1043 2063 1081 non
2091 1042 2288 1098 cogan-

802 1128 819 1158 ε
858 1120 944 1163 tur
975 1111 1183 1179 publice
1222 1113 1587 1167 testimonium
1634 1115 1833 1170 dicere.
1881 1114 2145 1170 Praeterea
2194 1132 2289 1185 pe.

810 1216 827 1247 ε
870 1200 1082 1253 tendum
1118 1209 1219 1263 est,
1256 1210 1313 1254 ut
1356 1211 1597 1256 statuere
1646 1203 1971 1270 dignentur.
2010 1215 2066 1257 ut
2113 1206 2156 1259 si
2197 1206 2288 1273 qui

807 1308 824 1338 ε
868 1290 919 1342 in
952 1288 1191 1345 Ecclesia
1223 1293 1467 1359 quamvis
1499 1307 1716 1349 causam
1743 1335 1756 1353 ,
1788 1292 1910 1358 jure
1958 1297 2249 1363 apostolico
2272 1336 2285 1360 ,

813 1401 828 1429 ε
865 1381 1005 1448 quod
1038 1381 1090 1434 iu
1124 1381 1366 1438 ecclesiis
1397 1383 1557 1435 situm
1599 1393 1701 1447 est,
1738 1386 1941 1453 agitare
1980 1384 2245 1437 vulnerint
2269 1421 2286 1445 ,

806 1489 823 1519 ε
854 1483 907 1523 et
936 1471 1249 1525 clericorum
1307 1472 1509 1527 decisio
1534 1472 1623 1525 uni
1650 1472 1785 1528 lorte
1831 1476 1968 1542 parti
2000 1474 2288 1543 displicue-

802 1578 819 1610 ι
859 1561 949 1622 rit,
978 1575 1081 1614 non
1110 1560 1272 1615 licere
1303 1560 1354 1613 in
1376 1560 1636 1626 judicium
1692 1562 1758 1614 ad
1813 1564 2173 1616 testimonium
2203 1563 2252 1617 di
2272 1592 2285 1603 -

804 1667 821 1698 ε
863 1649 1086 1703 cendum
1120 1663 1318 1703 vocare
1346 1650 1604 1703 clericum
1648 1649 1795 1703 illum
1822 1689 1835 1712 ,
1864 1651 1955 1717 qui
1988 1651 2135 1717 prius
2173 1667 2283 1706 rem

800 1757 819 1789 ε
859 1740 1023 1806 ipsam
1051 1739 1371 1792 examinavit
1396 1780 1410 1803 ,
1452 1739 1531 1792 vel
1560 1740 1938 1794 examinationi
1984 1740 2232 1795 interfuit
2268 1758 2281 1792 :

2882 590 2901 623 ι
2935 572 3401 640 ἀφανιζέσθωσαν.
3434 595 3453 629 ε

2472 658 2583 728 ἰ’ἧς
2613 659 2895 724 εὐσεϐείας
2922 661 3344 735 ἐπικρατούσης,
3372 667 3437 720 ἐκ
3475 667 3742 738 θεμελίων
3764 668 3947 721 αὐτῶν

2390 751 2712 821 ἐκριζωτέον
2750 753 2818 806 τά
2849 755 2956 808 τῶν
2992 756 3225 811 εἰδώλων
3248 757 3452 830 τεμένη
3479 774 3496 790 ⁶
3528 759 3623 814 καὶ
3678 761 3848 831 μηδέν
3891 778 3947 813 τι

2388 843 2487 911 τῆς
2511 841 2717 913 πλάνης
2741 843 2919 898 αὐτῶν
2945 845 3358 915 ἐγκατάλειμμα
3390 848 3800 917 περισωζέσθω.

2954 934 3191 989 ΚΑΝΩΝ
3232 934 3350 991 EB’.

2396 1042 2413 1073 ε
2455 1022 2587 1094 Περὶ
2618 1022 2712 1076 τοῦ
2755 1025 2883 1087 τοὺς
2935 1024 3231 1095 κληρικοὺς
3255 1028 3417 1097 χάριν
3454 1027 3795 1093 διαγνώσεως
3845 1032 3945 1101 τῆς

2467 1130 2484 1161 ι
2520 1113 2721 1176 οίκείας
2751 1114 2930 1167 αὐτῶν
2960 1114 3194 1183 κρίσεως
3220 1116 3296 1185 μὴ
3346 1116 3750 1184 ἀναγκάζεσθαι
3778 1118 3946 1188 δημο-

2466 1220 2483 1252 ι
2525 1203 2653 1265 σίως
2694 1205 3015 1272 μαρτυρεῖν.
3047 1206 3142 1257 As!
3167 1208 3388 1276 αίτῆσαι
3417 1206 3498 1261 ἐτι
3525 1207 3654 1277 μὴν,
3691 1208 3777 1261 ῐνα
3829 1210 3945 1279 δρί-

2467 1312 2483 1342 ι
2526 1310 2613 1345 σαι
2631 1294 3059 1360 καταξιώσωσιν,
3087 1294 3248 1360 ὥστε,
3276 1299 3372 1351 ἐάν
3398 1314 3540 1359 τινες
3568 1299 3627 1351 ἐν
3643 1289 3944 1369 Ἐκκλησία

2466 1400 2484 1432 s
2522 1384 2841 1451 οίανδήποτε
2870 1385 3046 1441 αίτίαν
3078 1387 3420 1457 ἀποστολικῷ
3470 1389 3683 1458 δικαίῳ.
3714 1387 3792 1457 τῷ
3824 1390 3945 1451 ταῖς

2466 1491 2483 1522 ι
2523 1472 2840 1542 ἐκκλησίαις
2894 1476 3244 1546 ἐπικειμένῳ,
3312 1476 3589 1547 γυμνάσαι
3651 1476 3945 1546 θελήσωσι⁹

2466 1583 2482 1613 ι
2524 1563 2617 1616 καὶ
2658 1564 2787 1626 ίσως
2815 1566 2848 1634 ἡ
2872 1566 3011 1637 τομὴ
3038 1568 3146 1621 τῶν
3182 1566 3459 1637 κληρικῶν
3516 1566 3597 1633 τῷ
3649 1566 3728 1619 ἐνὶ
3784 1569 3943 1636 μέρει

2466 1675 2483 1705 ε
2524 1656 2814 1725 ἀπαρέσοι,
2876 1658 2948 1726 μὴ
3010 1657 3209 1723 ἐξεῖναι
3258 1658 3394 1727 πρὸς
3461 1658 3809 1728 δικαστήριον
3860 1658 3942 1720 είς

2467 1764 2484 1795 ε
2534 1747 2841 1815 μαρτυρίαν
2866 1747 3288 1817 προσκαλεῖσθαι
3315 1748 3409 1803 τδν
3436 1748 3693 1819 κληρικδν
3713 1749 3937 1811 ἐκεῖνον.

798 1844 817 1876 ε
859 1836 919 1880 ιιι
948 1840 1043 1879 nec
1068 1831 1187 1894 quls
1203 1827 1267 1880 ad
1296 1842 1574 1894 personam
1602 1828 2018 1896 ecclesiasticam
2046 1831 2278 1886 attinens
2318 1859 2355 1912 Β
2455 1858 2461 1882 ‹

2275 1866 2278 1879 ι
2318 1859 2355 1912 Β
2455 1853 2475 1884 ‹
2513 1834 2603 1886 τὸν
2634 1835 2895 1904 πρότερον
2921 1836 2983 1889 τὸ
3026 1835 3158 1889 αὐτὸ
3218 1836 3451 1906 πρᾶγμα
3502 1838 3853 1906 σκοπήσαντα
3907 1835 3938 1904 ἢ

800 1934 819 1968 ι
863 1917 914 1971 in
936 1916 1024 1988 jus
1062 1927 1295 1973 vocetur.
1332 1928 1389 1972 ut
1432 1917 1566 1971 ierat
1598 1919 1981 1976 testimonium.
2014 1940 2031 1971 ι

798 2201 989 2264 BALS,
1018 2203 1243 2267 Quidam
1274 2204 1475 2268 clerici,
1525 2220 1643 2258 cum
1685 2220 1900 2259 causam
1947 2204 2272 2260 ecclesiastio

726 2308 841 2347 cam
870 2295 991 2359 jure
1017 2293 1310 2362 apostolico
1333 2295 1585 2363 egissent,
1619 2296 1719 2350 hoc
1745 2303 1846 2358 est,
1879 2294 2021 2349 dicto
2066 2302 2276 2362 aposto-

723 2385 826 2437 lico
857 2394 1267 2451 consequenter,
1300 2387 1441 2454 quod
1464 2386 1591 2440 dicit
1626 2404 1638 2440 :
1671 2385 1837 2439 Audet
1872 2387 1987 2454 quis
2028 2393 2274 2449 vestrum,

722 2473 913 2529 habens
976 2476 1256 2542 negotium,
1319 2478 1412 2529 sub
1460 2478 1652 2545 iniquis
1690 2478 1894 2545 judicio
1950 2478 2272 2542 contendere,

720 2573 770 2616 rt
794 2581 894 2617 non
934 2566 1026 2618 sub
1052 2566 1247 2618 sanctis
1268 2566 1293 2617 ?
1313 2565 1390 2619 vel
1419 2566 1603 2629 etiam,
1630 2580 1749 2620 cum
1778 2567 1829 2620 in
1858 2566 2273 2622 ecclesiasticum

717 2653 979 2721 judicium
1012 2654 1348 2717 incidissent,
1380 2668 1408 2707 a
1442 2662 1594 2721 parte
1623 2654 1705 2707 cui
1742 2643 2075 2723 displicebat,
2110 2668 2175 2726 ex
2206 2653 2274 2708 iis

716 2743 808 2809 qui
831 2744 1219 2811 judicaverant,
1241 2746 1305 2798 ad
1332 2746 1565 2812 iudicem
1591 2745 1962 2813 appellationis
1982 2745 2271 2800 testimonii

718 2830 920 2883 fercrnli
944 2832 1113 2897 gratia
1136 2832 1506 2887 trahebantur.
1534 2830 1713 2885 Visum
1743 2844 1821 2886 est
1847 2848 1973 2901 ergo
2001 2832 2269 2897 Patribus,

718 2920 782 2971 de
808 2919 871 2971 iis
904 2921 968 2971 ad
996 2920 1343 2987 imperatores
1382 2919 1583 2975 referre
1608 2961 1623 2985 ,
1673 2932 1727 2973 ut
1782 2922 1879 2989 ipsi
1936 2931 2269 2986 statuerent,

717 3008 848 3062 nihil
874 3024 991 3063 esse
1012 3010 1275 3077 ejusmodi
1308 3014 1359 3063 iu
1395 3019 1663 3077 posterum
1697 3011 2019 3073 faciendum,
2046 3013 2137 3065 sed
2173 3026 2269 3066 nec

715 3116 835 3152 eum
865 3140 879 3161 ,
913 3101 1000 3167 qui
1048 3114 1246 3167 genere
1274 3102 1355 3155 vel
1380 3101 1557 3169 aliquo
1608 3100 1711 3155 alio
1743 3102 1900 3155 modo
1924 3103 1990 3156 ad
2034 3102 2268 3169 aliquem

2457 1946 2473 1977 ε
2513 1926 2606 1980 καὶ
2634 1926 2993 1996 σκοπουμένῳ
3033 1926 3414 1997 παρατυχόντα
3435 1942 3450 1957 ·
3483 1926 3571 1979 ινα
3603 1926 3735 1996 μηδέ
3774 1942 3942 1995 προσ-

2456 2038 2473 2069 ε
2511 2018 2646 2090 ὡπῳ
2682 2034 2766 2081 τις
2791 2016 3232 2088 ἐκκλησιαστικῷ
3261 2016 3556 2086 προσήκων
3580 2015 3782 2086 ἐναχθῃ
3812 2016 3941 2085 περὶ

2452 2128 2470 2160 ι
2508 2108 2602 2162 τοῦ
2631 2107 2869 2176 ὀφείλειν
2892 2110 3212 2177 μαρτυρεῖν.
3243 2126 3263 2160 ε

2445 2197 2641 2254 ΒΔΔΣ.
2671 2194 2828 2259 Τινές
2853 2196 3105 2266 κληρικοὶ
3122 2196 3441 2259 δικάσαντες
3470 2195 3938 2266 ὑώθεσινῗέκύη-

2378 2286 2661 2357 σιαστικην
2697 2286 3039 2356 ἀποστολικῷ
3066 2286 3282 2356 δικαίῳ,
3330 2286 3609 2340 τουτέστιν
3654 2284 3937 2354 ἀκολούθῳ

2375 2379 2452 2449 τῷ
2485 2378 2823 2449 ἀποστολικῷ
2875 2378 3044 2450 ρητῷ,
3113 2377 3193 2449 τῷ
3255 2379 3541 2447 φάσκοντι·
3582 2376 3777 2447 Τολμᾷ
3844 2393 3936 2443 τις

2374 2470 2540 2539 ὑμῶν
2568 2468 2803 2539 πρᾶγμα
2828 2470 2985 2536 ἔχων
3024 2470 3327 2536 κρίνεσθαι
3380 2468 3478 2521 ἐπι
3523 2466 3643 2521 τῶν
3688 2466 3934 2531 ἀδίκων,

2374 2563 2471 2615 καί
2502 2562 2636 2629 οὐχι
2687 2561 2786 2614 ἐπὶ
2842 2558 2961 2613 τῶν
3027 2560 3252 2630 ἀγίωνς
3303 2560 3336 2629 ἢ
3383 2560 3475 2611 καὶ
3532 2557 3937 2627 παρατυχόντες

2374 2651 2466 2704 ἐπὶ
2492 2650 2669 2720 κρίσει
2694 2651 3147 2721 ἐκκλησιαστικῇ,
3200 2648 3441 2701 εῖλκοντο
3480 2649 3633 2717 παρά
3671 2645 3765 2700 τοῦ
3824 2646 3935 2699 ἀπ-

2374 2742 2744 2809 αρεσκομένου
2774 2740 2971 2810 μέρους
3007 2740 3072 2793 ἐκ
3131 2738 3240 2793 τῶν
3285 2738 3662 2808 δικασαμένων
3711 2738 3793 2800 είς
3840 2736 3934 2789 τδν

2373 2830 2730 2898 ἐκκλητάριον
2758 2830 3019 2901 δικαστὴν
3045 2830 3203 2899 χάριν
3236 2828 3562 2899 μαρτυρίας.
3593 2827 3810 2891 Ἔδοεεν
3838 2821 3933 2880 οὖν

2372 2921 2481 2979 τοῖς
2507 2919 2804 2987 Πατράσιν,
2834 2920 2919 2971 ἵνα
2951 2919 3019 2971 τά
3054 2918 3184 2989 περὶ
3213 2918 3405 2971 τούτου
3435 2917 3765 2983 ἀνενέγκωσι
3821 2917 3935 2978 τοῖς

2374 3007 2707 3075 βασιλεῦσιν,
2745 3006 2830 3075 ἐφ’
2856 3000 2902 3075 ᾧ
2925 3009 3105 3077 ὁρίσαι
3144 3008 3341 3069 αὐτοὺς
3368 3007 3535 3077 μηδέν
3588 3022 3642 3058 τι
3691 3003 3934 3057 τοιοῦτον

2374 3097 2625 3163 γενέσθαι
2649 3098 2779 3151 ποτέ
2807 3115 2822 3130 ο
2855 3097 2989 3151 ἀλλά
3023 3097 3158 3167 μηδέ
3208 3114 3333 3151 τινα
3393 3097 3743 3166 προσήκοντα
3790 3095 3933 3149 κατὰ

716 3188 1137 3243 ecclesiasticum
1173 3191 1390 3253 attinet,
1427 3192 1477 3244 in
1513 3193 1873 3246 testimonium
1904 3206 2023 3246 esse
2051 3193 2267 3247 trahcn-
2296 3174 2337 3236 (ἶ
2369 3207 2379 3218 ·

2296 3174 2337 3236 C
2369 3188 2524 3257 γένος
2566 3189 2599 3260 ἢ
2624 3190 2798 3253 ἄλλως
2822 3207 2937 3253 πως
2960 3189 3405 3260 ἐκκλησιαστικῷ
3434 3204 3541 3241 τινι
3567 3184 3819 3239 ἕλκεσθαι
3850 3186 3930 3247 είς

714 3282 860 3335 dum.
888 3280 963 3333 Ac
991 3279 1042 3333 in
1074 3280 1158 3334 his
1182 3282 1394 3350 quidem
1429 3282 1677 3337 consistit
1708 3297 1904 3337 canon.
1940 3283 2047 3338 Nos
2088 3292 2267 3338 autem

714 3367 877 3435 aliqui
912 3370 1164 3437 scripturi
1195 3386 1410 3427 eramus
1436 3375 1502 3426 de
1535 3372 1599 3426 iis
1629 3373 1719 3440 qui
1749 3371 2025 3438 litigarunt
2055 3415 2069 3438 ,
2099 3383 2151 3428 et
2204 3376 2271 3428 de

714 3457 780 3509 iis
802 3457 888 3524 qui
907 3467 1033 3510 sunt
1060 3459 1272 3514 clericis
1298 3461 1692 3515 necessitudine
1724 3463 2023 3531 conjuncti,
2049 3464 2264 3532 quando

716 3546 856 3600 trahi
886 3546 1099 3613 debent,
1135 3557 1189 3603 et
1214 3552 1427 3617 quando
1457 3566 1580 3604 non.
1610 3550 1743 3616 Quia
1770 3563 1948 3604 autem
1980 3553 2066 3606 hic
2098 3568 2266 3606 canon

716 3652 820 3691 non
848 3649 925 3693 est
955 3640 1225 3694 decretum
1254 3680 1269 3704 ,
1301 3640 1393 3694 sed
1438 3642 1717 3695 consilium
1752 3682 1767 3705 ,
1815 3652 1871 3695 ut
1919 3643 2268 3711 imperatores

709 3729 827 3797 ejus
861 3730 1273 3793 admoneantur,
1300 3747 1403 3784 nun
1434 3739 1517 3786 est
1546 3742 1722 3786 autem
1750 3734 1953 3805 prolata
2007 3732 2266 3797 deﬁnitio,

712 3820 874 3872 nauita
901 3821 1359 3887 praetermisimus.
1385 3820 1496 3877 Hoc
1522 3831 1702 3876 autem
1731 3823 1897 3876 solum
1922 3838 1987 3876 ex
2016 3826 2265 3891 praesenti

710 3924 913 3965 canone
945 3911 1280 3976 notavimus;
1327 3912 1469 3981 quod
1511 3912 1795 3981 judiciaria
1851 3912 2029 3967 ofﬁcia
2092 3914 2268 3967 eccle-

713 4002 1051 4055 siasticorum
1079 4003 1487 4070 magistratuum
1523 4018 1756 4071 praesens
1780 4018 1990 4073 quoque
2025 4004 2264 4074 synodus

710 4091 946 4161 agnovit,
984 4106 1050 4145 eo
1087 4092 1227 4159 quod
1253 4092 1398 4146 dicat
1426 4092 1652 4148 clericos
1681 4094 1906 4159 alicujus
1937 4108 2057 4150 esse
2090 4109 2267 4149 causa:

701 4182 932 4248 judices.

778 4272 938 4341 597
967 4271 1213 4326 ZONAR.
1246 4272 1507 4327 Pmlerea
1544 4275 1609 4327 ad
1660 4275 2008 4343 imperatores
2065 4257 2267 4329 rcferre

706 4363 1058 4424 constituunt,
1082 4369 1137 4414 ut
1161 4363 1203 4415 si
1224 4363 1311 4429 qui
1343 4364 1393 4415 in
1432 4362 1689 4424 Ecclesia,
1714 4362 1813 4418 hoc
1840 4374 1941 4429 est,
1974 4366 2026 4418 in
2064 4366 2261 4419 clerum

706 4451 943 4518 ascripti,
974 4452 1119 4504 litem
1168 4454 1482 4520 quamlibet,
1523 4462 1614 4507 aut
1665 4456 2112 4518 controversiam,
2142 4457 2262 4525 jure

705 4542 994 4607 apostolico
1045 4542 1296 4596 Et-clesils
1350 4538 1634 4607 imposito,
1682 4541 1782 4599 hoc
1846 4554 1969 4604 est.
2039 4546 2261 4601 deﬁnito

705 4641 864 4696 atque
897 4632 1193 4698 descripto,
1225 4631 1291 4683 de
1316 4632 1535 4700 judiciis
1596 4634 1849 4687 nimirum
1905 4634 2045 4702 apud
2082 4633 2261 4687 Eccle-

704 4721 835 4771 sium
880 4719 1217 4784 exercendis,
1257 4721 1507 4789 persequi
1536 4721 1719 4784 velint,
1775 4721 2009 4789 (divinus
2035 4734 2261 4788 namque

702 4809 975 4875 apostolus
995 4807 1194 4862 Paulus
1251 4814 1315 4861 ad
1367 4808 1680 4864 Corinthios
1718 4811 2000 4864 scribens:
2069 4809 2260 4875 Audet,

703 4897 893 4966 inquit,
925 4900 1117 4965 aliquis
1146 4911 1391 4963 vestrum,
1435 4902 1698 4970 negotium
1750 4904 1966 4964 habens,
2031 4903 2124 4954 sub
2180 4903 2263 4954 in-

695 4991 839 5058 juste
861 4990 1066 5057 judicio
1106 4992 1330 5057 experiri
1372 5002 1417 5043 et
1446 5008 1544 5043 non
1574 4992 1667 5044 sub
1693 4992 1887 5044 sanctis
1911 4992 1998 5043 “1’
2036 4990 2263 5046 Proinde

704 5087 803 5135 hoc
834 5080 1273 5150 apostolicojure
1305 5081 1547 5136 ecclesia:
1582 5083 1788 5147 deberi,
1847 5092 2096 5150 tanquam
2121 5083 2263 5150 Apo-

702 5168 823 5232 stuli
848 5170 1069 5223 decreto
1101 5170 1169 5223 ita
1233 5172 1583 5225 cutistitutum
1636 5171 1929 5235 asserunt).
1990 5169 2046 5222 Si
2098 5170 2264 5237 igitur

701 5261 905 5324 clerici,
960 5262 1230 5326 lnquiunt,
1282 5262 1418 5329 apud
1468 5263 1751 5316 ecclesiam
1813 5260 2138 5327 disceptent,
2198 5274 2260 5313 ac

702 5351 900 5403 decisio
922 5366 1120 5415 causa,
1147 5352 1246 5405 hoc
1296 5361 1398 5415 est,
1437 5352 1729 5414 sententia,
1769 5368 1866 5421 per
1923 5365 2083 5419 quam
2140 5365 2263 5405 con-

701 5444 958 5495 troversia
984 5444 1265 5508 deciditur,
1303 5444 1393 5496 uni
1419 5459 1481 5495 ex
1521 5442 1761 5512 partibus
1794 5444 2011 5497 minime
2040 5441 2261 5509 probata

700 5533 879 5595 fuerit,
909 5550 971 5588 ne
1000 5546 1177 5588 tamen
1204 5536 1357 5588 alter!
1392 5538 1527 5607 parti
1569 5537 1727 5590 liceat
1784 5551 1928 5599 eum»
1976 5550 2072 5604 Ιιετ
2094 5547 2255 5603 ⁴1¹¹θ¹¹¹

775 5714 811 5744 δ·
848 5712 1013 5767 lCot‘.
1051 5731 1123 5783 γι,
1165 5717 1207 5773 l.

2374 3279 2701 3348 μαρτυρίαν.
2745 3281 2855 3332 Καὶ
2884 3281 2912 3331 ό
2937 3278 3034 3348 μέν
3063 3278 3242 3331 κανὼν
3277 3278 3339 3330 ἐν
3390 3277 3622 3339 τούτοις.
3662 3275 3852 3345 Ἡμεῖς
3874 3275 3931 3327 δέ

2372 3371 2666 3439 ἐμέλλομεν
2689 3370 2894 3438 γράψαι
2923 3370 3043 3423 τινά
3101 3372 3227 3440 περὶ
3277 3369 3387 3423 τῶν
3435 3368 3773 3422 δικασάντων
3836 3368 3932 3420 καὶ

2374 3462 2499 3529 περὶ
2558 3462 2665 3513 τῶν
2718 3461 3216 3529 προσῳκειωμένων
3269 3462 3379 3522 τοῖς
3436 3460 3741 3527 κληρικοϊς,
3800 3458 3929 3510 πότε

2370 3552 2676 3618 ὀφείλουσιν
2700 3549 2971 3613 ἕλκεσθαι,
3013 3550 3107 3603 καὶ
3138 3550 3265 3603 πότε
3305 3550 3401 3618 μή.
3444 3550 3565 3602 Ὀτι
3594 3549 3649 3601 δέ
3692 3548 3791 3601 οὐκ
3812 3550 3929 3601 ἐστι

2371 3642 2645 3710 θέσπισμα
2678 3640 2931 3717 δικανὼν,
2958 3641 3094 3694 ἀλλά
3150 3640 3425 3710 συμϐουλὴ
3469 3641 3626 3709 χάριν
3671 3637 3765 3691 τοῦ
3798 3638 3931 3691 ὐπο-

2373 3732 2677 3801 μνησθῆναι
2709 3732 2836 3801 περὶ
2874 3733 3079 3785 τούτων
3106 3733 3234 3795 τοὺς
3286 3730 3546 3803 βασιλεῖς,
3592 3728 3820 3798 ὁρισμὸς
3872 3729 3929 3782 δέ

2369 3823 2465 3874 οὐκ
2508 3820 2793 3893 ἐξηνέχθη,
2820 3823 3148 3891 παρήκαμεν
3173 3822 3241 3876 τά
3294 3820 3483 3874 πολλά.
3550 3818 3926 3887 Ἐσημειωσά-

2374 3912 2510 3981 μεθα
2538 3912 2592 3965 δέ
2621 3911 2728 3966 ἀπὸ
2750 3910 2844 3964 τοῦ
2875 3912 3144 3984 παρόντος
3173 3911 3393 3973 κανόνος
3417 3909 3574 3964 τοῦτο
3620 3909 3796 3979 μόνον,
3844 3911 3930 3962 ὅτι

2368 4002 2433 4052 τὰ
2461 4001 2751 4054 δικαστικά
2779 4001 3008 4070 ὀφφίκια
3029 4003 3136 4055 τῶν
3154 4000 3626 4069 ἐκκλησιαστικῶν
3652 4000 3929 4068 ἀρχόντων
3952 4010 3955 4015 ·

2370 4092 2464 4143 καὶ
2493 4093 2525 4159 ἡ
2560 4092 2812 4161 παροῦσα
2842 4093 3055 4154 σύνοδος
3088 4093 3451 4159 ἐπιγίνωσκεν
3494 4090 3602 4144 ἀπὸ
3625 4091 3719 4144 τοῦ
3747 4088 3931 4157 λέγειν

2370 4184 2663 4250 κληρικοὺς
2696 4182 2969 4252 διαιτῆσαι
3002 4184 3253 4237 ὑποθέσει
3283 4184 3409 4237 τινί.

2439 4273 2681 4326 ΖΩΝΛΡ.
2721 4273 2841 4325 Ἔτι
2870 4273 3151 4343 ἀναφορὰν
3192 4272 3928 4343 βουλεύονταιποιῆσαιπρδς

2368 4364 2489 4423 τοὺς
2532 4360 2793 4430 βασιλεῖς,
2823 4363 2963 4415 ὥστε
3002 4363 3097 4421 ἐάν
3127 4379 3269 4425 τινες
3297 4365 3357 4414 ἐν
3387 4363 3701 4432 Ἐκκλησία,
3756 4363 3928 4430 ἤγουν

2370 4452 2425 4501 ἐν
2480 4452 2666 4520 κλήρῳ
2724 4451 3165 4519 ἐκκλησιαστικῷ
3207 4456 3555 4521 τεταγμένοι,
3604 4453 3929 4517 οἱανδήποτε

2367 4538 2569 4601 αἰτίαν,
2596 4540 2717 4608 ἢτοι
2740 4540 2920 4608 δίκην,
2947 4538 3207 4592 ὑπόθεσιν
3224 4541 3549 4609 γυμνάσωσι
3578 4539 3929 4608 ἀποστολικῷ

2362 4626 2553 4696 δικαίῳ
2586 4628 2663 4697 τῷ
2695 4632 2814 4692 ταίς
2867 4628 3213 4699 Ἐκκλησίαις
3244 4630 3595 4699 ἐπικειμένῳ,
3648 4630 3765 4698 ἦτοι
3797 4628 3930 4699 ὠρι-

2366 4721 2571 4791 σμένίρ,
2600 4720 3030 4791 διατεταγμένῳ,
3066 4721 3312 4773 τουτέστι
3335 4721 3488 4791 παρά
3509 4723 3577 4791 τῇ
3630 4719 3927 4791 Ἐκκλησία

2363 4812 2715 4863 δικάσωνται.
2757 4811 2815 4861 '0
2858 4809 2965 4878 γὰρ
3026 4809 3309 4872 θεσπέσιος
3358 4807 3652 4871 ἀπόστολος
3690 4808 3925 4870 Παῦλος,

2367 4900 2673 4967 Κορινθίοις
2697 4898 2944 4968 γράφων,
2971 4900 3103 4968 φησί
3126 4916 3138 4929 ·
3177 4898 3371 4967 Τολμᾷ
3392 4916 3481 4963 τις
3500 4897 3666 4967 ὑμῶν
3686 4895 3928 4965 πρᾶγμα

2364 4992 2522 5058 ἔχων
2554 4992 2860 5058 κρίνεσθαι
2909 4989 3008 5041 ἐπὶ
3056 4990 3177 5042 τῶν
3204 4990 3448 5053 ἀδίκων,
3494 4989 3592 5041 καί
3648 4986 3783 5056 οὐχὶ
3826 4988 3925 5041 ἐπὶ

2364 5082 2480 5133 τῶν
2537 5082 2763 5149 ἁγίων-ς
2799 5078 2970 5132 Τοῦτο
3021 5078 3113 5133 οὖν
3167 5076 3512 5147 ἀποστολικῷ
3552 5076 3749 5147 δικαίῳ
3792 5079 3927 5147 φησι

2364 5172 2660 5239 προσήκειν
2688 5171 2807 5230 ταῖς
2831 5169 3166 5235 ἐκκλησίαις,
3196 5168 3270 5230 ὡς
3282 5166 3377 5220 τοῦ
3412 5166 3734 5220 Ἀποστόλου
3757 5166 3919 5221 τοῦτο

2364 5260 2778 5327 διαταξαμένου.
2827 5258 2956 5310 Ἐὰν
2984 5258 3077 5311 οὖν
3120 5258 3393 5327 κληρικοὶ,
3427 5258 3587 5327 φησὶ,
3623 5257 3925 5310 δικασθῶσι

2365 5352 2517 5420 παρά
2564 5352 2628 5418 τῇ
2699 5348 3014 5419 Ἐκκλησία,
3048 5349 3141 5401 καὶ
3210 5347 3490 5417 Ἀπαρέσῃ
3537 5347 3616 5397 ἐνὶ
3665 5347 3843 5416 μέρει,
3890 5348 3924 5413 ἡ

2365 5440 2507 5511 τομὴ
2532 5440 2641 5494 τῶν
2680 5439 3074 5507 δικαζομένων,
3103 5440 3222 5508 ἧτοι
3258 5439 3290 5508 η
3318 5438 3595 5506 τέμνουσα
3630 5436 3728 5503 τὴν
3767 5436 3925 5504 δίκην

2368 5534 2663 5599 ἀπόφασις,
2702 5530 2788 5582 ἴνα
2832 5529 2906 5596 μὴ
2935 5528 3027 5598 ἐξῇ
3080 5546 3186 5581 τινι
3224 5528 3331 5581 τῶν
3387 5527 3565 5598 μερῶν
3608 5525 3791 5579 ἐλκειν
3844 5528 3927 5589 είς
