4212 6440
251 407 356 472 165

1248 402 1331 464 1N
1365 402 1528 465 CAN.
1587 399 1784 462 LXIII
1822 398 2028 460 CONC.
2070 394 2439 460 CARTHAG.

3350 381 3454 446 2ίὸ

248 520 312 571 sb
362 516 465 587 τῆς
497 516 759 586 έκκλήτου
792 517 1141 586 δικαστήριον
1174 518 1310 584 πρὸς
1345 516 1650 587 μαρτυρίαν
1709 514 1801 567 τδν
1825 522 1911 581 At

1785 529 1801 566 ν
1825 522 1877 581 Α
1902 525 2064 566 causa
2083 511 2232 579 prius
2258 508 2562 566 examinata
2590 512 2694 569 est,
2730 503 2814 558 vel
2860 503 2949 571 qui
2998 516 3055 556 re
3084 501 3323 569 iudicata
3358 500 3448 552 ad-

250 605 624 675 δοκιμάσαντα
651 608 911 677 πρότερον
944 606 1046 675 τήν
1076 606 1351 673 ὑπόθεσιν,
1401 607 1433 676 ἢ
1467 607 1561 660 καὶ
1616 622 1797 675 κρινο-

252 696 423 765 μένης
451 697 851 765 παρατυχόντα,
876 698 969 750 καὶ
1020 698 1107 749 ῖνα
1163 698 1297 766 μηδέ
1346 713 1429 757 τις
1486 697 1794 764 προσήκων,

249 782 553 848 τουτέστιν,
586 786 929 856 ᾠκειωμένος
952 788 1019 839 ικ
1046 788 1369 854 συγγενείας
1420 785 1453 853 ἢ
1492 784 1669 846 άλλως
1705 785 1798 835 έκ-

253 871 627 941 κλησιαστικῷ
678 891 808 939 τινι,
860 875 1087 942 ῐλκηται
1117 878 1199 935 είς
1257 873 1583 944 μαρτυρίαν.
1642 874 1796 935 Τινὲς

253 960 361 1031 γὰρ
437 962 854 1032 άπηρίθμηνται
910 965 1006 1018 καὶ
1072 968 1187 1025 τοῖς
1262 966 1557 1025 πολιτικοῖς
1612 963 1797 1031 νόμοις

251 1047 757 1119 ίξκουσσευόμενοι,
793 1052 932 1105 ὥστε
983 1056 1058 1123 μὴ
1109 1056 1333 1117 άκοντες
1376 1055 1687 1122 μαρτυρεῖν,
1722 1052 1798 1115 ὡς

248 1138 308 1189 ὲν
344 1137 536 1209 βιϐλίῳ
580 1140 808 1211 εὓρηται
857 1150 961 1208 κα⁸,
995 1146 1099 1197 τίτ.
1154 1145 1225 1210 α’,
1250 1145 1572 1213 κεφαλαίοις
1613 1142 1799 1211 διαφό-

251 1245 389 1295 ροις.

247 1318 471 1372 ΔΡΙΣΤ.
529 1339 547 1372 ι
584 1322 877 1391 Κληρικδς,
928 1324 1160 1391 πρᾶγμα
1214 1323 1462 1385 δικάσας,
1492 1323 1539 1375 εί
1585 1322 1797 1391 ἀπαρε-

331 1427 350 1459 ι
390 1426 495 1473 σοι,
562 1412 645 1479 μή
691 1413 962 1466 καλείσθω
1015 1415 1143 1477 περὶ
1199 1412 1364 1465 αὐτοῦ
1416 1412 1554 1481 πρὸς
1593 1428 1797 1481 μαρτυ‹

316 1516 335 1549 ι
376 1499 500 1568 ρίαν
542 1503 621 1563 είς
650 1502 1019 1572 δικαστήριον·
1044 1503 1139 1556 καὶ
1184 1504 1323 1566 δλως
1344 1502 1799 1571 έκκλησιαστικδν

326 1606 347 1637 ε
386 1588 676 1655 πρόσωπον
742 1592 817 1660 μὴ
879 1591 1154 1661 έναγέσθω
1212 1594 1339 1662 περὶ
1390 1591 1485 1644 τοῦ
1564 1590 1800 1659 ὀφείλειν

324 1694 346 1727 ε
383 1680 700 1747 μαρτυρεῖν.
734 1699 752 1731 ι

326 1765 455 1819 Ἐάν
496 1784 639 1831 τινες
663 1772 812 1840 παρά
853 1788 960 1825 τινι
1009 1771 1116 1825 τῶν
1160 1771 1437 1839 κληρικῶν
1479 1771 1798 1841 δικασθῆναι

1901 603 2023 664 fuit,
2047 601 2114 654 ad
2179 598 2575 668 provocationis
2640 596 2817 650 forum
2876 592 3165 649 testimonii
3238 590 3453 644 dicendi

1902 673 2333 753 causatrabere;
2376 702 2547 756 neque
2597 694 2854 756 praeterea
2889 681 3174 751 quisquam
3231 695 3297 734 es
3357 694 3452 732 co-

1902 779 2098 847 gnatis,
2131 778 2231 831 hoc
2258 786 2363 837 est,
2385 774 2753 830 ecclesiastico
2806 771 3013 827 homini
3049 768 3453 839 propinquitate

1902 879 1991 924 aut
2016 870 2119 923 alia
2142 868 2347 921 ratione
2372 866 2711 935 coniunctus,
2742 866 2806 917 ad
2826 862 3062 916 dandum
3085 860 3453 913 testimonium

1901 970 2141 1029 cogatur.
2196 958 2328 1014 Nam
2382 966 2435 1013 et
2492 958 2663 1027 legum
2704 957 2941 1010 civilium
2982 954 3201 1008 decreto
3240 949 3455 1019 quidam

1901 1060 2305 1115 enumerantur,
2336 1065 2471 1119 quos
2499 1050 2693 1103 invitos
2722 1048 2785 1102 ad
2840 1044 3205 1101 testimonium
3263 1040 3454 1094 dicen—

1900 1143 2026 1196 dum
2048 1142 2291 1211 compelli
2342 1156 2447 1195 non
2488 1141 2691 1202 sinunt,
2725 1147 2783 1192 ut
2841 1138 2892 1191 in
2952 1136 3047 1190 lib.
3114 1145 3226 1195 ut,
3284 1132 3370 1185 tit.
3403 1131 3453 1195 ί,

1900 1234 2127 1287 diversis
2150 1233 2201 1285 in
2234 1233 2495 1298 capitibus
2532 1230 2855 1283 inveniatur.

1900 1322 2126 1376 ARIST.
2172 1339 2191 1373 s
2223 1321 2483 1384 Clericus,
2505 1320 2595 1389 qui
2626 1333 2845 1373 causam
2873 1317 3153 1385 judicavit,
3188 1315 3232 1369 si
3266 1314 3448 1382 displi-

1976 1429 1995 1463 ι
2026 1421 2130 1476 cet,
2173 1412 2238 1465 ad
2270 1410 2500 1464 dandum
2534 1408 2600 1463 tle
2627 1424 2689 1463 ea
2723 1406 3087 1462 testimonium
3124 1404 3189 1458 ad
3220 1402 3451 1457 tribunal

1977 1518 1995 1551 ι
2035 1515 2099 1555 ne
2129 1508 2382 1554 vocetur:
2419 1508 2473 1553 et
2530 1496 2895 1551 ecclesiastica
2948 1494 3168 1547 omnino
3226 1505 3453 1559 persona

1977 1608 1994 1641 ι
2029 1592 2092 1645 ad
2119 1590 2483 1645 testimonium
2533 1586 2864 1643 reddendum
2905 1599 2969 1640 ne
3027 1582 3398 1652 compellatur.
3429 1598 3445 1629 ι

1974 1780 2030 1836 Si
2062 1779 2557 1850 quiaclericomm
2633 1778 2816 1847 aliquo
2869 1776 3097 1845 iudicari
3153 1774 3451 1843 elegerunt,

249 1856 592 1923 ήρετίσαντο,
622 1862 713 1913 καὶ
732 1861 802 1914 τὰ
823 1861 921 1930 τῆς
944 1861 1253 1925 ὑποθέσεως
1289 1863 1656 1930 ἁνεκάλυψαν,
1678 1858 1797 1915 εἶτα
1828 1871 1875 1931 Β
1905 1892 1912 1923 ε

1793 1882 1797 1912 ‘-
1828 1871 1875 1931 Β
1905 1881 1957 1927 et
1982 1885 2203 1925 causam
2238 1884 2395 1924 suam
2429 1868 2755 1931 indicarunt,
2792 1876 2973 1935 postea
3012 1867 3063 1919 in
3099 1865 3297 1937 judicio
3341 1862 3456 1929 elus

246 1945 342 1997 ἐπὶ
370 1948 435 2013 τῇ
468 1947 755 2015 διαγνώσει
780 1950 945 2004 αὑτοῦ
979 1951 1393 2021 ἁπηρέσθησαν,
1428 1953 1521 2005 καὶ
1559 1951 1799 2019 ἀπῆλθον

246 2036 330 2096 ιῑς
354 2034 413 2087 τδ
444 2038 757 2107 πρόσφορον
783 2041 965 2102 αὐτοῖς
990 2041 1360 2109 δικαστήριον·
1388 2042 1447 2093 οὗ
1480 2042 1799 2093 καλέσουσιν

245 2124 329 2185 αις
356 2128 664 2195 μαρτυρίαν
691 2129 783 2182 τὸν
812 2130 1111 2183 δικάσαντα
1153 2130 1434 2198 κληρικδν,
1492 2129 1550 2182 τὸ
1584 2130 1684 2199 μὶν
1724 2128 1796 2192 ὡς

247 2212 813 2286 ιξκουσσατευόμενον
849 2220 957 2271 άπὸ
996 2218 1090 2271 τοῦ
1130 2220 1319 2288 νόμου,
1369 2220 1464 2272 καὶ
1509 2217 1586 2287 μὴ
1632 2219 1800 2283 άναγ·

250 2301 554 2371 λιαζόμενον
597 2306 865 2371 ἀκουσίως
914 2312 1233 2379 μαρτυρεῖν·
1279 2311 1326 2361 oi
1376 2310 1481 2379 γὰρ
1529 2310 1607 2371 είς
1648 2308 1799 2377 ίερέιν

245 2391 594 2463 λειτουργίαν
628 2397 1066 2469 ἀπησχολημένοι
1097 2401 1321 2462 άκοντες
1344 2401 1403 2452 οὐ
1439 2399 1795 2469 μαρτυροῦσι⁹

244 2482 306 2532 τὸ
344 2483 423 2548 δέ,
461 2486 553 2537 καὶ
600 2486 675 2549 ὡς
704 2488 1063 2559 κωλυόμενον,
1114 2494 1173 2543 έν
1196 2483 1239 2557 ᾧ
1273 2488 1619 2559 προσελήφθη
1659 2492 1799 2560 πρά·

244 2586 416 2638 γματι
451 2576 598 2643 παρὰ
630 2577 735 2630 τῶν
765 2577 946 2648 μερῶν
977 2580 1253 2650 δικαστὴς,
1292 2580 1603 2650 μαρτυρεῖν.

838 2670 1072 2723 ΚΑΝΩΝ
1090 2670 1204 2723 EI".

252 2771 269 2803 ι
310 2755 448 2824 Περὶ
483 2756 579 2809 τοῦ
618 2758 915 2825 ἀφελέσθαι
945 2761 1012 2814 τὰ
1044 2763 1152 2815 τῶν
1193 2764 1463 2833 Ἑλλήνων
1500 2770 1796 2835 συμπόσια.

322 2864 342 2897 ι
375 2846 613 2901 κακεῖνο
634 2848 712 2901 ἔτι
736 2853 843 2919 μὴν
872 2851 953 2903 δεῖ
976 2852 1195 2921 αἰτῆσαι
1220 2855 1369 2923 παρὰ
1400 2855 1505 2908 τῶν
1536 2858 1801 2922 Χριστια-

320 2954 340 2986 ι
382 2937 489 2989 νῶν
513 2938 807 3008 βασιλέων
833 2942 1020 3013 ιπειδή
1049 2943 1200 3012 παρὰ
1238 2946 1305 2997 τά
1336 2944 1453 2999 θεῖα
1485 2948 1799 3015 παραγγέλ-

317 3044 339 3076 ε
381 3044 529 3096 ματα
582 3031 641 3084 έν
674 3032 887 3095 πολλοῖς
923 3034 1110 3097 τόποις
1150 3034 1428 3103 συμπόσια
1474 3035 1647 3099 οὕτως
1708 3042 1801 3093 ικ-

319 3137 339 3168 ε
375 3118 676 3185 τελοῦνται,
708 3124 773 3175 lx
820 3124 916 3193 τῆς
967 3125 1188 3194 έθνικῆς
1229 3126 1438 3195 πλάνης
1502 3143 1799 3199 προσενεχ-

316 3227 337 3260 ε
377 3211 565 3275 θέντα,
589 3213 665 3275 ὡς
698 3215 791 3266 καὶ
831 3216 1193 3285 Χριστιανοὺς
1216 3218 1327 3279 τοῖς
1354 3218 1580 3283 Ἕλλησι
1621 3220 1797 3288 λάθρα

322 3318 344 3348 ε
387 3302 761 3369 προσάγεσθαι
789 3303 884 3357 επὶ
913 3308 978 3377 τῇ
1012 3304 1217 3357 τούτων
1250 3306 1438 3375 τελετῇ
1466 3323 1479 3337 ’
1516 3309 1601 3360 ῖνα
1619 3308 1801 3362 κελεύ-

318 3407 339 3439 s
381 3404 515 3441 σωσι
532 3392 597 3443 τὰ
608 3408 829 3445 τοιαυτα
849 3392 1153 3463 κωλυθῆναι
1169 3396 1261 3447 καὶ
1274 3398 1336 3447 εκ
1351 3396 1461 3449 τῶν
1478 3397 1688 3451 πόλεων
1707 3400 1800 3450 καὶ

319 3497 339 3527 ε
380 3479 445 3533 ὲκ
473 3480 581 3533 τῶν
602 3483 844 3548 κτήσεων
862 3500 877 3515 ·
909 3485 1143 3553 μάλιστα
1168 3486 1251 3538 δτι
1280 3484 1371 3538 καὶ
1394 3486 1451 3539 έν
1478 3487 1661 3548 αὐτοῖς
1690 3491 1799 3549 τοῖς

320 3587 341 3619 ι
372 3567 635 3635 γενεσίοις
651 3571 758 3624 τῶν
788 3572 1069 3642 μακαρίων
1103 3574 1395 3645 μαρτύρων
1416 3574 1517 3628 ἁνά
1531 3591 1679 3638 τινας
1704 3576 1798 3627 πό-

314 3677 333 3706 ε
371 3658 484 3721 λεις
500 3659 593 3710 καὶ
609 3661 685 3718 εἰς
701 3662 896 3723 αὐτοὺς
907 3662 1032 3725 τοὺς
1057 3664 1100 3713 is
1112 3665 1235 3731 pob;
1260 3658 1456 3723 τόπους
1475 3663 1541 3716 τὰ
1561 3663 1783 3717 τοιαῦτα

316 3765 338 3797 ι
377 3745 713 3816 πλημμελεῖν
782 3750 880 3819 οὐχ
910 3751 1255 3821 ὑφορῶνται·
1310 3755 1369 3819 έν
1398 3751 1485 3819 αῖς
1540 3754 1794 3825 ἡμέραις,

319 3859 338 3891 s
376 3840 513 3909 ὅπερ
533 3839 627 3891 καὶ
650 3839 829 3908 λέγειν
841 3840 1067 3911 αῑσχύνη
1101 3844 1529 3915 έστὶν,ὀρχήσεις
1553 3845 1798 3914 μυσαρὰς

323 3944 345 3977 ε
379 3928 460 3988 είς
483 3929 608 3989 τοὺς
631 3930 836 3999 ἁγροὺς
857 3932 950 3983 καὶ
966 3932 1044 3994 είς
1063 3932 1161 4002 τὰς
1186 3934 1441 3997 πλατείας
1470 3935 1793 3995 ίκτελοῦσιν,

318 4036 338 4067 ι
380 4016 525 4071 ὥστε
567 4020 634 4089 τῇ
673 4021 782 4072 τῶν
822 4020 1239 4075 οίκοδεσποινῶν
1293 4028 1449 4094 τιμῇ,
1496 4028 1589 4078 καὶ
1622 4025 1794 4079 ἄλλων

321 4128 344 4159 ε
384 4107 773 4179 ἀναριθμήτων
820 4113 1094 4179 γυναικῶν
1161 4116 1225 4183 τῇ
1298 4114 1437 4167 αἰδοῖ
1488 4116 1596 4169 τῶν
1645 4118 1792 4170 εὐλα-

317 4217 337 4249 ι
379 4198 493 4251 σῶν
545 4203 626 4263 είς
680 4202 778 4269 τὴν
843 4202 1003 4268 ἁγίαν
1046 4204 1258 4273 ἡμέραν
1316 4210 1792 4276 παραγενομένων.

320 4308 340 4339 ε
382 4289 611 4356 λάγναις
649 4289 873 4371 ὕϐρεσιν
905 4292 1152 4363 ὶφορμᾷν
1179 4310 1194 4326 ο
1251 4294 1327 4357 ὡς
1374 4296 1469 4349 καὶ
1501 4297 1668 4365 αὐτῆς
1698 4298 1794 4365 τῆς

314 4400 333 4431 ε
381 4378 545 4448 ἁγίας
610 4382 846 4447 πίστεως
892 4382 1075 4453 σχεδὸν
1147 4384 1441 4453 φεύγεαθαι
1498 4386 1593 4456 τὴν
1633 4404 1771 4455 προσ

312 4492 332 4524 ε
372 4474 605 4527 έλευσιν.
646 4492 665 4529 ι

308 4563 512 4620 ΒΔΛΣ.
556 4564 762 4635 Ὠσπερ
817 4566 1056 4635 σήμερον
1111 4567 1170 4621 έν
1230 4570 1467 4638 μνήμαις
1521 4571 1690 4636 ἁγίων
1735 4574 1799 4623 οὐ

238 4656 406 4722 μόνον
434 4652 579 4705 κατὰ
604 4654 701 4713 τὰς
731 4654 938 4718 πόλεις.
969 4657 1107 4711 ἁλλὰ
1138 4657 1203 4729 δὴ
1234 4661 1328 4712 καὶ
1367 4660 1508 4712 κατὰ
1538 4661 1638 4722 τὰς
1692 4660 1797 4727 ἱξω

231 4743 450 4816 χώρας,
482 4742 725 4809 γίνονται
752 4746 1091 4816 πανηγύρεις
1125 4750 1220 4800 καὶ
1272 4750 1642 4819 χοροστασίαι,
1701 4751 1797 4804 καὶ

231 4832 371 4885 ἀλλα
402 4832 526 4885 τινὰ
552 4833 799 4900 παίγνια,
830 4834 1027 4899 οὕτως,
1052 4836 1127 4899 ὡς
1157 4836 1357 4903 έοικεν,
1404 4838 1680 4891 έτελοῠντο
1704 4839 1799 4893 καὶ

233 4921 479 4975 εκπαλαι
508 4938 520 4951 ·
558 4922 697 4992 πλὴν
726 4924 912 4977 ικεῖνα
943 4927 1165 4995 μυσαρὰ
1196 4923 1359 4996 ἦσαν.
1401 4930 1491 4982 Διό
1531 4945 1698 4999 φασιν
1747 4932 1795 4983 οῖ

234 5010 486 5080 Πατέρες
515 5010 615 5074 ὡς.
646 5013 768 5065 επεὶ
804 5014 861 5066 ιν
901 5014 1121 5078 πολλοῖς
1146 5016 1336 5078 τόποις
1358 5019 1635 5083 συμπόσια
1675 5021 1796 5072 huc

231 5099 546 5163 τελοῦνται,
572 5102 747 5173 ἁρχήν
771 5104 1040 5174 ισχηκότα
1071 5107 1137 5158 ἐκ
1169 5106 1269 5176 τῆς
1305 5106 1627 5177 Ἑλληνικῆς
1656 5110 1794 5162 πλά-

234 5205 354 5259 νης,
385 5184 529 5242 ὥστε
562 5192 619 5242 ιν
669 5191 849 5255 αὐτοῖς
894 5194 1222 5263 συνάγεσθαι
1276 5196 1367 5248 καὶ
1414 5192 1791 5267 Χρὶστιανοὶις.

231 5280 327 5332 καὶ.
359 5278 635 5333 συντελεῖν
664 5282 837 5334 ταῦτα
884 5285 996 5345 τοῖς
1032 5283 1285 5352 Ἕλλησι,
1326 5287 1444 5339 δέον
1476 5288 1621 5340 ἐστὶν
1658 5288 1788 5340 ὐπο-

235 5366 545 5436 μνησθήναι
584 5367 709 5431 τοὺς
755 5368 1009 5438 βασιλεῖς,
1051 5371 1136 5425 ῐνα
1172 5372 1461 5426 κωλύσωσι
1502 5374 1673 5427 ταῦτα
1702 5377 1795 5428 καὶ

237 5456 441 5525 μάλλον
474 5457 560 5509 δτι
592 5457 1035 5529 πλημμελοῦνται
1073 5463 1169 5515 καὶ
1218 5465 1298 5525 είς
1346 5466 1527 5532 ίεροὺς
1574 5466 1791 5528 τόπους.

235 5544 534 5614 Συμδαίνει
562 5545 671 5617 γάρ
694 5548 816 5602 οὐδὲ
852 5549 931 5612 είς
967 5551 1268 5621 ἐκκλησίαν
1310 5552 1640 5620 συνάγεσθαι
1693 5556 1793 5617 τὰς

234 5633 633 5703 εὐλαϐεστέρας
684 5636 792 5689 τῶν
846 5640 1122 5705 γυναικῶν
1154 5640 1243 5693 διά
1294 5642 1361 5696 τά
1414 5643 1662 5705 ἀτάκτως
1698 5648 1791 5696 καὶ

240 5724 567 5795 ἀσχημόνως
628 5727 926 5790 τηνικαῦτα
978 5730 1262 5794 γινόμενα,
1320 5731 1389 5793 ὡς
1465 5733 1569 5783 τῶν
1622 5732 1787 5785 ταίτα

1903 1976 2006 2015 non
2028 1961 2398 2043 acquiescant:
2433 1960 2526 2014 sed
2554 1958 2617 2013 ad
2662 1957 2893 2011 tribunal
2947 1956 3014 2011 iis
3061 1965 3243 2023 aptum
3295 1968 3451 2007 acce-

1902 2050 2072 2104 dunt:
2103 2063 2209 2103 non
2246 2049 2581 2102 vocabuntin
2612 2046 2971 2101 testimonium
3003 2045 3257 2099 clericum
3296 2044 3455 2096 istum

1902 2136 1995 2205 qui
2039 2135 2335 2202 judicavit,
2382 2144 2434 2189 et
2487 2143 2544 2189 ut
2602 2146 2919 2189 excusatum
2983 2148 3011 2186 a
3068 2131 3203 2201 lege,
3246 2138 3300 2185 et
3352 2146 3454 2185 nou

1901 2234 2147 2280 coactum
2174 2227 2337 2280 invite
2362 2227 2726 2281 testimonium
2772 2226 2901 2277 dare
2961 2224 3073 2291 (qui
3106 2224 3247 2276 enim
3300 2236 3457 2277 sacro

1903 2322 2097 2366 vacant
2120 2312 2442 2375 ministerio,
2468 2311 2619 2364 inviti
2651 2326 2757 2364 non
2791 2308 3096 2376 testantur);
3140 2314 3193 2361 et
3248 2316 3305 2359 ut
3333 2320 3453 2373 pro-

1903 2404 2132 2459 hibitum
2160 2404 2211 2457 in
2246 2403 2479 2473 negotio,
2511 2402 2564 2455 in
2598 2416 2704 2471 quo
2732 2416 2759 2454 a
2790 2398 3029 2471 partibus
3056 2406 3308 2467 acceptus
3341 2406 3457 2451 erat

1894 2496 2080 2565 judes,
2120 2492 2716 2551 testimonium-dicere.

2442 2672 2671 2730 CANON
2731 2670 2909 2727 LXIII.

1910 2779 1927 2812 ι
1958 2759 2026 2814 Ut
2062 2759 2375 2815 auferantur
2407 2758 2714 2815 Graeorum
2746 2759 3011 2813 convivia.
3058 2757 3192 2811 Illud
3237 2764 3453 2826 praetcr-

1990 2863 2100 2903 cea
2176 2862 2206 2900 a
2272 2847 2597 2903 Christianis
2666 2846 3079 2917 imperatoribus
3158 2844 3444 2913 petendum

1964 2923 1997 2990 ἰ
2041 2948 2156 2994 est:
2192 2940 2447 3009 quoniam
2479 2948 2671 3009 praeter
2705 2940 2883 2992 divina
2912 2938 3165 2990 mandata
3192 2936 3242 2989 in
3270 2934 3455 2989 multis

1984 3050 2001 3081 ι
2038 3031 2169 3086 locis
2191 3032 2431 3087 convivia
2468 3031 2547 3085 sic
2578 3040 2932 3099 peraguntur,
2957 3044 3019 3083 es
3048 3027 3231 3098 gentili
3268 3041 3456 3080 errnre

1979 3141 1995 3172 ι
2040 3122 2277 3184 inducta,
2308 3123 2551 3175 utetiam
2583 3120 2881 3177 Christiani
2909 3120 2973 3173 atl
3022 3132 3255 3189 paganos
3306 3118 3457 3173 clan-

1988 3231 2005 3261 ι
2048 3210 2230 3264 culum
2277 3211 2329 3263 in
2384 3225 2572 3264 eorum
2620 3208 2987 3263 celebratione
3041 3207 3339 3261 accedant:
3403 3216 3460 3259 ut

1991 3319 2006 3350 ι
2040 3300 2151 3353 hac
2178 3298 2399 3367 jubeant
2427 3308 2481 3353 et
2509 3313 2574 3353 es
2624 3298 2849 3352 urbibus
2908 3308 2961 3351 et
2998 3314 3061 3353 ex
3094 3298 3458 3367 possessioni.

1977 3413 1993 3438 ε
2031 3390 2130 3444 bus
2182 3388 2396 3453 arceri;
2449 3390 2701 3451 maxime,
2741 3388 2863 3456 quia
2907 3398 2955 3441 et
3000 3388 3049 3440 iu
3102 3390 3230 3455 ipsis
3272 3389 3458 3442 beato-

1979 3499 1994 3527 ι
2027 3493 2140 3532 rum
2171 3488 2463 3549 martyrum
2492 3480 2784 3539 natalibus,
2809 3479 2861 3531 in
2887 3478 3207 3547 quibusdam
3236 3478 3457 3533 urbibus

1987 3588 2005 3618 ε
2038 3569 2275 3624 etiamin
2312 3570 2439 3639 ipsis
2498 3571 2668 3625 sacris
2722 3569 2879 3632 locis,
2930 3566 3194 3636 ejusmodi
3244 3579 3457 3635 peccata

1987 3678 2005 3707 ε
2045 3660 2383 3717 committere
2413 3674 2516 3713 non
2574 3659 2963 3723 reformidant;
3014 3660 3064 3711 in
3116 3658 3310 3727 quibus
3345 3658 3461 3710 ilic-

1975 3768 1992 3795 ε
2026 3748 2145 3810 bus,
2180 3748 2259 3799 vel
2286 3750 2455 3815 pudor
2482 3748 2795 3811 estdicere,
2840 3749 3201 3801 exsecrandas
3221 3748 3461 3800 saltatio-

1976 3859 1991 3889 ι
2027 3853 2121 3893 nes
2177 3841 2229 3892 in
2258 3840 2402 3907 agris
2438 3850 2488 3892 et
2543 3840 2733 3907 plateis
2786 3847 3063 3907 peragunt,
3114 3849 3171 3892 ut
3226 3846 3456 3892 matrum

1982 3927 2258 3981 «familias
2292 3930 2573 3990 honorem,
2600 3939 2654 3983 et
2698 3929 2926 3982 aliarum
2984 3928 3457 3984 innumerabilium

1981 4037 1997 4067 ι
2032 4017 2238 4085 piarum
2260 4020 2567 4082 mulierum,
2588 4034 2709 4087 qua:
2731 4028 2920 4073 sancto
2948 4017 3035 4073 die
3058 4020 3272 4079 adsunt,
3302 4032 3456 4071 vere-

1978 4128 1994 4159 ι
2029 4108 2279 4162 cundiam
2337 4109 2551 4163 lascivis
2628 4108 2972 4164 contumeliis
3033 4110 3453 4177 aggrediantur:

1978 4218 1995 4247 ε
2036 4199 2171 4252 adeo
2199 4206 2257 4251 ut
2292 4199 2453 4251 etiam
2492 4198 2658 4266 ipsius
2686 4207 2885 4253 sancta
2912 4197 3033 4253 ﬁdei
3054 4195 3444 4267 pmpemodum

1989 4305 2007 4337 s
2041 4287 2315 4357 aufugiam
2348 4302 2647 4343 accessum.
2670 4306 2688 4339 ι

1972 4563 2164 4620 BALS.
2203 4566 2353 4621 Sicut
2417 4568 2574 4622 bodie
2631 4569 2686 4623 in
2735 4572 3043 4625 sanctorum
3073 4573 3460 4629 anniversariis

1901 4655 2323 4720 celebritatibus,
2350 4672 2453 4711 non
2488 4660 2660 4711 solum
2688 4660 2741 4713 in
2772 4660 3018 4725 urbibus,
3085 4662 3177 4717 sed
3211 4660 3372 4715 etiam
3406 4661 3456 4715 in

1897 4746 2031 4799 vicis
2057 4756 2109 4797 et
2141 4744 2313 4813 pagis,
2344 4746 2471 4799 fiunt
2512 4747 2788 4801 hominum
2809 4760 3105 4802 conventus
3138 4752 3455 4816 cboreequc

1899 4836 2191 4899 duettntur,
2220 4846 2271 4890 et
2303 4836 2407 4891 alia
2444 4838 2688 4909 quadam
2722 4839 2927 4893 ludicra
2957 4858 2970 4893 :
3006 4841 3106 4903 sic,
3132 4849 3293 4894 utest
3317 4843 3457 4894 veri-

1898 4925 2093 4991 simile,
2136 4927 2260 4980 olim
2289 4942 2505 4997 quoque
2552 4931 2986 4999 peragebantur;
3034 4932 3125 4986 sed
3183 4947 3243 4987 ea
3303 4944 3459 4985 erant

1896 5017 2245 5080 exsecranda.
2282 5016 2343 5073 Et
2371 5020 2490 5074 ideo
2514 5020 2697 5075 dicunt
2738 5019 2946 5089 Patres,
2994 5024 3133 5093 quod
3198 5020 3452 5094 quoniam

1899 5108 2081 5162 multis
2111 5110 2161 5160 in
2198 5110 2332 5163 locis
2368 5113 2614 5165 convivia
2652 5123 3001 5182 peraguntur.
3028 5129 3143 5182 qua:
3177 5130 3204 5167 a
3264 5114 3451 5167 Greco

1897 5212 2082 5252 errore
2111 5200 2417 5255 habuerunt
2450 5202 2772 5270 principium
2796 5209 2853 5257 ut
2886 5202 2938 5255 in
2974 5202 3053 5257 eis
3113 5204 3273 5256 etiam
3332 5217 3458 5257 eon-

1896 5290 2143 5342 venirent
2170 5288 2483 5351 Christiani,
2520 5298 2571 5343 et
2598 5291 2785 5345 eadem
2847 5308 2967 5345 cum
2998 5291 3200 5346 Cra-cis
3230 5307 3453 5364 perage-

1894 5385 2048 5432 rent:
2091 5376 2419 5430 admonendi
2483 5385 2609 5432 sunt
2662 5380 3015 5447 imperatorcs
3064 5388 3122 5433 ut
3166 5393 3226 5433 ea
3272 5382 3451 5449 prolti.

1894 5466 2094 5529 beant;
2118 5474 2173 5516 et
2203 5479 2267 5518 eo
2296 5467 2488 5535 magis.
2528 5468 2669 5533 quod
2700 5469 2861 5522 etiam
2897 5468 2949 5522 in
2975 5483 3128 5522 sacra
3182 5468 3296 5523 loca
3329 5484 3452 5538 pec-

1891 5562 2033 5607 cant.
2072 5551 2259 5608 Evenit
2287 5556 2452 5622 enim,
2487 5568 2660 5614 utnec
2692 5559 3056 5629 religiosiores
3097 5561 3347 5616 mulieres
3399 5564 3451 5616 in

1891 5644 2172 5699 ecclesiam
2224 5648 2817 5719 conveniant,pr0pter
2862 5665 2924 5705 ea
2948 5666 3065 5721 quae
3124 5653 3349 5721 turpiter
3396 5664 3450 5707 et

1891 5734 2143 5790 indecore
2177 5736 2341 5792 liuut:
2369 5754 2563 5811 nempe
2590 5757 2711 5798 cum
2739 5744 2797 5812 ii,
2828 5747 2916 5815 qui
2950 5749 3062 5799 lucc
3090 5744 3309 5807 audent.
3345 5744 3447 5796 ἰω-
