4212 6440
211 402 309 466 257

1147 384 1230 444 IN
1265 382 1433 441 CAN.
1480 375 1724 437 LXVIII
1760 374 1968 434 CONC-
2003 371 2383 430 CAIITIIAG.

3326 368 3433 430 258

208 513 422 569 ΑΡΙΣΤ.
461 528 482 563 ε
522 509 780 581 Δίτητέον
814 508 877 559 ὲκ
906 502 1165 573 βασιλέως
1192 506 1317 568 περὶ
1342 496 1449 550 τῶν
1478 497 1535 547 έν
1569 493 1764 560 ὲκκλη-
1795 496 1839 550 Α

1795 496 1839 550 Α
1874 486 2102 543 AlllS'I‘.
2136 506 2155 539 ι
2192 487 2271 540 Ab
2305 489 2627 554 imperatore
2656 486 2942 555 petendum
2996 494 3077 538 est
3125 484 3191 538 de
3246 500 3436 538 manu-

490 618 509 653 ε
557 601 694 662 σίιις
728 600 1023 666 γινομένων
1070 589 1415 660 ελευθεριῶν.
1465 605 1483 637 ι

273 695 459 763 Νόμου
527 692 649 745 τότε
720 686 1043 759 κρατοῦντος
1121 684 1245 745 τοὺς
1288 679 1771 748 έλευθερουμένους

209 784 426 846 δούλους
461 781 539 852 μὴ
566 779 799 849 ἀλλαχοῦ
843 779 939 840 τὰς
970 774 1281 843 ὶλευθερίας
1306 770 1625 840 λαμϐάνειν,
1658 768 1771 821 ἀλλ’

209 878 243 947 ἢ
274 877 332 929 έν
369 878 488 935 ταῐς
548 871 769 939 στήλαις
802 868 908 920 τῶν
954 866 1238 937 βασιλέων,
1272 863 1530 931 δεηθῆναι
1582 861 1616 924 ὴ
1647 862 1772 913 σύν-

210 966 330 1029 οδος
393 964 533 1030 αὕτη
562 960 658 1013 τοῦ
690 959 953 1029 βασιλέως
1000 960 1111 1019 τοῖς
1164 955 1294 1025 παρ’
1325 954 1492 1021 αὑτῆς
1533 952 1773 1005 σταλεῖσι

213 1054 581 1124 πρεσϐευταῖς
604 1050 1000 1121 προετρέψατο,
1046 1046 1123 1109 ὡς
1155 1048 1222 1101 ἂν
1265 1045 1339 1115 μή
1381 1046 1437 1097 αι
1494 1043 1775 1111 γινόμεναι

212 1146 271 1199 έν
292 1146 413 1206 ταῖς
447 1142 769 1211 ὶκκλησίαις
800 1138 1113 1210 ιλευθερίαι
1140 1137 1227 1190 διά
1269 1136 1359 1188 τδν
1395 1134 1557 1201 νόμον
1585 1132 1775 1185 τοῦτον

213 1234 651 1304 ἀνατρέπονται,
698 1231 810 1284 ἀλλ’
856 1231 1040 1285 ἀδειαν
1072 1226 1319 1297 φανερῶς
1352 1225 1578 1285 ταύταις
1626 1222 1777 1285 δοθῆ-

213 1344 302 1381 ναι
323 1326 483 1381 τοῦτο
510 1324 794 1395 πράττειν.

796 1411 1037 1467 ΚΔΝΩΝ
1078 1410 1207 1463 ΞΙΡ.

225 1523 243 1556 ι
291 1503 431 1574 Περὶ
459 1504 712 1557 Δίκυτίου
766 1502 1068 1555 ιπισκόπου
1118 1499 1212 1553 τοῦ
1271 1496 1777 1557 καταδικασθέντος.

297 1618 317 1649 ι
364 1598 633 1665 Αὐρήλιος
690 1596 987 1655 έπίσκοπος
1040 1589 1215 1644 εἶπεν·
1251 1589 1359 1643 Τοῦ
1390 1588 1642 1642 Αίκυτίου
1701 1587 1783 1639 ετι

291 1704 311 1737 ε
362 1688 492 1754 μὴν,
529 1684 623 1737 τοῦ
649 1683 887 1737 ἔκπαλαι
918 1682 1059 1735 κατά
1086 1682 1185 1749 τὴν
1228 1680 1364 1732 ίδίαν
1393 1677 1551 1742 ἀξίαν
1580 1680 1642 1747 τῇ
1675 1678 1782 1729 τῶν

292 1795 310 1828 ι
357 1776 672 1830 έπισκόπων
696 1774 888 1847 γνώμῃ
909 1771 1418 1834 καταδικασθέντος,
1450 1770 1514 1820 τὸ
1549 1770 1783 1838 πρᾶγμα

294 1883 313 1915 ε
358 1866 460 1917 οὑκ
525 1860 675 1933 οἶμαι
742 1862 1047 1932 παρεατέον
1080 1862 1148 1931 τῇ
1188 1857 1476 1929 πρεσδείᾳο
1527 1858 1634 1922 ινα,
1689 1858 1786 1909 ἐὰν

295 1974 315 2006 ε
362 1955 528 2024 τυχὸν
577 1953 765 2008 τοῦτον
823 1952 972 2023 εὖροι
1009 1953 1065 2004 έν
1098 1950 1332 2011 ἑκείνοις
1387 1950 1498 2011 τοῖς
1538 1949 1782 2018 μέρεσιν,

294 2065 314 2095 ε
360 2044 504 2100 εστω
562 2047 695 2117 πρὸς
753 2043 1027 2113 φροντίδος
1073 2040 1149 2111 τῷ
1192 2040 1341 2110 αὐτῷ
1375 2039 1590 2108 ἀδελφῷ
1633 2039 1789 2106 ἡμῶν

296 2155 316 2188 ι
366 2137 507 2208 ὑπὲρ
533 2139 629 2207 τῆς
658 2126 1123 2206 ἐκκλησιαστικῆς
1149 2132 1554 2197 καταστάσεως,
1582 2134 1658 2194 ὡς
1687 2134 1789 2202 χρὴ

297 2246 315 2277 ε
363 2230 460 2280 καὶ
480 2230 611 2280 ὅπου
642 2228 760 2293 ἐξὸν
797 2229 905 2296 εῐη,
933 2225 1055 2279 κατ’
1100 2226 1312 2278 ἐκείνου
1366 2222 1788 2294 διαπράξασθαι.

296 2337 317 2369 ε
377 2319 515 2372 Ἀπὸ
568 2319 785 2373 πάντων
848 2318 957 2371 τῶν
1012 2318 1329 2371 έπισκόπων
1380 2315 1593 2387 ἐλέχθηι
1653 2316 1789 2367 Πολὺ

297 2429 317 2460 ε
366 2410 588 2479 ἀρέσκει
640 2408 733 2463 καὶ
786 2407 925 2476 αὕτη
979 2410 1012 2477 ή
1066 2406 1507 2476 έξακολοὺθησιςο
1558 2407 1790 2474 μάλιστα

298 2518 319 2547 ε
365 2497 449 2549 ὅτι
509 2497 741 2550 ἐκπαλαι
772 2496 1228 2550 καταδεδίκασται
1255 2498 1283 2550 ό
1311 2496 1471 2558 αὐτὸς
1519 2495 1792 2560 Αίκὺτιος,

296 2608 317 2640 ι
368 2588 733 2654 καὶήτοὺτου
781 2589 1136 2660 ἀναίσχυντος
1192 2586 1462 2656 ἀνησυχία
1514 2588 1655 2656 ὑπὲρ
1696 2586 1792 2654 τῆς

303 2699 321 2729 ι
371 2678 764 2741 καταστάσεως
821 2679 915 2731 καὶ
976 2677 1253 2747 σωτηρίας
1309 2676 1411 2745 τῆς
1475 2677 1794 2745 Ἐκκλησίας

299 2790 319 2821 ε
370 2771 574 2838 μᾶλλον
624 2772 718 2823 καὶ
777 2768 977 2839 μᾶλλον
1052 2769 1323 2839 πανταχοῦ
1402 2768 1795 2837 καταμαχητέα

302 2878 321 2909 ι
372 2858 543 2911 ἐστίν.
602 2859 710 2914 Καὶ
766 2858 1108 2928 ὑπέγραψαν·
1164 2858 1435 2927 Αὐρήλιος
1497 2859 1794 2919 ὶπίσκοπος

302 2968 321 2998 ε
371 2950 468 3019 τῆς
520 2952 578 3002 εν
636 2949 941 3019 Καρχηδόνι
974 2950 1264 3020 ἐκκλησίας
1298 2951 1375 3019 τῷ
1422 2950 1649 3019 παρόντι
1694 2950 1799 3018 ψη-

303 3060 321 3091 ε
375 3042 612 3110 φίσματι
667 3041 981 3111 συνῄνεσα,
1048 3044 1145 3094 καὶ
1211 3042 1612 3108 ἁναγνωσθέντι
1661 3042 1796 3092 ὑπέ-

296 3151 315 3181 ε
368 3133 581 3203 γραψα.
668 3132 899 3202 Ὁμοίως
974 3132 1069 3185 καὶ
1143 3133 1195 3185 el
1267 3131 1444 3183 λοιποὶ
1508 3134 1795 3184 ἐπίσκοποι

299 3240 320 3273 ε
364 3221 707 3292 ὑπέγραψαν.
748 3240 766 3274 ι

294 3314 498 3367 ΒΑΛΣ.
546 3316 607 3367 '0
657 3314 912 3377 Δίκύτιος
964 3314 1244 3384 καθῃρέθη
1301 3314 1393 3367 καὶ
1418 3314 1515 3381 οὐχ
1540 3312 1800 3381 ἡσύχαζε.

221 3405 401 3475 Φησὶν
424 3400 518 3457 οὖν
545 3407 574 3456 ό
602 3405 892 3474 Αὐρήλιος,
921 3405 1009 3459 ἵνα
1053 3406 1150 3457 εὰν
1189 3405 1485 3473 εὑρήσουσι
1537 3420 1727 3455 τουτον
1755 3405 1803 3454 οἱ

222 3496 630 3566 τοποτηρηταὶ,
654 3498 1036 3566 φροντίσωσιν,
1084 3498 1162 3559 ὡς
1206 3498 1455 3563 δύναμις,
1493 3493 1722 3562 ποιῆσαί
1751 3510 1803 3544 τι

227 3591 309 3651 είς
336 3588 509 3658 τιμήν
562 3588 662 3657 τῆς
718 3588 1182 3659 έκκλησιαστικῆς
1250 3590 1659 3648 καταστάσεως,
1718 3584 1805 3637 διὰ

222 3675 325 3728 τοῦ
368 3674 643 3744 παυθῆναι
676 3676 859 3731 αὐτόν.
906 3673 1076 3730 Εἶπον
1100 3677 1156 3730 δὲ
1187 3678 1275 3729 καὶ
1334 3677 1533 3738 πάντες
1576 3676 1651 3738 ὡς
1680 3672 1808 3742 ἀρέ-

227 3782 356 3819 σκει
392 3762 575 3820 τοῦτο.
621 3765 681 3819 'H
710 3770 818 3836 γὰρ
852 3768 1025 3836 πολλὴ
1077 3768 1434 3836 ἀναισχυντία
1465 3769 1559 3820 καὶ
1587 3765 1807 3834 ὄχλησις

224 3859 323 3911 τοῦ
345 3857 613 3910 Αίκυτίου
649 3858 1015 3925 ἀντιμάχεται
1049 3857 1221 3921 αὐτῷ,
1256 3857 1503 3910 τουτέστι
1538 3857 1685 3908 ποιεῖ
1717 3856 1807 3907 καὶ

224 3952 428 4008 αὑτοὺς
463 3947 825 4017 ἀσυμπαθεῖς.

298 4032 547 4088 ΖΩΝΔΡ.
616 4033 674 4085 '0
745 4036 995 4099 Αἰκὺτιος
1070 4036 1438 4105 κατεδικάσθη
1498 4038 1650 4106 παρά
1700 4036 1807 4089 τῶν

229 4129 557 4181 ὶπισκόπων
590 4130 681 4179 καὶ
709 4127 998 4197 ἐγυμνώθη
1025 4131 1122 4196 τῆς
1162 4129 1297 4188 ἰδίας
1332 4128 1507 4191 ἀξίας,
1539 4129 1660 4197 ἦτοι
1680 4129 1809 4179 καθο

226 4219 410 4290 ῃρέθη
450 4234 463 4247 ·
498 4218 607 4270 ὁδὶ
640 4219 736 4285 οὑχ
786 4220 1081 4287 ἡσύχασεν,
1135 4215 1251 4268 ἀλλ’
1310 4216 1585 4285 ἑθορύόει.
1642 4215 1808 4267 Φασὶν

226 4308 324 4365 οὖν
365 4312 450 4360 ὅτι
487 4310 723 4361 ἔκπαλαι
768 4307 1137 4375 κατεδικάσθη
1178 4309 1318 4360 κατά
1346 4308 1444 4375 τὴν
1475 4307 1611 4359 ἰδίαν
1632 4306 1808 4371 ἀξίαν,

227 4402 404 4473 ἦγουν
440 4400 517 4462 ὡς
548 4394 618 4469 ἧν
653 4398 823 4463 ἄξιος,
866 4398 960 4450 καὶ
995 4398 1056 4450 οὑ
1105 4396 1211 4467 χρὴ
1272 4397 1519 4464 παριδεῖν
1571 4395 1631 4448 τὸ
1682 4397 1812 4463 περὶ

2112 596 2129 628 ι
2162 577 2505 631 missionibus
2537 591 2655 644 qua:
2678 577 2730 630 in
2758 576 3001 630 ecclesiis
3042 575 3196 631 nunt.
3235 593 3254 627 ι

1946 666 2087 737 Lege
2114 675 2242 720 tunc
2279 666 2580 729 obtlnente,
2618 675 2675 717 ιιι
2699 665 2841 720 servi
2873 666 3189 718 manumissi
3237 662 3433 719 nullibi

1875 759 2180 815 libertatem
2212 758 2540 825 accipereut,
2568 755 2668 808 nisi
2699 756 2751 808 in
2810 755 3195 823 imperatorum
3230 755 3433 823 cippisj:

1876 850 2111 920 synodus
2185 848 2300 903 hac
2361 846 2568 916 legatos
2624 860 2742 900 ase
2795 845 2991 899 missos
3059 846 3433 914 imperatorem

1876 953 2039 993 orare
2094 938 2385 1003 hortatur,
2451 947 2508 989 ιιι
2565 936 3019 989 manumissiones
3090 935 3143 988 in
3197 934 3440 987 ecclesiis

1876 1030 2031 1083 facta
2063 1042 2160 1096 per
2197 1029 2356 1081 istam
2418 1026 2586 1092 legem
2641 1039 2743 1079 non
2803 1032 3210 1096 everterentur;
3248 1025 3341 1077 sed
3386 1033 3443 1074 ut

1878 1120 1945 1174 iis
1976 1095 2190 1172 licentia
2248 1116 2379 1170 illud
2429 1113 2659 1169 faciendi
2695 1112 2981 1167 manifesto
3030 1095 3439 1166 concederetur.

2405 1370 2630 1427 (ZANON
2690 1372 2919 1429 ωιιίιι.

1889 1484 1907 1517 ε
1944 1467 2013 1520 De
2050 1464 2267 1533 Equitio
2320 1463 2577 1532 episcopo
2625 1465 2999 1517 candemnato.
3030 1461 3279 1518 Aurelius
3328 1464 3444 1532 epi-

1965 1571 2205 1625 ιεοορυσ
2262 1554 2440 1609 dixit:
2499 1554 2698 1622 Equitii
2734 1564 3018 1623 prcetereu,
3081 1569 3177 1622 pro
3229 1554 3440 1608 meritis

1977 1646 2348 1715 «jampridem
2400 1645 2695 1712 episcopali
2760 1643 3031 1699 sententia
3103 1644 3444 1697 condemnati

1968 1756 1986 1787 ε
2018 1737 2291 1805 negotium
2317 1751 2421 1789 non
2453 1736 2708 1789 existimo
2754 1750 2877 1790 esse
2936 1735 3189 1804 legationi
3223 1744 3446 1801 pra'tcr-

1973 1846 1990 1877 ε
2021 1826 2342 1887 mittendum
2376 1842 2391 1881 :
2421 1826 2538 1878 utsi
2594 1840 2719 1877 eum
2766 1825 2907 1878 forte
2954 1826 3007 1877 in
3058 1825 3164 1877 illis
3199 1825 3445 1893 partibus

1981 1935 1999 1967 ε
2039 1917 2325 1978 invenerit,
2350 1929 2492 1975 curre
2514 1915 2587 1967 sit
2617 1915 2716 1981 ipsi
2754 1914 2909 1968 fratri
2936 1924 3142 1977 nostro,
3182 1929 3279 1982 pro
3309 1923 3449 1966 statu

1974 2027 1992 2059 ι
2022 2007 2414 2072 ecclesiastico,
2452 2016 2507 2059 ιιι
2534 2017 2770 2076 oportet,
2794 2014 2848 2060 et
2879 2006 2966 2060 ubi
3002 2006 3234 2073 licuerit,
3267 2005 3457 2058 adver-

1971 2118 1991 2151 ε
2026 2114 2117 2154 sus
2168 2100 2315 2152 illum
2395 2112 2679 2167 peragere.
2738 2098 2821 2153 Ab
2868 2098 3121 2153 omnibus
3181 2097 3455 2166 episcOpis

1977 2208 1995 2241 ε
2025 2191 2228 2244 dictum
2263 2200 2366 2254 est,
2416 2190 2639 2245 Multum
2690 2190 2865 2260 placet
2912 2190 3025 2243 lucc
3070 2202 3282 2256 quoque
3330 2201 3459 2241 con-

1982 2299 2000 2332 ι
2030 2284 2307 2351 sequentia
2333 2300 2347 2338 :
2376 2285 2611 2335 maxime
2637 2282 2762 2350 quia
2788 2282 2901 2350 jam
2926 2281 3052 2335 olim
3073 2280 3463 2335 condemnatus

1987 2394 2004 2424 ε
2034 2385 2118 2429 est
2153 2375 2240 2429 hic
2262 2372 2532 2443 Equitius,
2562 2386 2617 2428 et
2652 2374 2936 2442 impudens
2963 2372 3082 2441 ejus
3112 2370 3449 2440 inquietmlo,

1994 2485 2012 2515 ε
2052 2480 2149 2534 pro
2175 2474 2317 2519 statu
2348 2476 2400 2519 et
2449 2465 2621 2519 salute
2665 2465 2941 2529 Ecclesiae,
2975 2465 3144 2532 magis
3183 2471 3237 2515 et
3287 2462 3464 2530 magis

1980 2580 1998 2611 ι
2037 2563 2236 2629 ubique
2283 2572 2364 2613 eSt
2414 2559 2796 2629 oppugnanda.
2858 2557 2924 2612 Et
2978 2557 3462 2626 subscripserunt:

1990 2669 2007 2699 ε
2046 2651 2297 2704 Aurelius
2358 2651 2645 2718 episcopus
2706 2647 3159 2718 Carthaginensis
3226 2644 3468 2697 ecclesia:

1993 2760 2011 2792 ι
2045 2740 2292 2809 praesenti
2312 2741 2543 2794 decreto
2572 2741 2845 2804 consensi,
2880 2750 2935 2791 et
2970 2738 3106 2791 lecto
3143 2736 3462 2803 subscripsi.

1989 2852 2007 2884 ι
2038 2831 2301 2889 Similiter
2325 2842 2377 2886 et
2414 2831 2610 2901 reliqui
2656 2830 2895 2900 episcopi
2948 2830 3398 2898 subscripserunt.
3444 2843 3465 2879 ι

1978 3316 2169 3372 BALS.
2214 3316 2463 3386 Equitius
2509 3315 2608 3369 fuit
2646 3315 2945 3386 mpositus,
3006 3325 3058 3369 et
3104 3330 3208 3369 non
3245 3314 3472 3385 quievit.

1907 3407 2048 3463 Dicit
2072 3424 2201 3477 ergo
2234 3408 2507 3472 Aurelius,
2540 3407 2683 3476 quod
2727 3408 2772 3461 si
2800 3422 2923 3460 eum
2954 3404 3113 3476 legati
3151 3408 3475 3467 invenerint,

1907 3507 2120 3560 curent,
2148 3508 2204 3549 ut
2236 3506 2484 3564 possunt,
2511 3496 2711 3565 aliquid
2747 3511 2906 3565 agere
2935 3496 2986 3550 in
3024 3497 3287 3551 honorem
3306 3506 3479 3550 status

1906 3587 2281 3652 ecclesiastici,
2314 3602 2435 3640 eum
2468 3602 2685 3641 cessare
2714 3587 2987 3641 faciendo.
3013 3586 3275 3642 Dixerunt
3301 3598 3475 3639 autem

1908 3694 2096 3734 onmes
2124 3680 2223 3732 huc
2256 3680 2335 3733 eis
2356 3679 2590 3748 placere.
2644 3677 2803 3732 Multa
2855 3680 3001 3733 enim
3054 3680 3382 3748 impudentia
3419 3688 3475 3728 et

1910 3772 2061 3822 turba
2088 3769 2355 3838 Equitiiei
2389 3770 2728 3831 adversatur,
2779 3768 2879 3822 ltoc
2936 3779 3038 3834 est,
3087 3768 3221 3823 facit
3268 3782 3325 3821 υι
3366 3766 3469 3836 ipsi

1910 3862 2051 3916 nulla
2080 3862 2197 3929 ejus
2237 3859 2606 3915 misericordia
2645 3869 2979 3912 moveantur.

1982 4038 2231 4094 ZONAR.
2262 4039 2511 4106 Equitius
2538 4040 2604 4091 ab
2642 4039 2914 4106 episcopis
2969 4040 3381 4108 condemnatus,
3415 4056 3478 4093 ac.

1911 4131 2173 4199 dignitate
2206 4146 2298 4183 Sun
2329 4130 2617 4199 spoliatus,
2670 4131 2773 4183 ltoc
2804 4141 2913 4194 est,
2958 4132 3295 4198 depositione
3342 4136 3482 4185 mul-

1912 4231 2055 4277 tatus
2082 4221 2199 4275 fuit.
2220 4221 2313 4274 Ille
2346 4237 2472 4275 vero
2497 4220 2767 4289 inquietus
2799 4230 2990 4273 cuncta
3022 4224 3251 4276 tumultu
3286 4225 3481 4277 misce-

1911 4313 2021 4366 bat.
2056 4310 2190 4364 Eum
2232 4313 2395 4378 igitur
2422 4311 2534 4379 jam
2564 4310 2718 4374 olim,
2754 4320 2813 4362 ιιι
2864 4313 3211 4366 commeritus
3269 4314 3469 4376 fuerat,

1913 4402 2231 4453 damnatum
2254 4399 2423 4453 fuisse
2448 4412 2717 4467 asserunt,
2744 4415 2917 4468 neque
2950 4415 3075 4454 vero
3098 4402 3269 4469 ipsius
3316 4419 3481 4470 nego-

227 4493 402 4545 αὑτοῦ
443 4490 697 4560 πρᾶγμα,
729 4491 899 4558 ήγουν
955 4489 1081 4558 περὶ
1136 4486 1303 4539 αὑτοῦ
1335 4487 1533 4554 πρᾶξιν
1580 4487 1675 4538 καὶ
1705 4486 1806 4553 τὴν
1841 4528 1881 4582 D

1841 4528 1881 4582 υ
1915 4491 2009 4555 tia,
2046 4492 2147 4545 boc
2171 4501 2273 4554 est,
2298 4492 2565 4544 actionem
2606 4502 2660 4543 et
2685 4504 2901 4543 causam
2935 4490 3106 4557 ipsius
3157 4505 3277 4545 esse
3313 4497 3480 4561 negti-

230 4582 517 4646 ὑπόθεσιν,
547 4579 661 4632 ἀλλ’
691 4578 1036 4632 ἐντείλασθαι
1087 4576 1165 4647 τῷ
1214 4576 1555 4645 στελλομένῳ
1586 4576 1704 4627 ὲκεῐ
1728 4576 1805 4636 είς

230 4671 561 4742 πρεσϐείαν,
584 4670 677 4721 ἐὰν
711 4667 847 4738 εὕρῃ
902 4668 1064 4721 αὑτὸν
1096 4669 1155 4720 έν
1189 4666 1417 4729 ικιίνοις
1456 4669 1565 4729 τοῖς
1593 4666 1808 4735 μέρεσι,

230 4764 323 4818 διὰ
358 4762 650 4833 φροντίδος
695 4761 948 4830 ποιῆσαι,
1004 4761 1077 4823 ὡς
1130 4758 1377 4825 δύναται,
1443 4757 1562 4811 κατ’
1599 4758 1807 4810 ἐκείνου

234 4858 490 4928 χωρῆσαι
552 4853 692 4921 ὑπὲρ
737 4851 838 4921 τῆς
890 4850 1355 4920 ὲκκλησιαστικῆς
1395 4849 1806 4912 καταστάσεως,

232 4950 323 5001 ενα
350 4947 433 5018 μή
461 4962 546 5008 τις
567 4930 781 5014 ταραχὴ
807 4940 868 5006 ιε
895 4942 1103 4995 ἐκείνου
1124 4943 1192 5011 τῇ
1235 4940 1529 5010 Ἐκκλησία
1562 4942 1806 5010 γένηται.

241 5039 308 5093 Ἦ
338 5041 454 5106 γὰρ
480 5034 673 5089 τούτου
695 5034 1072 5104 ἀναίσχυντος,
1109 5034 1292 5102 φασιν,
1327 5034 1620 5104 ἀνησυχία,
1647 5049 1811 5085 τουτ-

232 5129 347 5184 ἐστι
406 5128 469 5180 τὸ
519 5127 596 5198 μὴ
636 5125 810 5178 θέλειν
877 5125 1040 5178 αὑτὸν
1093 5124 1327 5194 ἡσυχίαν
1386 5124 1541 5191 ἄγειν
1572 5122 1630 5186 ἐξ
1658 5126 1814 5175 ἀναι-

234 5218 517 5288 σχυντίας,
582 5216 783 5284 μᾶλλον
833 5216 1187 5283 καὶμᾶλλον,
1224 5215 1341 5266 ἀντὶ
1393 5213 1489 5266 τοῦ
1528 5214 1812 5277 πλειόνως,

234 5308 660 5379 καταμαχητέα,
706 5307 873 5376 ἤγουν
927 5305 1282 5359 ἀνθίστασθαι
1336 5305 1485 5375 αὑτῷ
1544 5309 1637 5358 καὶ
1666 5306 1812 5357 ἀντι-

233 5404 441 5471 πρὰττε
452 5416 501 5451 ιν
533 5396 704 5461 ἀξιον.

232 5492 462 5547 ΔΡΙΣΤ.
538 5507 559 5541 ε
644 5490 901 5553 Δίκύτιος
979 5489 1209 5543 ικπαλαι
1270 5488 1690 5553 καταδικασθεὶς
1744 5494 1807 5561 τῇ

306 5603 325 5635 ι
372 5582 488 5636 τῶν
548 5583 865 5636 έπισκόπων
911 5581 1129 5655 γνώμῃ,
1180 5584 1275 5636 καὶ
1331 5585 1810 5653 καταναισχυντών

308 5695 327 5727 ι
376 5673 525 5743 ὑπέρ
554 5673 654 5739 τῆς
713 5674 1178 5746 ἑκκλησιαστικῆς
1236 5676 1650 5741 καταστάσεως,
1709 5696 1811 5747 μα-

307 5785 329 5819 ε
374 5766 572 5837 γητέος
606 5764 766 5820 ἔστω.
802 5784 822 5818 ι

1913 4584 2161 4652 gendum,
2199 4581 2296 4636 sed
2330 4581 2401 4646 ei,
2436 4580 2529 4648 qui
2588 4579 2797 4647 legatus
2832 4580 2884 4633 in
2934 4579 3053 4634 illas
3109 4594 3235 4655 oras
3299 4585 3477 4649 profe-

1911 4684 2102 4728 cturus
2141 4681 2245 4736 est,
2278 4670 2720 4741 praecipiendum,
2752 4682 2825 4741 μιι
2872 4672 2915 4725 si
2974 4672 3247 4726 bomiuem
3298 4675 3351 4726 in
3416 4674 3483 4729 iis

1912 4766 2221 4833 regionibus
2253 4764 2544 4828 invenerit,
2574 4765 2722 4819 omni
2765 4763 2942 4819 studio
2976 4775 3028 4819 et
3060 4761 3257 4819 cond'tu
3290 4778 3480 4821 contra

1915 4857 2060 4911 illum
2091 4872 2189 4925 pro
2216 4854 2589 4910 ecclesiastica
2632 4855 3269 4926 tranquillitatepugnet,
3320 4858 3483 4927 602

1915 4962 1981 5001 ne
2009 4946 2133 5014 quis
2156 4934 2231 4999 ab
2265 4958 2331 4999 co
2366 4944 2418 4997 in
2455 4943 2698 4999 Ecclesia
2732 4936 2997 4999 iumultus
3058 4948 3307 5002 exsistat.
3347 4948 3478 5001 Cum

1912 5036 2057 5089 enim
2108 5035 2275 5099 illius,
2342 5035 2612 5102 inquiunt,
2667 5036 2964 5105 irrequieta
3000 5037 3073 5090 sit
3126 5037 3484 5107 impudentia,

1912 5125 2016 5181 hoc
2038 5136 2143 5191 est,
2161 5139 2283 5180 cum
2303 5134 2523 5195 propter
2542 5125 3186 5198 impudentiamﬂuietem
3204 5142 3361 5196 agere
3380 5144 3482 5180 nu-

1920 5220 2019 5284 lit;
2055 5226 2207 5271 tanto
2238 5217 2409 5285 magis
2432 5216 2591 5271 nobis
2639 5215 2948 5270 faciendum
3018 5227 3123 5281 est,
3170 5227 3228 5271 ut
3292 5226 3481 5271 contra

1914 5325 2038 5363 eum
2070 5322 2387 5379 pugnemus,
2422 5307 2523 5361 boe
2581 5317 2665 5363 est
2712 5308 2786 5361 illi
2844 5309 3194 5371 obsistamus,
3260 5308 3483 5378 ejusque

1912 5402 2197 5455 conatibus
2240 5397 2606 5469 refragemur.

1911 5488 2140 5546 ARIST.
2179 5510 2196 5543 ι
2228 5490 2477 5559 Equitius
2502 5490 2827 5563 jampridem
2861 5491 3242 5561 episcoporum
3272 5489 3488 5560 judicio

1998 5602 2016 5634 ι
2064 5585 2480 5652 condemnatus,
2519 5593 2574 5640 et
2623 5584 2964 5655 impudenter
3023 5597 3082 5638 se
3115 5596 3304 5653 gerens
3346 5598 3476 5635 con-

2003 5697 2023 5728 ε
2063 5687 2144 5730 tra
2168 5676 2593 5734 ecclesiasticam
2640 5675 3117 5734 constitutionem.
3166 5688 3485 5747 oppugnan-

1998 5797 2016 5831 ε
2049 5778 2145 5833 dus
2169 5785 2270 5832 cst.
2298 5795 2315 5827 ι
