4212 6440
235 389 341 453 2θὸ

1242 382 1318 441 IN
1359 378 1520 441 CAN.
1560 375 1744 438 LXXI
1825 375 2031 439 CONC.
2073 374 2441 436 CARTIIAG.

3350 366 3455 430 266

301 525 321 557 ε
359 504 507 572 αὐτῷ
536 504 683 567 τόπῳ
724 498 1091 570 κυϐερνῶντος
1148 496 1245 564 τὴν
1294 492 1641 561 Ἐκκλησίαν,
1694 491 1789 545 εὰν
1818 498 1862 552 Α

1818 498 1862 552 Α
1968 491 2311 545 «honoribus
2397 490 2796 557 suScipiatttur:
2877 489 3322 558 quemadmodum
3402 492 3453 542 iu

304 614 324 646 ε
361 594 517 647 τοῦτο
544 589 945 659 συμϐάλλεσθαι
984 588 1050 655 τῇ
1079 584 1192 637 τῶν
1219 579 1565 651 Χριστιανῶν
1593 579 1791 647 είρήνῃ

305 704 329 740 s
364 686 586 754 φανείη,
619 686 676 736 tv
719 682 837 741 ταῖς
886 678 1049 739 ίδίαις
1116 677 1305 744 τιμαῖς
1354 673 1557 734 αὐτοὺς
1608 670 1797 724 ἀναδε-

314 796 333 828 t
371 776 602 845 χθῆναιο
631 772 811 833 καθὼς
848 770 944 821 καὶ
986 770 1044 820 tv
1074 770 1183 825 τοῖς
1219 761 1553 834 προλαϐοῦσι
1582 762 1792 831 χρόνοις

314 885 333 918 ι
376 866 507 934 περὶ
542 867 640 932 τῆς
681 861 850 929 αὐτῆς
879 858 1219 917 διαστάσεως
1271 853 1527 920 γενέσθαι
1568 850 1798 918 φανερόν

314 978 334 1011 ε
373 960 521 1012 ἑστιν
550 974 564 988 ο
608 957 744 1022 δττερ
787 951 1001 1004 πολλῶν
1055 949 1153 1002 καὶ
1195 946 1383 1015 σχεδὸν
1444 943 1637 998 πασῶν
1684 942 1797 995 τῶν

318 1069 337 1101 ι
381 1051 441 1103 tv
462 1052 531 1118 τῇ
566 1047 801 1115 Ἀφρικῇ
850 1043 1181 1109 ἐκκλησιῶν,
1232 1041 1289 1091 tv
1350 1032 1434 1098 αῖς
1484 1037 1518 1105 ή
1571 1033 1797 1100 τοιαύτη

318 1159 338 1190 ε
378 1138 554 1205 πλάνη
584 1136 819 1202 άνεφύη,
850 1134 919 1185 τὰ
942 1130 1370 1201 παραδείγματα
1407 1125 1795 1196 μαρτύρονται·

319 1248 338 1280 ι
376 1228 473 1297 οὐχ
499 1228 584 1280 ῖνα
626 1228 659 1295 ἡ
693 1223 908 1286 σύνοδος
942 1224 973 1292 ἡ
1006 1224 1062 1275 tv
1093 1222 1203 1281 τοῖς
1244 1215 1653 1287 περαματικοῖς
1709 1209 1804 1278 μέ-

326 1342 344 1372 ι
384 1337 503 1390 ρεσι
566 1318 695 1387 περὶ
744 1316 935 1368 τούτου
991 1313 1084 1366 τοῦ
1159 1311 1483 1380 πράγματος
1538 1302 1807 1371 γενομένη

321 1430 339 1461 ι
375 1408 622 1477 διαλυθῇ,
665 1406 779 1459 ἀλλ’
812 1405 900 1457 ἴνα
930 1404 1105 1455 έκεῖνο
1142 1398 1301 1467 μείνῃ
1333 1396 1461 1465 περὶ
1489 1395 1614 1453 τοὺς
1635 1391 1805 1450 οὓτως

324 1520 343 1550 ι
382 1499 658 1569 μετελθεῖν
686 1496 821 1565 πρὸς
860 1494 959 1561 τὴν
993 1490 1288 1555 καθολικὴν
1326 1484 1651 1552 Ἐκκλησίαν
1684 1484 1807 1549 βου-

322 1609 340 1641 ι
376 1589 652 1658 λομένους,
684 1587 822 1637 ὥστε
872 1583 1141 1652 μηδεμίαν
1166 1581 1257 1631 επὶ
1288 1578 1490 1630 τούτων
1542 1575 1641 1642 τῆς
1700 1571 1813 1624 ενό-

328 1701 345 1731 ε
384 1695 546 1748 τητος
575 1676 863 1745 συντομίαν
896 1668 1372 1742 περιεργάζεσθαι.
1392 1667 1467 1717 Δι’
1486 1658 1557 1717 ὧν
1580 1664 1635 1715 δὶ
1652 1658 1813 1715 παντὶ

326 1791 343 1823 ι
379 1772 563 1842 τρόπῳ
597 1767 978 1834 έκτελεσθῆναι
1012 1764 1105 1815 καὶ
1157 1757 1564 1829 προσδοηθῆναι
1621 1754 1654 1820 ὴ
1684 1750 1814 1842 καθ-

1968 600 1985 629 ε
2024 583 2294 649 prioribus
2359 581 2687 649 temporibus
2744 584 2809 636 de
2864 584 3052 634 eadem
3112 582 3451 635 dissensione

1972 671 2226 724 «factum
2296 686 2416 725 esse
2477 672 2817 725 manifestum
2873 681 2986 732 est;
3049 673 3192 739 qttod
3242 672 3457 739 quidem

1971 782 1986 812 ι
2029 763 2319 815 multarum
2371 772 2529 830 atque
2554 764 2687 815 adeo
2712 760 2823 814 fere
2880 763 3119 814 omnium
3169 763 3223 814 in
3281 763 3457 814 Africa

1972 868 1990 898 ε
2024 850 2398 914 ecclesiarum,
2476 852 2527 903 in
2555 850 2749 917 quibus
2792 850 2878 903 hic
2911 864 3065 903 error
3106 858 3326 903 exortus
3356 860 3459 914 est,

1988 959 2005 989 ε
2042 940 2285 1008 exempla
2318 950 2603 993 testantur.
2630 939 2741 995 Non
2770 950 2825 993 ut
2860 942 3118 1010 synodus.
3159 956 3275 1008 qua:
3317 941 3380 993 de
3402 955 3462 993 ea

1989 1052 2005 1085 ι
2037 1047 2096 1087 re
2129 1031 2271 1087 facta
2310 1042 2401 1086 est
2429 1033 2484 1085 in
2528 1034 2906 1087 transmarinis
2959 1034 3222 1098 partibus,
3278 1033 3461 1087 dissol-

1980 1144 1997 1176 ε
2033 1137 2223 1187 vatur;
2255 1122 2347 1177 sed
2402 1134 2460 1175 ut
2513 1123 2640 1175 illud
2673 1133 2888 1175 maneat
2921 1123 3062 1190 apud
3104 1138 3219 1184 eos,
3253 1124 3341 1190 qui
3390 1125 3464 1177 sic

1983 1232 2000 1265 ι
2037 1214 2221 1267 volunt
2263 1213 2326 1265 ad
2372 1212 2690 1266 catholicam
2741 1212 3037 1266 Ecclesiain
3108 1215 3360 1276 transire,
3410 1224 3468 1267 ut

1992 1322 2009 1353 ι
2050 1304 2246 1355 nullam
2281 1304 2331 1355 iu
2356 1316 2421 1355 eo
2461 1302 2673 1355 unionis
2706 1302 3072 1355 concisionetn
3125 1302 3337 1355 eIIicial.
3372 1303 3471 1355 Per

1987 1408 2167 1462 «quos
2190 1403 2369 1446 autem
2426 1394 2675 1446 omnibus
2712 1394 2885 1446 modis
2940 1392 3073 1446 efﬁci
3124 1404 3177 1446 et
3231 1396 3471 1461 adjuvari

1988 1504 2005 1535 ι
2040 1486 2361 1541 catholicam
2398 1486 2673 1548 unionem,
2720 1486 3009 1538 manifesto
3037 1486 3187 1540 lucro
3209 1486 3473 1540 fraterna-

1991 1594 2011 1625 ι
2046 1590 2162 1627 rum
2198 1574 2923 1641 animarum,apparueritin
2947 1574 3009 1626 iis
3036 1574 3166 1627 locis
3199 1575 3252 1627 in
3282 1578 3472 1643 quibus

1992 1683 2009 1715 ι
2041 1665 2261 1731 degunt,
2292 1680 2357 1718 ne
2395 1678 2489 1717 eos
2514 1667 2769 1734 impediat
2798 1669 2939 1733 quod
2980 1667 3239 1720 adversus
3290 1682 3474 1719 eorum

1996 1775 2013 1807 ι
2050 1758 2282 1811 honores
2306 1757 2357 1809 in
2387 1760 2745 1811 transmarina
2775 1759 2981 1827 synodo
2998 1760 3348 1812 constitutum
3376 1768 3476 1811 est:

326 1884 342 1913 ε
378 1834 548 1929 aitth
587 1860 768 1926 ἑνότης
831 1854 1049 1923 φανερῷ
1120 1851 1299 1919 κέρδει
1352 1848 1460 1899 τῶν
1512 1841 1813 1909 ἀδελφικῶν
1848 1834 1887 1888 Β

1848 1834 1887 1888 Β
1992 1866 2012 1899 ε
2044 1849 2476 1917 quandoquidem
2519 1850 2663 1902 salus
2696 1849 2821 1901 nulli
2864 1863 3106 1915 personae
3135 1850 3351 1903 exclusa
3375 1859 3479 1902 est.

323 1972 341 2004 ι
374 1952 560 2021 ψυχῶν
588 1950 783 2017 φανείη
806 1948 862 1997 tv
892 1946 1006 2005 τοῖς
1034 1942 1239 2003 τόποις,
1271 1932 1351 1999 οἷς
1402 1935 1701 2001 διάγουσιν,
1739 1930 1812 1998 μὴ

324 2061 342 2093 ι
383 2040 651 2110 εμποδίσῃ
669 2038 890 2095 τούτους
921 2034 982 2088 τὸ
1025 2032 1246 2103 όρισθλν
1294 2030 1437 2081 κατὰ
1466 2026 1573 2079 τῶν
1633 2021 1812 2090 τιμῶν

323 2149 342 2181 t
385 2128 565 2183 αὐτῶν
624 2129 681 2178 tv
714 2128 778 2195 τῇ
834 2121 1185 2192 περαματικῇ
1236 2116 1457 2184 συνόδῳ,
1506 2113 1708 2166 ὁπόταν
1755 2110 1815 2162 τὸ

328 2236 347 2268 ι
389 2216 629 2285 σωθῆναι
683 2214 863 2266 οὐδενὶ
892 2209 1173 2279 προσώπῳ
1206 2196 1815 2263 ἁποκέκλεισται,τοῦτ’

329 2326 346 2357 ι
387 2306 538 2358 ιστιν
569 2306 655 2358 ῖνα
685 2304 736 2356 οί
763 2298 1232 2372 χειροτονηθέντες
1280 2296 1337 2348 tv
1367 2293 1445 2363 τῷ
1478 2293 1588 2344 τῶν
1645 2292 1815 2343 Δονα-

329 2418 347 2448 ε
390 2394 589 2447 τιστῶν
608 2394 788 2463 μέρει,
827 2392 923 2444 ἐὰν
949 2390 1087 2459 πρὸς
1142 2388 1240 2457 τὴν
1285 2382 1583 2453 καθολικὴν
1634 2381 1817 2433 πίστιν

332 2507 350 2539 ι
389 2485 769 2558 διορθωθέντες
808 2481 1088 2553 μετελθεῖν
1116 2480 1415 2548 θελήσοιεν,
1449 2476 1524 2545 μὴ
1554 2472 1693 2528 κατὰ
1721 2472 1818 2541 τὴν

334 2597 353 2628 ε
392 2574 779 2646 περαματικὴν
846 2573 1065 2625 σύνοδον
1132 2569 1209 2639 μὴ
1263 2566 1526 2637 δεχθῶσιν
1579 2567 1637 2617 tv
1699 2564 1817 2622 ταῖς

336 2689 353 2719 ι
387 2668 617 2728 οίκείαις
666 2665 888 2732 τιμαῖς·
940 2660 1078 2715 ἀλλὰ
1110 2659 1308 2729 μᾶλλον
1361 2648 1511 2709 οὗτοι
1557 2652 1821 2723 προσδεχ-

338 2779 355 2809 ι
391 2759 553 2824 θῶσι,
580 2755 651 2810 δι’
681 2750 757 2811 ὧν
786 2757 853 2825 τῇ
885 2741 1143 2824 καθολικῇ
1168 2751 1382 2820 ένότητι
1414 2745 1658 2815 γίνεσθαι
1688 2743 1820 2812 πρό·

338 2870 358 2902 1
392 2866 535 2903 νοια.
593 2866 613 2899 ι

335 2962 531 3015 ΒΔΛΣ.
566 2961 676 3015 Καὶ
701 2955 862 3022 οὗτος
896 2960 925 3012 ό
971 2957 1152 3013 κανὼν
1200 2917 1375 3016 ηίδικός
1417 2955 1584 3005 ἔστιν.
1620 2951 1825 3019 Ἥρεσε

262 3054 371 3124 γὰρ
391 3055 509 3115 τοῖς
542 3053 791 3121 Πατράσι
837 3050 1086 3121 δέχεσθαι
1124 3049 1250 3109 τοὺς
1280 3045 1387 3099 ἀπὸ
1442 3043 1555 3095 τῶν
1604 3046 1825 3093 Δονατι-

1995 1958 2011 1988 ‹
2046 1939 2155 1993 Hoc
2195 1949 2298 2002 est,
2340 1950 2397 1991 ut
2431 1941 2518 2005 qui
2585 1940 2673 2007 qni
2712 1939 2927 1992 fuerunt
2978 1941 3209 1994 ordinati
3244 1956 3271 1993 a
3328 1954 3480 2009 parte

1996 2050 2013 2080 ι
2061 2030 2478 2093 Donatistarum,
2520 2031 2564 2084 si
2649 2032 2715 2084 ad
2762 2031 3087 2085 catholicam
3149 2033 3303 2085 fidem
3354 2048 3479 2085 cur-

1998 2140 2014 2169 ε
2054 2122 2184 2173 recti
2215 2121 2447 2174 transire
2464 2122 2750 2186 voluerint,
2770 2138 2874 2176 non
2909 2122 3484 2175 secundumtransnia-

1998 2230 2015 2261 ι
2046 2212 2218 2264 rinam
2247 2212 2509 2280 synodum
2562 2227 2667 2265 non
2714 2196 3088 2281 suscipiantur
3149 2212 3201 2264 in
3257 2214 3484 2281 propriis

2000 2319 2016 2349 ι
2050 2302 2384 2355 honoribus:
2430 2304 2523 2355 sed
2576 2303 2609 2354 ii
2664 2304 2832 2368 magis
2887 2302 3293 2369 suscipiuntur,
3383 2318 3478 2371 per

2002 2409 2018 2439 ε
2048 2404 2185 2458 quos
2216 2390 2502 2445 catholicae
2532 2390 2725 2445 unitati
2766 2390 3101 2458 providetur.

2001 2960 2197 3015 BALS.
2232 2960 2328 3016 llic
2353 2976 2565 3031 quoque
2594 2978 2763 3017 canon
2818 2972 2899 3017 est
2956 2965 3241 3031 speetahs.
3294 2963 3502 3020 Placuit

1931 3051 2073 3104 enim
2118 3052 2391 3115 Patribus,
2431 3061 2488 3105 ut
2523 3054 2613 3121 qui
2648 3068 2710 3106 ex
2757 3054 3047 3109 Donatistis
3081 3057 3145 3108 ad
3195 3055 3352 3110 fidem
3412 3071 3501 3110 or-

264 3146 409 3198 στῶν
448 3145 916 3216 προσερχομένους
956 3144 1020 3211 τῇ
1101 3137 1367 3231 όρθοδόξιρ
1427 3136 1628 3231 πίστει,
1684 3132 1824 3231 ὥστε
1856 3173 1899 3231 c

1856 3173 1899 3231 ο
1935 3141 2527 3203 thodoxamaccedunt,
2580 3144 2652 3195 ita
2703 3145 3088 3211 suscipiantur,
3133 3156 3189 3198 ut
3242 3159 3366 3199 suos
3412 3161 3501 3201 sa-

262 3239 410 3305 ιχειν
436 3238 634 3299 αὐτοὺς
666 3237 790 3297 τοὺς
827 3236 1063 3295 οἰκείους
1088 3230 1397 3301 ίερατικοὺς
1433 3226 1703 3295 βαθμοὺς,
1723 3223 1827 3276 κάν
1864 3223 1899 3231 ⁷

1864 3223 1899 3231 ⁷
1934 3245 2059 3284 cros
2110 3232 2312 3298 gradus
2348 3232 2661 3283 obtineant:
2696 3232 2907 3285 etiamsi
2942 3232 3098 3285 aliter
3128 3235 3192 3287 de
3227 3248 3290 3287 eo
3317 3235 3491 3287 visum

263 3326 440 3387 άλλως
466 3324 611 3387 ἔδοξε
630 3323 700 3374 τὰ
728 3324 855 3391 περὶ
876 3321 1065 3373 τούτου
1118 3321 1174 3370 tv
1198 3321 1263 3386 τῇ
1320 3316 1669 3385 περαματικῇ
1705 3328 1829 3362 συν·

265 3417 393 3484 ὁδῳ,
424 3414 593 3483 ἦγουν
624 3415 691 3481 τῇ
732 3415 788 3464 tv
827 3410 1047 3481 Ἰταλίᾳ.

342 3524 584 3580 ΖΩΝΔΡ.
619 3526 753 3595 Περὶ
781 3524 1120 3577 Δονατιστῶν
1150 3522 1247 3574 καὶ
1275 3513 1429 3583 οὗτος
1452 3521 1479 3573 ό
1514 3518 1693 3572 κανὼν
1718 3516 1833 3570 δια-

270 3619 552 3683 τάττεται,
582 3602 755 3671 πολλά
783 3619 883 3685 μέν
913 3615 1124 3680 διεξιὼν
1147 3614 1242 3667 καὶ
1264 3613 1704 3683 ἀπολογούμενος
1752 3610 1831 3661 δτι

266 3710 606 3763 ἐναντιοῦται
624 3711 690 3779 τῇ
724 3711 780 3760 tv
799 3710 913 3769 τοῖς
951 3709 1145 3776 μέρεσι
1168 3704 1267 3772 τῆς
1306 3703 1537 3763 Ἰταλίας
1566 3701 1834 3772 γενομένῃ

268 3802 496 3868 συνόδῳ,
521 3800 615 3853 καὶ
654 3800 888 3869 όρισάσῃ
913 3797 985 3866 μὴ
1010 3795 1266 3866 δέχεσθαι
1288 3796 1415 3855 τοὺς
1444 3795 1508 3846 ἑκ
1548 3795 1646 3862 τῆς
1678 3792 1831 3856 nipt—

268 3909 407 3954 σεως
430 3892 545 3947 τῶν,
568 3889 907 3942 Δονατιστῶν
948 3886 1422 3957 προσερχομένους
1471 3887 1539 3955 τῇ
1570 3882 1835 3954 ὀρθοδόξῳ

268 3990 479 4050 πίστει,
502 3984 641 4038 ὥστε
671 3984 814 4053 εχειν
850 3982 1005 4044 αὖθις
1042 3981 1238 4041 αὐτοὺς
1270 3980 1393 4040 τοὺς
1419 3977 1653 4039 οίκείους
1684 3979 1834 4045 ίερα-

262 4078 451 4137 τικοὺς
486 4073 753 4143 βαθμούς.
816 4071 1014 4122 Τυπῶν
1049 4070 1106 4121 δὲ
1135 4069 1229 4121 καὶ
1255 4066 1676 4134 διαταττόμενος
1708 4064 1835 4125 τοὺς

265 4162 755 4236 χειροτονηθέντας
806 4162 910 4213 ὑπὸ
964 4160 1300 4213 Δονατιστῶν
1364 4158 1681 4227 κληρικοὺς,
1740 4156 1836 4209 ἐὰν

268 4256 610 4326 προσέλθωσι
648 4259 714 4325 τῇ
772 4254 1035 4323 καθολικῇ
1080 4249 1402 4320 Ἐκκλησία,
1457 4249 1710 4317 δέχεσθαι
1779 4250 1836 4299 ὲν

264 4352 383 4411 ταῖς
416 4349 649 4409 οἰκείαις
686 4348 900 4415 τιμαῖς,
941 4344 1081 4397 ὥστε
1135 4344 1337 4412 δηλαδὴ
1392 4342 1537 4411 ἔχειν
1592 4341 1835 4401 ἐκείνους

266 4443 392 4501 τοὺς
424 4440 660 4501 οίκείους
708 4438 976 4507 βαθμοὺς,
1002 4438 1096 4488 καὶ
1125 4435 1246 4488 κατ’
1276 4434 1520 4496 ἐκείνους
1544 4431 1834 4500 τιμᾶσθαι,

1934 3322 2004 3374 sit
2037 3323 2089 3374 in
2120 3324 2479 3375 transmarina
2505 3325 2733 3392 synodo,
2774 3338 2866 3377 seu
2932 3324 2985 3377 in
3022 3322 3196 3377 Italia.

2008 3518 2259 3573 ZONAR.
2326 3520 2397 3574 De
2432 3520 2727 3574 Donatistis
2762 3521 2848 3576 hic
2881 3537 3097 3591 quoque
3160 3538 3328 3577 canon
3390 3534 3501 3578 sta-

1938 3613 2057 3665 tttit.
2100 3610 2801 3681 thuidem,quamohrem
2872 3615 2923 3665 in
2958 3614 3109 3666 Italia
3163 3616 3359 3669 habita
3415 3631 3505 3685 sy-

1938 3702 2079 3754 nodo
2113 3703 2454 3765 adversetur,
2490 3718 2595 3769 qua
2636 3702 2968 3765 Donatistae,
3004 3703 3047 3755 si
3086 3704 3149 3755 ad
3209 3704 3368 3758 lidcm
3410 3721 3504 3757 or-

1942 3792 2234 3844 tltodoxam
2266 3802 2690 3854 reverterentur.
2730 3794 2892 3863 605
2946 3796 2995 3846 in
3033 3810 3309 3849 sacrorum
3358 3800 3508 3850 ordi-

1938 3899 2065 3936 num
2125 3884 2383 3951 gradihus
2436 3899 2757 3952 permanere
2800 3888 3021 3940 vetitum
3080 3887 3273 3951 fuerat,
3326 3891 3508 3942 multis

1941 3979 2248 4047 eaponitet
2307 3979 2713 4034 excusationem
2770 3983 3039 4034 contexit.
3099 3980 3234 4036 Tum
3267 3998 3394 4037 vero
3453 3996 3510 4036 ιιι

1937 4070 2147 4133 clerici,
2181 4070 2323 4139 quia
2359 4071 2659 4124 Donatistis
2718 4072 2937 4125 ordines
2982 4088 3294 4140 suscepere,
3349 4077 3393 4127 si
3442 4075 3508 4127 ad

1938 4159 2239 4214 Ecclesium
2284 4160 2610 4214 catholicam
2648 4174 2706 4213 se
2736 4159 3043 4216 conferant.
3078 4162 3127 4214 in
3183 4164 3299 4217 suis
3362 4165 3510 4217 ordi-

1938 4252 2099 4305 nibus
2136 4260 2409 4315 maneant,
2440 4266 2741 4319 eorumque
2792 4255 3191 4322 prtet'ogativis,
3258 4270 3353 4322 pro
3409 4272 3506 4308 cu-

1934 4344 2131 4413 jusque
2159 4344 2365 4397 ordinis
2406 4346 2638 4407 ratione,
2688 4343 2972 4409 fruantur;
3033 4361 3205 4412 neque
3267 4362 3391 4400 vero
3449 4349 3514 4403 iis

1939 4436 2262 4505 spolientur,
2298 4434 2751 4503 quemadmodum
2786 4439 2838 4489 in
2888 4441 3248 4490 transmarina
3308 4443 3511 4507 synodo

268 4530 366 4581 καὶ
406 4528 484 4597 μὴ
512 4530 655 4580 κατὰ
672 4501 775 4595 την
798 4501 1186 4595 ¹ιτεραμαιτικὴν
1209 4525 1453 4584 σύνοδον,
1483 4523 1559 4593 μὴ
1581 4522 1833 4592 δέχεσθαι
1867 4501 1911 4555 Ῑ)

1867 4501 1911 4555 θ
1938 4527 2290 4579 constitutum
2312 4526 2509 4591 fuerat,
2533 4527 2856 4581 decernunt.
2891 4524 3337 4581 Transmarinam
3383 4546 3512 4584 vero

267 4622 394 4681 τοὺς
412 4619 689 4678 τοιούτους
723 4616 781 4668 ἑν
810 4620 928 4679 ταῖς
972 4619 1157 4685 τιμαῖς
1209 4616 1408 4668 αὐτῶν.
1449 4614 1836 4684 Ιίεραματικὴν

266 4712 323 4763 δὲ
348 4710 566 4763 σύνοδον
594 4710 739 4776 λέγει
766 4708 861 4779 τὴν
888 4712 945 4761 tv
998 4707 1198 4777 Ἰταλίᾳ
1220 4708 1542 4776 γενομένην,
1577 4707 1652 4766 ὡς
1684 4705 1836 4774 εῖρη-

267 4819 382 4855 ται.
418 4802 739 4869 Δεχομένων
763 4800 894 4869 γὰρ,
917 4802 1071 4867 φησι,
1117 4798 1224 4851 τῶν
1252 4797 1597 4849 Δονατιστῶν
1637 4800 1696 4849 tv
1725 4797 1839 4857 τοῖς

267 4893 494 4952 οίκείοις
520 4891 773 4959 βαθμοῖς,
800 4892 1034 4958 πρόνοια
1083 4891 1293 4957 γίνεται
1341 4894 1408 4959 τῇ
1432 4888 1694 4957 καθολικῇ
1721 4888 1839 4939 ἑνό-

269 5003 397 5056 τητι
418 5001 431 5014 ·
470 4984 738 5035 πλειόνων
766 4982 1011 5053 δηλονότι
1044 4980 1192 5034 οὕτω
1218 4981 1523 5051 μελλόντων
1551 4980 1838 5051 προσιέναι

268 5082 334 5144 τῇ
369 5074 640 5144 ὸρθοδόξῳ
687 5074 893 5137 πίστει,
952 5073 1047 5125 καὶ
1086 5074 1336 5142 ένότητος
1390 5072 1688 5142 γενομένης
1728 5070 1839 5124 τῶν

270 5167 658 5221 πιστευόντων.

271 5282 489 5336 ΔΡΙΣΤ.
540 5298 558 5331 ι
598 5280 660 5331 Οί
689 5280 792 5332 ὑπὸ
816 5280 924 5333 τῶν
953 5280 1285 5333 Δονατιστῶν
1316 5281 1838 5350 κεχειροτονημένοι,

344 5390 363 5419 ε
409 5372 457 5422 εί
492 5370 585 5422 καὶ
608 5370 673 5438 τῇ
716 5369 953 5438 πέραθεν
983 5370 1183 5435 συνόδῳ
1235 5371 1662 5437 μεταμελόμενοι
1698 5375 1844 5424 ἀπο-

343 5484 364 5516 ε
410 5464 736 5527 κέκλεινται,
781 5462 895 5515 ἀλλ’
920 5464 1043 5516 tm!
1070 5465 1131 5515 τὸ
1156 5464 1390 5531 σωθῆναι
1420 5465 1623 5527 πάντας
1657 5465 1840 5529 καλὸν,

342 5579 360 5610 ι
408 5557 781 5629 διορθούμενοι
810 5556 1315 5628 προσδεχέσθωσαν.
1357 5576 1374 5609 t

337 5668 499 5725 Οὗτοι
527 5673 581 5723 ut
616 5670 926 5723 Δονατισταὶ
958 5670 1408 5739 μεταμελόμενοι,
1448 5672 1545 5724 καὶ
1580 5670 1675 5741 τὴν
1704 5671 1841 5723 ἰόίαν

268 5764 753 5834 ἁναθεματίζοντες
783 5762 1011 5832 αἰρεσιν,
1033 5763 1124 5815 ἐπὶ
1163 5762 1259 5827 τῆς
1296 5762 1430 5825 ίδίας
1458 5767 1619 5835 τιμῆς
1658 5764 1840 5832 μένειν

592 5858 821 5919 Parnm
840 5898 860 5921 .
901 5857 1019 5920 Gtt.
1056 5858 1439 5923 CXXXVIII.

1938 4622 2225 4689 synodum,
2258 4635 2375 4675 eam
2403 4635 2520 4689 quae
2566 4621 2618 4673 in
2662 4621 2847 4699 Italia,
2909 4629 2967 4675 ut
3013 4622 3269 4686 diximus,
3326 4635 3510 4677 coacta

1938 4725 2042 4778 est,
2071 4716 2337 4766 nominat.
2374 4714 2507 4767 Cum
2534 4713 2674 4766 enim
2712 4712 3041 4778 Donatistas,
3075 4710 3275 4779 inquit,
3330 4713 3382 4765 iu
3415 4728 3512 4766 suo

1940 4819 2210 4872 quemque
2240 4804 2430 4856 ordine
2467 4803 2797 4871 suscipimus
2834 4804 3120 4856 catholicae
3172 4803 3331 4856 simul
3394 4804 3514 4855 nni-

1941 4896 2037 4947 tati
2072 4893 2457 4962 prOSpicimus.
2490 4894 2564 4946 Ex
2594 4894 2696 4947 hoc
2756 4908 2989 4959 namque
3047 4892 3161 4956 fiet,
3221 4902 3280 4945 ut
3334 4894 3515 4960 plures

1941 4987 2294 5038 orthodoxam
2316 4985 2475 5039 fidem
2510 4984 2932 5051 amplectantur,
2966 5000 3028 5037 ac
3071 4983 3293 5052 proinde
3341 4983 3514 5051 magis

1942 5092 2006 5130 ac
2032 5077 2201 5145 magis
2230 5078 2282 5130 in
2329 5076 2444 5131 dies
2475 5077 2813 5131 credentium
2854 5078 3033 5129 unitas
3062 5078 3347 5129 coalescat.

1948 5279 2170 5335 ARIST.
2210 5299 2228 5331 ε
2263 5278 2363 5346 Qui
2414 5294 2441 5331 a
2512 5278 2805 5333 Donatistis
2848 5278 3165 5331 ordinantur
3190 5318 3205 5343 ,
3234 5276 3446 5331 etiamsi
3485 5292 3515 5329 a

2019 5393 2038 5425 ι
2078 5376 2285 5445 synodo
2318 5376 2682 5429 transmarina
2720 5375 3098 5443 resipiscentes
3132 5370 3333 5424 exclusi
3366 5381 3511 5434 sunl,

2021 5486 2038 5517 ι
2088 5483 2209 5520 cum
2239 5482 2368 5520 vero
2401 5467 2603 5521 bonum
2639 5467 2711 5521 sit
2754 5476 2813 5518 ut
2839 5478 3030 5519 omnes
3061 5461 3355 5527 salventur,
3384 5462 3427 5515 si
3461 5477 3517 5513 se

2021 5576 2038 5609 ι
2081 5559 2375 5626 corrigunt,
2416 5560 2763 5628 recipiantur.
2807 5578 2826 5608 ι

2017 5675 2079 5729 lli
2125 5675 2412 5728 Donatista:
2446 5674 2763 5741 pmuilenlia
2799 5674 2926 5734 acti,
2964 5683 3011 5725 et
3063 5673 3332 5742 propriam
3381 5682 3515 5721 ana-

1948 5767 2366 5823 tltetnatizantcs
2397 5765 2668 5831 heresim,
2703 5766 2756 5819 in
2810 5766 3027 5836 proprio
3061 5766 3267 5817 honore
3302 5771 3519 5815 manere

3121 5858 3152 5917 9
