4212 6440
214 396 320 458 9.69

1158 385 1235 444 IN
1287 382 1451 443 CAN.
1490 378 1739 440 LXXIII
1776 372 1986 432 CONC.
2024 368 2399 429 CARTHAG.

3314 348 3422 410 270

216 506 357 562 νίας.
390 499 701 567 Ἐλέγχουσι
731 498 786 549 δὲ
813 495 1007 553 αὐτοὺς
1036 492 1110 560 μὴ
1138 490 1311 551 καλῶς
1338 487 1644 544 ποιοῦντας⁹
1676 480 1770 531 καὶ
1800 490 1843 543 Α
1877 480 1879 528 l

1800 490 1843 543 Α
1877 479 1980 530 lica
2004 474 2398 529 contentionem
2433 468 2653 521 habere.
2689 464 2842 530 Quod
2874 475 2995 515 vero
3026 462 3185 515 etiam
3237 474 3301 513 ex
3336 459 3438 510 Ma-

217 594 297 642 ὖτι
330 592 593 650 καίτινας
623 588 729 639 τῶν
783 580 1247 651 Μαξιμιανιστῶν,
1292 577 1397 629 τῶν
1446 570 1771 639 ἀποσχιτάν-

219 698 325 732 των
358 680 448 731 ἀπ’
479 678 655 730 αὐτῶν
683 675 902 735 ἀδίκως,
935 672 1010 736 ὼς
1041 670 1197 724 αὐτοὶ
1242 668 1483 732 λέγουσι.
1537 662 1777 727 δέχονται

222 773 313 823 καὶ
338 766 784 836 σιδγκοινωνοῦσιν
816 766 1024 826 αὐτοῖς,
1054 763 1143 813 καὶ
1176 761 1267 821 οὓς
1298 757 1453 811 αύτοῖ
1484 754 1541 818 ἐξ
1572 751 1777 813 οικειας

222 861 415 929 βουλῆς
454 859 828 919 κατεδίκασαν,
858 856 991 925 μετὰ
1016 852 1187 907 ταῦτα
1210 854 1266 902 tv
1292 850 1412 908 ταῖς
1438 844 1666 905 οἰκείαις
1698 860 1777 893 τι·

226 954 351 1020 μαῖς
382 950 661 1013 ἐδέξαντο·
728 952 822 1000 καὶ
864 948 944 997 ὅτι
982 942 1075 1003 οὓς
1124 938 1377 1001 αὺτοὶ,οῑ
1440 936 1567 1004 παρ’
1608 932 1783 986 αὐτῶν

228 1039 743 1106 καταδεδικασμένοι
771 1036 865 1089 καὶ
893 1032 1280 1099 ἔκδεσλημένυι
1314 1028 1414 1095 τῆς
1445 1026 1573 1095 παρ’
1604 1026 1785 1085 αὐτοῖς

228 1129 552 1197 ἱερωσύνης,
629 1127 926 1179 ὲδὰπτισαν
972 1119 1355 1190 παρεδέξαντο,
1396 1119 1490 1170 καὶ
1522 1118 1605 1168 ὅτι
1665 1113 1787 1168 obob

226 1219 443 1282 λέγουσι
477 1212 796 1283 μολύνεσθαι
826 1210 993 1263 ταῦτα
1019 1207 1319 1270 ποιοῦντες.

1880 563 2204 619 ximianistis
2253 559 2512 628 quosdam
2546 555 2862 622 suscipiunt.
2889 552 2978 620 qui
3028 553 3091 603 ab
3121 551 3205 614 iis,
3238 556 3297 603 ut
3332 550 3432 617 ipsi

1880 666 2149 718 asserunt,
2181 650 2450 705 immerito
2481 647 2745 708 defecere,
2772 652 2825 697 et
2858 658 2977 696 cum
3020 642 3084 695 iis
3126 639 3432 693 communi-

1882 755 2025 809 cant,
2058 757 2299 813 quosque
2327 751 2482 795 antea
2508 752 2600 790 sua
2628 733 2892 791 sententia
2920 733 3263 791 damnarunt,
3294 739 3437 796 post-

1887 835 2102 887 modum
2136 830 2427 884 IIOuoribus
2458 840 2638 880 eorum
2690 820 3021 876 conservatis
3067 819 3438 881 admiserunt;

1884 922 2026 990 quod
2057 922 2222 976 etiam
2274 919 2407 972 alios
2456 918 2523 971 ab
2568 916 2633 969 iis
2684 914 3003 981 baptizatos,
3048 924 3182 978 quos
3229 910 3441 976 ipsimet

1888 1015 2333 1073 condemnarunt,
2362 1024 2422 1062 ac
2452 1023 2539 1073 eo,
2577 1006 2663 1075 qui
2691 1006 2830 1073 apud
2862 1004 3004 1070 ipsos
3039 1014 3139 1063 est,
3169 1015 3320 1053 sacro
3345 1015 3439 1053 or-

1890 1102 2013 1155 dine
2050 1107 2352 1161 moverunt.
2386 1111 2492 1150 non
2528 1095 2830 1162 repudiarit,
2858 1106 2952 1144 nec
2979 1090 3140 1142 ullam
3169 1104 3225 1141 se
3250 1104 3314 1141 ex
3344 1090 3441 1141 hoc

1892 1192 2064 1244 labem
2097 1190 2416 1243 contrahere
2450 1186 2814 1241 arbitrantur;
2852 1182 2903 1234 iu
2936 1181 3017 1234 his
3052 1194 3264 1248 quoque
3298 1180 3443 1245 ipsos

1895 1297 1998 1336 non
2032 1280 2373 1335 mediocriter
2404 1292 2624 1347 peccare
2653 1278 3047 1330 demonstrent.

228 1414 446 1465 ΑΡΙΣΤ.
485 1431 503 1463 ι
552 1413 753 1480 ἰιρεπ
788 1409 1044 1478 πρέσϐεις
1092 1407 1478 1480 ἀποσταλῆναι,
1532 1402 1794 1473 κηρύξον-

1782 1433 1794 1444 .
1896 1394 2117 1449 ABIST.
2156 1414 2173 1445 ι
2209 1393 2433 1453 Placuit.
2466 1400 2523 1445 ut
2574 1391 2733 1458 legati
2761 1390 3045 1443 mittantur
3079 1385 3141 1437 ad
3172 1398 3358 1453 pacem
3393 1395 3445 1436 et

305 1524 323 1554 ι
369 1521 465 1562 τας
490 1505 599 1561 τοῖς
622 1478 965 1559 Ᾰονατισταῐς
992 1499 1216 1567 εἰρήνην
1239 1499 1331 1551 καὶ
1357 1478 1604 1565 ἑνότητα,
1634 1510 1796 1564 μετα-

307 1612 325 1642 ι
368 1590 666 1658 τιθεμένοις
695 1590 829 1657 πρὸς
859 1588 922 1640 τὸ
947 1588 1243 1658 ὀρθόδοξον.
1284 1606 1302 1638 ι

304 1705 379 1756 Οὐ
409 1706 565 1772 μόνον
601 1701 1071 1771 προσερχομένους
1103 1704 1170 1771 τῇ
1196 1701 1453 1769 καθολικῇ
1500 1695 1798 1766 Ἐκκλησία

1970 1502 1988 1535 ι
2027 1485 2276 1539 unionem
2313 1482 2604 1536 Donatistis
2640 1482 2707 1532 ad
2745 1479 2901 1532 tidem
2925 1474 3284 1529 orthodoxam
3321 1488 3448 1526 con-

1975 1594 1994 1625 ι
2036 1576 2205 1629 versis
2245 1575 2662 1641 praedicandam.
2709 1590 2728 1623 ι

1975 1688 2163 1743 Patres
2208 1688 2259 1739 hi
2310 1703 2415 1741 non
2452 1696 2655 1741 tantum
2704 1684 3014 1751 iudicarunt
3048 1681 3351 1736 Donatistas
3390 1679 3452 1731 ad

233 1796 358 1855 τοὺς
412 1771 737 1857 γΔονατιστὰς
788 1796 906 1849 δέον
974 1796 1196 1861 ἔκριναν
1251 1796 1300 1844 οἱ
1364 1793 1605 1860 Πατέρες
1652 1790 1873 1876 οὖτοιΒ

1788 1808 1797 1841 ι
1824 1816 1873 1876 Β
1901 1777 2193 1832 Ecclesiam
2225 1776 2543 1831 catholicam
2581 1775 2898 1829 accedentes
2931 1771 3285 1826 admittendos
3314 1782 3451 1829 esse.

238 1884 664 1951 παραδέχεσθαι,
695 1885 831 1938 ἀλλὰ
857 1887 948 1939 καὶ
986 1885 1247 1953 πρέσῦεις
1283 1882 1417 1953 ’πρὸς
1472 1882 1666 1942 αὐτοὺς
1715 1882 1799 1932 sl-

244 1974 416 2040 ρήνην
448 1975 553 2024 τῶν
600 1975 903 2044 ἐκκλησιῶν
924 1975 1016 2028 καλ⁵
1051 1975 1295 2042 ἑνότητα,
1360 1971 1407 2022 sl
1464 1968 1798 2039 μετατεθῶσι

240 2062 379 2130 πρὸς
410 2064 468 2113 τὸ
492 2064 789 2133 ότθόδοξον.

830 2200 1067 2254 ΚᾹΝΩΝ
1096 2198 1213 2253 UI".

248 2352 267 2383 ι
315 2335 451 2403 Περὶ
484 2333 575 2386 τοῦ
603 2336 742 2386 ποῖοι
782 2334 1053 2403 ὀφείλουσι
1084 2332 1193 2385 τῶν
1236 2330 1509 2401 κληρικῶν
1556 2328 1808 2399 γαμετῶν

318 2437 337 2470 ι
386 2421 705 2491 ἀπέχεσθαι.
739 2423 877 2490 Πρὸς
907 2424 996 2473 ἐπὶ
1033 2421 1239 2484 τούτοις
1297 2421 1355 2472 ὲν
1411 2419 1489 2488 τῷ
1540 2419 1667 2488 περὶ⁵
1720 2420 1810 2485 ὲγ-

320 2529 336 2558 ι
388 2510 643 2578 κρατείας
675 2509 774 2578 τῆς
823 2511 947 2581 περ)⁵
980 2511 1082 2572 τὰς
1112 2510 1317 2570 οἰκείας
1349 2507 1591 2576 γαμετάς
1650 2524 1811 2560 τινων

321 2620 337 2649 t
385 2600 819 2668 μνημονεύεσθαι
889 2602 1189 2673 κληρικῶν,
1231 2602 1446 2671 ἤρεσεν,
1507 2598 1645 2651 ὥστε
1690 2599 1813 2660 τοὺς

321 2713 337 2743 ι
389 2695 717 2755 ἐπισκόπους
775 2695 870 2748 καὶ
922 2693 1323 2763 πρεσϐυτέρους
1386 2692 1479 2743 καὶ
1532 2689 1813 2750 διακόνους

324 2804 340 2833 ι
392 2786 533 2835 κατὰ
565 2785 687 2845 τοὺς
725 2785 879 2846 ἰδίους
898 2784 1054 2852 ὅρους
1078 2785 1167 2834 καὶ
1196 2784 1257 2833 ὲκ
1280 2780 1385 2832 τῶν
1416 2781 1558 2831 ἰδίων
1585 2777 1664 2829 ἔτι
1708 2778 1816 2847 μὴν

320 2890 339 2922 ι
392 2873 693 2941 ἀπέχεσθαι
719 2872 1029 2940 γυναικῶνο
1067 2875 1203 2942 ὅπερ
1260 2874 1307 2923 εἰ
1374 2871 1446 2939 μὴ
1513 2870 1817 2936 ποιήσαιεν,

324 2982 341 3011 ι
396 2964 504 3015 ἀπὸ
536 2963 633 3029 τῆς
664 2961 1124 3032 ἐκκλησιαστικῆς
1156 2957 1525 3028 ἀποκινηθὼσι
1572 2957 1773 3022 τάξεως
1804 2973 1814 2983 ·

326 3075 341 3103 ι
393 3059 521 3115 τοὺς
550 3054 604 3105 δὲ
630 3055 850 3116 λοιποὺς
898 3052 1191 3122 κληρικοὺς
1222 3051 1357 3119 πρὸς
1403 3047 1559 3101 τοῦτο
1616 3049 1689 3116 μὴ
1731 3047 1821 3099 dv-

331 3166 347 3194 ι
400 3144 760 3210 αγκάζεσθαι,
822 3143 937 3196 ἀλλ’
988 3143 1222 3209 ὀφείλειν
1268 3140 1406 3191 κατὰ
1433 3138 1527 3208 τὴν
1583 3139 1884 3213 ὲκᾶστηςρ

326 3256 347 3288 ι
396 3236 691 3305 ἐκκλησίας
724 3232 1012 3302 συνήθειαν
1045 3229 1578 3300 παραφυλάττεσθαι.
1627 3247 1645 3277 ι

291 3349 526 3425 ’ΒΑΛΣ
580 3368 699 3427 [lth
750 3364 1052 3433 ὀφείλουσιν
1100 3361 1527 3430 ἑγκρατεύεσθαι
1567 3359 1673 3413 ἀπὸ
1719 3359 1824 3410 τῶν

256 3461 405 3513 ἰδίων
453 3456 773 3525 γαμετῶνοί
807 3455 1112 3518 ἐπίσκοποι,
1159 3454 1206 3503 οἱ
1235 3450 1590 3519 πρεσϐύτεροι
1647 3450 1740 3499 καὶ
1776 3447 1826 3498 οἱ

254 3551 513 3610 διάκονοι,
543 3548 681 3598 κατὰ
715 3544 804 3595 τὸν
870 3543 1060 3612 καιρὸν
1109 3544 1207 3615 τῆς
1257 3542 1562 3610 ἑφημερίας
1624 3539 1822 3603 αὐτῶν,

255 3642 472 3709 εἴρηται
520 3640 576 3688 ὲν
607 3635 683 3703 τῷ
717 3633 781 3701 ιγ’
813 3635 997 3686 κανόνι
1034 3634 1133 3701 τῆς
1196 3634 1253 3683 tv
1298 3632 1375 3699 τῷ
1418 3630 1670 3699 Τρούλλῳ
1703 3646 1827 3680 συν⁹

254 3733 397 3784 ὁδου.
420 3730 530 3783 Καὶ
566 3730 594 3779 ό
616 3727 803 3795 παρὼν
832 3726 885 3777 δὲ
919 3724 1096 3777 κανών
1130 3740 1262 3791 φησι
1301 3721 1679 3789 καθαιρεῖσθαι
1703 3718 1828 3772 τού-

256 3838 382 3881 τους
414 3820 465 3871 ει
499 3817 571 3887 μὴ
604 3816 903 3884 τηνικαῦτα
936 3814 1400 3883 ἐγκρατεύωνται.
1474 3812 1609 3874 Τοὺς
1648 3811 1703 3863 δέ
1764 3826 1826 3876 γε

257 3910 480 3972 λοιποὺς
532 3909 824 3975 κληρικοὶς
874 3906 1044 3957 ταῦτα
1090 3906 1189 3957 οὐκ
1244 3903 1582 3967 ἀπαιτοῦσιν,
1630 3902 1704 3963 ὡς
1752 3902 1827 3971 μὴ

257 4000 630 4071 ιιι,;λαφῶντας
686 4002 753 4050 τὰ
787 3998 939 4063 ἅγια,
996 3996 1129 4049 ἀλλὰ
1185 3995 1605 4064 παρεγγυῶνται
1645 3992 1826 4053 αὐτοῖς

259 4091 553 4159 φυλάττειν
612 4088 750 4141 κατὰ
801 4088 863 4140 τὸ
920 4087 1021 4154 τῆς
1083 4087 1321 4153 ἑκάστης
1363 4083 1545 4153 χώρας
1616 4082 1824 4150 ἔθιμον.

256 4182 562 4249 Ἀνὰγνωθι
607 4184 699 4233 καὶ
753 4183 843 4233 τὸν
904 4178 952 4246 γ’
1003 4179 1204 4231 κανόνα
1256 4178 1349 4230 τοῦ
1398 4175 1828 4245 ἁρχιεπισκόπου

258 4272 669 4341 Ἀλεξανδρείας
697 4271 997 4323 Διονυσίου.
1031 4269 1343 4339 Σημεὶωσαι
1397 4263 1489 4318 οὖν
1543 4268 1626 4318 ὅτι
1690 4265 1830 4318 κατὰ

258 4367 347 4417 τὸν
381 4366 574 4432 κλιρδν
608 4364 701 4429 τῆς
734 4361 1014 4429 παρούσης
1077 4359 1294 4411 συνόδου
1345 4352 1493 4427 εἶχον
1521 4361 1830 4427 ἀποκριμα-

1901 1870 1992 1921 sed
2020 1879 2073 1925 et
2096 1869 2302 1937 legatos
2334 1871 2397 1921 ad
2428 1882 2521 1922 eos
2554 1866 2842 1922 mittendos
2878 1866 2943 1918 ad
2974 1878 3156 1932 pacem
3189 1858 3457 1914 Ecclesia-

1901 1971 2019 2008 rum
2050 1966 2099 2009 cl
2137 1956 2395 2008 unitatem
2428 1955 2818 2023 praedicandam
2848 1997 2860 2018 ,
2895 1953 2936 2007 si
2989 1954 3052 2005 ad
3104 1949 3455 2004 orthodoxam

1903 2046 2059 2100 ﬁdem
2084 2057 2487 2101 convertantur.

2419 2204 2645 2258 CANON
2702 2202 2935 2258 LXXIII.

1914 2360 1933 2392 ι
1971 2342 2199 2409 Quinam
2225 2355 2288 2395 ex
2310 2339 2518 2393 clericis
2543 2340 2775 2392 debeant
2803 2336 2869 2389 ab
2900 2335 3156 2389 uxoribus
3176 2334 3460 2388 abstinere.

1983 2454 2000 2485 ι
2039 2435 2118 2488 Ad
2154 2434 2267 2487 hac
2299 2440 2476 2486 autem
2502 2433 2624 2485 dum
2653 2431 2716 2482 de
2741 2428 3038 2497 aliquorum
3066 2426 3382 2479 clericorum
3415 2423 3463 2474 in

1989 2543 2007 2574 ι
2049 2540 2175 2578 suas
2206 2538 2404 2577 uxores
2430 2521 2757 2575 continentia
2792 2519 2994 2572 mentio
3029 2518 3178 2570 ﬂeret
3202 2556 3214 2575 ,
3247 2514 3465 2581 placuit,

1995 2635 2010 2665 ι
2051 2625 2107 2668 ut
2132 2615 2455 2684 presbyteri,
2488 2611 2721 2680 episcopi
2752 2619 2805 2663 et
2830 2609 3039 2662 diaconi
3082 2604 3315 2674 propriis
3352 2614 3465 2654 ter-

1995 2726 2011 2757 ι
2055 2705 2214 2760 minis
2249 2706 2411 2758 etiam
2440 2720 2467 2755 a
2504 2702 2617 2756 suis
2646 2700 2948 2753 abstineant
2980 2696 3276 2757 uxoribus;
3329 2694 3471 2761 quod

1996 2816 2011 2845 ι
2054 2795 2152 2850 nisi
2189 2795 2432 2856 fecerint,
2468 2790 2834 2845 ecclesiastico
2863 2788 3052 2842 ordine
3104 2795 3415 2839 moveantur
3457 2801 3468 2835 :

1993 2906 2007 2935 ι
2057 2886 2242 2953 reliqui
2274 2893 2451 2938 autem
2492 2883 2673 2936 clerici
2701 2882 2765 2935 ad
2796 2881 2895 2933 hoc
2928 2894 3030 2933 non
3066 2884 3350 2945 cogantur.
3382 2878 3475 2928 sed

1991 2996 2007 3026 ι
2051 2976 2245 3029 debent
2276 2972 2693 3041 uniuscujusque
2751 2968 2996 3025 ecclesia:
3029 2967 3475 3022 consuetudinem

2007 3086 2022 3116 I
2065 3079 2298 3121 servare.
2343 3084 2361 3115 Ι

2000 3375 2193 3430 BALS.
2229 3373 2510 3441 Quomodo
2544 3373 2738 3425 debent
2772 3385 2827 3424 se
2856 3386 2883 3422 a
2920 3369 3032 3422 suis
3061 3368 3316 3421 uxoribus
3356 3381 3483 3421 con-

1926 3470 2098 3521 tinere
2121 3466 2354 3534 episcopi
2377 3472 2429 3519 et
2457 3462 2749 3532 presbyteri
2780 3471 2832 3516 et
2856 3460 3062 3515 diaconi
3091 3470 3328 3527 tempore
3356 3459 3485 3512 vicis

1926 3574 2073 3620 sum,
2107 3558 2158 3609 in
2214 3570 2415 3609 canone
2468 3555 2533 3607 l5
2579 3552 2766 3623 synodi
2805 3554 2855 3604 in
2892 3550 3071 3604 Trullo
3123 3549 3324 3603 dictum
3382 3561 3483 3602 est.

1927 3647 2170 3699 Praesens
2201 3658 2410 3711 qquue
2442 3656 2611 3695 canon
2656 3640 2781 3693 dicit
2823 3653 2915 3691 eos
2969 3636 3330 3704 deponendos,
3388 3636 3487 3687 nisi

1930 3745 2055 3789 tunc
2090 3751 2148 3789 se
2182 3735 2564 3789 continuerint.
2600 3733 2725 3783 Haec
2758 3739 2935 3782 autem
2960 3743 2985 3779 a
3036 3726 3252 3794 reliquis
3284 3726 3491 3778 clericis

1930 3843 2033 3881 non
2064 3827 2302 3895 exigunt,
2342 3834 2397 3875 ut
2442 3822 2531 3891 qui
2565 3829 2896 3875 sacramenta
2944 3834 3047 3871 nou
3102 3825 3439 3870 contractent
3474 3856 3487 3876 .

1931 3921 2021 3973 sed
2077 3933 2169 3972 eos
2215 3917 2401 3983 jubent
2456 3926 2667 3967 servare
2732 3911 2979 3965 ecclesiae
3028 3911 3486 3962 consuettnliuem.

1931 4005 2069 4074 Lege
2097 4014 2147 4058 et
2191 4018 2448 4056 cauonem
2485 4002 2517 4053 5
2552 4000 2938 4068 archiepiscopi
2990 3997 3326 4052 Alexandria:
3372 3998 3495 4049 Dio-

1934 4097 2089 4164 nysii.
2128 4094 2259 4147 Nota
2305 4108 2455 4161 ergo.
2504 4092 2641 4159 quod
2681 4098 2921 4158 tempore
2970 4087 3249 4158 prazsentls
3304 4089 3492 4155 synodi

1935 4187 2197 4241 habebant
2226 4185 2459 4251 episcopi
2493 4198 2617 4237 suas
2663 4196 2860 4236 uxores
2894 4183 3009 4235 sine
3042 4182 3374 4249 praeiudicio.
3406 4181 3495 4235 Sic

1936 4279 2115 4343 itaque
2148 4278 2262 4330 hazc
2292 4288 2498 4329 canone
2546 4273 2753 4326 sancita
2806 4280 2952 4324 sunt.
2990 4272 3267 4336 Quomodo
3310 4282 3491 4328 autem

1934 4368 2283 4436 drponentur,
2309 4366 2397 4434 qui
2429 4363 2651 4418 forsitan
2684 4378 2787 4416 non
2815 4362 3104 4421 abstinent,
3133 4377 3252 4415 cum
3285 4378 3369 4414 res
3392 4380 3497 4417 non

257 4460 460 4515 τίστως
490 4454 582 4514 τὰς
612 4452 816 4512 οἰκείας
845 4453 1087 4518 γαμετὰς
1114 4451 1162 4502 οἱ
1183 4450 1490 4502 ἐπίσκοποι.
1528 4449 1685 4501 υῠτω
1733 4449 1827 4516 μὲν
1860 4483 1910 4543 D

1860 4483 1910 4543 ο
1938 4458 2005 4511 sit
2039 4456 2341 4511 manifesta.
2384 4455 2512 4521 Quis
2542 4455 2684 4508 enim
2723 4463 2911 4508 contra
2963 4467 3080 4506 sese
3110 4452 3451 4507 conﬁtebitur
3478 4454 3498 4504 ?

259 4544 353 4599 οὖν
381 4546 758 4597 κεκανόνισται
792 4544 962 4595 ταῦτα
1000 4558 1014 4571 ⁸
1052 4542 1168 4601 πῶς
1216 4540 1273 4593 δὲ
1336 4539 1828 4608 καθαιρεθήσονται

259 4642 307 4692 οἱ
345 4644 475 4699 iam;
505 4639 581 4704 μὴ
615 4634 1065 4703 ἐγκρατευόμενοι
1092 4631 1288 4700 ἀδήλου
1358 4629 1449 4681 τοῦ
1510 4628 1834 4697 πράγματος

262 4728 415 4790 δντος
452 4742 465 4755 ’
493 4725 573 4787 τίς
606 4726 709 4793 γὰρ
733 4724 1053 4792 ὁμολογήσει
1080 4720 1203 4773 κιθ⁹
1234 4719 1430 4773 ἑαυτοῦ
1457 4736 1474 4785 ;
1531 4720 1563 4788 ἢ
1590 4719 1671 4780 τίς
1702 4718 1835 4785 πρὸς

260 4820 351 4869 τὸν
390 4817 583 4868 τούτου
607 4815 825 4883 ἔλεγχον
851 4812 1209 4875 ἀποδύσεται;
1242 4810 1333 4863 Διὸ
1361 4810 1583 4878 γνώμην
1640 4808 1833 4875 δίδωμι

264 4913 340 4980 μὴ
396 4910 464 4960 δι’
509 4907 630 4960 ὅλου
685 4906 984 4973 ἱερουργεῖν
1034 4906 1159 4965 τοὺς
1206 4906 1556 4971 ἱερωμένους.
1589 4900 1687 4951 Διά
1726 4901 1833 4966 γὰρ

262 5002 424 5053 τοῦτο
451 5003 546 5051 καὶ
577 5002 631 5049 ὲν
661 4997 736 5065 τῷ
765 5003 794 5049 ι’
819 4996 1000 5049 κανόνι
1020 4995 1117 5062 τῆς
1148 4994 1205 5046 ὲν
1233 4994 1310 5060 τῷ
1339 4992 1590 5062 Τρούλλῳ
1616 4990 1832 5042 συνόδου

265 5093 573 5162 ἐφημερίας
602 5088 945 5157 ἐμνήσθησαν
992 5088 1041 5138 οἱ
1069 5086 1328 5153 Πατὲρες.
1356 5086 1443 5135 Διὸ
1472 5086 1563 5136 καὶ
1606 5085 1665 5135 ἐν
1713 5085 1834 5145 ταῖς

268 5186 536 5255 μεγάλαις
597 5184 689 5233 καὶ
739 5181 1046 5241 καθολικαῖς
1096 5179 1413 5245 ἐκκλησίαις
1469 5174 1749 5244 διῄρηνται
1779 5174 1838 5225 αι

264 5279 369 5330 τῶν
397 5276 710 5346 ἱερωμένων
736 5272 988 5327 δουλεῖαι,
1018 5272 1080 5323 Οἱ
1140 5270 1247 5338 γὰρ
1280 5268 1399 5320 καθ’
1439 5268 1676 5333 Excisa-tv
1724 5265 1837 5316 λειυ

264 5369 624 5438 τουργοῦντες
650 5367 822 5435 ἔνοχοι
847 5366 1081 5430 γίνοντσι
1117 5361 1195 5431 τῷ
1250 5362 1433 5413 κανόνι
1459 5360 1565 5411 ἀπὸ
1634 5358 1839 5426 προλή-

264 5466 432 5532 ψεως,
466 5460 556 5513 διὰ
588 5460 647 5511 τὸ
686 5460 954 5510 συνοικεῖν
990 5456 1256 5522 γαμεταῖς
1290 5469 1302 5481 ·
1334 5452 1507 5504 διόλου
1532 5451 1626 5502 καὶ
1667 5467 1836 5500 σκαν-

264 5555 538 5615 δαλίζουσι
562 5550 683 5609 τοὺς
720 5549 880 5610 λαούς
913 5563 927 5579 ο
952 5543 1101 5615 οἶμαι
1129 5546 1236 5614 γὰρ
1259 5544 1339 5595 ὅτι
1367 5543 1460 5596 καὶ
1496 5543 1554 5594 τὸ
1589 5541 1662 5609 μὴ
1708 5542 1839 5609 κλη-

268 5643 491 5697 οοῦσθαι
524 5642 613 5694 τὸν
644 5639 808 5691 αὑτὸν
832 5640 909 5700 εις
939 5637 1139 5696 πολλὰς
1197 5633 1493 5701 ἐκκλησίας
1555 5630 1645 5683 διὰ
1677 5629 1835 5683 τοῦτο

268 5738 514 5807 ἐκωλύθη
543 5751 557 5765 ⁸
589 5735 670 5789 ἔτι
704 5752 759 5788 τε
786 5735 880 5787 καὶ
936 5733 995 5786 τὸ
1050 5730 1291 5799 γίνεσθαι
1344 5729 1679 5798 λειτουργίαν
1746 5729 1835 5782 καὶ

1939 4550 2017 4605 vcl
2052 4552 2172 4618 quis
2202 4565 2323 4604 eum
2369 4547 2691 4601 convincere
2736 4546 3121 4615 aggretlietur?
3153 4546 3494 4614 Quapropter

1939 4656 2056 4694 mea
2087 4650 2167 4694 est
2200 4639 2464 4694 sententia
2491 4677 2506 4703 ,
2542 4648 2599 4691 ut
2648 4631 2817 4691 sacris
2852 4637 3046 4690 initiati
3086 4652 3191 4690 non
3246 4648 3500 4706 perpetuo

1938 4746 2089 4786 sacra
2122 4731 2409 4785 celebrent.
2453 4728 2745 4797 Propterea
2790 4728 2932 4781 enim
2984 4737 3037 4780 et
3086 4728 3136 4779 iu
3172 4730 3379 4780 decimo
3416 4743 3503 4796 sy-

1939 4824 2059 4877 nodi
2112 4824 2162 4875 in
2209 4820 2391 4873 Trullo
2420 4834 2624 4873 canone
2670 4818 2855 4872 Patres
2886 4818 2949 4871 de
2995 4817 3201 4873 vicibus
3238 4820 3499 4872 memine-

1940 4922 2081 4966 runt.
2144 4910 2207 4964 Et
2253 4910 2455 4964 idcirco
2501 4912 2551 4963 in
2602 4911 2809 4978 magnis
2837 4917 2890 4961 et
2924 4908 3203 4963 catholicis
3254 4910 3503 4963 ecclesiis

1940 5013 2272 5056 sacratorum
2312 5002 2605 5055 ministeria
2642 5001 2809 5054 divisa
2844 5008 2988 5054 sunt.
3019 4998 3117 5064 Qui
3148 5003 3286 5053 enim
3319 5003 3502 5069 quoti-

1939 5095 2025 5148 die
2051 5108 2200 5147 sacra
2226 5092 2497 5147 celebrant
2528 5093 2719 5147 canoni
2754 5101 2879 5147 sunt
2906 5095 3120 5149 obnoxii
3151 5109 3212 5147 ex
3242 5108 3502 5161 praesum-

1941 5186 2143 5254 ptioae,
2180 5184 2319 5252 quod
2355 5199 2474 5237 cmn
2522 5183 2776 5238 uxoribus
2818 5184 3158 5239 cohabitant:
3212 5193 3264 5239 rt
3318 5196 3502 5253 aperte

1942 5276 2162 5345 populos
2195 5274 2489 5329 oﬂendunt.
2528 5273 2748 5342 Propter
2800 5276 2901 5330 hoc
2940 5278 3106 5340 enim,
3140 5287 3198 5329 ut
3245 5276 3374 5329 mihi
3423 5277 3500 5328 vi-

1942 5370 2007 5419 (³-
2034 5382 2128 5430 ur;
2168 5380 2232 5419 ne
2263 5367 2384 5434 quis
2418 5366 2469 5417 in
2506 5365 2685 5420 multis
2712 5368 2953 5421 ecclesiis
2989 5358 3336 5421 ﬁat'clericus
3377 5384 3502 5435 pro-

1944 5459 2166 5511 hibitum
2192 5467 2292 5519 est,
2326 5467 2379 5511 et
2405 5458 2564 5509 etiam
2598 5473 2664 5511 ne
2687 5473 2960 5511 sacrorum
2997 5457 3287 5511 celebratio
3322 5470 3373 5512 et
3412 5458 3501 5510 ba-

1944 5549 2192 5616 ptismata
2244 5548 2294 5599 iu
2343 5551 2598 5601 oratoriis
2634 5548 2779 5612 ﬁant,
2818 5562 2935 5615 quae
2972 5557 3095 5600 sunt
3143 5549 3193 5600 in
3229 5547 3501 5601 dOIlllbllS.

1944 5636 2008 5689 Et
2033 5639 2131 5689 hoc
2158 5635 2388 5689 exolevit
2434 5646 2648 5703 propter
2681 5636 2839 5687 aliam
2890 5636 3150 5689 rationem
3186 5652 3248 5689 ex
3292 5634 3505 5689 Novella

1944 5728 2145 5783 domini
2199 5726 2396 5781 Leonis
2429 5727 2743 5798 Phi|050pbi
2765 5766 2778 5789 ,
2808 5743 2964 5796 quam
2995 5729 3153 5783 etiam
3193 5730 3244 5783 in
3272 5728 3506 5784 diverso-
