4212 6440
792 364 891 427 271

2054 362 2329 424 THEOD.
2371 363 2462 421 BA
2471 360 2767 421 LSAMON

3889 354 3999 422 2τῖ

798 491 916 528 1ἰιιιι
946 489 1210 529 canonum
1242 470 1770 544 interpretationibus
1816 469 1973 524 sitam
2025 470 2171 539 legas
2225 469 2341 522 vel-
2366 469 2461 537 At

2336 498 2341 508 ι
2366 472 2419 533 Α
2445 469 2791 539 βαπτίσματα
2818 473 2897 534 είς
2927 473 2995 525 τά
3021 471 3144 526 κατ’
3163 470 3310 524 οἷκον
3338 469 3619 540 εὒκτήρια.
3681 466 3793 521 Καὶ
3838 465 3999 519 τοῦτο

794 566 917 620 lem.

861 820 1108 876 ZONAR.
1143 819 1239 875 llic
1266 822 1423 875 etiam
1454 822 1518 876 de
1551 822 1874 875 continentia
1902 835 2108 887 eorum,
2135 819 2224 888 qui
2251 833 2343 876 sa»

800 914 907 967 eris
954 912 1141 965 initiati
1197 921 1345 977 sunt,
1389 912 1457 965 ab
1500 928 1726 966 uxorum
1763 926 1981 966 suorum
2015 913 2343 967 commercio

790 1003 977 1056 Patres
1030 1004 1343 1056 decernunt.
1402 1001 1676 1069 Episcopis
1719 1015 1866 1068 ergo,
1921 1002 2248 1069 presbyteris
2282 1009 2340 1055 et

790 1094 1030 1147 diaconis
1083 1093 1149 1145 ab
1173 1093 1253 1146 eis
1279 1092 1651 1146 abstinendum
1679 1105 1798 1145 esse
1826 1092 2170 1158 pracipiunt;
2202 1105 2263 1144 ac
2292 1090 2339 1144 si

788 1184 879 1247 qui
916 1188 1096 1235 contra
1116 1181 1278 1250 607
1307 1180 1530 1234 fecerint
1553 1182 1881 1250 depositione
1908 1181 2228 1248 puniendos.
2258 1180 2339 1234 Ab

790 1273 907 1327 aliis
936 1286 1063 1325 vero
1096 1271 1309 1324 clericis
1336 1284 1669 1338 nequaquam
1714 1270 1766 1324 id
1818 1270 2074 1335 exigunt;
2118 1269 2213 1324 sed
2271 1270 2340 1324 ab

789 1374 1107 1429 unoquoque
1154 1358 1395 1413 ecclesia:
1444 1372 1555 1411 sua
1600 1360 2043 1412 consuetudinem
2081 1360 2132 1412 in
2166 1374 2231 1413 ea
2283 1373 2341 1413 re

794 1452 997 1507 servari
1040 1451 1244 1517 iubent.
1288 1450 1462 1519 Atque
1511 1450 1597 1502 hic
1642 1463 1857 1521 quoque
1901 1451 2340 1505 consuetudinem

789 1548 895 1596 vim
936 1542 1071 1610 legis
1098 1541 1343 1595 obtinere
1390 1540 1834 1594 animadvertere.
1886 1537 1963 1595 De
2005 1540 2337 1603 continentia

787 1647 947 1702 porro
976 1646 1003 1683 a
1038 1630 1274 1698 propriis
1302 1629 1558 1683 uxoribus
1583 1629 1864 1691 servanda,
1902 1641 1970 1682 ne
1996 1624 2117 1681 cum
2152 1628 2219 1682 iis
2243 1641 2341 1697 per

790 1735 998 1791 tempus
1024 1720 1237 1789 aliquod
1272 1718 1595 1773 conveniens
1624 1732 1735 1772 rem
1768 1717 2033 1783 habeant,
2058 1718 2149 1786 qui
2181 1732 2338 1774 sacra

792 1817 1040 1875 tractant,
1066 1810 1257 1862 tertius
1283 1807 1519 1860 decimus
1553 1814 1719 1860 sextae
1750 1806 1966 1873 synodi,
1991 1806 2119 1875 quin
2147 1815 2201 1860 et
2234 1815 2340 1860 ter—
2369 1794 2413 1851 Β

792 1902 898 1954 tius
920 1898 1162 1969 Dionysii
1192 1893 1546 1952 Alexandrini
1572 1895 1964 1965 archiepiscopi
1995 1908 2188 1961 canon,
2213 1895 2344 1950 ube-

791 1993 904 2046 rius
929 1992 1217 2046 disserunt.

789 2248 1012 2303 ARIST.
1056 2267 1075 2300 r
1119 2246 1401 2318 Episcopi,
1441 2246 1774 2318 presbyteri,
1824 2254 1878 2301 et
1908 2246 2120 2301 diaconi
2152 2262 2182 2301 a
2224 2259 2346 2315 pro-

867 2358 887 2391 ε
927 2340 1057 2408 priis
1089 2337 1347 2391 uxoribus
1382 2336 1700 2401 abstineant,
1729 2335 1808 2390 vel
1848 2334 2036 2389 ordine
2085 2335 2348 2389 ecclesia-

865 2448 883 2482 s
921 2430 1056 2484 stico
1086 2430 1477 2483 dimoveantur.
1501 2425 1710 2495 Reliqui
1740 2441 1869 2480 vero
1893 2426 2075 2480 clerici
2110 2427 2176 2479 ad
2206 2426 2345 2479 idem

866 2538 886 2571 ε
924 2534 990 2574 ne
1014 2518 1407 2588 compellantur
1436 2534 1455 2571 :
1489 2520 1580 2571 sed
1611 2518 1941 2572 consuetudo
1966 2518 2335 2571 observetur.»

860 2698 957 2755 llic
1003 2714 1176 2754 canon
1208 2699 1273 2753 de
1302 2698 1553 2752 omnibus
1583 2698 1700 2751 sine
1728 2697 2070 2752 distinctione
2118 2697 2303 2751 statuit
2329 2734 2345 2760 ,

788 2793 1078 2860 episcopis,
1116 2791 1465 2859 presbyteris.
1502 2799 1556 2843 et
1596 2789 1837 2844 diaconis
1894 2788 2188 2843 secundum
2214 2802 2344 2857 pro-

790 2884 903 2949 pria
939 2891 1181 2948 tempora
1224 2895 1252 2932 a
1280 2880 1391 2933 suis
1418 2879 1689 2934 abstinere
1718 2880 1990 2933 uxoribus.
2025 2882 2092 2930 At
2136 2877 2343 2933 duodeo

787 2975 962 3027 cimus
994 2981 1163 3025 sexta:
1190 2971 1239 3023 in
1272 2967 1456 3022 Truilo
1499 2970 1687 3038 synodi
1728 2983 1899 3022 canon
1928 2969 2195 3036 episcopis
2238 2981 2343 3021 non

787 3062 1070 3132 permittit,
1104 3067 1391 3129 postquam
1428 3060 1493 3112 ad
1538 3058 1904 3127 episcopatum
1953 3058 2188 3110 ordinati
2224 3055 2343 3109 l‘ue-

787 3162 932 3216 runt,
983 3166 1102 3203 cum
1155 3151 1267 3203 suis
1298 3150 1559 3202 uxoribus
1603 3149 1915 3201 cohabitare
1951 3185 1966 3211 ,
1998 3160 2065 3200 ne
2090 3145 2344 3200 oli'ensio—

788 3258 908 3297 nem
939 3251 992 3296 et
1037 3239 1345 3294 scandalum
1374 3238 1571 3291 exinde
1598 3237 1806 3306 populis
1835 3235 2046 3289 darent.
2095 3236 2166 3289 At
2204 3236 2351 3301 ejus-

789 3334 910 3387 dem
939 3331 1126 3402 synodi
1164 3344 1336 3384 canon
1374 3327 1440 3381 t5
1479 3329 1697 3381 mandat
1728 3327 2055 3396 presbyteris
2089 3336 2144 3380 et
2170 3325 2351 3380 diaco-

791 3421 901 3484 nis,
936 3435 1056 3471 cum
1082 3418 1418 3473 ordinatione
1451 3416 1748 3469 habeantur
1777 3416 1943 3483 digni,
1989 3429 2021 3467 a
2073 3414 2185 3468 suis
2220 3428 2352 3467 uxo-

788 3512 937 3565 ribus
990 3511 1243 3564 secedere
1303 3522 1411 3560 non
1461 3507 1736 3577 proﬁteri;
1791 3506 2245 3574 quemadmodum
2296 3505 2351 3559 in

789 3603 1149 3657 Romanorum
1200 3600 1434 3654 Ecclesia
1469 3601 1692 3653 canonis
1721 3600 1788 3652 ad
1832 3600 2005 3651 instar
2040 3599 2164 3651 illud
2212 3597 2353 3651 obtio

789 3704 976 3748 nuerat
1006 3693 1137 3747 :sed
1170 3706 1288 3745 cutn
1321 3691 1386 3744 iis
1418 3691 1687 3755 habitare,
1713 3700 1767 3743 et
1800 3701 1978 3744 mutua
2004 3689 2348 3744 convenienti

790 3797 1033 3852 ternpore
1057 3782 1469 3836 conversatione
1502 3795 1607 3834 non
1641 3780 1863 3849 privari.
1912 3777 2212 3831 Prmvalent
2253 3778 2357 3831 ita-

786 3891 890 3943 que
929 3875 1018 3929 isti
1062 3887 1319 3940 canones,
1348 3882 1401 3927 et
1434 3872 1725 3926 secundum
1771 3884 1866 3924 eos
1909 3869 2149 3923 Ecclesia
2195 3858 2357 3923 hodie

783 3963 1142 4035 gubernatur.
1228 3956 1237 3965 ’

1308 4215 1534 4272 CANON
1568 4214 1805 4271 LXXIV.

793 4333 807 4356 ‹
853 4313 923 4365 De
958 4311 1043 4375 iis,
1076 4311 1166 4378 qui
1203 4308 1448 4378 preprios
1490 4308 1715 4377 populos
1758 4305 2089 4376 relinquunt.
2144 4307 2358 4363 Rursus

862 4421 879 4452 ε
925 4403 1143 4470 placuit,
1174 4410 1231 4453 ut
1258 4398 1390 4452 nulli
1414 4398 1574 4451 liceat
1594 4397 1871 4466 episcopo,
1898 4398 2079 4451 relicta
2102 4412 2199 4452 sua
2228 4400 2358 4452 sede

861 4512 877 4544 ι
919 4492 1224 4562 principali,
1279 4491 1346 4543 ad
1400 4490 1633 4556 aliquam
1682 4489 1970 4542 ecclesiam
2028 4490 2083 4542 in
2136 4489 2354 4544 dimeesi

859 4602 877 4633 ι
915 4584 1263 4635 constitutam
1297 4580 1532 4648 seipsutn
1559 4574 1833 4645 conferre;
1862 4580 1942 4633 vel
1964 4580 2029 4633 de
2060 4594 2116 4633 re
2139 4582 2356 4649 propria

864 4693 882 4723 ε
921 4676 1200 4743 plusquam
1228 4682 1437 4743 oportet
1458 4669 1711 4738 sollicito,
1738 4673 1967 4742 propriae
1996 4673 2141 4727 sedis
2172 4687 2356 4726 curam

859 4786 876 4816 ε
915 4775 968 4819 et
1003 4764 1415 4820 sollicitudinem
1446 4762 1739 4833 negligere.
1772 4781 1791 4814 ι

857 5049 1050 5102 BALS.
1083 5050 1307 5115 Quidam
1328 5050 1565 5120 episcopi
1596 5064 1721 5104 suas
1746 5048 2047 5119 primitivas
2067 5052 2356 5107 cathedras

789 5141 1171 5207 relinquentes,
1213 5140 1266 5192 in
1293 5140 1500 5208 aliquas
1532 5141 1667 5193 alias
1696 5140 1957 5194 ecclesias
1996 5141 2357 5208 parmciarum

785 5232 851 5283 ad
876 5246 933 5284 se
964 5231 1368 5298 pertinentium,
1400 5246 1517 5298 qua:
1537 5241 1687 5283 erant
1715 5230 1854 5284 forte
1896 5232 2065 5300 magis
2089 5233 2360 5299 populosa

786 5333 877 5375 aut
914 5322 1131 5391 majoris
1166 5320 1433 5385 redditus,
1465 5335 1523 5374 se
1574 5320 1953 5383 conferebant.
1977 5332 2030 5375 et
2063 5321 2173 5375 illic
2205 5323 2363 5376 sede-

787 5417 933 5468 bant.
968 5413 1289 5466 Statuerunt
1313 5426 1442 5480 ergo
1488 5410 1694 5473 Patres,
1737 5412 1869 5466 nulli
1920 5412 2085 5467 licere
2119 5414 2221 5468 hoc
2271 5413 2356 5466 la-

789 5520 915 5562 cere
952 5520 966 5557 :
995 5505 1088 5559 sed
1125 5520 1298 5574 neque
1331 5504 1531 5573 proprii
1562 5505 1759 5573 negatii
1787 5505 1959 5574 gratia
1990 5504 2269 5558 discedere
2294 5503 2363 5557 ab

787 5612 871 5661 ea,
906 5610 1025 5665 qua:
1055 5594 1202 5647 illum
1233 5594 1321 5647 diu
1352 5594 1545 5647 sortita
1583 5603 1687 5658 est,
1728 5602 1781 5645 et
1806 5592 1884 5646 sic
1918 5591 2184 5662 populum
2218 5591 2363 5647 assi—

789 5690 891 5744 due
922 5686 1143 5744 docendi
1192 5700 1376 5742 curam
1428 5701 1532 5742 non
1576 5699 1785 5756 gerere.
1823 5684 1888 5740 Et
1926 5685 1983 5740 in
2015 5684 2100 5741 his
2129 5684 2355 5756 quidem

2370 3114 2418 3175 C

2445 560 2763 629 ήπράκτησε
2792 561 2861 613 δι’
2890 562 3076 631 ιτερον
3118 562 3274 628 λόγον
3305 561 3412 615 άπὺ
3440 558 3658 629 Νεαρᾱς
3699 556 3793 610 τοῦ
3850 556 4003 624 φιλο-

2448 648 2609 717 σόφου
2635 649 2800 719 κυροῦ
2821 649 3067 714 Δίοντος,
3104 650 3172 719 ήν
3219 652 3313 702 καὶ
3353 649 3625 718 ἀνάγνωθι
3683 662 3997 715 καταστρω-

2445 736 2628 790 θεῖσαν
2654 737 2713 789 ιν
2750 737 3063 806 ἑρμηνείαις
3090 735 3360 805 διαφόρων
3389 737 3649 790 κανόνων.

2515 826 2761 882 ΖΩΝΔΡ.
2795 825 3086 879 Κάνταῦθα
3113 828 3163 879 οῖ
3202 825 3439 888 Πατίρες
3464 821 3610 878 οὗτοι
3633 824 3764 895 περὶ
3793 826 3994 894 ὶγκρα-

2447 915 2591 977 τείας
2633 915 2731 983 τῆς
2786 914 2922 984 πρὸς
2961 915 3059 977 τὰς
3091 914 3301 968 ἑαυτῶν
3345 914 3590 983 γαμετάς
3622 914 3998 967 διατάττοντσι

2443 1005 2553 1064 τοῖς
2581 1003 2919 1072 ῖερωμὲνοις,
2944 1003 3037 1057 καί
3078 1020 3211 1071 φασι
3241 1004 3349 1057 δεῖν
3374 1006 3502 1067 τοὺς
3544 1004 3873 1067 επισκόπους
3902 1003 4001 1058 καὶ

2442 1093 2844 1163 πρεσϐυτέρους
2870 1095 2963 1146 καὶ
2990 1094 3274 1157 διακόνους
3296 1094 3597 1163 άπόχεσθαι
3628 1095 3723 1147 καὶ
3770 1096 3835 1148 εκ
3888 1095 4001 1147 τῶν

2443 1184 2588 1237 ῖδίων
2614 1184 2864 1253 γαμετῶν
2889 1182 3030 1236 κατά
3056 1184 3179 1246 τοὺς
3220 1184 3380 1246 ῖδίους
3426 1185 3604 1254 ὄρους,
3654 1185 3819 1255 ήγουν
3858 1184 3999 1236 κατὰ

2440 1275 2538 1337 τάς
2561 1273 2866 1344 ὡρισμένας
2892 1274 3107 1345 ήμίρας
3128 1275 3225 1344 τῆς
3245 1275 3473 1329 ἑκάστου
3511 1273 3833 1345 ιφημερίας,
3872 1273 4001 1333 τοὺς

2440 1365 2496 1421 δὲ
2554 1365 2629 1434 μή
2679 1364 2833 1418 τοῦτο
2874 1364 3158 1429 ποιοῦντας
3212 1366 3607 1434 καθαιρεῖσθαι.
3669 1366 3848 1435 ὀπερ
3874 1366 4001 1427 τοὺς

2440 1454 2657 1516 λοιποὺς
2699 1454 2992 1524 κληρωτοὺς
3039 1456 3478 1526 παραφυλάττειν
3519 1456 3618 1509 οὐκ
3686 1454 3999 1518 ἀπαιτοῦσι,

2442 1546 2615 1598 ποιεῖν
2671 1543 2715 1596 δ’
2753 1545 2989 1609 ὶκείνους
3012 1545 3248 1616 ὁρίζουσι
3290 1547 3429 1599 κατὰ
3451 1546 3548 1614 τήν
3583 1544 3683 1615 τῆς
3707 1544 4001 1614 smnus;

2440 1635 2499 1688 ὲν
2542 1630 2575 1706 ᾖ
2603 1635 2828 1699 ἓκαστος
2864 1635 3261 1707 ἐχειροτονήθη.
3294 1636 3601 1707 συνήθειαν.
3635 1635 3778 1704 Ὅρα
3821 1637 4002 1689 τοίνυν

2442 1725 2718 1779 κάνταῦθα
2742 1727 2802 1779 τὸ
2836 1725 2954 1790 ῑθος
2997 1726 3072 1790 ὡς
3099 1727 3259 1796 νόμον
3293 1727 3543 1796 κρατοῦν.
3592 1727 3705 1781 Καὶ
3751 1728 3780 1781 ό
3806 1734 3902 1795 -ιγ
3943 1727 4002 1781 δὲ

2441 1816 2618 1871 κανὼν
2644 1817 2741 1883 τῆς
2768 1816 2931 1885 ῑκτης
2978 1815 3196 1869 συνόδου
3239 1815 3566 1886 πλατύτερον
3604 1815 3823 1882 διέξεισι
3873 1818 4004 1885 περὶ

2440 1906 2539 1975 τῆς
2574 1906 2896 1975 ἐγκρατείας
2943 1904 3050 1958 τῶν
3098 1905 3243 1959 ίδίων
3302 1904 3576 1974 γαμετῶν,
3636 1903 3776 1957 ῶστε
3824 1906 4005 1959 αὐτῶν

2440 1996 2735 2066 ἀπέχεσθαι
2780 1996 2921 2048 κατά
2980 1994 3071 2048 τδν
3099 1994 3287 2065 καιρὸν
3330 1994 3421 2047 τὸν
3489 1994 3835 2062 προσήκοντα
3877 1994 4005 2055 τοὺς

2440 2088 2800 2157 ψηλαφῶντας
2827 2087 2894 2139 τά
2921 2086 3073 2154 άγια,
3106 2084 3247 2138 ἀλλὰ
3271 2085 3364 2139 καὶ
3392 2085 3421 2136 ό
3462 2080 3511 2152 γ’
3555 2083 3736 2137 κανὼν
3773 2083 3869 2136 τοῦ
3907 2084 4006 2154 ἁρ-

2441 2176 2789 2245 χιεπισκόπου
2825 2173 3222 2245 Ἀλεξανδρείας
3257 2173 3580 2227 Διονουσίου.

2442 2264 2666 2318 ΑΡΙΣΤ.
2705 2284 2725 2317 ι
2762 2264 3099 2328 Ἑπίσκοποι,
3129 2263 3492 2335 πρεσϐύτεροι
3515 2263 3610 2317 καὶ
3635 2263 3874 2318 διάκονοι
3897 2263 4006 2319 τῶν

2520 2371 2539 2404 r
2587 2353 2732 2406 ῖδίων
2761 2356 3014 2422 γαμετῶν
3048 2353 3463 2423 ἀπεχόσθωσαν,
3491 2354 3525 2423 ή
3561 2352 3665 2415 τῖης
3705 2354 4005 2423 ἐκκλησια-

2519 2462 2538 2494 ι
2586 2444 2775 2510 στικῆς
2824 2444 3289 2497 άποκινείσθωσαν
3329 2443 3557 2509 τάξεως.
3611 2445 3674 2497 Oi
3724 2445 3906 2498 λοιποὶ
3950 2443 4007 2496 δὲ

2518 2551 2536 2583 ι
2586 2533 2835 2604 κληρικοὶ
2857 2535 2991 2603 πρὸς
3017 2535 3176 2586 τοῦτο
3207 2535 3282 2604 μή
3313 2533 3809 2603 άναγκαζίσθωσαν
3832 2549 3847 2565 °
3886 2532 4005 2587 ἀλλ’

2522 2638 2540 2671 ι
2586 2621 2618 2690 ή
2652 2620 2903 2689 συνήθεια
2935 2620 3305 2687 φυλαττέσθω.
3344 2640 3363 2674 ι

2514 2701 2682 2770 Οὗτος
2707 2710 2735 2760 ό
2761 2707 2940 2760 κανὼν
2969 2711 3097 2780 περὶ
3129 2710 3346 2762 πάντων
3376 2709 3741 2772 άδιαστῖκτως
3786 2710 4012 2765 διατάτ-

2446 2814 2617 2862 τεται,
2650 2798 2980 2865 ἐπισκόπων,
3017 2800 3402 2870 πρεσϐυτέρων
3428 2802 3522 2855 καὶ
3556 2803 3840 2867 διακόνων,
3868 2801 4012 2855 κατά

2449 2888 2573 2950 τοὺς
2604 2886 2765 2950 ῖδίους
2786 2889 2967 2957 δρους,
3008 2888 3115 2941 τῶν
3150 2889 3295 2942 ίδίων
3319 2890 3623 2959 ἀπέχεσθαι
3651 2890 3911 2960 γαμετῶν
3930 2909 3945 2924 ·
3980 2892 4010 2945 ό

2446 2975 2501 3027 δὲ
2526 2974 2821 3037 δωδέκατος
2856 2972 3038 3029 κανὼν
3066 2977 3163 3046 τῆς
3210 2978 3267 3029 ιν
3307 2978 3384 3046 τῷ
3410 2978 3665 3049 Τρούλλῳ
3696 2979 3860 3050 ἕκτης
3889 2997 4017 3033 συν-

2448 3064 2565 3117 όδου
2593 3065 2654 3115 οὐ
2689 3068 2961 3135 συγχωρεῖ
2988 3067 3097 3126 τοῖς
3130 3068 3446 3129 ιπισκόποις
3474 3069 3613 3136 μετά
3673 3068 3774 3140 τήν
3808 3071 4013 3139 προελ-

2452 3151 2651 3204 θοῦσαν
2696 3150 2782 3202 tr."
2816 3151 2999 3213 αὐτοῖς
3044 3154 3141 3223 τῆς
3175 3153 3480 3222 ιπισκοπῆς
3517 3155 3855 3223 χειροτονίαν
3891 3160 4015 3221 ταῖς

2456 3240 2615 3303 ίδίαις
2655 3243 2922 3295 συνοικεῖν
2957 3243 3258 3311 γαμεταῖς·
3299 3243 3386 3295 (va
3428 3242 3503 3313 μή
3536 3244 3875 3315 πρόσκομμα
3900 3249 4014 3309 τοῖς

2448 3330 2597 3393 λαοῖς
2642 3330 2891 3385 ἐντεῦθεν
2932 3327 3035 3385 ὦσι
3075 3333 3316 3396 τιθέντες
3363 3337 3458 3387 καὶ
3502 3335 3823 3390 σκάνδαλον.
3864 3338 3926 3390 Ὀ
3958 3340 4015 3392 δὲ

2449 3420 2897 3491 τρισκαιδέκατος
2925 3421 3026 3488 τῆς
3052 3422 3222 3491 αὐτῆς
3254 3423 3471 3475 συνόδου
3518 3423 3699 3477 κανὼν
3728 3427 4013 3495 προστάτ-

2451 3527 2532 3563 τει
2576 3513 2701 3573 τοὺς
2744 3511 3150 3582 πρεσϐυτέρους
3196 3513 3291 3565 κώ
3320 3514 3603 3577 διακόνους
3649 3516 3726 3586 μή
3768 3516 4014 3588 καθομο-

2452 3598 2653 3666 λογεῖν,
2680 3602 2738 3653 ὲν
2758 3600 2836 3666 τῷ
2869 3599 3152 3665 ἀξιοῦσθαι
3180 3600 3280 3667 τῆς
3322 3602 3679 3669 χειροτονίας,
3711 3603 3820 3655 τῶν
3863 3604 4011 3656 ίδίων

2452 3689 2788 3757 ἀφίστασθαι
2835 3690 3114 3761 γαμετῶν,
3140 3690 3320 3753 καθὼς
3358 3692 3415 3743 ιν
3449 3694 3515 3763 τῇ
3561 3693 3853 3763 Ῥωμαίων
3888 3691 4013 3747 ἐκ-

2454 3776 2653 3848 κλησίᾳ
2681 3781 2741 3831 εν
2768 3778 2917 3841 τάξει
2957 3781 3180 3843 κανόνος
3207 3779 3367 3833 τοῦτο
3394 3780 3683 3851 ῖκράτησν
3712 3781 3852 3835 sna
3882 3798 4013 3835 συν-

2454 3870 2625 3920 οικεῖν
2679 3869 2895 3930 αὑταῖς,
2954 3868 3047 3920 καὶ
3114 3869 3191 3938 μὴ
3234 3868 3655 3939 ἀποστερεῖσθαι
3718 3873 3818 3941 τῆς
3878 3872 4017 3943 πρὸς

2454 3959 2718 4029 ἀλλήλους
2768 3960 2911 4014 κατά
2962 3961 3155 4031 καιρὸν
3214 3960 3308 4013 τδν
3363 3964 3707 4033 προσήκοντα
3772 3963 4014 4032 ὁμιλίας.

2456 4049 2764 4119 Κρατοῦσιν
2789 4050 2881 4104 οὖν
2910 4052 2960 4104 οί
2990 4054 3226 4117 κανόνες
3263 4053 3487 4117 εκεῖνοι,
3522 4052 3617 4106 καὶ
3658 4054 3781 4105 κατ’
3814 4054 4018 4115 αὐτοὺς

2456 4140 2695 4210 σήμερον
2714 4141 2749 4213 ή
2794 4140 3087 4213 Ἐκκλησία
3117 4143 3483 4219 πολιτεύεται.

3050 4234 3141 4287 ΚΛ
3149 4234 3284 4290 NON
3320 4232 3436 4291 OA'.

2464 4338 2482 4371 r
2518 4321 2654 4391 Περὶ
2692 4320 2802 4374 τῶν
2839 4322 2964 4384 τοὺς
3008 4322 3170 4385 ίδίους
3197 4324 3361 4386 λαοὺς
3397 4325 4022 4397 εγκατσλιμπανόντων.

2535 4430 2553 4462 ι
2598 4410 2766 4463 Πάλιν
2806 4412 3025 4483 ήρεσεν,
3052 4412 3194 4467 ὥστε
3247 4415 3441 4485 μηδενὶ
3468 4417 3674 4480 twn:
3709 4416 4021 4487 ἑπισκόπῳ,

2533 4520 2553 4553 ε
2594 4502 3050 4574 καταλειφθείσης
3109 4505 3208 4575 τῆς
3292 4507 3614 4579 αὑθεντικῆς
3667 4510 3834 4564 αὐτοῦ
3886 4509 4026 4567 καθ-

2534 4610 2553 4643 ι
2598 4593 2777 4661 tam,
2812 4596 2946 4663 πρός
2982 4612 3102 4649 τινα
3148 4597 3445 4667 ικκλησίαν
3503 4602 3563 4654 ιν
3594 4600 3858 4673 διοικήσει
3886 4603 4023 4657 καθ’

2533 4701 2553 4733 ι
2596 4682 2841 4735 εστῶσαν
2926 4685 3121 4738 ἑαυτὸν
3195 4688 3491 4758 ἀποφέρειν
3536 4705 3553 4721 ο
3605 4693 3640 4761 ἢ
3707 4696 3767 4747 ιν
3833 4695 4022 4765 οίκείῳ

2534 4792 2553 4825 ε
2599 4774 2905 4842 πράγματι,
2934 4774 3074 4845 ὑπὲρ
3097 4775 3125 4827 δ
3152 4776 3523 4846 χρὴ.επιπολὺ
3551 4781 4025 4853 άπασχολουμεψρ

2537 4883 2557 4917 ι
2598 4865 2820 4937 ἀμελεῖν
2866 4865 2967 4934 τῆς
3017 4866 3298 4936 φροντίδος
3340 4868 3436 4921 καὶ
3472 4870 3575 4933 τῆς
3621 4873 3901 4940 συνεχείας
3930 4873 4027 4929 τοῦ

2539 4974 2557 5007 ι
2609 4956 2741 5008 ἰδίου
2768 4955 2981 5026 θρόνου.
3024 4974 3046 5008 s

2530 5046 2729 5099 ΒΔΛΣ.
2784 5046 2940 5108 Τινὲς
2990 5046 3307 5113 επίσκοποι,
3360 5051 3871 5122 καταλιμπάνοντες
3928 5058 4029 5123 τάς

2462 5135 2849 5207 πρωτοτύπους
2869 5138 3133 5207 καθέδρας
3163 5140 3362 5204 αὐτῶν,
3383 5140 3705 5212 ἀπήρχοντο
3729 5152 3823 5200 καὶ
3845 5165 4026 5223 προσ-

2463 5227 2732 5297 εκάθηντο
2796 5228 2876 5289 είς
2926 5246 3079 5292 τινας
3128 5231 3322 5300 ἑτέρας
3372 5233 3673 5301 ικκλησίας
3725 5241 4035 5310 παροικιῶν

2463 5320 2780 5387 άνηκουσῶν
2829 5321 3050 5384 αὐτοῖς,
3082 5324 3644 5396 πολυανθρωποτέρας
3692 5330 3825 5393 ῐσως
3866 5333 4036 5397 οὕσας

2464 5412 2497 5480 ἢ
2546 5418 2644 5467 καὶ
2697 5413 3234 5484 πολυεισοδωτίρας·
3290 5415 3496 5487 ὥρισαν
3551 5415 3646 5473 οὖν
3695 5422 3748 5474 οι
3790 5424 4037 5496 Πατόρες

2468 5505 2658 5575 μηδενὶ
2692 5506 2979 5577 ἐπισκόπῳ
3026 5508 3227 5573 ίξεῖναι
3284 5510 3445 5563 τοῦτο
3499 5514 3702 5579 ποιεῖν,
3728 5514 3869 5569 ana
3900 5516 4035 5583 pqu

2467 5598 2625 5667 χάριν
2668 5598 2980 5663 ὑποθέσιως
3032 5602 3242 5664 ’δικαίας
3293 5603 3773 5673 ἀπολιμπάνεσθαι
3831 5609 3899 5660 ἐκ
3942 5606 4039 5676 τῆς

2467 5690 2739 5761 λαχούσης
2794 5692 2956 5745 αὑτὸν
2989 5692 3078 5745 επὶ
3109 5692 3271 5759 πολὺ,
3310 5696 3407 5749 καὶ
3463 5695 3640 5763 οὕτως
3689 5698 3916 5771 ἀμελεῖν
3941 5698 4040 5754 τοῦ
