4212 6440
215 396 322 462 273

1227 412 1308 475 IN
1346 412 1511 477 CAN.
1552 413 1782 476 LXXIV
1822 414 2025 478 CONC.
2062 422 2429 484 CARTHAG.

3334 425 3439 487 274

216 515 459 582 συνεχῶς
478 516 744 571 διδάσκειν
772 518 862 573 τδν
889 522 1087 575 οἰκεῖον
1110 522 1381 578 λαόν.1(αὶ
1408 527 1435 577 ό
1464 526 1564 593 μέν
1591 525 1769 578 κανὼν
1799 528 1845 583 Α
1877 544 1879 553 π

1768 550 1769 559 ι
1799 528 1845 583 Δ
1877 538 2123 583 versatur
2151 546 2347 586 canon.
2385 533 2806 603 lnterrogaverit
2830 538 3011 589 autem
3037 533 3327 601 quispiam,
3366 552 3431 587 an

214 609 273 659 ἐν
306 608 860 679 τούτοις.Ἐρωτήσει
918 612 977 665 δέ
1038 631 1143 676 τις,
1170 618 1217 665 εί
1270 616 1339 667 τά
1394 615 1491 667 τοῦ
1548 616 1774 677 κανόνος

213 697 399 766 ἐχουσι
428 700 612 769 χώραν
643 702 737 755 καὶ
792 704 873 764 είς
922 704 1050 766 τοὺς
1090 704 1469 769 ἀπολέσαντας
1502 707 1777 775 ἀρχιερεῖς

212 790 312 849 τὰς
366 793 760 866 πρωτοτύπους
816 792 1085 864 καθέδρας
1138 795 1342 857 αὐτῶν,
1371 796 1448 859 ὡς
1505 813 1778 866 κατασχε-

213 881 402 943 θείσας
430 882 532 935 ὑπὸ
560 863 760 936 ἐθνῶν*
802 884 895 937 καὶ
932 863 1187 939 δύνανται
1215 880 1361 940 οὗτοι
1402 863 1776 957 ἀποκριματί-

213 986 353 1031 στως
391 972 749 1039 μεταπίπτειν
776 976 854 1036 είς
886 975 1183 1042 ἐκκλησίας
1222 977 1523 1045 παροικῶν
1563 977 1771 1042 αὖτῶνς

213 1062 425 1143 Δέσις.
450 1062 603 1122 Τινές
626 1056 783 1116 εἷπον
821 1063 1080 1117 δύνασθαι
1121 1064 1281 1118 τοῦτο
1324 1068 1497 1119 ποιεῖν
1529 1067 1618 1119 τὸν
1656 1068 1778 1120 ἐπί·

214 1164 418 1201 σκοπον
442 1150 763 1212 αὑτοθελῶς.
796 1154 1013 1222 Ἕτεροι
1044 1152 1198 1209 εἷπον
1222 1154 1435 1209 δίεσθαι
1467 1156 1657 1209 τοῦτον
1679 1159 1774 1209 καὶ

214 1240 498 1306 συνοδικῆς
525 1240 883 1306 διαγνώσεως.
930 1243 1114 1297 ’Δλλοι
1155 1245 1249 1297 καὶ
1293 1246 1380 1299 διὰ
1422 1246 1775 1315 προστάξεως

214 1327 505 1397 βασιλικῆς
530 1330 687 1383 τοῦτο
726 1333 970 1399 γίνεσθαι
1007 1329 1183 1388 εἷπον.
1217 1335 1371 1403 Ἐμοὶ
1402 1337 1458 1389 δέ
1504 1337 1651 1390 δοκεῖ
1675 1336 1772 1400 ὼς,

210 1419 261 1469 εί
288 1418 388 1486 μέν
418 1420 446 1471 ό
471 1419 710 1483 τοιοῦτος
736 1423 1139 1493 μητροπολίτης
1171 1426 1419 1493 βούλεται
1446 1433 1776 1495 μεταπεσεῖν

209 1509 292 1570 είς
338 1508 526 1577 θρόνον
560 1512 867 1579 ἐπισκοπῆς
910 1514 1095 1578 αὐτοῦ,
1121 1517 1209 1569 διά
1255 1518 1316 1571 τὸ
1366 1520 1774 1588 κατασχεθῆναι

211 1598 366 1667 παρά
415 1599 588 1651 ἐθνῶν
662 1602 761 1671 τήν
817 1606 1173 1674 πρωτότυπον
1213 1609 1509 1679 ἐκκλησίαν
1562 1612 1773 1677 τούτου,

208 1690 415 1755 ὀφείλει
442 1691 579 1758 μετά
614 1691 900 1763 βασιλικῆς
945 1698 1292 1765 προστάξεως
1347 1700 1441 1754 καὶ
1492 1702 1776 1773 συνοδικῆς

207 1777 554 1846 διαγνώσεως
610 1783 667 1834 ἐν
708 1784 883 1855 ταύτῃ
924 1786 1432 1843 ἀποκαθίστασθαι·
1460 1790 1650 1861 ὥσπερ
1681 1793 1776 1861 γέ-

210 1886 334 1935 γονε
392 1870 552 1924 τοῦτο
606 1875 687 1936 είς
730 1875 823 1927 τδν
866 1854 1270 1949 μητροπολίτην
1316 1854 1774 1952 Νεοκαισαρείας.
1808 1854 1849 1910 Β

209 1962 334 2015 ἀντὶ
376 1962 717 2031 καθίσματος
762 1966 956 2036 ἔχοντα
999 1969 1099 2039 τὴν
1140 1971 1348 2023 οίκείαν
1377 1973 1686 2044 ἐπισκοπὴν
1712 1976 1774 2029 τὸ

209 2052 453 2106 Οῖναιον·
472 2056 551 2118 είς
581 2054 673 2109 τὸν
703 2059 1106 2128 μητροπολίτην
1142 2062 1409 2128 Πισιδίας,
1433 2062 1772 2135 Ἀντιοχείας

206 2142 308 2212 τὴν
354 2145 665 2209 Σωζόπολιν
706 2149 943 2203 λαθόντα
984 2153 1063 2215 είς
1105 2153 1388 2224 κάθισμα,
1422 2157 1517 2209 καὶ
1551 2158 1777 2227 ἐτέρους

213 2232 467 2297 πολλοὺς.
505 2234 565 2288 El
591 2237 648 2290 δέ
682 2240 714 2307 ή
745 2240 1009 2309 περοικία
1050 2243 1109 2296 οὐ
1159 2243 1445 2313 τετίμηται
1476 2246 1564 2300 διὰ
1585 2248 1776 2319 θρόνου

210 2325 577 2381 ἐπισκοπικοῦ
623 2330 712 2383 διά
755 2331 924 2403 μόνης
976 2335 1265 2404 συνοδικῆς
1296 2335 1659 2405 διαγνώσεως,
1690 2340 1778 2395 ίνα

210 2418 527 2489 ἐγκαταστῇ
562 2423 643 2484 είς
679 2422 869 2492 αὐτὴν,
904 2428 999 2478 καὶ
1022 2426 1123 2479 οὐκ
1160 2428 1489 2493 αὐτοθελῶς,
1518 2429 1593 2493 ὥς
1626 2447 1775 2495 τινες

211 2508 465 2575 λέγουσιν
487 2527 502 2541 ’
538 2512 625 2564 ῖνα
658 2514 733 2583 μὴ
763 2516 1065 2586 ἐναντιωθῇ
1094 2517 1172 2588 τῷ
1200 2518 1540 2590 ἀποστολικῷ
1568 2522 1774 2587 κανόνι,

209 2603 304 2654 καὶ
336 2604 457 2666 τοῖς
482 2604 712 2669 λοιποῖς,
741 2609 855 2670 τοῖς
882 2607 1275 2678 διοριζομένοις
1306 2612 1475 2681 μηδέν
1507 2631 1558 2667 τι
1590 2632 1778 2669 statvo»

209 2694 377 2759 φανές
437 2699 615 2750 ποιεῖν
667 2698 757 2750 τὸν
803 2698 1101 2753 ἐπίσκοπον
1170 2704 1321 2771 παρά
1373 2704 1596 2773 γνώμην
1653 2723 1780 2758 συν-

205 2784 418 2855 οδικήν.
459 2785 580 2841 Ἔτι
610 2789 874 2858 ἐρωτήσει
920 2807 1028 2853 τις,
1069 2792 1139 2857 εί,
1195 2794 1289 2847 τοῦ
1333 2796 1558 2858 κανόνος
1606 2796 1778 2850 ταῦτα

204 2875 591 2947 διορισαμένου
648 2878 870 2934 δύναται
953 2881 1290 2947 ἐπίσκοπος,
1347 2886 1436 2939 διὰ
1495 2884 1779 2956 βασιλικῆς

205 2966 560 3036 προστάξεως
589 2969 681 3021 καὶ
708 2971 989 3041 συνοδικῆς
1018 2971 1387 3041 διαγνώσεως,
1409 2977 1775 3045 μεταπίπτειν

204 3057 317 3109 ἀπὸ
373 3056 476 3125 τῆς
532 3063 889 3128 πρωτοτύπου
962 3062 1233 3133 καθέδρας
1285 3065 1494 3129 αὑτοῦ,
1552 3070 1646 3120 καὶ
1701 3070 1775 3139 μὴ

1876 633 1993 685 qua:
2024 620 2126 673 hoc
2154 635 2360 675 canone
2386 622 2635 677 dicuntur
2678 623 2851 676 locum
2906 624 3136 677 habeant
3181 624 3337 675 etiam
3382 624 3434 675 in

1874 709 2224 772 antistitibus,
2258 712 2345 777 qui
2399 728 2523 767 suas
2559 713 2858 781 primitivas
2890 713 3147 769 ecclesias
3182 716 3428 783 perdide-

1876 810 2019 863 runt,
2068 810 2127 854 ut
2177 818 2295 869 qua:
2347 818 2375 855 a
2433 803 2676 871 gentibus
2714 812 2987 870 occupata:
3020 804 3219 859 fuerint
3252 823 3265 857 :
3297 820 3361 856 an
3399 803 3431 854 ii

1877 891 2081 957 possint
2106 891 2241 944 citra
2271 894 2639 961 praeiudicium
2672 896 2901 961 migrare
2929 895 2981 947 in
3020 896 3280 948 ecclesias
3310 910 3436 946 sua-

1877 996 1993 1033 rum
2018 983 2417 1047 paratciarum?
2440 985 2670 1038 Salutio.
2698 985 2923 1049 Quidam
2952 984 3203 1037 dixerunt
3229 986 3438 1053 episco-

1874 1080 1999 1134 pum
2032 1083 2095 1122 es
2148 1072 2365 1137 propria
2412 1072 2685 1125 voluntate
2737 1073 2839 1125 hoc
2884 1071 3065 1126 facere
3101 1086 3278 1140 posse.
3332 1072 3437 1125 Alii

1876 1157 2123 1212 dicebant
2153 1174 2274 1213 eum
2322 1161 2486 1214 etiam
2541 1162 2787 1231 synodali
2833 1162 3138 1230 cognitione
3164 1176 3300 1227 opus
3340 1163 3441 1213 ha-

1875 1254 2020 1307 bere.
2052 1253 2153 1307 Alii
2184 1255 2347 1307 etiam
2377 1270 2471 1321 per
2498 1256 2807 1309 mandatum
2859 1255 3135 1322 imperiale
3189 1256 3289 1309 hoc
3323 1254 3437 1308 fieri

1875 1344 2145 1399 dicebant.
2186 1345 2312 1398 Mihi
2348 1355 2529 1398 autem
2581 1348 2793 1398 videtur
2840 1346 2979 1412 quod
3033 1346 3079 1400 si
3132 1345 3176 1397 is
3220 1345 3431 1412 quidem

1876 1436 2325 1504 metropolitanus
2351 1436 2459 1489 vult
2493 1438 2544 1489 in
2575 1438 2657 1489 sui
2709 1439 3053 1506 episcOpatus
3106 1438 3283 1490 sedem
3338 1438 3432 1487 mi-

1876 1540 2051 1594 grare,
2084 1542 2149 1581 eo
2181 1530 2322 1594 quod
2376 1543 2403 1579 a
2442 1529 2689 1595 gentibus
2736 1530 2806 1583 sit
2858 1538 3119 1597 occupata
3164 1530 3435 1598 primitiva

1876 1628 2059 1669 eorum
2099 1617 2349 1679 ecclesia,
2399 1618 2553 1671 debet
2604 1633 2726 1671 cum
2790 1620 3041 1673 mandato
3086 1620 3349 1688 imperiali
3386 1632 3440 1673 et

1875 1705 2115 1775 synodali
2152 1704 2457 1773 cognitione
2489 1707 2541 1759 in
2570 1721 2631 1759 ea
2661 1708 2916 1760 cunstitui
2942 1726 2955 1761 :
2981 1708 3436 1775 quemadmodum

1877 1798 1932 1851 in
1960 1796 2320 1859 Neocaesarea
2371 1799 2781 1866 metropolitano
2811 1798 3011 1853 factum
3048 1808 3151 1862 est,
3196 1800 3285 1867 qui
3338 1817 3433 1868 pro

1877 1893 2003 1946 sede
2042 1892 2252 1960 accepit
2296 1891 2567 1958 prapriusn
2612 1892 2977 1959 episcopatum
3038 1890 3320 1956 (Eneum;
3384 1892 3435 1945 in

1878 1984 2286 2050 metropolitano
2314 1983 2526 2036 Pisidiae
2551 1982 2872 2044 Antiochiae,
2906 1982 2993 2050 qui
3024 1982 3305 2048 Sozopolin
3338 1998 3435 2050 pro

1877 2072 2004 2127 sede
2032 2072 2275 2141 accepit;
2323 2082 2377 2127 et
2414 2071 2465 2125 in
2518 2071 2701 2127 multis
2743 2071 2887 2124 aliis.
2934 2072 3030 2125 Sin
3083 2080 3257 2124 autent
3313 2073 3439 2126 sede

1876 2168 2163 2237 episcopali
2217 2183 2323 2223 non
2372 2168 2471 2222 fuit
2521 2169 2783 2222 honorata
2821 2167 3072 2235 'parmcia
3123 2181 3218 2234 per
3265 2166 3432 2221 solam

1876 2259 2185 2330 synodalem
2214 2260 2592 2327 cognitionem,
2629 2269 2685 2313 ut
2716 2260 2769 2312 in
2802 2274 2863 2312 ea
2892 2259 3249 2311 constituatur
3286 2274 3298 2309 :
3339 2272 3438 2309 nec

1875 2360 1941 2401 ex
1973 2346 2185 2416 propria
2208 2344 2504 2409 voluntate,
2522 2345 2967 2414 quemadmodum
2991 2344 3205 2411 quidam
3230 2342 3435 2403 dicunt;

1879 2452 1946 2492 ne
1980 2437 2177 2492 canoni
2228 2437 2523 2504 apostolico
2566 2436 2901 2499 adversetur,
2950 2442 3003 2487 et
3057 2432 3299 2501 reliquis,
3345 2433 3436 2499 qui

1876 2536 2121 2583 statuunt
2140 2526 2452 2597 episcopum
2480 2527 2609 2580 nihil
2658 2541 2813 2594 posse
2844 2527 3100 2578 innovare
3131 2532 3322 2591 prater
3349 2537 3440 2591 sy-

1877 2619 2123 2675 nodalem
2164 2620 2506 2675 sententiam.
2533 2618 2797 2672 Praeterea
2845 2612 3261 2682 interrugaverit
3286 2610 3438 2678 quis-

1878 2712 2042 2780 piam,
2070 2712 2111 2765 si
2143 2727 2266 2764 cum
2294 2725 2467 2764 canon
2504 2710 2616 2762 haec
2648 2707 2926 2768 decernat,
2953 2713 3128 2773 potest
3155 2702 3439 2771 episcopus

1874 2802 2041 2872 608
2078 2815 2169 2871 per
2198 2802 2502 2855 mandatum
2537 2798 2815 2866 imperiale
2836 2806 2889 2850 et
2912 2795 3221 2867 synodalem
3248 2793 3437 2861 cogni-

1881 2895 2076 2949 tionem
2124 2908 2151 2946 a
2185 2907 2279 2947 sua
2311 2891 2578 2960 primitiva
2610 2888 2736 2943 sede
2769 2888 3024 2955 migrare,
3071 2886 3199 2936 licet
3244 2898 3350 2935 non
3406 2898 3435 2933 a

1878 2985 2125 3056 gentibus
2170 2990 2454 3049 occupata,
2484 2981 2538 3033 in
2568 2977 2876 3033 cathedram
2933 2978 3013 3027 sui
3070 2979 3436 3041 episcopatus,

1878 3077 1959 3129 vel
1989 3075 2040 3127 in
2076 3072 2357 3128 ecclesiam
2382 3084 2492 3123 sua:
2523 3067 2808 3136 parmene?
2831 3065 3059 3121 Salutio.
3089 3062 3221 3117 Cum
3270 3062 3441 3127 impe-

205 3142 641 3214 κατασχεθείσης
667 3146 770 3198 ὑπὸ
808 3147 997 3216 ἐθνῶν,
1022 3150 1105 3213 είς
1153 3152 1421 3222 καθέδραν
1467 3156 1774 3226 ἐπισκοπῆς
1803 3174 1846 3232 c

1803 3174 1846 3232 α
1878 3168 2073 3221 ratoris
2120 3165 2369 3217 mandato
2405 3170 2461 3216 et
2508 3158 2750 3230 synodali
2801 3157 3105 3224 cognitione
3153 3164 3438 3219 utrumque

204 3232 398 3299 αὐτοῦ,
435 3235 468 3305 ή
517 3237 596 3299 είς
641 3236 938 3307 ἐκκλησίαν
980 3243 1276 3312 παροικίας
1310 3245 1521 3300 τούτου.
1559 3250 1773 3314 Λύσις.

206 3325 363 3377 Μετά
392 3325 679 3398 βασιλικῆς
712 3331 1061 3400 προστάξεως
1090 3335 1187 3388 καὶ
1228 3337 1511 3408 συνοδικῆς
1538 3340 1776 3409 διαγνώ-

210 3434 347 3480 σεως
378 3421 474 3472 καὶ
508 3421 793 3491 ἀμφότερα
833 3423 914 3494 τῷ
945 3424 1233 3497 ἐπισκόπῳ
1282 3431 1770 3500 ἐγχωρηθήσεταιο

205 3511 387 3574 ἄλλως
420 3512 477 3565 δά
506 3531 621 3575 πως
644 3514 901 3583 οὐδαμοῦ.
931 3518 1029 3571 Διά
1059 3519 1218 3572 τοῦτο
1262 3521 1370 3588 γάρ
1405 3524 1497 3574 καὶ
1527 3524 1555 3575 ό
1584 3525 1775 3593 ἀρχιε-

207 3604 475 3665 πτσκοπος
514 3604 716 3668 Δέρκου
745 3603 985 3675 ζητήσας
1017 3608 1278 3672 πολλάκις
1305 3614 1634 3678 μεταπεσεῖν
1656 3614 1765 3667 ἀπὸ

205 3696 418 3763 Δέρκου
452 3695 531 3757 είς
580 3696 643 3753 τὸ
671 3696 940 3767 ἐμπόριον
979 3697 1068 3751 τὸν
1099 3699 1279 3765 Φίλον,
1325 3700 1414 3752 διὰ
1454 3701 1513 3753 τὸ
1543 3702 1776 3756 πολυάνς

206 3782 432 3850 θρωπον
451 3778 592 3835 εἶναι
624 3783 806 3850 τοῦτο,
837 3786 939 3839 οὐκ
988 3787 1340 3860 εἰσηκούσθη.
1372 3794 1480 3845 Καὶ
1532 3795 1682 3849 ἀλλοι
1715 3796 1773 3849 δέ

205 3874 488 3943 ἀρχιερεῖς
515 3873 766 3944 διάφοροι
795 3878 1014 3947 multa;
1050 3879 1151 3947 μέν
1196 3882 1496 3951 ἐκκλησίας
1535 3885 1773 3955 ιχοντες,

206 3966 567 4034 πλουτοῦντες
610 3969 904 4041 παροικίας
947 3970 1406 4041 πολυανθρώπους
1456 3978 1553 4032 καὶ
1609 3979 1775 4033 πλου-

208 4063 352 4127 σίας,
408 4062 503 4115 καὶ
552 4063 886 4133 ζητήσαντες
940 4063 1137 4127 τοῦτο,
1190 4066 1292 4119 οὐκ
1341 4068 1776 4140 είσηκούσθησαν

204 4156 293 4207 διὰ
321 4154 415 4208 τδν
448 4154 693 4222 παρόντα
718 4156 939 4207 κανόνα.
965 4154 1282 4225 Σημείωσαι
1327 4158 1525 4224 ταῦτα,
1554 4163 1649 4215 καὶ
1682 4162 1775 4232 ἔχε

1878 3260 2131 3328 episcopo
2162 3255 2485 3310 concedetur
2548 3268 2562 3303 :
2618 3249 2751 3303 alias
2808 3257 3007 3310 autem,
3060 3242 3203 3296 nullo
3259 3242 3436 3293 modo.

1879 3351 2165 3417 Propterea
2200 3346 2342 3401 enim
2376 3353 2429 3396 et
2462 3340 2898 3407 archiepiscopus
2932 3334 3104 3399 Derci,
3142 3348 3262 3385 cum
3300 3345 3439 3399 saepe

1878 3440 2150 3512 petivisset
2185 3448 2241 3491 ut
2278 3454 2304 3489 a
2330 3436 2501 3489 Derco
2529 3433 2757 3501 migrare
2802 3431 3009 3492 liceret,
3045 3431 3097 3479 in
3136 3424 3437 3491 emporium

1877 3533 2018 3603 quod
2055 3532 2252 3585 dicitur
2286 3527 2521 3590 Phileas,
2552 3541 2617 3578 eo
2647 3523 2788 3591 quod
2826 3522 2875 3574 id
2920 3530 3064 3575 esset
3106 3517 3437 3585 p0pulosius,

1878 3640 1981 3679 non
2012 3634 2095 3677 est
2125 3620 2427 3676 exauditus.
2456 3615 2621 3668 Porro
2658 3625 2711 3668 et
2754 3613 2841 3665 alii
2898 3610 3093 3665 diversi
3146 3607 3437 3664 antistites.

1878 3719 2066 3786 inopes
2107 3712 2322 3782 quidem
2371 3707 2632 3762 ecclesias
2677 3705 2957 3765 habentes,
3008 3699 3204 3754 divites
3259 3706 3440 3750 autem

1878 3809 2141 3877 paraecias
2168 3812 2221 3857 et
2246 3800 2553 3869 populosas,
2604 3812 2726 3851 cum
2780 3794 2878 3848 hoc
2932 3791 3439 3877 petivissentpnou

1878 3875 2094 3953 luerunt
2122 3894 2356 3949 exauditi
2391 3901 2609 3957 propter
2642 3893 2960 3952 praesentem
2994 3894 3282 3934 canonem.
3308 3875 3441 3929 Nota

1879 3986 1991 4038 hac
2018 3990 2072 4035 et
2102 3979 2357 4033 memoria
2389 3984 2511 4029 tene
2537 3982 2755 4044 propter
2792 3970 3169 4023 translationes
3198 3982 3315 4033 quae
3347 3980 3441 4033 pe-

1880 4083 2066 4129 tuntur
2098 4072 2163 4127 ab
2195 4068 2549 4131 antisﬁtibus,
2578 4075 2631 4119 et
2669 4064 2800 4117 [lunt
2844 4063 2897 4115 in
2927 4059 3214 4129 aliquibus.
3252 4057 3445 4122 Quarre

1877 4165 2131 4222 Chalced.
2170 4178 2293 4233 syn.
2337 4173 2571 4214 canones
2609 4157 2673 4209 12
2700 4164 2753 4209 et
2788 4155 2853 4207 Π
2883 4154 2975 4221 qui
3024 4156 3209 4205 dicunt
3244 4148 3441 4204 debere

206 4248 299 4298 ἐπὶ
352 4247 577 4316 μνήμης
605 4247 693 4299 διά
740 4248 839 4309 τὰς
890 4250 1227 4317 ζητουμένας
1302 4254 1621 4320 μεταθέσεις
1680 4258 1778 4309 καὶ

1877 4254 2272 4311 ecclesiasticos
2301 4250 2451 4317 sequi
2476 4263 2560 4313 ea,
2585 4261 2705 4316 qua
2727 4246 3091 4299 decernuntur
3118 4258 3148 4295 a
3176 4250 3441 4311 potestate

205 4336 509 4405 γενομένας
532 4339 623 4389 ἐπὶ
650 4322 1133 4407 ἀρχιερεῦσίτισι.
1180 4343 1341 4410 Ζήτει
1384 4344 1480 4412 τῆς
1524 4346 1582 4397 ἐν
1630 4346 1780 4398 Χαλ-

1777 4373 1780 4386 ι
1878 4346 2167 4414 imperiali.
2199 4343 2334 4411 Quia
2374 4349 2549 4396 autem
2586 4352 2819 4407 praesens
2851 4352 3019 4389 canon
3070 4336 3296 4393 statuit.
3333 4349 3440 4387 non

207 4428 396 4497 κηδόνι
434 4428 656 4482 συνόδου
681 4429 908 4491 κανόνας
938 4429 1001 4499 ιβ’
1025 4432 1121 4484 καὶ
1150 4429 1238 4497 ιζ’,
1257 4432 1517 4501 λέγοντας
1539 4436 1776 4504 ὀφείλειν
1810 4491 1847 4504 _

1810 4491 1847 4504 _
1880 4439 2073 4493 debere
2098 4436 2409 4503 episcopum
2436 4431 2763 4500 peregrinari
2797 4429 3080 4496 plusquam
3112 4436 3342 4491 oportet,
3374 4427 3441 4478 ab

205 4524 331 4586 τοὺς
354 4522 795 4591 τῆςἘκκλησίας
823 4523 1050 4576 ἕπεσθαι
1067 4527 1183 4589 τοῖς
1205 4525 1601 4596 διοριζομένοις
1624 4532 1776 4598 παρά
1810 4518 1853 4546 ν

1810 4518 1853 4546 υ
1879 4545 1940 4584 ea
1969 4544 2086 4597 quae
2118 4526 2265 4579 illum
2301 4524 2527 4579 sortitus
2562 4533 2643 4576 est
2675 4523 2777 4589 (est
2810 4529 2985 4572 autem
3028 4519 3127 4570 hoc
3154 4518 3442 4584 incertum)

205 4617 306 4683 τῆς
364 4612 651 4683 βασιλικῆς
701 4613 964 4677 ἐξουσίας.
1003 4615 1155 4669 Ἐπεὶ
1187 4618 1245 4670 δέ
1289 4620 1317 4670 ό
1358 4620 1550 4687 παρὼν
1597 4621 1777 4674 κανὼν

1776 4644 1777 4657 ι
1881 4622 1998 4688 lege
2027 4618 2295 4673 decimum
2329 4624 2540 4668 sextum
2570 4627 2829 4665 canouetn
2873 4610 3057 4679 syuodi
3102 4622 3222 4676 quae
3256 4607 3439 4660 habita

202 4703 500 4773 διορίζεται
528 4703 602 4772 μὴ
628 4702 929 4773 ἀποδημεῖν
959 4706 1051 4758 τὸν
1073 4707 1395 4772 ἐπίσκοπον,
1428 4713 1559 4777 παρ’
1583 4712 1611 4764 δ
1644 4711 1774 4782 χρὴ,

1877 4726 1957 4768 est
1990 4714 2040 4766 in
2071 4711 2183 4765 aede
2206 4707 2530 4762 Sanctorum
2559 4704 2972 4772 Apostolorum,
3006 4712 3057 4753 et
3094 4702 3447 4768 interpretare

202 4792 315 4845 άπδ
362 4792 464 4861 τῆς
520 4791 790 4862 λαχούσης
822 4795 986 4847 αὑτὸν
1014 4794 1163 4861 (ἐστι
1222 4797 1279 4849 δὲ
1330 4799 1488 4852 τοῦτο
1531 4801 1772 4871 ἄδηλον),

1878 4810 2195 4873 praesentem
2233 4811 2496 4851 canonem
2524 4795 2815 4849 secundum
2863 4793 3009 4861 leges
3052 4807 3171 4861 quae
3220 4795 3271 4844 in
3329 4793 3443 4861 ipso

202 4885 480 4951 ἀνάγνωθι
511 4885 600 4938 τὸν
627 4892 703 4948 ις’
733 4887 933 4963 κανόνα
961 4887 1059 4956 τῆς
1094 4890 1151 4941 ἐν
1184 4890 1262 4959 τῷ
1292 4890 1406 4960 ναῷ
1434 4892 1541 4944 τῶν
1571 4894 1769 4962 ’Λγίων

586 4902 600 4937 t
627 4892 703 4948 ις’
733 4887 933 4963 κανόνα
961 4887 1059 4956 τῆς
1094 4890 1151 4941 ἐν
1184 4890 1262 4959 τῷ
1292 4890 1406 4960 ναῷ
1434 4892 1541 4944 τῶν
1571 4894 1769 4962 Ἀγίων
1878 4904 2002 4951 sunt
2045 4894 2249 4961 posita.

215 4982 562 5037 Ἀποστόλων
592 4982 869 5053 συστάσης
912 4985 1153 5052 συνόδου,
1183 4988 1278 5041 καὶ
1307 4989 1645 5059 ἑρμήνευσον
1671 4992 1762 5044 τὸν
1797 4993 2046 5063 παρόντα
2074 4989 2273 5043 κανόνα
2319 4986 2460 5039 κατά
2489 4985 2555 5038 τὰ
2610 4981 3065 5051 καταστρωθέντα
3120 4983 3326 5051 νόμιμα
3390 4984 3447 5034 ἐν

204 5075 376 5143 αὐτῷ.

276 5171 525 5225 ΖΩΝΔΡ.
556 5172 694 5233 Τοὺς
729 5170 1079 5235 ἐπισκόπους.
1125 5173 1219 5228 καὶ
1251 5174 1312 5225 τὸ
1352 5174 1561 5228 δίκα.ον
1617 5177 1771 5237 αὐτὸ,

1953 5172 2201 5229 ΖΟΝΑΒ.
2245 5168 2325 5224 Ab
2358 5165 2623 5234 episcopis
2649 5180 2771 5219 cum
2808 5164 2922 5228 ipsa
2964 5164 3037 5217 rei
3086 5174 3299 5227 natura,
3337 5174 3444 5219 tum

208 5262 301 5312 καὶ
350 5264 385 5330 ή
438 5260 549 5313 τῶν
600 5261 759 5314 θείων
828 5262 1067 5315 κανόνων
1145 5263 1431 5332 ἀκρίϐεια,
1486 5267 1775 5318 ἀπαιτοῦσι

1880 5273 2097 5322 decreta
2133 5277 2398 5317 canonum
2424 5274 2485 5312 ea
2514 5258 2581 5311 de
2610 5272 2667 5311 re
2698 5257 2890 5324 saepius
2923 5257 3066 5310 edita
3092 5298 3104 5320 ,
3134 5258 3403 5324 postulant
3427 5296 3440 5318 ,

207 5352 542 5421 προσμένειν
594 5356 711 5415 ταῖς
764 5352 917 5414 ίδίαις
966 5356 1313 5418 ἐπισκοπαῖς,
1368 5358 1458 5407 καὶ
1502 5358 1773 5411 διδάσκειν

1881 5372 1939 5415 ut
1971 5362 2020 5414 in
2054 5375 2149 5411 sua
2181 5351 2465 5423 episcopali
2499 5350 2731 5403 statione
2762 5358 3017 5415 perpetuo
3051 5349 3264 5417 degant,
3300 5365 3363 5403 ac
3396 5352 3445 5403 in

204 5445 328 5504 τοὺς
371 5442 561 5504 λαοὺς,
590 5445 682 5495 κα)⁵
728 5444 1077 5511 καταρτίζειν
1122 5446 1337 5510 αὐτοὺς,
1388 5449 1521 5500 ἀλλά
1567 5448 1641 5518 μὴ
1673 5468 1772 5502 κι-

1888 5452 2099 5522 populis
2130 5446 2465 5507 erudiendis,
2498 5455 2660 5511 atque
2689 5442 2751 5495 ad
2788 5451 2991 5495 rectam
3037 5441 3251 5495 virtutis
3279 5445 3442 5496 semi-

206 5535 566 5604 ταλιμπὰνειν
594 5535 689 5597 τὰς
725 5536 1048 5599 αὑθεντικὲις
1078 5537 1255 5589 αὐτῶν
1285 5537 1571 5609 καθέδρας.
1604 5542 1772 5611 ήγουν

1884 5552 1990 5596 tam
2023 5541 2340 5609 dirigendis,
2381 5537 2656 5599 laborent;
2694 5549 2795 5587 non
2832 5545 3012 5587 autem
3054 5534 3314 5601 primaria
3351 5551 3444 5588 sua

206 5629 333 5689 τοὺς
378 5626 766 5697 πρωτοτὺπους
814 5628 1035 5695 θρόνους
1086 5630 1286 5694 αὐτῶν,
1315 5633 1406 5683 καὶ
1449 5632 1580 5700 πρὸς
1611 5632 1775 5700 ἀλλην

1772 5650 1775 5669 ν
1881 5635 2005 5688 sede
2038 5630 2244 5695 relicta,
2272 5628 2323 5681 in
2359 5627 2514 5680 aliain
2541 5624 2827 5679 ecclesiam
2858 5639 2914 5676 se
2940 5626 3246 5678 conferunt.
3290 5626 3435 5677 Multi

210 5720 505 5787 ἐκκλησίαν
552 5719 915 5789 ἀπέρχεσθαι.
954 5721 1143 5775 Πολλοὶ
1173 5724 1282 5788 γὰρ
1312 5726 1419 5777 τῶν
1451 5726 1768 5778 ἐπισκόπων

1885 5738 2115 5788 namque
2146 5718 2384 5787 episcopi
2420 5718 2470 5770 in
2494 5716 2613 5771 aliis
2638 5730 2746 5768 sure
2772 5716 3019 5769 diaeresis
3044 5715 3171 5768 locis
3191 5716 3450 5771 ecclesias

211 5814 422 5880 ἔχουσιν
467 5810 763 5880 ἐκκλησίας
796 5814 851 5863 ἐν
881 5814 1060 5877 ἀλλοις
1095 5815 1278 5880 τόποις
1324 5817 1429 5869 τῶν
1474 5818 1562 5870 ὑπ’
1594 5819 1770 5872 αὐτῶν

1886 5817 2101 5881 habent,
2154 5831 2270 5884 qua:
2322 5813 2647 5878 ctparmuite
2716 5822 2744 5860 a
2799 5808 3090 5863 canunilms
3138 5820 3446 5865 vocantur:
