4212 6440
782 360 888 421 275

2042 376 2326 438 THEOD.
2370 377 2777 440 BALSAMON

3910 385 4017 449 ‘Z'ZG

777 479 972 553 quibus
1006 480 1135 535 nulli
1167 482 1468 551 peculiares
1495 486 1734 558 episc0pi
1767 489 1961 557 praefici
1989 504 2330 544 consuevere.

2445 492 2786 563 διοικήσεων,
2822 492 2887 555 ἀς
2918 494 3013 548 καὶ
3051 497 3349 565 παροικίας
3373 498 3425 553 οἰ
3458 501 3681 564 κανόνες
3726 502 4008 559 καλοῦσιν,

776 571 942 635 Igitur
984 572 1067 624 bic
1115 588 1288 626 canon
1351 575 1401 627 iu
1456 577 1691 645 aliquam
1747 582 2010 649 ejusmodi
2058 582 2343 635 ecclesiam

772 675 1080 725 t'plSCOplllll
1123 663 1415 729 proﬁcisci,
1452 682 1514 719 ac
1554 668 1605 721 in
1649 685 1710 723 ea
1750 672 1924 738 populi
1962 674 2044 726 sui
2087 686 2212 727 cura
2247 685 2342 725 ne-

774 751 945 818 glecta
974 754 1174 808 diutius
1208 758 1428 820 morari,
1460 768 1642 825 vetat;
1674 766 1764 815 sed
1796 763 1877 815 vel
1911 762 1963 816 in
1992 778 2054 819 ea
2094 764 2345 831 chorepi-

769 858 991 911 scopum
1047 848 1400 913 constituere,
1423 852 1505 903 vel
1544 855 1856 923 presbytero
1898 855 2340 923 procurationem

769 934 886 999 ejus
926 935 1026 989 loci
1074 952 1254 991 rerum
1288 941 1569 1005 mandare,
1592 943 1740 1009 iubet
1768 962 1781 996 :
1812 946 2093 1014 episcopos
2122 961 2252 1001 vero
2287 946 2341 999 in

773 1040 866 1079 sua
905 1036 1173 1097 quemque
1201 1031 1429 1085 ecclesia
1461 1035 1798 1090 continenter
1837 1039 2144 1103 obdurare,
2175 1052 2238 1091 ac
2277 1051 2343 1092 ne

768 1118 971 1185 proprii
1003 1118 1217 1187 quidem
1242 1125 1437 1190 negotii
1472 1128 1733 1180 tractandi
1756 1142 1917 1182 causa
1940 1128 2162 1191 diutius,
2183 1143 2342 1195 quam

769 1224 865 1274 par
897 1219 979 1263 est
1005 1213 1217 1275 abesse,
1254 1228 1512 1269 curamve
1540 1217 1770 1272 sollicite
1803 1219 1856 1271 iu
1893 1219 2187 1287 episcopali
2234 1230 2346 1273 sta-

766 1300 912 1354 tione
957 1306 1346 1370 permanendi,
1406 1308 1770 1379 populumque
1812 1310 2040 1365 salutari
2095 1312 2340 1365 doctrina

764 1393 1138 1462 informandi’,
1173 1397 1449 1454 deserere.
1486 1402 1660 1470 Atque
1692 1402 1821 1457 illud
1853 1406 2072 1473 quidem
2108 1402 2341 1473 [diutius

763 1500 922 1551 quam
962 1502 1060 1554 par
1093 1487 1199 1559 est]
1238 1490 1337 1543 hoc
1366 1491 1484 1545 loco
1533 1494 1672 1547 nulla
1702 1496 2205 1563 circumscriptione
2247 1493 2342 1547 de-

765 1575 949 1629 linitur
976 1596 987 1629 :
1019 1579 1230 1633 decimo
1258 1590 1411 1636 sexto
1443 1593 1616 1636 autem
1646 1599 1857 1639 canone
1889 1587 1939 1638 in
1974 1587 2170 1654 templo
2204 1586 2341 1638 San-

759 1677 969 1721 ctorum
1003 1671 1383 1737 Apostolorum
1432 1674 1627 1728 habita:
1654 1676 1870 1746 synodi,
1905 1687 2024 1745 qua:
2058 1677 2228 1745 prima
2275 1686 2329 1729 et

758 1766 992 1816 seutnda
1033 1766 1366 1831 nominatur,
1400 1782 1469 1819 ne
1498 1767 1634 1819 ultra
1669 1777 1931 1823 Sentestre
1970 1781 2181 1835 tempus
2208 1768 2328 1836 epi-

2450 583 2507 635 ἐν
2542 578 2631 646 αἷς
2672 584 2772 636 οὐκ
2802 584 3058 640 εἰώθασιν
3103 588 3389 644 ἐπίσκοποι
3417 592 3881 664 προχειρίζεσθαι.
3922 592 4014 661 Μὴ

2445 670 2537 727 οὖν
2567 677 2624 728 ἐν
2652 679 2877 753 τοιαύτη
2905 680 3171 751 ἐκκλησίᾳ
3206 683 3443 745 ἀπιέναι,
3474 685 3570 738 καὶ
3600 684 3886 755 χρονίζειν,
3920 686 4013 738 τὸν

2444 766 2742 821 ἐπίσκοπον
2786 772 2815 823 ό
2862 769 3042 824 κανὼν
3087 773 3455 835 διατάττεται,
3498 776 3594 827 καὶ
3646 775 3870 845 ἀμελεῖν
3920 776 4017 828 τοῦ

2442 859 2644 913 οἰκείου
2688 862 2817 914 λαοῦ
2838 880 2852 895 ’
2884 862 3001 917 ἀλλ’
3035 866 3152 919 ἐκεῖ
3203 866 3302 935 μιν
3334 867 3366 936 ἢ
3405 865 3819 936 χωρεπίσκοπον
3874 868 4015 919 καθ-

2446 951 2686 1020 ιστᾷν,ἢ
2730 952 2818 1005 διὰ
2868 955 3241 1025 πρεσϐυτέρου
3278 958 3547 1011 ποιεῖσθαι
3597 957 3697 1027 τὴν
3744 958 4019 1025 διοίκησιν

2442 1038 2548 1092 τῶν
2591 1041 2743 1094 ἐκεῖ·
2788 1045 2915 1105 τοὺς
2958 1044 3006 1095 δ’
3033 1046 3372 1106 ἐπισκόπους
3405 1049 3528 1108 ταῖς
3562 1045 3795 1108 οἰκείαις
3832 1062 4010 1113 προσ-

2445 1134 2728 1200 καρτερεῖν
2750 1133 3086 1202 ἐκκλησίαις,
3120 1138 3214 1189 καὶ
3250 1136 3386 1207 μηδέ
3424 1136 3494 1190 δι’
3531 1139 3733 1190 οἰκεῖον
3774 1137 4013 1205 πρᾶγμα

2444 1220 2791 1290 ἀσχολεῖσθαι
2852 1225 2995 1296 ὺπέρ
3049 1226 3077 1278 δ
3130 1228 3256 1297 χρὴ,
3291 1229 3385 1281 καὶ
3435 1228 3741 1297 ἀποδημεῖν
3774 1229 3873 1294 τῆς
3918 1226 4017 1279 τοῦ

2447 1311 2579 1365 ἰδίου
2628 1314 2821 1383 χρόνου
2870 1318 3177 1387 συνεχείας.
3227 1321 3346 1390 ἦτοι
3393 1318 3488 1372 τοῦ
3540 1320 3681 1373 κατά
3728 1319 4015 1389 συνέχειαν

2444 1402 2538 1453 καὶ
2595 1402 2908 1467 ἀδιακόπως
2941 1407 3286 1475 παραμένειν
3332 1411 3399 1478 τῇ
3456 1407 3559 1479 ἰδίᾳ
3590 1412 3891 1479 ἐπισκοπῇ.
3923 1412 4021 1463 καὶ

2441 1490 2717 1546 διδάσκειν
2767 1493 2858 1548 τὸν
2914 1494 3062 1552 λαόν.
3102 1497 3176 1551 Τὸ
3224 1498 3302 1561 δὲ,
3336 1499 3478 1568 ὑπὲρ
3534 1499 3562 1552 δ
3613 1501 3741 1569 χρὴ,
3773 1499 4016 1553 ἐνταῦθα

2445 1582 2543 1651 μὲν
2573 1584 2842 1653 ἀορίστως
2889 1591 3066 1641 κεῖται
3089 1602 3104 1617 ⁶
3139 1590 3196 1640 ἐν
3220 1589 3276 1642 δὲ
3307 1590 3385 1657 τῷ
3417 1591 3794 1661 ἑκκαιδεκάτῳ
3826 1591 4018 1643 κανόνι

2440 1674 2541 1743 τῆς
2572 1675 2630 1727 ἐν
2676 1677 2754 1746 τῷ
2788 1678 2899 1747 ναῷ
2925 1680 3033 1731 τῶν
3096 1679 3295 1748 Ἀγίων
3340 1682 3689 1735 Ἀποστόλων
3739 1682 4018 1750 συστάσης

2443 1766 2683 1830 συνόδου,
2714 1767 2813 1834 τῆς
2850 1769 3172 1838 λεγομένης,
3204 1770 3430 1839 πρώτης
3460 1770 3555 1822 καὶ
3605 1771 3888 1839 δευτέρας,
3944 1768 4020 1838 μὴ

758 1872 926 1924 scopo
954 1873 983 1911 a
1051 1874 1145 1911 sua
1176 1860 1302 1912 sede
1332 1861 1522 1915 abesse
1551 1862 1727 1925 liceat,
1756 1862 1920 1915 divini
1946 1860 2153 1923 Patres,
2174 1874 2330 1928 paena

2438 1858 2599 1912 πλέον
2670 1861 2859 1929 μηνῶν
2920 1860 2981 1925 ἓξ
3034 1862 3337 1931 ἀποδημεῖν
3385 1863 3480 1913 τὸν
3544 1862 3853 1914 ἐπίσκοπον
3919 1866 4021 1929 τῆς

758 1949 1117 2016 depositionis
1176 1952 1472 2020 praposita,
1525 1955 1947 2007 constituerunt.
1998 1952 2332 2007 Undecimus

760 2056 889 2095 vero
918 2042 1131 2097 Sardic.
1160 2045 1351 2114 synodi
1390 2061 1585 2109 canon,
1621 2048 1838 2102 brevius
1881 2048 2056 2100 adhuc
2093 2047 2331 2113 spatium

756 2131 999 2202 episcopi
1025 2135 1309 2199 absentia,
1354 2138 1454 2191 nisi
1504 2138 1807 2192 necessaria
1844 2152 2004 2191 causa
2041 2136 2219 2206 aliqua
2255 2137 2334 2188 itt-

760 2224 1018 2287 tercedat,
1050 2234 1107 2277 ut
1134 2240 1198 2279 ex
1233 2241 1297 2279 eo
1335 2230 1476 2296 quod
1525 2231 1596 2283 ibi
1650 2230 1875 2284 aﬂ'ertur
1903 2229 2151 2297 exemplo
2184 2228 2332 2282 colli-

756 2328 884 2379 gere
911 2326 1014 2377 εει,
1044 2316 1253 2372 videtur
1284 2320 1603 2386 przclinisse.
1669 2320 1738 2373 De
1766 2322 2002 2374 discessu
2038 2322 2326 2387 episcopo-

757 2420 874 2459 rum
904 2422 932 2459 a
959 2409 1071 2462 suis
1098 2410 1340 2464 ecclesiis
1364 2419 1609 2465 statuunt
1630 2412 1792 2465 etiam
1818 2413 2041 2466 diversae
2071 2411 2328 2474 Novella,

754 2514 873 2566 quae
901 2500 952 2552 in
992 2504 1151 2557 tertio
1182 2503 1397 2558 Basilic.
1433 2505 1591 2567 libro,
1622 2504 1777 2559 titulo
1809 2505 1859 2568 l,
1897 2504 2125 2560 diversis
2156 2505 2207 2558 in
2242 2518 2331 2558 ca-

755 2592 959 2659 pitibus
989 2596 1355 2664 reperiuntur.

752 2853 974 2909 ARIST.
1012 2873 1027 2904 ι
1068 2853 1256 2909 Visum
1285 2866 1390 2920 est,
1428 2867 1482 2911 ut
1512 2860 1690 2915 nullus
1724 2863 2012 2927 episcopus
2043 2859 2326 2928 principali

831 2965 847 2995 ι
888 2960 980 2999 sua
1018 2947 1203 3001 relicta
1246 2950 1394 3011 sede,
1427 2949 1478 3001 in
1510 2950 1669 3002 aliain
1707 2964 1766 3004 se
1811 2952 2092 3011 conferat,
2134 2950 2216 3003 vel
2266 2951 2331 3003 de

831 3058 847 3087 ι
893 3051 948 3091 re
990 3038 1204 3107 propria
1244 3040 1530 3106 sollicitus,
1566 3041 1820 3096 thronum
1852 3056 2007 3097 suum
2036 3041 2323 3111 negligat.»

820 3222 936 3277 Non
971 3233 1177 3277 tantum
1210 3227 1332 3294 hoc,
1362 3242 1389 3279 a
1419 3229 1637 3282 civitate
1667 3230 1732 3281 ad
1762 3229 2033 3283 civitatem
2088 3230 2325 3298 migrare

746 3315 1078 3384 ρβίεεονυηι,
1119 3319 1353 3373 diversis
1382 3320 1685 3374 canonibus
1723 3322 2041 3388 prohibetur
2081 3337 2094 3373 :
2140 3321 2235 3375 sed
2274 3330 2329 3374 et

747 3407 894 3471 illud,
936 3421 1074 3471 eam,
1111 3426 1231 3478 qua:
1276 3412 1493 3479 proprie
1529 3421 1646 3465 erat
1696 3428 1725 3464 a
1774 3412 2042 3482 principio
2072 3453 2086 3475 ,
2138 3415 2331 3466 cathe-

748 3501 899 3551 dram
953 3501 1197 3555 ecclesia:
1241 3502 1409 3571 ipsius
1446 3505 1774 3570 relinquere,
1823 3516 1877 3559 et
1924 3505 1989 3558 ad
2033 3504 2192 3558 aliam
2236 3520 2327 3559 εον

747 3591 966 3643 elesiam
1002 3593 1054 3645 in
1109 3594 1295 3648 eadem
1353 3598 1588 3664 parmcia
1654 3597 1947 3660 transilire,
1984 3607 2038 3651 et
2093 3599 2144 3649 in
2203 3613 2325 3651 eam

749 3681 1045 3734 transferre
1088 3683 1373 3748 honorem,
1416 3686 1502 3739 Ιιίρ
1546 3702 1719 3739 canon
1754 3702 1855 3739 non
1890 3688 2174 3755 permittit.
2223 3686 2327 3741 Sed

747 3784 845 3823 nec
870 3770 920 3821 in
958 3786 1013 3823 re
1044 3773 1262 3838 prepria
1291 3774 1336 3827 ei
1370 3774 1487 3840 plus
1506 3790 1666 3841 quam
1689 3784 1905 3841 oportet
1926 3778 2157 3831 sollicito
2180 3792 2323 3842 esse,

744 3872 798 3914 et
831 3877 1017 3915 curam
1051 3872 1103 3917 et
1139 3863 1553 3920 instructionem
1591 3867 1769 3921 ooouli
1801 3868 2073 3939 negligere
2109 3869 2255 3923 licet.

1188 4048 1353 4119 699
1381 4047 1613 4103 CANON
1657 4050 1865 4105 Lxxv.

751 4158 766 4188 ι
814 4137 889 4192 De
918 4139 1213 4193 infantibus
1245 4142 1335 4209 qui
1374 4142 1568 4195 debent
1599 4144 1885 4210 baptizari,
1922 4146 2136 4211 quoties
2173 4146 2237 4199 de
2266 4146 2328 4200 iis

819 4250 833 4280 ι
880 4233 1155 4286 dubitatur
1207 4249 1273 4285 an
1311 4232 1561 4298 baptizati
1594 4234 1813 4287 fuerint.
1847 4235 2109 4289 Similiter
2128 4237 2328 4305 placuit

820 4345 835 4374 ι
888 4325 954 4378 de
1006 4324 1325 4391 infantibus,
1361 4328 1574 4393 quoties
1625 4344 1728 4380 non
1785 4328 2131 4382 inveniuntur
2185 4330 2324 4381 firmi

817 4442 830 4469 ι
881 4432 1044 4475 testes
1096 4422 1302 4489 quieos
1331 4420 1449 4475 sine
1475 4422 1846 4475 controversia
1876 4421 2181 4488 baptizatos
2207 4437 2327 4476 esse

2435 1951 2644 2011 οἰκείας
2675 1953 2984 2022 ἐπισκοπῆς
3009 1955 3057 2005 οἰ
3092 1955 3148 2006 ἐν
3203 1953 3386 2024 ἐκείνῃ
3422 1954 3555 2005 θεῖοι
3602 1952 3848 2020 Πατέρες
3879 1951 4015 2020 ὡρί-

2438 2059 2618 2105 σαντο,
2648 2045 2709 2095 τὸ
2735 2044 2778 2095 δ’
2810 2045 3085 2114 ἐπιτίμιον
3138 2043 3231 2097 τοῦ
3271 2044 3345 2113 μὴ
3377 2044 3467 2096 τὸν
3496 2043 3697 2096 κανόνα
3728 2042 4023 2109 φυλάττον-

2433 2150 2523 2194 τος
2554 2134 2873 2204 καθαίρεσίς
2905 2137 3069 2187 ἐστιν.
3113 2137 3173 2187 Ὀ
3200 2142 3268 2187 ια’
3298 2134 3355 2187 δὲ
3406 2132 3586 2185 κανὼν
3618 2133 3718 2202 τῆς
3774 2135 3831 2184 ἐν
3877 2133 4019 2203 Σαρ-

2432 2226 2555 2296 δικῇ
2594 2225 2837 2290 συνόδου,
2872 2227 2935 2277 ἐκ
2960 2224 3052 2277 τοῦ
3084 2225 3528 2295 παραδείγματος
3581 2219 3643 2278 οὗ
3684 2224 3908 2291 ἐπάγει,
3938 2225 4018 2285 εἰς

2434 2318 2691 2371 ἐλάττονα
2716 2317 2909 2386 καιρὸν
2932 2316 3079 2370 ἔοικε
3106 2316 3422 2369 συστέλλειν
3445 2316 3544 2387 τὴν
3576 2314 3672 2367 τοῦ
3699 2314 4009 2367 ἐπισκόπου

2432 2406 2760 2475 ἀποδημίαν,
2794 2407 2842 2459 εἰ
2880 2409 2951 2476 μή
3002 2425 3085 2471 τις
3119 2405 3267 2474 αὐτῷ
3302 2404 3515 2473 ἀνάγκη
3551 2405 3847 2458 ἐπίκειται.
3886 2404 4018 2472 Περὶ

2440 2496 2749 2566 ἀποδημίας
2780 2498 3099 2551 ἐπισκόπων
3161 2499 3224 2549 ἐκ
3278 2496 3388 2547 τῶν
3436 2495 3655 2548 οίκείων
3704 2495 4019 2564 ἐκκλησιῶν

2431 2587 2804 2642 διατάττονται
2874 2590 2971 2644 καὶ
3039 2589 3284 2657 διάφοροι
3334 2585 3561 2656 Νεαραὶ,
3633 2586 3883 2657 κείμεναι
3940 2588 4017 2648 εἰς

2434 2678 2639 2748 βιϐλίον
2686 2680 2797 2733 τῶν
2830 2679 3133 2733 Βασιλικῶν
3174 2679 3379 2751 τρίτον,
3416 2679 3521 2731 τίτ.
3555 2677 3628 2745 α’,
3655 2680 3711 2731 ἐν
3738 2679 4019 2748 διαφόροις

2433 2770 2765 2837 κεφαλαίοις.

2447 2865 2667 2918 ΔΡΙΣΤ.
2706 2885 2724 2917 ι
2782 2867 2965 2931 Ἔδοξε
3018 2867 3221 2936 μηδένα
3260 2866 3583 2928 ἐπίσκοπον,
3642 2863 4016 2917 καταλιπόντα

2512 2974 2531 3006 ι
2574 2958 2672 3027 τὴν
2707 2958 3037 3028 αὐθεντικὴν
3071 2958 3379 3026 καθέδραν,
3415 2958 3549 3027 πρὸς
3592 2957 3787 3025 ἑτέραν
3841 2973 4008 3025 μετα-

2509 3067 2527 3100 ι
2571 3053 2841 3121 χωρεῖν,ἢ
2871 3053 2928 3104 ἐν
2954 3052 3140 3118 οἰκείῳ
3168 3053 3452 3122 πράγματι
3478 3050 3901 3120 ἀσχολούμενον,
3924 3047 4016 3102 τοῦ

2520 3165 2539 3197 ι
2588 3144 2717 3197 ἰδίου
2755 3144 2945 3213 θρόνου
2971 3144 3213 3211 ἀμελεῖν.
3258 3162 3275 3194 ι

2508 3242 2585 3294 Οὐ
2635 3240 2793 3310 μόνον
2835 3237 2897 3290 τὸ
2954 3237 3062 3290 ἀπὸ
3116 3237 3323 3299 πόλεως
3374 3236 3453 3300 εἰς
3507 3237 3664 3288 πόλιν
3718 3236 4019 3287 ἐπίσκοπον

2438 3331 2830 3402 μεταϐαίνειν,
2889 3330 2952 3380 ἐκ
3014 3328 3287 3397 διαφόρων
3346 3327 3589 3380 κανόνων
3665 3326 4015 3380 κεκώλυται·

2432 3424 2568 3476 ἀλλά
2594 3424 2688 3475 καὶ
2720 3422 2779 3473 τὸ
2802 3420 2899 3490 τὴν
2922 3421 3126 3489 κυρίως
3156 3415 3323 3471 οὖσαν
3352 3417 3593 3488 ἀρχῆθεν
3618 3418 3893 3487 καθέδραν
3919 3417 4017 3484 τῆς

2433 3512 2728 3582 ἐκκλησίας
2793 3511 2958 3563 αὑτοῦ
3041 3510 3388 3570 καταλιπεῖν,
3447 3511 3543 3563 καὶ
3618 3510 3757 3579 πρὸς
3818 3511 4017 3579 ἑτέραν

2433 3602 2731 3670 ἐκκλησίαν
2763 3602 2821 3652 ἐν
2862 3604 2929 3670 τῇ
2979 3600 3117 3669 αὐτῇ
3154 3600 3416 3671 παροικίᾳ.
3456 3597 3622 3653 οὖσαν
3660 3603 4014 3668 μεταπεσεῖν,

2432 3694 2527 3746 καὶ
2577 3693 2676 3763 τὴν
2725 3692 2892 3762 τιμὴν
2929 3694 2986 3743 ἐν
3021 3693 3159 3761 αὐτῇ
3200 3691 3517 3757 μεταθεῖναι
3556 3692 3584 3742 ό
3634 3691 3815 3743 κανὼν
3862 3688 4015 3752 οὗτος

2428 3785 2491 3836 ού
2522 3786 2800 3853 συγχωρεῖ
2825 3800 2839 3815 ο
2878 3782 2992 3836 ἀλλ’
3025 3783 3144 3835 οὐδὲ
3195 3784 3253 3833 ἐν
3298 3783 3485 3849 οἰκείῳ
3531 3782 3818 3851 πράγματι
3849 3784 4013 3851 ἀσχοο

2431 3874 2639 3925 λεῖσθαι
2686 3874 2850 3927 αὑτὸν
2903 3874 3043 3942 ὑπὲρ
3073 3874 3102 3925 ὂ
3128 3873 3231 3941 χρὴ
3265 3874 3539 3941 ἀνέχεται,
3570 3874 3668 3925 καὶ
3712 3874 3811 3941 τῆς
3852 3890 4017 3941 φρον-

2429 3965 2571 4027 τίδος
2605 3968 2697 4017 καὶ
2736 3966 2836 4035 τῆς
2868 3965 3215 4028 διδασκαλίας
3252 3967 3475 4033 ἀμελεῖν
3500 3964 3594 4019 τοῦ
3630 3964 3780 4019 λαοῦ.

3014 4056 3253 4111 ΚΑΝΩΝ
3296 4058 3416 4111 OE'.

2435 4168 2454 4201 ι
2520 4149 2657 4219 Περὶ
2707 4149 2921 4218 νηπίων
3004 4148 3332 4215 ὀφειλόντων
3393 4146 3755 4216 βαπτίζεσθαι
3816 4146 4015 4209 όσάκις

2505 4258 2523 4292 ι
2570 4239 2970 4309 ἀμφιϐάλλεται
3022 4238 3153 4307 περὶ
3227 4238 3407 4290 αὐτῶν
3436 4241 3485 4289 εί
3520 4239 3628 4307 ἀρα
3672 4236 4011 4304 ἐϐαπτίσθη-

2509 4351 2527 4382 ι
2573 4349 2690 4385 σαν.
2735 4332 2967 4399 Ὁμοίως
3017 4332 3215 4401 ήρεσεν
3248 4331 3377 4399 περὶ
3405 4331 3513 4381 τῶν
3553 4332 3783 4399 νηπίων,
3820 4330 4014 4391 ὁσάκις

2510 4444 2527 4475 ι
2576 4426 2649 4493 μὴ
2715 4424 3059 4493 εὑρίσκονται
3114 4422 3321 4490 βέϐαιοι
3390 4421 3670 4491 μάρτυρες
3727 4422 3776 4471 οἰ
3836 4419 4015 4471 ταῦτα

817 4533 830 4562 ι
877 4515 1093 4576 dicant;
1130 4524 1182 4567 et
1233 4528 1331 4567 nec
1375 4514 1470 4581 ipsi
1511 4527 1732 4581 propter
1769 4522 1981 4567 :etatem
2019 4513 2086 4566 de
2126 4514 2325 4566 tradito

2508 4536 2526 4567 ι
2576 4517 2965 4586 ἀναμφιϐόλως
3001 4514 3371 4584 βαπτισθέντα
3420 4510 3562 4566 εἰναι
3604 4512 3851 4580 λέγοντες
3878 4527 3892 4540 ο
3921 4513 4014 4563 καὶ

817 4627 830 4652 ι
876 4606 954 4659 eis
994 4604 1253 4676 mysterio
1280 4616 1403 4674 apte
1435 4614 1656 4669 |Ossttnl
1680 4606 2038 4686 respondere;
2071 4606 2186 4659 sine
2213 4604 2317 4657 ulla

818 4720 833 4746 ε
875 4698 1174 4751 offensione
1230 4714 1385 4766 posse
1433 4713 1527 4752 cos
1576 4698 1861 4764 baptizari.
1921 4696 2031 4751 Nec
2084 4712 2320 4765 unquam

809 4814 822 4837 ι
870 4793 980 4845 lucc
1025 4790 1290 4843 dubitatio
1335 4806 1428 4842 eos
1476 4791 1567 4842 tali
1612 4791 2065 4845 sanctiﬁcationis
2115 4792 2312 4844 lustra-

816 4910 828 4935 ς
875 4887 1017 4937 tione
1068 4884 1317 4952 privnbit.
1356 4882 1466 4934 Hoc
1524 4884 1667 4935 enim
1739 4883 2046 4937 Maurorum
2114 4884 2318 4951 legati,

814 5001 826 5023 ι
878 4978 1071 5029 fratres
1101 4976 1293 5034 nostri,
1338 4972 1461 5026 ideo
1490 4972 1898 5037 consuluerunt,
1932 4974 2074 5041 quod
2128 4974 2322 5027 multos

816 5090 829 5117 ι
874 5068 1137 5121 e‘usntodi
1165 5084 1194 5121 a
1227 5066 1479 5118 Barbaris
1507 5074 1709 5118 emant.
1750 5084 1768 5116 ι

807 5446 999 5501 BALS.
1052 5446 1189 5514 Lege
1240 5442 1433 5507 synodi
1492 5443 1543 5496 in
1579 5443 1762 5496 'lrullo
1818 5455 2085 5496 canonem
2141 5451 2193 5495 et
2250 5443 2319 5495 ibi

737 5540 1017 5608 pnesentis
1048 5536 1271 5589 canonis
1297 5533 1804 5603 interpretationem
1837 5532 1954 5584 sine
1988 5531 2094 5584 ulla
2131 5532 2321 5586 immu-

736 5638 957 5700 tatione,
1000 5632 1456 5702 quemadmodum
1494 5640 1546 5683 et
1588 5630 1751 5683 verba
1794 5628 2057 5681 invenies.

802 5816 1057 5873 'I.O.\'.\li.
1127 5814 1279 5869 llunc
1337 5827 1623 5875 canonum,
1693 5809 1939 5878 pauculis
1996 5810 2315 5880 quibusdam

2510 4626 2529 4658 ι
2576 4608 2695 4659 οὐδὲ
2720 4608 2858 4660 αὐτὰ
2884 4608 2968 4660 διὰ
2996 4608 3095 4677 τὴν
3122 4606 3310 4674 κεῖραν
3333 4605 3463 4670 περὶ
3488 4604 3587 4671 τῆς
3609 4600 4013 4671 παραδοθείσης

2508 4719 2524 4748 ι
2576 4698 2760 4759 αὐτοῖς
2802 4698 3196 4767 μυσταγωγίας
3240 4695 3639 4764 ἀποκρίνεσθαι
3691 4692 4012 4761 ἐπιτηδείως

2509 4809 2523 4839 ι
2574 4790 2781 4858 ἔχουσι,
2848 4792 3015 4858 χωρίς
3077 4806 3223 4848 τινος
3282 4786 3714 4856 προσκόμματος
3772 4783 4012 4848 ὀφείλειν

2506 4900 2523 4933 ι
2572 4882 2741 4934 ταῦτα
2778 4880 3138 4951 βαπτίζεσθαι
3167 4896 3178 4908 '
3211 4880 3423 4950 μήποτε
3456 4880 3484 4929 ό
3524 4876 3765 4936 τοιοῦτος
3818 4876 4008 4927 διστα-

2503 4995 2522 5027 ι
2573 4976 2711 5045 γμὸς
2772 4976 3127 5045 ἀποστερήσῃ
3203 4971 3344 5025 αὑτά
3418 4972 3520 5038 τῆς
3592 4968 3849 5036 τοιαύτης
3908 4966 4004 5020 τοῦ

2505 5090 2521 5120 ι
2568 5067 2840 5135 ἁγιασμοῦ
2890 5067 3233 5135 καθάρσεως.
3269 5063 3365 5113 Ἐκ
3396 5064 3584 5113 τούτου
3619 5063 3727 5131 γὰρ
3756 5064 3804 5113 οἰ
3844 5075 4011 5111 τοπο-

2504 5182 2519 5210 ι
2568 5162 2808 5231 τηρηταὶ
2846 5158 2955 5211 τῶν
3007 5158 3269 5227 Μαύρων,
3326 5156 3547 5223 ἀδελφοὶ
3594 5152 3777 5223 ἡμῶν,
3846 5149 4008 5202 τοῦτο

2504 5274 2521 5305 ι
2571 5254 2983 5315 ἐϐουλεύσαντο,
3016 5252 3098 5304 ὅτι
3149 5250 3375 5310 πολλοὺς
3430 5247 3708 5308 τοιούτους
3756 5245 3867 5297 ἀπὸ
3902 5244 4009 5297 τῶν

2508 5365 2524 5396 ι
2575 5346 2878 5414 Βαρϐάρων
2916 5342 3364 5413 ἐξαγοράζονται.
3409 5358 3427 5391 ι
3907 5368 3925 5381 -

2499 5438 2702 5491 ΒΛΛΣ.
2750 5436 3049 5504 Ἀνάγνωθι
3094 5436 3197 5505 τῆς
3247 5436 3305 5485 ἐν
3350 5432 3428 5503 τῷ
3480 5430 3733 5502 Τρούλλῳ
3787 5429 3980 5481 συνόδο

2427 5528 2655 5587 κανόνα,
2687 5529 2783 5581 καὶ
2839 5530 3097 5599 εὑρήσεις
3154 5528 3252 5599 τὴν
3310 5525 3404 5577 τοῦ
3464 5525 3740 5593 παρόντος
3783 5523 4009 5582 κανόνος

2428 5620 2726 5691 ἑρμηνείαν
2773 5622 3217 5691 ἀπαραλλάκτως
3259 5621 3397 5681 ἐκεῖ,
3439 5616 3622 5678 καοὼς
3660 5616 3750 5668 καὶ
3802 5614 3871 5665 τὰ
3921 5614 4014 5683 ρη-

2435 5735 2505 5785 μα
2515 5733 2577 5767 τα
2605 5714 2698 5765 τοῦ
2730 5715 2971 5776 κανόνος.

2502 5810 2745 5862 ΖΩΝΛΡ.
2785 5808 2987 5861 Τοῦτον
3034 5808 3123 5860 τὸν
3169 5806 3371 5860 κανόνα
3421 5804 3550 5857 ἄνευ
3601 5800 3799 5872 ὀλίγων
3844 5797 4007 5851 τινῶν
