4212 6440
274 390 338 448 ’ῙἸ
1252 394 1333 455 IN
1364 397 1527 456 CAN.
1564 396 1796 458 LXXVI
1825 394 2031 457 CONC.
2065 394 2438 456 CAR’I‘HAG.

3359 381 3461 442 278

241 499 503 562 ῥημάτων
528 501 622 552 καὶ
641 501 675 570 ἡ
710 498 770 551 tv
795 500 873 569 τῷ
912 500 1168 571 Τρούλλῳ
1226 503 1427 568 ύνοδος,
1457 507 1488 573 ἡ
1520 505 1791 574 λεγομένη
1826 510 1864 564 Α
1894 524 1904 558 t

1826 510 1864 564 Α
1894 506 2131 572 exceptis
2164 503 2341 556 verbis
2370 500 2620 556 eumdem
2657 511 2879 565 prorsus
2914 495 3054 563 apud
3104 493 3364 563 synodum
3403 506 3454 539 ιιι

237 586 397 655 Ξιιτη.
428 588 539 658 ἔχει
574 592 1027 662 ἀπαραλλάκτως,
1053 595 1148 647 καὶ
1182 594 1425 665 ἐξηγήθη
1462 598 1596 648 ἐκεῖ.

238 768 463 823 Αριετ.
546 789 564 821 ι
622 773 760 834 Τοὺς
808 773 1333 843 ἁμφιγιοουμίνους,
1373 777 1420 827 εί
1473 776 1802 844 ἐϐαπτίσθη-

317 880 334 911 ι
388 864 572 931 σαν,ἥ
626 864 910 935 μὴ,ἧρεσε
969 865 1365 935 βαπτίζεσθαιθ
1418 868 1490 937 μή
1542 884 1671 919 ποτε
1724 868 1801 939 τῷ

312 970 331 999 ι
381 952 663 1021 δισταγμῷ
700 955 1003 1023 στερηθῶσι
1051 957 1151 1025 τῆς
1190 956 1343 1019 θείας
1400 958 1734 1021 καθάρσεως.
1776 976 1793 1008 ι

308 1128 385 1179 τὸ
420 1128 517 1195 μὲν
566 1128 816 1195 δεύτερόν
851 1146 970 1181 τινα
1023 1130 1414 1199 βαπτισθῆναι,
1452 1134 1501 1185 εί
1548 1134 1620 1202 μὴ
1652 1137 1804 1204 παρὰ

235 1217 452 1269 ἀσεϐῶν
473 1218 1060 1290 ὲόαπτίσθη,διάφοροι
1089 1223 1311 1283 κανόνες
1339 1225 1797 1292 ἀπαγορεύουσιν.

240 1308 299 1359 Ινῖξ
356 1310 414 1362 δέ
451 1327 532 1369 τις
584 1311 987 1378 ἀμφιδά).λεται
1043 1314 1090 1365 εί
1150 1312 1478 1382 ἔδαπτίσθη,
1532 1316 1607 1375 ὼς
1660 1320 1799 1386 μήτε

236 1398 407 1450 αὑτοῦ
452 1399 608 1452 τοῦτο
664 1402 863 1463 είδὸτος
925 1403 1010 1455 διὰ
1063 1404 1162 1472 τὴν
1218 1404 1483 1472 βρεφικὴν
1541 1407 1799 1473 ἡλικίαν,

242 1493 382 1558 μήτε
442 1492 641 1559 ἑτέρων
691 1492 1183 1562 διαϐεϐαιουμένων
1236 1496 1326 1547 καὶ
1383 1499 1806 1565 μαρτυρούντων

239 1583 623 1648 ἀναμφιϐόῖως
707 1585 871 1636 αὑτὸν
957 1584 1353 1653 βαπτισθῆναι,
1427 1589 1591 1655 χωρίς
1659 1604 1807 1652 τινος

239 1674 573 1737 ἀτιφιὸολίας
632 1674 988 1743 βαπτισθῆναι
1036 1677 1240 1743 όῳείλει
1269 1695 1282 1708 ·
1339 1678 1428 1731 ἵνα
1485 1678 1558 1747 μὴ
1607 1679 1695 1731 διὰ
1742 1680 1802 1732 τὸ

238 1764 556 1833 ἀμφίϐολον
588 1767 822 1834 στερηθῇ
852 1767 946 1833 τῆς
989 1766 1139 1825 θείας
1186 1767 1524 1838 καθάρσεως.

818 1858 1054 1910 ΚΑΝΩΝ
1088 1857 1223 1925 (ις’.
1325 1854 1347 1872 ’

246 1971 261 2001 ι
303 1952 439 2019 Περὶ
485 1952 578 2003 τοῦ
614 1954 709 2018 τὴν
735 1952 952 2019 ἡμέραν
1001 1950 1095 2003 τοῦ
1152 1952 1341 2022 Πάσχα
1399 1955 1456 2006 ἐν
1490 1957 1571 2023 τῇ
1626 1957 1807 2025 ἡμέρα

313 2065 330 2093 ι
384 2045 603 2095 συνόδου
657 2042 1037 2109 άγγέλλεσθαι.
1096 2043 1331 2110 Ὁμοίως
1387 2046 1605 2111 ἤρεσεν,
1666 2046 1808 2100 ὥστε

314 2155 332 2177 ι
384 2135 483 2199 τὴν
525 2133 735 2203 ἡμέραν
784 2133 879 2185 τοῦ
940 2135 1319 2201 προσκυνητοῦ
1354 2135 1545 2203 Πάσχα
1592 2137 1679 2188 διὰ
1710 2138 1807 2203 τῆς

319 2244 336 2271 ι
385 2224 495 2275 τῶν
525 2224 918 2291 τετυπωμένων
949 2225 1272 2291 ὑπογραφῆς
1317 2227 1481 2277 πᾶσιν
1515 2226 1810 2293 ἐμφανίζε-

320 2334 338 2363 ι
391 2314 516 2365 σθαι
540 2332 553 2344 ·
586 2317 617 2382 ἡ
648 2314 703 2367 δὲ
737 2316 835 2381 τῆς
875 2316 1061 2366 συόδου
1086 2315 1266 2381 ἡμέρα
1296 2316 1326 2383 ἡ
1354 2316 1489 2385 αὑτὴ
1533 2315 1804 2384 φυλαχθῇ,

326 2425 349 2455 a
388 2406 513 2474 ἥτις
562 2404 770 2475 ὡρίσθη
820 2407 876 2458 ἐν
925 2408 989 2473 τῇ
1043 2407 1100 2457 ιν
1146 2406 1369 2459 Ἰππῶνι
1409 2408 1633 2475 συνόδῳ,
1664 2408 1809 2460 τοῦτ’

325 2518 344 2549 ε
391 2500 537 2551 ἐστιν
597 2500 630 2567 ἡ
694 2499 800 2565 πρὸ
850 2498 983 2549 δέκα
1057 2498 1335 2551 καλανδῶν
1395 2501 1807 2570 Σεπτεμϐρίυιν.

322 2606 341 2639 ι
391 2588 631 2655 Ὀφείλει
685 2588 792 2658 γὰρ
827 2592 918 2641 καὶ
976 2592 1258 2659 γραφῆναι
1318 2591 1449 2657 πρὸς
1485 2594 1612 2654 τοὺς
1663 2610 1813 2661 πρω-

323 2700 341 2731 ι
394 2679 655 2740 τεύοντας
702 2680 892 2731 πασῶν
923 2680 1029 2732 τῶν
1072 2681 1369 2751 ἐπαρχιῶν,
1406 2683 1511 2745 ἵνα,
1540 2684 1624 2736 ὅτε
1682 2683 1811 2751 παρ’

325 2786 343 2819 ι
388 2769 608 2829 ἑαυτοῖς
662 2766 878 2819 σύνοδον
925 2769 1396 2837 προσκαλοῦνται,
1460 2771 1662 2842 ταύτην
1714 2773 1813 2843 τὴν

323 2878 343 2909 ι
393 2860 608 2926 ἡμέραν
642 2858 999 2921 φυλάττωσιν.
1053 2880 1070 2911 ι

319 2952 518 3003 ΒΑΛΣ.
553 2951 659 3003 Καὶ
694 2951 841 3004 ἄλλοι
872 2952 1117 3021 διάφοροι
1146 2956 1367 3018 κανόνες
1411 2957 1638 3028 ὥρισαν,
1684 2964 1812 3011 πότε

246 3043 458 3110 ὀφείλει
512 3044 755 3109 γίνεσθαι
817 3044 1032 3097 σύνοδον
1090 3050 1238 3114 παρὰ
1290 3050 1397 3101 τῶν
1455 3052 1813 3120 ὲπαρχιωτῶν

1900 596 2103 659 Trulla,
2145 610 2266 663 qua:
2296 603 2443 649 sexta
2476 592 2671 646 dicitur
2694 627 2710 654 ,
2742 604 2807 644 ac
2838 588 3036 642 ibidem
3089 585 3415 654 explicatum
3441 620 3454 643 ,

1901 702 2180 831 32:33::
2221 777 2298 831 Illi
2333 778 2397 830 de
2424 775 2619 842 quibus
2641 772 2953 838 ambigitur,
2985 779 3169 823 utrum
3202 767 3456 835 baptizati

1980 886 1997 919 ι
2034 878 2158 923 sunt
2193 882 2383 930 necne,
2415 865 2612 933 placuit
2636 905 2649 922 ,
2680 874 2738 916 ut
2773 860 3108 929 baptizentur
3142 878 3155 915 :
3208 873 3274 912 ne
3328 871 3457 923 pro-

1980 982 1997 1015 ι
2035 973 2152 1033 pter
2176 961 2575 1028 ambiguitatem
2612 956 2787 1010 divina
2818 953 3131 1008 lustratione
3166 950 3464 1005 destituan-

1975 1072 1993 1103 ι
2034 1062 2138 1106 lttr.
2179 1070 2198 1101 ι

1976 1142 2225 1197 Secundo
2273 1142 2483 1205 quidem
2540 1138 2801 1208 baptizari
2854 1136 3197 1203 quempiam,
3250 1134 3348 1185 nisi
3401 1132 3466 1185 ab

1904 1234 2081 1299 impiis
2110 1234 2409 1299 baptizatus
2441 1230 2601 1283 fuerit
2655 1227 2853 1281 diversi
2888 1242 3123 1279 canones
3159 1225 3467 1292 prohibent.

1906 1323 1959 1377 Si
1990 1325 2110 1391 quis
2150 1333 2327 1375 autem
2364 1324 2608 1389 ambiglt,
2645 1335 2709 1373 an
2741 1321 3038 1387 baptizatus
3074 1318 3255 1379 fuerit,
3289 1324 3472 1382 utpote

1905 1430 2004 1470 nec
2058 1416 2171 1479 ipso
2216 1416 2285 1467 ob
2331 1414 2630 1466 infantilem
2686 1423 2900 1465 etatem
2935 1412 3063 1463 illud
3112 1410 3339 1468 sciente,
3374 1422 3472 1459 nec

1906 1508 2029 1561 aliis
2062 1505 2459 1560 aﬂirmantibus
2492 1515 2545 1559 et
2591 1507 2917 1559 testantibus
2969 1520 3090 1558 cum
3141 1504 3279 1555 haud
3318 1502 3476 1553 dubie

1907 1600 2237 1666 baptizatum
2279 1598 2485 1659 fuisse;
2523 1599 2640 1651 sine
2690 1598 2793 1649 ulla
2831 1598 3164 1649 dubitatione
3210 1593 3474 1661 baptizari

1907 1691 2103 1744 debet:
2136 1703 2204 1742 ne
2246 1698 2465 1757 propter
2507 1688 2891 1742 dubitationem
2934 1688 3110 1741 divina
3151 1687 3466 1754 ,zttrg-ttioue

1908 1782 2171 1850 privetur.

2432 1868 2659 1923 CANON
2718 1866 2951 1920 LXXVI.

1918 1978 1936 2009 ι
1978 1957 2045 2012 Ut
2078 1960 2193 2013 dies
2224 1960 2442 2015 Pasehze
2473 1962 2524 2013 in
2578 1962 2662 2013 die
2712 1960 2899 2027 synodi
2950 1957 3323 2010 annuntietnr.
3364 1955 3476 2006 lloe

1991 2069 2008 2100 ι
2048 2066 2259 2120 quoque
2289 2052 2537 2104 similiter
2563 2052 2784 2115 placuit,
2819 2059 2873 2100 ttt
2911 2050 3028 2102 dies
3064 2049 3347 2102 venerandi
3379 2047 3473 2099 Pa-

1986 2160 2004 2192 ι
2048 2144 2191 2196 scbte
2233 2158 2327 2211 per
2364 2143 2716 2196 iortnatartttn
2749 2142 3199 2207 subscriptionem
3230 2139 3483 2191 omnibus

1986 2252 2003 2284 ι
2040 2235 2375 2297 ostendatur,
2409 2234 2524 2287 dies
2556 2243 2731 2286 autem
2782 2232 2970 2300 synodi
3017 2232 3154 2283 idem
3211 2239 3482 2291 servetur,

1991 2344 2008 2375 ι
2049 2328 2137 2392 qui
2172 2325 2221 2377 in
2256 2323 2582 2391 llipponensi
2633 2323 2839 2392 synodo
2890 2321 2989 2373 l‘uit
3043 2323 3388 2381 constitutus,
3426 2320 3476 2369 id

1987 2436 2003 2468 t
2039 2426 2143 2479 est,
2180 2429 2303 2469 ante
2332 2417 2596 2470 decimum
2624 2414 2889 2467 Kalendas
2924 2412 3275 2480 Septembris.
3309 2410 3477 2463 Debet

1995 2529 2013 2559 ι
2051 2512 2191 2562 enim
2221 2509 2379 2561 etiam
2432 2508 2592 2561 scribi
2646 2509 2712 2560 ad
2774 2507 3035 2572 primates
3067 2507 3308 2557 omnium
3356 2518 3483 2568 pro-

1994 2620 2011 2651 ι
2058 2601 2381 2662 viuciarum,
2419 2608 2475 2652 ιιι
2507 2597 2719 2665 quando
2756 2599 2895 2663 apud
2934 2610 2991 2649 se
3027 2595 3315 2649 concilium
3347 2607 3484 2647 ceno

1991 2713 2008 2745 ι
2050 2702 2292 2759 ετεπιιιιι,
2324 2692 2389 2746 ab
2422 2705 2486 2745 eo
2516 2690 2602 2745 die
2638 2689 2961 2743 abstineant.
3001 2706 3017 2738 ι

1994 2955 2185 3011 BALS.
2244 2957 2343 3009 Alii
2394 2969 2606 3023 quoque
2661 2952 2856 3007 diversi
2891 2966 3127 3005 canones
3160 2960 3486 3015 statuerunt,

1919 3050 2135 3117 quando
2167 3048 2357 3101 debeat
2409 3046 2520 3099 ﬁeri
2574 3046 2813 3115 synodus
2869 3058 2894 3095 a
2951 3043 3389 3110 provincialibus,
3432 3053 3487 3093 ιιι

247 3137 407 3204 χάριν
458 3134 550 3188 τοῦ
606 3136 831 3189 λύεσθαι
889 3138 957 3190 τὰ
1008 3140 1442 3207 ἐκκλησιαστικα
1497 3142 1809 3211 ζητήματα.
1843 3165 1885 3221 C

1843 3141 2197 3221 Csolvaolur
2257 3136 2634 3191 ecclesiastica:
2694 3134 3045 3203 quaestiones.
3109 3134 3246 3185 Dicit
3309 3144 3485 3184 autem

243 3226 383 3292 Φησὶ
429 3225 485 3277 δὲ
536 3228 679 3278 καὶὸ
715 3226 903 3297 παρὼν
936 3229 1115 3282 κανὼν
1168 3233 1311 3284 κατὰ
1358 3234 1449 3283 τόν
1495 3235 1682 3300 καιρὸν
1714 3234 1816 3301 τῆς

250 3316 468 3367 συνόδου
494 3317 632 3383 (tot:
659 3317 714 3370 δδ
746 3313 897 3381 οὗτος
930 3323 957 3372 ό
982 3322 1085 3389 πρὸ
1106 3323 1237 3375 δέκα
1262 3324 1541 3375 καλανδῶν
1570 3325 1813 3390 Σεπτεμ-

247 3408 442 3473 ϐρίων,
472 3409 640 3477 ἦγονν
696 3417 777 3461 κα⁹
821 3410 913 3462 τοῦ
967 3412 1277 3479 Αὐγούστου
1313 3415 1478 3481 μηνός
1508 3431 1520 3446 ·
1555 3415 1814 3468 καλάνδαι

247 3499 356 3567 γὰρ
412 3498 467 3550 αί
525 3500 735 3567 πρῶται
759 3502 848 3554 τοῦ
906 3504 1074 3572 μηνὸς
1126 3503 1396 3571 λέγονται)
1446 3506 1543 3575 τὴν
1574 3508 1812 3576 ἡμέραν,

247 3592 341 3644 τοῦ
374 3593 564 3662 Πάσχα
592 3594 905 3661 δηλοῦσθαι,
934 3598 1074 3649 ὥστε
1114 3600 1486 3661 γινώσκεσθαι
1536 3602 1672 3652 πᾶσι
1704 3602 1816 3662 τοῖς

247 3686 303 3735 ὲν
329 3688 395 3752 τῇ
429 3686 684 3754 Ἀφρικῇ.
729 3689 835 3739 Καὶ
881 3691 908 3740 ό
964 3690 1061 3753 μὲν
1102 3692 1281 3741 κανὼν
1315 3693 1372 3741 ὲν
1405 3691 1613 3753 τούτοις
1638 3709 1649 3721 ·
1698 3693 1818 3744 επεὶ

246 3776 301 3826 δὲ
332 3775 459 3827 οὔτε
490 3776 599 3828 ἀπὸ
628 3775 722 3829 τοῦ
762 3779 1030 3845 παρόντος
1083 3781 1303 3842 κανόνος
1353 3781 1476 3833 οὕτε
1506 3782 1598 3847 ἀφ’
1628 3782 1815 3849 ἑτέρου

244 3864 576 3929 γινώσκεται
635 3870 665 3936 ἡ
721 3871 1011 3923 ἐπιστασία
1066 3874 1165 3938 τῆς
1217 3874 1429 3941 ἡμέρας
1481 3874 1573 3926 τοῦ
1622 3875 1815 3943 Πάσχα

246 3956 363 4020 (καὶ
414 3957 444 4008 ό
492 3957 534 4021 ζ’
588 3958 696 4027 γάρ
750 3961 930 4013 κανὼν
978 3962 1086 4015 τῶν
1123 3963 1295 4031 ἁγίων
1325 3965 1636 4018 ἀποστόλων
1676 3968 1815 4034 μετὰ

244 4049 345 4115 τὴν
382 4049 605 4119 ἐαρινὴν
639 4051 928 4120 ἰσημερίαν
968 4054 1261 4117 διορίζεται
1287 4055 1348 4106 τὸ
1376 4057 1568 4125 Πάσχα
1615 4059 1815 4125 εορτά⁴

244 4134 360 4197 ζειν
391 4138 542 4204 ἡμᾶς
574 4140 664 4189 καὶ
696 4139 857 4191 πλέον
888 4140 1062 4208 οὐδέν)
1090 4159 1101 4172 ·
1148 4143 1268 4195 δέον
1294 4139 1437 4197 εἶναι
1481 4147 1817 4214 κατενοήσα-

248 4244 349 4292 μεν
381 4228 696 4292 άναδιδάξαι
725 4232 849 4291 τοὺς
889 4231 1148 4295 θέλοντας
1179 4232 1265 4285 διὰ
1294 4233 1390 4302 τῆς
1426 4232 1519 4287 τοῦ
1550 4234 1815 4303 παρόντος

244 4319 474 4380 κανόνος
528 4321 862 4389 ἑρμηνείας,
915 4322 1030 4385 πῶς
1092 4324 1412 4393 εὑρίσκεται
1470 4326 1657 4394 ἡμέρα
1720 4326 1814 4378 τοῦ

243 4410 471 4463 venturo-3
533 4412 650 4482 ἦτοι
727 4414 1020 4465 Ἰουδαϊκοῦ
1099 4415 1191 4467 καὶ
1266 4415 1359 4467 τοῦ
1422 4416 1812 4484 Χριστιανικού

1920 3231 2076 3283 etiam
2116 3243 2353 3295 praesens
2380 3243 2570 3290 canon,
2605 3238 2662 3279 ttt
2710 3236 2952 3291 tempore
3003 3226 3191 3293 synodi
3241 3224 3313 3293 (id
3368 3233 3491 3286 est,

1920 3328 2041 3370 ante
2066 3317 2130 3369 10
2162 3316 2388 3369 Kalend.
2426 3315 2778 3383 Septembris,
2811 3314 2873 3366 Ἦ
2912 3312 3118 3366 scilicet
3148 3315 3349 3364 mensis
3375 3316 3485 3363 Au-

1920 3409 2093 3476 gusti;
2124 3405 2374 3460 Kalend:
2413 3407 2555 3459 enim
2582 3416 2705 3458 sunt
2736 3406 2939 3472 primus
2966 3405 3078 3456 dies
3116 3404 3337 3469 mensis)
3376 3404 3489 3455 dies

1920 3496 2142 3550 Pascha!
2181 3498 2506 3558 declaretur,
2546 3507 2601 3549 ut
2640 3508 2995 3563 cognoscatur
3026 3496 3093 3549 ab
3124 3497 3373 3548 omnibus
3399 3498 3489 3561 qui

1920 3600 2044 3641 sunt
2086 3591 2134 3643 in
2167 3588 2367 3643 Africa.
2420 3590 2496 3642 Ac
2527 3590 2578 3641 in
2615 3589 2695 3641 bis
2730 3589 2944 3655 quidem
2992 3589 3240 3643 consistit
3276 3604 3471 3641 canon.

1918 3681 2051 3746 Quia
2084 3692 2281 3744 autem,
2318 3696 2415 3733 nec
2458 3696 2485 3732 a
2546 3681 2794 3745 praesenti
2831 3695 3057 3741 canone,
3122 3695 3217 3732 nec
3267 3684 3331 3730 ab
3379 3681 3479 3732 alio

1918 3772 2259 3838 cognoscitur
2316 3770 2419 3824 diei
2460 3769 2679 3823 Pascha:
2730 3769 2995 3822 institutio
3048 3771 3191 3835 (nam
3244 3784 3415 3821 canon
3462 3780 3475 3820 t

1920 3871 2228 3917 sanctorum
2261 3863 2623 3929 apostolorum
2657 3864 2871 3924 statuit,
2902 3873 2959 3915 ut
2988 3878 3086 3916 nos
3113 3873 3231 3930 post
3266 3878 3484 3915 vernum

1919 3955 2301 4022 :equinnctium
2355 3954 2557 4008 Pascha
2606 3955 2959 4014 celebremus.
3005 3965 3057 4008 et
3117 3957 3245 4007 nihil
3301 3955 3490 4022 aliud),

1918 4046 2344 4098 existimavimus
2377 4056 2624 4109 oportere
2671 4062 2768 4100 nos
2814 4061 2909 4112 per
2952 4048 3230 4114 praesentis
3266 4047 3489 4099 canonis

1921 4135 2429 4203 interpretationem
2481 4137 2676 4188 docere
2707 4149 2820 4198 eos,
2858 4134 2949 4202 Qui
2998 4134 3184 4197 velint,
3222 4134 3491 4201 quomodo

1920 4226 2226 4279 inveniatur
2258 4226 2375 4279 dies
2412 4226 2598 4292 legalis
2635 4239 2726 4279 seu
2752 4226 2960 4278 Judaiei
2989 4233 3041 4279 et
3066 4224 3361 4278 Christiani
3394 4224 3489 4277 Pa-

1919 4316 2082 4384 scbaa,
2117 4317 2246 4384 quin
2277 4327 2330 4369 et
2359 4315 2810 4385 Carnisprivintn.
2856 4316 2995 4370 Fieri
3022 4319 3163 4368 cnlm
3204 4325 3401 4382 potest,
3435 4329 3493 4370 ιιι

1918 4408 2250 4464 orthodoxus
2282 4409 2549 4478 quispiam
2584 4410 2635 4462 in
2667 4410 2803 4471 loca,
2834 4409 2921 4461 ubi
2951 4410 3064 4463 haec
3095 4424 3196 4462 non
3232 4420 3495 4463 curantur

244 4503 438 4572 Πάσχα
466 4517 482 4532 ⁸
511 4503 646 4556 ἀλλὰ
675 4504 780 4572 μὴν
816 4507 907 4556 καὶ
959 4508 991 4574 ἠ
1048 4506 1316 4574 ἀποκρέα.
1370 4508 1531 4569 Είκδς
1559 4508 1667 4576 γάρ
1697 4509 1811 4561 ἔστι
1844 4507 1895 4566 D

1844 4507 1895 4566 1)
1925 4514 2021 4553 nec
2055 4508 2474 4568 cognoscuntur,
2504 4500 2706 4555 incidat
2735 4540 2749 4563 ,
2778 4508 2830 4551 et
2864 4516 2959 4569 per
2989 4501 3344 4568 ignorantiam
3381 4516 3484 4552 non

246 4595 581 4660 παρατυχεῖν
644 4593 923 4662 όρθόδοξόν
997 4612 1118 4647 τινα
1189 4599 1269 4658 εἰς
1296 4597 1515 4660 τόπους,
1570 4598 1699 4650 ἔνθα
1748 4601 1817 4653 τὰ

244 4683 472 4734 τοιαῦτα
516 4684 575 4735 οὐ
625 4685 1203 4753 πολυπραγμονοῦνται
1252 4688 1372 4740 οὐδὲ
1430 4688 1814 4754 γινώσκονται,

244 4774 337 4822 καὶ
381 4772 441 4834 ἐξ
497 4773 717 4839 ἀγνοίας
748 4776 1098 4843 άποκρεῶσαι
1140 4778 1172 4846 ἢ
1223 4779 1505 4847 πασχάσαι
1541 4779 1693 4848 παρὰ
1724 4780 1815 4832 τὸν

245 4864 591 4930 προσήκοντα
607 4865 818 4932 καιρὸν,
837 4868 973 4936 ὅπερ
998 4868 1144 4932 ἐστὶν
1174 4868 1586 4935 άσύγγνωστον.
1620 4872 1816 4923 Ίστέον

241 4949 333 5005 οὖν
365 4955 473 5018 πρὸ
504 4954 719 5007 πάντων
751 4957 854 5021 ὅτι,
886 4960 934 5010 εί
955 4958 1047 5027 ’μὴ
1092 4958 1349 5024 γινώσκει
1396 4977 1477 5020 τις
1536 4960 1627 5012 τοῦ
1661 4980 1814 5031 νομι-

243 5044 336 5095 κοῦ
399 5043 595 5115 Πάσχα
642 5046 739 5116 τὴν
767 5048 1039 5117 ,ήμέραν,
1068 5049 1126 5100 ού
1168 5049 1388 5101 δύναται
1442 5053 1617 5103 εἰπεῖν
1684 5054 1814 5104 πότε

240 5132 449 5200 ὀφείλει
508 5136 767 5201 γενέσθαι
838 5139 898 5190 τὸ
957 5140 1348 5208 Χριστιανικὸν
1420 5142 1630 5211 Πάσχα.
1694 5144 1815 5194 Ἔτι

244 5226 416 5277 ἰστέον
453 5228 535 5279 ὅτι
565 5227 626 5280 τὸ
667 5229 766 5297 μὲν
814 5232 1038 5300 νομικόν
1073 5233 1263 5302 Πάσχα
1306 5235 1513 5299 γίνεται
1561 5235 1668 5288 ἀπὸ
1728 5245 1813 5289 κα’

240 5314 330 5365 τοῦ
358 5315 604 5385 Μαρτίου
640 5319 806 5387 μηνὸς
838 5322 1000 5389 μέχρι
1049 5322 1144 5374 καὶ
1188 5323 1286 5391 τῆς
1338 5325 1812 5393 όκτιυκαιδεκᾶτης

241 5406 332 5459 τοῦ
378 5407 695 5475 ’Δπριλλίου
724 5412 891 5479 μηνός
916 5428 931 5446 ο
964 5412 1024 5463 τὸ
1052 5413 1108 5465 δὲ
1136 5415 1526 5484 Χριστιανικδν
1561 5419 1666 5469 ἀπὸ
1714 5420 1811 5488 τῆς

246 5504 326 5563 κγ’
346 5499 437 5550 τοῦ
465 5501 713 5569 Μαρτίου
744 5504 913 5573 μηνὸς
943 5505 1102 5576 μέχρι
1130 5507 1226 5577 τῆς
1250 5514 1326 5558 κε’
1358 5508 1452 5560 τοῦ
1488 5511 1806 5575 ’Λπριλλίου

248 5590 435 5657 μηνός.
465 5590 684 5643 Τούτων
714 5594 771 5647 δὲ
815 5594 956 5648 οὕτω
986 5597 1504 5667 προθεωρηθέντων,
1554 5603 1600 5652 εί
1634 5602 1809 5667 θέλεις

248 5679 720 5747 ἐξακριδώσασθαι
753 5686 851 5755 τὴν
878 5688 1094 5756 ἡμέραν
1133 5688 1227 5740 τοῦ
1268 5689 1562 5743 Ἰουδαῖκοῦ
1617 5694 1810 5762 Πάσχα

245 5772 449 5827 καὶτοῦ
487 5772 901 5843 Χριστιανικοῦ,
936 5779 1168 5849 ζήτησον
1201 5778 1414 5849 πρῶτον
1448 5782 1539 5835 καὶ
1570 5783 1691 5852 εὑτιὲ
1719 5784 1807 5835 τὸν

1921 4593 2262 4648 convenieuti
2302 4605 2543 4663 tempore
2589 4594 2669 4647 vel
2723 4611 2750 4646 ιι
2803 4596 3062 4647 carnibus
3108 4596 3376 4647 abstineat
3414 4596 3493 4646 vel

1921 4686 2125 4739 Pascha
2155 4687 2433 4751 celebret;
2469 4688 2609 4753 quod
2642 4702 2745 4739 non
2778 4696 2861 4740 est
2892 4687 3326 4741 condonaudum.
3359 4691 3495 4737 Ante

1918 4779 2098 4830 omnia
2125 4792 2259 4846 ergo
2288 4778 2567 4831 sciendum
2621 4788 2724 4840 est,
2773 4779 2915 4846 quod
2973 4779 3074 4831 nisi
3131 4779 3251 4843 quis
3312 4777 3496 4846 legalis

1923 4868 2140 4920 Pascha!
2171 4868 2309 4920 diem
2334 4868 2503 4938 610
2527 4871 2754 4931 noverit,
2788 4885 2891 4921 non
2918 4881 3090 4937 potest
3121 4871 3258 4923 scire
3280 4872 3495 4937 quando

1919 4959 2287 5012 (Zbristianutn
2341 4959 2548 5013 Pascha
2589 4961 2702 5013 lieri
2741 4961 2954 5014 debeat.
3000 4961 3262 5012 Pimaerca
3318 4961 3493 5011 scicn-

1919 5052 2043 5103 dum
2076 5059 2178 5109 est,
2209 5054 2352 5120 quod
2391 5054 2558 5122 legale
2608 5052 2814 5107 Pascha
2864 5054 2920 5106 lit
2953 5069 2979 5105 a
3027 5055 3287 5105 vicesimo
3320 5054 3493 5116 primo

1922 5142 2125 5195 mensis
2155 5142 2334 5198 Martii
2375 5160 2545 5213 usque
2584 5145 2647 5198 ad
2684 5147 2946 5198 det-imum
2980 5154 3227 5196 octavum
3268 5145 3490 5210 Aprilis:

1918 5236 2285 5289 Christianum
2326 5246 2501 5289 autem
2534 5254 2561 5288 a
2600 5238 2857 5291 vicesimo
2893 5238 3053 5290 tertio
3106 5236 3282 5288 Martii
3322 5251 3493 5302 usque

1920 5325 1985 5377 ad
2013 5324 2328 5379 vicesimum
2382 5328 2628 5394 quintum
2686 5328 2887 5380 mensis
2922 5328 3141 5394 Aprilis,
3174 5326 3269 5380 llis
3312 5338 3488 5380 autem

1917 5416 1995 5469 sic
2048 5418 2279 5484 primum
2330 5419 2710 5478 consideratis.
2750 5421 2791 5473 si
2829 5419 2965 5473 velis
3004 5419 3216 5473 Judaici
3272 5418 3492 5473 Pascha:

1918 5507 2059 5562 diem
2093 5521 2281 5563 exacte
2313 5513 2473 5573 scire,
2501 5520 2555 5563 et
2586 5509 2767 5563 itidem
2800 5510 3091 5565 Christiani
3123 5551 3135 5573 ,
3166 5525 3346 5579 quacro
3382 5509 3491 5575 pri-

1918 5617 2061 5653 munt
2094 5611 2148 5655 ct
2179 5602 2356 5657 iuveni
2381 5602 2586 5672 cyclum
2626 5602 2784 5665 luna‘,
2812 5604 2898 5669 qui
2930 5603 3009 5656 sic
3043 5604 3348 5655 invenitur:
3384 5600 3492 5653 NII-

1918 5708 2060 5746 tnera
2092 5710 2262 5747 annos
2298 5710 2325 5745 a
2356 5695 2634 5749 creatione
2663 5695 2839 5747 mundi
2866 5734 2878 5757 ,
2908 5704 2961 5747 ct
2990 5711 3085 5763 per
3121 5695 3490 5748 novetuderim

1916 5801 2010 5840 eos
2046 5785 2243 5851 divide,
2272 5794 2323 5839 ct
2355 5786 2444 5856 qui
2478 5786 2860 5853 rcmanscrint,
2896 5789 3102 5855 cycluut
3138 5788 3277 5841 laute
3312 5788 3489 5841 decla-
