4212 6440
780 366 887 427 279

1991 383 2267 445 THEOD.
2297 386 2695 449 BALSAMON
2770 414 2775 418 θ

3883 399 3991 463 280

783 478 994 531 raliuut.
1034 476 1230 531 Deinde
1255 479 1411 532 etiam
1437 484 1642 551 cyclum
1665 486 1791 541 solis
1816 488 1994 545 inveni
2020 492 2121 547 hoc
2150 495 2328 549 modo:

2367 500 2405 557 Α
2433 496 2632 551 κύκλον
2685 498 2786 569 τῆς
2829 500 3080 571 σελήνης,
3134 502 3195 567 δς
3239 504 3331 559 καὶ
3390 506 3699 578 εὑρίσκεται
3744 511 3942 564 οὑτωσί
3969 530 3986 547 ο

781 566 1010 618 Numera
1043 583 1210 621 annos
1240 586 1267 623 a
1300 574 1574 629 creatione
1609 579 1814 643 mundi,
1837 591 1889 635 et
1920 597 2014 636 eos
2035 584 2209 639 divide
2237 600 2333 655 per

779 656 963 723 viginti
1004 667 1147 722 octo,
1184 671 1234 713 et
1266 662 1353 728 qui
1392 675 1595 721 restant
1626 667 1711 721 dic
1735 683 1827 723 eos
1860 672 2069 741 cyclum
2098 674 2328 729 solarem

774 749 1067 807 declarare.
1094 752 1237 823 Cycli
1269 758 1482 825 quidem
1508 760 1767 833 lun-r,qui
1794 776 1921 820 sunt
1943 771 2327 836 novemdecim,

778 842 1041 910 incipiunt
1072 861 1099 897 a
1136 861 1320 903 mense
1353 847 1648 906 Januario:
1688 855 1821 925 cycli
1853 866 2029 911 autem
2062 859 2214 923 solis,
2237 859 2328 928 qui

775 941 899 986 sunt
933 935 1118 1000 viginti
1148 946 1273 992 octo
1302 954 1551 1002 numero.
1584 942 1850 1011 incipiunt
1900 960 1928 998 a
1958 962 2143 1002 mense
2168 947 2330 1003 Octo-

774 1023 877 1075 bri.
909 1023 1044 1077 Cum
1074 1040 1202 1095 ergo
1225 1028 1359 1098 cycli
1389 1029 1530 1083 lunae
1558 1041 1613 1086 et
1657 1033 1783 1088 solis
1826 1036 1905 1089 sic
1940 1037 2284 1093 inveniantur
2308 1079 2324 1105 ,

773 1111 1068 1181 multiplica
1111 1117 1364 1174 undecies
1397 1128 1523 1175 tunc
1552 1132 1857 1178 currentem
1902 1126 2039 1182 luna
2075 1129 2319 1199 cyclum;

773 1201 980 1257 demde-
1010 1205 1147 1261 adile
1181 1223 1347 1277 usque
1396 1212 1463 1263 ad
1496 1214 1761 1267 decimum
1814 1224 2026 1271 sextum
2076 1219 2281 1289 cyclum
2309 1257 2327 1283 ,

773 1308 872 1362 pro
902 1296 1111 1349 sarculis
1138 1298 1357 1368 elapsis,
1390 1317 1483 1357 sex
1512 1304 1650 1366 dies.
1683 1306 1771 1372 qui
1795 1316 1994 1375 epacta:
2031 1309 2324 1376 dicuntur;

769 1394 887 1450 post
924 1383 1189 1440 decimum
1234 1403 1443 1445 sextum
1484 1395 1691 1462 cyclum
1722 1411 1887 1464 usque
1943 1400 2008 1451 ad
2058 1399 2323 1453 decimum

770 1488 991 1536 nonum,
1009 1477 1144 1531 adde
1172 1480 1420 1535 similiter
1443 1494 1644 1552 septem
1672 1485 1812 1544 dies;
1843 1494 1893 1539 et
1922 1496 2201 1555 postquam
2230 1488 2327 1543 hos

766 1578 954 1618 omnes
983 1566 1096 1620 dies
1126 1568 1177 1620 in
1212 1585 1376 1625 unam
1404 1587 1665 1655 summam
1694 1574 1995 1645 collegeris,
2020 1577 2201 1633 divide
2233 1594 2327 1635 eos

2446 588 2772 658 ’Δρίθμησον
2800 589 2867 642 τὰ
2912 591 3019 644 ἀπὸ
3049 592 3281 657 κτίσεως
3310 595 3513 664 κόσμου
3541 598 3656 668 έτη,
3688 601 3783 653 καὶ
3811 601 3977 669 ὖφελε

2431 678 2569 731 αὐτὰ
2604 678 2696 729 ὲπὶ
2728 679 2839 731 τῶν
2870 678 2956 745 ιϐ’,
2984 683 3170 736 καὶτὰ
3196 684 3630 755 έναπομείναντά
3658 690 3765 743 είσι
3810 692 3989 764 δηλω-

2428 768 2557 820 τικά
2610 768 2704 821 τοῦ
2760 770 2964 823 κύκλου
2994 772 3097 841 τῆς
3146 775 3396 845 σελήνης.
3426 773 3558 832 Εἶτα
3590 780 3716 850 εὑρέ
3758 783 3853 835 καὶ⁵
3892 785 3990 837 τὸν

2429 859 2627 914 κύκλον
2674 860 2769 914 τοῦ
2818 862 2969 932 ήλίου
3004 862 3179 928 οὕτως
3222 882 3239 898 ο
3286 867 3592 939 άρίθμησον
3620 873 3688 925 τά
3720 874 3831 927 ἀπὸ
3868 877 3989 929 κτί-

2429 971 2567 1016 σεως
2601 956 2807 1024 κόσμου
2860 957 2978 1027 ἔτη.
3012 960 3109 1013 καὶ
3147 958 3308 1027 ὖφελε
3356 963 3496 1017 αὐτὰ
3523 965 3615 1017 hri
3647 967 3757 1019 τῶν
3806 972 3987 1023 είκοσι

2428 1043 2522 1095 καὶ
2548 1042 2712 1108 ὀκτὼ,
2751 1045 2846 1097 καὶ
2890 1045 2962 1099 τὰ
2996 1048 3512 1119 περιλιμπανόμενα
3548 1054 3669 1106 sine
3707 1055 3987 1123 δηλωτικὰ

2427 1128 2568 1184 εἶναι
2623 1133 2717 1187 τοῦ
2755 1133 2954 1188 κύκλου
2994 1134 3087 1189 τοῦ
3120 1136 3290 1206 ἡλίου.
3324 1140 3386 1191 Oi
3425 1140 3605 1207 μέντοι
3649 1141 3841 1196 κύκλοι
3888 1147 3988 1215 τῆς

2428 1222 2681 1293 σελήνης,
2716 1224 3006 1279 δεκαεννέα
3054 1228 3227 1292 ὅντες,
3256 1229 3521 1298 ἄρχονται
3573 1232 3681 1284 άπὺ
3715 1234 3810 1287 τοῦ
3851 1236 3987 1287 Ἰαν-

2425 1313 2679 1381 νουαρίου
2713 1314 2914 1383 μηνός·
2949 1317 2999 1369 oi
3038 1317 3096 1370 δὲ
3126 1316 3316 1370 κύκλοι
3338 1317 3434 1372 τοῦ
3468 1320 3639 1389 ήλίου,
3677 1322 3850 1375 εἰκοσι
3892 1325 3988 1379 καὶ

2424 1400 2567 1454 ὀκτὼ
2592 1401 2746 1465 ὅντες
2776 1404 2869 1457 τὸν
2909 1406 3164 1475 άριθμδν,
3208 1407 3467 1477 ἄρχονται
3508 1411 3617 1463 ἀπὸ
3661 1413 3756 1464 τοῦ
3786 1413 3990 1467 Ὀκτω-

2427 1489 2579 1559 ϐριου
2636 1494 2823 1561 μηνός.
2858 1495 2979 1547 Τῶν
3031 1496 3162 1563 γοῦν
3202 1496 3421 1551 κύκλων
3477 1500 3577 1567 τῆς
3627 1502 3859 1572 σελήνης
3890 1504 3988 1558 καὶ

2422 1582 2519 1636 τοῦ
2567 1582 2720 1653 ήλίου
2784 1582 2955 1649 οὓτως
2998 1587 3444 1657 εὑρισκομένων,
3492 1590 3989 1648 ένδεκαπλασίασον

769 1668 865 1720 per
903 1655 1113 1723 triginta
1141 1698 1156 1723 ,
1190 1668 1244 1712 et
1280 1676 1401 1715 cum
1440 1663 1653 1718 veneris
1680 1664 1745 1717 ad
1790 1682 2071 1721 numerum
2109 1670 2326 1739 triginta

2417 1675 2514 1726 ’τὸν
2544 1675 2806 1745 τρέχοντα
2826 1655 3125 1747 τηνικαῦτα
3164 1678 3365 1732 κύκλον
3411 1679 3508 1749 τῆς
3557 1681 3783 1752 σελήνης
3806 1698 3823 1715 ο
3860 1680 3983 1737 εἶτα

767 1744 960 1798 diebus
995 1748 1257 1803 minorem
1286 1793 1302 1817 ,
1332 1767 1453 1806 eum
1486 1769 1657 1814 sume.
1703 1766 1755 1809 et
1790 1766 1865 1812 tot
1893 1758 2006 1812 dies
2041 1776 2105 1815 ex
2139 1775 2326 1817 mense

768 1834 957 1889 Martio
992 1836 1070 1892 vel
1103 1839 1262 1893 etiam
1299 1843 1464 1909 Aprili
1498 1846 1568 1899 illi
1597 1847 1751 1910 adde,
1788 1858 1918 1917 quot
1947 1851 2234 1918 suiﬁciant,
2266 1866 2322 1908 ut
2354 1840 2395 1895 Β

766 1926 856 1977 liat
890 1943 1143 1983 nmuerus
1177 1934 1671 2004 quinquagesimus,
1709 1948 1763 1992 et
1788 1941 1872 1994 dic
1905 1944 2091 1997 statim
2126 1944 2178 1997 in
2217 1945 2323 2001 ilne

763 2017 1206 2091 quinquagenarii
1236 2024 1429 2083 debere
1450 2042 1568 2081 esse
1596 2028 1800 2083 Pascha
1834 2032 2022 2099 legale.
2051 2033 2117 2089 Ut
2142 2046 2319 2090 autem

764 2109 904 2173 quoil
936 2109 1135 2163 dictum
1170 2122 1272 2174 est,
1309 2130 1405 2180 per
1434 2118 1734 2186 exemplum
1782 2120 1872 2173 ﬁat
1929 2123 2267 2180 manifestius
2295 2168 2311 2193 ,

762 2197 989 2261 labentis
1021 2202 1143 2255 anni
1180 2206 1355 2260 sexies
1385 2207 1655 2261 millesimi
1684 2213 2061 2266 sexcentesimi
2106 2224 2322 2280 octoge~

757 2288 879 2353 simi
915 2292 1052 2362 sexti
1089 2292 1379 2350 Paschales
1409 2297 1519 2354 dies
1554 2314 1754 2366 quaere,
1783 2311 1837 2355 et
1869 2303 1954 2359 dic
1984 2304 2096 2369 ita;
2128 2304 2321 2375 Cyclua

758 2378 901 2434 lunae
930 2389 1106 2437 esteo
1155 2398 1296 2439 anno
1326 2388 1712 2455 septemdecim
1775 2392 1865 2460 qui
1922 2407 2016 2461 per
2070 2375 2317 2449 undecim

761 2473 1149 2542 multiplicatus
1180 2474 1344 2532 efﬁcit
1395 2478 1508 2533 dies
1542 2490 1754 2535 centum
1794 2485 2060 2552 octoginta
2093 2498 2319 2554 septem.

762 2564 1025 2619 Undecies
1049 2567 1194 2620 enim
1222 2570 1602 2636 septemdecim
1637 2582 1762 2627 sunt
1793 2586 2011 2629 centum
2048 2579 2319 2647 octnginta

758 2664 984 2738 septem.
1017 2654 1110 2710 His
1140 2672 1235 2726 pro
1262 2661 1493 2728 saeculis,
1528 2671 1585 2717 ut
1606 2664 1806 2718 dictum
1833 2676 1936 2728 est,
1962 2666 2151 2722 diebus
2186 2683 2322 2737 quo-

758 2762 864 2816 que
924 2758 1133 2818 septem
1185 2749 1416 2807 addictis
1449 2794 1465 2819 ,
1518 2754 1745 2809 eﬂicitur
1806 2774 2059 2814 numerus
2116 2762 2319 2815 dierum

759 2851 978 2891 centum
1049 2841 1341 2912 nonaginta
1401 2857 1652 2911 quatuor.
1691 2848 1807 2913 Quo
1846 2851 2059 2919 quidem
2095 2867 2321 2909 numero

665 2976 667 2979 ,
757 2941 854 2996 per
888 2928 1109 2998 triginta
1134 2932 1327 2999 diviso,
1351 2934 1726 3005 relinquuntur
1747 2938 1863 2993 dies
1890 2943 2317 3009 quatuordecim:

758 3017 935 3072 sexies
964 3020 1103 3071 enim
1134 3022 1351 3091 triginta
1373 3034 1501 3079 sunt
1532 3037 1749 3080 centum
1779 3030 2069 3096 octoginta.
2094 3030 2167 3085 Ut
2192 3044 2320 3099 ergo

760 3106 854 3162 ﬁat
890 3124 1144 3163 numerus
1170 3111 1381 3166 dierum
1428 3116 1849 3185 quinquaginta,
1881 3134 1986 3186 quo
2018 3120 2322 3175 inveniatur

758 3201 876 3255 dies
911 3201 1131 3256 Pascha:
1159 3204 1366 3272 legalis,
1400 3206 1538 3260 adde
1580 3209 1739 3265 dictis
1766 3213 2171 3278 quatuordecim
2205 3213 2319 3267 die.

757 3293 858 3346 bus
886 3308 1051 3347 unum
1078 3303 1133 3350 et
1155 3296 1371 3367 triginta
1396 3299 1512 3353 dies
1533 3299 1707 3353 Martii
1732 3311 1784 3356 et
1808 3302 2006 3370 Aprilis
2033 3304 2146 3358 dies
2171 3306 2324 3373 quin-

761 3402 901 3454 que;
937 3395 990 3441 et
1041 3388 1120 3441 sic
1167 3403 1287 3443 cum
1342 3392 1731 3463 quinquaginta
1775 3395 1983 3448 dierum
2038 3410 2321 3451 numerum

762 3479 1031 3544 cil‘eceris,
1062 3481 1150 3534 dic
1180 3482 1375 3537 debere
1404 3484 1522 3536 ﬁeri
1570 3484 1776 3538 Pascha
1810 3487 1979 3554 legale
2017 3486 2208 3554 quinto
2237 3488 2323 3540 die

765 3568 969 3621 mensis
996 3570 1216 3637 Aprilis.
1248 3568 1383 3635 Quia
1412 3581 1590 3625 autem
1622 3576 1822 3628 mensis
1862 3576 2076 3642 quidem
2099 3574 2213 3628 dles
2246 3575 2324 3628 sic

760 3661 1271 3729 comprehenditur;
1331 3664 1646 3731 septimanae
1692 3678 1874 3719 autem
1922 3666 2035 3719 dies
2086 3666 2325 3721 incertus

759 3763 842 3808 est
875 3773 888 3805 :
933 3770 1069 3823 opus
1097 3757 1178 3810 est
1207 3762 1260 3810 te
1306 3770 1517 3825 quoque
1573 3773 1695 3811 eam
1737 3760 1937 3813 doceri.
1970 3758 2034 3812 Et
2070 3760 2322 3828 quoniam

763 3845 863 3899 hoc
893 3860 1034 3899 anno
1066 3846 1246 3913 cyclus
1279 3848 1408 3902 solis
1437 3856 1520 3901 est
1562 3849 1854 3903 vicesimus
1901 3850 2191 3915 secundus,
2227 3866 2325 3920 cy-

759 3936 954 3989 clicum
990 3935 1133 3991 hunc
1180 3952 1463 3991 numerum
1522 3953 1694 4003 sume,
1745 3950 1797 3994 et
1842 3956 1944 4010 pro
2001 3955 2324 4010 unoquoque

756 4026 1095 4096 quadriennio
1143 4038 1361 4095 propter
1387 4030 1684 4085 bissextum
1716 4032 1857 4085 diem
1891 4048 2053 4086 unum
2086 4033 2134 4087 ei
2166 4034 2322 4094 adde.

757 4118 961 4174 scilicet
992 4132 1088 4185 pro
1116 4120 1298 4190 viginti
1333 4122 1541 4177 duobus
1569 4122 1733 4191 (-yclis
1778 4124 1891 4177 dies
1934 4124 2193 4193 quinque,
2227 4125 2319 4193 qui

757 4215 920 4266 ctiam
949 4225 1151 4283 epactze
1189 4214 1461 4268 dicuntur.
1522 4216 1599 4269 lta
1640 4218 1723 4271 his
1753 4217 1910 4282 adde,
1940 4218 1983 4271 si
2020 4218 2237 4287 quidem
2269 4220 2324 4272 iu

760 4321 943 4359 mense
980 4305 1172 4359 Martio
1206 4306 1373 4375 legale
1400 4305 1603 4361 Pascha
1633 4307 1924 4374 invenitur,
1951 4309 2322 4378 rationeer-

758 4397 1035 4450 teritorum
1061 4398 1346 4463 mensium,
1376 4398 1472 4467 qui
1506 4410 1859 4453 numerantur
1889 4415 1917 4453 a
1954 4415 2135 4455 mense
2158 4398 2323 4456 Octo-

2429 1766 2861 1838 πρόσθεςῖμέχρι
2892 1770 2990 1838 μὶν
3039 1768 3133 1822 τοῦ
3170 1776 3223 1833 ς’
3259 1770 3461 1823 κύκλου
3512 1772 3673 1839 χάριν
3709 1772 3818 1825 τῶν
3849 1790 3990 1843 παρ-

2423 1860 2685 1913 ελθόντων
2739 1861 2951 1914 αῑὼνων
3012 1860 3227 1931 ήμέρας
3280 1860 3339 1924 ἓξ
3385 1864 3483 1925 τὰς
3544 1863 3840 1931 λεγομένας
3886 1864 3989 1915 ἑπ-

2423 1949 2613 2012 ακτάς.
2648 1950 2798 2002 Μετὰ
2827 1949 2884 2002 δὶ
2907 1952 2998 2003 τὸν
3019 1951 3097 2014 ις’
3126 1951 3325 2004 κύκλον
3350 1952 3509 2021 μέχρι
3538 1952 3723 2021 τοῦειθ⁹
3750 1953 3991 2021 πρόσθες

2424 2042 2561 2110 ὑπὲρ
2590 2043 2778 2112 ὁμοίου
2808 2044 3025 2114 ἡμέρας
3047 2045 3189 2097 ἑπτά
3210 2060 3227 2076 ο
3255 2046 3349 2097 καὶ
3376 2045 3515 2113 μετὰ
3545 2045 3605 2097 τὸ
3628 2045 3855 2115 ποιῆσαι
3888 2046 3991 2115 τὴν

2420 2135 2530 2187 τῶν
2556 2137 2818 2190 τοιούτων
2873 2138 3011 2191 ὅλων
3072 2137 3295 2207 ήμερῶν
3346 2138 3559 2203 ἕνωσιν,
3601 2138 3763 2205 ὕφελε
3813 2139 3989 2200 αὐτὰς

2388 2228 2512 2284 ,ἐπὶ
2556 2228 2665 2280 τῶν
2718 2227 2782 2292 λ’,
2838 2228 2935 2280 καὶ
2991 2228 3119 2281 ὅταν
3177 2230 3524 2299 καταντήσῃς
3580 2230 3657 2290 είς
3710 2228 3990 2295 ποσότητα

2421 2320 2621 2388 ήττονα
2648 2319 2757 2372 τῶν
2782 2319 2825 2371 λ’
2852 2319 3097 2388 ήμερῶν,
3131 2320 3224 2372 καὶ
3254 2320 3525 2388 κράτησον
3551 2320 3631 2382 είς
3661 2320 3757 2380 τὰς
3784 2320 3976 2387 χεῖράς

2424 2396 2516 2464 σου
2543 2410 2746 2480 ταύτην
2795 2412 2885 2464 καὶ
2914 2411 3112 2464 ῑνωσον
3161 2412 3247 2463 ἔπ’
3272 2412 3410 2481 αὐτῇ
3458 2412 3565 2463 ἀπὸ
3602 2412 3694 2463 τοῦ
3722 2411 3977 2477 Μαρτίου

2424 2503 2587 2571 μηνὸς
2621 2502 2654 2570 ἢ
2694 2502 2913 2556 καὶτοῦ
2954 2501 3265 2571 ’Δπριλλίου
3315 2503 3526 2571 ήμέρας
3557 2503 3677 2555 ὅσαι
3718 2500 3989 2568 έξαρκοῦυ

2423 2608 2508 2645 σιν
2555 2593 2726 2655 είςτὸ
2772 2592 3202 2662 συμποσωθῆναι
3255 2606 3614 2664 πεντηκοντα.
3640 2591 3749 2644 Καὶ
3784 2590 3987 2643 αὐτίκα

2420 2686 2541 2739 είπὲ
2584 2685 2725 2738 κατὰ
2764 2685 2824 2738 τὸ
2848 2685 3000 2748 τέλος
3044 2684 3142 2753 τῆς
3168 2681 3603 2751 πεντηκοντάδος
3633 2680 3871 2748 ὀφείλειν
3901 2682 3991 2749 γί-

2422 2775 2611 2829 νεσθαι
2664 2777 2725 2829 τδ
2779 2776 3001 2845 νομικὸν
3058 2775 3269 2844 Πάσχα.
3304 2774 3424 2828 Ἵνα
3461 2774 3517 2827 δὲ
3548 2774 3642 2827 καὶ
3684 2775 3774 2827 διὰ
3818 2790 3997 2843 παρα-

2420 2867 2714 2936 δείγματος
2744 2866 3079 2935 σαφέστερον
3110 2866 3339 2935 γένηται
3376 2865 3436 2918 τδ
3465 2864 3782 2934 λεγόμενον,
3816 2865 3988 2933 ζήτη·

2423 2975 2516 3013 σσν
2565 2958 2665 3022 τὰς
2728 2958 2822 3011 τοῦ
2878 2959 3161 3029 τρέχοντος
3215 2957 3394 3027 ςχπς¹
3449 2950 3603 3022 έτους
3677 2955 3992 3025 Πασχαλίου

2420 3048 2658 3118 ἡμέρας,
2694 3049 2785 3102 καὶ
2830 3049 2952 3102 sint
2994 3048 3169 3108 οὕτως
3194 3065 3209 3081 ο
3275 3045 3338 3101 '0
3368 3046 3568 3111 κύκλος
3620 3046 3724 3117 τῆς
3757 3046 3990 3115 σελήνης

2347 3157 2390 3217 c
2422 3141 2563 3191 κατὰ
2593 3137 2654 3189 τὸ
2678 3136 2919 3190 τοιοῦτον
2962 3136 3081 3201 έτος
3125 3136 3277 3190 έστὶν
3321 3135 3809 3200 ἑπτακαιδέκατος,
3837 3139 3992 3199 ὅστις

2430 3228 3058 3299 ένδεκαπλασιαζόμενος
3108 3230 3367 3284 ἀποτελεῖ
3419 3233 3635 3302 ήμὲρας
3680 3229 3827 3299 ρπζκ
3872 3229 3994 3283 Ἐν-

2426 3321 2648 3384 δεκάκις
2697 3322 2808 3391 γὰρ
2858 3320 3130 3374 δεκαεπτά
3186 3322 3329 3391 ρπζκ
3385 3322 3838 3393 Προστιθεμένων
3896 3320 3993 3375 οὖν

2424 3414 2634 3473 τούτοις
2665 3412 2825 3483 χάριν
2858 3412 2968 3465 τῶν
3003 3412 3237 3476 αίώνων,
3267 3412 3344 3475 ὡς
3376 3414 3614 3481 εἴρηται,
3635 3412 3732 3465 καὶ
3759 3413 3991 3482 ήμερῶν

2426 3502 2597 3564 ἑπτὰ,
2643 3501 2987 3554 ἀποτελεῖται
3027 3502 3263 3571 ποσότης
3299 3501 3527 3570 ήμερών
3581 3497 3717 3569 ρὶιδ.
3763 3493 3873 3561 *Πς
3930 3497 3994 3569 δὴ

2428 3594 2725 3661 ποσότητος
2756 3591 3098 3660 ὑφελομένης
3125 3593 3219 3643 ἰπὶ
3247 3591 3354 3643 τῶν
3388 3590 3454 3654 λ’,
3491 3590 3991 3659 περιλιμπάνονται

2429 3682 2632 3753 ήμέραι
2668 3681 2748 3735 ιδ’.
2817 3681 3033 3746 Ἐξάκις
3063 3682 3169 3750 γὰρ
3202 3681 3496 3750 τριάκοντα
3536 3686 3643 3747 ρπ’.
3665 3678 3783 3734 Ἵνα
3814 3678 3995 3731 τοίνυν

2428 3767 2715 3821 ποσωθῶσι
2751 3770 3093 3837 πεντήκοντα
3122 3768 3348 3838 ἡμέραι,
3379 3771 3541 3838 χάριν
3566 3767 3659 3821 τοῦ
3696 3767 3994 3837 εὑρεθῆναι

2425 3858 2524 3926 τὴν
2566 3857 2785 3928 ήμέραν
2816 3857 2913 3913 τοῦ
2949 3858 3182 3929 νομικοῦ
3242 3860 3455 3929 Πάσχα,
3484 3860 3687 3913 ενωσον
3727 3861 3847 3923 ταῖς
3898 3861 3997 3929 ρη-

2428 3948 2636 4012 θείσαις
2666 3948 2800 4003 δέκα
2870 3951 3007 4020 πρὸς
3062 3953 3185 4014 ταῖς
3237 3950 3532 4021 τέσσαρσιν
3603 3952 3839 4021 ήμέραις
3894 3951 3995 4013 τὰς

2426 4040 2720 4109 τριάκοντα
2748 4041 2886 4111 πρὸς
2915 4044 2982 4112 τῇ
3016 4045 3118 4113 μιᾷ
3162 4044 3376 4114 ⁴ήμέρας
3408 4044 3502 4097 τοῦ
3536 4042 3785 4112 Μαρτίου
3825 4043 3996 4112 μηνὸς

2427 4131 2522 4185 καὶ
2554 4132 2663 4184 ἀπὸ
2707 4131 2802 4185 τοῦ
2849 4132 3160 4201 Ἀπριλλίου
3212 4134 3428 4204 ήμέρας
3457 4133 3655 4187 πέντε·
3703 4135 3802 4187 καὶ
3848 4133 3997 4186 οὕτω

2429 4225 2795 4296 συμποσώσας
2830 4227 3044 4297 ήμέρας
3082 4226 3125 4281 ν’
3165 4227 3290 4295 λέγε
3345 4227 3584 4296 ὀφείλειν
3624 4225 3880 4294 γενέσθαι
3935 4226 3999 4278 τὸ

2428 4318 2649 4387 νομικὸν
2696 4318 2888 4387 Πάσχα
2939 4320 3080 4371 κατὰ
3101 4318 3204 4389 τὴν
3242 4319 3501 4390 πέμπτην
3544 4317 3638 4371 τοῦ
3677 4318 3998 4388 ’Δπριλλῐου

2433 4408 2621 4479 μηνός.
2658 4408 2780 4461 Ὀτι
2811 4408 2865 4461 δὲ
2894 4409 2927 4478 ἠ
2962 4408 3061 4477 μὶν
3086 4409 3179 4461 τοῦ
3213 4410 3382 4480 μηνὸς
3416 4409 3601 4479 ήμέρα
3632 4408 3773 4461 οὕτω
3817 4425 3999 4460 καταο

759 4488 837 4540 hri
872 4528 885 4549 ,
923 4488 1040 4541 dies
1073 4490 1357 4553 undecim;
1404 4490 1612 4545 scilicet
1656 4507 1752 4558 pro
1780 4490 2002 4546 Octobri
2044 4493 2158 4547 dies
2192 4504 2319 4558 tres,

2367 4482 2401 4537 ί)
2430 4500 2841 4570 λαμϐάνεται,ή
2872 4500 2930 4553 δὲ
2964 4502 3063 4570 τῆς
3092 4501 3385 4570 έὸδομάδος
3414 4501 3598 4572 ἡμέρα
3625 4500 3821 4570 ἄδηλός
3852 4500 3997 4564 έστι,

756 4597 820 4633 eo
848 4580 991 4648 quod
1028 4581 1221 4636 habeat
1254 4582 1341 4637 hic
1388 4583 1587 4637 meusis
1633 4584 1765 4637 dies‘
1794 4584 2011 4652 triginta
2043 4595 2097 4638 et
2127 4601 2323 4653 unum;

758 4689 854 4741 pro
884 4672 1209 4740 Novembri,
1253 4675 1387 4729 duos
1428 4674 1565 4739 dies,
1595 4674 1732 4742 quod
1766 4676 1813 4729 is
1845 4676 2038 4729 habeat
2069 4677 2185 4731 dies
2227 4679 2326 4731 tri-

758 4768 923 4835 ginta,
952 4779 1005 4821 et
1027 4784 1126 4836 pro
1165 4768 1444 4823 Decembri
1481 4779 1535 4822 et
1572 4767 1835 4823 Januario
1870 4771 1984 4825 dies
2017 4786 2108 4825 sex
2136 4810 2151 4835 ,
2185 4771 2326 4841 quod

763 4860 1132 4929 unusquisque
1166 4876 1351 4914 eorum
1405 4861 1598 4916 habeat
1625 4862 1741 4917 dies
1773 4862 1988 4932 triginta
2035 4872 2090 4918 et
2139 4880 2325 4920 unum.

763 4953 867 5007 l‘ro
892 4968 1075 5007 mense
1112 4961 1288 5006 autem
1361 4953 1620 5006 ebruario
1670 4955 1800 5007 nihil
1850 4956 2038 5021 addes.
2074 4970 2141 5012 eo
2186 4959 2326 5026 quod

761 5047 806 5098 ei
841 5045 977 5098 desit
1016 5059 1026 5093 :
1063 5044 1104 5097 si
1137 5052 1314 5097 autem
1358 5042 1629 5097 invenitur
1665 5043 1873 5098 Pascha
1920 5047 2088 5113 legale
2147 5064 2331 5104 mense

762 5135 950 5201 Aprili.
992 5143 1047 5185 ut
1082 5135 1137 5186 lit
1166 5136 1217 5187 in
1245 5135 1492 5204 praesenti
1528 5144 1768 5204 tempore
1798 5151 1814 5188 :
1843 5136 1980 5190 adde
2010 5138 2172 5192 etiam
2210 5149 2319 5193 tres

762 5229 896 5283 alios
933 5230 1045 5282 dies
1076 5242 1172 5295 pro
1204 5244 1384 5283 mense
1416 5228 1628 5295 Martio,
1659 5238 1715 5281 ut
1764 5230 1874 5284 sint
1913 5245 2009 5297 pro
2056 5232 2328 5287 mensibus

761 5322 877 5375 dies
907 5320 1334 5388 quatuordecim.
1379 5319 1643 5388 Legitimo
1686 5335 1815 5391 ergo
1849 5320 2069 5375 Paschaa
2104 5324 2189 5375 die
2244 5325 2327 5377 iu-

765 5421 944 5473 vento,
979 5421 1037 5464 ut
1066 5411 1327 5476 diximus,
1357 5412 1546 5479 quinto
1581 5414 1779 5467 mensis
1804 5414 1963 5483 611
1995 5414 2214 5482 Aprilis,
2250 5416 2332 5470 his

764 5505 900 5557 adde
934 5504 1005 5557 22
1032 5505 1144 5557 dies
1169 5504 1362 5559 solaris
1398 5504 1555 5573 cycli,
1600 5513 1653 5557 et
1693 5521 1757 5559 ex
1802 5508 2038 5563 bissexto
2072 5509 2332 5577 quinque,

763 5595 850 5659 qui
881 5594 1043 5647 etiam
1074 5604 1275 5659 epacta:
1319 5593 1597 5659 dicuntur,
1626 5605 1678 5648 et
1710 5596 1775 5648 Η
1806 5597 2068 5650 mensium
2096 5614 2110 5663 ;
2141 5608 2194 5651 et
2241 5613 2333 5653 eos

764 5702 950 5742 omnes
977 5688 1037 5742 41
1073 5686 1277 5740 dierum
1312 5701 1579 5741 summam
1608 5686 1799 5757 collige
1831 5703 1893 5741 ac
1924 5704 2113 5745 rursus
2143 5690 2195 5743 in
2239 5706 2329 5745 sex

765 5778 1092 5847 septimanas
1139 5777 1381 5844 rcsulvc,
1431 5780 1506 5833 sic
1558 5777 1785 5835 dicendo
1815 5821 1828 5845 ,
1877 5781 2077 5836 sextius
2128 5790 2330 5850 septem

2432 4593 2609 4661 χρεών
2657 4592 2773 4643 ἐστι
2843 4593 2940 4645 καὶ
2986 4592 3200 4661 ταύτην
3264 4592 3689 4662 άναδιδαχθῆναί
3743 4607 3826 4644 σε.
3888 4590 4003 4643 Καὶ

2429 4683 2555 4735 έπεί
2612 4682 2730 4733 ἐστι
2784 4682 2925 4735 κατὰ
2978 4682 3039 4733 τὸ
3085 4682 3330 4735 τοιοῦτον
3392 4681 3512 4744 ἔτος
3558 4683 3587 4734 ὁ
3638 4679 3837 4742 κύκλος
3903 4677 4000 4731 τοῦ

2433 4771 2583 4840 ήλίου
2633 4767 2735 4838 κβ⁹.
2769 4770 3041 4840 κράτησον
3072 4771 3151 4832 είς
3183 4770 3282 4831 τὰς
3313 4769 3503 4839 χεῖράς
3549 4785 3644 4821 σου
3682 4766 3781 4837 τὴν
3812 4765 4002 4819 τοιαύο

2429 4879 2533 4933 την
2584 4862 2849 4931 κυκλικὴν
2902 4861 3200 4929 ποσότητα,
3245 4859 3340 4913 καὶ
3394 4861 3597 4913 ἐνωσον
3642 4859 3821 4929 ταύτῃ
3860 4857 4003 4925 ὑπὲρ

2434 4955 2667 5023 ἑκάστης
2716 4954 3034 5023 τετραετίας
3082 4952 3243 5022 χάριν
3288 4951 3384 5006 τοῦ
3440 4950 3722 5021 βισέξστου
3778 4948 4004 5019 ἡμέραν

2436 5046 2586 5114 μίαν,
2617 5046 2783 5114 ήγουν
2813 5044 2953 5113 ὑπὲρ
2981 5043 3089 5096 τῶν
3122 5041 3204 5112 κβ⁸
3236 5041 3453 5095 κύκλων
3483 5039 3697 5110 ἡμέρας
3725 5045 3788 5101 ε’,
3823 5038 3879 5091 αἱ
3908 5038 4003 5091 καὶ

2433 5136 2667 5189 έπακταὶ
2690 5134 2959 5201 λέγονται.
2994 5134 3273 5194 Ὡσαύτως
3305 5132 3510 5185 Ξνωσον
3540 5131 3786 5192 ταύταις,
3814 5129 3864 5180 εί
3904 5127 4005 5195 μὶν

2432 5229 2494 5280 τὸ
2524 5226 2743 5295 νομικὸν
2803 5225 2991 5293 Πάσχα
3021 5224 3341 5293 εὑρίσκεται
3404 5222 3484 5283 είς
3530 5221 3778 5289 Μάρτιον
3832 5216 4002 5287 μῆνα,

2434 5320 2578 5388 λόγῳ
2609 5318 2717 5370 τῶν
2743 5316 3239 5387 προπαρελκόντων
3268 5312 3453 5384 μηνῶν
3476 5311 3585 5366 τῶν
3612 5308 4005 5379 ψηφιζομένων

2434 5411 2541 5463 ἀπὸ
2576 5408 2665 5459 τοῦ
2702 5407 3035 5477 Ὀκτωὸρίου
3070 5406 3260 5475 μηνὸς,
3294 5404 3509 5473 ήμὲρας
3545 5408 3640 5461 ια’.
3665 5402 3834 5470 {now
3862 5398 4003 5467 ὑπὲρ

2434 5501 2529 5555 τοῦ
2565 5502 2898 5571 Ὀκτωϐρίου
2944 5500 3158 5570 ἡμέρας
3190 5496 3258 5567 γ’,
3285 5497 3375 5550 διὰ
3422 5500 3484 5548 τὸ
3512 5495 3659 5563 ἔχειν
3704 5494 3795 5546 τὸν
3844 5491 4004 5544 αὐτὸν

2440 5594 2583 5662 μῆνα
2608 5591 2651 5643 λ’
2682 5594 2817 5662 πρὸς
2846 5594 2913 5661 τῇ
2971 5592 3103 5662 μιᾷ·
3136 5589 3277 5659 ὑπὲρ
3320 5589 3415 5642 τοῦ
3466 5587 3774 5657 Νοεμϐρίου
3836 5586 4007 5655 μηνὸς

2437 5685 2647 5753 ἡμέρας
2675 5684 2739 5753 β’,
2776 5686 2864 5737 διὰ
2891 5684 2951 5736 τὸ
2976 5684 3121 5752 ἔχειν
3180 5682 3370 5736 τοῦτον
3423 5682 3639 5751 ἡμέρας
3686 5679 4003 5751 τριάκοντα’

2441 5778 2533 5829 καὶ
2586 5778 2727 5846 ὑπὲρ
2778 5778 2871 5830 τοῦ
2927 5776 3265 5849 Δεκεμϐρίου
3323 5774 3417 5829 καὶ
3476 5771 3569 5826 τοῦ
3642 5772 4004 5839 Ἰαννουαρίου
