4212 6440
258 414 360 479 231
1214 410 1298 478 ΙΝ
1335 415 1501 478 CAN.
1538 414 1816 478 LXXVII
1861 414 2069 479 CONC.
2110 416 2486 478 CARTBAG.
3387 400 3494 466 232

262 532 477 598 ἡμέρας
522 528 604 594 ιε,
647 528 739 582 διά
786 528 849 583 es
905 526 1053 599 ἔχειν
1105 525 1327 591 τούτους
1379 526 1483 580 άνά
1533 524 1829 595 τριάκοντα

1931 526 2282 597 quadraginta
2308 527 2432 588 duo,
2468 524 2705 578 invenies
2734 523 2967 591 reliquos
2999 521 3114 575 dies
3158 520 3189 573 ι
3227 518 3339 572 ηειιί
3370 518 3483 571 sci-

262 622 402 686 πρὸς
424 623 490 690 τῇ
523 622 620 690 μιᾷ
647 636 663 652 ·
693 622 833 688 ὑπὲρ
855 620 912 673 ει
956 619 1052 673 τοῦ
1095 619 1461 689 Φεϐρουάριον
1499 615 1667 687 μηνὸς
1715 631 1821 683 μη·

1927 615 2045 671 licet
2084 613 2286 669 Pascha
2318 614 2485 681 legale
2529 614 2720 684 quinto
2766 614 2853 667 die
2896 612 3097 665 mensis
3143 609 3363 677 Aprilis,
3394 607 3487 675 qui

260 710 351 763 δὶν
394 711 743 780 πμσθὴσας,
773 711 862 763 διὰ
910 710 973 762 τὸ
1019 709 1218 779 unus.
1267 709 1457 762 τοῦτον
1482 707 1647 761 εῖναι.
1674 707 1739 761 El
1766 707 1823 759 δὲ

1927 711 2010 761 est
2032 714 2258 773 quartus
2303 704 2417 757 dies
2451 704 2786 772 septimanae.
2826 700 2958 766 Quia
2987 714 3117 769 ergo
3149 696 3370 751 traditio
3410 706 3496 751 est

261 801 325 853 τὸ
354 799 578 867 νομικὸν
606 801 796 869 Πάσχα
840 799 1155 868 εὑρίσκεται
1203 801 1346 853 κατά
1389 799 1479 851 τδν
1512 797 1825 868 ’Λπρίλλιον

1927 795 2321 857 ecclesiastica,
2353 803 2473 862 post
2516 793 2723 847 Pascha
2757 790 2925 861 legale
2958 790 3071 843 lleri
3116 786 3491 842 Christianum

265 890 436 961 μῆνα,
463 891 651 961 ὥσπερ
698 892 908 959 γίνεται
962 892 1103 944 κατά
1154 891 1254 961 τὴν
1308 890 1595 958 παροῦσαν
1630 890 1827 957 ιγχροο

260 976 404 1040 νίαν,
438 976 674 1046 πρόσθες
710 977 805 1029 καὶ
856 979 1049 1046 ἑτέρας
1092 979 1307 1047 ἡμέρας
1352 980 1504 1044 τρεῖς
1535 977 1697 1047 χάριν
1723 974 1821 1029 τοῦ

262 1067 516 1135 Μαρτίου
569 1068 775 1139 μηνόςο
824 1069 901 1131 ὡς
950 1065 1092 1122 εῐναι
1146 1068 1245 1131 τὰς
1278 1068 1417 1137 ὑπὲρ
1467 1066 1579 1121 τῶν
1634 1066 1822 1135 μηνῶν

260 1158 477 1227 ἡμέρας
508 1158 640 1211 δέκα
671 1159 803 1226 πρὸς
831 1161 954 1219 ταῖς
973 1159 1261 1227 τέσσαρσι.
1286 1157 1395 1211 Τοῦ
1426 1156 1561 1225 γοῦν
1592 1155 1820 1228 νομικοῦ

264 1246 484 1313 Πάσχα,
516 1246 592 1309 ὡς
626 1246 871 1315 εῐπομεν,
922 1246 1316 1315 εὑρισκομένου
1366 1245 1447 1309 είς
1493 1245 1592 1307 τὰς
1643 1251 1683 1297 ε’
1732 1242 1827 1298 τοῦ

273 1333 589 1403 Ἀπριλλίου
637 1335 825 1405 μηνὸς.
858 1336 1066 1389 ῑνωσον
1096 1335 1324 1401 ταύταις
1353 1334 1451 1398 τάς
1502 1334 1585 1406 κβ⁹
1615 1336 1829 1405 ἡμέρας

262 1425 358 1477 τοῦ
390 1426 619 1494 ἡλιακοῦ
655 1426 881 1491 κύκλου,
905 1427 1003 1489 τὰς
1034 1427 1144 1480 άπὸ
1184 1426 1278 1479 τοῦ
1326 1426 1613 1495 βισέξστου
1643 1428 1827 1492 πέντε,

260 1514 363 1576 τὰς
395 1515 490 1568 καὶ
522 1516 765 1579 ιπακτάς
789 1516 1111 1586 λεγομένας,
1132 1518 1225 1571 καὶ
1254 1518 1352 1581 τὰς
1382 1516 1442 1571 ιδ’
1470 1517 1581 1571 τῶν
1614 1517 1831 1588 μηνῶν,

262 1608 360 1660 καὶ
413 1606 779 1675 συμποσώσας
841 1608 970 1671 δλας
1022 1609 1102 1670 είς
1147 1610 1362 1678 ἡμέρας
1398 1608 1517 1678 μς’,
1546 1610 1641 1663 καὶ
1676 1605 1833 1670 αὖθις

261 1695 542 1757 ἀναλύσας
597 1698 768 1758 αὑτάς
820 1700 901 1760 είς
952 1698 1254 1769 ἑϐδομάδας
1280 1700 1476 1765 tam
1528 1700 1624 1754 τοῦ
1655 1702 1833 1753 είπείν

259 1787 472 1851 οὕτως,
532 1790 719 1853 ἑξάκις
774 1792 911 1843 ἑπτὰ
962 1793 1371 1860 τεσσαράκοντα
1419 1793 1536 1857 δύο,
1577 1793 1833 1862 εὑρήσεις

259 1880 811 1949 περιλιμπανομένας
849 1882 1062 1952 ἡμέρας
1093 1882 1389 1953 τέσσαρας,
1422 1884 1543 1955 ἡτοι
1577 1883 1829 1950 γίνεσθαι

262 1971 323 2023 τὸ
350 1969 574 2039 νομικὸν
609 1972 798 2040 Πάσχα
828 1973 968 2024 κατὰ
994 1973 1092 2041 τὴν
1112 1971 1153 2025 ε’
1183 1972 1279 2026 τοῦ
1328 1972 1639 2044 Ἀπριλλίου
1668 1975 1839 2043 μηνὸς

262 2062 363 2132 τὴν
385 2061 553 2113 οὖσαν
576 2061 788 2130 ἡμέραν
811 2062 851 2113 δ’
874 2062 971 2130 τῆς
994 2062 1303 2131 ἑϐδομάδος.
1338 2063 1463 2115 Ὀτι
1482 2062 1575 2115 οῦν
1602 2064 1845 2132 Παράδο-

263 2150 347 2213 σίς
405 2152 553 2204 ἔστιν
603 2151 1029 2222 ἐκκλησιαστικὴ
1085 2154 1223 2214 μετὰ
1274 2151 1336 2203 es
1383 2152 1607 2220 νομικὸν
1655 2153 1842 2221 Πάσχα

261 2242 511 2311 τίνεσθαι
544 2246 604 2296 τὸ
640 2245 1022 2312 Χριστιανικδν
1074 2246 1215 2297 κατὰ
1248 2245 1377 2314 μίαν
1405 2246 1500 2299 καὶ
1551 2246 1649 2313 τὴν
1678 2247 1847 2316 αὐτὴν

266 2326 541 2401 ἑϐδομάδα
562 2336 641 2398 είς
670 2335 891 2404 πρώτην
910 2337 1144 2405 ἡμέραν,
1174 2336 1293 2388 sint
1324 2336 1561 2404 ὀφείλειν
1586 2336 1835 2405 γίνεσθαι

1926 887 1981 942 in
2009 902 2113 942 una
2140 895 2193 940 et
2218 887 2411 939 eadem
2442 885 2748 953 septimana
2779 885 2832 935 in
2857 883 3031 951 primo
3057 880 3163 943 die;
3184 880 3269 933 dic
3304 878 3496 932 debere

1928 979 2231 1035 necessario
2263 978 2375 1032 ﬁeri
2401 976 2603 1031 Pascha
2626 971 3187 1039 ChristianumJnouo
3212 969 3299 1022 die
3325 967 3494 1033 April.

1928 1068 2024 1125 His
2052 1084 2181 1137 ergo
2210 1070 2284 1123 ita
2320 1083 2378 1122 se
2411 1068 2751 1127 habentibus.
2777 1064 2821 1119 si
2856 1080 2883 1117 a
2908 1064 2994 1117 die
3021 1060 3268 1115 Paschali
3297 1061 3409 1113 dies
3431 1056 3499 1112 56

1929 1159 2272 1221 subduxeris,
2312 1158 2553 1213 invenies
2581 1154 3031 1223 Carnisprivinm.
3061 1152 3117 1206 Si
3147 1160 3326 1205 autem
3362 1149 3501 1203 nolis

1928 1244 2257 1319 cognoscere
2286 1249 2715 1318 Carnisprivium
2746 1247 3102 1302 subductioue
3153 1243 3222 1298 56
3259 1242 3493 1305 dierum,

1929 1342 2020 1396 sed
2048 1356 2170 1395 cum
2196 1339 2387 1408 majori
2423 1340 2701 1400 facilitate.
2737 1342 2861 1408 quia
2902 1351 3041 1390 nunc
3078 1344 3163 1389 est
3199 1335 3498 1395 bissextus,

1931 1432 2067 1487 adde
2093 1431 2207 1485 dies
2230 1431 2289 1491 4.
2319 1439 2374 1485 et
2398 1432 2505 1495 dic,
2537 1430 2571 1485 9
2594 1440 2645 1484 et
2670 1430 2704 1484 ι
2768 1429 3024 1484 tredecim
3056 1446 3070 1481 :
3095 1436 3153 1481 ut
3182 1424 3254 1482 sit
3284 1424 3506 1478 Carnis-

1931 1523 2164 1594 privium
2203 1523 2484 1577 Februarii
2526 1523 2613 1577 1'5.
2673 1521 2785 1576 Hoc
2817 1530 2995 1575 autem
3033 1519 3091 1573 ﬁt
3138 1528 3355 1586 propter
3398 1516 3511 1570 bis-

1940 1623 2176 1668 sextum.
2208 1613 2265 1667 Si
2298 1614 2441 1667 enim
2476 1628 2585 1667 non
2616 1622 2698 1667 est
2727 1613 3022 1673 bissextus,
3050 1625 3156 1666 non
3187 1607 3509 1673 adjiciuntur

1934 1702 2051 1757 dies
2096 1711 2329 1770 quatuor
2360 1702 2453 1757 sed
2490 1711 2623 1757 tres.
2657 1700 2793 1767 Quia
2822 1709 3004 1755 autem
3037 1699 3090 1753 in
3117 1698 3344 1752 diversis
3378 1693 3509 1748 locis

1936 1793 2157 1847 bissexti
2186 1793 2554 1856 meminimus,
2582 1793 2746 1847 debes
2773 1795 2934 1854 scire,
2960 1798 3102 1859 quod
3136 1788 3509 1855 unusquisque

1864 1863 1907 1918 Β
1947 1898 2142 1937 annus.
2166 1884 2329 1937 habet
2372 1882 2478 1937 365
2516 1883 2629 1938 dies
2660 1884 2821 1937 horas
2855 1882 2908 1936 6.
2955 1880 3059 1947 Qui
3095 1895 3222 1949 ergo
3254 1891 3427 1930 annos
3457 1883 3512 1928 et

1950 1986 2165 2025 menses
2213 1972 2265 2025 in
2316 1972 2673 2041 quantitatem
2706 1973 3049 2041 redegerunt,
3094 1976 3401 2023 statuerunt
3452 1973 3513 2018 ut

1952 2063 2120 2116 mensi
2174 2060 2475 2117 Februario
2538 2062 2860 2130 adjiciantur
2916 2061 2948 2116 6
3008 2057 3510 2127 superabundautes

1951 2155 2099 2209 hora:
2136 2154 2273 2208 ultra
2313 2154 2438 2209 565.
2474 2154 2537 2208 Et
2583 2155 2702 2209 ideo
2738 2154 2933 2208 habeat
2961 2153 3161 2207 mensis
3184 2149 3516 2204 Februarius

1952 2254 2070 2313 post
2116 2247 2532 2314 unumquodque
2573 2246 2987 2313 quadriennium
3018 2281 3033 2307 ,
3090 2250 3427 2297 numeratum
3487 2253 3517 2291 a

1951 2335 2123 2403 primo
2166 2335 2318 2405 cyclo
2350 2336 2535 2398 solari,
2569 2336 2685 2390 dies
2722 2335 2812 2391 29.

264 2424 323 2490 ἐξ
364 2427 611 2497 όνάγκης
655 2428 717 2481 τδ
766 2428 1154 2498 Χριστιανικδν
1205 2430 1398 2499 Πάσχα
1432 2429 1575 2483 κατὰ
1605 2432 1704 2498 τὴν
1734 2428 1776 2482 θ’
1834 2426 1927 2480 τοῦ
1977 2428 2283 2497 ’Δπριλλίου
2333 2430 2520 2497 μηνός.
2550 2429 2768 2484 Τούτων
2819 2430 2875 2482 δὲ
2917 2428 3088 2489 οὕτως
3118 2427 3375 2496 ιχόντων,
3418 2424 3519 2479 ἰόν

263 2517 472 2589 ὑφέλῃς
517 2520 624 2573 άπὸ
676 2519 777 2586 τῆς
834 2520 1148 2591 Πασχαλίσς
1196 2522 1410 2601 ἡμέρας
1453 2527 1566 2586 vc’,
1603 2521 1857 2591 εὑρήσεις
1892 2521 1991 2590 τὴν
2024 2521 2329 2590 ἀποκρόαν.
2386 2522 2447 2573 Ei
2492 2521 2548 2574 δὲ
2600 2520 2676 2591 μὴ
2754 2520 2911 2573 τοῦτο
2955 2520 3152 2582 θέλεις,
3201 2519 3367 2587 ἡγουν
3445 2517 3512 2570 τδ

262 2614 469 2681 γνῶναι
497 2614 596 2684 τὴν
616 2616 896 2685 άποκρίαν
935 2616 1075 2685 μετὰ
1105 2616 1351 2685 ὑφελμοῦ
1400 2617 1740 2686 πεντὴκοντι
1814 2616 1871 2681 ἒξ
1913 2617 2157 2686 ἡμερῶν,
2196 2616 2329 2669 ἀλλὰ
2364 2617 2502 2684 μετά
2528 2615 2772 2678 πλείονος
2799 2615 3067 2679 εὐκολίας,
3138 2617 3260 2667 επεὶ
3304 2615 3509 2685 ἀρτίως

263 2709 384 2761 εστὶ
419 2708 718 2777 βίσεξστον,
748 2709 983 2777 πρόσθες
1024 2711 1237 2780 ἡμέρας
1282 2711 1346 2779 δ’,
1374 2714 1466 2764 καὶ
1514 2711 1662 2777 sint,
1694 2712 1740 2763 θ’
1769 2712 1864 2763 καὶ
1900 2708 1961 2775 δ’,
2008 2708 2077 2778 ιγ’
2103 2728 2113 2741 ·
2146 2710 2287 2764 ὥστε
2322 2705 2464 2765 εῖναι
2504 2713 2604 2780 τὴν
2640 2710 2923 2781 άποκρέαν
3001 2709 3373 2779 Φεϐρουαρίον
3412 2714 3507 2774 ιγ’.

266 2798 443 2851 Τοῦτο
470 2799 528 2852 δδ
554 2800 763 2866 γίνεται
792 2799 880 2853 διὰ
902 2801 963 2853 τὸ
1002 2799 1305 2869 βίσεξστον.
1350 2802 1412 2853 El
1446 2801 1555 2871 γὰρ
1581 2801 1679 2854 οὑκ
1714 2801 1830 2854 εστι
1870 2801 2171 2871 βίσεξστον,
2208 2802 2269 2855 οὑ
2330 2802 2718 2871 προστίθενται
2747 2803 2957 2873 ἡμέραι
2998 2799 3066 2862 δ’,
3131 2798 3271 2854 ἀλλὰ
3335 2801 3510 2868 τρεῐς.

279 2891 441 2946 Ἐπεὶ
488 2893 545 2947 δι
629 2893 985 2963 ἐμνήσθημεν
1076 2892 1357 2964 βισέξστου
1406 2894 1465 2945 εν
1532 2893 1813 2962 διαφόρος
1882 2894 2099 2958 τόποις,
2146 2894 2383 2961 ὀφείλεις
2436 2893 2633 2947 ειδέναι
2696 2894 2777 2946 δτι
2837 2892 3069 2955 ικαστος
3138 2895 3327 2962 χρόνος
3388 2892 3502 2961 εχει

263 2986 484 3057 ἡμέρας
536 2986 643 3051 τξε’
677 2988 827 3056 ὥρας
872 2986 950 3051 ς’.
1008 2989 1074 3041 Ol
1120 2988 1251 3057 γοῦν
1293 2989 1363 3041 τά
1403 2987 1515 3041 τῶν
1569 2987 1838 3042 ινιαυτῶν
1872 2988 1970 3042 καὶ
2001 2988 2112 3042 τῶν
2165 2989 2353 3058 μηνῶν
2377 2986 2845 3057 συμποσὼσαντες

266 3082 392 3135 σθαι
420 3079 501 3150 τῷ
527 3079 877 3150 Φεϐρουαρίῳ
942 3081 1077 3150 μηνὶ
1121 3080 1219 3143 τάς
1249 3078 1677 3151 περιττευούσας
1751 3081 2009 3135 ιπίκεινα
2061 3080 2173 3134 τῶν
2240 3082 2571 3150 τριακοσίων
2616 3080 2880 3147 ἑξήκοντα
2924 3081 3087 3132 πέντε

2932 2987 3143 3058 ὥρισαν
3218 2987 3514 3056 προστίθε-

3168 3080 3388 3149 ἠμιρῶν
3461 3079 3523 3145 εξ

264 3171 437 3244 ὧρας.
467 3173 558 3225 Διὸ
590 3173 682 3224 καὶ
710 3170 873 3242 Ιχειό
894 3172 1265 3245 Φεϐρουάριος
1292 3174 1399 3244 μὴν
1424 3174 1561 3244 μετὰ
1591 3173 1829 3243 ἑκάστην
1862 3175 2185 3244 τετραετίαν
2213 3172 2595 3244 ψηφιζομένην
2641 3172 2746 3225 ὑπὸ
2778 3171 2871 3226 τοῦ
2897 3178 2943 3225 α’
3008 3171 3236 3243 ἡλιακοῦ
3302 3171 3508 3226 κύκλου

264 3263 479 3334 illam:
521 3264 625 3317 ιϐ’.

332 3358 580 3413 ZONAP.
620 3357 729 3427 Τὴν
756 3357 965 3429 ἡμέραν
991 3357 1085 3411 τοῦ
1132 3358 1324 3429 Πάσχα
1382 3359 1671 3431 δηλοῦσθαι
1720 3359 1842 3421 ταῖς

2022 3356 2275 3413 ZONAR.
2315 3357 2535 3413 Pascha:
2561 3359 2727 3423 diem,
2756 3372 2852 3427 per
2879 3372 2995 3411 eam
3026 3372 3144 3427 quae
3174 3358 3402 3425 singulis
3425 3374 3531 3412 an-

266 3450 325 3502 ιν
354 3449 591 3517 ’Δφρικῇ
620 3445 822 3517 χώραις
846 3446 1057 3517 ὡρίσθη
1086 3446 1174 3499 διά
1203 3447 1302 3516 τῆς
1350 3447 1651 3517 μελλούσης
1706 3447 1858 3512 γίνε-

269 3539 395 3594 σθαι
419 3537 643 3608 ιτησίας
672 3540 888 3594 συνόδου
932 3556 947 3572 ⁸
993 3540 1093 3609 τὴν
1132 3540 1189 3594 δὲ
1243 3542 1457 3611 ἡμέραν
1495 3541 1594 3611 τῆς
1635 3541 1853 3593 συνόδου

265 3630 477 3702 ὥρισαν
510 3629 647 3684 εἷναι
683 3631 779 3701 τὴν
813 3632 919 3702 πρὸ
945 3632 1079 3688 δέκα
1110 3632 1391 3686 καλανδῶν
1446 3632 1857 3702 Σεπτεμϐρίων,

264 3724 343 3786 ὡς
401 3718 543 3776 εἶναι
592 3723 761 3793 αὐτὴν
802 3722 901 3793 τὴν
936 3721 1024 3776 κα¹
1071 3722 1166 3776 τοῦ
1211 3723 1549 3791 Αὐγούστου.
1581 3725 1856 3779 Καλάνδαι

263 3817 394 3885 γάρ,
423 3815 500 3877 ὡς
535 3814 646 3867 άνω
675 3831 777 3867 που
828 3815 1064 3885 εἴρηται,
1098 3814 1346 3881 λέγονται
1402 3818 1458 3870 αί
1497 3815 1711 3886 πρῶται
1763 3813 1857 3868 τοῦ

267 3902 438 3972 μηνδς
463 3903 690 3972 ἡμέραι.
722 3904 784 3955 Ei
813 3902 943 3970 γοῦν
964 3902 1062 3965 τὰς
1085 3905 1190 3973 πρὸ
1220 3904 1425 3956 τούτων
1473 3904 1606 3958 δέκα
1628 3904 1855 3984 ἀφέλῃς⁹

264 3993 757 4063 περιλιμπάνονται
810 3996 889 4057 εἰς
925 3994 1018 4047 τὸν
1054 3994 1382 4064 Αὔγουστον,
1424 3994 1617 4066 ἔχοντα
1674 3996 1717 4049 λ’
1762 3997 1857 4050 καὶ

271 4087 403 4152 μίαν
429 4088 664 4157 ἡμέραν,
695 4086 866 4139 εἴκοσι
889 4086 986 4140 καὶ
1017 4087 1141 4157 μία.

263 4260 488 4316 ΑΡΙΣΤ.
527 4279 548 4313 ι
597 4262 797 4333 Ἤρεσε
828 4265 894 4334 τῇ
953 4263 1137 4335 ἡμέρᾳ
1172 4263 1274 4335 τῆς
1332 4264 1552 4327 ἐτησίου
1607 4264 1852 4331 συνόδου,

344 4370 365 4403 ε
410 4352 580 4422 ἡγουν
613 4355 675 4423 τῇ
724 4355 833 4421 πρὸ
860 4355 991 4408 δέκα
1021 4355 1299 4409 καλανδῶν
1330 4354 1729 4427 Σεπτεμϐρίου,
1756 4358 1855 4426 τὴν

341 4459 363 4492 s
409 4442 626 4511 ἡμέραν
649 4442 743 4495 τοῦ
771 4445 927 4511 άγίου
963 4446 1151 4514 Πάσχα
1190 4446 1578 4516 κηρύττεσθαι.
1611 4466 1631 4499 ι

341 4528 629 4600 Διαφόρως
679 4532 774 4584 καὶ
828 4532 984 4587 τοῦτο
1035 4536 1068 4605 ἡ
1137 4535 1354 4599 σύνοδος
1403 4536 1596 4607 ὥρισε,
1653 4540 1714 4592 τὸ
1755 4540 1855 4612 τὴν

262 4618 486 4688 ἡμέραν
533 4619 626 4675 τοῦ
691 4621 880 4692 Πάσχα
936 4625 1301 4697 γνωρίζεσθαι
1354 4627 1413 4679 ιν
1485 4630 1551 4699 τῇ
1587 4633 1709 4683 κατ’
1739 4631 1855 4695 ἔτος

262 4709 529 4781 γινομένῃ
558 4711 763 4782 συνόδῳ
785 4715 843 4765 εν
864 4714 1120 4785 ’Δφρικῇ.

867 4810 1109 4864 ΚΔΝΩΝ
1146 4811 1264 4867 OZ'.

268 4913 291 4947 ε
337 4894 481 4967 Περὶ
526 4895 621 4950 τοῦ
683 4897 760 4967 μὴ
815 4898 1051 4983 ὀψείλειν
1098 4903 1395 4957 ιπίσκοπον
1441 4904 1858 4977 επιεενούμενον

342 5004 364 5037 ε
406 4985 734 5051 καθέζεσθαι
764 4990 822 5042 ιν
915 4991 1154 5062 καθέδρᾳ
1190 4993 1552 5057 επιξενοῦται,
1626 4997 1859 5065 Ὁμοίως

341 5094 363 5128 ε
408 5077 641 5148 ὡρίσθη,
671 5078 812 5134 ὥστε
841 5083 1027 5151 μηδενὶ⁵
1054 5082 1254 5147 ὲξείναι
1307 5086 1504 5158 μεσίτῃ
1566 5089 1666 5158 τὴν
1722 5092 1854 5143 καθ-

338 5187 360 5219 s
406 5169 573 5238 έδραν
598 5174 869 5243 κατέχειν,
897 5168 1039 5249 ᾗτινι
1072 5178 1297 5249 μεσίτης
1332 5180 1559 5245 δέδοται,
1598 5182 1684 5235 διὰ
1710 5186 1859 5237 οίασ-

336 5278 356 5311 ι
404 5260 607 5329 δήποτε
670 5265 776 5316 τῶν
847 5265 991 5320 λαῶν
1053 5271 1289 5339 σπουδῆς
1350 5272 1382 5342 ἡ
1460 5272 1803 5342 διχοστασίας
1833 5291 1846 5305 ·

343 5368 361 5399 ι
407 5350 547 5404 άλλά
630 5355 951 5420 σπουδάζειν
1000 5359 1150 5423 me;
1201 5362 1447 5416 ινιαυτοῦ
1502 5367 1615 5427 τοῖς
1668 5367 1854 5431 αὐτοῖς

338 5458 358 5491 ε
406 5443 760 5509 προνοεῖσθαι
790 5448 1107 5506 επίσκοττον.
1132 5453 1193 5504 Ei
1226 5452 1281 5505 δδ
1314 5454 1443 5525 περὶ
1460 5454 1616 5509 τοῦτο
1645 5458 1852 5528 άμελὴ-

338 5550 361 5584 s
406 5549 512 5597 σοι,
548 5537 687 5602 μετὰ
731 5540 829 5609 τὴν
863 5544 1165 5612 περαίωσιν
1215 5544 1310 5598 τοῦ
1362 5548 1607 5601 ἐνιαυτοῦ
1664 5550 1852 5623 ἔτερος

340 5640 359 5672 ι
407 5623 655 5696 ψηφισθῇ
693 5629 936 5697 μεσίτης.
978 5650 996 5683 ι

335 5714 531 5769 ΒΔΛΣ.
562 5717 636 5770 Τὸ
662 5720 911 5787 παλαιὸν,
941 5726 1285 5798 χηρευσάσης
1307 5729 1635 5799 ἐπισκοπῆς,
1663 5732 1851 5784 ἐστέλ-

260 5806 386 5860 λετό
418 5824 503 5872 τις
530 5810 688 5881 χάριν
710 5811 800 5866 τοῦ
834 5816 1134 5886 εἰρηνεύειν
1165 5821 1253 5875 τὸν
1298 5822 1444 5892 λαὸν,
1485 5825 1542 5878 ὃν
1596 5825 1685 5878 καὶ
1715 5824 1853 5879 ὠνό-

1890 4690 1935 4746 D

1962 3450 2043 3505 nis
2074 3451 2251 3505 futura
2289 3460 2373 3505 est
2406 3451 2701 3521 synodum,
2743 3450 2941 3504 Africa:
2993 3449 3304 3519 regionibus
3348 3450 3529 3504 decla-

1961 3543 2070 3596 rari
2110 3550 2365 3597 statutum
2394 3553 2476 3597 est
2518 3554 2533 3599 :
2607 3552 2817 3611 tempus
2845 3551 3023 3595 autem
3051 3540 3237 3607 synodi
3275 3541 3535 3595 habenda:

1962 3644 2090 3689 ante
2118 3635 2389 3689 decimum
2429 3634 2569 3689 diem
2603 3633 2725 3690 Kal.
2755 3634 3065 3703 Septembr.
3091 3633 3407 3696 deﬂnivere,
3440 3634 3531 3700 qni

1958 3735 2041 3780 est
2067 3726 2287 3794 Augusti
2327 3728 2526 3780 mensis
2558 3726 2768 3795 primus
2819 3733 2871 3777 et
2920 3723 3228 3777 vicesimus.
3270 3722 3533 3777 Kalendae

1958 3818 2123 3882 enim,
2162 3827 2219 3871 ut
2261 3829 2417 3872 antea
2461 3816 2664 3870 dictum
2695 3826 2799 3881 est,
2839 3816 2994 3883 primi
3029 3812 3291 3883 cujusque
3331 3814 3533 3868 mensis

1959 3910 2074 3963 dies
2100 3909 2455 3977 appellantur.
2490 3907 2545 3961 Si
2582 3922 2710 3973 ergo
2741 3907 2925 3959 decem
2962 3904 3076 3959 dies
3107 3913 3233 3957 ante
3270 3902 3538 3957 Kalendas

1965 3996 2299 4065 Septembris
2331 3997 2641 4060 abstuleris,
2672 3997 2914 4065 Augusto
2946 3993 3150 4057 mensi,
3187 3995 3279 4063 qui
3327 4008 3433 4047 uno
3483 4001 3539 4048 et

1962 4087 2181 4157 triginta
2222 4088 2411 4142 diebus
2447 4087 2767 4152 absolvitur,
2798 4102 2936 4141 unus
2965 4096 3017 4140 et
3054 4086 3240 4156 viginti
3281 4086 3536 4140 nimirum

1959 4180 2149 4247 reliqui
2184 4180 2333 4235 ﬁent.

1956 4268 2185 4325 ARIST.
2222 4289 2240 4323 ι
2292 4271 2474 4325 Visum
2513 4283 2618 4337 est,
2675 4282 2731 4327 ut
2776 4274 2967 4345 synodi
3014 4272 3399 4327 anniversaria
3429 4270 3538 4335 die,

2047 4380 2066 4413 ε
2109 4362 2224 4418 sive
2272 4362 2483 4417 decimo
2529 4363 2649 4418 Kal.
2688 4364 3111 4435 Septembrium,
3164 4363 3281 4417 dies
3338 4371 3542 4418 sancta

2035 4470 2056 4504 ι
2098 4452 2319 4507 Pascha:
2356 4453 2699 4519 praedicetur.
2739 4472 2758 4506 ι

2030 4544 2099 4599 Et
2133 4545 2259 4599 illud
2292 4548 2527 4617 synodus
2563 4548 2711 4600 varie
2766 4547 3027 4611 decrevit,
3068 4556 3125 4600 nt
3161 4544 3382 4600 Pascha:
3426 4546 3541 4600 dies

1964 4636 2018 4692 in
2057 4636 2264 4693 svuodo
2287 4637 2583 4693 ouotannis
2617 4638 2799 4693 habita
2834 4639 2886 4693 in
2914 4638 3093 4694 Africa
3121 4640 3539 4713 signiﬁcaretur.

2485 4814 2716 4869 CANON
2751 4812 3009 4869 LXXVII.

1972 4931 1991 4964 ι
2030 4909 2147 4965 Νοιι
2178 4909 2375 4965 debere
2419 4909 2735 4977 episcopum
2787 4908 3212 4961 interventorem
3248 4907 3437 4961 sedere
3487 4906 3539 4960 in

2045 5024 2064 5057 ε
2105 5002 2384 5070 cathedra,
2421 5004 2507 5058 cui
2563 5002 2900 5057 interventor
2929 5001 3088 5053 datus
3134 5012 3237 5056 est.
3277 4999 3542 5053 Similiter

2039 5116 2058 5149 ι
2099 5096 2321 5165 placuit,
2356 5105 2414 5149 ttt
2458 5094 2588 5148 nnlli
2622 5095 2779 5149 liceat
2813 5093 3158 5147 intercessori
3222 5101 3410 5146 tenere
3445 5106 3541 5144 ca-

2042 5208 2061 5241 t
2106 5188 2391 5252 thedratn,
2443 5186 2528 5241 cui
2582 5186 2914 5241 intercessor
2964 5186 3122 5239 datus
3172 5195 3278 5250 est,
3328 5194 3546 5253 propter

2039 5297 2059 5329 ε
2099 5278 2459 5344 quodcunque
2495 5274 2811 5343 pupnlornm
2843 5274 3084 5329 studium
3125 5274 3207 5328 vel
3242 5273 3541 5328 dissensio-

2037 5385 2056 5419 ι
2097 5383 2220 5423 nem
2250 5384 2266 5422 :
2302 5370 2394 5421 sed
2434 5365 2652 5421 Studere
2686 5367 2764 5421 eis
2799 5368 2937 5419 intra
2978 5382 3175 5419 annum
3223 5365 3539 5435 episcopum

2036 5476 2057 5511 ι
2093 5460 2395 5527 providere.
2434 5458 2489 5513 Si
2522 5468 2702 5513 autem
2756 5469 2955 5527 praeter
2991 5458 3107 5512 hac
3159 5457 3345 5510 fecerit
3372 5498 3387 5523 ,
3422 5465 3543 5527 post

2046 5570 2064 5603 ε
2104 5552 2228 5605 anni
2263 5551 2423 5606 linem
2457 5550 2593 5606 alius
2632 5550 2956 5603 intercessor
2985 5548 3231 5619 eligatur.
3275 5566 3291 5599 ι

2037 5732 2233 5789 BALS.
2273 5733 2409 5789 Cum
2458 5735 2584 5790 olim
2635 5745 2884 5789 vacasset
2917 5733 3285 5802 episcopatus,
3320 5748 3414 5800 pro
3443 5749 3539 5801 pa-

1968 5828 2230 5884 cilicando
2279 5828 2472 5899 papulo
2521 5827 2833 5883 mittebatur
2893 5827 3107 5893 aliquis,
3163 5842 3320 5897 quem
3376 5825 3541 5881 etiam
