4212 6440
719 396 822 458 ‘28.?

1910 399 2185 461 THEOD.
2226 396 2317 454 BA
2330 397 2629 459 LSAMON

3844 398 3958 461 ιει

724 506 1068 556 uteuliatorem
1101 504 1466 557 nominabant.
1500 503 1633 558 Dicit
1662 518 1789 574 ergo
1816 519 1984 558 canon
2016 520 2137 558 eum
2170 516 2274 556 non
2310 508 2349 560 Α
2384 538 2387 577 λ

2310 508 2349 560 Δ
2384 512 2554 578 μαζον
2588 511 2835 582 μεσίτην.
2892 512 3061 581 Φησῖν
3102 506 3195 565 οὖν
3224 512 3253 563 δ
3310 510 3488 564 κανὼν
3560 509 3635 579 μὴ
3696 510 3952 562 ίδιοῦσθατ

724 594 918 644 debere
946 594 1311 659 episcOpatum
1344 592 1445 645 sibi
1492 594 1769 647 vindicare
1798 610 1810 646 :
1848 596 1939 647 sed
1974 595 2075 647 nisi
2108 595 2283 660 potius

724 683 958 735 studium
999 683 1326 747 adhibuerit,
1373 692 1429 736 ιιι
1474 684 1565 738 liat
1594 687 1901 754 episcopus,
1934 703 2058 741 eum
2090 688 2287 743 debere

724 792 752 827 a
790 778 1100 829 mediatoris
1128 791 1348 831 munere
1374 778 1657 837 removeri.
1694 787 1747 832 et
1777 779 1941 832 alium
1979 779 2124 848 eligi.
2156 778 2287 845 Quae

724 876 902 920 autem
934 867 999 921 de
1025 882 1089 921 eo
1114 870 1407 922 tnediatore
1432 869 1685 923 dicuntur
1711 871 1964 938 quoniam
1990 871 2148 924 hodie
2181 888 2284 923 non

726 971 851 1011 sunt
910 960 963 1013 in
998 975 1131 1024 usu;
1176 962 1267 1013 sed
1305 962 1527 1015 omnino
1574 977 1795 1016 necesse
1843 972 2034 1024 estut,
2081 964 2122 1016 si
2172 963 2287 1017 fieri

724 1060 925 1116 potest,
967 1069 1083 1105 mox
1137 1054 1333 1119 eligant
1384 1054 1664 1107 ecclesize:
1704 1054 1821 1107 ideo
1857 1069 1953 1108 nec
2003 1070 2098 1107 nos
2135 1054 2287 1123 plura

726 1141 1062 1205 scripsimus.
1098 1141 1195 1194 Hic
1229 1150 1405 1195 autem
1458 1144 1720 1197 mediator
1754 1155 1872 1198 erat
1896 1146 2198 1214 episcopus,
2236 1154 2291 1197 ut

726 1240 947 1297 apparet
977 1247 1038 1283 ex
1071 1234 1225 1287 titulo
1257 1235 1501 1289 canonis.
1960 1254 1965 1257 '

795 1322 1043 1376 ZONAR.
1078 1326 1293 1393 Antiqui
1329 1328 1493 1381 muris
1525 1327 1642 1390 fuit,
1665 1328 1708 1381 si
1733 1331 1943 1395 quando
1961 1333 2144 1383 orbata
2175 1330 2291 1398 epi-

728 1429 891 1481 scopo
952 1419 1170 1470 ecclesia
1207 1428 1416 1472 vacaret
1447 1458 1463 1483 ,
1500 1420 1635 1472 mitti
1668 1422 1734 1472 ad
1770 1436 1887 1473 eam
1934 1437 2090 1490 quem
2128 1423 2294 1476 inter-

729 1518 999 1555 t'essorem
1051 1506 1418 1572 appellabant,
1447 1508 1527 1559 vel
1562 1520 1617 1561 ut
1666 1511 1986 1563 seditionem
2022 1511 2159 1565 forte
2190 1511 2290 1564 ali-

728 1611 889 1662 quam
919 1597 1081 1664 612
1116 1598 1292 1665 populi
1326 1601 1563 1661 sedaret,
1596 1602 1677 1653 vel
1703 1604 1836 1655 alias
1878 1605 2038 1656 etiam
2072 1604 2140 1656 ob
2166 1619 2294 1657 cau-

730 1702 839 1738 sas.
879 1686 1014 1753 Ergo
1048 1690 1146 1741 nisi
1172 1691 1331 1741 nnius
1356 1692 1481 1743 anni
1511 1692 1701 1744 saltem
1738 1708 1842 1746 non
1878 1696 2159 1749 intervallo
2189 1696 2294 1762 epi-

732 1792 951 1842 scopum
992 1777 1209 1843 populo,
1245 1781 1380 1843 apml
1414 1794 1573 1845 quem
1606 1784 1816 1849 agebat,
1849 1784 2082 1836 dandum
2124 1787 2291 1837 inter-

732 1881 916 1919 cessor
943 1878 1185 1922 curasset
1210 1886 1224 1930 ;
1260 1872 1373 1937 ipse
1400 1873 1612 1939 quidem
1647 1874 1712 1927 ab
1739 1876 2122 1931 intercessione
2148 1894 2297 1932 amo-

735 1957 990 2020 vebatur;
1028 1967 1137 2011 tum
1170 1960 1328 2021 alius,
1368 1962 1455 2025 qui
1485 1964 1620 2028 apud
1652 1965 1897 2030 populum
1932 1968 2300 2023 intercessoris

740 2064 933 2099 munus
960 2048 1076 2115 ejus
1114 2049 1230 2103 loco
1263 2051 1459 2114 obiret,
1498 2054 1945 2110 Stlltslilttcballll'.

734 2136 960 2190 AlllST.
1022 2158 1038 2189 ι
1082 2138 1266 2192 Visum
1307 2152 1391 2193 est
1418 2183 1432 2205 ,
1472 2152 1523 2192 ut
1558 2146 1811 2211 (‘piSCttpn
1852 2147 1917 2198 ad
1953 2146 2302 2201 intercessio~

814 2248 830 2276 ι
874 2245 992 2280 nem
1028 2230 1171 2291 dato,
1209 2231 1569 2299 qualicunque
1625 2236 1951 2303 populorum
1990 2238 2167 2290 Studio
2211 2248 2303 2291 aut

814 2341 831 2369 ι
870 2323 1233 2383 dissensione.
1269 2326 1577 2377 cathedram
1606 2368 1619 2390 ,
1659 2328 1811 2395 cujus
1844 2340 1923 2382 est
1958 2330 2301 2393 intercessor,

821 2433 837 2460 ι
877 2425 1061 2467 tenere
1100 2430 1201 2467 non
1239 2416 1396 2469 liceat
1428 2435 1441 2471 :
1472 2420 1564 2471 sed
1599 2420 1738 2471 intra
1768 2434 1965 2472 annum
1995 2422 2302 2490 episcopum

818 2525 833 2553 ι
878 2507 1192 2572 provideat,
1220 2509 1303 2563 vel
1329 2524 1475 2563 anno
1508 2521 1771 2577 vertente,
1800 2513 1939 2567 alius
1986 2515 2307 2568 intercessor

813 2616 829 2644 ι
869 2598 1115 2666 eligatur.
1156 2620 1174 2651 ι

816 2686 870 2740 Si
906 2691 1101 2758 populo
1134 2692 1273 2747 inter
1302 2710 1359 2749 se
1387 2696 1678 2752 dissidente
1703 2707 1756 2752 et
1793 2698 1990 2764 diviso,
2022 2708 2076 2753 et
2104 2700 2170 2753 ad
2200 2700 2313 2754 dis-

743 2781 1020 2838 sensiones
1053 2793 1107 2837 et
1141 2801 1347 2853 pugnas
1380 2803 1630 2853 accenso,
1672 2791 1920 2845 mittatur
1954 2792 2021 2846 ad
2073 2793 2312 2847 interce-

744 2877 972 2929 dendum
1006 2880 1268 2947 quispiam
1302 2882 1696 2949 episcoporum.
1740 2894 1797 2941 ut
1843 2900 1935 2941 eos
1980 2887 2308 2952 reconciliet,

743 2982 845 3020 non
876 2968 1030 3021 debet
1061 2971 1199 3025 illius
1234 2973 1467 3027 civitatis
1499 2976 1811 3030 cathedram
1839 3017 1855 3041 ,
1887 2979 1972 3031 cui
2014 2979 2174 3035 datus
2212 2980 2312 3035 fuit

742 3060 1085 3124 intercessor,
1134 3078 1417 3129 occupare.
1452 3066 1556 3118 Sed
1606 3071 1791 3121 conari
1826 3069 1965 3123 intra
1993 3084 2194 3122 annum
2228 3086 2311 3124 se-

2384 604 2571 656 τοῦτον
2602 604 2697 667 τὴν
2719 607 3023 673 ἐπισκοπὴν
3048 621 3064 636 ·
3094 604 3208 657 ἀλλ’
3232 606 3280 655 εί
3315 605 3388 671 μὴ
3417 602 3707 655 σπουδάσει
3758 600 3958 669 μᾶλλον

2384 694 2637 762 γενέσθαι
2661 696 2978 756 ἐπίσκοπον,
3034 694 3437 760 μετακινεϊσθαι
3489 692 3650 745 αὑτὸν
3698 690 3806 743 ἀπὸ
3857 688 3961 757 τῇς

2390 787 2686 853 μεσιτείας,
2732 787 2823 839 καὶ
2854 786 3041 852 ἕτερον
3064 784 3419 852 ψηφίζεσθαι.
3451 784 3533 835 Τὰ
3569 783 3624 835 δὶ
3687 783 3816 849 περὶ
3861 777 3960 865 τοῦ

2385 876 2627 928 τοιούτου
2656 878 2877 942 μεσίτου
2908 876 3028 927 ἐπεὶ
3050 877 3288 943 σήμερον
3319 876 3420 926 οὐκ
3459 872 3768 941 ἐνεργοῦσιν
3791 911 3805 936 ,
3840 871 3940 923 ἀλ).

2387 967 2597 1036 ἀνάγκη
2630 968 2780 1019 πᾶσά
2814 970 2958 1019 ἐστιν
2987 965 3334 1029 ἀπεντεῦθεν,
3390 965 3439 1015 εί
3495 962 3736 1022 δυνατὸν,
3790 961 3965 1029 ψηφί-

2390 1060 2575 1123 ζεσθαι
2633 1060 2731 1121 τὰς
2780 1059 3073 1125 ἐκκλησίας
3105 1074 3117 1088 ’
3175 1057 3294 1109 οὐδὲ
3343 1055 3474 1124 παρ’
3519 1054 3676 1123 ἡμῶν
3746 1054 3963 1123 ἐγράφη

2391 1152 2551 1204 πλέον
2574 1169 2648 1204 τι.
2689 1154 2745 1204 Ὀ
2774 1154 2829 1205 δὲ
2854 1150 3093 1211 τοιοῦτος
3131 1149 3355 1219 μεσίτης
3398 1149 3694 1206 ἐπίσκοπος
3740 1142 3828 1214 ἦν,
3888 1144 3965 1203 ὡς

2392 1246 2638 1310 φαίνεται
2666 1244 2772 1294 ἀπο
2790 1243 2890 1308 τῆς
2919 1240 3318 1301 επιτιτλώσεως
3342 1238 3436 1291 τοῦ
3465 1238 3710 1299 κανόνος.

2464 1337 2706 1389 ΖΩΝᾹΡ.
2742 1334 2902 1394 Ἐθος
2932 1329 3000 1403 ἦν
3030 1331 3222 1395 πάλαι,
3247 1332 3300 1383 εί
3336 1346 3464 1382 ποτε
3496 1327 3796 1381 ἐπισκόπου
3836 1328 3969 1395 ιχή·

2397 1445 2553 1493 ρευεν
2589 1427 2874 1494 ἐκκλησία,
2901 1424 3215 1477 στέλλεσθαί
3237 1440 3358 1476 τινα
3389 1424 3448 1474 ὲν
3473 1422 3631 1489 αὐτῇ,
3659 1420 3718 1472 δν
3747 1419 3941 1483 ὠνόμα

2394 1520 2485 1583 ζον
2518 1521 2763 1585 μεσίτην,
2797 1516 3137 1569 καθιστῶντα
3163 1514 3254 1566 τδν
3270 1513 3394 1565 λαὸν
3420 1511 3777 1574 στασιάζοντα
3809 1510 3965 1567 ἴσως.

2394 1610 2557 1679 ἦκαὶ
2606 1610 2672 1661 δι’
2736 1609 2899 1670 ἄλλας
2949 1606 3148 1666 αἰτίας.
3199 1606 3263 1657 Εἰ
3325 1598 3419 1656 οὖν
3463 1603 3611 1661 ἐντὸς
3665 1598 3915 1653 ἐνιαυτοῦ
3946 1599 3975 1650 ὁ

2394 1700 2628 1759 τοιοῦτος
2663 1698 2884 1767 μεσίτης
2910 1697 3010 1749 οὐκ
3032 1694 3362 1748 ἐσπούδασεν
3382 1694 3675 1745 ἐπίσκοπον
3718 1689 3974 1756 γενέσθαι

2397 1795 2508 1855 τοῖς
2538 1792 2726 1853 αὑτοῦ,
2759 1792 2927 1860 ἤγουν
2947 1790 3024 1858 τῷ
3046 1788 3181 1856 λαῷ,
3212 1782 3272 1840 οῦ
3344 1786 3570 1853 μεσίτης
3616 1779 3705 1851 ἦν.
3760 1798 3978 1849 μετεκι-

2400 1886 2542 1935 νεῖτο
2569 1882 2665 1947 τῆς
2719 1879 2995 1948 μεσιτείας
3039 1878 3263 1942 ἐκεῖνος,
3294 1876 3387 1926 καὶ
3439 1873 3623 1944 ἔτερος
3672 1870 3872 1925 ἐδίδοτο
3898 1869 3977 1938 τῷ

2400 1972 2511 2042 λαῷ
2537 1971 2730 2041 ἐκείνῳ
2755 1970 3000 2041 μεσίτης.

2402 2152 2622 2209 ΑΡΙΣΤ.
2667 2172 2685 2204 ι
2730 2151 2910 2215 Ἔδοξε
2940 2150 3015 2220 τῷ
3033 2148 3239 2202 δοθέντι
3270 2149 3349 2210 είς
3398 2145 3669 2215 μεσιτείαν
3697 2144 3979 2213 επισκόπῳ

2481 2269 2499 2301 ι
2545 2249 2609 2301 δι’
2640 2249 2757 2309 οἵας
2790 2248 2987 2315 δήποτε
3015 2244 3119 2296 τῶν
3170 2240 3316 2293 λαῶν
3361 2238 3593 2301 σπουδὰς
3646 2237 3678 2305 ἢ
3729 2236 3982 2303 διχοστα-

2486 2357 2503 2391 ι
2555 2340 2675 2401 σίας
2708 2337 2781 2406 μὴ
2800 2337 2998 2401 ἐξεῖναι
3024 2331 3121 2401 τὴν
3152 2330 3417 2399 καθέδραν
3446 2326 3717 2394 κατέχειν,
3761 2319 3831 2393 ἦς
3864 2322 3982 2373 ἐστι

2482 2450 2500 2482 ι
2552 2429 2775 2498 μεσίτης
2812 2442 2825 2454 ·
2915 2423 3027 2475 ἀλλ’
3095 2415 3244 2482 ἐντὸς
3306 2414 3557 2470 ἐνιαυτοῦ
3636 2409 3986 2484 προνοεῖσθαι

2484 2541 2502 2573 ι
2551 2520 2868 2580 ἐπίσκοπον,
2898 2514 3092 2585 ἢμετὰ
3126 2513 3215 2565 τὸν
3248 2509 3493 2563 ἐνιαυτὸν
3538 2507 3723 2575 ἕτερον
3757 2503 3988 2573 μεσίτην

2489 2632 2507 2665 ι
2550 2610 2905 2681 ψηφίζεσθαι.
2946 2626 2963 2657 ι

2483 2708 2544 2759 El
2579 2703 2816 2773 πλήθους
2852 2700 2983 2753 λαοῦ
3042 2697 3176 2766 πρὸς
3215 2695 3405 2748 ἑαυτὸν
3454 2688 3842 2749 στασιάσαντος
3894 2686 3990 2737 καὶ

2411 2797 2792 2866 διαιρεθέντος,
2830 2792 2922 2845 καὶ
2953 2792 3032 2859 είς
3060 2784 3403 2858 διχοστασίας
3441 2784 3534 2837 καὶ
3581 2780 3760 2849 μάχας
3812 2778 3989 2866 ὑπαν-

2413 2864 2694 2957 αφθέντος,
2728 2884 2893 2951 σταλῇ
2919 2899 3001 2943 τις
3028 2880 3135 2932 τῶν
3162 2875 3481 2929 ἐπισκόπων
3539 2871 3619 2954 είς
3686 2864 3995 2957 μεσιτείαν,

2412 2955 2504 3032 ιτὲι
2532 2978 2609 3048 τῷ
2645 2967 2975 3038 καταλλάξαι
3004 2970 3224 3030 αὐτοὺς,
3250 2967 3356 3020 οὐκ
3381 2962 3586 3031 ὀφείλει
3614 2958 3866 3027 κατέχειν
3895 2955 3995 3048 καλ

2411 3073 2509 3141 τὴν
2549 3045 2819 3135 καθέδραν
2847 3066 2946 3132 τῆς
2973 3062 3199 3122 πόλεως,
3229 3052 3297 3127 ἦς
3342 3054 3494 3122 ἐδόθη
3529 3049 3755 3120 μεσίτης
3790 3061 3806 3075 ·
3856 3045 3996 3141 αλλὰ

741 3153 994 3205 ditionem
1037 3167 1309 3217 coercere,
1356 3165 1409 3208 et
1460 3171 1553 3209 eos
1604 3172 1819 3225 pacare,
1872 3168 1925 3212 et
1988 3153 2387 3225 persuadereC

2340 3153 2387 3216 α
2418 3136 2740 3223 σπουδάζειν
2780 3155 2929 3215 ἐντὸς
2966 3148 3214 3205 ἐνιαυτοῦ
3247 3144 3592 3198 καταπαῦσαι
3620 3141 3718 3209 τὴν
3775 3136 3994 3198 στάσιν,

740 3242 1045 3309 episcopum
1095 3244 1359 3311 accipere.
1413 3243 1470 3297 Si
1512 3257 1688 3304 autem
1748 3249 1887 3300 intra
1929 3262 2131 3300 annum
2170 3249 2308 3301 nihil

743 3333 963 3385 omnino
995 3333 1206 3397 allicere
1245 3348 1445 3403 posset,
1497 3338 1565 3391 ad
1616 3338 1793 3405 populi
1830 3338 2119 3392 utilitatem
2147 3376 2163 3403 ,
2196 3348 2316 3407 post

743 3424 986 3493 elapsum
1018 3420 1215 3625 annuTt
1252 3430 1389 3484 alius
1419 3430 1744 3485 intercessor
1774 3432 2061 3503 deligatur.

1251 3604 1324 3625 ρ.
1345 3604 1478 3625 υΛιιτ
1517 3605 1534 3625 .
1560 3606 1777 3625 νυν...

1250 3604 1478 3658 (ἹΑΝΟΝ
1514 3605 1799 3664 LXXVIII.

752 3708 771 3739 ι
811 3690 880 3744 De
912 3692 1282 3749 defensoribus
1306 3696 1655 3751 ecclesiarum
1685 3701 1774 3767 qui
1796 3702 1863 3755 ab
1896 3702 2315 3770 imperatoribus

823 3800 842 3833 ι
880 3785 983 3850 peti
1030 3784 1245 3839 debent.
1280 3786 1541 3844 Omnibus
1572 3792 1745 3846 visum
1777 3806 1858 3847 est
1900 3807 2083 3863 petere
2113 3796 2181 3850 ab
2211 3797 2312 3850 itn-

821 3892 839 3925 ι
879 3877 1240 3943 peratoribus,
1303 3892 1522 3948 propter
1579 3898 1871 3952 pauperum
1926 3889 2311 3954 vexationem‘.

823 3985 839 4015 ι
885 3982 1113 4035 quorum
1172 3969 1432 4026 molestiis
1479 3975 1695 4027 assidue
1731 3976 1987 4046 fatigatur
2022 3978 2260 4034 Ecclesia
2298 3998 2313 4036 :

824 4076 841 4108 ι
885 4069 939 4110 ιιι
969 4060 1032 4112 iis
1068 4060 1378 4115 defensores
1412 4078 1534 4117 eum
1559 4068 1930 4135 episcoporum
1960 4071 2309 4137 "providentia

823 4168 840 4200 ι
882 4151 1151 4204 elioantur
1185 4154 1438 4207 adversus
1474 4156 1699 4212 divitum
1736 4160 2099 4229 tyrannidem.

820 4331 1008 4386 BALS.
1048 4332 1277 4389 Necesse
1310 4337 1510 4392 habent
1540 4341 1759 4395 omnino
1792 4343 2028 4411 episcopi
2063 4359 2179 4410 eos,
2215 4346 2315 4413 qui

2416 3252 2508 3305 καὶ
2532 3246 2845 3318 είρηνεῦσαι
2884 3242 3103 3302 αὐτοὺς,
3138 3237 3233 3290 καὶ
3284 3238 3467 3287 πεῖσαι
3527 3231 3714 3285 λαϐεῖν
3776 3227 3999 3291 Iniquo-

2414 3360 2536 3396 πον.
2569 3342 2630 3392 Et
2657 3339 2714 3391 δὲ
2747 3336 2900 3389 οὐδέν
2921 3351 2974 3385 τι
3004 3333 3195 3401 μέχρις
3247 3324 3497 3380 ινιαυτοῦ
3536 3322 3730 3376 ἁνύσαι
3772 3318 3999 3386 ίσχυσεν

2415 3436 2494 3495 είς
2512 3433 2784 3501 ὠφέλειαν
2820 3426 2915 3481 τοῦ
2967 3424 3120 3490 λαοῦ,
3168 3422 3356 3490 ἕτερος
3416 3415 3557 3488 μετὰ
3606 3414 3697 3468 τὸν
3751 3407 3999 3465 ὲνιαυτδν

2415 3524 2737 3596 ψηφιζὲσθω
2773 3520 3029 3589 μεσίτης.

3002 3608 3240 3665 ΚΑΝΩΝ
3267 3604 3414 3674 ιοιιν.

2426 3732 2446 3767 ι
2486 3714 2620 3783 Περὶ
2684 3710 2911 3767 ὲκδίκων
2965 3703 3074 3757 τῶν
3133 3696 3444 3765 ἐκκλησιῶν
3507 3693 3617 3745 τῶν
3670 3688 4001 3783 ὀφειλοντιυν

2498 3826 2516 3859 ι
2557 3780 2709 3874 παρὰ
2738 3800 2831 3853 τοῦ
2870 3797 3133 3867 βασιλέως
3159 3789 3470 3857 αίτηθῆναι.
3498 3784 3785 3851 Σύμπσσιν
3821 3780 4003 3844 εδοξεν

2498 3917 2516 3950 ι
2564 3896 2785 3962 αἰτῆσαι
2810 3892 2917 3944 ἀπὸ
2946 3888 3054 3940 τῶν
3088 3883 3356 3954 βασιλέων
3378 3879 3466 3932 διὰ
3493 3878 3591 3945 τὴν
3613 3877 3721 3930 τῶν
3752 3876 4002 3943 πενήτων

2494 4011 2514 4043 ι
2552 3991 2818 4047 κάκωσιν,
2853 3976 2929 4035 ὧν
2950 3981 3068 4040 ταῖς
3097 3973 3411 4043 ὲπαχθςίαιι,
3449 3968 3740 4029 ἀπαύστως
3776 3968 3809 4036 ὴ
3879 3966 3999 4017 Ἐκ·

2474 4088 2517 4135 ἰ
2557 4080 2753 4149 κλησία
2814 4070 3231 4144 παρενοχλεῖται
3263 4084 3277 4097 ·
3314 4064 3456 4117 ὥστε
3492 4063 3739 4124 ἐκδίκους
3788 4060 4000 4121 τούτοις

2499 4194 2516 4227 ι
2568 4171 2707 4243 μετὰ
2745 4168 2847 4236 τῆς
2872 4165 2982 4217 τῶν
3012 4159 3331 4214 ὶπισκόπων
3356 4155 3616 4225 προνοίας
3648 4150 4003 4218 ἐπιλέγεσθαι

2496 4286 2515 4318 ι
2561 4263 2706 4317 κατὰ
2728 4261 2824 4325 τῆς
2853 4256 2957 4309 τῶν
2983 4250 3255 4305 πλουσίων
3282 4245 3613 4315 τυραννίδος.
3662 4262 3679 4292 ι

2492 4355 2689 4413 BAN},
2727 4348 2963 4413 Ἀνάγκη
2999 4344 3146 4395 πᾶσα
3202 4339 3474 4392 ἐπίκειται
3530 4336 3641 4393 τοῖς
3684 4328 4004 4391 ἐπισκόποις

746 4421 936 4490 injuria
964 4424 1288 4489 afﬁciuntur,
1324 4426 1629 4485 defendere.
1657 4431 1788 4497 Quia
1811 4443 1989 4488 autem
2038 4437 2310 4505 nonnulli,
2345 4479 2387 4533 ο

2345 4479 2387 4533 ο
2433 4439 2927 4513 ἀντιλαμϐάνεσθαι
2949 4435 3058 4487 τῶν
3086 4430 3473 4497 ἀδικουμένων.
3514 4426 3668 4480 Ἐπεὶ
3727 4423 3807 4526 δι’
3836 4438 4004 4533 τινεςῖ

748 4526 803 4564 ιιι
854 4526 935 4568 est
988 4518 1298 4583 verisimile,
1332 4521 1591 4587 episcopi,
1623 4540 1743 4576 cum
1791 4525 1857 4578 de
1899 4531 2221 4596 pauperibus
2250 4543 2305 4587 et

750 4605 961 4659 afflictis
1000 4609 1243 4661 dicerent
1271 4649 1285 4668 ,
1325 4625 1430 4662 non
1477 4612 1904 4669 exaudiebantur
1948 4637 1961 4671 :
2012 4630 2319 4677 statuerunt

754 4698 938 4749 I‘atres
973 4706 1030 4750 ut
1081 4699 1436 4763 Imperatores
1471 4703 1907 4769 ailtnmferentttr,
1944 4722 1999 4761 ut
2046 4724 2168 4763 cum
2203 4715 2317 4780 epi-

748 4805 1036 4858 scoporum
1069 4792 1336 4845 electione
1368 4793 1434 4844 ab
1463 4797 1544 4847 eis
1576 4797 1833 4849 darentur
1864 4799 2178 4857 defensores
2216 4819 2313 4870 pro

752 4882 1082 4947 reprimenda
1113 4884 1334 4935 divitum
1370 4888 1673 4955 tyrannide:
1707 4900 1760 4939 ιιι
1790 4890 1865 4942 sic
1896 4905 2073 4946 cesset
2099 4896 2315 4947 assidua

756 4971 1116 5024 Ecclesiarum
1150 4975 1505 5039 perturbatio,
1537 4992 1643 5044 qua
1681 4978 1747 5030 ab
1779 4980 1855 5033 eis
1887 4980 2195 5036 afﬁciuntur
2226 4985 2318 5053 qui

750 5065 816 5115 ad
850 5079 941 5115 cas
972 5065 1254 5125 accedunt.
1280 5067 1421 5132 quod
1449 5084 1474 5116 ιι
1502 5069 1895 5135 potentioribus
1918 5072 2111 5140 injuria
2141 5074 2319 5130 aﬂecti

753 5156 879 5208 sint.
918 5156 993 5207 Ac
1036 5154 1086 5207 in
1120 5155 1203 5208 his
1242 5155 1460 5224 quidem
1494 5159 1744 5213 consistit
1780 5176 1979 5215 canon.
2017 5163 2097 5216 Tu
2141 5175 2321 5221 autem

749 5249 913 5311 scias,
946 5248 1088 5316 quod
1135 5246 1482 5301 defensorum
1532 5250 1702 5316 datio,
1744 5251 1833 5320 qui
1885 5252 2086 5306 ἔκδικοι
2139 5254 2324 5311 Graece

749 5340 1021 5403 dicuntur,
1050 5341 1163 5394 sive
1196 5356 1223 5393 a
1248 5343 1499 5410 praesenti
1522 5358 1729 5398 canone
1756 5346 1921 5412 coepit
1947 5347 2184 5411 initium,
2212 5350 2325 5403 sive

753 5432 921 5483 ctiam
948 5442 1105 5486 antea
1128 5437 1577 5503 cognoscebatur,
1609 5451 1702 5506 per
1728 5438 2145 5507 uniuscujusque
2178 5439 2325 5494 urbis

753 5523 1047 5577 incolarum
1100 5524 1418 5581 electionem
1455 5527 1639 5582 ﬁebat.
1690 5528 1788 5583 Est
1826 5539 2004 5584 autem
2040 5533 2202 5585 etiam
2234 5531 2326 5585 Ju-

754 5616 973 5669 stinimi
1006 5616 1225 5672 Novella
1261 5619 1345 5683 15,
1382 5636 1500 5688 quze
1540 5637 1728 5676 eorum
1759 5623 2078 5677 electionem
2106 5639 2165 5678 ac
2200 5640 2325 5692 pro-

754 5705 1044 5758 motionem
1102 5708 1415 5763 describat:
1475 5720 1527 5765 et
1577 5714 1765 5766 statuit
1810 5723 1865 5765 ιιι
1905 5715 1953 5767 ἰιι
2004 5730 2326 5783 unaquaque

752 5796 974 5850 civitate
1032 5801 1097 5852 ab
1144 5802 1412 5872 episcopis
1459 5812 1511 5856 ct
1568 5806 1778 5860 clericis
1816 5816 1865 5860 et
1914 5807 2116 5861 civibus
2168 5810 2325 5876 paulo

2423 4546 2499 4607 ὼς
2538 4512 2735 4597 ἔοικεν,
2766 4530 3079 4589 ἐπίσκοποι,
3104 4524 3357 4591 λέγοντες
3411 4520 3557 4588 ὑπὲρ
3618 4512 3849 4607 πτωχῶν
3908 4514 4008 4564 καὶ

2427 4605 2993 4694 καταπεπονημένων,
3045 4618 3145 4670 οὐκ
3183 4609 3568 4681 εἰσηκούοντο·
3627 4605 4008 4659 τετυπὼκασιν

2426 4729 2473 4778 oi
2499 4720 2741 4787 Πατέρες
2769 4708 3188 4780 ὑπομνησθῆναι
3246 4703 3373 4763 τοὺς
3421 4696 3683 4769 βασιλεῖς,
3722 4695 3864 4747 ὥστε
3923 4694 3998 4745 δεμ

2429 4817 2586 4883 θῆναι
2616 4808 2768 4877 παρὰ
2788 4805 2995 4858 τοῦτων
3021 4799 3159 4867 μετὰ
3200 4795 3301 4862 τῆς
3340 4792 3449 4843 τῶν
3500 4789 3817 4883 επισκὸπων
3877 4787 4007 4883 επὶ-

2428 4876 2589 4975 λοξῆς
2640 4876 2890 4958 ἐκδίκους
2937 4893 3100 4962 χάριν
3138 4887 3230 4939 τοῦ
3280 4880 3702 4975 ἀναστέλλεσθαι
3742 4878 3854 4975 τὰς-
3898 4876 4008 4927 τῶν

2429 4970 2702 5049 πλουσίων
2733 4984 3073 5057 τυραννίδας,
3097 4981 3189 5031 καὶ
3223 4976 3366 5029 οὕτω
3406 4973 3681 5040 παυθῆναι
3704 4970 3802 5039 τὴν
3838 4970 4007 5035 ἐπην-

2428 5083 2728 5152 ενεγμένην
2786 5077 3063 5130 ἄπαυστον
3116 5069 3338 5138 δχλησιν
3389 5066 3509 5124 ταῖς
3561 5059 3880 5152 ἐκκλησίαις
3911 5058 4008 5152 -ὲκ

2424 5147 3026 5241 τῶν-προσερχομένου
3074 5161 3264 5219 αὐταῖς
3322 5154 3409 5209 διὰ
3458 5153 3517 5206 τὸ
3560 5149 3859 5251 ἀδικεῖσθαι
3902 5147 4009 5251 ὑπὸ

2430 5266 2538 5317 τῶν
2568 5239 3173 5332 παραῦυναστευὸντων.
3212 5246 3369 5301 Καὶὸ
3398 5244 3498 5313 μὲν
3542 5239 3727 5294 κανὼν
3780 5241 3838 5289 ἐν
3886 5239 4008 5288 τού-

2518 5372 2545 5417 ς
2579 5370 2593 5386 ο
2628 5329 2691 5404 σὺ
2722 5352 2778 5403 δὲ
2810 5350 3071 5416 γίνωσκε,
3101 5343 3182 5395 ὅτι
3216 5342 3250 5410 ἠ
3298 5338 3443 5399 δόσις
3472 5334 3581 5387 τῶν
3604 5331 3851 5391 ἰκδίκων,
3898 5329 4007 5379 τῶν

2433 5443 2527 5496 καὶ
2553 5441 2892 5508 δεφενσόρων
2921 5431 3255 5501 λεγομένων,
3288 5426 3400 5481 εἴτε
3457 5424 3568 5478 ἀπὸ
3598 5421 3692 5475 τοῦ
3741 5421 4008 5487 παρόντος

2433 5535 2655 5594 κανόνος
2698 5530 2852 5584 ἔλαϐε
2877 5529 2975 5594 τὴν
3004 5524 3201 5594 ἀρχὴν,
3231 5520 3339 5574 εἴτε
3374 5518 3467 5572 καὶ
3515 5515 3618 5584 πρὸ
3642 5510 3830 5566 τούτου
3884 5512 4010 5561 ἐπει

2437 5627 2758 5694 γινώσκετε),
2794 5621 2859 5673 δι’
2889 5618 3147 5684 ἐπιλογῆς
3176 5614 3283 5665 τῶν
3316 5608 3586 5664 κατοίκων
3616 5604 3855 5669 ἑκάστης
3907 5600 4010 5694 πο-

2435 5691 2570 5779 λεως
2602 5717 2831 5783 ἐγίνετο.
2854 5714 3010 5766 Ἐστι
3040 5708 3211 5762 δὲοκαὶ
3237 5704 3423 5772 Νεαρᾶ
3457 5697 3894 5756 Ἰουστινιάι-ειος
3922 5691 4006 5758 ιε’,

2436 5807 2784 5865 (mammia:
2821 5807 2917 5876 τὴν
2964 5802 3171 5859 τούτων
3218 5795 3472 5864 ἐπιλογὴν
3528 5792 3623 5845 καὶ
3685 5788 4006 5859 πρόσλησιν,
