4212 6440
722 424 827 485 287

1978 406 2077 465 Tll
2090 400 2251 462 EOD.
2293 395 2383 452 BA
2393 392 2692 455 LSAMON

3852 372 3961 438 283

724 532 985 601 gravibus
1039 528 1271 597 injuriis.
1303 540 1424 592 qua
1475 524 1606 592 ipsis
1675 520 2012 577 inferuntur,
2077 514 2296 568 assidue
2328 508 2373 561 Α

2410 502 2661 566 ἀδικίαις,
2759 497 3023 569 διηνεκῶς
3099 493 3499 565 παρενοχλῖβαι
3569 490 3605 560 ἡ
3674 487 3961 557 ἀκκλησία.

726 623 963 679 ecclesia
1021 619 1407 690 perturbetur;
1483 616 1583 667 Itoc
1630 622 1735 675 est,
1778 610 1845 663 ob
1903 620 2165 675 pauperes
2225 603 2291 653 ad

731 717 900 781 ipsam
930 711 1333 781 confugientes,
1365 719 1528 776 atque
1577 704 1648 758 ab
1682 719 1743 755 ea
1777 700 1880 754 sibi
1915 713 2071 767 opem
2103 694 2294 763 implo-

730 814 939 862 rantes.
972 801 1209 857 assiduis
1248 794 1753 868 pertnrbatiooibns
1789 788 2120 856 implicetur.

728 894 952 950 ARIST.
993 913 1010 946 ι
1065 892 1133 947 Ut
1190 894 1476 959 episcopus
1532 885 1778 939 molestia
1844 896 1953 933 nou
2006 876 2292 937 aﬂiciatur,

1064 1003 1083 1037 ι
1123 986 1438 1039 defensores
1473 978 1897 1033 constituantur.
1933 990 1951 1022 ο

800 1078 1140 1144 Pauperibus
1170 1092 1195 1127 a
1235 1071 1637 1143 potentioribus
1665 1066 1957 1119 vexatione
1985 1060 2213 1122 aﬂectis,
2241 1069 2297 1111 et

725 1170 999 1238 episcopis
1023 1166 1090 1219 ab
1115 1167 1180 1217 iis
1217 1172 1443 1231 propter
1472 1174 1564 1213 eas
1588 1156 1907 1211 vexationes
1937 1148 2293 1221 perturbatis,

728 1264 899 1314 visutn
934 1270 1016 1313 est
1066 1259 1268 1329 synodo
1303 1257 1373 1308 ab
1432 1255 1772 1322 imperatore
1827 1256 2034 1317 petere,
2068 1252 2127 1297 ut
2171 1257 2293 1296 cunt

725 1352 1106 1418 episcoporum
1170 1346 1510 1415 providentia
1557 1344 1831 1413 eligantur
1870 1339 2207 1396 defensores,
2239 1342 2297 1387 ut

727 1442 954 1494 divitum
987 1438 1261 1509 tyrannidi
1310 1438 1589 1496 resistant,
1628 1443 1682 1485 et
1740 1429 2002 1500 episcOpi,
2030 1436 2293 1493 quantum

728 1534 792 1583 ad
834 1546 950 1594 eos,
986 1532 1101 1585 sine
1126 1530 1371 1584 molestia
1405 1534 1782 1597 permaneant.

1252 1705 1481 1761 CANON
1526 1704 1763 1758 LXXIX.

730 1815 751 1844 ι
794 1798 864 1851 De
883 1797 1169 1862 episcopis,
1204 1798 1296 1865 qui
1322 1799 1373 1849 in
1402 1799 1626 1864 synodis
1645 1812 1702 1849 se
1732 1811 1834 1848 non
1868 1795 2086 1848 sistunt.
2124 1792 2289 1847 Simi-

798 1906 817 1938 ι
862 1888 984 1941 liter
1017 1889 1239 1952 placuit,
1296 1899 1352 1939 ut
1388 1890 1819 1955 quotiescunque
1847 1887 2113 1955 synodum
2156 1899 2286 1936 con-

809 1998 826 2027 ι
866 1980 1051 2031 venire
1097 1978 1426 2044 oportuerit,
1461 1979 1726 2045 episcopi,
1752 1979 1840 2045 qui
1876 1993 1972 2031 nec
2013 1985 2295 2029 senectute
2358 1992 2365 2001 ‘

806 2089 821 2119 ι
863 2085 963 2124 nec
994 2069 1361 2123 imbecillitate
1385 2084 1482 2122 nec
1504 2068 1607 2121 ulla
1631 2067 1950 2136 gravissima
1979 2068 2298 2120 necessitate

805 2181 821 2211 ι
862 2162 1252 2229 impediuntur,
1296 2173 1354 2214 ut
1415 2176 1510 2228 par
1543 2170 1652 2220 est,
1706 2175 1763 2213 se
1814 2160 2048 2224 sistant;
2081 2169 2135 2211 et
2187 2172 2298 2211 suae

799 2269 816 2300 ι
857 2250 1122 2319 cujusque
1169 2251 1460 2317 provinciae
1534 2252 1857 2317 primatibus
1925 2253 1989 2302 de
2048 2250 2298 2303 omnibus

801 2362 819 2392 ι
859 2342 1128 2412 episcOpis
1156 2342 1522 2412 signiﬁcetur,
1559 2342 1677 2395 sive
1704 2342 1823 2394 dua:
1880 2340 1996 2394 sive
2024 2348 2135 2394 tres
2166 2339 2299 2392 ﬂant

800 2452 818 2485 ι
856 2434 1308 2505 congregationes
1338 2451 1351 2486 :
1384 2443 1436 2488 et
1466 2449 1530 2486 ex
1580 2448 1905 2501 unoquoque
1950 2446 2175 2486 numero
2216 2431 2299 2486 vi-

802 2546 819 2577 ι
852 2527 1061 2590 cisaim,
1115 2527 1431 2595 quicunque
1462 2526 1620 2578 electi
1656 2524 1883 2587 fuerint,
1937 2524 2001 2577 ad
2034 2524 2176 2577 diem
2210 2537 2301 2592 sy-

793 2636 813 2668 ι
854 2619 976 2672 nodi
1030 2619 1429 2673 instantissime
1488 2633 1546 2671 se
1608 2618 1822 2671 sistant.
1877 2616 1971 2669 Sin
2029 2628 2209 2671 autem
2242 2632 2300 2673 se

800 2724 823 2761 ι
858 2709 1051 2763 sistere
1082 2725 1186 2763 non
1219 2711 1449 2778 possint,
1484 2724 1606 2763 cunt
1637 2710 1818 2762 multa:
1854 2708 2015 2762 simul
2062 2710 2144 2777 (ut
2174 2724 2301 2763 cre-

803 2820 823 2854 ι
862 2801 1024 2855 dibile
1070 2801 1175 2868 est)
1224 2802 1548 2854 exoriantur
1620 2803 2023 2855 necessitates:
2079 2800 2180 2853 nisi
2217 2800 2299 2854 sui

806 2916 823 2948 ι
862 2896 1230 2966 impedimenti
1261 2895 1523 2947 rationem
1570 2907 1668 2947 suo
1708 2894 1920 2959 primati
1945 2892 2299 2956 reddiderint,

805 3005 825 3037 ι
868 2988 1095 3039 debeant
1122 2984 1157 3038 ii
1193 3000 1301 3038 suae
1324 2994 1446 3038 esse
1499 2982 1740 3037 ecclesiae
1768 2981 2145 3038 communione
2172 2995 2304 3035 con-

808 3099 825 3132 ι
862 3079 1013 3133 lenti.
1057 3099 1075 3129 ι

797 3169 996 3224 BALS.
1032 3168 1474 3237 Uniuscujnsque
1524 3165 1819 3235 provinciae
1860 3165 2166 3234 episcopos,
2198 3164 2287 3234 qui
2329 3173 2377 3241 ο

730 3280 835 3319 non
862 3272 1083 3330 propter
1108 3270 1322 3315 aetatem
1354 3275 1449 3313 seu
1480 3270 1793 3328 provectam
1839 3266 2177 3312 senectutem
2217 3258 2298 3312 vel

731 3353 1103 3411 valetudinem
1141 3352 1221 3404 vel
1272 3352 1435 3404 aliam
1494 3351 1874 3403 necessitatem
1904 3350 2301 3415 impediuntur.

731 3448 797 3502 ad
834 3447 1067 3500 indictas
1126 3446 1364 3512 synodos
1416 3442 1711 3495 convenire
1759 3442 1849 3493 hic
1897 3454 2069 3494 canon
2100 3439 2298 3509 jubet:

733 3550 785 3595 et
823 3555 947 3593 cum
983 3536 1293 3605 congregati
1352 3534 1572 3595 fuerint,
1630 3533 2046 3601 metropolitano
2078 3533 2302 3600 provin-

732 3634 849 3697 cia,
910 3633 959 3683 in
1018 3646 1120 3699 qua
1174 3640 1257 3683 est
1316 3627 1688 3692 unusquisque
1740 3626 2072 3694 signiﬁcare,
2124 3634 2177 3679 et
2239 3641 2302 3679 ex

734 3738 1060 3792 unoquoque
1114 3734 1366 3780 numero,
1406 3721 1521 3771 sive
1568 3720 1687 3771 dua:
1735 3717 1849 3769 sive
1880 3725 1990 3770 tres
2020 3716 2148 3768 fiant
2178 3731 2306 3769 con-

732 3818 1096 3887 gregationes.
1126 3812 1316 3880 (Forte
1343 3810 1510 3869 enim,
1548 3821 1614 3861 ne
1649 3806 1731 3858 vel
1765 3807 1831 3861 de
1876 3806 2306 3861 habitationibus

731 3904 813 3958 vel
847 3905 912 3955 de
949 3905 1107 3955 rebus
1131 3898 1453 3953 necessariis
1477 3897 1527 3949 in
1570 3896 1854 3963 angustias
1880 3880 2302 3959 adducerentur,

733 4014 837 4051 non
901 4011 1088 4050 omnes
1118 3995 1168 4049 in
1202 3986 1362 4047 unam
1415 3989 1604 4043 urbem
1660 4000 2069 4055 convenerunt,
2105 3991 2199 4043 sed
2250 3989 2304 4042 in

732 4092 867 4145 duas
899 4090 981 4143 vel
1022 4099 1135 4144 tres
1168 4092 1454 4161 metropoli
1488 4090 1867 4161 propinquas).
1904 4083 2305 4139 lnslautissime

734 4192 914 4237 autem
948 4197 1006 4237 se
1031 4184 1251 4247 sistere,
1284 4183 1387 4238 lioe
1421 4194 1523 4249 est,
1553 4187 1671 4237 sine
1704 4184 1810 4236 ulla
1846 4181 2109 4234 dilatione
2136 4176 2305 4229 vicis-

734 4276 859 4338 sim,
892 4277 943 4330 id
978 4284 1080 4340 cal,
1117 4292 1212 4345 per
1248 4277 1413 4329 vices.
1456 4276 1642 4345 Neque
1664 4277 1809 4330 enim
1861 4274 1912 4325 in
1946 4287 2051 4324 uno
2082 4270 2172 4323 die.
2199 4268 2309 4322 sol-

735 4376 935 4420 vuntur
990 4366 1217 4435 synodi;
1271 4367 1363 4419 sed
1404 4367 1457 4419 in
1514 4351 1780 4435 pluribus.
1816 4364 1871 4417 Si
1923 4374 2103 4416 autem
2139 4374 2199 4414 se
2229 4359 2307 4413 si—

734 4466 877 4510 stere
936 4470 1040 4509 non
1099 4457 1330 4524 possint,
1377 4458 1523 4523 quod
1578 4470 1606 4507 a
1648 4454 1925 4521 repentina
1981 4449 2307 4504 necessitate

736 4548 1133 4615 impediantur,
1162 4548 1377 4613 primati
1412 4546 1675 4599 rationem
1713 4518 2091 4612 impedimenti
2133 4554 2300 4607 expo-
2335 4518 2385 4579 υ

736 4652 910 4694 nant:
950 4641 1033 4705 sin
1092 4642 1193 4694 hoc
1256 4656 1362 4694 non
1425 4638 1678 4707 fecerint,
1728 4637 1840 4691 sola
1907 4650 2017 4690 suae
2060 4633 2307 4689 ecclesiae

736 4736 1119 4789 communione
1146 4734 1387 4788 contenti
1422 4734 1565 4796 sint;
1596 4731 1718 4784 aliis
1750 4744 1852 4782 una
1878 4743 2000 4782 cum
2027 4726 2160 4795 ipsis
2196 4738 2307 4778 non

730 4826 1273 4880 communicantibus.
1320 4826 1383 4879 Et
1419 4826 1471 4877 in
1515 4824 1597 4877 bis
1647 4822 1864 4893 quidem
1917 4818 2166 4875 consistit
2216 4831 2308 4870 ca—

735 4934 860 4973 non.
886 4916 964 4971 Tu
991 4929 1170 4971 autem
1200 4918 1327 4973 binc
1352 4928 1475 4970 nota
1500 4931 1694 4969 novum
1721 4909 2308 4967 excommunicationi:

734 5025 923 5079 genus.
952 5010 1056 5063 Alii
1092 5011 1234 5063 enim
1279 5024 1515 5062 canones
1546 5007 1817 5073 accipiunt
1865 5001 2311 5058 excommunica-

734 5104 975 5167 tionem;
1006 5102 1148 5171 quod
1181 5102 1399 5170 quidem
1444 5101 1636 5152 attinet
1678 5099 1743 5151 ad
1776 5097 2096 5164 episcopos;
2131 5103 2188 5147 ut
2225 5094 2311 5146 ni—

735 5193 809 5245 hil
860 5192 1197 5246 sacerdotale
1246 5191 1487 5245 obeant:
1528 5206 1767 5258 praascns
1798 5198 1975 5240 autem
2012 5203 2184 5240 canon
2216 5200 2310 5238 eos

735 5301 763 5339 a
817 5298 974 5337 sacro
1036 5275 1340 5339 ministerio
1400 5299 1506 5337 non
1574 5283 1835 5350 impedit,
1895 5281 1989 5335 sed
2028 5288 2307 5347 separata

738 5378 1069 5446 reliquorum
1098 5378 1324 5429 fratrum
1359 5376 1763 5429 communione.

792 5558 959 5630 614
975 5556 1673 5626 ZONAli.Uniuscujusque
1691 5556 1983 5623 provincia:
2002 5555 2310 5624 episcopos,

736 5651 1166 5718 quotiescunque
1199 5649 1440 5719 synodus
1476 5649 1716 5701 habenda
1752 5648 1841 5710 sit,
1879 5646 1978 5699 nisi
2012 5655 2173 5699 mtate
2201 5659 2309 5710 jam

735 5746 924 5799 atl‘ccta
963 5742 1229 5813 effetaque
1271 5752 1550 5797 senectute
1591 5742 1670 5794 vel
1711 5742 2021 5794 infirmitate
2070 5754 2313 5805 corporis

739 5837 1120 5908 impediantur,
1171 5838 1250 5891 vcl
1285 5835 1428 5905 gravi
1464 5834 1564 5889 alia
1608 5836 1670 5888 dc
1721 5849 1881 5888 causa
1942 5831 2303 5895 detineantur,

2397 595 2565 662 ἧγουν
2596 594 2844 663 ὀχλήσεις
2880 590 2977 659 ἔχῃ
3032 586 3141 640 τῶν
3199 582 3571 656 ἀδικουμένων
3632 580 3971 651 προσιόντων

2399 686 2495 740 καὶ
2536 685 2843 753 ζητούντων
2868 678 3225 736 ὲκδικεῖσθαι.

2397 866 2618 919 ΑΡΙΣΤ.
2688 882 2706 915 ι
2752 866 2869 918 Ἱνα
2926 861 3003 934 μὴ
3068 863 3097 915 ό
3152 860 3451 923 ἐπίσκοπος

2882 974 2901 1007 ι
2948 956 3192 1010 ἔστωσαν
3220 953 3442 1006 ῑκδικοι.
3469 969 3489 1003 ι

2470 1048 2591 1101 Τῶν
2628 1049 2877 1115 πενήνων
2902 1045 3057 1116 παρά
3124 1044 3237 1096 τῶν
3264 1042 3652 1110 δυνατωτέρων
3693 1037 3971 1101 κακώσεις

2399 1141 2809 1208 ὑφισταμένων,
2860 1140 2953 1190 καὶ
2980 1138 3073 1191 ὐπ’
3106 1134 3619 1197 αύτῶνιδιάταύτας
3672 1132 3784 1186 τῶν
3850 1131 3976 1183 ἑπι-

2400 1234 2622 1284 σκόπων
2652 1230 3081 1299 ἐνοχλουμένων,
3135 1225 3278 1290 ἔδοξε
3321 1228 3387 1296 τῇ
3433 1224 3637 1294 συνόδῳ
3683 1226 3746 1278 lx
3812 1222 3975 1293 βασι-

2398 1324 2533 1385 λέως
2563 1322 2784 1390 αἰτῆσαι
2807 1322 2947 1391 μετά
3001 1321 3102 1391 τῆς
3158 1318 3271 1372 τῶν
3318 1319 3644 1372 ἐπισκόπων
3712 1315 3974 1386 προνοίας

2401 1417 2722 1484 ἑπιλεγῆναι
2752 1414 3022 1477 ἐκδίκους,
3060 1414 3149 1466 ’ἕνα
3185 1412 3329 1465 κατά
3378 1411 3479 1479 τῆς
3532 1410 3643 1464 τῶν
3696 1407 3975 1463 πλουσίων

2400 1507 2723 1574 τυραννίδος
2753 1504 3136 1566 ἀνθιστῶνται,
3177 1507 3272 1556 καὶ
3316 1506 3363 1556 oi
3408 1502 3697 1555 ἐπίσκοποι
3722 1502 3846 1553 δσον
3881 1501 3977 1552 ἰπὶ

2397 1595 2611 1660 τούτοις
2641 1595 2989 1667 ἁνενόχλητοι
3020 1596 3277 1663 μένωσιν.

2943 1682 3181 1736 ΚΑΝΩΝ
3214 1681 3339 1735 ΟΘ’.

2405 1796 2425 1829 ι
2449 1778 2586 1846 Περὶ
2625 1776 2737 1829 τῶν
2782 1778 2855 1847 μὴ
2900 1774 3262 1830 ἀπαντώντων
3284 1774 3341 1826 ιν
3366 1774 3482 1837 ταῖς
3502 1774 3735 1834 συνόδοις
3751 1772 3977 1825 ιπισκό-

2476 1888 2495 1923 ι
2536 1887 2673 1923 πων.
2712 1869 2946 1938 Ὁμοίως
2974 1871 3193 1939 ἦρεσεν,
3224 1867 3311 1919 ἵνα
3335 1865 3729 1935 όσακισδήποτε
3756 1864 3974 1916 σύνοδον

2490 1980 2509 2012 ι
2547 1961 2628 2013 δεῖ
2654 1960 3009 2029 συναχθῆναι,
3036 1960 3087 2013 oi.
3106 1958 3419 2025 ιπίσκοποι,
3446 1958 3642 2018 οίτινες
3660 1955 3784 2009 οὔτε
3814 1956 3977 2025 κείρα

2474 2070 2493 2103 ι
2525 2051 2650 2105 οὕτε
2675 2053 2930 2125 ἀσθενείᾳ
2962 2051 3084 2105 οὗτε
3122 2052 3231 2106 τινὶ
3261 2052 3537 2122 βαρυτέρα
3568 2050 3785 2120 ἀνάγκῃ
3807 2048 3983 2117 ιμπο-

2477 2165 2497 2198 ι
2534 2146 2769 2209 δίζονται
2793 2146 3067 2216 ἁρμοδίως
3085 2144 3417 2208 ἀπαντῶσιν,
3436 2144 3529 2196 καὶ
3546 2145 3658 2205 τοῖς
3671 2139 3986 2212 πρωτεύουο

2475 2261 2494 2293 ι
2534 2257 2618 2293 σιν
2643 2241 2880 2308 ἑκάστης
2910 2238 3048 2300 ιδίας
3081 2237 3261 2291 αὐτῶν
3302 2235 3575 2304 ἀπαρχίας
3613 2233 3978 2305 ὲμφανισθείη

2475 2349 2495 2385 ι
2542 2336 2668 2402 περὶ
2696 2332 2913 2384 πάντων
2930 2328 3037 2384 τῶν
3066 2328 3408 2391 ιπισκόπων,
3436 2328 3545 2379 είτε
3571 2326 3665 2379 δύο
3692 2327 3802 2378 εῖτε
3828 2326 3983 2393 τρεῖς

3527 855 3923 928 παρενοχλῆται
3950 893 3969 917 ,

2478 2442 2497 2474 ι
2538 2423 2917 2492 συναθροίσεις
2983 2420 3251 2491 γίνωνται
3296 2436 3312 2451 υ
3363 2418 3460 2471 καὶ
3511 2418 3620 2471 ἀπὸ
3663 2418 3896 2471 ἑκάστου
3923 2415 3984 2469 δι

2476 2530 2496 2563 ι
2539 2511 2774 2581 ἀριθμοῦ
2804 2514 2881 2575 είς
2902 2508 3136 2580 ἀμοιϐὴν
3165 2507 3486 2578 δσοιδήποτε
3512 2506 3810 2573 ἀπιλεγῶσι
3842 2505 3983 2575 πρὸς

2485 2622 2503 2654 ι
2536 2604 2635 2669 τὴν
2650 2605 2863 2675 ἡμέραν
2878 2602 2973 2670 τῆς
2997 2600 3214 2653 συνόδου
3230 2598 3558 2660 ινστατικῶς
3573 2597 3784 2666 ἀπαντή
3793 2614 3985 2656 σωσιν.

2478 2720 2497 2753 ι
2546 2701 2672 2754 Ἐἀν
2695 2698 2749 2751 δὲ
2778 2698 2852 2767 μὴ
2881 2696 3185 2765 δυνηθῶσιν
3224 2690 3784 2763 ἀπαντῆσαι,ἀθρόων
3804 2689 3974 2743 τινῶν

2480 2813 2498 2844 ι
2536 2791 2813 2859 ἀναγκῶν,
2837 2790 2911 2851 ὡς
2929 2790 3101 2851 είκὸς,
3115 2786 3531 2855 ἀναφυομένων,
3551 2786 3599 2836 εί
3617 2784 3692 2853 μὴ
3713 2782 3986 2854 τδνίλόγον

2477 2908 2497 2942 ι
2530 2888 2626 2942 τοῦ
2663 2888 2866 2941 οίκείου
2917 2882 3261 2954 ιμποδισμοῦ
3293 2881 3445 2953 παρά
3474 2880 3553 2951 τῷ
3577 2878 3783 2947 ¹ιδίκείῳ
3830 2894 3989 2947 πρω-

2479 2998 2499 3032 ι
2539 2979 2751 3033 τεύοντι
2772 2976 3152 3039 ἀποδώσωσιν,
3174 2973 3412 3040 ὀφείλειν
3434 2972 3562 3034 τοὺς
3608 2968 3883 3030 τοιούτους
3917 2970 3985 3039 τῇ

2486 3092 2504 3125 ι
2560 3071 2824 3142 κοινωνίᾳ
2850 3070 2951 3140 τῆς
2974 3069 3111 3129 ἰδίας
3149 3065 3332 3120 αὐτῶν
3356 3063 3643 3135 ἀρκεῖσθαι
3666 3062 3986 3129 ικκλησίας.

2477 3165 2676 3220 ΒΛΛΣ.
2758 3160 2899 3224 Τοὺς
2983 3158 3318 3217 δπισκόπους
3404 3153 3643 3231 ικίιστης
3715 3148 3991 3221 ἐπαρχίας

2407 3260 2689 3314 ἀπαιτεῖὸ
2716 3254 2900 3309 κανὼν
2942 3250 3306 3321 συνέρχεσθαι
3348 3249 3429 3310 είς
3485 3248 3585 3309 τάς
3641 3242 3991 3312 τυπουμένας

2407 3350 2682 3409 συνόδους.
2710 3348 2839 3409 τοὺς
2860 3344 2935 3415 μὴ
2998 3343 3086 3396 διά
3146 3342 3363 3409 κείραν,
3418 3339 3588 3407 ἠγουν
3643 3335 3860 3404 ἡλικίαν
3896 3334 3991 3383 καὶ

2404 3448 2583 3516 γῆρας
2612 3444 2769 3513 βαθὺ,
2798 3442 2830 3511 ἢ
2861 3438 3150 3494 ἀσθένειαν
3175 3436 3206 3503 ἢ
3236 3434 3403 3503 ἄλλην
3459 3431 3709 3498 ἀνάγκην
3760 3426 3992 3516 δμπ⁰δ⁶ῗ

2408 3514 2712 3603 Copivouc'
2775 3530 2875 3584 καὶ
2947 3526 3337 3597 συναχθέντας,
3390 3523 3601 3585 εἴδησιν
3658 3520 3858 3572 διδόναι
3910 3514 3990 3585 τῷ

2411 3628 2783 3698 μητροπολίτῃ
2813 3623 2913 3691 τῆς
2936 3610 3206 3690 ἐπαρχίας
3256 3619 3351 3684 ἀφ’
3391 3613 3461 3687 ἦς
3512 3615 3663 3666 ἔστιν
3726 3612 3987 3673 ἕκαστος,

2410 3720 2506 3771 καὶ
2536 3719 2629 3785 ἀφ’
2662 3716 2899 3769 ἑκάστου
2973 3709 3233 3781 ἀριθμοῦ,
3312 3706 3425 3759 εἴτε
3466 3703 3560 3757 δύο
3658 3702 3765 3754 εἴτε
3841 3700 3993 3769 τρεῖς

2412 3808 2789 3877 συναθροίσεις
2808 3805 3103 3871 γένωνται.
3151 3801 3339 3870 (Ἴσως
3368 3798 3499 3865 γὰρ,
3540 3795 3632 3848 ἵνα
3675 3792 3813 3863 μήτε
3860 3790 3991 3859 περὶ

2408 3901 2508 3961 τὰς
2538 3898 2874 3964 καταγωγὰς
2917 3892 3364 3965 στενοχωρῶνται
3414 3890 3551 3959 μήτε
3596 3884 3702 3956 μὴν
3748 3885 3875 3953 περὶ
3922 3881 3992 3933 τά

2409 3992 2668 4061 χρειώδη,
2711 3990 2811 4041 οὐκ
2841 3990 2921 4050 είς
2970 3986 3098 4055 μίαν
3158 3984 3363 4043 πάντες
3424 3979 3759 4048 συνήρχοντο
3810 3972 3992 4035 πόλιν,

2410 4084 2531 4137 ἀλλ’
2567 4083 2647 4145 είς
2678 4079 2833 4147 δύοῆ
2871 4079 3023 4146 τρεῖς
3061 4072 3471 4145 πλησιαζούσας
3499 4072 3565 4138 τῇ
3606 4064 3995 4136 μητροπόλει.)

2424 4172 2796 4231 Ἐνστατικῶς
2826 4170 2883 4223 δὲ
2916 4169 3188 4237 ἀπαντᾷν,
3241 4166 3412 4235 ἡγουν
3468 4158 3874 4229 ἀνυπερθέτως,
3911 4157 3995 4217 είς

2411 4265 2672 4335 ἀμοιϐὴν,
2707 4264 2987 4314 τουτέστιν
3019 4255 3332 4328 ἀμοιϐαδόν.
3368 4254 3445 4308 Ού
3462 4253 3570 4321 γὰρ
3600 4253 3657 4303 ὲν
3681 4250 3778 4319 μιᾷ
3803 4247 3986 4318 ἡμέρᾳ

2411 4362 2466 4411 αἱ
2498 4355 2710 4410 σύνοδοι
2736 4354 2983 4415 ἐλύοντο,
3044 4349 3158 4403 ἀλλ’
3185 4350 3243 4399 ἐν
3288 4345 3551 4398 πλείοσιν.
3610 4342 3734 4394 Ἐὰν
3793 4340 3851 4393 δὲ
3920 4337 3994 4407 μὴ

2410 4449 2713 4515 δυνηθῶσιν
2742 4445 3055 4512 ἀπαντῆσαι
3091 4441 3179 4494 διὰ
3201 4441 3261 4492 τδ
3320 4434 3714 4507 ὲμποδισθῆναι
3768 4430 3873 4484 ὑπὸ
3906 4432 3992 4481 αί-

2413 4541 2619 4609 φνιδίου
2648 4538 2914 4603 ἀνάγκης,
2949 4534 3149 4587 διδόναι
3210 4530 3404 4594 λόγους
3478 4523 3578 4577 τοῦ
3639 4519 3991 4591 ἀμποδισμοῦ

2413 4632 2568 4700 παρά
2594 4628 2669 4695 τῷ
2698 4626 3079 4698 πρωτεύοντι’
3118 4623 3167 4675 εί
3213 4619 3269 4673 δὲ
3300 4620 3381 4689 μῆ
3446 4615 3608 4669 τοῦτο
3681 4613 3992 4681 ποιήσουσι,

2413 4725 2552 4793 μόνῃ
2573 4724 2637 4791 τῇ
2670 4719 2929 4786 κοινωνίᾳ.
2972 4715 3071 4783 τῆς
3134 4710 3433 4779 ἐκκλησίας
3473 4708 3613 4768 ίδίας
3681 4701 3992 4773 ἀρκεῖσθαι.

2412 4791 2615 4882 ἑτέρων
2638 4812 2825 4871 αὐτοῖς
2848 4808 2921 4879 μὴ
2950 4801 3478 4874 συγκοινωνούντων.
3508 4799 3615 4852 Καὶ
3645 4798 3673 4848 ό
3693 4796 3791 4865 μὲν
3809 4791 3989 4846 κανὼν

2413 4909 2471 4959 ὲν
2498 4906 2729 4966 τούτοις.
2759 4902 2832 4954 Σὺ
2872 4901 2926 4952 δὲ
2958 4898 3264 4968 σημείωσαι
3305 4892 3621 4959 καινότερον
3684 4883 3994 4955 ἀφορισμδν

2415 5002 2477 5051 ἐκ
2498 4996 2712 5050 τούτου.
2754 4992 2936 5045 Ἀλλοι
2990 4988 3087 5057 μιν
3116 4985 3226 5054 γὰρ
3268 4982 3489 5042 κανόνες
3526 4979 3620 5031 τὸν
3684 4975 3993 5044 ἀφορισμδν

2416 5086 2871 5155 ὲκλαμϐἀνονται,
2892 5082 3017 5132 ὅσον
3054 5078 3192 5139 τίως
3221 5076 3300 5137 είς
3324 5073 3451 5133 τοὺς
3516 5066 3880 5126 ἐπισκόπους,
3916 5065 3994 5122 είς

2414 5182 2471 5233 τὶ)
2508 5178 2640 5247 μηδὲ
2671 5176 2805 5236 ὅλως
2866 5169 3144 5237 ἱερατικὸν
3193 5184 3247 5220 τι
3301 5164 3586 5233 ἐνεργεῖν·
3624 5162 3651 5212 ό
3701 5158 3759 5210 δι
3801 5155 3995 5223 παρὼν

2414 5272 2594 5324 κανὼν
2624 5273 2723 5321 οὐκ
2763 5264 3043 5333 ἐμποδίζει
3079 5259 3304 5319 τούτους
3340 5258 3405 5308 ὲκ
3433 5254 3533 5321 τῆς
3570 5248 3989 5322 ίεροτελεστίας,

2414 5364 2621 5416 ἀλλ’ὲκ
2674 5360 2772 5427 τῆς
2815 5354 3102 5415 κοινωνίας
3177 5348 3400 5421 χωρίζει
3462 5344 3563 5413 τῆς
3624 5342 3731 5393 τῶν
3794 5338 3996 5391 λοιπῶν

2420 5452 2690 5516 ἀδελφῶν.

2488 5546 2734 5598 ΖΩΝΔΡ.
2781 5538 3208 5607 ’Ᾱπσραιτήπως
3244 5532 3470 5586 ἀπαιτεῖ
3521 5529 3549 5579 ό
3602 5524 3784 5578 κανὼν
3834 5523 3997 5576 covi-

2416 5636 2615 5706 γεσθαι
2651 5635 2776 5696 τοὺς
2799 5629 3133 5688 ἐπισκόπους
3175 5624 3415 5690 ἑκάστης
3469 5619 3759 5687 ἐπαρχίας,
3805 5615 3995 5675 ὁσάκις

2419 5734 2578 5803 χρεὶα
2619 5732 2733 5783 ἐστὶ
2767 5727 3022 5795 γενέσθαι
3092 5722 3330 5782 σύνοδον,
3400 5718 3446 5769 εί
3506 5715 3579 5784 μὴ
3634 5712 3720 5765 διὰ
3781 5713 3993 5778 κείριν,

2421 5801 2590 5896 ἤγουν
2627 5822 2844 5893 ἠλικίαν
2906 5816 3257 5888 προήκουσαν
3330 5809 3420 5863 καὶ
3483 5808 3659 5875 γῆρας
3741 5802 3903 5869 βαθὺν
3965 5801 3995 5867 ἢ
