4212 6440
272 405 383 471 289

1283 407 1364 469 IN
1405 405 1564 468 CAN.
1590 406 1799 467 LXXX
1836 404 2044 467 CONC.
2085 404 2459 467 CARTHAG.

3376 400 3482 465 290

275 528 556 582 ἀσθένειαν
583 524 972 595 ίμποδίςοιντο,
1012 525 1045 595 ἢ
1082 540 1185 577 τινι
1236 524 1371 594 ἄλλῃ
1441 524 1826 593 βαρείᾳκπερι-
1854 526 1938 583 At

1819 552 1826 563 ι
1854 526 1900 583 Α
1929 524 2218 578 convenire
2246 523 2469 577 omnino
2493 522 2579 577 hic
2599 536 2770 577 canon
2821 520 3010 592 jubet;
3051 527 3105 575 et
3138 518 3225 573 ubi
3252 518 3482 587 primum

277 618 466 671 στάσει
494 619 818 684 συνέχοιντο,
844 617 941 668 καὶ
969 614 1333 682 συναχθέντας
1377 616 1583 682 εῐδησιν
1627 614 1826 666 διδόναι

273 708 351 775 τῷ
382 708 749 776 μητροπολίτῃ
773 707 869 775 τῆς
892 705 1181 774 ἀπαρχίας,
1210 700 1384 774 ἀφ’ἦς
1418 704 1829 769 ἑστινέκαστος,

277 801 374 851 καὶ
405 801 494 866 ἀφ’
530 800 763 850 ἑκάστου
812 797 1136 867 ἀθροισμοῖη
1229 798 1337 847 εἴτε
1385 794 1477 848 δύο
1529 797 1638 847 εἴτε
1681 799 1830 863 τρεῖς

276 889 651 957 συναθροίσεις
682 890 947 955 γένωνται
977 887 1128 954 (ἴσως
1152 886 1282 954 γὰρ,
1343 885 1432 939 ἵνα
1501 888 1638 954 μήτε
1702 886 1830 955 περὶ

273 981 373 1040 τάς
397 979 722 1045 καταγωγὰς
752 976 1211 1045 στενοχωρῶνται,
1244 977 1381 1045 μήτε
1410 976 1517 1045 μὴν
1582 976 1710 1045 περὶ
1759 975 1827 1027 τὰ

273 1068 534 1137 χρειώδη,
564 1068 664 1121 οὐκ
694 1069 775 1130 είς
846 1068 976 1137 μίαν
1011 1070 1213 1129 πάντες
1266 1067 1597 1135 συνήρχοντο
1651 1066 1827 1130 πόλιν,

271 1156 392 1209 ἀλλ’
410 1160 489 1219 είς
509 1157 604 1209 δύο
636 1157 667 1226 ἢ
694 1159 843 1225 τρεῖς
900 1155 1307 1225 πλησιαζούσας
1354 1160 1420 1224 τῇ
1475 1155 1829 1225 μητροπόλει)

272 1245 605 1306 ινστατικῶς
645 1244 915 1313 ἀπαντᾷν,
944 1244 1061 1297 ἀντὶ
1099 1243 1193 1296 τοῦ
1238 1242 1639 1313 ἀνυπερθέτως,
1661 1244 1831 1313 ἀπρο-

272 1337 555 1402 φασίστως
591 1334 724 1402 πρὸς
750 1334 848 1405 τὴν
878 1334 1094 1404 ἡμέραν
1128 1333 1226 1401 τῆς
1272 1334 1518 1396 συνόδου,
1555 1336 1634 1395 είς
1666 1336 1830 1402 ἀμοι-

278 1424 404 1495 σὴν,
428 1424 703 1477 τουτέστιν
730 1423 1043 1492 ἀμοιϐαδόν.
1085 1425 1161 1475 Οὐ
1184 1424 1293 1491 γάρ
1321 1424 1380 1475 ιν
1422 1423 1521 1492 μιᾷ
1558 1424 1743 1494 ἡμέρα
1776 1424 1836 1476 αι

273 1514 487 1567 σύνοδοι
517 1514 809 1579 διελύοντο,
850 1514 967 1567 ἀλλ’
986 1516 1045 1567 ιν
1076 1514 1309 1579 πλείοσι,
1353 1515 1449 1566 καὶ
1483 1514 1641 1566 τοῦτο
1666 1513 1828 1581 δῆλον

270 1606 337 1655 ἐκ
370 1604 576 1672 ταύτης
605 1604 701 1671 τῆς
743 1605 962 1658 συνόδου
996 1606 1133 1661 έστί.
1197 1605 1497 1673 Διαφόρους
1549 1605 1657 1674 γάρ
1696 1604 1835 1670 πρά-

273 1694 387 1757 ξεις
411 1694 823 1764 δηλοτγενέσθαι
855 1695 913 1748 έν
936 1694 1124 1757 ἄλλαις
1173 1696 1268 1747 καλ⁵
1318 1694 1509 1756 άλλαις
1567 1696 1829 1763 ἡμέραις.

283 1786 337 1836 ’Δ
351 1785 604 1854 μοιϐαδδν
628 1785 704 1849 δὲ,
739 1786 907 1856 ἡγουν
931 1784 1120 1839 ἄλλοτε
1174 1783 1367 1846 ἀλλους
1420 1785 1685 1853 ἀπαντᾷν,
1718 1785 1833 1837 ὅσοι

1934 614 2250 667 advenerim
2273 654 2289 676 ,
2346 613 2761 681 metropolitano
2790 613 3046 685 singulos,
3070 626 3133 665 ex
3170 625 3272 680 qua
3300 625 3357 664 se
3398 608 3482 664 fe-

1934 714 2077 765 rant,
2113 705 2396 769 provinciae
2449 704 2792 771 signiﬁcare;
2827 712 2937 754 tum
2980 716 3105 755 vero
3143 716 3208 755 ex
3258 700 3485 769 singulis

1935 793 2199 847 classibus
2228 793 2340 847 sive
2384 793 2502 846 dum
2551 794 2663 847 sive
2715 802 2824 847 tres
2868 792 3123 845 instituta
3156 792 3352 845 iuerint
3384 792 3487 860 (et-

1944 883 2108 946 enim,
2143 897 2209 936 ne
2244 883 2326 937 vel
2352 883 2530 952 inopia
2564 884 2690 937 tecti
2719 894 3114 953 premerentur,
3150 882 3229 935 vel
3260 886 3325 934 ad
3358 896 3486 935 usus

1935 971 2059 1025 vita:
2094 973 2399 1027 necessaria
2427 974 2745 1037 deficerent,
2777 990 2883 1028 non
2921 973 2973 1027 in
3005 988 3107 1026 una
3135 972 3275 1028 forte
3301 987 3486 1027 omnes

1936 1062 2072 1118 urbe
2123 1064 2494 1128 considebant,
2532 1065 2624 1118 sed
2662 1065 2714 1118 in
2761 1064 2969 1118 duabus
3013 1062 3259 1117 tribusve
3289 1072 3459 1115 metro

1937 1157 2044 1224 poli
2072 1155 2352 1224 proximis)
2378 1157 2445 1209 ad
2468 1154 2608 1209 diem
2632 1155 2836 1225 synodo
2863 1152 3177 1221 praefinitum
3203 1151 3486 1210 instanter,

1936 1248 2038 1301 hoc
2068 1254 2171 1309 est,
2207 1246 2327 1300 sine
2363 1245 2470 1299 ulla
2499 1244 2945 1313 tergiversatione
2979 1249 3070 1296 aut
3101 1256 3249 1296 tnora
3284 1254 3490 1310 prope-

1936 1347 2121 1392 ranter
2145 1338 2403 1393 accedere
2432 1337 2698 1399 vicissim,
2736 1337 2834 1389 boc
2861 1342 2967 1398 est,
3000 1348 3095 1403 per
3118 1332 3283 1387 vices.
3307 1329 3490 1398 Neque

1935 1428 2080 1481 enim
2128 1441 2237 1481 uno
2268 1427 2375 1492 die,
2403 1427 2495 1483 sed
2529 1426 2774 1497 pluribus
2809 1425 2998 1493 synodi
3032 1422 3443 1486 absolxebantur
3473 1439 3486 1475 :

1937 1518 2079 1587 quod
2108 1533 2171 1571 ex
2208 1517 2309 1571 hac
2341 1530 2555 1586 quoque
2600 1516 2855 1580 colligere
2902 1513 3059 1567 facile
3101 1520 3207 1575 est,
3240 1525 3306 1565 es
3341 1509 3492 1575 cujus

1937 1609 2208 1662 actionum
2240 1608 2658 1675 multiplicitate,
2690 1604 2932 1673 pluribus
2984 1617 3101 1657 eam
3131 1601 3323 1656 diebus
3350 1600 3492 1653 cele-

1934 1700 2147 1755 bratam
2202 1696 2367 1751 fuisse
2399 1705 2640 1765 apparet.
2677 1694 2780 1749 Per
2840 1694 2988 1747 vices
3017 1701 3219 1758 autem,
3256 1692 3357 1745 hoc
3384 1699 3491 1753 est,

1938 1802 1999 1848 ut
2030 1792 2185 1846 modo
2219 1791 2325 1854 hic,
2380 1790 2535 1843 modo
2565 1788 2677 1853 alii,
2707 1788 3013 1856 quicunque
3073 1784 3293 1839 demunt
3332 1782 3486 1837 electi

268 1875 619 1941 δπιλεγῶσιν.
665 1877 789 1929 Ἕὰν
813 1877 869 1928 δὲ
890 1877 964 1945 μὴ
992 1876 1258 1943 δυνηθῶσι
1279 1877 1609 1945 ἀπαντῆσαι,
1638 1876 1831 1945 ἀθρόον
1864 1860 1905 1914 Β

1828 1860 1905 1917 ’Β
1947 1884 2169 1945 fuerint,
2230 1896 2286 1934 se
2324 1880 2375 1933 in
2412 1879 2615 1949 synodo
2665 1879 2881 1932 sistant.
2919 1874 2977 1928 Si
3033 1887 3160 1928 vero
3216 1872 3268 1926 id
3313 1870 3491 1924 minus

270 1968 698 2034 ἀναφυομένων,
729 1969 991 2035 αἰφνίδιον
1018 1967 1265 2035 δηλονότι
1332 1968 1427 2019 καὶ
1471 1966 1829 2029 ἀνελπίστως,

268 2057 467 2109 αἰτιῶν
489 2057 827 2124 ἀναγκαίων,
866 2059 1089 2111 ἀπαιτεῖ
1118 2056 1244 2119 τοὺς
1295 2057 1371 2126 μὴ
1417 2058 1831 2126 ἀπαντήσοντας

263 2147 429 2215 λόγον
454 2148 765 2202 ἀποδιδόναι
800 2149 952 2217 παρά
972 2148 1051 2217 τῷ
1077 2146 1448 2218 μητροπολίτῃ
1496 2147 1661 2200 αὑτοῦ
1696 2148 1832 2201 ικα-

264 2251 418 2301 στον,
446 2236 479 2305 ἢ
513 2237 587 2305 μὴ
605 2237 951 2299 ἀποδιδόντα,
976 2236 1114 2305 μόνῃ
1146 2238 1214 2305 τῇ
1239 2236 1501 2305 κοινωνίᾳ
1552 2235 1652 2303 τῆς
1697 2236 1831 2299 ίδίας

264 2325 567 2394 ἔκκλησίας
608 2326 913 2394 ἀρκεῖσθαι,
972 2326 1171 2397 ἑτέρων
1211 2326 1361 2396 αὐτῷ
1409 2327 1486 2396 μὴ
1541 2342 1833 2395 συγκοινω-

264 2415 525 2470 νούντων.

261 2506 490 2561 ΔΡΙΣΤ.
550 2524 569 2558 ι
604 2510 666 2561 οι
720 2508 795 2578 μὴ
829 2508 1172 2573 ἀπαντῶντες
1196 2508 1255 2563 ιν
1305 2512 1371 2579 τῇ
1419 2509 1539 2563 κατ’
1586 2510 1833 2563 ινιαυτδν

342 2617 362 2650 ι
397 2599 628 2668 συνόδῳ,
677 2599 729 2653 εί
784 2601 859 2671 μὴ
890 2600 1200 2671 ἀϐουλήτως
1250 2600 1542 2654 κωλύοιντο
1569 2642 1585 2666 ,
1631 2603 1699 2671 τῇ
1734 2599 1834 2669 τῆς

343 2706 363 2739 ι
411 2688 557 2752 ιδίας
594 2691 886 2759 ῑκκληοίας
912 2691 1289 2758 ἀρκείσθωσαν
1318 2690 1591 2759 κοινωνίᾳ.
1625 2708 1643 2741 ι

334 2778 498 2832 Ὅσοι
526 2780 636 2832 τῶν
657 2781 967 2834 έπισκόπων
997 2783 1055 2834 ιν
1081 2784 1149 2853 τῇ
1165 2782 1367 2852 συνόδῳ
1397 2783 1636 2851 ἑκάστης
1654 2780 1834 2834 αὐτῶν

267 2867 548 2938 ἀπαρχίας
571 2870 671 2922 οὐκ
726 2872 1124 2942 ἀπαντήσουσι,
1182 2873 1320 2941 μήτε
1390 2871 1494 2925 ὑπὸ
1544 2872 1767 2942 γήρους,
1798 2871 1832 2940 ἢ

262 2961 578 3025 ἀσθενείας,
604 2961 714 3014 εἴτε
736 2962 884 3025 τινὸς
915 2961 1231 3032 βαρυτάτης
1262 2962 1507 3049 ἀνάγκης
1538 2959 1832 3030 ὶμποδιζό-

268 3068 449 3119 μενοι,
487 3050 602 3104 ἀλλ’
633 3053 700 3104 tu
758 3050 1033 3122 ῥᾳθυμίας
1094 3052 1129 3123 ἢ
1220 3053 1316 3105 καὶ
1373 3053 1833 3121 καταφρονήσεως

1934 1976 2164 2044 possint,
2200 1973 2525 2027 necessariis
2574 1968 2978 2039 impedimentis
3005 1981 3070 2021 es
3118 1963 3410 2034 improviso
3440 1972 3492 2017 et

1946 2070 2318 2135 inexspectato
2376 2062 2656 2120 confertim
2685 2061 2891 2116 obortis
2917 2075 2932 2124 ;
2968 2068 3024 2111 ιιι
3055 2058 3358 2127 quicunque
3385 2068 3491 2107 non

1935 2157 2226 2217 adfuerint.
2288 2155 2708 2223 metropolitano
2770 2163 2868 2204 suo
2945 2146 3170 2216 singuli,
3229 2146 3491 2197 rationem

1936 2244 2186 2308 reddant,
2240 2244 2404 2313 exigit
2437 2259 2454 2296 :
2487 2242 2579 2311 qui
2630 2253 2757 2293 vero
2787 2238 2841 2291 id
2889 2233 3249 2305 neglexerint,
3285 2231 3491 2285 exclusi

1933 2333 2001 2385 ab
2035 2334 2261 2387 aliorum
2321 2330 2617 2395 consortio,
2657 2326 2900 2383 ecclesia
2955 2337 3066 2380 sua
3111 2322 3493 2378 communione

1932 2425 2172 2480 contenti
2202 2424 2331 2479 sint.

1934 2514 2160 2571 ARIST.
2198 2535 2217 2567 ι
2251 2516 2353 2583 Qui
2387 2516 2438 2569 in
2467 2514 2673 2586 synodo
2705 2512 2996 2583 quotannis
3025 2511 3203 2567 habita
3231 2526 3336 2567 non
3361 2525 3495 2566 con-

2009 2628 2028 2662 ι
2068 2611 2307 2675 veniunt,
2354 2608 2457 2662 nisi
2489 2616 2675 2662 contra
2728 2606 3057 2662 voluntatem
3104 2606 3493 2675 lmpediantur,

2011 2722 2030 2755 ι
2064 2717 2176 2756 sua
2201 2702 2311 2757 sint
2343 2700 2587 2755 ecclesia:
2622 2700 3004 2753 communione
3028 2698 3286 2751 contenti.
3328 2716 3347 2749 ι

2006 2793 2323 2862 Quicunque
2352 2806 2417 2845 ex
2446 2790 2716 2859 episcOpis
2758 2790 2821 2842 ad
2853 2786 3118 2859 synodum
3153 2788 3209 2843 in
3241 2802 3492 2857 unaqua-

1932 2899 2038 2954 que
2062 2883 2302 2952 ipsorum
2339 2879 2616 2948 provincia
2643 2879 2879 2932 habitam
2914 2893 2972 2932 se
3032 2892 3136 2931 non
3189 2875 3492 2942 conferant,

1933 2989 2034 3029 nec
2076 2988 2108 3028 a
2155 2980 2453 3035 senectute,
2482 2985 2583 3026 nec
2616 2972 2682 3024 ab
2731 2969 3069 3032 infirmitate,
3105 2984 3206 3023 nec
3235 2968 3339 3023 alia
3371 2984 3494 3038 gra-

1931 3065 2151 3121 vissima
2207 3063 2527 3117 necessitate
2582 3061 2865 3131 impediti;
2914 3063 3009 3117 sed
3060 3075 3091 3115 e
3144 3061 3347 3116 desidia
3406 3061 3493 3116 vel

260 3141 427 3195 τοῦτο
457 3141 761 3206 ποιοῦντες,
788 3143 1097 3212 ἀδελφικιῖκ
1128 3143 1446 3214 ὡρίσθησαν
1503 3145 1833 3215 ἀπιπλήττε-
1854 3181 1902 3246 c

1832 3160 2098 3246 ‘cetiam
2150 3163 2461 3223 contemptu
2514 3154 2646 3207 illud
2703 3153 3002 3246 facientes;
3062 3152 3393 3217 decernitur,
3436 3161 3495 3206 ιιι

263 3231 417 3286 σθαι.
457 3232 518 3285 ὐ
550 3233 815 3305 δδπαρὼν
832 3233 1013 3289 κανὼν
1050 3236 1143 3289 καὶ
1178 3235 1238 3288 τδ
1279 3231 1419 3295 εἶδος
1447 3240 1547 3305 τῆς
1599 3238 1832 3310 ιπιπλή-

262 3320 629 3391 ξεωςτίθησι,
664 3326 1023 3392 προστάττων
1076 3326 1204 3388 τοὺς
1260 3329 1692 3391 συνεπισκόπους
1735 3332 1832 3381 καὶ

267 3412 639 3481 συναδελφοὺς
708 3413 889 3467 αὐτῶν
959 3415 1034 3485 μὴ
1078 3419 1461 3484 συγκοινωνετν
1512 3420 1696 3480 αὐτοῖς
1739 3419 1832 3470 καὶ

264 3502 708 3573 συλλειτουργεῐν
743 3518 759 3534 ο
785 3503 884 3557 ἀλλ
932 3506 992 3556 έν
1026 3508 1216 3575 μόναις
1259 3508 1380 3570 ταῖς
1439 3507 1594 3571 ίδίαις
1652 3508 1831 3561 αὐτῶν

260 3591 583 3662 ἐκκλησίαις
603 3592 911 3662 ἀρκεῖσθαι,
933 3595 1029 3647 καὶ
1062 3595 1399 3664 λειτουργεῖν
1421 3597 1480 3649 ιν
1506 3598 1720 3661 αὐταῖς.

846 3684 1083 3736 ΚΔΝΩΝ
1130 3682 1209 3738 [ι’.

268 3789 288 3821 ι
322 3770 461 3839 Περὶ
498 3769 868 3839 Κρεσκωνίου.
902 3772 1037 3842 Περὶ
1069 3772 1417 3842 Κρεσκωνίου
1462 3774 1557 3827 τοῦ
1596 3775 1834 3847 Βηλαρε-

345 3876 364 3909 ι
398 3858 610 3911 κεντίου
642 3860 800 3912 τοίτο
817 3862 979 3914 πᾶσιν
1012 3860 1212 3928 ἔδοξεν,
1254 3864 1338 3915 ἶνα
1359 3864 1604 3920 δντεῦθεν
1635 3868 1831 3935 ὁμοίως

341 3970 361 4001 ι
391 3952 661 4021 ἔμφανείη
680 3951 755 4020 τῷ
773 3952 1107 4021 πρωτεύοντι
1137 3954 1235 4022 τῆς
1260 3956 1581 4025 Νουμιδίας,
1613 3952 1757 4028 πέδῖ
1771 3962 1832 4012 τὸ

340 4060 358 4089 ι
395 4041 594 4094 ειδέναι
635 4042 818 4107 αὐτὸν,
843 4043 1079 4109 ὀφείλειν
1118 4045 1437 4114 γράμμασιν
1453 4050 1673 4113 οἰκείοις
1696 4053 1831 4116 πρὸς

335 4153 363 4190 ε
401 4133 714 4189 συνελευσιν
727 4137 1131 4209 προτρέψασθαι
1145 4141 1238 4193 τὸν
1251 4144 1686 4212 μνημονευθέντα
1702 4149 1741 4199 K
1754 4163 1833 4217 ρερ

335 4245 359 4278 ε
400 4224 631 4279 σκώνιον
670 4240 686 4257 ⁶
729 4227 866 4279 ὥστε
917 4229 991 4298 μὴ
1026 4229 1357 4298 ὑπερθέσθαι
1391 4233 1489 4301 τὴν
1529 4239 1832 4303 παρουσίαν

335 4335 356 4369 ι
392 4318 639 4388 αὕτοῦτῇ
666 4317 1035 4391 πλησιαζούσῃ
1062 4321 1323 4392 συμπάσῃ
1384 4323 1678 4396 Ἀφρικὰνῃ
1710 4344 1833 4381 συν-

343 4431 360 4461 ι
399 4409 817 4477 όδῳπαρασλείν
842 4426 854 4437 ·
889 4411 985 4462 έάν
1008 4410 1064 4463 δὲ
1086 4409 1179 4463 τοῦ
1212 4412 1390 4465 mm
1414 4421 1825 4489 καταφρονήσῃ,

336 4518 358 4554 ε
396 4500 541 4553 ῑπτω
558 4498 711 4559 sima;
732 4499 852 4552 κατ’
872 4500 1036 4553 αὐτοῦ
1051 4501 1230 4569 ψῆφον
1252 4505 1773 4577 νομοθετησομένην.
1803 4529 1821 4561 ι
1859 4500 1903 4554 D

331 4592 529 4644 ΒΔΔΣ.
560 4591 656 4643 Διά
685 4589 1148 4659 τοῦΚρεσκωνίου
1183 4594 1498 4665 ἀπετίθησιν
1553 4602 1581 4652 ό
1642 4600 1825 4654 κανὼν

258 4683 511 4751 ανάγκην
548 4683 661 4743 τοῖς
694 4682 1023 4744 ὶπισκόποις
1052 4685 1110 4735 ιν
1132 4686 1254 4746 ταῖς
1286 4688 1531 4752 συνόδοις
1584 4692 1827 4761 ἀπαραι-

255 4778 439 4843 τήτως
470 4772 848 4843 συνέρχεσθαι·
874 4775 966 4828 καὶ
988 4778 1098 4838 τοῖς
1126 4779 1527 4847 καταφρονοῦσι
1555 4782 1653 4852 τῆς
1676 4801 1833 4838 συνε-

257 4866 499 4926 λεύσεως
537 4865 751 4920 ἀπειλεῖ
778 4868 1128 4937 κατάκρισιν.
1173 4870 1248 4922 Τὸ
1296 4873 1355 4924 δὲ
1424 4868 1564 4938 εῐδος
1625 4877 1829 4949 ταύτης

258 4960 321 5008 οὐ
354 4956 531 5021 λέγει,
570 4956 629 5007 ὐ
659 4956 844 5024 μέντοι
870 4956 924 5019 ς’
964 4959 1148 5011 κανὼν
1187 4961 1287 5029 τῆς
1344 4963 1583 5035 ἑϐδόμης
1609 4971 1829 5024 συνόδου

257 5048 511 5115 τοὺςμὶν
539 5046 843 5110 κωλύοντας
872 5048 1139 5117 ἄρχοντας
1167 5052 1419 5119 τίνεσθαι
1457 5058 1553 5119 τὰς
1581 5059 1831 5130 έτησίους

263 5139 522 5199 συνόδους
560 5138 922 5208 ἀφορίζεσθαι
982 5140 1306 5211 διορίζεται,
1364 5147 1492 5209 τοὺς
1538 5147 1594 5200 δὲ
1662 5151 1833 5219 χωρὶς

257 5228 491 5294 εὐλόγου
525 5230 854 5297 προφάσεως
887 5230 1229 5298 ἀμελοῦντας
1280 5233 1488 5288 τούτων
1553 5256 1831 5309 μητροπο·

257 5320 416 5381 λίτας
452 5322 569 5380 τοῖς
616 5323 927 5382 κανονικοίς
980 5323 1417 5377 καθυποϐάλλειν
1508 5329 1827 5400 ἐπιτιμίοις,

256 5410 396 5462 Ποῖα
424 5409 483 5460 δὲ
534 5410 631 5461 καὶ
668 5409 789 5461 τίνα
817 5411 922 5463 alat
948 5412 1019 5464 τά
1053 5418 1316 5483 ἐπιτίμια
1346 5416 1523 5485 ῥητῶς
1550 5420 1609 5471 ού
1634 5423 1835 5491 γέγρα-

258 5516 415 5551 πται.
458 5498 547 5562 Ὧς
583 5498 761 5553 ῑοικεν
798 5495 912 5564 οὖν,
972 5503 1041 5555 τά
1071 5504 1129 5555 ιν
1182 5504 1261 5573 τῷ
1331 5506 1589 5575 ἀνωτέρω
1644 5511 1827 5563 κανόνι

258 5591 640 5661 περιεχόμενα
674 5593 836 5646 είσιν.
878 5592 1179 5662 Ἀνάγνωθι
1210 5596 1305 5648 καὶ
1358 5597 1450 5651 τὸν
1505 5598 1740 5670 ρηθέντα
1772 5601 1827 5666 ς’

257 5682 462 5733 κανόνα
512 5682 611 5749 τῆς
651 5677 696 5745 ζ’
721 5681 960 5746 συνόδου,
997 5687 1090 5737 καὶ
1155 5686 1248 5739 τδν
1270 5686 1430 5741 ἕκτον
1470 5690 1568 5759 τῆς
1622 5693 1681 5744 ὲν
1742 5694 1821 5762 τῷ

257 5773 535 5846 τρούλλῳ,
563 5775 657 5826 καὶ
689 5774 757 5827 τά
788 5777 847 5827 έν
910 5777 1115 5843 αὐτοῖς.

1933 3246 2191 3302 fraternis
2243 3246 2427 3299 verbis
2462 3246 2815 3313 castigentur.
2850 3242 2918 3297 At
2954 3257 3191 3311 praesens
3235 3258 3410 3296 canon
3440 3252 3494 3297 et

1935 3336 2170 3405 speciem
2225 3332 2667 3402 reprehensionis
2701 3331 2871 3394 addit,
2928 3332 3193 3383 mandans
3219 3332 3496 3399 coepisco-

1936 3440 2031 3491 pos
2064 3432 2119 3477 et
2142 3421 2449 3477 confratres
2479 3434 2665 3473 eorum
2691 3432 2816 3472 cum
2842 3416 2908 3471 iis
2934 3430 3040 3470 non
3065 3417 3491 3478 communicare,

1934 3523 2028 3567 aut
2060 3527 2216 3566 sacra
2268 3511 2597 3564 celebrare:
2651 3509 2743 3561 sed
2807 3508 2860 3560 in
2922 3506 3056 3561 solis
3117 3506 3350 3576 propriis
3380 3506 3495 3560 suis

1932 3603 2173 3659 ecclesiis
2208 3599 2572 3670 acquiescere,
2601 3606 2656 3653 et
2688 3598 2739 3651 in
2770 3598 2837 3651 iis
2877 3611 3068 3651 munus
3102 3597 3271 3651 obire.

2470 3686 2702 3741 CANON
2737 3684 2950 3739 LXXX.

1938 3799 1957 3832 ι
1994 3778 2068 3833 De
2113 3777 2427 3833 Cresconio.
2483 3776 2557 3831 De
2601 3777 2896 3831 Crescouio
2954 3776 3332 3833 Balarecensio
3386 3776 3489 3830 hoc

2007 3890 2025 3924 ι
2060 3870 2311 3925 omnibus
2355 3870 2530 3923 visum
2586 3878 2687 3934 est,
2721 3879 2777 3921 ut
2814 3869 2939 3923 hinc
2967 3883 3180 3938 quoque
3234 3868 3495 3922 Numidia

2011 3979 2030 4012 ι
2066 3961 2283 4030 primati
2338 3960 2693 4028 signiﬁcetur,
2719 3975 2826 4028 quo
2874 3962 2987 4026 ipse
3014 3960 3152 4013 sciat
3203 3974 3261 4015 se
3291 3960 3490 4014 debere

2010 4072 2029 4104 ε
2065 4063 2423 4108 memoratum
2476 4053 2828 4110 Cresconium
2861 4054 2973 4107 suis
3008 4053 3208 4106 litteris
3240 4053 3305 4105 ad
3356 4066 3487 4106 con-

2009 4162 2028 4195 ι
2073 4145 2399 4199 veniendum
2464 4146 2787 4209 adhortari;
2821 4153 2880 4198 ut
2934 4160 3039 4197 non
3073 4142 3290 4198 diflerat
3338 4158 3490 4197 suam

2012 4254 2029 4286 ι
2068 4236 2322 4290 exhibere
2345 4237 2685 4305 praesentiam
2715 4236 2971 4307 proxima:
2996 4235 3259 4290 universa:
3288 4238 3494 4303 synodo

2010 4344 2029 4376 ε
2074 4324 2343 4379 Africana
2378 4344 2390 4378 :
2424 4326 2506 4378 sin
2562 4334 2740 4379 autem
2775 4325 2963 4378 venire
2997 4323 3321 4391 neglexerit,
3356 4326 3494 4379 sciat

2021 4437 2040 4469 ι
2074 4432 2196 4473 esse
2225 4417 2488 4470 adversus
2512 4430 2572 4470 se
2600 4414 2869 4469 ferendam
2894 4415 3245 4469 sententiam.
3288 4433 3307 4465 ι

2008 4616 2203 4672 BALS.
2247 4615 2347 4670 Per
2393 4613 2739 4669 Cresconlum
2774 4614 2999 4685 imponit
3048 4630 3220 4671 canon
3253 4620 3493 4673 necessi-

1932 4716 2097 4762 tatem
2129 4706 2420 4774 episcopis,
2452 4712 2509 4756 ut
2548 4704 2601 4758 in
2637 4704 2858 4773 synodis
2885 4705 3329 4761 inexcusabiliter
3360 4723 3494 4762 con-

1934 4800 2204 4853 veniant:
2256 4801 2430 4865 etiis,
2486 4800 2576 4868 qui
2617 4802 2905 4854 convenire
2954 4802 3251 4873 negligunt,
3298 4808 3497 4860 conde-

1936 4892 2265 4945 mnationem
2301 4892 2683 4945 comminatur.
2718 4889 2844 4958 Ejus
2895 4905 3073 4947 autem
3129 4893 3357 4949 formam
3387 4912 3493 4951 non

1933 4981 2210 5051 exprimit.
2262 4980 2365 5035 Sed
2423 4997 2592 5035 canon
2621 4981 2866 5053 Gsynodi
2911 4982 2941 5035 7
2998 4986 3345 5054 magistratus
3378 4990 3495 5055 qui-

1934 5073 2083 5135 dem,
2111 5073 2201 5140 qui
2239 5072 2546 5141 impediunt
2574 5074 2866 5141 quominus
2896 5075 3027 5129 ﬁant
3059 5092 3252 5132 annua:
3280 5083 3491 5149 synodi,

1935 5164 2297 5231 segregandos
2357 5163 2599 5216 decernit
2635 5182 2647 5217 ε
2682 5166 3129 5234 metropolitanes
3162 5180 3366 5233 autem,
3403 5174 3493 5239 qui

1933 5252 2057 5305 sine
2089 5254 2234 5319 iusta
2284 5267 2448 5307 causa
2502 5253 2613 5306 hac
2664 5254 2965 5323 negligunt,
3008 5260 3288 5314 canonicis
3316 5264 3493 5330 panis

1932 5340 2307 5408 subjiciendus.
2370 5342 2565 5407 Quales
2622 5356 2798 5399 autem
2855 5357 2909 5400 et
2962 5364 3210 5417 qurnant
3244 5353 3351 5405 sint
3402 5368 3479 5407 ea:

1932 5448 2127 5502 pmnae,
2185 5448 2443 5501 expresse
2498 5435 2756 5503 scriptum
2817 5452 2920 5491 non
2968 5450 3069 5491 est.
3132 5438 3201 5495 Ut
3256 5453 3493 5513 estergo

1932 5524 2252 5586 verisimile,
2284 5538 2361 5578 ea
2420 5534 2543 5578 sunt
2572 5540 2691 5593 qua
2726 5528 2779 5580 in
2815 5529 3097 5595 superiore
3123 5546 3329 5587 canone
3358 5549 3492 5589 cen-

1932 5616 2192 5669 tincntur.
2221 5613 2359 5685 Lege
2387 5627 2440 5669 et
2466 5616 2667 5670 dictum
2687 5633 2947 5671 canonem
2977 5619 3009 5672 6
3032 5625 3219 5692 synodi
3254 5630 3491 5692 septima

1931 5709 1984 5753 et
2013 5716 2277 5758 canoneut
2305 5704 2337 5759 6
2370 5709 2557 5775 synodi
2594 5711 2645 5763 in
2675 5708 2883 5780 Trullo,
2918 5723 2973 5767 et
3002 5729 3119 5783 qua
3162 5715 3215 5771 iu
3244 5716 3329 5772 bis
3349 5719 3485 5773 scri-

1934 5803 2022 5862 pta
2054 5804 2197 5849 sunt.
