4212 6440
733 383 835 447 29]

1994 382 2265 444 THEOD.
2297 382 2525 441 BALSA
2536 378 2587 440 Μ
2593 382 2691 442 ON

3848 396 3955 463 29?

803 488 1057 543 ZONAR.
1126 486 1223 542 llic
1267 502 1484 558 quoque
1527 502 1722 551 canon,
1785 489 2035 557 quamvis
2081 489 2149 543 de
2186 503 2292 541 uno
2322 490 2372 550 Α
2456 490 2466 539 1

2322 490 2372 550 Α
2456 490 2706 544 ΣΩΝΑΡ.
2739 494 2847 546 Καὶ
2871 490 3027 557 οὗτος
3055 498 3081 547 ὀ
3113 498 3296 551 κανὼν
3347 497 3436 552 διὰ
3472 495 3568 551 τοῦ
3608 502 3726 566 ἑνὸς
3764 509 3955 562 τούτου

732 583 992 649 epist-opu
1045 582 1248 645 editus,
1281 580 1402 632 aliis
1451 578 1703 633 onmibus
1755 579 1820 631 ad
1853 580 2115 646 synodum
2181 582 2299 635 sine

735 670 841 720 ulla
880 683 1104 735 prorsus
1142 668 1584 735 tergiversatione
1626 667 1980 721 conveniendi
2005 670 2299 721 necessita-

734 770 836 813 tem
873 761 1120 827 imponit,
1151 774 1214 812 ac
1238 760 1303 812 iis
1333 760 1425 828 qui
1495 757 1681 811 venire
1723 758 2092 825 neglexerint,
2145 773 2296 813 com-

734 854 993 905 minatur.

732 940 895 1011 615
952 940 1177 994 ARIS'I‘.
1230 961 1247 991 ι
1310 939 1638 994 Cresconius
1674 940 1873 995 litteris
1904 940 1971 994 ad
2030 940 2296 1010 synodum

819 1052 837 1083 ι
878 1043 1124 1091 vocatus.
1164 1032 1265 1085 nisi
1294 1046 1352 1085 se
1389 1033 1606 1093 stiterit,
1640 1031 1778 1084 sciat
1819 1034 2144 1085 sententiam
2168 1045 2298 1085 con-

812 1142 829 1172 ι
866 1135 944 1174 tra
982 1137 1039 1175 se
1075 1122 1336 1174 edendam
1376 1121 1510 1174 fore.
1553 1140 1572 1171 ι
1611 1120 1948 1188 Perspicuus.

1266 1213 1351 1265 CA
1364 1210 1493 1264 NON
1526 1210 1762 1265 LXXXI.

743 1328 760 1355 ι
803 1306 875 1358 De
938 1305 1280 1359 curatoribus
1335 1304 1593 1357 Ecclesia
1656 1302 2030 1369 Hipponensis.
2089 1302 2299 1354 Rursus

819 1418 835 1446 ι
874 1397 1094 1465 placuit,
1125 1395 1380 1463 quoniam
1441 1393 1694 1448 Ecclesia:
1755 1392 2112 1458 Hipponensis
2141 1407 2301 1445 cura-

812 1508 830 1539 ε
874 1501 1047 1540 torum
1078 1487 1359 1542 destitutio
1393 1501 1495 1538 non
1522 1496 1607 1539 est
1634 1485 1835 1537 diutius
1862 1483 2211 1551 negligenda;
2247 1490 2302 1534 et

811 1593 828 1624 ι
870 1576 994 1643 quia
1028 1574 1293 1637 ecclesiae,
1315 1589 1433 1640 qua:
1473 1572 1581 1625 illic
1610 1581 1755 1635 sunt,
1788 1570 2101 1624 detinentur
2132 1570 2201 1623 ab
2235 1570 2300 1621 iis

814 1685 830 1714 ι
874 1667 963 1729 qni
1021 1667 1384 1732 prodigiosam
1422 1662 1624 1732 Ecytii
1674 1663 2109 1716 communionem
2144 1676 2300 1715 recu-

814 1773 829 1801 ι
876 1763 1065 1805 μαι-ιιιιι
1103 1772 1117 1806 ι
1156 1754 1336 1807 missis
1368 1768 1431 1805 ex
1470 1752 1717 1819 prmsenti
1776 1752 1982 1821 synodo
2007 1752 2295 1820 episcopis,

805 1862 820 1891 ι
857 1844 1121 1910 ltliegino,
1155 1843 1370 1911 Alypio,
1407 1841 1729 1911 Augustino,
1757 1838 2021 1902 Materno,
2044 1839 2297 1905 Tlteasio,

810 1956 826 1983 ι
876 1936 1096 1997 Evodio,
1153 1933 1405 1987 Placiano
1431 1972 1444 1994 ,
1482 1932 1719 1994 Urbano,
1774 1932 2007 1994 Valerio,
2036 1932 2293 1994 Amaebio,

801 2044 817 2074 ι
859 2024 1178 2087 Fortunato,
1236 2019 1634 2089 Quodvult‘deo,
1669 2024 1965 2086 llonorato,
2017 2020 2296 2086 Januario,

808 2133 825 2163 ι
854 2118 1023 2183 Apto,
1077 2115 1377 2179 Honorato,
1426 2114 1691 2181 Ampelio,
1759 2110 2093 2177 Victoriano,
2127 2109 2302 2164 Evan-

815 2226 830 2253 ι
871 2207 990 2272 gelo
1019 2216 1073 2257 et
1106 2205 1446 2271 Rogatiano;
1478 2214 1532 2257 et
1560 2203 1900 2272 congregatis
1939 2217 2003 2256 ac
2037 2204 2300 2257 correctis

814 2298 965 2363 «Oiis,
998 2299 1090 2364 qni
1154 2296 1493 2363 vituperabili
1528 2294 1822 2363 pertinacia
1857 2293 2096 2360 ejusdem
2130 2291 2297 2363 Αῐςγ-

812 2404 830 2435 ι
872 2387 928 2438 tii
962 2386 1143 2453 fugam
1181 2387 1599 2456 exspectandam
1645 2400 1768 2439 esse
1813 2386 2299 2449 existimaverunt,

812 2494 830 2523 ι
874 2492 994 2530 cum
1047 2478 1288 2529 omnium
1345 2476 1485 2529 votis
1514 2476 1580 2529 iis
1626 2475 1911 2544 episcopus
1952 2476 2204 2543 eligatur.
2245 2474 2302 2530 Si

810 2586 827 2616 ι
862 2576 1040 2620 autem
1082 2567 1251 2619 nolint
1280 2566 1352 2618 illi
1385 2565 1451 2619 de
1499 2580 1630 2633 pace
1660 2566 1894 2633 cogitare
1926 2606 1940 2630 ,
1963 2582 2029 2619 ne
2058 2567 2305 2627 pra:sulis

813 2676 829 2708 ι
868 2657 1117 2711 clectioni
1173 2656 1610 2724 impedimentum
1687 2654 1954 2720 all'erant,
2014 2656 2303 2724 quaminus

814 2770 831 2800 ι
869 2752 1148 2803 ordinetur
1192 2750 1259 2802 ad
1313 2749 1595 2803 utilitatem
1661 2749 1899 2803 ecclesiae
1944 2764 2063 2817 quae
2116 2748 2299 2802 tandiu

812 2862 831 2892 ι
875 2842 1133 2897 destituta
1157 2856 1257 2897 esu.
1289 2860 1307 2892 ι

2400 581 2705 635 ἐπισκόπου
2734 586 2980 656 ἀνάγκην
3019 590 3298 657 ἐπιτίθησι
3335 594 3443 653 τοῖς
3516 597 3844 659 ιπισκόποις
3878 601 3941 652 ὲν

2402 672 2522 733 ταῖς
2555 672 2797 737 συνόδοις
2836 676 3233 748 ἀπαραιτήτως
3283 687 3659 756 συνέρχεσθαι,
3699 691 3797 743 καὶ
3848 694 3959 754 τοῖς

2402 763 2804 831 καταφρονοῦσι
2836 766 2935 834 τῆς
2962 769 3326 835 συνελεύσεως
3354 775 3587 832 ἀπειλεῖ.

2401 927 2625 982 ΑΡΙΣΤ.
2664 946 2681 979 ι
2739 929 3038 1002 Γράμμασι
3073 934 3295 1004 κληθεὶς
3326 940 3403 999 είς
3434 940 3534 1007 τὴν
3571 940 3786 994 σύνοδον
3816 943 3961 1012 Κρεο

2477 1037 2495 1068 ι
2551 1019 2802 1085 σκὼνιος,
2838 1025 2889 1076 εί
2917 1026 2993 1095 μὴ
3020 1030 3429 1100 παραγένηται,
3467 1031 3599 1084 ίστω
3626 1033 3803 1101 ψῆφον
3835 1034 3959 1086 κατ’

2480 1126 2497 1157 ι
2540 1111 2707 1162 αὑτοῦ
2737 1115 3289 1187 ἐκφωνηθησομένην.
3328 1142 3346 1172 ι
3375 1124 3603 1191 Σαφῆς.

2982 1212 3217 1266 ΚΔΝΩΝ
3253 1216 3379 1267 ΠΝ.

2407 1317 2422 1346 ι
2472 1297 2606 1366 Περὶ
2640 1298 2749 1351 τῶν
2785 1302 2841 1351 ὲν
2886 1300 3107 1354 Ἰππῶνι
3142 1302 3477 1371 φροντιστῶν
3511 1303 3610 1370 τῆς
3644 1304 3962 1373 ἐκκλησίας.

2477 1408 2494 1438 ι
2545 1389 2711 1443 Πάλιν
2752 1392 2967 1459 ἧρεσεν,
3009 1392 3117 1455 ἴνα,
3159 1394 3347 1462 ἐπειδὴ
3387 1394 3483 1462 τῆς
3523 1394 3817 1463 ἐκκλησίας
3855 1398 3966 1448 τῶν

2479 1498 2496 1528 ι
2546 1480 2603 1531 ἐν
2674 1481 2897 1532 ἰππῶνι
2950 1482 3286 1552 φροντιστῶν
3334 1485 3366 1553 ή
3427 1484 3806 1550 ἐγκατάλειψις
3869 1487 3968 1538 οὐκ

2479 1589 2495 1619 t
2544 1571 2746 1637 ὀφείλει
2780 1572 3010 1622 ἐπιπολὺ
3038 1572 3396 1641 ἀμεληθῆναι,
3427 1578 3518 1625 καί
3552 1575 3741 1645 ἐπειδὴ
3767 1576 3823 1627 σί
3851 1579 3970 1629 ἐκεῖ

2479 1689 2496 1711 ι
2544 1662 2826 1730 ἐκκλησίαι
2858 1662 3176 1732 κατέχονται
3204 1666 3352 1734 παρὰ
3387 1666 3483 1735 τὴν
3510 1666 3707 1719 ἄτοπον
3742 1666 3836 1719 τοῦ
3869 1669 3964 1719 Δί-

2478 1773 2495 1803 ι
2543 1754 2726 1805 κυτίου
2750 1756 3031 1806 κοινωνίαν
3053 1757 3551 1825 παραιτησαμένων
3569 1774 3583 1788 ⁸
3613 1757 3970 1825 πεμφθέντων

2486 1865 2500 1894 ι
2548 1847 2609 1896 ὲκ
2638 1844 2736 1910 τῆς
2768 1846 3044 1915 παρούσης
3071 1846 3287 1898 συνόδου
3317 1848 3649 1913 ἐπισκόπων,
3690 1848 3966 1915 Ῥηγίνου,

2484 1956 2501 1987 ι
2549 1936 2825 2001 Ἀλυπίου,
2842 1937 3228 2003 Δύγουστίνου,
3247 1938 3550 2007 Ματὲρνου,
3573 1937 3818 1991 Θεασίοο.
3842 1938 3971 1990 Εὐο-

2485 2048 2500 2077 ι
2551 2027 2687 2090 δίου,
2707 2027 3040 2089 Πλακιανοῦ,
3057 2027 3362 2094 Οὺρδανοῦ.
3379 2028 3649 2096 Βαλερίου.
3671 2029 3967 2097 ’Δμοιόίου,

2482 2132 2499 2163 ι
2543 2114 2960 2181 Φουρτουνατου,
2993 2114 3463 2179 Κουοδϐουλτδέου,
3507 2118 3829 2183 Ὀνωράτου,
3863 2116 3970 2168 Ἰα-

2487 2222 2505 2253 ι
2554 2204 2827 2273 νουαρίου,
2861 2204 3087 2269 ’Δπτου,
3106 2205 3430 2274 Ὀνωράτου,
3448 2206 3758 2275 Ἀμπελίου,
3782 2208 3970 2259 Βιιιτο⁸

2486 2312 2504 2343 ι
2556 2292 2761 2363 ριανοῦ,
2793 2294 3134 2361 Εὐαγγέλλου
3176 2296 3268 2348 καὶ
3308 2295 3651 2363 Ῥογατιανοῦ
3673 2313 3688 2327 ·
3722 2299 3816 2348 καὶ
3846 2314 3971 2350 συν·

2486 2404 2501 2433 ι
2542 2385 2815 2453 αχθὲντων
2840 2384 2932 2436 καὶ
2960 2383 3349 2453 διορθωθέντων
3369 2387 3478 2438 τῶν
3494 2386 3735 2455 ὲπιψίγῳ
3755 2403 3948 2457 μονοτο
3963 2417 3974 2426 -

2486 2494 2503 2524 ι
2552 2474 2638 2542 νίᾳ
2666 2472 2763 2540 τὴν
2789 2472 2963 2540 φυγὴν
2992 2471 3084 2523 τοῦ
3102 2471 3267 2524 αὐτοῦ
3294 2474 3547 2524 Αίνκυτίου
3575 2472 3972 2542 προσδοκητέαν

2493 2585 2509 2614 ι
2562 2562 2954 2632 λογισαμένων,
2981 2562 3118 2630 μετὰ
3140 2564 3236 2631 τῆς
3258 2564 3473 2615 πάντων
3491 2562 3655 2630 εὐχῆς
3678 2561 3971 2621 ἐπίσκοπος

2489 2675 2505 2704 ι
2552 2655 2763 2717 τούτοις
2818 2654 3186 2724 χειροτονηθῇ.
3256 2653 3379 2705 Ἐὰν
3436 2654 3493 2705 δὲ
3552 2653 3625 2723 μὴ
3677 2653 3971 2721 θελήσωσιν

2491 2766 2507 2797 ι
2558 2747 2754 2799 ἐκεῖνοι
2777 2748 2874 2816 τὴν
2896 2746 3118 2815 εἰρήνην
3141 2746 3491 2811 κατανοῆσαι,
3549 2746 3623 2814 μὴ
3644 2743 3970 2811 ὲμποδίσωσι

2489 2858 2506 2887 ι
2554 2841 2618 2909 τῇ
2653 2839 2880 2907 ὲπιλογῇ
2910 2837 3002 2889 τοῦ
3035 2835 3319 2906 προέδρου,
3347 2837 3481 2905 πρὸς
3511 2835 3568 2886 τὸ
3597 2834 3965 2903 χειροτονηθῖῖ

2488 2948 2506 2979 ι
2556 2947 2644 2981 ναι
2689 2929 2766 2990 είς
2812 2927 3191 2998 χρησιμότητα
3228 2926 3455 3002 τῆς-ἐπὶ
3492 2924 3742 2979 τοσοῦτον
3787 2926 3976 2996 χρόνον

2489 3041 2509 3073 ε
2553 3019 3071 3088 ὲγκαταλειφθείσης
3101 3018 3268 3089 ὲκκλη
3280 3020 3414 3081 σίας.

810 3102 1005 3158 HALS.
1042 3104 1166 3156 Duae
1196 3114 1322 3157 sunt
1355 3102 1517 3157 urbes
1552 3103 1603 3155 in
1651 3101 1853 3164 Africa,
1883 3115 2002 3168 quae
2029 3099 2302 3168 Hippones
2330 3140 2375 3199 ο

2330 3140 2375 3199 c
2480 3113 2671 3164 ΒΑΛΣ.
2699 3110 2800 3161 Δύο
2826 3110 3006 3170 πόλεις
3032 3110 3167 3160 είσὶν
3188 3110 3264 3169 είς
3302 3107 3562 3177 ’Δφρικὴν
3595 3106 3855 3169 Ἱππῶνες
3879 3124 3976 3162 κα-

741 3209 1023 3250 vocantnr.
1070 3196 1126 3249 In
1158 3213 1261 3249 una
1293 3211 1482 3250 earum
1544 3204 1661 3248 erat
1718 3193 1963 3261 Equitius
1991 3194 2297 3263 cpiscOpus.

739 3289 803 3343 Et
832 3294 957 3357 quia
999 3289 1239 3342 nonnulli
1297 3290 1560 3341 adversus
1612 3301 1732 3339 cum
1782 3286 2212 3349 insurrexerunt,
2249 3296 2305 3339 et

736 3400 859 3437 cum
895 3399 960 3438 eo
991 3384 1428 3438 communionem
1463 3391 1801 3445 recusarunt,
1830 3394 1951 3449 quae
1976 3380 2179 3433 incerta
2212 3395 2302 3434 seu

740 3476 1010 3538 informis,
1070 3483 1231 3541 atque
1290 3476 1424 3529 adeo
1492 3473 1686 3541 injusta
1716 3473 1948 3535 dicitur;
2006 3473 2178 3523 visum
2222 3480 2307 3525 est

739 3564 887 3628 ipsos
939 3578 1034 3630 pcr
1074 3571 1335 3629 quosdam
1367 3562 1637 3615 antistites
1662 3560 1918 3613 refrenari
1952 3577 1964 3612 :
2008 3561 2090 3613 sin
2123 3569 2303 3612 autem

740 3668 923 3722 pacem
952 3654 1144 3716 nolint,
1175 3651 1339 3705 alium
1368 3652 1489 3719 eligi
1528 3653 1866 3721 episcopum.

813 3744 1068 3798 ZONAll.
1116 3744 1326 3814 llippon
1359 3743 1622 3799 Numidiae
1658 3746 1851 3798 civitas
1902 3754 1984 3799 est
2014 3763 2026 3799 :
2062 3742 2306 3797 Numidia

742 3852 868 3889 vero
922 3836 1191 3889 Africana:
1242 3836 1411 3902 regio.
1468 3833 1604 3888 Cum
1667 3844 1848 3888 autem
1888 3834 2008 3888 dua:
2038 3842 2221 3887 essent
2255 3832 2307 3901 in

738 3928 924 3979 Alt-ita
953 3928 1136 3990 urbes,
1171 3925 1428 3994 llipponis
1488 3926 1741 3991 nomine;
1790 3926 1841 3978 in
1900 3928 2089 3978 harum
2136 3926 2307 3978 altera

740 4018 991 4087 Equitius
1024 4020 1395 4088 episcopatum
1433 4020 1671 4085 gerebat.
1731 4017 1861 4069 Eum
1896 4016 2164 4080 nonnulli,
2198 4030 2298 4082 po-

740 4112 1019 4180 pularibus
1069 4124 1286 4179 quoque
1317 4108 1511 4163 studiis
1563 4110 1801 4175 subnixi,
1852 4110 2309 4163 vehementerin-

738 4200 1111 4264 sectabantur,
1159 4198 1411 4268 illiusque
1438 4199 1873 4253 communionem
1903 4239 1918 4263 ,
1946 4214 2101 4267 quam
2140 4196 2309 4251 infor-

744 4306 908 4353 mem,
936 4297 1222 4358 propterea
1254 4286 1398 4357 quod
1430 4303 1461 4341 a
1485 4287 1691 4357 synodo
1726 4288 1946 4341 minime
1969 4289 2183 4341 decreta
2220 4293 2311 4339 aut

742 4380 943 4431 indicta
1004 4384 1174 4443 esset,
1222 4378 1461 4447 synodus
1496 4376 1803 4446 appellavit,
1858 4375 2194 4443 rejiciebant.
2230 4374 2309 4426 Ad

2407 3203 2684 3271 λούμεναι.
2713 3200 2929 3253 Τούτων
2952 3201 3007 3251 ὲν
3038 3200 3133 3268 μιᾷ
3162 3198 3410 3260 Δίκύτιος
3434 3199 3726 3262 ἐπίσκοπος
3748 3193 3838 3268 ἦν.
3867 3201 3975 3251 Καὶ

2406 3294 2526 3345 ἐπεί
2565 3310 2704 3355 τινες
2738 3293 3117 3358 ἐπανέστησαν
3149 3290 3242 3342 καὶ
3281 3294 3670 3360 παρῃτήσαντο
3707 3290 3803 3360 τὴν
3837 3292 3975 3357 μετὰ

2406 3384 2595 3437 τούτου
2642 3382 2948 3444 κοινωνίαν,
3001 3383 3097 3451 τὴν
3141 3382 3235 3433 καὶ
3263 3381 3466 3435 άτυλον
3508 3380 3813 3450 κληθεῖσαν,
3858 3383 3976 3448 ἦτοι

2407 3476 2688 3528 ἀτύπωτον
2730 3462 2849 3526 καὶ.
2880 3474 2944 3528 άδ
2970 3489 3086 3535 κον,
3131 3472 3279 3535 ἔδοξε
3338 3471 3424 3525 διά
3468 3489 3626 3525 τινων
3678 3474 3977 3541 ἀρχιερέων

2408 3565 2776 3632 ἀνασταλῆναι
2824 3563 3020 3636 αύτούς
3046 3580 3057 3592 ·
3110 3569 3157 3614 εί
3186 3563 3242 3615 δὲ
3279 3562 3377 3631 τὴν
3426 3562 3650 3631 εἰρήνην
3691 3564 3766 3631 μὴ
3816 3562 3975 3631 θελή-

2410 3670 2580 3714 σουσι,
2618 3652 2988 3720 χειροτονῆσαι
3024 3652 3314 3704 ὶπίσκοπον
3347 3650 3553 3719 ἓτερον.

2481 3744 2724 3796 ΖΩΝΑΡ.
2798 3741 3000 3793 Ἱππὼν
3058 3743 3154 3809 τῆς
3214 3742 3525 3812 Νουμηδίας
3578 3742 3728 3803 πόλις
3786 3742 3972 3794 ἐστίν’

2411 3837 2444 3903 ὴ
2474 3836 2531 3886 δὲ
2569 3833 2853 3903 Νουμηδία
2895 3835 3058 3901 μοίρα
3086 3832 3184 3901 τῆς
3231 3832 3517 3903 Ἀφρικῆς.
3549 3834 3651 3885 Δύο
3682 3833 3733 3885 δὲ
3756 3816 3897 3901 ἦσαν
3918 3834 3975 3883 ὲν

2412 3930 2546 3998 αὑτῇ
2596 3930 2777 3990 πόλεις
2816 3928 3082 3990 Ἱππῶνες
3125 3927 3474 3996 καλούμεναι,
3522 3926 3723 3981 τούτων
3774 3928 3834 3978 ιν
3878 3928 3977 3995 μιᾷ

2414 4019 2663 4079 Αίκύτιος
2692 4020 2990 4079 ἐπίσκοπος
3014 4014 3103 4087 ἦν,
3130 4010 3174 4084 ᾧ
3196 4019 3573 4087 ἐπανέστησαν
3591 4035 3756 4079 τινες,
3782 4014 3862 4079 οἷς
3885 4017 3977 4068 καί⁸

2415 4110 2602 4161 πολλοὶ
2634 4107 2728 4160 τοῦ
2750 4108 2881 4159 λαοῦ
2911 4106 3357 4177 συνυπήχθησαν,
3385 4107 3856 4176 παραιτησάμενοι
3882 4106 3977 4174 τὴν

2409 4199 2577 4252 αὐτοῦ
2608 4198 2911 4261 κοινωνίαν,
2942 4197 3010 4268 ἢν
3038 4198 3243 4250 άτυπον
3275 4202 3307 4269 η
3338 4199 3548 4261 σύνοδος
3572 4199 3873 4267 ὠνόμασεν,
3904 4198 3977 4258 ὡς

2416 4297 2491 4360 μη
2540 4290 2848 4359 ὁρισθεῖσαν
2882 4291 2975 4339 καὶ
3023 4288 3364 4341 τυπωθεῖσαν
3408 4290 3562 4358 παρὰ
3597 4290 3834 4341 συνόδου.
3883 4288 3979 4339 Διὰ

2415 4382 2544 4450 γοῦν
2579 4382 2675 4451 τὴν
2703 4380 2959 4449 τοιαύτην
2990 4382 3179 4434 στάσιν
3214 4378 3358 4444 ἔδοξε
3394 4379 3651 4447 σταλῆναί
3681 4396 3830 4440 τινας
3865 4380 3981 4429 licet

738 4480 862 4520 eam
912 4482 1040 4537 ergo
1093 4467 1418 4521 seditionem
1465 4467 1870 4535 opprimendam
1904 4464 2165 4534 quosdam
2197 4463 2309 4531 epi-
2341 4478 2385 4533 ι)

2341 4478 2385 4533 D
2415 4475 2517 4527 τῶν
2549 4472 2883 4538 ἐπισκόπων,
2919 4473 3006 4524 ἴνα
3030 4513 3045 4534 ,
3079 4473 3127 4523 εί
3157 4472 3426 4534 δυναίντο,
3458 4470 3855 4540 διορθώσωνται
3878 4467 3977 4537 τὴν

738 4572 935 4626 scopas
969 4574 1035 4611 ex
1077 4558 1180 4613 boc
1210 4558 1330 4611 loco
1357 4558 1650 4610 mittendos
1678 4572 1799 4611 esse
1829 4569 2181 4620 censuerunt,
2227 4566 2307 4620 ut,

736 4648 781 4701 si
825 4647 940 4701 ﬁeri
994 4648 1184 4717 possit,
1216 4647 1447 4700 tumultu
1488 4647 1712 4711 sedato,
1748 4646 2070 4701 dissidentes
2122 4648 2311 4702 conci-

736 4740 909 4805 lient;
974 4739 1057 4794 vel
1112 4741 1156 4794 si
1214 4740 1264 4793 id
1312 4740 1491 4792 minus
1557 4740 1878 4803 obtineant,
1926 4738 2286 4808 Hipponensis

743 4834 998 4887 Ecclesia
1033 4834 1254 4887 utilitati
1287 4832 1654 4895 consulentes,
1687 4847 1805 4898 qua:
1832 4832 2032 4898 jamdiu
2070 4831 2307 4895 deserta,

739 4923 844 4975 boc
889 4933 995 4987 est,
1043 4938 1071 4974 a
1106 4936 1203 4975 suo
1238 4922 1491 4975 antistite
1521 4922 1777 4973 destituta
1820 4929 1926 4985 est,
1960 4921 2197 4990 aliquem
2232 4920 2311 4973 in-

736 5014 896 5065 terim
933 5014 985 5064 in
1027 5026 1089 5064 ea
1120 5013 1438 5079 episcopum
1470 5013 1828 5064 constituant.

732 5103 962 5159 ARIST.
1007 5120 1025 5153 ι
1064 5102 1249 5157 Visum
1282 5114 1385 5167 est,
1432 5112 1488 5156 ut
1522 5114 1641 5171 post
1674 5102 1872 5172 Equitii
1905 5105 2309 5160 condemnatio-

813 5214 831 5245 ι
872 5210 993 5247 nent
1024 5196 1264 5248 omnlum
1294 5196 1433 5247 votis
1463 5196 1748 5264 cpiscopus
1784 5196 2010 5266 llipponi
2050 5199 2311 5266 praeﬁcia-

813 5306 833 5338 ε
871 5300 988 5341 tur:
1013 5297 1067 5340 et
1098 5288 1182 5339 isti
1218 5302 1552 5353 nequaquam
1578 5288 1871 5357 impediant
1894 5290 2022 5356 quin
2055 5290 2105 5340 in
2127 5287 2311 5343 Eccle-

813 5400 829 5430 ι
882 5382 960 5433 sia
998 5377 1193 5448 pracsul
1220 5380 1519 5433 ordinetur.
1554 5398 1573 5429 ι

804 5556 1067 5613 Omnibus
1125 5559 1344 5628 placuit,
1378 5567 1437 5613 ut
1478 5560 1530 5612 in
1564 5557 1825 5628 llipponis
1883 5561 2175 5617 Ecclesiam
2211 5577 2298 5614 or-

745 5651 1028 5704 dinaretur
1081 5653 1371 5721 cpiscopus
1405 5653 1660 5720 episcopo
1697 5653 1841 5708 illius
1881 5653 2096 5721 Eqnilio
2137 5657 2306 5724 depo—

737 5754 867 5808 suo,
898 5752 951 5797 et
986 5744 1165 5799 nullos
1204 5761 1390 5801 eorum
1425 5749 1517 5816 qui
1555 5747 1605 5801 ei
1643 5750 2073 5803 atlverSab.intttr
2136 5749 2309 5819 impe-

2414 4568 2640 4629 στάσιν,
2681 4564 2773 4617 καί⁵
2809 4562 3186 4628 καταλλάξωσι
3216 4563 3341 4621 τοὺς
3382 4562 3811 4619 στασιάσαντας·
3846 4560 3893 4609 εί
3922 4558 3978 4609 δὲ

2415 4659 2489 4728 μὴ
2524 4657 2701 4721 τοῦτο,
2735 4657 3156 4727 χειροτονήσωσι
3180 4654 3315 4714 τέως
3342 4653 3638 4705 ἐπίσκοπον
3677 4652 3755 4713 είς
3787 4665 3979 4719 χρησι-

2415 4749 2621 4815 μότητα
2650 4748 2749 4816 τῆς
2777 4748 2834 4799 ἐν
2884 4742 3108 4796 Ἰππῶνι
3142 4743 3466 4812 ἐκκλησίας,
3519 4744 3685 4811 ἢγουν
3720 4743 3798 4801 εις
3828 4739 3980 4805 ὠφέ-

2408 4841 2559 4891 λειαν
2606 4840 2703 4908 τῆς
2744 4838 2837 4890 ἐπὶ
2880 4836 3046 4889 πολὺν
3094 4835 3282 4905 χρόνον
3334 4833 3807 4904 καταλειφθείσης,
3860 4832 3978 4900 ἦτοι

2411 4931 2551 5000 χωρὶ
2562 4949 2579 4991 ;
2614 4929 2913 4982 ἐπισκόπου
2949 4926 3133 4997 οὔσης.

2408 5108 2629 5160 ΔΡΙΣΤ.
2700 5126 2719 5158 ι
2773 5107 2958 5171 Ἔδοξε
2997 5107 3135 5177 μετὰ
3182 5107 3280 5177 τὴν
3318 5104 3576 5159 Αίκυτίου
3616 5100 3977 5168 κατάκρισιν,

2486 5215 2504 5247 ι
2555 5198 2689 5265 μετὰ
2728 5198 2829 5267 τῆς
2860 5199 3078 5251 πάντων
3120 5198 3283 5266 εὐχῆς
3309 5195 3609 5247 ἐπίσκοπον
3634 5193 3731 5261 τῆς
3760 5194 3817 5243 ὲν
3868 5190 3982 5242 Ἱπ-

2487 5306 2503 5336 ι
2554 5288 2695 5341 πῶνι
2731 5290 3200 5359 προχειρισθῆναι,
3240 5287 3332 5338 καὶ
3363 5285 3629 5355 μηδαμῶς
3657 5284 3856 5344 αὐτοὺς
3881 5285 3985 5348 Ep.-

2486 5399 2502 5430 ι
2553 5379 2769 5431 ποδίσαι
2827 5383 2906 5445 εἰς
2970 5378 3030 5431 τὸ
3089 5376 3534 5447 χειροτονηθῆναι
3598 5374 3860 5443 πρόεδρον
3918 5372 3981 5439 τῇ

2487 5494 2503 5524 ι
2552 5472 2834 5543 ἐκκλησίᾳ.
2897 5491 2915 5522 ι

2486 5565 2690 5635 Ἤρεσε
2726 5566 2889 5617 πᾶσιν
2917 5566 2996 5623 είς
3028 5562 3121 5629 τὴν
3158 5563 3215 5612 ἐν
3262 5560 3490 5613 Ἱππῶνι
3521 5557 3819 5625 ἐκκλησίαν
3851 5573 3985 5621 προ·

2412 5656 2748 5726 χειρωθῆναι
2803 5655 3100 5707 ἐπίσκοπον
3152 5652 3245 5704 τοῦ
3292 5652 3593 5705 ἐπισκόπου
3636 5649 3835 5717 ταύτης
3892 5647 3985 5701 τοῦ

2413 5748 2670 5799 Αξκυτίου
2724 5746 3159 5811 καθαιρεθέντος,
3209 5745 3298 5795 καὶ
3347 5746 3420 5813 μή
3473 5758 3628 5803 τινας
3680 5741 3789 5794 τῶν
3832 5741 3985 5791 ἀντι-
