4212 6440
238 404 342 465 993

1210 409 1290 470 IN
1326 412 1487 474 CAN.
1539 413 1839 473 LXXXIII
1876 413 2084 473 CONC.
2117 411 2487 471 CAII'I‘I‘IAG.

3360 410 3467 471 29’s

238 515 577 585 ποιουμένων
604 515 810 569 ἑκείνου
846 517 1132 584 ιμποδίσαι
1158 521 1235 580 είς
1260 521 1321 573 τὸ
1351 524 1792 591 χειροτονηθῆναι
1822 528 1866 583 Α
1897 542 1901 567 ε

1822 521 2051 583 Adire,
2108 521 2398 590 quominus
2462 518 2528 572 ad
2612 518 2885 586 Ecclesiae,
2945 520 3129 574 tandiu
3212 521 3465 589 episcoiio

236 606 541 657 ἐπίσκοπον
570 608 647 667 είς
676 606 941 672 ὠφέλειαν
970 607 1067 674 τῆς
1099 609 1410 681 ἐκκλησίας,
1441 610 1540 675 τῆς
1578 611 1675 662 επὶ
1713 627 1801 662 τοο

244 696 437 750 σοῦτον
465 698 656 766 χρόνον
690 698 857 766 χωρὶς
891 699 1192 752 δπισκόπου
1226 702 1696 771 καταλειφθείσης.

839 788 1077 842 ΚΑΝΩΝ
1108 789 1228 844 IIB'.

247 895 260 926 i
311 879 451 947 Περὶ
477 879 586 930 τῶν
618 878 691 946 μὴ
721 880 1115 946 φροντιζόντων
1145 881 1424 950 κληρικῶν
1450 881 1600 943 ιντδς
1625 883 1805 933 ινιαυ-

316 989 333 1020 ι
384 968 478 1020 τοῦ
500 968 703 1036 πρᾶξαι
728 970 788 1020 τὸ
808 970 942 1023 ίδιον
966 975 1211 1039 πρᾶγμα.
1244 974 1410 1025 Πάλιν
1440 971 1671 1041 ὡρίσθη,
1701 972 1805 1036 ivx,

319 1077 337 1108 ι
384 1060 571 1119 ὁσάκις
600 1060 876 1127 κληρικῶν
898 1062 1281 1129 έλεγχθέντων,
1305 1066 1397 1115 καὶ
1422 1063 1807 1131 διατιθεμένων

310 1167 327 1197 ι
377 1148 500 1199 τινα
525 1150 839 1216 έγκλήματα
860 1151 969 1202 εἴτε
1001 1152 1089 1204 διὰ
1116 1151 1175 1203 τδ
1206 1153 1306 1220 τῆς
1339 1154 1631 1221 ἐκκλησίας
1666 1154 1807 1204 lives-

312 1259 329 1288 ι
381 1237 469 1301 δος
494 1240 602 1290 εἴτε
630 1240 715 1292 διὰ
737 1241 835 1309 τὴν
866 1242 1270 1309 αἰδεσιμότητα,
1300 1237 1394 1312 (ὧν
1418 1245 1577 1312 χάριν
1599 1248 1806 1306 τούτοις

313 1345 330 1374 ι
378 1328 591 1393 γίνεται
617 1330 827 1396 φειδὼ),
858 1331 969 1382 εἴτε
988 1331 1077 1382 διὰ
1101 1332 1199 1398 τὴν
1216 1333 1445 1395 ἀλαζόνα
1474 1333 1581 1385 τῶν
1610 1333 1809 1403 αίρετι-

312 1440 330 1471 ι
382 1422 495 1474 κῶν
540 1425 634 1474 καὶ
663 1424 889 1475 ἐθνικῶν
930 1426 1337 1493 έπιγαυρίασιν,
1373 1427 1489 1490 ἐὰν,
1532 1427 1605 1489 ὡς
1640 1428 1806 1492 είκδς,

314 1530 330 1560 ι
379 1512 819 1577 έπαγωνίσασθαι
848 1512 927 1579 τῷ
957 1513 1071 1582 ίδίῳ
1100 1516 1406 1583 πράγματι,
1435 1518 1523 1568 καὶ
1550 1516 1644 1586 τῆς
1678 1517 1811 1579 ἰδίας

316 1619 332 1651 ι
384 1602 672 1663 ἅδλαδείας
700 1603 982 1668 φροντίσαι
1006 1605 1320 1673 θελήσωσιν.
1348 1607 1494 1667 έντὺς
1516 1609 1811 1677 ἀκοινωνη-

315 1712 332 1743 ι
385 1695 505 1755 σίας
546 1691 790 1745 ἐνιαυτοῦ
842 1693 998 1745 τοῦτο
1045 1695 1374 1763 ποιήσωσινο
1426 1697 1521 1749 έὰν
1568 1697 1621 1749 δὲ
1663 1696 1811 1758 έντὺς

313 1803 331 1832 s
380 1782 624 1835 ἐνιαυτοῦ
648 1789 709 1833 τὸ
744 1785 971 1851 πρᾶγμα
1002 1784 1183 1836 αὐτῶν
1212 1784 1447 1853 καθᾶραι
1471 1786 1814 1854 καταφρονή-

1907 612 2199 675 destitutae,
2230 612 2509 665 utilitatem
2539 615 2821 681 episcopus
2855 613 3150 667 ordinetur.

2430 790 2657 845 CANON
2698 790 2957 847 LXXXII.

1914 899 1931 929 ι
1974 878 2045 932 De
2098 882 2333 943 clericis,
2360 883 2447 948 qui
2506 898 2609 935 non
2642 894 2831 937 curant
2864 898 3016 935 suam
3078 884 3216 936 intra
3270 900 3463 938 annum

1986 988 2005 1020 s
2041 984 2256 1023 causam
2284 987 2463 1041 agere.
2498 972 2727 1026 Rursum
2756 976 3037 1027 decretum
3084 984 3187 1037 est,
3229 986 3285 1026 ut
3321 991 3461 1041 quo-

1986 1078 2003 1109 ι
2039 1062 2161 1125 ties,
2188 1061 2401 1114 clericis
2431 1062 2717 1125 accusatis,
2754 1072 2810 1116 et
2844 1062 3150 1129 aliquorum
3176 1062 3464 1116 criminum

1985 1172 2001 1201 ι
2044 1152 2092 1203 iu
2117 1166 2210 1205 eos
2244 1153 2387 1205 dicto
2425 1155 2758 1215 testimonio,
2812 1155 2926 1206 sive
2962 1162 3177 1221 propter
3214 1154 3466 1220 probrum

1984 1260 2001 1292 s
2040 1241 2307 1306 Ecclesiae,
2326 1243 2439 1294 sive
2455 1254 2671 1310 propter
2696 1245 3048 1296 reverentiam
3074 1244 3286 1312 (quibus
3303 1241 3474 1294 nonni-

1990 1350 2008 1382 ι
2043 1332 2197 1386 nibus
2214 1334 2289 1385 eis
2303 1335 2556 1399 parcitur)
2573 1334 2682 1384 sive
2700 1344 2914 1400 propter
2932 1334 3247 1387 insolentem
3266 1332 3391 1386 liam
3409 1335 3469 1383 t3-

1984 1440 2003 1474 s
2041 1437 2227 1477 eorum
2256 1432 2307 1473 et
2333 1421 2607 1490 gentilium
2627 1423 3055 1485 exsultationem,
3078 1426 3144 1488 si,
3169 1434 3223 1475 ut
3252 1439 3343 1491 par
3370 1432 3471 1485 est,

1988 1532 2005 1564 s
2042 1526 2259 1567 causam
2289 1525 2439 1564 suam
2466 1510 2769 1573 defendere,
2800 1520 2851 1565 et
2874 1528 2981 1565 sua
3003 1514 3287 1580 probandae
3316 1515 3472 1566 inno-

1987 1622 2005 1655 s
2042 1606 2231 1658 centim
2256 1617 2439 1657 curam
2465 1617 2652 1672 gerere
2686 1604 2972 1664 voluerint,
2994 1606 3093 1656 hoc
3118 1606 3255 1656 intra
3274 1619 3470 1657 annum

1986 1691 2612 1747 sexcomniunicationis
2667 1691 2910 1742 faciant:
2966 1691 3045 1742 sin
3100 1698 3279 1743 autem
3333 1692 3471 1743 intra

1988 1803 2005 1835 s
2051 1798 2248 1836 annum
2318 1797 2535 1836 causam
2606 1797 2757 1834 suam
2813 1795 3042 1849 purgare
3100 1782 3469 1849 neglexerint.

315 1891 333 1923 ι
386 1889 520 1924 σωσι
552 1872 787 1941 μηδεμία
806 1872 1009 1924 τούτων
1036 1874 1126 1925 τοῦ
1148 1874 1333 1926 λοιποῦ
1365 1876 1512 1945 φωνὴ
1534 1877 1810 1938 παντελῶς
1844 1858 1886 1915 Β

1844 1858 1886 1915 Β
1990 1895 2006 1927 ι
2054 1877 2195 1929 nulla
2248 1889 2432 1929 eorum
2490 1873 2743 1941 deinceps
2780 1887 2879 1925 vox
2941 1875 3161 1926 omnino
3222 1874 3473 1928 admitta-

315 1984 333 2015 s
385 1964 759 2033 προσδεχθείη.

308 2056 509 2107 ΒΑΛΣ.
546 2054 603 2107 '0
626 2054 811 2124 παρὼν
832 2053 1013 2107 κανὼν
1035 2056 1323 2125 διορίζεται
1344 2057 1469 2121 τοὺς
1493 2059 1804 2128 κληρικοὺς,

235 2148 365 2207 τοὺς
413 2146 504 2197 διὰ
535 2160 656 2197 τινα
699 2145 1017 2213 ἐγκλήματα
1049 2145 1405 2215 ἐλεγχθέντας
1430 2187 1443 2209 ,
1478 2148 1597 2217 ἦτοι
1636 2167 1808 2204 κατα-

240 2237 695 2307 μαρτυρηθέντας
726 2236 832 2288 ἀπὸ
863 2236 1207 2305 προλήψεως,
1242 2238 1556 2307 φροντίζειν
1586 2239 1679 2292 τοῦ
1712 2256 1807 2292 πε-

242 2328 558 2395 ρατωθῆναι
580 2327 675 2388 τὰς
699 2328 818 2379 κατ’
838 2327 1017 2378 αὐτῶν
1044 2326 1327 2389 ὑποθέσεις
1352 2330 1500 2391 ἐντὸς
1524 2330 1767 2383 ένιαυτοῦ
1792 2346 1806 2361 ⁸

238 2420 291 2469 εί
319 2417 377 2469 δὲ
413 2416 511 2485 μὴ.
546 2416 952 2469 ἀποκλείεσθαι.
983 2417 1165 2470 Ταῦτα
1189 2418 1246 2468 δὲ
1279 2420 1379 2469 οὐκ
1406 2418 1689 2485 ἐνεργοῦσι
1719 2420 1811 2490 σή-

242 2524 432 2577 μερον,
467 2508 554 2560 διὰ
597 2507 658 2559 τὸ
690 2508 797 2559 ἀπὸ
829 2506 1100 2577 διαφόρων
1133 2508 1361 2577 Νεαρῶν
1390 2511 1567 2563 πᾶσαν
1617 2510 1809 2579 ἐγκλη-

241 2598 487 2667 ματικὴν
552 2597 807 2649 ὑπόθεσιν
876 2600 955 2659 εἰς
1016 2599 1235 2669 διηνεκῆ
1306 2601 1497 2670 χρόνον
1563 2602 1810 2654 ὲπεκτείυ

244 2688 459 2741 νεσθαι.

310 2777 559 2831 ΖΩΝΔΡ.
603 2778 728 2830 Ἐὰν
759 2779 1010 2849 κληρικοὶ
1046 2780 1464 2849 κατηγορῶνται
1489 2779 1577 2833 las‘
1612 2781 1809 2844 αίτίαις

240 2870 640 2932 ἐκϐαλλούσαις
672 2872 865 2933 αὐτοὺς
894 2872 988 2924 τοῦ
1028 2872 1258 2941 κλήρου,
1289 2873 1354 2925 δι’
1379 2873 1445 2935 ἃς
1483 2875 1575 2926 καὶ
1609 2872 1809 2937 ὄνειδος

236 2961 339 3028 τῆς
377 2962 702 3028 Ἐκκλησίας
738 2965 897 3022 εἰσὶν,
933 2964 1006 3024 ὡς
1036 2964 1110 3032 μὴ
1138 2964 1316 3025 καλῶς
1358 2964 1615 3033 βιοῦντες,
1646 2967 1811 3019 ἁπαι-

236 3054 324 3103 τεῐ
374 3052 573 3114 αὐτοὺς
615 3056 644 3105 6
689 3055 868 3106 κανὼν
897 3057 1047 3115 έντδς
1077 3055 1325 3106 ἐνιαυτοῦ
1363 3055 1810 3120 έπαγωνίσασθαι

1987 1985 2004 2016 1
2049 1978 2154 2019 IIII'.
2188 1984 2204 2015 ο

1984 2056 2177 2109 BALS.
2238 2056 2478 2109 Prmsens
2541 2070 2713 2108 canon
2778 2056 2981 2117 statuit,
3035 2063 3092 2106 ut
3142 2054 3344 2119 clerici,
3378 2056 3469 2122 qui

1912 2158 2130 2217 propter
2161 2149 2387 2202 crimina
2420 2158 2547 2201 sunt
2602 2148 2862 2209 accusati,
2897 2147 3009 2201 sive
3042 2149 3307 2201 adversus
3335 2163 3471 2215 quos

1911 2239 2275 2294 testimonium
2306 2238 2471 2308 616
2527 2239 2725 2291 dictum
2779 2249 2861 2291 est
2905 2253 2969 2291 ex
3019 2240 3469 2306 praesumptione,

1910 2340 2101 2385 curent
2151 2340 2205 2384 ut
2256 2346 2431 2385 causa:
2484 2330 2741 2385 adversus
2770 2344 2878 2399 geos
2932 2332 3069 2383 intra
3112 2344 3308 2381 annum
3346 2345 3469 2397 per-

1910 2433 2135 2491 agantur
2163 2440 2177 2477 :
2213 2423 2294 2476 sin
2349 2422 2525 2475 minus
2555 2420 2927 2474 excludantur.
2956 2418 3078 2473 llaec
3107 2427 3281 2471 autem
3315 2420 3471 2473 lioilic

1912 2529 2015 2566 non
2080 2522 2206 2565 sunt
2246 2514 2295 2563 in
2330 2526 2430 2564 usu
2488 2528 2501 2563 :
2543 2525 2607 2563 eo
2654 2510 2797 2580 quod
2847 2525 2911 2564 ex
2972 2510 3200 2563 diversis
3236 2508 3469 2562 Novellis

1909 2602 2089 2655 omnis
2142 2600 2445 2655 criminalis
2475 2613 2640 2654 causa
2682 2600 2733 2652 in
2768 2609 3085 2669 perpetuum
3129 2608 3339 2667 tempus
3370 2614 3467 2652 ex-

1911 2692 2183 2743 tendatur.

1982 2778 2233 2833 ZONAR.
2288 2779 2344 2833 Si
2402 2780 2584 2835 clerici
2644 2780 2714 2834 ob
2762 2781 3014 2844 crimina,
3070 2792 3292 2850 propter
3354 2794 3471 2850 qua

1910 2868 2057 2922 clero
2093 2871 2335 2923 movendi
2361 2870 2488 2936 sint,
2520 2881 2867 2933 :iccusentur,
2900 2885 2964 2923 ex
2991 2870 3189 2939 quibus
3218 2872 3472 2924 Ecclesiae

1912 2974 2147 3027 quoque,
2179 2960 2331 3027 quasi
2379 2960 2647 3027 flagitiosa
2684 2962 2751 3013 sit
2790 2962 3109 3013 clericorum
3145 2962 3276 3023 vita,
3314 2963 3468 3028 igno-

1912 3050 2093 3102 minia:
2117 3048 2293 3116 aliqua
2325 3050 2472 3103 labes
2508 3059 2864 3118 aspergatur;
2897 3050 3061 3118 exigit
3084 3050 3151 3103 ab
3180 3051 3245 3104 iis
3274 3065 3471 3113 cancri,

239 3143 483 3209 καθᾶραι
514 3143 736 3203 ἑαυτοὺς
768 3145 864 3209 τῆς
896 3144 1255 3211 κατηγορίας,
1288 3142 1397 3193 εῐτε
1425 3143 1513 3195 διὰ
1538 3146 1636 3211 τὴν
1670 3145 1809 3196 αίδε-
1835 3178 1879 3239 C

1835 3178 1879 3239 C
1916 3150 1974 3192 ιιι
2014 3142 2172 3193 unius
2203 3141 2329 3193 anni
2366 3141 2542 3207 spatio
2593 3155 2653 3195 se
2702 3145 2767 3194 ab
2796 3156 2881 3204 ea,
2929 3157 3047 3210 qua:
3086 3144 3136 3196 in
3169 3144 3317 3210 ipsos
3342 3159 3472 3195 con-

238 3232 530 3301 σιμότητα,
566 3234 732 3302 ἤγουν
759 3234 818 3284 τὸ
849 3234 1065 3300 ιντιμον
1088 3233 1196 3285 τῶν
1221 3232 1445 3302 βαθμῶν
1462 3233 1556 3285 τοῦ
1579 3234 1805 3303 κλήρου,

236 3324 305 3373 ὅτ’
336 3323 364 3374 ὃ
396 3323 491 3375 καὶ
525 3324 820 3388 φείδονται,
850 3323 937 3374 ἵνα
980 3323 1054 3391 μὴ
1085 3324 1421 3393 ἀτιμάζηται
1456 3326 1487 3392 ἡ
1521 3326 1807 3394 ἱερωσύνη,

242 3414 268 3479 ῆ
295 3414 383 3465 ὅσα
411 3413 474 3464 τὸ
508 3414 582 3482 μὴ
623 3416 1051 3482 κατεπαίρεσθαι
1082 3416 1206 3477 τοὺς
1244 3416 1553 3484 αίρετικοῦς
1581 3417 1639 3479 εξ
1678 3417 1811 3468 ἀλα-

238 3502 479 3562 ζονεὲας,
532 3505 627 3552 καὶ
668 3504 1029 3567 καταφρονεῖν
1072 3504 1170 3567 τῆς
1215 3502 1534 3570 ἱερωσύνης,
1585 3503 1704 3555 καθ’
1752 3504 1811 3555 ὃν

237 3590 491 3641 ένιαντδν
520 3592 614 3640 καὶ
643 3590 996 3657 ἁκοινὼνητοί
1028 3592 1155 3644 είσι.
1186 3591 1283 3642 Διά
1308 3592 1464 3643 τοῦτο
1498 3593 1602 3661 γὰρ
1629 3592 1689 3655 ἐξ
1712 3594 1809 3661 ἀρ-

240 3677 341 3744 χῆς
374 3679 404 3727 6
440 3676 619 3728 κανὼν
652 3677 1006 3745 ἐλεγχθέντας
1042 3679 1238 3739 αὐτοὺς
1268 3678 1570 3747 ὠνόμασεν,
1608 3681 1706 3749 οὐχ
1737 3681 1810 3742 ὡς

234 3766 461 3828 τελείως
498 3767 964 3837 ἀποδεδειγμένων
1001 3770 1107 3820 τῶν
1135 3769 1255 3820 κατ’
1303 3771 1483 3822 αὐτῶν
1530 3772 1811 3839 εἰσαχθέν-

235 3874 381 3911 ἐι-ιν⁸
426 3860 459 3927 ἢ
496 3860 604 3927 γὰρ
649 3860 715 3911 ἂν
760 3862 854 3911 καὶ
878 3859 1286 3928 καθῃρέθησαν,
1335 3862 1383 3911 εἰ
1428 3860 1806 3930 ἠλέγχθησαν’

238 3950 353 4002 ἀλλ’
383 3949 460 4009 ὡς
494 3950 817 4019 προλήψεων
849 3950 944 4002 καὶ
978 3952 1099 4002 κατ’
1135 3951 1316 4002 αὐτῶν
1341 3951 1618 4012 δοθεισῶν,
1647 3950 1714 4002 δι’
1746 3950 1812 4014 ἃς

238 4042 337 4092 καὶ
368 4041 739 4109 ἁκοινωνησίᾳ
770 4043 1202 4109 ἐπετιμήθησαν.
1247 4042 1309 4094 Εί
1344 4041 1440 4109 μιν
1474 4040 1566 4093 οὖν
1596 4042 1683 4095 διὰ
1714 4043 1809 4094 τοῦ

236 4128 489 4181 ἐνιαυτοῦ
511 4130 867 4183 σπουδάσουσι
887 4130 1155 4198 καθαροὺς
1176 4133 1399 4194 ἑαυτοὺς
1421 4133 1694 4197 ἀποδεῖξαι
1706 4135 1811 4187 τῶν

236 4221 606 4287 ὲγκὶὴμάτων
630 4260 645 4281 .
681 4221 775 4271 καὶ
821 4219 913 4271 τοῦ
949 4222 1225 4287 ἐπιτιμίου
1270 4222 1677 4291 κωλυθήσονται
1707 4239 1721 4253 ⁸
1761 4226 1810 4277 εί

234 4312 292 4362 δὲ
334 4313 412 4378 μὴ
453 4311 812 4381 ἁπρόσδεκτοι
863 4312 1075 4362 ἔσονται
1113 4312 1252 4381 para
1313 4313 1480 4365 ταῦτα
1514 4314 1669 4382 λόγον
1698 4318 1809 4367 είσ-

234 4412 487 4461 αγοντες.

236 4663 466 4717 ΑΡΙΣΤ.
509 4679 529 4715 s
587 4664 971 4732 Ἐλεγχόμενος
1012 4664 1267 4732 κληρικδς
1307 4665 1395 4715 ἐπ’
1455 4666 1805 4736 έγκλήματι,

316 4774 335 4806 ι
381 4757 479 4808 δαν
525 4753 966 4821 έπαγωνίσασθαι
1028 4754 1193 4823 λέγῃ,
1236 4755 1383 4818 ἐντὸς
1421 4758 1667 4810 ἐνιαυτοῦ
1708 4759 1807 4809 έπ-

313 4866 332 4895 s
380 4846 756 4913 αγωνιζέσοωο
782 4847 920 4913 μετὰ
944 4844 1001 4897 δὲ
1022 4844 1178 4897 τοῦτο
1201 4846 1341 4899 εστω
1373 4849 1752 4917 ἀπρόσδεκτος.
1783 4869 1801 4901 ι

323 4937 709 5006 Ἐλεγχόμενος
739 4934 825 4987 ἐπ’
860 4934 1170 5004 ἐγκλήμασι
1199 4938 1294 4989 καί
1319 4937 1417 5005 ἠδη
1457 4939 1809 5002 καταδικαζό-

238 5044 399 5097 μενος
442 5026 698 5099 κληρικδς
719 5065 734 5090 ,
769 5027 863 5079 ἐὰν
896 5027 979 5077 ιτι
1016 5024 1146 5098 λέγῃ
1181 5026 1441 5080 δύνασθαι
1473 5029 1808 5101 δικαιολογή-

237 5118 438 5172 σασθαι
488 5118 584 5172 καὶ
638 5118 833 5171 ἑαυτὸν
882 5118 1175 5171 ἀνεύθυνον
1229 5122 1605 5190 παραστῆσαι,
1656 5125 1808 5186 έντὸς

237 5209 491 5263 ἐνιαυτοῦ
511 5210 716 5278 ὀφείλει
741 5210 1201 5278 ἐπαγωνίσασθαιο
1228 5212 1366 5280 μετὰ
1384 5212 1442 5265 δὲ
1460 5214 1553 5267 τὸν
1571 5215 1809 5270 ένιαυτδν

236 5302 460 5371 οὐδεμία
476 5300 642 5354 αὐτοῦ
659 5302 987 5370 δικαιολογία
1014 5302 1484 5373 παραδεχθήσεται
1500 5308 1580 5369 εἰς
1592 5306 1650 5359 τὸ
1665 5310 1810 5361 δικα-

237 5394 460 5463 στήριον
491 5396 616 5446 ὅσον
654 5394 807 5457 αὐτὸ,
839 5395 975 5447 ἀλλὰ
1028 5396 1559 5466 καταδεδικασμένος
1610 5400 1764 5453 ἔσται
1791 5417 1803 5431 ’

235 5486 329 5535 καὶ
390 5486 436 5535 εἰ
467 5482 717 5552 βούλεται
745 5483 931 5536 ἔκτοτε
964 5485 1333 5552 ἐκκαλεῖσθαι,
1371 5489 1593 5541 ποιείτω
1630 5489 1806 5545 τοῦτο.

828 5577 1062 5629 ΚΑΝΩΝ
1092 5578 1213 5631 III".

319 5670 407 5729 Ὠς
434 5669 562 5730 τοὺς
583 5668 689 5719 ἀπὸ
704 5668 983 5739 ἀλλοτρίου
1004 5673 1367 5743 μοναστηρίου
1394 5674 1806 5743 ὑποδεχθέντας,

303 5778 324 5812 ς
376 5760 515 5830 μηδὲ
550 5762 881 5832 ἡγουμένους
920 5761 1014 5815 τοῦ
1056 5768 1454 5835 μοναστηρεου,
1497 5768 1628 5838 μηδὲ
1681 5770 1808 5839 κληο

1916 3230 2107 3294 fcrtur,
2164 3230 2317 3297 culpa
2370 3230 2601 3283 liberare
2651 3232 3007 3298 contendant;
3073 3232 3235 3302 idque
3269 3235 3348 3289 vel
3401 3236 3472 3289 ob

1913 3320 2273 3374 reverentiam
2330 3335 2422 3373 seu
2475 3322 2617 3375 sacri
2671 3324 2877 3376 ordinis
2909 3324 3221 3387 dignitatem
3254 3340 3475 3379 conser-

1916 3412 2168 3471 vandam,
2206 3424 2312 3476 quo
2340 3412 2555 3463 nomine
2597 3414 2677 3465 eis
2703 3413 2907 3466 interea
2960 3415 3219 3482 parcitur,
3275 3432 3340 3469 ne
3367 3433 3470 3483 qua

1913 3514 2065 3551 sacro
2112 3500 2285 3552 ordini
2336 3499 2566 3555 infamiae
2603 3513 2725 3555 nota
2760 3505 2979 3566 haereat,
3013 3506 3091 3558 vel
3123 3520 3188 3559 ne
3236 3508 3470 3561 haeretici

1913 3588 2165 3643 insolenti
2231 3590 2471 3645 vanitate
2519 3594 2838 3657 elferautur,
2867 3610 2930 3649 ex
2979 3610 3151 3663 eoque
3186 3600 3468 3652 sacerdotii

1915 3678 2295 3730 contemnendi
2355 3694 2542 3732 ansmn
2602 3684 2868 3751 accipiant
2930 3703 2944 3737 :
3001 3698 3175 3753 eoque
3235 3701 3377 3739 anno
3439 3705 3465 3738 ι

1911 3770 2298 3823 communione
2351 3786 2569 3840 quoque
2627 3775 2901 3828 abstinere
2925 3776 3093 3843 jubet.
3134 3776 3259 3828 Nam
3292 3788 3345 3831 et
3375 3793 3468 3832 eos

1912 3868 2202 3927 propterea
2268 3875 2443 3914 canon
2512 3864 2665 3917 initio
2718 3867 2993 3920 convictos
3022 3870 3332 3937 appellavit,
3367 3887 3469 3923 non

1912 3950 2036 4017 quia
2096 3951 2384 4006 manifesto
2447 3955 2671 4008 obnoxii
2723 3958 3041 4011 criminibus
3117 3969 3466 4026 tenerentur;

1912 4043 2189 4096 convictos
2240 4044 2383 4097 enim
2414 4059 2569 4112 ptena
2602 4048 2953 4116 depositionis
2981 4049 3124 4104 illico
3169 4062 3351 4105 secuta
3380 4068 3470 4107 es-

1912 4143 1993 4185 set
2029 4148 2043 4184 :
2085 4134 2180 4186 sed
2212 4136 2351 4201 quod
2386 4148 2668 4191 exstarent
2701 4138 2899 4191 iudicia
2937 4139 3219 4204 facinoris,
3251 4157 3313 4194 ex
3354 4146 3471 4210 qui-

1913 4222 2011 4274 bus
2049 4225 2244 4278 merito
2272 4228 2669 4282 COIIIIIIUIIIOIIIS
2701 4230 3003 4296 privatione
3060 4232 3269 4285 multati
3323 4244 3470 4289 sunt.

1912 4312 2055 4379 Ergo
2087 4315 2131 4367 si
2168 4316 2326 4370 unius
2364 4318 2491 4370 anui
2515 4320 2805 4375 intervallo
2837 4322 2962 4375 nulli
2996 4336 3052 4376 se
3086 4324 3254 4391 culpae
3288 4324 3472 4380 aliines

1913 4421 2033 4460 esse
2066 4410 2427 4476 ostenderint,
2451 4426 2480 4464 a
2509 4412 2672 4465 multa
2696 4428 2909 4482 quoque
2946 4416 3320 4471 liberabuntur
3347 4437 3361 4473 :
3390 4420 3471 4473 sin

1838 4504 1880 4559 υ
1913 4498 2094 4551 minus
2111 4513 2175 4551 eo
2195 4500 2400 4568 elapso,
2420 4503 2484 4554 ad
2505 4517 2726 4556 causam
2756 4505 3039 4571 agendam,
3067 4506 3149 4560 vel
3172 4508 3220 4560 si
3242 4508 3477 4563 maxime

1916 4588 2101 4650 velint,
2137 4602 2242 4642 non
2277 4591 2652 4646 admittentur.

1906 4677 2139 4732 -AltlS'I‘.
2177 4698 2196 4731 s
2230 4680 2471 4739 Clericus
2488 4685 2716 4739 crimine
2747 4690 3055 4750 convictus,
3087 4705 3132 4744 si
3165 4705 3224 4744 se
3256 4705 3476 4746 causam

1991 4789 2010 4819 s
2048 4785 2200 4824 suam
2227 4772 2576 4829 defensurum
2600 4777 2761 4841 dicat,
2797 4780 2933 4832 intra
2962 4795 3160 4833 annum
3188 4784 3475 4838 defendat:

1993 4877 2011 4909 ι
2039 4871 2225 4929 postea
2258 4877 2387 4917 vero
2415 4879 2521 4919 non
2553 4868 2895 4924 admittatur.
2928 4889 2946 4921 ι

1984 4950 2316 5007 Criminibus
2342 4967 2629 5011 accusatus
2662 4967 2716 5012 et
2739 4960 2848 5029 jam
2889 4962 3281 5019 coudenmatus
3320 4967 3486 5020 cieri.

1914 5055 2035 5104 cus,
2089 5042 2135 5095 si
2181 5044 2360 5097 adhuc
2411 5046 2555 5100 dicat
2587 5062 2647 5102 se
2692 5050 2815 5118 jura
2871 5067 2965 5106 sua
2999 5054 3243 5121 proferre
3296 5071 3480 5124 posse,

1913 5138 1968 5183 et
1999 5131 2234 5199 seipsum
2291 5134 2635 5189 innocentem
2662 5139 2913 5205 probare,
2944 5141 3085 5196 intra
3134 5159 3332 5199 annum
3373 5147 3480 5201 liti-

1914 5238 2041 5289 gare
2074 5224 2232 5278 debet
2268 5244 2282 5277 :
2314 5239 2436 5294 post
2484 5245 2682 5281 annum
2715 5241 2894 5285 autem
2956 5236 3098 5288 nulla
3159 5251 3339 5293 causcc
3369 5256 3481 5294 sua

1914 5316 2155 5370 defensio
2209 5318 2544 5383 admittetur,
2580 5322 2672 5375 sed
2715 5336 2977 5393 quantum
3011 5329 3076 5381 ad
3123 5330 3296 5395 ipsum
3329 5331 3481 5395 judi-

1915 5405 2061 5459 cium
2094 5407 2488 5463 condemnatus
2539 5412 2666 5465 erit.
2699 5413 2835 5467 Etsi
2869 5414 3031 5469 vellet
3080 5430 3263 5486 postea
3294 5424 3481 5491 appel-

1914 5495 2051 5561 lare,
2081 5497 2211 5551 illud
2241 5497 2423 5553 faciat.

2402 5596 2635 5651 CANON
2693 5599 2981 5655 LXXXIII.

1921 5702 1937 5733 ι
1992 5684 2058 5739 Ut
2090 5700 2203 5749 eos,
2233 5687 2321 5754 qui
2371 5703 2433 5739 cx
2468 5689 2645 5741 alieno
2680 5694 3012 5749 monasterio
3050 5698 3280 5763 suscepti
3329 5708 3479 5763 sunt,

1993 5796 2009 5827 ι
2044 5794 2139 5831 nec
2191 5774 2533 5834 tnonustcriis
2590 5782 2889 5852 praefectos,
2930 5804 3027 5843 nec
3072 5791 3297 5845 clericos
3324 5794 3476 5847 ordt-
