4212 6440
760 384 873 446 295

2026 378 2303 443 THEOD.
2346 381 2743 443 BALSAMON

3887 376 3998 439 296

844 523 859 551 ε
900 515 1031 555 nare
1068 500 1247 552 liceat.
1306 494 1570 550 Similiter
1630 494 1850 562 placuit.
1906 502 1963 547 ut
2024 495 2069 547 si
2119 494 2239 562 quis
2266 495 2406 554 οιΑ

2325 508 2330 545 :
2358 495 2406 554 Λ
2509 513 2527 544 ε
2578 494 2759 563 ρικοὺς
2785 491 2983 558 ἐξεῖναι
3007 495 3346 562 χειροτονεῖν.
3385 491 3615 561 Ὁμοίως
3634 491 3850 559 ἦρεσεν,
3884 492 3988 545 ἵνα.

845 613 862 644 ι
901 593 1079 646 alieno
1144 589 1471 642 nmnasterio
1530 586 1765 655 aliquem
1805 585 2125 652 susceperit,
2157 592 2209 635 et
2243 582 2323 634 vel

848 706 865 737 ε
909 684 972 737 ad
997 681 1305 738 clericatum
1331 682 1616 742 adducere,
1642 680 1724 731 vel
1751 676 2059 730 monasterii
2082 676 2163 729 sui
2192 689 2328 743 pra:-

841 798 857 827 ι
905 776 1104 828 fectum
1187 770 1524 825 constituere
1586 767 1835 829 voluerit,
1903 764 2325 833 episcopus,qui

842 887 858 917 ι
898 867 998 918 hoc
1035 862 1184 923 facit,
1218 876 1247 914 a
1289 861 1625 927 reliquorum
1684 856 2066 911 communione
2102 869 2326 922 separa—

841 975 858 1007 ε
902 966 1006 1017 tus,
1036 956 1105 1009 sit
1126 954 1239 1007 sola
1269 952 1350 1005 sui
1376 950 1554 1018 populi
1585 948 1967 1002 communione
1990 956 2277 1000 contentus
2308 963 2323 999 :

841 1067 857 1096 ε
893 1046 981 1099 ille
1015 1055 1195 1099 autem
1245 1056 1344 1095 nec
1372 1039 1605 1094 clericus
1664 1053 1764 1092 nec
1797 1036 2081 1105 praefectus
2115 1051 2328 1105 perma-

837 1154 857 1185 ε
899 1143 1043 1187 neat.
1076 1152 1095 1183 ε

835 1223 1032 1278 BALS.
1087 1223 1335 1277 Praesens
1409 1236 1581 1276 canon
1646 1220 1800 1289 punit
1849 1219 2182 1288 episcopum,
2237 1214 2327 1285 qui

768 1315 1095 1368 monachum
1161 1328 1226 1366 ex
1278 1312 1454 1365 alieno
1493 1309 1823 1364 monasterio
1854 1308 2100 1376 suscipit,
2129 1316 2182 1361 et
2206 1322 2327 1360 eum

766 1405 820 1458 in
864 1405 1047 1458 clerici
1097 1404 1324 1473 gradum
1365 1400 1635 1469 provehit,
1662 1400 1747 1452 vel
1802 1399 1855 1452 in
1889 1399 1969 1451 sui
2016 1397 2330 1450 monasterii

767 1493 1150 1562 praefecturam
1192 1509 1206 1544 :
1236 1501 1290 1544 et
1324 1490 1588 1558 ejusmodi
1623 1489 1975 1552 monachum,
2009 1488 2099 1556 qui
2131 1488 2184 1539 in
2222 1486 2333 1539 cle-

768 1588 940 1641 ricum
1003 1585 1296 1646 admissus,
1329 1581 1410 1634 vel
1449 1580 1613 1634 etiam
1680 1577 1997 1632 monasterii
2046 1575 2332 1645 praefectus

764 1688 980 1733 creatus
1038 1685 1141 1741 est,
1176 1676 1321 1729 clero
1353 1681 1405 1726 et
1457 1671 1778 1741 prefectura
1828 1667 2069 1737 expellit.
2122 1665 2199 1719 Ne
2236 1666 2329 1718 tibi

2501 604 2517 634 ι
2567 584 2662 638 εάν
2711 585 2927 659 τις
2958 584 3236 652 ἀλλοτρίου
3266 585 3629 653 μοναστηρίου
3669 578 3996 650 ὑποδέξηταί

2505 694 2521 723 ι
2566 692 2686 728 τινα
2713 676 2809 728 καὶ
2832 675 2967 745 πρὸς
2995 675 3266 744 κλήρωσιν
3291 674 3659 744 προσαγαγεῖν
3685 672 3937 742 ἐθελήσῃ,
3960 673 3993 741 ἢ

2504 783 2521 814 ι
2570 763 2662 815 τοῦ
2692 762 2822 815 ίδίου
2846 762 3209 845 μοναστηρίου
3248 762 3548 830 ἡγούμενον
3582 760 3938 824 καταστήσω,
3968 758 3998 807 ὀ

2504 873 2521 905 ι
2562 853 2720 907 τοῦτο
2762 854 2930 905 ποιῶν
2980 854 3298 915 επίσκοπος,
3344 850 3450 902 ἀπὸ
3495 849 3591 914 τῆς
3630 848 3741 901 τῶν
3793 845 3998 899 λοιπῶν

2504 962 2521 994 ι
2571 944 2851 1005 κοινωνίας
2870 943 3255 1012 χωριζόμενος,
3280 942 3347 1010 τῇ
3377 938 3472 992 τοῦ
3498 938 3629 990 ίόίου
3652 938 3780 990 λαοῦ
3808 952 3999 987 κοινω-

2502 1056 2521 1087 ε
2571 1037 2657 1106 νία
2687 1037 2928 1105 ἀρκεσθῇ
2949 1037 3086 1108 μόνη
3106 1052 3121 1067 ο
3143 1037 3348 1096 ὲκείνος
3364 1036 3419 1088 δὲ
3439 1035 3571 1105 μηδι
3588 1032 3843 1101 κληρικὸς
3862 1028 4001 1101 μηδὲ

2506 1145 2523 1176 ι
2570 1127 2867 1196 ἡγούμενος
2896 1127 3168 1196 ὲπιμείνῃς
3204 1145 3222 1177 ι

2502 1216 2699 1270 ΒΑΛΣ.
2758 1216 2816 1271 '0
2860 1216 3054 1287 παρὼν
3093 1217 3272 1271 κανὼν
3313 1215 3529 1276 κολάζει
3571 1216 3663 1269 τὸν
3701 1214 4002 1267 ιπίσκοπον

2432 1308 2823 1377 ὑποδεχόμενον
2857 1308 2967 1360 ἀπὸ
3008 1308 3291 1379 ἀλλοτρίου
3328 1308 3689 1377 μοναστηρίου
3733 1304 3998 1375 μοναχὸν,

2430 1400 2525 1452 καὶ
2569 1399 2875 1469 προάγοντα
2911 1398 3095 1452 τοῦτον
3133 1399 3212 1460 είς
3258 1397 3461 1466 βαθμὸν
3506 1397 3787 1464 κλημκοῡ,
3840 1396 3871 1461 ἢ
3921 1394 4003 1453 είς

2432 1490 2788 1559 ὴγουμενείαν
2816 1490 2946 1543 ἰδίου
2977 1489 3335 1560 μοναστηρίου
3356 1504 3371 1518 ⁶
3405 1490 3498 1542 καὶ
3526 1488 3615 1541 τὸν
3654 1486 4003 1555 κληρωθέντα

2430 1579 2486 1630 δὲ
2511 1578 2751 1630 τοιοῦτον
2790 1578 3040 1647 μοναχὸν,
3066 1578 3098 1646 ἢ
3135 1581 3227 1631 καὶ
3257 1578 3517 1643 γεγονότα
3544 1577 3843 1645 ἡγούμενον
3873 1574 4006 1639 ἔξω·

2433 1666 2516 1719 θεῖ
2547 1666 2641 1718 τοῦ
2678 1666 2880 1735 κλήρου
2919 1666 3014 1718 καὶ
3045 1667 3152 1719 ἀπὸ
3182 1666 3279 1733 τῆς
3320 1666 3695 1735 ὴγουμενείας.
3731 1665 3822 1733 Μὴ
3850 1665 4005 1716 ἔναν-

764 1776 944 1821 autem
977 1766 1061 1819 his
1112 1765 1419 1817 contrarius
1446 1776 1569 1815 esse
1600 1761 1847 1813 videatur
1878 1768 2106 1826 quartus
2157 1771 2329 1809 canon
2367 1815 2402 1826 ﬂ

2367 1815 2402 1826 ﬂ
2434 1758 2599 1825 τιωθῇ
2632 1757 2687 1809 δέ
2723 1773 2805 1808 σοι
2842 1757 2977 1824 πρὸς
3007 1757 3179 1809 ταῦτα
3217 1760 3244 1808 ὀ
3276 1756 3319 1808 δ’
3351 1756 3527 1809 κανὼν
3566 1756 3664 1822 τῆς
3693 1757 3750 1807 έν
3780 1755 3859 1823 τῷ
3890 1755 4005 1823 ναῷ

766 1858 958 1930 synodi
1012 1872 1131 1926 quae
1182 1858 1233 1908 in
1266 1855 1586 1908 Sanctorum
1624 1850 2008 1919 Apostolorum
2058 1849 2171 1903 atde
2198 1862 2330 1901 con-

767 1950 955 2004 stituta
981 1957 1082 2010 est,
1115 1956 1360 1999 statuens
1407 1958 1529 1996 esse
1561 1942 1612 1993 in
1644 1942 2017 2007 episcoporum
2049 1945 2331 2005 potestate,

766 2054 876 2095 non
920 2039 1093 2092 solum
1140 2035 1432 2089 monachos
1461 2048 1529 2087 ex
1579 2031 1680 2085 hoc
1720 2030 2047 2082 monasterio
2077 2028 2130 2081 in
2190 2025 2333 2079 aliud

765 2131 1098 2194 transferre;
1136 2130 1227 2183 sed
1262 2128 1423 2180 etiam
1454 2139 1548 2179 eos
1594 2122 1943 2177 saecularibus
1971 2120 2175 2173 aedibus
2195 2130 2335 2185 prat-

766 2226 949 2281 ﬂcere.
997 2225 1101 2279 Sed
1135 2224 1239 2283 dic,
1291 2220 1433 2291 quod
1484 2219 1573 2274 hic
1621 2218 1831 2286 quidem
1884 2213 2210 2284 prohibitum
2255 2218 2337 2264 est

768 2317 1045 2386 episc0po,
1070 2332 1133 2370 ex
1165 2314 1339 2367 aliena
1371 2312 1591 2381 regione
1633 2308 1956 2361 monachum
1982 2304 2247 2372 recipere,
2282 2308 2335 2354 et

768 2425 891 2464 eum
918 2409 1083 2463 etiam
1146 2405 1459 2476 praefectum
1509 2402 1592 2457 vel
1652 2402 1910 2456 clericum
1964 2397 2332 2452 constituere:

776 2502 887 2556 illic
919 2509 1098 2554 autem
1171 2498 1424 2566 episcOpo
1458 2493 1778 2562 permissum
1828 2497 1913 2544 est
1946 2504 1976 2541 e
2010 2488 2222 2558 propria
2255 2500 2340 2539 re-

770 2593 930 2661 gione
978 2587 1292 2649 monachos,
1353 2594 1408 2638 et
1456 2584 1525 2637 ab
1561 2583 1665 2636 hoc
1699 2580 2033 2635 monasterio
2086 2578 2139 2631 in
2193 2576 2338 2629 aliud

770 2680 1096 2744 transferre,
1132 2688 1186 2733 et
1244 2679 1297 2731 in
1354 2675 1600 2730 saeculari
1665 2673 1827 2727 etiam
1860 2668 2337 2725 administratione

767 2772 1142 2834 constituere;
1202 2765 1345 2836 quod
1411 2772 1607 2833 praeter
1679 2769 1915 2815 mentem
1994 2756 2337 2826 propriorum

770 2865 1152 2934 episcoporum
1217 2858 1332 2911 ﬂeri
1387 2854 1593 2923 nequit.
1643 2852 1891 2906 Praesens
1939 2857 2119 2902 autem
2163 2859 2341 2900 canon

2434 1848 2542 1900 τῶν
2591 1847 2789 1913 Ἀγὶων
2838 1846 3173 1900 Ἀποστόλων
3206 1847 3477 1916 συστάσης
3512 1846 3747 1907 συνόδου,
3778 1844 4007 1912 διοριζό-

2438 1953 2595 2005 μενος
2621 1936 2762 2005 ἔχειν
2781 1936 2865 1988 ἐπ’
2893 1936 3074 1998 ἀδείας
3094 1936 3220 1998 τοὺς
3240 1937 3589 1998 επισκόπους,
3618 1936 3692 2003 μὴ
3720 1936 3879 2003 μόνον
3898 1935 4007 1989 ἀπὸ

2435 2028 2593 2096 τῆσδε
2615 2027 2711 2097 τῆς
2741 2028 2903 2096 μονῆς
2932 2029 3190 2096 μετάγειν
3206 2030 3283 2091 είς
3307 2027 3500 2098 ἑτέραν
3533 2027 3697 2097 μονὴν
3719 2028 4005 2096 μοναχοὺς,

2435 2115 2571 2171 ἀλλά
2612 2118 2706 2170 καὶ
2757 2120 2836 2181 είς
2880 2118 3159 2185 κοσμικῶν
3201 2120 3385 2172 οίκιῶν
3434 2119 3767 2187 προστασίαν
3808 2118 4009 2179 αὐτοὺς

2437 2209 2721 2277 καθιστᾷν.
2766 2206 2906 2261 ’Δλλ’
2942 2209 3063 2261 εἰπὲ
3094 2209 3176 2262 ὅτι
3216 2209 3447 2262 ἐνταῦθα
3478 2211 3575 2276 μὶν
3614 2208 3920 2263 κεκώλυται
3948 2211 4009 2261 τὸ

2435 2300 2545 2352 ἀπὸ
2583 2298 2866 2368 ἀλλοτρίας
2908 2299 3117 2365 hepta;
3148 2299 3623 2368 ἀναλαμϐάνεσθαι
3653 2300 3746 2353 τὸν
3772 2299 4010 2353 έπίσκο-

2440 2407 2542 2443 πον
2584 2390 2838 2459 μοναχὸν,
2880 2392 2972 2442 καὶ
3005 2391 3268 2460 καθιστᾷν
3294 2390 3483 2443 τοῦτον
3512 2390 3810 2459 ἡγούμενον
3847 2392 3879 2460 ἢ
3917 2392 4010 2445 καὶ

2440 2479 2700 2549 κληρικὸν
2724 2520 2739 2544 ,
2779 2481 2955 2533 ἐκεῖσε
2986 2481 3041 2533 δι
3066 2480 3377 2551 έξεχωρήθη
3407 2482 3484 2550 τῷ
3510 2484 3786 2552 επισκόπῳ
3814 2483 3874 2534 τὸ
3903 2482 4012 2536 ἀπὸ

2439 2572 2538 2640 τῆς
2566 2573 2773 2635 οίκείας
2801 2572 3014 2642 ἔνορίας
3047 2574 3311 2642 μοναχοὺς
3345 2575 3688 2641 μετατιθέναι
3718 2574 3826 2627 ἀπὸ
3850 2574 4015 2642 τῆσδε

2440 2665 2537 2733 τῆς
2574 2664 2738 2733 μονῆς
2772 2666 2851 2725 είς
2886 2664 3101 2732 ἑτέραν,
3133 2666 3225 2716 κα“ι
3263 2665 3341 2725 είς
3370 2665 3643 2735 κοσμικὴν
3678 2665 4017 2736 προστασίαν

2442 2754 2740 2823 καθιστᾷψ
2779 2754 2917 2823 ὅπερ
2949 2755 3101 2822 παρά
3132 2754 3359 2823 γνώμην
3390 2755 3499 2806 τῶν
3537 2755 3819 2825 ἀγχωρίων
3892 2757 4016 2807 επι-

2444 2846 2539 2897 σκό
2552 2862 2657 2897 πων
2681 2844 3007 2912 γενέσθαιοὺ
3029 2843 3270 2898 δύναται.
3296 2845 3427 2897 Τότε
3450 2846 3507 2898 δι
3533 2846 3602 2898 τὰ
3628 2846 3720 2897 τοῦ
3750 2846 4017 2915 παρόντος

772 2964 899 3008 tunc
958 2951 1136 3004 locum
1194 2946 1435 3009 habebit,
1505 2942 1727 3013 quando
1775 2956 1841 2995 cx
1899 2938 2075 2991 aliena
2122 2935 2345 3001 regione

2444 2936 2665 2996 κανόνος
2699 2935 2882 3000 ἕξουσι
2914 2940 3118 3004 χώραν,
3146 2935 3274 2988 ὅταν
3304 2937 3332 2987 ὁ
3363 2934 3471 2987 ἀπὸ
3492 2935 3778 3006 ἀλλοτρίας
3800 2938 4014 3008 ένορίας

777 3040 1080 3097 monachus
1147 3036 1487 3090 dimissorias
1540 3034 1749 3086 litteras
1800 3028 2038 3096 episcopi
2085 3025 2201 3094 ejua
2234 3039 2341 3078 non

2450 3027 2682 3097 μοναχὸς
2734 3027 2835 3080 οὑκ
2879 3027 3207 3095 ἐπιφέρηται
3262 3026 3594 3096 ἀπολυτικὴν
3646 3028 3865 3096 γραφὴν
3924 3027 4016 3080 τοῦ

772 3135 949 3190 affert.
977 3133 1129 3187 Tunc
1160 3131 1303 3185 enim
1327 3128 1463 3184 citra
1490 3123 1935 3191 impedimentum
1967 3118 2055 3170 tiet
2088 3117 2139 3169 in
2167 3115 2339 3168 aliena
2369 3139 2413 3196 ο

2369 3139 2413 3196 C
2448 3118 2747 3170 ἐπισκόπου
2764 3117 2950 3169 αὐτοῦ.
2974 3118 3019 3168 Τ
3024 3115 3286 3186 ηνικαῦτα
3309 3119 3417 3186 γὰρ
3434 3118 3921 3187 ἀπαρεμποδίστως
3941 3119 4020 3179 εις

774 3227 997 3295 regione
1054 3220 1372 3277 monasterii
1433 3216 1722 3288 praelectus
1772 3220 1827 3265 et
1913 3208 2161 3261 clericus.
2192 3203 2344 3270 Quod

775 3330 956 3374 autem
1001 3317 1238 3371 litbodie
1264 3330 1291 3366 a
1341 3308 1785 3365 monasteriorum
1855 3300 2148 3371 praefectis,
2191 3296 2343 3365 quia

775 3423 833 3462 se
868 3408 1128 3462 detonsus
1166 3419 1287 3458 cum
1346 3400 1542 3455 litteris
1601 3397 1895 3452 dimittant.
1949 3400 2005 3444 ut
2064 3390 2116 3443 in
2174 3388 2347 3440 alieno

778 3497 1110 3551 monasterio
1144 3492 1396 3548 monachi
1444 3503 1563 3543 esse
1596 3486 1823 3555 possint,
1859 3497 1967 3535 non
1998 3489 2098 3543 est,
2126 3488 2181 3530 ut
2216 3476 2346 3530 mihi

777 3592 1014 3653 videtur,
1087 3586 1301 3639 lii-mum
1360 3592 1415 3635 et
1475 3586 1816 3632 accuratum.
1868 3572 2031 3642 617
2097 3566 2345 3637 Episcopi

777 3681 921 3734 enim
984 3675 1326 3731 demissoriis
1374 3671 1547 3739 magis
1583 3683 1719 3734 opus
1771 3675 1854 3718 est
1884 3665 1958 3727 ei,
1994 3661 2082 3729 qni
2113 3660 2347 3726 migrare

780 3768 1045 3832 voluerit;
1098 3782 1203 3819 non
1256 3774 1435 3817 antem
1492 3755 1804 3812 monasterii
1857 3750 2147 3821 praefecti:
2205 3745 2346 3815 quod

779 3861 1053 3930 episcopis
1087 3857 1259 3923 magis
1292 3851 1518 3919 subjecti
1572 3857 1700 3902 sunt
1730 3844 2003 3905 monachi,
2036 3854 2196 3906 quam
2228 3852 2351 3903 mq-

780 3929 1143 4004 nasteriorum
1170 3943 1468 4015 praefectis.
1499 3938 1623 3992 llaec
1651 3944 1832 3990 autem
1862 3934 2043 3986 locum
2074 3929 2351 3983 habebunt

782 4045 835 4095 in
893 4040 1107 4095 caeteris
1157 4034 1468 4104 episcopis:
1518 4044 1625 4083 non
1679 4035 1859 4081 autem
1919 4024 1971 4075 in
2039 4021 2350 4087 patriarcha

780 4127 1413 4194 Constantinopolitano.
1477 4120 1536 4173 Ei
1593 4118 1761 4183 enim,
1819 4124 1877 4168 ut
1933 4126 2075 4181 saepe
2123 4111 2350 4171 dictum,

786 4220 1107 4288 permissum
1160 4227 1241 4269 est
1277 4211 1575 4267 monachos
1608 4220 1660 4262 et
1691 4206 1924 4261 clericos
1950 4217 2015 4255 ex
2044 4199 2351 4269 regionibus

780 4309 999 4371 alienis,
1057 4321 1157 4361 nec
1183 4306 1298 4371 ejus
1328 4302 1441 4357 sedi
1495 4298 1716 4363 omnino
1768 4293 2050 4362 subjectis,
2079 4290 2351 4357 accipere.

783 4403 887 4457 Sed
925 4414 1030 4454 non
1058 4399 1243 4452 itidem
1280 4393 1623 4447 Antiocheno
1653 4389 1871 4449 throno,
1910 4384 1994 4437 vel
2043 4380 2352 4448 Hierosoly-

784 4496 1009 4559 Initano,
1050 4493 1125 4548 rei
1158 4491 1272 4544 alii.

854 4585 1108 4643 ZONAR.
1158 4582 1499 4643 Monachum,
1534 4578 1623 4649 qui
1666 4591 1695 4630 a
1747 4573 2079 4629 monasterio
2112 4582 2212 4624 suo
2241 4567 2354 4620 dis-

784 4679 1031 4741 cesserit,
1096 4674 1164 4727 ab
1210 4674 1315 4726 alio
1371 4671 1562 4739 quovis
1615 4667 1778 4733 recipi
1840 4665 2064 4718 vetitum
2121 4668 2229 4715 est.
2298 4656 2355 4711 Si

787 4767 946 4835 igitur
997 4767 1303 4833 episcopus,
1343 4761 1542 4829 inquit,
1576 4756 1841 4825 ejusmodi
1892 4750 2219 4805 monachum
2274 4761 2359 4799 re-

788 4860 974 4926 cipiat,
994 4872 1225 4925 eumque
1248 4855 1326 4909 vel
1354 4851 1675 4907 monasterii
1703 4848 2012 4916 praefectum
2038 4843 2357 4905 constituat;

2448 3208 2735 3277 ἀλλοτρίαν
2759 3207 2973 3277 ινορίαν
2997 3207 3293 3275 ἡγούμενος
3314 3207 3603 3276 γενήσεται
3626 3210 3717 3261 καὶ
3738 3208 4017 3279 κληρικός.

2448 3300 2520 3351 Τὸ
2547 3299 2729 3367 μέντοι
2752 3299 2989 3365 σήμερον
3024 3301 3305 3366 γινόμενον
3333 3300 3483 3367 παρά
3502 3300 3611 3353 τῶν
3633 3300 4024 3368 ἡγουμενευόν-

2448 3408 2576 3451 των,
2603 3391 2694 3442 καὶ
2712 3389 3053 3441 ἀπολυόντωῖ
3070 3390 3204 3457 μετά
3222 3392 3438 3459 γραφῆς
3452 3390 3575 3452 τοὺς
3593 3390 3681 3441 ὑπ’
3698 3390 3877 3442 αὑτῶν
3892 3391 4026 3442 ἀπο-

2449 3480 2739 3547 καρέντας,
2764 3479 2903 3531 ὥστε
2940 3481 3167 3547 μονάσαι
3197 3481 3275 3542 είς
3304 3470 3497 3547 ἑτέραν
3522 3479 3706 3549 μονὴν,
3722 3481 3822 3532 οὑκ
3859 3480 4026 3542 εστιν,

2450 3570 2525 3629 ὡς
2580 3571 2705 3637 ἐμοὶ
2738 3569 2917 3632 δοκεῖ,
2948 3569 3193 3638 ἀκριὸές.
3245 3570 3639 3635 Ἐπισκοπικῆς
3676 3571 3785 3639 γὰρ
3830 3570 4028 3638 μᾶλλον

2452 3659 2798 3725 ἀπολυτικῆς
2824 3657 3043 3727 γραφῆς
3066 3656 3220 3725 χρεία
3242 3658 3320 3725 τῷ
3344 3660 3666 3725 μεταπεσεῖν
3691 3657 4026 3727 βουλομένῳ,

2453 3751 2573 3820 οὑχὶ
2598 3752 2694 3820 τῆς
2717 3751 2809 3802 τοῦ
2836 3750 3292 3818 ὴγουμενεὺοντος
3310 3765 3323 3779 ο
3349 3748 3431 3799 ("nt
3454 3748 3545 3799 καὶ
3572 3750 3679 3809 τοῖς
3708 3749 4028 3809 ἐπισκόποις

2458 3842 2654 3910 μᾶλλον
2704 3842 3017 3894 ὑπόκεινται
3066 3841 3118 3893 οῑ
3166 3839 3392 3909 μοναχοὶ
3430 3838 3464 3907 ἢ
3517 3839 3628 3899 τοῖς
3684 3838 4027 3906 ἡγουμένοις.

2453 3933 2637 3987 Ταῦτα
2673 3932 2729 3985 δδ
2766 3934 3132 4000 κρατήσουσιν
3166 3932 3245 3991 είς
3282 3931 3410 3987 τοὺς
3443 3929 3635 3989 ἀλλους
3665 3929 4029 3987 ἐπισκόπους·

2452 4026 2513 4077 οὑ
2545 4024 2649 4093 μὴν
2679 4024 2771 4075 καὶ
2797 4026 2876 4084 είς
2904 4020 2993 4073 τόν
3016 4022 3365 4090 πατριάρχην
3387 4019 4031 4079 Κωνσταντινουπόλεως.

2452 4114 2613 4182 Αὐτῷ
2641 4114 2750 4183 γὰρ
2772 4150 2787 4174 ,
2817 4114 2891 4174 ὡς
2914 4111 3173 4172 πολλάκις
3207 4110 3458 4179 εἴρηται,
3495 4108 3709 4177 ἐνεδόθη
3743 4109 3851 4160 ἀπὸ
3880 4110 4035 4161 ἀλλο-

2454 4204 2619 4274 τρίων
2644 4203 2867 4272 ὲνοριῶν
2897 4197 3659 4271 ἀπαρεμποδίστωςιδέχεσθαι
3684 4198 3954 4265 μοναχοὺς
3976 4212 4033 4248 τε

2456 4298 2549 4348 καὶ
2592 4294 2886 4363 κληρικοὺς
2911 4334 2924 4357 ,
2955 4294 3053 4361 οὑχ
3094 4292 3480 4358 ὑποκειμένους
3508 4291 3726 4350 πάντως
3750 4288 3828 4356 τῷ
3859 4288 4036 4357 θρόνῳ

2456 4382 2641 4437 αὑτοῦ.
2673 4386 2747 4436 Οὑ
2786 4383 2892 4452 μὴν
2926 4386 3020 4435 καὶ
3051 4384 3127 4450 τῷ
3159 4381 3332 4450 θρόνῳ
3371 4379 3463 4433 τοῦ
3508 4380 3861 4449 Ἀντιοχείας,
3884 4380 3917 4448 ἢ
3942 4380 4037 4432 τοῦ

2387 4469 2429 4524 D
2469 4473 2877 4543 Ἱεροσολύμων,
2908 4474 2940 4542 ἢ
2971 4472 3153 4525 ἀλλου.

2527 4562 2771 4617 ΖΩΝΑΡ.
2827 4563 2956 4614 ’Δπὸ
2998 4561 3360 4631 μοναστηρίου
3396 4561 3825 4630 ὑποχωρήσαντα
3873 4577 4039 4629 μονα-

2459 4655 2552 4724 χὸν
2603 4653 2852 4722 δέχεσθαι
2903 4654 3031 4722 παρ’
3073 4652 3263 4719 ἑτέρου
3316 4651 3717 4720 ἀπηγόρευται.
3776 4650 3907 4703 Ἐἀν
3947 4652 4041 4703 οὖν

2459 4744 2791 4806 επίσκοπος,
2834 4744 2998 4811 φησὶ,
3037 4742 3277 4793 τοιοῦτον
3312 4740 3535 4811 δέξηται
3569 4741 3840 4810 μοναχὸν,
3878 4743 3971 4793 καὶ
4007 4742 4039 4809 ἦ

2461 4835 2721 4903 κληρικὸν
2755 4834 2912 4886 αὑτὸν
2944 4833 3329 4903 χειροτονήσῃ.
3362 4833 3395 4901 ἢ
3437 4834 3737 4902 ἡγούμενον
3773 4850 4048 4902 μοναστη-

790 4952 1079 5017 episcopus
1108 4946 1321 5016 qri-detn
1372 4944 1599 4997 aliorum
1638 4936 1914 4993 consortio
1940 4934 2218 4993 exclusus,
2250 4931 2360 4984 sola

2466 4930 2582 4999 ρίου
2612 4928 2833 4996 ποιήσῃ,
2862 4929 2889 4977 ὁ
2918 4926 3014 4993 μὲν
3043 4925 3339 4986 ἐπίσκοπος
3366 4924 3518 4977 έσται
3539 4926 3605 4993 τῇ
3634 4924 3727 4975 τοῦ
3753 4923 3887 4974 ίδίου
3916 4922 4042 4972 λαοῦ

791 5042 973 5111 populi
1007 5041 1088 5095 sui
1122 5038 1509 5093 communione
1558 5041 1845 5088 contentus
1877 5028 1981 5082 erit
2014 5044 2028 5079 :
2064 5024 2361 5079 monachus

2468 5022 2627 5091 μόνου
2655 5018 2908 5087 atomum?
2930 5017 3292 5086 ἀρκούμενος,
3316 5017 3518 5085 ἑτέρων
3542 5014 3693 5081 αὑτῷ
3720 5015 3794 5081 μὴ
3825 5029 4042 5080 συγκοι-

794 5147 921 5185 vero
944 5141 997 5184 et
1026 5145 1055 5182 e
1084 5130 1233 5183 clero
1263 5128 1513 5197 ejicietur
1560 5133 1614 5178 et
1644 5120 1981 5191 praefectura:
2017 5119 2185 5185 gradu
2212 5115 2361 5169 exci-

796 5228 907 5277 «let.

2465 5109 2775 5163 νωνούντων
2802 5125 2815 5137 ·
2860 5110 2887 5159 ό
2916 5107 2972 5159 δὲ
3006 5110 3236 5177 μοναχὸς
3284 5108 3374 5159 καὶ
3424 5106 3517 5158 τοῦ
3559 5105 3761 5173 κλήρου
3808 5104 3907 5157 καὶ
3949 5104 4044 5172 τῆς

2468 5201 2824 5271 ὴγουμενείας
2857 5202 3190 5253 ἐκπεσεῖται.

796 5314 1028 5370 ARIST.
1077 5333 1094 5366 ι
1158 5314 1258 5380 Qui
1316 5312 1623 5381 quempiam
1674 5327 1740 5366 ex
1798 5310 1975 5363 alieno
2038 5298 2365 5356 monasterio

2467 5293 2688 5346 ΑΡΙΣΤ.
2734 5310 2752 5341 ι
2812 5290 2872 5345 Ὀ
2930 5292 2987 5355 ἐξ
3023 5288 3309 5359 ἀλλοτρίας
3358 5286 3479 5339 τινὰ
3520 5285 3688 5355 μονῆς
3726 5285 4046 5354 δεχόμενος,

875 5427 891 5457 ε
937 5406 1185 5473 suscipit,
1213 5405 1256 5457 si
1289 5418 1410 5457 eum
1447 5403 1515 5455 ad
1560 5402 1876 5456 clericatum
1914 5400 2252 5467 promoveat,
2278 5396 2369 5439 aut

875 5520 890 5548 ε
925 5514 1022 5552 suo
1046 5496 1305 5567 praeficiat
1354 5493 1703 5557 monasterio,
1737 5491 1962 5545 aliorum
1989 5485 2368 5542 communione

878 5609 893 5639 ι
935 5592 1194 5657 privetur.
1239 5606 1257 5639 ι

887 5680 1139 5734 Monachi
1182 5680 1417 5748 regionis
1465 5677 1719 5745 episcopo
1747 5674 1941 5743 subjici
1978 5671 2195 5730 debent,
2224 5675 2275 5719 et
2308 5664 2362 5717 in

805 5776 1177 5839 monasteriis,
1214 5778 1267 5828 in
1297 5774 1494 5843 quibus
1528 5769 1773 5826 Collocati
1808 5776 1957 5831 sunt,
1996 5772 2368 5834 perseverare,

2548 5404 2568 5437 ι
2615 5386 2708 5438 ἐὰν
2736 5383 2859 5450 ἄγοι
2891 5384 3078 5435 τοῦτον
3104 5382 3180 5439 είς
3208 5380 3504 5448 κλήρωσιν,
3534 5378 3567 5447 ἦ
3594 5378 3695 5445 τῆς
3722 5376 3929 5437 οἰκείας
3958 5391 4051 5443 μο-

2550 5496 2566 5528 ι
2612 5479 2707 5545 γῆς
2739 5476 3061 5545 ἡγούμενον,
3095 5473 3206 5537 ἕξει
3241 5472 3305 5523 τὸ
3337 5469 3726 5538 ἀκοινώνητον.

2544 5659 2609 5712 ΟΞ
2653 5656 2873 5727 μοναχοὶ
2914 5655 2991 5724 τῷ
3027 5654 3165 5705 κατά
3201 5652 3384 5722 χώραν
3423 5651 3709 5717 ὲπισκόπῳ
3743 5647 4053 5715 ὀφείλουσιν

2478 5754 2903 5817 ὑποτάσσεσθαι,
2949 5754 3040 5804 καὶ
3079 5751 3514 5822 προσκαρτερεῖν
3544 5750 3601 5799 ὲν
3632 5747 3744 5805 τοῖς
3782 5754 4055 5810 μοναστη-
