4212 6440
220 408 322 471 297

1244 398 1323 457 1N
1364 396 1526 457 CAN.
1573 395 1861 457 LXXXIV
1889 396 2095 458 CONC.
2139 395 2512 457 CARTIIAG.

3354 391 3457 450 298

225 527 389 592 γίοις,
434 521 493 571 ἑν
538 514 616 580 οἷς
664 515 1022 581 ἀπετάξαντο,
1078 512 1173 563 καὶ
1224 510 1297 579 μὴ
1346 508 1793 576 καταλιμπάνειν,
1825 514 1869 569 Α

1825 514 1869 569 Α
1901 519 1954 562 ct
1977 524 2038 562 ea
2070 524 2174 561 non
2201 510 2468 573 deserere,
2496 507 2596 559 nisi
2626 505 2849 558 forsitan
2887 519 2913 557 a
2948 504 3184 558 civitatis
3206 505 3456 572 episcOpo

222 618 385 677 αὐτὰ,
418 618 465 668 εί
504 612 578 683 μή
610 629 711 665 που
740 611 848 680 ἀρα
884 606 989 660 ὑπὸ
1014 603 1109 658 τοῦ
1139 604 1240 673 τῆς
1267 604 1471 664 πόλεως
1498 602 1794 654 ἐπισκόπου

220 708 309 759 διὰ
336 704 640 772 ἀναγκαίαν
661 702 849 772 χρείαν
871 695 1246 767 ἑπιτραπῶσυ
1281 693 1462 753 καθὼς
1493 696 1518 743 ὁ
1543 690 1799 759 τέταρτος

223 795 407 848 κανὼν
440 796 537 861 τῆς
566 797 621 845 ὲν
653 791 954 859 Χαλκηδόνι
986 787 1203 845 συνόδου
1240 783 1619 850 διαλαμϐάνει.
1656 783 1714 833 El
1747 783 1800 833 δέ

221 902 344 935 τινα
382 883 613 952 μοναχὸν
645 883 702 945 ιε
733 877 1015 945 ἀλλοτρίας
1051 875 1214 943 μονῆς
1245 873 1534 930 ἐπίσκοπος
1567 871 1798 939 παραδι-

226 976 382 1039 ξεται
406 1017 419 1035 ,
456 978 545 1027 καὶ
585 974 617 1041 ἢ
657 971 919 1040 κληρικδν
952 968 1140 1021 τοῦτον
1174 966 1424 1030 ποιήσει,
1461 965 1493 1031 ἢ
1541 966 1638 1030 τῆς
1671 962 1803 1023 ιδίας

228 1069 400 1137 μονῆς
432 1065 755 1133 ἠγοᾶμενον,
786 1064 858 1125 ὼς
883 1061 1025 1143 πρὸς
1055 1059 1175 1119 τοὺς
1204 1056 1421 1117 λοιποὺς
1448 1054 1804 1143 συναδέλφους

226 1161 325 1211 καὶ
361 1157 793 1213 συνεπισκόπους
827 1142 990 1204 αὑτοῦ
1012 1190 1026 1213 ,
1058 1147 1171 1213 ῑξει
1207 1147 1267 1199 τὸ
1297 1142 1680 1212 ἀκοινώνητον,
1713 1144 1804 1195 καὶ

232 1248 375 1318 μόνῃ
406 1248 471 1315 τῇ
503 1245 595 1297 τοῦ
631 1245 759 1297 ἰδῖου
795 1241 925 1295 λαοῦ
960 1238 1210 1307 κοινωνίᾳ
1240 1236 1662 1306 άρκεσθήσεται.

819 1331 1059 1387 ΚΑΝΩΝ
1099 1328 1221 1383 ΠΥ.

234 1449 251 1478 ι
304 1430 442 1497 Περὶ
465 1429 773 1481 ίπισκόπων
798 1426 905 1477 τῶν
928 1420 1236 1491 αἱρετικοὺς
1265 1418 1298 1487 ἢ
1330 1417 1595 1484 ’Έλληνας
1618 1414 1809 1481 κληρο-

311 1540 330 1571 ι
378 1521 573 1589 νόμους
613 1514 1154 1585 καταλιμπανόντων.
1186 1508 1419 1573 Ὁμοίως
1434 1506 1668 1576 ὡρίσθη,
1701 1506 1807 1567 ἴνα,

307 1631 327 1661 ε
375 1614 468 1664 te»
488 1629 569 1673 τις
592 1612 887 1669 ἐπίσκοπος
909 1606 1277 1673 κληρονόμους
1304 1598 1581 1665 συγγενεῖς
1603 1597 1635 1664 ἢ
1659 1598 1812 1656 ἐκτὸς

308 1722 328 1752 ι
377 1704 476 1772 τῆς
536 1703 669 1763 ίδῖας
728 1699 1046 1767 συγγενείας
1106 1692 1415 1761 αίρετικους
1466 1688 1496 1757 ή
1547 1687 1812 1752 ’Έλληνας

308 1809 329 1842 ε
379 1794 690 1859 προτιμήσῃ
734 1791 831 1857 τῆς
878 1785 1223 1852 Ἐκκλησῖας,
1278 1782 1370 1833 καὶ
1411 1780 1549 1847 μετά
1584 1778 1813 1829 θάνατον

306 1896 327 1928 ι
374 1854 721 1944 ἀνάθεμα
748 1854 971 1939 τοιοιιτῳ
994 1870 1224 1939 λεχθείε,
1251 1868 1344 1921 καὶ
1370 1867 1433 1919 τὸ
1452 1866 1622 1934 ὄνομα
1652 1864 1811 1917 αὐτοῦ
1847 1854 1889 1909 Β

308 1987 326 2017 ι
377 1967 645 2035 μηδαμῶς
669 1966 819 2033 πιρά
842 1966 955 2025 τοῖς
982 1961 1076 2013 τοῦ
1101 1960 1235 2013 Θεοῦ
1266 1958 1502 2027 ἱερεῦσιν
1527 1958 1811 2026 ἀνενεχθῇ.

302 2076 324 2108 ε
371 2059 524 2128 Μηδδ
556 2057 757 2126 δυνηθῇ
788 2054 1211 2122 ἀπολογηθῆναι,
1245 2052 1340 2103 εὰν
1371 2049 1651 2109 ἀδιάθετος
1682 2050 1814 2101 ἀπο·

312 2168 329 2199 ι
383 2150 644 2218 γένηται·
681 2146 870 2215 ἐπειδὴ
910 2144 1199 2211 γενόμενος
1229 2142 1545 2204 ἐπίσκοπος,
1590 2141 1814 2199 εἰκότως

305 2261 327 2292 ι
372 2242 581 2307 ὀφείλει
640 2240 743 2293 τῶν
796 2240 1137 2309 πραγμάτων
1186 2235 1349 2289 αὑτοῦ
1405 2234 1502 2302 τὴν
1544 2233 1815 2285 διατύπω-

305 2348 326 2380 ε
377 2347 464 2381 σιν
528 2330 791 2400 ἀρμοδίαν
836 2329 912 2397 τῷ
965 2326 1166 2381 ἑαυτοῦ
1219 2326 1599 2394 ὲπαγγέλματι
1655 2322 1815 2391 ποιή-

305 2438 328 2471 ε
376 2421 593 2473 σασθαι.

302 2513 503 2565 ΒΔΛΣ.
550 2514 657 2576 Πᾶς
690 2514 989 2575 ὶπίσκοπος
1026 2512 1249 2578 ὀφείλει,
1290 2514 1429 2577 μετά
1456 2512 1516 2563 τὸ
1544 2512 1821 2581 ψηφισθῆ-

225 2619 341 2664 ναι,
394 2603 810 2671 ἀπογράφεσθαι
855 2606 921 2655 τὰ
972 2603 1147 2655 οἰκεία
1197 2602 1528 2671 πράγματα’
1583 2605 1675 2657 καὶ
1727 2605 1820 2656 ἐὰν

224 2692 391 2744 τοῦτο
425 2694 620 2762 ποιήσξνι
656 2696 793 2745 κατά
824 2695 914 2745 τὸν
948 2693 1303 2746 ἁποστολικδν
1329 2694 1547 2755 κανόνα,
1583 2694 1701 2764 ἔχει
1735 2697 1819 2747 ἐπ’

232 2781 425 2844 ἁδείας
468 2782 803 2836 διατίθεσθαι
846 2785 933 2836 ἰπ’
976 2785 1158 2846 αὐτοῖς
1203 2783 1344 2836 κατὰ
1391 2786 1607 2853 νόμους.
1656 2787 1822 2853 Φησὶν

222 2867 323 2925 οὖν
353 2873 543 2942 παρὼν
566 2874 742 2926 κανὼν
768 2876 867 2937 δτι,
900 2877 995 2927 ὲὶιν
1016 2876 1043 2927 ό
1066 2876 1525 2943 ἀπογραψάμενος
1555 2877 1622 2927 τά
1650 2878 1822 2929 οἰκεῖα

231 2962 563 3028 ἐπίσκοπος,
618 2967 821 3035 πςιήσῃ
858 2967 1120 3018 τεῐ·ευτῶν
1152 2966 1439 3035 διαθήκην.
1494 2971 1587 3019 καὶ
1637 2968 1821 3036 γράψῃ

227 3054 611 3122 κληρονόμους
652 3056 982 3123 αἱρετικοὺς,
1029 3055 1130 3108 κάν
1169 3058 1448 3123 συγγενεῖς
1500 3059 1666 3110 αὑτοῦ
1720 3053 1822 3110 ὦσι

228 3145 337 3197 κᾶν
359 3143 650 3212 ἀλλότριοι,
686 3146 777 3196 καί
801 3146 897 3213 τὴν
927 3146 1254 3213 Ἐκκλησίαν
1308 3164 1379 3197 πα
1392 3147 1817 3216 ραγκωνίσηται,

230 3237 586 3288 ὑποκείσεται
626 3237 703 3305 τῷ
736 3236 1036 3305 άναθέματι
1071 3239 1163 3289 καὶ
1220 3240 1355 3305 μετά
1431 3237 1680 3302 θάνατον,
1730 3244 1822 3292 καὶ

230 3327 409 3395 δνομα
440 3326 605 3379 αὑτοῦ
630 3330 692 3379 ἐκ
727 3327 824 3395 τῆς
867 3328 1088 3397 μνήμης
1132 3328 1240 3380 τῶν
1286 3329 1474 3398 ίερέων
1520 3330 1825 3401 ἀπαλειφή-

232 3433 411 3470 σεται.
476 3418 581 3469 Καὶ
648 3418 804 3480 αὐτὸς
852 3418 951 3480 μὲν
1004 3418 1145 3472 οὕτω
1202 3419 1593 3490 κολασθήσεται
1624 3434 1640 3450 ⁸
1695 3423 1728 3491 ἡ
1766 3422 1822 3474 δὲ

229 3506 469 3575 διαθήκη
500 3507 685 3560 τούτου
715 3509 789 3570 ὼς
815 3510 1131 3577 παράνομος
1163 3513 1429 3573 πεσεῖται,
1468 3512 1562 3564 καὶ
1593 3513 1640 3563 oi
1671 3513 1821 3581 αίρευ

229 3597 380 3647 τικοὶ
416 3595 741 3665 κληρονόμοι
770 3596 933 3649 αὐτοῦ
966 3598 1118 3650 οὐδὲν
1162 3598 1444 3667 λήψονται,
1467 3600 1540 3662 ὡς
1574 3600 1668 3652 τοῦ
1701 3604 1823 3652 ἑπι-

236 3688 448 3737 σκόπου
475 3686 756 3737 ἀδιαθέτου
797 3686 1077 3749 δοκοῦντος
1124 3688 1457 3755 τελευτῆσαι.
1520 3690 1688 3742 Τοῦτο
1718 3692 1826 3759 γάρ

236 3777 357 3826 εστι
406 3774 490 3836 τὸ,
522 3775 654 3841 μηδὲ
677 3775 930 3845 δυνηθείη
962 3776 1388 3846 ἀπολογηθῆναι,
1426 3776 1521 3831 ἐὰν
1547 3778 1824 3841 ἀδιάθετος

236 3867 602 3934 ἀπογένηται,
635 3871 727 3918 καὶ
754 3869 821 3919 τα
853 3866 979 3935 ἑξῆς
1003 3884 1018 3899 ·
1052 3870 1330 3921 τουτέστιν
1372 3871 1465 3922 ὲάν
1502 3872 1534 3940 ή
1584 3870 1816 3940 διαθήκη

240 3956 435 4020 αὐτοῦ,
471 3956 545 4019 ὡς
586 3957 822 4026 εἴρηται,
877 3959 1042 4032 πέσῃ,
1089 3960 1151 4011 οὐ
1195 3959 1479 4030 δυνήσεται
1529 3962 1824 4028 ἀπολογίαν

234 4048 424 4116 εὑρεῖν
450 4048 529 4109 εἰς
567 4048 627 4099 τὸ
661 4049 735 4117 μὴ
772 4049 1162 4119 διανεμηθῆναι
1212 4052 1350 4103 κατά
1381 4052 1439 4103 τὸ
1479 4051 1641 4104 αὑτοῦ
1701 4052 1826 4121 βού-

236 4137 391 4207 λημα
414 4139 483 4191 τὰ
533 4142 727 4192 οἰκεῖα.
762 4140 987 4207 ἰιγουν,
1024 4142 1117 4192 ἐὰν
1138 4143 1193 4191 ἓν
1223 4144 1333 4202 τοῖς
1362 4142 1525 4204 ζῶσιν
1561 4144 1822 4211 ὑπῆρχεν,

238 4232 303 4280 οὐ
340 4230 422 4298 μὴ
458 4230 759 4283 αἰτιάσαιτο
795 4233 893 4301 τήν
917 4232 1176 4302 ἀθέτησιν
1208 4234 1303 4302 τῆς
1336 4232 1599 4301 διαθήκης
1631 4235 1822 4286 αὑτοῦ.

239 4320 540 4388 Γενόμενος
561 4320 670 4389 γὰρ
703 4322 1019 4386 επίσκοπος,
1051 4320 1249 4389 ὤφειλε
1293 4316 1431 4375 κατά
1482 4324 1675 4391 νόμους
1736 4326 1829 4377 καὶ

238 4410 411 4472 ἀξίως
459 4410 539 4479 τῷ
604 4412 976 4478 ἐπαγγέλματι
1020 4413 1183 4464 αὑτοῦ
1230 4413 1557 4465 διαθέσθαι·
1611 4416 1672 4466 οὐ
1722 4415 1828 4483 μὴν

1914 608 2133 665 propter
2178 598 2449 665 negodum
2505 596 2720 665 aliquod
2748 595 3457 662 necessariumpermittun-

1905 700 1989 741 tttr
2020 708 2032 743 :
2076 692 2529 757 quemadmodum
2567 702 2795 758 quartus
2819 691 3006 759 synodi
3051 690 3459 742 Chalcedonen-

1904 780 1981 832 sis
2004 794 2178 833 canon
2211 783 2427 835 statuit.
2458 779 2515 833 Si
2539 791 2718 833 autem
2771 781 3092 832 monachum
3126 780 3358 845 aliquem
3395 793 3457 828 cx

1905 869 2082 921 alieno
2132 871 2465 925 monasterio
2498 871 2759 939 receperit
2817 872 3128 937 episcOpus,
3165 881 3217 920 et
3244 868 3326 920 vel
3356 868 3462 919 cle-

1906 961 2078 1016 ricum
2131 976 2252 1015 cum
2282 962 2494 1019 fecerit.
2527 972 2617 1015 aut
2642 962 2846 1030 proprii
2900 960 3216 1011 monasterii
3274 960 3462 1025 praefe-

1906 1061 2051 1105 ctum
2090 1071 2103 1105 :
2129 1062 2389 1120 quantum
2420 1054 2485 1106 ad
2513 1052 2749 1120 reliquos
2780 1050 3083 1103 confratres
3104 1058 3156 1103 et
3185 1050 3463 1117 coepisco-

1909 1154 2006 1209 pus
2070 1156 2197 1195 suos
2247 1140 2825 1202 excoinninnicabitur,
2882 1147 2936 1191 et
2990 1138 3105 1191 sola
3164 1136 3342 1206 populi
3383 1136 3463 1188 sui

1906 1231 2287 1285 communione
2313 1240 2601 1285 contentus
2636 1230 2761 1282 erit.

2413 1318 2638 1373 CANON
2681 1316 2959 1372 LXXXlV.

1918 1428 1935 1461 ι
1982 1411 2056 1464 De
2084 1411 2354 1479 episcopis
2384 1411 2667 1465 haereticos
2697 1411 2776 1464 vel
2802 1408 3017 1462 Gnaeos
3045 1406 3283 1461 ltaaredes
3307 1404 3471 1458 relin-

1991 1520 2008 1551 ι
2052 1502 2363 1568 quentibus.
2399 1500 2664 1555 Similiter
2706 1500 2984 1554 definitum
3046 1508 3149 1559 est,
3184 1508 3241 1549 ut
3273 1498 3317 1550 si
3352 1500 3470 1563 quis

1992 1608 2009 1637 ι
2048 1591 2339 1659 episcopus
2392 1591 2700 1654 luereticos,
2748 1600 2839 1642 aut
2898 1588 3136 1651 οἴεσθε,
3192 1589 3307 1641 sive
3360 1588 3471 1639 sint

1992 1699 2009 1730 ι
2050 1682 2467 1750 consanguinei,
2518 1683 2633 1735 sive
2679 1697 2707 1733 a
2770 1681 3241 1746 consanguinitate
3291 1678 3471 1737 alieni,

1991 1786 2009 1817 ε
2045 1769 2287 1823 lueredes
2333 1771 2585 1825 Ecclesia:
2618 1770 2961 1839 praetulerit;
2990 1770 3150 1822 etiam
3185 1780 3304 1837 post
3332 1783 3472 1820 nior-

1994 1879 2011 1909 ι
2047 1870 2151 1917 tetu
2185 1862 2231 1913 ei
2274 1862 2489 1915 dicatur
2533 1862 2843 1923 anathema,
2871 1871 2925 1912 ct
2965 1875 3157 1913 nomen
3187 1860 3305 1928 ejus
3336 1860 3476 1912 inter

1993 1968 2009 1999 ι
2050 1951 2144 2003 Dei
2208 1953 2521 2006 sacerdotes
2578 1952 2801 2005 minime
2848 1950 3136 2005 referatur.
3170 1950 3277 2003 Nec
3304 1952 3474 2016 possit

1995 2058 2013 2091 ι
2048 2044 2319 2106 excusari,
2372 2043 2414 2097 si
2476 2044 2763 2097 intestatus
2812 2043 3112 2095 decesserit
3152 2059 3165 2092 :
3219 2042 3476 2110 quoniam

1996 2149 2013 2181 ι
2050 2148 2171 2186 cum
2229 2134 2404 2187 factus
2434 2145 2515 2187 est
2538 2136 2842 2203 episcopus,
2887 2136 3087 2203 justam
3114 2134 3270 2188 debet
3302 2134 3478 2188 facere

1991 2242 2007 2273 ι
2047 2238 2224 2277 rerum
2275 2241 2495 2278 suarum
2543 2227 2950 2297 dispositionem
2992 2240 3101 2280 sua:
3150 2226 3474 2295 professioni

1993 2334 2009 2365 ι
2044 2318 2473 2373 convenientem.
2517 2337 2535 2369 ι

1997 2504 2189 2559 BALS.
2238 2503 2430 2560 Omnis
2480 2506 2787 2574 episcopus,
2818 2512 3104 2572 postquam
3133 2504 3335 2557 electus
3370 2505 3482 2556 fue-

1925 2595 2197 2657 rit,de|iet
2234 2611 2320 2648 res
2381 2610 2508 2648 suas
2563 2595 2875 2649 describere
2925 2611 2939 2648 :
2991 2594 3121 2649 etsi
3158 2596 3259 2649 hoc
3299 2595 3486 2649 fecerit

1924 2688 2215 2738 secundum
2275 2701 2534 2739 canonem
2586 2687 2951 2753 aposmlicnm,
2991 2695 3164 2753 petest
3194 2688 3483 2741 secundum

1926 2775 2067 2841 leges
2095 2777 2162 2830 de
2206 2779 2366 2831 rebus
2399 2780 2510 2831 suis
2552 2779 2857 2847 disponere.
2892 2778 3029 2831 Dicit
3064 2794 3193 2848 ergo
3251 2795 3487 2847 praesens

1926 2882 2097 2919 canon
2146 2869 2295 2935 .qnod
2328 2869 2371 2922 si
2405 2872 2712 2937 episcOpns,
2749 2871 2837 2937 qui
2884 2884 2970 2923 res
3018 2884 3144 2923 suas
3178 2871 3484 2938 descripsit,

1927 2962 2165 3015 merieus
2195 2970 2576 3016 testamentum
2614 2963 2823 3026 fecerit,
2853 2973 2905 3016 ct
2942 2964 3223 3016 haereticos
3248 2964 3488 3017 hmredes

1927 3066 2052 3104 suos
2116 3054 2525 3120 subscripserit,
2565 3055 2679 3109 sive
2732 3055 2841 3106 sint
2892 3053 3007 3120 ejus
3069 3054 3323 3121 cognati,
3378 3056 3490 3107 sive

1930 3141 2087 3193 alieni
2142 3152 2196 3196 et
2255 3141 2551 3197 Ecclesiatn
2636 3145 3084 3213 praetermiserit;
3154 3145 3489 3199 anathemati

1927 3234 2089 3284 etiam
2122 3245 2244 3301 post
2306 3244 2533 3288 mortem
2593 3237 2931 3304 subiicit-tur,
2964 3247 3018 3291 et
3067 3253 3257 3290 nomen
3299 3238 3415 3305 ejus
3461 3254 3494 3291 c

1926 3328 2271 3379 Sacerdotium
2302 3328 2562 3380 memoria
2596 3328 2884 3381 delebitur.
2912 3328 2989 3381 Ac
3018 3327 3130 3394 ipse
3168 3328 3383 3395 quidem
3412 3330 3490 3381 sic

1926 3416 2181 3481 punietur
2226 3432 2238 3467 :
2285 3415 2403 3483 eius
2467 3426 2648 3470 autem
2691 3426 3097 3481 testamentum,
3134 3428 3191 3470 ut
3231 3419 3489 3485 injustuni

1925 3516 1979 3557 et
2011 3514 2199 3557 contra
2259 3505 2405 3573 leges
2459 3506 2681 3568 factum,
2718 3508 3102 3569 inlirmabitur,
3144 3517 3197 3560 et
3257 3508 3492 3561 lueretiii

1927 3612 2140 3664 quoque
2168 3598 2408 3651 ltazredcs
2441 3597 2573 3649 nihil
2604 3599 2895 3665 accipient,
2924 3607 3178 3665 tanquam
3210 3600 3493 3665 episeopns

1929 3688 2182 3740 videatur
2238 3688 2373 3741 mori
2431 3688 2740 3749 illlCSlaltls,
2772 3698 2825 3740 et
2853 3691 2972 3756 qua:
3007 3700 3307 3755 sequuntur
3344 3707 3355 3741 :
3394 3689 3495 3741 ltoc

1927 3787 2031 3843 est,
2057 3780 2098 3832 si
2131 3780 2247 3848 ejus
2282 3787 2666 3833 testamentum
2703 3780 3033 3843 intirmetnr,
3070 3779 3351 3832 utdictum
3386 3788 3486 3841 est,

1934 3885 2037 3921 tum
2069 3870 2264 3937 poterit
2306 3870 2547 3923 invenire
2591 3870 2978 3933 defensionem,
3008 3878 3065 3922 ut
3119 3885 3224 3921 non
3275 3885 3336 3922 ex
3375 3870 3490 3935 ejus

1928 3961 2202 4014 voluntate
2231 3976 2325 4014 sua
2363 3962 2834 4015 administrentur.
2874 3960 3159 4022 Videlicet,
3195 3962 3239 4013 si
3275 3962 3329 4012 in
3360 3962 3495 4012 \ivis

1927 4058 2090 4110 esset,
2126 4051 2205 4101 sui
2234 4051 2548 4103 testamenti
2579 4051 2996 4104 infirmatiunein
3056 4066 3158 4103 non
3195 4051 3491 4104 incusaret.

1929 4138 2061 4189 Cum
2116 4140 2259 4191 enim
2324 4140 2501 4193 factus
2532 4150 2675 4195 esset
2700 4142 3007 4208 episcopus,
3045 4142 3271 4194 debebat
3305 4155 3495 4194 secun—

1930 4226 2056 4278 dum
2090 4228 2235 4295 leges
2270 4238 2321 4282 et
2347 4245 2444 4297 pro
2489 4244 2599 4282 sua:
2630 4230 2999 4298 professionis
3028 4230 3289 4297 dignitate
3315 4232 3497 4295 diSpo-

1933 4332 2059 4370 nere
2087 4337 2099 4371 :
2139 4336 2240 4370 non
2274 4332 2452 4373 autent
2485 4330 2671 4373 contra
2720 4322 2861 4388 leges
2892 4330 2946 4376 et
3000 4337 3095 4389 pro
3140 4338 3249 4375 sua:
3277 4322 3487 4389 profes-

1932 4410 2100 4460 sionis
2117 4410 2382 4481 dignitate
2415 4412 2748 4478 disponere;
2786 4428 2889 4466 non
2913 4424 3094 4467 autem
3138 4422 3327 4467 contra
3354 4416 3500 4483 leges

241 4502 583 4570 παρανόμως
616 4502 708 4552 καὶ
738 4502 965 4566 ἀναξίως
992 4502 1413 4573 ἀρχιερεῖ.Ποία
1439 4504 1546 4573 γάρ
1577 4508 1827 4558 κοινωνία
1863 4512 1901 4564 υ

1863 4512 1901 4564 υ
1931 4506 1983 4549 et
2018 4499 2336 4565 tligttitaletn
2401 4503 2677 4556 antistitis.
2716 4505 2842 4568 Qua:
2887 4514 2969 4563 est
3007 4506 3149 4557 enim
3192 4509 3499 4559 communio

238 4592 515 4661 ὀρθοδόξῳ
549 4593 642 4655 καὶ
670 4592 968 4662 αίρετικῴς
1023 4593 1209 4656 Οὕτως
1256 4596 1618 4663 ἑρμηνεύεται
1649 4598 1677 4648 ό
1725 4614 1824 4649 κα-

238 4683 372 4746 νὼν,
413 4683 490 4743 ὡς
530 4686 653 4751 δμοὶ
680 4684 842 4737 δοκεῖ.
895 4686 1001 4737 Καὶ
1047 4686 1318 4752 ἀ·.άγνωθι
1372 4686 1461 4739 τὶν
1505 4688 1583 4741 κδ’
1628 4690 1823 4742 κανόνα

236 4776 341 4842 τῆς
396 4775 456 4825 ὲν
490 4774 789 4843 Ἀντιοχείᾳ
846 4776 1083 4841 συνόδου,
1143 4776 1239 4829 καὶ
1285 4778 1577 4845 κεφάλαιον
1639 4780 1824 4847 δγδοον

239 4863 338 4915 τοῦ
364 4861 394 4915 ι’
443 4862 622 4915 τίτλον
674 4864 765 4915 τοῦ
820 4864 1085 4934 παρόντος
1137 4866 1513 4935 συντάγματος
1548 4885 1562 4900 ’
1610 4874 1702 4922 καὶ
1730 4860 1824 4924 iis:

243 4956 478 5022 φάλαιον
516 4961 545 5007 ι·
580 4954 674 5008 τοῦ
706 4955 752 5024 γ’
784 4957 963 5009 τίτλου
985 4956 1079 5011 τοῦ
1126 4964 1167 5009 ε’
1211 4958 1413 5028 βιϐλίου
1460 4961 1568 5013 τῶν
1613 4960 1827 5016 Βασιλι-

244 5046 382 5108 κῶν,
410 5046 548 5115 ὅπερ
572 5047 687 5099 ἐστὶ
718 5048 828 5114 ρλαθ
856 5049 1045 5119 νεαρὰ,
1072 5048 1397 5103 διδάσκουσα
1444 5053 1570 5113 τοὺς
1615 5054 1827 5106 ἀδιαϐά-

241 5152 355 5196 τως
404 5135 771 5199 τελευτῶντας
809 5139 1137 5200 ἐπισκόπους
1199 5141 1291 5191 καὶ
1336 5140 1629 5211 κληρικοὺς
1678 5145 1828 5212 παρά

243 5226 359 5276 τῶν
384 5226 691 5296 ἐκκλησιῶν
722 5227 1191 5296 κληρονομεῖσθαι,
1242 5230 1351 5282 Καὶ
1404 5230 1479 5299 μὴ
1527 5234 1821 5305 ἐναντιωθῇ

245 5335 332 5369 σοι
372 5318 404 5386 ή
437 5320 605 5388 νεαρά
632 5317 727 5372 τοῦ
757 5318 1016 5387 βασιλέως
1066 5320 1234 5391 κυροῦ
1272 5323 1678 5377 Κωντταντίνου
1732 5328 1824 5380 τοῦ

244 5409 784 5479 Πορφυρογεννήτου,
838 5410 1275 5481 διαλαμϐάνουσα
1347 5415 1471 5477 τοὺς
1530 5416 1827 5481 άδιαθίτως

239 5499 611 5562 τελευτῶντας
639 5500 843 5555 παίδων
872 5505 1039 5573 χωρὶς
1079 5504 1155 5572 μὴ
1206 5505 1655 5575 κληρονομεῖσθαι
1679 5513 1827 5579 παρὰ

238 5590 354 5642 τῶν
379 5596 442 5643 ὲκ
464 5590 696 5658 πλαγίου
723 5595 1002 5661 συγγενῶν
1026 5595 1206 5648 αὐτῶν
1236 5612 1253 5629 ⁸
1283 5598 1419 5650 άλλά
1446 5601 1508 5650 τὸ
1532 5600 1712 5668 τρίτον
1730 5602 1829 5670 τῆς

241 5682 433 5746 οὲσίας
458 5684 568 5738 τῶν
592 5684 765 5747 οὕτως
795 5687 1172 5741 τελευτώντων
1216 5694 1519 5762 προχωρεῖν
1554 5696 1629 5757 είς
1667 5696 1831 5765 ψυχι-

246 5774 353 5835 κὰς
381 5774 643 5837 διαδόσεις
665 5793 677 5804 ·
710 5781 1176 5848 συνεισαγομένων
1196 5783 1398 5837 τούτων
1421 5788 1511 5839 καὶ
1536 5786 1642 5839 τῶν
1664 5803 1828 5857 τιμη-

496 5870 761 5931 Ρλτιιοι..
795 5874 909 5933 Gtt.
949 5872 1317 5939 CXXXVI”.

1935 4590 2233 4643 ortliodoxo
2279 4606 2399 4644 cunt
2439 4595 2737 4647 liazretico?
2767 4594 2891 4649 llzcc
2926 4604 3009 4650 est
3054 4598 3279 4651 canonis
3321 4597 3491 4650 inter-

1934 4686 2189 4747 pretatio,
2222 4696 2281 4735 ut
2315 4684 2440 4735 milii
2477 4686 2694 4751 andeut
2730 4689 2960 4740 videtur.
2989 4690 3047 4742 Et
3084 4690 3201 4755 lege
3232 4706 3496 4746 canatient

1934 4771 2004 4823 9i
2032 4774 2221 4839 synodi
2274 4774 2441 4842 618
2472 4774 2822 4829 Antiocheam
2857 4786 2911 4829 et
2943 4789 3109 4845 caput
3135 4789 3384 4832 octavum
3416 4783 3500 4833 tit.

1940 4863 2005 4913 ll)
2062 4866 2341 4931 pra'scntis
2399 4868 2617 4933 operis;
2677 4879 2732 4921 et
2782 4883 2903 4937 Cap.
2978 4869 3062 4934 ιο,
3097 4872 3179 4923 tit.
3234 4871 3287 4934 5,
3324 4872 3415 4925 lib.
3447 4890 3497 4924 v.

1940 4951 2157 5008 llasilic.
2212 4958 2353 5022 quod
2384 4964 2464 5008 est
2497 4957 2700 5009 ιιυνυΙΙι
2754 4960 2876 5023 151,
2911 4974 3030 5025 qua:
3095 4964 3268 5026 docet,
3300 4964 3343 5016 si
3381 4966 3499 5031 epi—

1937 5044 2086 5111 scopi
2118 5054 2173 5098 ct
2217 5046 2399 5100 clerici
2460 5048 2699 5102 intestati
2765 5052 3086 5114 moriantur,
3120 5054 3185 5106 ad
3242 5057 3500 5109 ecclesias

1938 5134 2310 5190 hzereditatctn
2350 5140 2637 5203 pertinere.
2672 5139 2778 5194 Nec
2808 5143 2903 5195 tibi
2933 5157 3232 5211 repugnare
3258 5147 3503 5201 videatur

1940 5225 2146 5278 novella
2193 5228 2538 5295 imperatoris
2568 5231 3142 5287 domiuiConstantinl
3194 5238 3500 5307 Porpliyro-

1937 5326 2206 5382 genuette,
2241 5332 2361 5384 qua:
2401 5327 2620 5383 tractat,
2653 5320 2756 5383 eis,
2793 5323 2884 5389 qui
2910 5324 3028 5374 sine
3052 5324 3233 5376 liberis
3264 5325 3502 5379 intestati

1943 5405 2269 5470 moriuntur,
2308 5423 2413 5462 non
2464 5414 2755 5465 succedere
2798 5428 2865 5466 ex
2898 5414 3035 5468 linea
3070 5429 3379 5472 transversa
3412 5434 3506 5472 co-

1940 5502 2133 5562 gnatos
2166 5510 2181 5549 ε
2224 5499 2316 5550 sed
2366 5500 2580 5552 tertiam
2630 5511 2837 5567 partem
2868 5503 3153 5569 bonorum,
3187 5522 3374 5562 eorum
3412 5512 3504 5580 qui

1940 5586 2021 5639 sic
2050 5587 2377 5655 moriuntur,
2427 5591 2493 5643 ad
2534 5593 2651 5658 pias
2694 5595 2999 5665 animmque
3058 5598 3323 5654 salutares
3358 5602 3504 5654 elar-

1938 5678 2173 5747 gitiones
2229 5681 2563 5748 procedere;
2594 5697 2717 5737 cum
2749 5699 2815 5738 eo
2841 5688 3002 5741 etiam
3042 5691 3286 5746 collectis
3317 5697 3507 5761 pretiis

1947 5784 2225 5825 servorum
2290 5771 2407 5839 ejus
2441 5774 2530 5841 qui
2574 5784 2822 5833 mortuus
2852 5788 2958 5845 est,
2985 5791 3170 5849 utpote
3204 5784 3268 5838 iis
3291 5800 3356 5839 eo
3390 5786 3506 5855 ipso

3072 5901 3142 5959 10
