  <div class='ocr_page' id='page_1' title='image "/cluster/home/n/w/nwhite01/storage/ocr_20150623/138/nnc1.0046980083/159.png"; bbox 0 0 4212 6440; ppageno 0'>
   <div class='ocr_carea' id='block_1_1' title="bbox 817 388 916 447">
    <p class='ocr_par' dir='ltr' id='par_1_1' title="bbox 817 388 916 447">
     <span class='ocr_line' id='line_1_1' title="bbox 817 388 916 447; baseline -0.01 0"><span class='ocrx_word' id='word_1_1' title='bbox 817 388 916 447; x_wconf 82' lang='grc'><strong>303</strong></span> 
     </span>
    </p>
   </div>
   <div class='ocr_carea' id='block_1_2' title="bbox 806 583 2342 653">
    <p class='ocr_par' dir='ltr' id='par_1_2' title="bbox 806 583 2342 653">
     <span class='ocr_line' id='line_1_2' title="bbox 806 583 2342 653; baseline -0.001 -16"><span class='ocrx_word' id='word_1_2' title='bbox 806 600 969 637; x_wconf 85' lang='lat' dir='ltr'><strong>canas</strong></span> <span class='ocrx_word' id='word_1_3' title='bbox 1000 586 1276 637; x_wconf 76' lang='lat' dir='ltr'><strong>ecclesias.</strong></span> <span class='ocrx_word' id='word_1_4' title='bbox 1317 584 1477 638; x_wconf 77' lang='lat' dir='ltr'><strong>Multa</strong></span> <span class='ocrx_word' id='word_1_5' title='bbox 1505 588 1647 639; x_wconf 89' lang='lat' dir='ltr'><strong>enim</strong></span> <span class='ocrx_word' id='word_1_6' title='bbox 1680 587 1942 653; x_wconf 82' lang='lat' dir='ltr'><strong>ejusmodi</strong></span> <span class='ocrx_word' id='word_1_7' title='bbox 1966 586 2100 639; x_wconf 75' lang='lat' dir='ltr'><strong>(lunt</strong></span> <span class='ocrx_word' id='word_1_8' title='bbox 2128 600 2156 636; x_wconf 95' lang='lat' dir='ltr'><strong>a</strong></span> <span class='ocrx_word' id='word_1_9' title='bbox 2188 583 2342 637; x_wconf 81' lang='lat' dir='ltr'><strong>vica-</strong></span> 
     </span>
    </p>
   </div>
   <div class='ocr_carea' id='block_1_3' title="bbox 807 672 2350 733">
    <p class='ocr_par' dir='ltr' id='par_1_3' title="bbox 807 672 2350 733">
     <span class='ocr_line' id='line_1_3' title="bbox 807 672 2350 733; baseline 0.001 -9"><span class='ocrx_word' id='word_1_10' title='bbox 807 672 893 724; x_wconf 81' lang='lat' dir='ltr'><strong>nis</strong></span> <span class='ocrx_word' id='word_1_11' title='bbox 924 672 1289 733; x_wconf 80' lang='lat' dir='ltr'><strong>homunculis,</strong></span> <span class='ocrx_word' id='word_1_12' title='bbox 1330 674 1583 727; x_wconf 74' lang='lat' dir='ltr'><strong>mulieros</strong></span> <span class='ocrx_word' id='word_1_13' title='bbox 1634 675 1898 728; x_wconf 91' lang='lat' dir='ltr'><strong>diabolico</strong></span> <span class='ocrx_word' id='word_1_14' title='bbox 1924 675 2191 728; x_wconf 89' lang='lat' dir='ltr'><strong>instructu</strong></span> <span class='ocrx_word' id='word_1_15' title='bbox 2220 673 2350 727; x_wconf 85' lang='lat' dir='ltr'><strong>bac-</strong></span> 
     </span>
    </p>
   </div>
   <div class='ocr_carea' id='block_1_4' title="bbox 805 762 2347 832">
    <p class='ocr_par' dir='ltr' id='par_1_4' title="bbox 805 762 2347 832">
     <span class='ocr_line' id='line_1_4' title="bbox 805 762 2347 832; baseline 0.001 -19"><span class='ocrx_word' id='word_1_16' title='bbox 805 764 1029 815; x_wconf 80' lang='lat' dir='ltr'><strong>chantes</strong></span> <span class='ocrx_word' id='word_1_17' title='bbox 1074 772 1125 814; x_wconf 87' lang='lat' dir='ltr'><strong>et</strong></span> <span class='ocrx_word' id='word_1_18' title='bbox 1190 762 1365 815; x_wconf 83' lang='lat' dir='ltr'><strong>futura</strong></span> <span class='ocrx_word' id='word_1_19' title='bbox 1427 764 1563 817; x_wconf 79' lang='lat' dir='ltr'><strong>forte</strong></span> <span class='ocrx_word' id='word_1_20' title='bbox 1598 765 1916 827; x_wconf 74' lang='lat' dir='ltr'><strong>divinantes,</strong></span> <span class='ocrx_word' id='word_1_21' title='bbox 1975 766 2347 832; x_wconf 85' lang='lat' dir='ltr'><strong>hominesque,</strong></span> 
     </span>
    </p>
   </div>
   <div class='ocr_carea' id='block_1_5' title="bbox 805 852 2351 921">
    <p class='ocr_par' dir='ltr' id='par_1_5' title="bbox 805 852 2351 921">
     <span class='ocr_line' id='line_1_5' title="bbox 805 852 2351 921; baseline 0.001 -16"><span class='ocrx_word' id='word_1_22' title='bbox 805 856 894 921; x_wconf 86' lang='lat' dir='ltr'><strong>qui</strong></span> <span class='ocrx_word' id='word_1_23' title='bbox 931 868 988 907; x_wconf 87' lang='lat' dir='ltr'><strong>se</strong></span> <span class='ocrx_word' id='word_1_24' title='bbox 1024 852 1353 905; x_wconf 65' lang='lat' dir='ltr'><strong>da&#39;moniaco</strong></span> <span class='ocrx_word' id='word_1_25' title='bbox 1382 854 1571 921; x_wconf 78' lang='lat' dir='ltr'><strong>spiritu</strong></span> <span class='ocrx_word' id='word_1_26' title='bbox 1610 855 1812 908; x_wconf 84' lang='lat' dir='ltr'><strong>amatos</strong></span> <span class='ocrx_word' id='word_1_27' title='bbox 1843 856 2118 918; x_wconf 89' lang='lat' dir='ltr'><strong>simulant,</strong></span> <span class='ocrx_word' id='word_1_28' title='bbox 2148 862 2200 907; x_wconf 86' lang='lat' dir='ltr'><strong>et</strong></span> <span class='ocrx_word' id='word_1_29' title='bbox 2233 869 2351 920; x_wconf 73' lang='lat' dir='ltr'><strong>qua:</strong></span> 
     </span>
    </p>
   </div>
   <div class='ocr_carea' id='block_1_6' title="bbox 803 944 2350 1015">
    <p class='ocr_par' dir='ltr' id='par_1_6' title="bbox 803 944 2350 1015">
     <span class='ocr_line' id='line_1_6' title="bbox 803 944 2350 1015; baseline 0 -19"><span class='ocrx_word' id='word_1_30' title='bbox 803 960 872 997; x_wconf 88' lang='lat' dir='ltr'><strong>ne</strong></span> <span class='ocrx_word' id='word_1_31' title='bbox 932 946 1111 997; x_wconf 83' lang='lat' dir='ltr'><strong>dicere</strong></span> <span class='ocrx_word' id='word_1_32' title='bbox 1169 944 1383 1011; x_wconf 82' lang='lat' dir='ltr'><strong>quidem</strong></span> <span class='ocrx_word' id='word_1_33' title='bbox 1433 945 1609 1009; x_wconf 89' lang='lat' dir='ltr'><strong>decet,</strong></span> <span class='ocrx_word' id='word_1_34' title='bbox 1677 947 1728 999; x_wconf 91' lang='lat' dir='ltr'><strong>in</strong></span> <span class='ocrx_word' id='word_1_35' title='bbox 1789 946 2047 1015; x_wconf 80' lang='lat' dir='ltr'><strong>ejusmodi</strong></span> <span class='ocrx_word' id='word_1_36' title='bbox 2107 946 2350 998; x_wconf 87' lang='lat' dir='ltr'><strong>ecclesiis</strong></span> 
     </span>
    </p>
   </div>
   <div class='ocr_carea' id='block_1_7' title="bbox 802 1035 1446 1091">
    <p class='ocr_par' dir='ltr' id='par_1_7' title="bbox 802 1035 1446 1091">
     <span class='ocr_line' id='line_1_7' title="bbox 802 1035 1446 1091; baseline -0.005 -3"><span class='ocrx_word' id='word_1_37' title='bbox 802 1037 1006 1091; x_wconf 62' lang='lat' dir='ltr'><strong>faciunt</strong></span> <span class='ocrx_word' id='word_1_38' title='bbox 1031 1035 1446 1088; x_wconf 88' lang='lat' dir='ltr'><strong>assumcntibus.</strong></span> 
     </span>
    </p>
   </div>
   <div class='ocr_carea' id='block_1_8' title="bbox 868 1213 2345 1281">
    <p class='ocr_par' dir='ltr' id='par_1_8' title="bbox 868 1213 2345 1281">
     <span class='ocr_line' id='line_1_8' title="bbox 868 1213 2345 1281; baseline 0.001 -14"><span class='ocrx_word' id='word_1_39' title='bbox 868 1214 1116 1267; x_wconf 79' lang='lat' dir='ltr'><strong>ZONAR.</strong></span> <span class='ocrx_word' id='word_1_40' title='bbox 1153 1214 1426 1276; x_wconf 82' lang='lat' dir='ltr'><strong>Nonnulli,</strong></span> <span class='ocrx_word' id='word_1_41' title='bbox 1466 1228 1522 1268; x_wconf 87' lang='lat' dir='ltr'><strong>se</strong></span> <span class='ocrx_word' id='word_1_42' title='bbox 1560 1214 1608 1267; x_wconf 88' lang='lat' dir='ltr'><strong>id</strong></span> <span class='ocrx_word' id='word_1_43' title='bbox 1638 1215 1719 1281; x_wconf 90' lang='lat' dir='ltr'><strong>pie</strong></span> <span class='ocrx_word' id='word_1_44' title='bbox 1753 1213 1930 1267; x_wconf 82' lang='lat' dir='ltr'><strong>facere</strong></span> <span class='ocrx_word' id='word_1_45' title='bbox 1952 1213 2345 1269; x_wconf 76' lang='lat' dir='ltr'><strong>existimantes.</strong></span> 
     </span>
    </p>
   </div>
   <div class='ocr_carea' id='block_1_9' title="bbox 804 1303 2348 1373">
    <p class='ocr_par' dir='ltr' id='par_1_9' title="bbox 804 1303 2348 1373">
     <span class='ocr_line' id='line_1_9' title="bbox 804 1303 2348 1373; baseline -0.003 -16"><span class='ocrx_word' id='word_1_46' title='bbox 804 1306 857 1357; x_wconf 91' lang='lat' dir='ltr'><strong>in</strong></span> <span class='ocrx_word' id='word_1_47' title='bbox 897 1307 1039 1368; x_wconf 68' lang='lat' dir='ltr'><strong>agris</strong></span> <span class='ocrx_word' id='word_1_48' title='bbox 1071 1314 1126 1357; x_wconf 91' lang='lat' dir='ltr'><strong>et</strong></span> <span class='ocrx_word' id='word_1_49' title='bbox 1178 1306 1370 1357; x_wconf 89' lang='lat' dir='ltr'><strong>vinetis</strong></span> <span class='ocrx_word' id='word_1_50' title='bbox 1416 1312 1712 1373; x_wconf 84' lang='lat' dir='ltr'><strong>martyrum</strong></span> <span class='ocrx_word' id='word_1_51' title='bbox 1766 1304 2039 1363; x_wconf 65' lang='lat' dir='ltr'><strong>aediculas,</strong></span> <span class='ocrx_word' id='word_1_52' title='bbox 2070 1303 2222 1368; x_wconf 84' lang='lat' dir='ltr'><strong>quasi</strong></span> <span class='ocrx_word' id='word_1_53' title='bbox 2256 1315 2348 1368; x_wconf 84' lang='lat' dir='ltr'><strong>per</strong></span> 
     </span>
    </p>
   </div>
   <div class='ocr_carea' id='block_1_10' title="bbox 801 1390 2346 1460">
    <p class='ocr_par' dir='ltr' id='par_1_10' title="bbox 801 1390 2346 1460">
     <span class='ocr_line' id='line_1_10' title="bbox 801 1390 2346 1460; baseline -0.001 -17"><span class='ocrx_word' id='word_1_54' title='bbox 801 1395 1008 1446; x_wconf 82' lang='lat' dir='ltr'><strong>somnia</strong></span> <span class='ocrx_word' id='word_1_55' title='bbox 1065 1395 1286 1460; x_wconf 85' lang='lat' dir='ltr'><strong>visaque</strong></span> <span class='ocrx_word' id='word_1_56' title='bbox 1334 1394 1618 1455; x_wconf 86' lang='lat' dir='ltr'><strong>admoniti,</strong></span> <span class='ocrx_word' id='word_1_57' title='bbox 1672 1393 1999 1444; x_wconf 87' lang='lat' dir='ltr'><strong>excitabant.</strong></span> <span class='ocrx_word' id='word_1_58' title='bbox 2030 1390 2131 1443; x_wconf 83' lang='lat' dir='ltr'><strong>Eas</strong></span> <span class='ocrx_word' id='word_1_59' title='bbox 2166 1391 2346 1458; x_wconf 89' lang='lat' dir='ltr'><strong>igitur,</strong></span> 
     </span>
    </p>
   </div>
   <div class='ocr_carea' id='block_1_11' title="bbox 798 1478 2346 1550">
    <p class='ocr_par' dir='ltr' id='par_1_11' title="bbox 798 1478 2346 1550">
     <span class='ocr_line' id='line_1_11' title="bbox 798 1478 2346 1550; baseline -0.003 -16"><span class='ocrx_word' id='word_1_60' title='bbox 798 1486 841 1534; x_wconf 78' lang='lat' dir='ltr'><strong>si</strong></span> <span class='ocrx_word' id='word_1_61' title='bbox 878 1498 976 1536; x_wconf 84' lang='lat' dir='ltr'><strong>nec</strong></span> <span class='ocrx_word' id='word_1_62' title='bbox 1030 1493 1322 1550; x_wconf 84' lang='lat' dir='ltr'><strong>martyrum</strong></span> <span class='ocrx_word' id='word_1_63' title='bbox 1357 1498 1580 1550; x_wconf 84' lang='lat' dir='ltr'><strong>corpora</strong></span> <span class='ocrx_word' id='word_1_64' title='bbox 1620 1482 1688 1534; x_wconf 89' lang='lat' dir='ltr'><strong>ibi</strong></span> <span class='ocrx_word' id='word_1_65' title='bbox 1723 1483 1976 1548; x_wconf 82' lang='lat' dir='ltr'><strong>reposita,</strong></span> <span class='ocrx_word' id='word_1_66' title='bbox 2032 1494 2132 1533; x_wconf 88' lang='lat' dir='ltr'><strong>nec</strong></span> <span class='ocrx_word' id='word_1_67' title='bbox 2158 1478 2346 1545; x_wconf 70' lang='lat' dir='ltr'><strong>aliqua:</strong></span> 
     </span>
    </p>
   </div>
   <div class='ocr_carea' id='block_1_12' title="bbox 800 1568 2347 1639">
    <p class='ocr_par' dir='ltr' id='par_1_12' title="bbox 800 1568 2347 1639">
     <span class='ocr_line' id='line_1_12' title="bbox 800 1568 2347 1639; baseline -0.001 -16"><span class='ocrx_word' id='word_1_68' title='bbox 800 1574 1014 1625; x_wconf 89' lang='lat' dir='ltr'><strong>illorum</strong></span> <span class='ocrx_word' id='word_1_69' title='bbox 1050 1574 1312 1639; x_wconf 75' lang='lat' dir='ltr'><strong>reliquim,</strong></span> <span class='ocrx_word' id='word_1_70' title='bbox 1345 1582 1719 1634; x_wconf 77' lang='lat' dir='ltr'><strong>asserventur,</strong></span> <span class='ocrx_word' id='word_1_71' title='bbox 1751 1573 2149 1639; x_wconf 88' lang='lat' dir='ltr'><strong>episcoporum,</strong></span> <span class='ocrx_word' id='word_1_72' title='bbox 2185 1568 2347 1637; x_wconf 76' lang='lat'><strong>620</strong></span> 
     </span>
    </p>
   </div>
   <div class='ocr_carea' id='block_1_13' title="bbox 803 1660 2345 1729">
    <p class='ocr_par' dir='ltr' id='par_1_13' title="bbox 803 1660 2345 1729">
     <span class='ocr_line' id='line_1_13' title="bbox 803 1660 2345 1729; baseline -0.002 -17"><span class='ocrx_word' id='word_1_73' title='bbox 803 1665 895 1729; x_wconf 87' lang='lat' dir='ltr'><strong>qui</strong></span> <span class='ocrx_word' id='word_1_74' title='bbox 932 1664 995 1714; x_wconf 90' lang='lat' dir='ltr'><strong>iis</strong></span> <span class='ocrx_word' id='word_1_75' title='bbox 1052 1663 1183 1714; x_wconf 91' lang='lat' dir='ltr'><strong>locis</strong></span> <span class='ocrx_word' id='word_1_76' title='bbox 1225 1672 1484 1729; x_wconf 62' lang='lat' dir='ltr'><strong>prwsunt,</strong></span> <span class='ocrx_word' id='word_1_77' title='bbox 1516 1662 1833 1714; x_wconf 84' lang='lat' dir='ltr'><strong>auctoritate</strong></span> <span class='ocrx_word' id='word_1_78' title='bbox 1864 1664 2030 1713; x_wconf 80' lang='lat' dir='ltr'><strong>everti</strong></span> <span class='ocrx_word' id='word_1_79' title='bbox 2079 1660 2225 1729; x_wconf 82' lang='lat' dir='ltr'><strong>jubet</strong></span> <span class='ocrx_word' id='word_1_80' title='bbox 2255 1674 2345 1710; x_wconf 87' lang='lat' dir='ltr'><strong>ca-</strong></span> 
     </span>
    </p>
   </div>
   <div class='ocr_carea' id='block_1_14' title="bbox 803 1748 2339 1815">
    <p class='ocr_par' dir='ltr' id='par_1_14' title="bbox 803 1748 2339 1815">
     <span class='ocr_line' id='line_1_14' title="bbox 803 1748 2339 1815; baseline -0.003 -14"><span class='ocrx_word' id='word_1_81' title='bbox 803 1766 928 1803; x_wconf 89' lang='lat' dir='ltr'><strong>non.</strong></span> <span class='ocrx_word' id='word_1_82' title='bbox 960 1750 1111 1814; x_wconf 89' lang='lat' dir='ltr'><strong>Quod</strong></span> <span class='ocrx_word' id='word_1_83' title='bbox 1143 1750 1186 1802; x_wconf 89' lang='lat' dir='ltr'><strong>si</strong></span> <span class='ocrx_word' id='word_1_84' title='bbox 1214 1750 1517 1809; x_wconf 78' lang='lat' dir='ltr'><strong>multitudo,</strong></span> <span class='ocrx_word' id='word_1_85' title='bbox 1554 1751 1751 1815; x_wconf 86' lang='lat' dir='ltr'><strong>inquit,</strong></span> <span class='ocrx_word' id='word_1_86' title='bbox 1776 1748 2031 1801; x_wconf 83' lang='lat' dir='ltr'><strong>seditiose</strong></span> <span class='ocrx_word' id='word_1_87' title='bbox 2066 1758 2339 1814; x_wconf 74' lang='lat' dir='ltr'><strong>repugnet,</strong></span> 
     </span>
    </p>
   </div>
   <div class='ocr_carea' id='block_1_15' title="bbox 2028 388 2732 449">
    <p class='ocr_par' dir='ltr' id='par_1_15' title="bbox 2028 388 2732 449">
     <span class='ocr_line' id='line_1_15' title="bbox 2028 388 2732 449; baseline 0.004 -3"><span class='ocrx_word' id='word_1_88' title='bbox 2028 388 2127 447; x_wconf 82' lang='grc' dir='ltr'><strong>ΤΠ</strong></span> <span class='ocrx_word' id='word_1_89' title='bbox 2139 388 2301 448; x_wconf 80' lang='lat' dir='ltr'><strong>E01).</strong></span> <span class='ocrx_word' id='word_1_90' title='bbox 2338 388 2422 445; x_wconf 80' lang='lat' dir='ltr'><strong>BA</strong></span> <span class='ocrx_word' id='word_1_91' title='bbox 2434 388 2732 449; x_wconf 76' lang='lat' dir='ltr'><strong>LSAMON</strong></span> 
     </span>
    </p>
   </div>
   <div class='ocr_carea' id='block_1_16' title="bbox 813 495 2476 564">
    <p class='ocr_par' dir='ltr' id='par_1_16' title="bbox 813 495 2476 564">
     <span class='ocr_line' id='line_1_16' title="bbox 813 495 2476 564; baseline 0 -17"><span class='ocrx_word' id='word_1_92' title='bbox 813 503 1129 561; x_wconf 70' lang='lat' dir='ltr'><strong>prmscnteut</strong></span> <span class='ocrx_word' id='word_1_93' title='bbox 1158 510 1443 556; x_wconf 87' lang='lat' dir='ltr'><strong>cauonem,</strong></span> <span class='ocrx_word' id='word_1_94' title='bbox 1482 497 1568 564; x_wconf 92' lang='lat' dir='ltr'><strong>qni</strong></span> <span class='ocrx_word' id='word_1_95' title='bbox 1604 506 1684 550; x_wconf 82' lang='lat' dir='ltr'><strong>est</strong></span> <span class='ocrx_word' id='word_1_96' title='bbox 1736 497 1887 550; x_wconf 80' lang='lat' dir='ltr'><strong>valde</strong></span> <span class='ocrx_word' id='word_1_97' title='bbox 1920 496 2069 549; x_wconf 87' lang='lat' dir='ltr'><strong>utilis</strong></span> <span class='ocrx_word' id='word_1_98' title='bbox 2098 496 2164 548; x_wconf 85' lang='lat' dir='ltr'><strong>ad</strong></span> <span class='ocrx_word' id='word_1_99' title='bbox 2193 495 2356 548; x_wconf 80' lang='lat' dir='ltr'><strong>rusti-</strong></span> <span class='ocrx_word' id='word_1_100' title='bbox 2387 501 2430 555; x_wconf 81' lang='grc' dir='ltr'><strong>Α</strong></span> <span class='ocrx_word' id='word_1_101' title='bbox 2463 511 2476 562; x_wconf 76' lang='grc' dir='ltr'><strong>ι</strong></span> 
     </span>
    </p>
   </div>
   <div class='ocr_carea' id='block_1_17' title="bbox 1453 495 3116 564">
    <p class='ocr_par' dir='ltr' id='par_1_17' title="bbox 1482 495 3116 564">
     <span class='ocr_line' id='line_1_17' title="bbox 1482 495 3116 564; baseline 0.002 -17"><span class='ocrx_word' id='word_1_102' title='bbox 1482 497 1568 564; x_wconf 83' lang='grc' dir='ltr'>(ιιιί</span> <span class='ocrx_word' id='word_1_103' title='bbox 1604 506 1684 550; x_wconf 82' lang='lat' dir='ltr'><strong>est</strong></span> <span class='ocrx_word' id='word_1_104' title='bbox 1736 497 1887 550; x_wconf 89' lang='lat' dir='ltr'><strong>valde</strong></span> <span class='ocrx_word' id='word_1_105' title='bbox 1920 496 2069 549; x_wconf 85' lang='lat' dir='ltr'><strong>utilis</strong></span> <span class='ocrx_word' id='word_1_106' title='bbox 2098 496 2164 548; x_wconf 88' lang='lat' dir='ltr'><strong>ad</strong></span> <span class='ocrx_word' id='word_1_107' title='bbox 2193 495 2356 548; x_wconf 74' lang='lat' dir='ltr'><strong>rusti-</strong></span> <span class='ocrx_word' id='word_1_108' title='bbox 2387 501 2430 555; x_wconf 80' lang='grc' dir='ltr'><strong>Α</strong></span> <span class='ocrx_word' id='word_1_109' title='bbox 2463 497 2753 564; x_wconf 85' lang='grc' dir='ltr'>μαρτύρων</span> <span class='ocrx_word' id='word_1_110' title='bbox 2787 497 2865 548; x_wconf 86' lang='grc' dir='ltr'>’ἐν</span> <span class='ocrx_word' id='word_1_111' title='bbox 2938 499 3116 561; x_wconf 78' lang='grc' dir='ltr'>αὐτοῖς</span> 
     </span>
    </p>
   </div>
   <div class='ocr_carea' id='block_1_18' title="bbox 3890 396 3996 457">
    <p class='ocr_par' dir='ltr' id='par_1_18' title="bbox 3890 396 3996 457">
     <span class='ocr_line' id='line_1_18' title="bbox 3890 396 3996 457; baseline -0.028 0"><span class='ocrx_word' id='word_1_112' title='bbox 3890 396 3996 457; x_wconf 76' lang='grc' dir='ltr'><strong>3οᾹ</strong></span> 
     </span>
    </p>
   </div>
   <div class='ocr_carea' id='block_1_19' title="bbox 3191 501 4011 571">
    <p class='ocr_par' dir='ltr' id='par_1_19' title="bbox 3191 501 4011 571">
     <span class='ocr_line' id='line_1_19' title="bbox 3191 501 4011 571; baseline -0.002 -19"><span class='ocrx_word' id='word_1_113' title='bbox 3191 501 3474 555; x_wconf 84' lang='grc' dir='ltr'>ἐπιτελεῖν.</span> <span class='ocrx_word' id='word_1_114' title='bbox 3549 502 3859 571; x_wconf 77' lang='grc' dir='ltr'>Σημείωσαι</span> <span class='ocrx_word' id='word_1_115' title='bbox 3919 509 4011 554; x_wconf 61' lang='grc' dir='ltr'>τὴν</span> 
     </span>
    </p>
   </div>
   <div class='ocr_carea' id='block_1_20' title="bbox 2459 585 4010 658">
    <p class='ocr_par' dir='ltr' id='par_1_20' title="bbox 2459 585 4010 658">
     <span class='ocr_line' id='line_1_20' title="bbox 2459 585 4010 658; baseline 0.008 -26"><span class='ocrx_word' id='word_1_116' title='bbox 2459 585 2698 650; x_wconf 80' lang='grc' dir='ltr'>παρόντα</span> <span class='ocrx_word' id='word_1_117' title='bbox 2771 585 2991 648; x_wconf 86' lang='grc' dir='ltr'>κανόνα,</span> <span class='ocrx_word' id='word_1_118' title='bbox 3071 587 3240 640; x_wconf 79' lang='grc' dir='ltr'>πολλὰ</span> <span class='ocrx_word' id='word_1_119' title='bbox 3306 590 3706 658; x_wconf 80' lang='grc' dir='ltr'>χρησιμεύοντα</span> <span class='ocrx_word' id='word_1_120' title='bbox 3757 594 3838 653; x_wconf 88' lang='grc' dir='ltr'><strong>είς</strong></span> <span class='ocrx_word' id='word_1_121' title='bbox 3908 598 4010 653; x_wconf 72' lang='grc' dir='ltr'>τὰς</span> 
     </span>
    </p>
   </div>
   <div class='ocr_carea' id='block_1_21' title="bbox 2457 671 4010 747">
    <p class='ocr_par' dir='ltr' id='par_1_21' title="bbox 2457 671 4010 747">
     <span class='ocr_line' id='line_1_21' title="bbox 2457 671 4010 747; baseline 0.009 -27"><span class='ocrx_word' id='word_1_122' title='bbox 2457 671 2777 739; x_wconf 52' lang='grc' dir='ltr'>ἀγροικικῂ</span> <span class='ocrx_word' id='word_1_123' title='bbox 2804 675 3116 743; x_wconf 79' lang='grc' dir='ltr'>ἐκκλησίας.</span> <span class='ocrx_word' id='word_1_124' title='bbox 3156 678 3401 733; x_wconf 55' lang='grc' dir='ltr'>Γίῦνται</span> <span class='ocrx_word' id='word_1_125' title='bbox 3428 682 3533 747; x_wconf 86' lang='grc' dir='ltr'><strong>γὰρ</strong></span> <span class='ocrx_word' id='word_1_126' title='bbox 3572 682 3739 733; x_wconf 87' lang='grc' dir='ltr'>πολλά</span> <span class='ocrx_word' id='word_1_127' title='bbox 3782 682 4010 734; x_wconf 82' lang='grc' dir='ltr'>τοιαῦτα</span> 
     </span>
    </p>
   </div>
   <div class='ocr_carea' id='block_1_22' title="bbox 2457 760 4011 839">
    <p class='ocr_par' dir='ltr' id='par_1_22' title="bbox 2457 760 4011 839">
     <span class='ocr_line' id='line_1_22' title="bbox 2457 760 4011 839; baseline 0.006 -28"><span class='ocrx_word' id='word_1_128' title='bbox 2457 760 2607 828; x_wconf 86' lang='grc' dir='ltr'><strong>παρά</strong></span> <span class='ocrx_word' id='word_1_129' title='bbox 2711 764 3019 832; x_wconf 83' lang='grc' dir='ltr'>χωριτικῶν</span> <span class='ocrx_word' id='word_1_130' title='bbox 3116 767 3417 837; x_wconf 84' lang='grc' dir='ltr'>ἀνδραρίων</span> <span class='ocrx_word' id='word_1_131' title='bbox 3483 770 4011 839; x_wconf 82' lang='grc' dir='ltr'>προσλαμϐανόντων</span> 
     </span>
    </p>
   </div>
   <div class='ocr_carea' id='block_1_23' title="bbox 2457 853 4011 928">
    <p class='ocr_par' dir='ltr' id='par_1_23' title="bbox 2457 853 4011 928">
     <span class='ocr_line' id='line_1_23' title="bbox 2457 853 4011 928; baseline 0.009 -28"><span class='ocrx_word' id='word_1_132' title='bbox 2457 856 2718 917; x_wconf 76' lang='grc' dir='ltr'>γυναῖκας</span> <span class='ocrx_word' id='word_1_133' title='bbox 2761 853 3132 918; x_wconf 87' lang='grc' dir='ltr'>ἐνθουσιώσας</span> <span class='ocrx_word' id='word_1_134' title='bbox 3154 861 3246 909; x_wconf 77' lang='grc' dir='ltr'>καὶ</span> <span class='ocrx_word' id='word_1_135' title='bbox 3314 859 3457 911; x_wconf 88' lang='grc' dir='ltr'><strong>κατά</strong></span> <span class='ocrx_word' id='word_1_136' title='bbox 3509 861 3827 928; x_wconf 74' lang='grc' dir='ltr'><strong>δαιμονικὴν</strong></span> <span class='ocrx_word' id='word_1_137' title='bbox 3866 864 4011 928; x_wconf 79' lang='grc' dir='ltr'>ἐπήο</span> 
     </span>
    </p>
   </div>
   <div class='ocr_carea' id='block_1_24' title="bbox 2456 942 4007 1016">
    <p class='ocr_par' dir='ltr' id='par_1_24' title="bbox 2456 942 4007 1016">
     <span class='ocr_line' id='line_1_24' title="bbox 2456 942 4007 1016; baseline 0.008 -27"><span class='ocrx_word' id='word_1_138' title='bbox 2456 955 2606 1005; x_wconf 86' lang='grc' dir='ltr'>ρειαν</span> <span class='ocrx_word' id='word_1_139' title='bbox 2638 942 3102 1007; x_wconf 75' lang='grc' dir='ltr'>προφοιϐαζούσας</span> <span class='ocrx_word' id='word_1_140' title='bbox 3118 946 3256 1013; x_wconf 88' lang='grc' dir='ltr'>τάχα</span> <span class='ocrx_word' id='word_1_141' title='bbox 3277 947 3345 998; x_wconf 88' lang='grc' dir='ltr'><strong>τά</strong></span> <span class='ocrx_word' id='word_1_142' title='bbox 3370 948 3653 1015; x_wconf 83' lang='grc' dir='ltr'>μέλλοντα,</span> <span class='ocrx_word' id='word_1_143' title='bbox 3686 951 3777 1001; x_wconf 82' lang='grc' dir='ltr'>καὶ</span> <span class='ocrx_word' id='word_1_144' title='bbox 3804 948 4007 1016; x_wconf 78' lang='grc' dir='ltr'>ἄνδρας</span> 
     </span>
    </p>
   </div>
   <div class='ocr_carea' id='block_1_25' title="bbox 2457 1032 4007 1107">
    <p class='ocr_par' dir='ltr' id='par_1_25' title="bbox 2457 1032 4007 1107">
     <span class='ocr_line' id='line_1_25' title="bbox 2457 1032 4007 1107; baseline 0.01 -31"><span class='ocrx_word' id='word_1_145' title='bbox 2457 1032 2949 1097; x_wconf 77' lang='grc' dir='ltr'><strong>προσποιουμένους</strong></span> <span class='ocrx_word' id='word_1_146' title='bbox 2980 1033 3260 1102; x_wconf 82' lang='grc' dir='ltr'>δαιμονᾷν.</span> <span class='ocrx_word' id='word_1_147' title='bbox 3292 1036 3386 1088; x_wconf 74' lang='grc' dir='ltr'>καὶ</span> <span class='ocrx_word' id='word_1_148' title='bbox 3413 1037 3693 1097; x_wconf 62' lang='grc' dir='ltr'>ωιοῦπάς</span> <span class='ocrx_word' id='word_1_149' title='bbox 3722 1054 3843 1089; x_wconf 89' lang='grc' dir='ltr'>τινα</span> <span class='ocrx_word' id='word_1_150' title='bbox 3871 1036 4007 1107; x_wconf 69' lang='grc' dir='ltr'>μηδὲ</span> 
     </span>
    </p>
   </div>
   <div class='ocr_carea' id='block_1_26' title="bbox 2458 1117 3731 1195">
    <p class='ocr_par' dir='ltr' id='par_1_26' title="bbox 2458 1117 3731 1195">
     <span class='ocr_line' id='line_1_26' title="bbox 2458 1117 3731 1195; baseline 0.012 -29"><span class='ocrx_word' id='word_1_151' title='bbox 2458 1117 2713 1182; x_wconf 76' lang='grc' dir='ltr'>λέγεσθαι</span> <span class='ocrx_word' id='word_1_152' title='bbox 2741 1121 2866 1183; x_wconf 78' lang='grc' dir='ltr'>ἀξια</span> <span class='ocrx_word' id='word_1_153' title='bbox 2902 1124 2980 1184; x_wconf 89' lang='grc' dir='ltr'><strong>είς</strong></span> <span class='ocrx_word' id='word_1_154' title='bbox 3014 1125 3112 1185; x_wconf 83' lang='grc' dir='ltr'><strong>τάς</strong></span> <span class='ocrx_word' id='word_1_155' title='bbox 3141 1125 3396 1189; x_wconf 79' lang='grc' dir='ltr'><strong>τοιαύτας</strong></span> <span class='ocrx_word' id='word_1_156' title='bbox 3420 1128 3731 1195; x_wconf 71' lang='grc' dir='ltr'><strong>ἐκκλησίας.</strong></span> 
     </span>
    </p>
   </div>
   <div class='ocr_carea' id='block_1_27' title="bbox 2526 1206 4006 1284">
    <p class='ocr_par' dir='ltr' id='par_1_27' title="bbox 2526 1206 4006 1284">
     <span class='ocr_line' id='line_1_27' title="bbox 2526 1206 4006 1284; baseline 0.008 -29"><span class='ocrx_word' id='word_1_157' title='bbox 2526 1206 2770 1259; x_wconf 79' lang='grc' dir='ltr'><strong>ΖΩΝΛΡ.</strong></span> <span class='ocrx_word' id='word_1_158' title='bbox 2834 1208 3012 1274; x_wconf 83' lang='grc' dir='ltr'>Τινὲς,</span> <span class='ocrx_word' id='word_1_159' title='bbox 3062 1211 3307 1263; x_wconf 90' lang='grc' dir='ltr'>εὐσεϐεῖν</span> <span class='ocrx_word' id='word_1_160' title='bbox 3364 1213 3668 1277; x_wconf 81' lang='grc' dir='ltr'>δικοῦντες,</span> <span class='ocrx_word' id='word_1_161' title='bbox 3721 1216 3777 1266; x_wconf 84' lang='grc' dir='ltr'><strong>ἐν</strong></span> <span class='ocrx_word' id='word_1_162' title='bbox 3812 1216 4006 1284; x_wconf 87' lang='grc' dir='ltr'>ἀγροῖς</span> 
     </span>
    </p>
   </div>
   <div class='ocr_carea' id='block_1_28' title="bbox 2456 1294 4004 1372">
    <p class='ocr_par' dir='ltr' id='par_1_28' title="bbox 2456 1294 4004 1372">
     <span class='ocr_line' id='line_1_28' title="bbox 2456 1294 4004 1372; baseline 0.008 -29"><span class='ocrx_word' id='word_1_163' title='bbox 2456 1294 2545 1344; x_wconf 77' lang='grc' dir='ltr'>καὶ</span> <span class='ocrx_word' id='word_1_164' title='bbox 2578 1295 2636 1345; x_wconf 83' lang='grc' dir='ltr'><strong>ἐν</strong></span> <span class='ocrx_word' id='word_1_165' title='bbox 2676 1295 2991 1361; x_wconf 76' lang='grc' dir='ltr'>ἀμπελῶσιν</span> <span class='ocrx_word' id='word_1_166' title='bbox 3021 1297 3327 1367; x_wconf 78' lang='grc' dir='ltr'><strong>ᾠκοδόμουν</strong></span> <span class='ocrx_word' id='word_1_167' title='bbox 3353 1301 3612 1369; x_wconf 74' lang='grc' dir='ltr'>εὐκτήρια</span> <span class='ocrx_word' id='word_1_168' title='bbox 3668 1304 3758 1356; x_wconf 80' lang='grc' dir='ltr'>ἐπὶ</span> <span class='ocrx_word' id='word_1_169' title='bbox 3790 1303 4004 1372; x_wconf 85' lang='grc' dir='ltr'>μαρτύ-</span> 
     </span>
    </p>
   </div>
   <div class='ocr_carea' id='block_1_29' title="bbox 2455 1385 4001 1453">
    <p class='ocr_par' dir='ltr' id='par_1_29' title="bbox 2455 1385 4001 1453">
     <span class='ocr_line' id='line_1_29' title="bbox 2455 1385 4001 1453; baseline 0.008 -20"><span class='ocrx_word' id='word_1_170' title='bbox 2455 1400 2565 1451; x_wconf 64' lang='grc' dir='ltr'>ριςν</span> <span class='ocrx_word' id='word_1_171' title='bbox 2596 1385 2877 1453; x_wconf 83' lang='grc' dir='ltr'>ὀνόμασιν,</span> <span class='ocrx_word' id='word_1_172' title='bbox 2911 1388 2985 1451; x_wconf 85' lang='grc' dir='ltr'>ὡς</span> <span class='ocrx_word' id='word_1_173' title='bbox 3040 1389 3108 1441; x_wconf 82' lang='grc' dir='ltr'><strong>δι’</strong></span> <span class='ocrx_word' id='word_1_174' title='bbox 3143 1391 3409 1442; x_wconf 78' lang='grc' dir='ltr'><strong>ἐνυπνίων</strong></span> <span class='ocrx_word' id='word_1_175' title='bbox 3449 1393 3619 1444; x_wconf 83' lang='grc' dir='ltr'>ταῦτα</span> <span class='ocrx_word' id='word_1_176' title='bbox 3665 1394 3755 1445; x_wconf 80' lang='grc' dir='ltr'>καὶ</span> <span class='ocrx_word' id='word_1_177' title='bbox 3784 1396 4001 1447; x_wconf 85' lang='grc' dir='ltr'>ἀποκα-</span> 
     </span>
    </p>
   </div>
   <div class='ocr_carea' id='block_1_30' title="bbox 2452 1472 4004 1548">
    <p class='ocr_par' dir='ltr' id='par_1_30' title="bbox 2452 1472 4004 1548">
     <span class='ocr_line' id='line_1_30' title="bbox 2452 1472 4004 1548; baseline 0.006 -23"><span class='ocrx_word' id='word_1_178' title='bbox 2452 1472 2664 1540; x_wconf 73' lang='grc' dir='ltr'>λύψεων</span> <span class='ocrx_word' id='word_1_179' title='bbox 2694 1478 3089 1545; x_wconf 79' lang='grc' dir='ltr'>ἀνεγείροντες.</span> <span class='ocrx_word' id='word_1_180' title='bbox 3122 1480 3460 1548; x_wconf 75' lang='grc' dir='ltr'>Προστάσσει</span> <span class='ocrx_word' id='word_1_181' title='bbox 3496 1483 3697 1544; x_wconf 74' lang='grc' dir='ltr'>,τοίνυν</span> <span class='ocrx_word' id='word_1_182' title='bbox 3736 1485 3763 1534; x_wconf 85' lang='grc' dir='ltr'><strong>ό</strong></span> <span class='ocrx_word' id='word_1_183' title='bbox 3820 1476 4004 1534; x_wconf 81' lang='grc' dir='ltr'>κανὼν</span> 
     </span>
    </p>
   </div>
   <div class='ocr_carea' id='block_1_31' title="bbox 2450 1568 4004 1645">
    <p class='ocr_par' dir='ltr' id='par_1_31' title="bbox 2450 1568 4004 1645">
     <span class='ocr_line' id='line_1_31' title="bbox 2450 1568 4004 1645; baseline 0.005 -27"><span class='ocrx_word' id='word_1_184' title='bbox 2450 1568 2517 1618; x_wconf 68' lang='grc' dir='ltr'><strong>τὰ</strong></span> <span class='ocrx_word' id='word_1_185' title='bbox 2542 1568 2786 1628; x_wconf 81' lang='grc' dir='ltr'>τοιαῦτα,</span> <span class='ocrx_word' id='word_1_186' title='bbox 2819 1573 2865 1622; x_wconf 79' lang='grc' dir='ltr'><strong>εί</strong></span> <span class='ocrx_word' id='word_1_187' title='bbox 2897 1573 3033 1640; x_wconf 80' lang='grc' dir='ltr'>μήτε</span> <span class='ocrx_word' id='word_1_188' title='bbox 3066 1573 3291 1641; x_wconf 82' lang='grc' dir='ltr'>σώματα</span> <span class='ocrx_word' id='word_1_189' title='bbox 3318 1576 3609 1645; x_wconf 87' lang='grc' dir='ltr'>μαρτύρων</span> <span class='ocrx_word' id='word_1_190' title='bbox 3625 1576 3797 1643; x_wconf 71' lang='grc' dir='ltr'>ἔχοιεν</span> <span class='ocrx_word' id='word_1_191' title='bbox 3815 1576 4004 1635; x_wconf 88' lang='grc' dir='ltr'>αὐτοῖς</span> 
     </span>
    </p>
   </div>
   <div class='ocr_carea' id='block_1_32' title="bbox 2451 1658 3999 1733">
    <p class='ocr_par' dir='ltr' id='par_1_32' title="bbox 2451 1658 3999 1733">
     <span class='ocr_line' id='line_1_32' title="bbox 2451 1658 3999 1733; baseline 0.005 -26"><span class='ocrx_word' id='word_1_192' title='bbox 2451 1658 2865 1727; x_wconf 85' lang='grc' dir='ltr'>ἐναποκείμενα,</span> <span class='ocrx_word' id='word_1_193' title='bbox 2901 1662 3034 1729; x_wconf 83' lang='grc' dir='ltr'>μήτε</span> <span class='ocrx_word' id='word_1_194' title='bbox 3062 1663 3181 1713; x_wconf 83' lang='grc' dir='ltr'>τινὰ</span> <span class='ocrx_word' id='word_1_195' title='bbox 3202 1662 3430 1730; x_wconf 79' lang='grc' dir='ltr'>λείψανα</span> <span class='ocrx_word' id='word_1_196' title='bbox 3483 1665 3791 1733; x_wconf 88' lang='grc' dir='ltr'>μαρτύρων,</span> <span class='ocrx_word' id='word_1_197' title='bbox 3843 1664 3999 1731; x_wconf 82' lang='grc' dir='ltr'><strong>παρά</strong></span> 
     </span>
    </p>
   </div>
   <div class='ocr_carea' id='block_1_33' title="bbox 2450 1745 3999 1823">
    <p class='ocr_par' dir='ltr' id='par_1_33' title="bbox 2450 1745 3999 1823">
     <span class='ocr_line' id='line_1_33' title="bbox 2450 1745 3999 1823; baseline 0.005 -27"><span class='ocrx_word' id='word_1_198' title='bbox 2450 1745 2559 1797; x_wconf 86' lang='grc' dir='ltr'>τῶν</span> <span class='ocrx_word' id='word_1_199' title='bbox 2589 1748 2731 1800; x_wconf 86' lang='grc' dir='ltr'><strong>κατά</strong></span> <span class='ocrx_word' id='word_1_200' title='bbox 2767 1749 2962 1810; x_wconf 86' lang='grc' dir='ltr'>τόπους</span> <span class='ocrx_word' id='word_1_201' title='bbox 2978 1753 3289 1804; x_wconf 80' lang='grc' dir='ltr'>ἐπισκόπων</span> <span class='ocrx_word' id='word_1_202' title='bbox 3320 1754 3812 1823; x_wconf 68' lang='grc' dir='ltr'>καταστρέφεσθαι.</span> <span class='ocrx_word' id='word_1_203' title='bbox 3847 1753 3910 1804; x_wconf 80' lang='lat' dir='ltr'><strong>El</strong></span> <span class='ocrx_word' id='word_1_204' title='bbox 3940 1753 3999 1804; x_wconf 83' lang='grc' dir='ltr'><strong>δέ</strong></span> 
     </span>
    </p>
   </div>
   <div class='ocr_carea' id='block_1_34' title="bbox 802 1827 2465 1911">
    <p class='ocr_par' dir='ltr' id='par_1_34' title="bbox 802 1827 2465 1909">
     <span class='ocr_line' id='line_1_34' title="bbox 802 1827 2465 1909; baseline -0.005 -16"><span class='ocrx_word' id='word_1_205' title='bbox 802 1856 974 1909; x_wconf 69' lang='lat' dir='ltr'><strong>neque</strong></span> <span class='ocrx_word' id='word_1_206' title='bbox 1006 1842 1122 1893; x_wconf 91' lang='lat' dir='ltr'><strong>illas</strong></span> <span class='ocrx_word' id='word_1_207' title='bbox 1179 1841 1316 1891; x_wconf 90' lang='lat' dir='ltr'><strong>dirui</strong></span> <span class='ocrx_word' id='word_1_208' title='bbox 1344 1842 1573 1907; x_wconf 85' lang='lat' dir='ltr'><strong>patiatur</strong></span> <span class='ocrx_word' id='word_1_209' title='bbox 1603 1860 1616 1894; x_wconf 87' lang='lat'><strong>:</strong></span> <span class='ocrx_word' id='word_1_210' title='bbox 1650 1841 1863 1893; x_wconf 86' lang='lat' dir='ltr'><strong>saltem.</strong></span> <span class='ocrx_word' id='word_1_211' title='bbox 1898 1854 1963 1891; x_wconf 93' lang='lat' dir='ltr'><strong>ne</strong></span> <span class='ocrx_word' id='word_1_212' title='bbox 2022 1839 2089 1890; x_wconf 88' lang='lat' dir='ltr'><strong>iis</strong></span> <span class='ocrx_word' id='word_1_213' title='bbox 2118 1838 2169 1890; x_wconf 92' lang='lat' dir='ltr'><strong>in</strong></span> <span class='ocrx_word' id='word_1_214' title='bbox 2215 1837 2347 1894; x_wconf 89' lang='lat' dir='ltr'><strong>locis</strong></span> <span class='ocrx_word' id='word_1_215' title='bbox 2378 1827 2419 1879; x_wconf 81' lang='grc' dir='ltr'><strong><em>Β</em></strong></span> <span class='ocrx_word' id='word_1_216' title='bbox 2446 1851 2465 1885; x_wconf 85' lang='lat' dir='ltr'><strong>c</strong></span> 
     </span>
    </p>
   </div>
   <div class='ocr_carea' id='block_1_35' title="bbox 2336 1827 3999 1911">
    <p class='ocr_par' dir='ltr' id='par_1_35' title="bbox 2336 1827 3999 1911">
     <span class='ocr_line' id='line_1_35' title="bbox 2336 1827 3999 1911; baseline 0.004 -24"><span class='ocrx_word' id='word_1_217' title='bbox 2336 1850 2347 1887; x_wconf 76' lang='grc' dir='ltr'><strong>ι</strong></span> <span class='ocrx_word' id='word_1_218' title='bbox 2378 1827 2419 1879; x_wconf 78' lang='grc' dir='ltr'><strong><em>Β</em></strong></span> <span class='ocrx_word' id='word_1_219' title='bbox 2446 1836 2494 1885; x_wconf 90' lang='grc' dir='ltr'><strong>οί</strong></span> <span class='ocrx_word' id='word_1_220' title='bbox 2526 1835 2710 1901; x_wconf 81' lang='grc' dir='ltr'><strong>δῆμοι,</strong></span> <span class='ocrx_word' id='word_1_221' title='bbox 2747 1839 2930 1906; x_wconf 81' lang='grc' dir='ltr'>φησὶν,</span> <span class='ocrx_word' id='word_1_222' title='bbox 2973 1840 3314 1893; x_wconf 75' lang='grc' dir='ltr'><strong>ἀνθίστανται</strong></span> <span class='ocrx_word' id='word_1_223' title='bbox 3351 1842 3724 1911; x_wconf 77' lang='grc' dir='ltr'>θορυϐοῦντες,</span> <span class='ocrx_word' id='word_1_224' title='bbox 3775 1844 3869 1893; x_wconf 83' lang='grc' dir='ltr'>καὶ</span> <span class='ocrx_word' id='word_1_225' title='bbox 3898 1842 3999 1894; x_wconf 72' lang='grc' dir='ltr'><strong>οὐκ</strong></span> 
     </span>
    </p>
   </div>
   <div class='ocr_carea' id='block_1_36' title="bbox 804 1924 2348 1998">
    <p class='ocr_par' dir='ltr' id='par_1_36' title="bbox 804 1924 2348 1998">
     <span class='ocr_line' id='line_1_36' title="bbox 804 1924 2348 1998; baseline -0.002 -16"><span class='ocrx_word' id='word_1_226' title='bbox 804 1933 980 1998; x_wconf 78' lang='lat' dir='ltr'><strong>populi</strong></span> <span class='ocrx_word' id='word_1_227' title='bbox 1023 1942 1315 1985; x_wconf 84' lang='lat' dir='ltr'><strong>conventus</strong></span> <span class='ocrx_word' id='word_1_228' title='bbox 1376 1939 1559 1998; x_wconf 82' lang='lat' dir='ltr'><strong>agant,</strong></span> <span class='ocrx_word' id='word_1_229' title='bbox 1588 1931 1691 1984; x_wconf 87' lang='lat' dir='ltr'><strong>hoc</strong></span> <span class='ocrx_word' id='word_1_230' title='bbox 1720 1943 1823 1995; x_wconf 73' lang='grc' dir='ltr'>σει,</span> <span class='ocrx_word' id='word_1_231' title='bbox 1871 1944 1938 1982; x_wconf 87' lang='lat' dir='ltr'><strong>ne</strong></span> <span class='ocrx_word' id='word_1_232' title='bbox 1994 1928 2101 1981; x_wconf 88' lang='lat' dir='ltr'><strong>illic</strong></span> <span class='ocrx_word' id='word_1_233' title='bbox 2164 1924 2348 1979; x_wconf 83' lang='lat' dir='ltr'><strong>turbas</strong></span> 
     </span>
    </p>
   </div>
   <div class='ocr_carea' id='block_1_37' title="bbox 803 2017 2345 2090">
    <p class='ocr_par' dir='ltr' id='par_1_37' title="bbox 803 2017 2345 2090">
     <span class='ocr_line' id='line_1_37' title="bbox 803 2017 2345 2090; baseline -0.004 -17"><span class='ocrx_word' id='word_1_234' title='bbox 803 2031 1149 2090; x_wconf 68' lang='lat' dir='ltr'><strong>congregem,</strong></span> <span class='ocrx_word' id='word_1_235' title='bbox 1183 2036 1280 2075; x_wconf 90' lang='lat' dir='ltr'><strong>nec</strong></span> <span class='ocrx_word' id='word_1_236' title='bbox 1318 2021 1492 2088; x_wconf 88' lang='lat' dir='ltr'><strong>aliqua</strong></span> <span class='ocrx_word' id='word_1_237' title='bbox 1521 2034 1705 2073; x_wconf 89' lang='lat' dir='ltr'><strong>eorum</strong></span> <span class='ocrx_word' id='word_1_238' title='bbox 1752 2018 2131 2087; x_wconf 86' lang='lat' dir='ltr'><strong>superstitione</strong></span> <span class='ocrx_word' id='word_1_239' title='bbox 2159 2017 2345 2067; x_wconf 87' lang='lat' dir='ltr'><strong>ortho-</strong></span> 
     </span>
    </p>
   </div>
   <div class='ocr_carea' id='block_1_38' title="bbox 802 2104 2344 2177">
    <p class='ocr_par' dir='ltr' id='par_1_38' title="bbox 802 2104 2344 2177">
     <span class='ocr_line' id='line_1_38' title="bbox 802 2104 2344 2177; baseline -0.002 -19"><span class='ocrx_word' id='word_1_240' title='bbox 802 2110 924 2161; x_wconf 76' lang='lat' dir='ltr'><strong>doxi</strong></span> <span class='ocrx_word' id='word_1_241' title='bbox 986 2111 1291 2177; x_wconf 79' lang='lat' dir='ltr'><strong>alligentur.</strong></span> <span class='ocrx_word' id='word_1_242' title='bbox 1346 2124 1443 2162; x_wconf 88' lang='lat' dir='ltr'><strong>nec</strong></span> <span class='ocrx_word' id='word_1_243' title='bbox 1476 2111 1527 2162; x_wconf 91' lang='lat' dir='ltr'><strong>in</strong></span> <span class='ocrx_word' id='word_1_244' title='bbox 1583 2110 1646 2161; x_wconf 89' lang='lat' dir='ltr'><strong>iis</strong></span> <span class='ocrx_word' id='word_1_245' title='bbox 1698 2117 1994 2176; x_wconf 84' lang='lat' dir='ltr'><strong>martyrum</strong></span> <span class='ocrx_word' id='word_1_246' title='bbox 2029 2104 2344 2158; x_wconf 80' lang='lat' dir='ltr'><strong>memoriam</strong></span> 
     </span>
    </p>
   </div>
   <div class='ocr_carea' id='block_1_39' title="bbox 801 2194 2346 2266">
    <p class='ocr_par' dir='ltr' id='par_1_39' title="bbox 801 2194 2346 2266">
     <span class='ocr_line' id='line_1_39' title="bbox 801 2194 2346 2266; baseline -0.002 -17"><span class='ocrx_word' id='word_1_247' title='bbox 801 2200 1107 2261; x_wconf 76' lang='lat' dir='ltr'><strong>celebrent;</strong></span> <span class='ocrx_word' id='word_1_248' title='bbox 1142 2200 1185 2251; x_wconf 91' lang='lat' dir='ltr'><strong>si</strong></span> <span class='ocrx_word' id='word_1_249' title='bbox 1216 2200 1429 2266; x_wconf 86' lang='lat' dir='ltr'><strong>quidem</strong></span> <span class='ocrx_word' id='word_1_250' title='bbox 1461 2213 1558 2253; x_wconf 89' lang='lat' dir='ltr'><strong>nec</strong></span> <span class='ocrx_word' id='word_1_251' title='bbox 1584 2198 1834 2266; x_wconf 88' lang='lat' dir='ltr'><strong>martyris</strong></span> <span class='ocrx_word' id='word_1_252' title='bbox 1861 2212 2061 2264; x_wconf 94' lang='lat' dir='ltr'><strong>corpus</strong></span> <span class='ocrx_word' id='word_1_253' title='bbox 2092 2210 2189 2248; x_wconf 89' lang='lat' dir='ltr'><strong>nec</strong></span> <span class='ocrx_word' id='word_1_254' title='bbox 2224 2194 2346 2247; x_wconf 85' lang='lat' dir='ltr'><strong>reli-</strong></span> 
     </span>
    </p>
   </div>
   <div class='ocr_carea' id='block_1_40' title="bbox 803 2282 2347 2353">
    <p class='ocr_par' dir='ltr' id='par_1_40' title="bbox 803 2282 2347 2353">
     <span class='ocr_line' id='line_1_40' title="bbox 803 2282 2347 2353; baseline -0.002 -18"><span class='ocrx_word' id='word_1_255' title='bbox 803 2287 939 2351; x_wconf 69' lang='lat' dir='ltr'><strong>quia:</strong></span> <span class='ocrx_word' id='word_1_256' title='bbox 1002 2286 1073 2337; x_wconf 91' lang='lat' dir='ltr'><strong>ibi</strong></span> <span class='ocrx_word' id='word_1_257' title='bbox 1103 2287 1371 2339; x_wconf 81' lang='lat' dir='ltr'><strong>recondita</strong></span> <span class='ocrx_word' id='word_1_258' title='bbox 1424 2286 1551 2348; x_wconf 89' lang='lat' dir='ltr'><strong>sint,</strong></span> <span class='ocrx_word' id='word_1_259' title='bbox 1601 2301 1775 2353; x_wconf 87' lang='lat' dir='ltr'><strong>neque</strong></span> <span class='ocrx_word' id='word_1_260' title='bbox 1823 2285 1932 2353; x_wconf 85' lang='lat' dir='ltr'><strong>jant</strong></span> <span class='ocrx_word' id='word_1_261' title='bbox 1992 2283 2059 2335; x_wconf 89' lang='lat' dir='ltr'><strong>ab</strong></span> <span class='ocrx_word' id='word_1_262' title='bbox 2113 2282 2347 2342; x_wconf 84' lang='lat' dir='ltr'><strong>antiquis</strong></span> 
     </span>
    </p>
   </div>
   <div class='ocr_carea' id='block_1_41' title="bbox 797 2372 2346 2444">
    <p class='ocr_par' dir='ltr' id='par_1_41' title="bbox 797 2372 2346 2444">
     <span class='ocr_line' id='line_1_41' title="bbox 797 2372 2346 2444; baseline -0.003 -15"><span class='ocrx_word' id='word_1_263' title='bbox 797 2376 1131 2444; x_wconf 79' lang='lat' dir='ltr'><strong>temporibus</strong></span> <span class='ocrx_word' id='word_1_264' title='bbox 1182 2376 1349 2428; x_wconf 86' lang='lat' dir='ltr'><strong>altare</strong></span> <span class='ocrx_word' id='word_1_265' title='bbox 1382 2376 1509 2430; x_wconf 89' lang='lat' dir='ltr'><strong>illttd</strong></span> <span class='ocrx_word' id='word_1_266' title='bbox 1550 2378 1619 2429; x_wconf 85' lang='lat' dir='ltr'><strong>sit</strong></span> <span class='ocrx_word' id='word_1_267' title='bbox 1676 2374 2101 2439; x_wconf 70' lang='lat' dir='ltr'><strong>exmdiﬁcatum;</strong></span> <span class='ocrx_word' id='word_1_268' title='bbox 2134 2372 2346 2441; x_wconf 86' lang='lat' dir='ltr'><strong>publice</strong></span> 
     </span>
    </p>
   </div>
   <div class='ocr_carea' id='block_1_42' title="bbox 796 2466 2347 2536">
    <p class='ocr_par' dir='ltr' id='par_1_42' title="bbox 796 2466 2347 2536">
     <span class='ocr_line' id='line_1_42' title="bbox 796 2466 2347 2536; baseline -0.002 -17"><span class='ocrx_word' id='word_1_269' title='bbox 796 2469 1044 2536; x_wconf 80' lang='lat' dir='ltr'><strong>populum</strong></span> <span class='ocrx_word' id='word_1_270' title='bbox 1098 2470 1494 2523; x_wconf 90' lang='lat' dir='ltr'><strong>admonendum</strong></span> <span class='ocrx_word' id='word_1_271' title='bbox 1553 2484 1671 2523; x_wconf 92' lang='lat' dir='ltr'><strong>esse</strong></span> <span class='ocrx_word' id='word_1_272' title='bbox 1705 2469 1966 2522; x_wconf 84' lang='lat' dir='ltr'><strong>decernit.</strong></span> <span class='ocrx_word' id='word_1_273' title='bbox 2000 2466 2347 2531; x_wconf 67' lang='lat' dir='ltr'><strong>Quaecunque</strong></span> 
     </span>
    </p>
   </div>
   <div class='ocr_carea' id='block_1_43' title="bbox 796 2555 2344 2628">
    <p class='ocr_par' dir='ltr' id='par_1_43' title="bbox 796 2555 2344 2628">
     <span class='ocr_line' id='line_1_43' title="bbox 796 2555 2344 2628; baseline -0.003 -20"><span class='ocrx_word' id='word_1_274' title='bbox 796 2562 965 2622; x_wconf 72' lang='lat' dir='ltr'><strong>enim,</strong></span> <span class='ocrx_word' id='word_1_275' title='bbox 1001 2562 1153 2627; x_wconf 85' lang='lat' dir='ltr'><strong>quasi</strong></span> <span class='ocrx_word' id='word_1_276' title='bbox 1189 2578 1281 2628; x_wconf 81' lang='lat' dir='ltr'><strong>per</strong></span> <span class='ocrx_word' id='word_1_277' title='bbox 1315 2561 1544 2623; x_wconf 88' lang='lat' dir='ltr'><strong>somnia,</strong></span> <span class='ocrx_word' id='word_1_278' title='bbox 1574 2568 1626 2613; x_wconf 90' lang='lat' dir='ltr'><strong>et</strong></span> <span class='ocrx_word' id='word_1_279' title='bbox 1672 2559 2026 2612; x_wconf 83' lang='lat' dir='ltr'><strong>revelationes</strong></span> <span class='ocrx_word' id='word_1_280' title='bbox 2056 2570 2084 2607; x_wconf 85' lang='lat' dir='ltr'><strong>a</strong></span> <span class='ocrx_word' id='word_1_281' title='bbox 2114 2555 2344 2608; x_wconf 83' lang='lat' dir='ltr'><strong>nonnul-</strong></span> 
     </span>
    </p>
   </div>
   <div class='ocr_carea' id='block_1_44' title="bbox 794 2645 2343 2714">
    <p class='ocr_par' dir='ltr' id='par_1_44' title="bbox 794 2645 2343 2714">
     <span class='ocr_line' id='line_1_44' title="bbox 794 2645 2343 2714; baseline -0.002 -15"><span class='ocrx_word' id='word_1_282' title='bbox 794 2652 856 2703; x_wconf 82' lang='lat' dir='ltr'><strong>lis</strong></span> <span class='ocrx_word' id='word_1_283' title='bbox 882 2661 1213 2709; x_wconf 77' lang='lat' dir='ltr'><strong>constructa.</strong></span> <span class='ocrx_word' id='word_1_284' title='bbox 1266 2662 1484 2714; x_wconf 85' lang='lat' dir='ltr'><strong>repente</strong></span> <span class='ocrx_word' id='word_1_285' title='bbox 1548 2652 1827 2710; x_wconf 78' lang='lat' dir='ltr'><strong>exstitere,</strong></span> <span class='ocrx_word' id='word_1_286' title='bbox 1886 2649 2089 2710; x_wconf 87' lang='lat' dir='ltr'><strong>omnia,</strong></span> <span class='ocrx_word' id='word_1_287' title='bbox 2147 2645 2343 2713; x_wconf 84' lang='lat' dir='ltr'><strong>inquit,</strong></span> 
     </span>
    </p>
   </div>
   <div class='ocr_carea' id='block_1_45' title="bbox 795 2740 1711 2806">
    <p class='ocr_par' dir='ltr' id='par_1_45' title="bbox 795 2740 1711 2806">
     <span class='ocr_line' id='line_1_45' title="bbox 795 2740 1711 2806; baseline 0.005 -18"><span class='ocrx_word' id='word_1_288' title='bbox 795 2742 1004 2803; x_wconf 69' lang='grc' dir='ltr'>νριιίιιιε</span> <span class='ocrx_word' id='word_1_289' title='bbox 1035 2740 1331 2806; x_wconf 84' lang='lat' dir='ltr'><strong>improbata</strong></span> <span class='ocrx_word' id='word_1_290' title='bbox 1360 2741 1711 2793; x_wconf 89' lang='lat' dir='ltr'><strong>damnentur.</strong></span> 
     </span>
    </p>
   </div>
   <div class='ocr_carea' id='block_1_46' title="bbox 797 2826 2345 2898">
    <p class='ocr_par' dir='ltr' id='par_1_46' title="bbox 797 2826 2345 2898">
     <span class='ocr_line' id='line_1_46' title="bbox 797 2826 2345 2898; baseline -0.002 -17"><span class='ocrx_word' id='word_1_291' title='bbox 797 2828 1018 2883; x_wconf 76' lang='lat' dir='ltr'><strong>ARlST.</strong></span> <span class='ocrx_word' id='word_1_292' title='bbox 1058 2850 1073 2879; x_wconf 81' lang='grc' dir='ltr'><strong>ι</strong></span> <span class='ocrx_word' id='word_1_293' title='bbox 1106 2830 1289 2883; x_wconf 82' lang='lat' dir='ltr'><strong>Altare</strong></span> <span class='ocrx_word' id='word_1_294' title='bbox 1322 2830 1371 2882; x_wconf 91' lang='lat' dir='ltr'><strong>in</strong></span> <span class='ocrx_word' id='word_1_295' title='bbox 1403 2830 1546 2898; x_wconf 87' lang='lat' dir='ltr'><strong>agris</strong></span> <span class='ocrx_word' id='word_1_296' title='bbox 1574 2839 1664 2882; x_wconf 92' lang='lat' dir='ltr'><strong>aut</strong></span> <span class='ocrx_word' id='word_1_297' title='bbox 1712 2829 1929 2891; x_wconf 69' lang='lat' dir='ltr'><strong>vinctis,</strong></span> <span class='ocrx_word' id='word_1_298' title='bbox 1968 2827 2163 2897; x_wconf 87' lang='lat' dir='ltr'><strong>quibus</strong></span> <span class='ocrx_word' id='word_1_299' title='bbox 2190 2826 2345 2879; x_wconf 71' lang='lat' dir='ltr'><strong>nulla:</strong></span> 
     </span>
    </p>
   </div>
   <div class='ocr_carea' id='block_1_47' title="bbox 874 2922 2334 2989">
    <p class='ocr_par' dir='ltr' id='par_1_47' title="bbox 874 2922 2334 2989">
     <span class='ocr_line' id='line_1_47' title="bbox 874 2922 2334 2989; baseline -0.001 -19"><span class='ocrx_word' id='word_1_300' title='bbox 874 2941 888 2970; x_wconf 83' lang='grc' dir='ltr'><strong>ι</strong></span> <span class='ocrx_word' id='word_1_301' title='bbox 930 2933 1051 2974; x_wconf 90' lang='lat' dir='ltr'><strong>sunt</strong></span> <span class='ocrx_word' id='word_1_302' title='bbox 1096 2922 1329 2988; x_wconf 62' lang='lat' dir='ltr'><strong>reliquis:</strong></span> <span class='ocrx_word' id='word_1_303' title='bbox 1382 2924 1634 2989; x_wconf 81' lang='lat' dir='ltr'><strong>martyris</strong></span> <span class='ocrx_word' id='word_1_304' title='bbox 1663 2922 1905 2989; x_wconf 68' lang='lat' dir='ltr'><strong>repositae</strong></span> <span class='ocrx_word' id='word_1_305' title='bbox 1931 2960 1946 2985; x_wconf 90' lang='lat'><strong>,</strong></span> <span class='ocrx_word' id='word_1_306' title='bbox 1980 2928 2334 2978; x_wconf 86' lang='lat' dir='ltr'><strong>exstructum,</strong></span> 
     </span>
    </p>
   </div>
   <div class='ocr_carea' id='block_1_48' title="bbox 877 3013 2341 3080">
    <p class='ocr_par' dir='ltr' id='par_1_48' title="bbox 877 3013 2341 3080">
     <span class='ocr_line' id='line_1_48' title="bbox 877 3013 2341 3080; baseline 0.001 -19"><span class='ocrx_word' id='word_1_307' title='bbox 877 3033 894 3061; x_wconf 76' lang='grc' dir='ltr'><strong>ι</strong></span> <span class='ocrx_word' id='word_1_308' title='bbox 941 3013 1042 3065; x_wconf 89' lang='lat' dir='ltr'><strong>nisi</strong></span> <span class='ocrx_word' id='word_1_309' title='bbox 1093 3013 1334 3080; x_wconf 83' lang='lat' dir='ltr'><strong>publicus</strong></span> <span class='ocrx_word' id='word_1_310' title='bbox 1385 3014 1650 3065; x_wconf 81' lang='lat' dir='ltr'><strong>excitetur</strong></span> <span class='ocrx_word' id='word_1_311' title='bbox 1687 3015 1963 3077; x_wconf 83' lang='lat' dir='ltr'><strong>tumultus,</strong></span> <span class='ocrx_word' id='word_1_312' title='bbox 2020 3021 2341 3065; x_wconf 76' lang='lat' dir='ltr'><strong>evertatur:</strong></span> 
     </span>
    </p>
   </div>
   <div class='ocr_carea' id='block_1_49' title="bbox 866 3103 2342 3172">
    <p class='ocr_par' dir='ltr' id='par_1_49' title="bbox 866 3103 2342 3172">
     <span class='ocr_line' id='line_1_49' title="bbox 866 3103 2342 3172; baseline 0.001 -19"><span class='ocrx_word' id='word_1_313' title='bbox 866 3126 880 3153; x_wconf 79' lang='grc' dir='ltr'><strong>ι</strong></span> <span class='ocrx_word' id='word_1_314' title='bbox 920 3114 972 3156; x_wconf 85' lang='lat' dir='ltr'><strong>et</strong></span> <span class='ocrx_word' id='word_1_315' title='bbox 1000 3118 1332 3171; x_wconf 63' lang='lat' dir='ltr'><strong>quascunque</strong></span> <span class='ocrx_word' id='word_1_316' title='bbox 1388 3117 1481 3172; x_wconf 89' lang='lat' dir='ltr'><strong>per</strong></span> <span class='ocrx_word' id='word_1_317' title='bbox 1513 3104 1777 3156; x_wconf 90' lang='lat' dir='ltr'><strong>insomnia</strong></span> <span class='ocrx_word' id='word_1_318' title='bbox 1837 3118 2109 3172; x_wconf 86' lang='lat' dir='ltr'><strong>vanasque</strong></span> <span class='ocrx_word' id='word_1_319' title='bbox 2138 3103 2342 3158; x_wconf 83' lang='lat' dir='ltr'><strong>revela-</strong></span> 
     </span>
    </p>
   </div>
   <div class='ocr_carea' id='block_1_50' title="bbox 871 3194 1705 3263">
    <p class='ocr_par' dir='ltr' id='par_1_50' title="bbox 871 3194 1705 3263">
     <span class='ocr_line' id='line_1_50' title="bbox 871 3194 1705 3263; baseline 0 -18"><span class='ocrx_word' id='word_1_320' title='bbox 871 3215 887 3245; x_wconf 80' lang='grc' dir='ltr'><strong>ι</strong></span> <span class='ocrx_word' id='word_1_321' title='bbox 925 3197 1098 3249; x_wconf 83' lang='lat' dir='ltr'><strong>tiones</strong></span> <span class='ocrx_word' id='word_1_322' title='bbox 1128 3194 1315 3247; x_wconf 87' lang='lat' dir='ltr'><strong>altaria</strong></span> <span class='ocrx_word' id='word_1_323' title='bbox 1350 3195 1653 3263; x_wconf 84' lang='lat' dir='ltr'><strong>eriguntur.</strong></span> <span class='ocrx_word' id='word_1_324' title='bbox 1691 3213 1705 3245; x_wconf 82' lang='grc' dir='ltr'><strong>ι</strong></span> 
     </span>
    </p>
   </div>
   <div class='ocr_carea' id='block_1_51' title="bbox 862 3286 2336 3356">
    <p class='ocr_par' dir='ltr' id='par_1_51' title="bbox 862 3286 2336 3356">
     <span class='ocr_line' id='line_1_51' title="bbox 862 3286 2336 3356; baseline 0.004 -21"><span class='ocrx_word' id='word_1_325' title='bbox 862 3288 1203 3353; x_wconf 66' lang='lat' dir='ltr'><strong>Qua-cunque</strong></span> <span class='ocrx_word' id='word_1_326' title='bbox 1234 3286 1375 3338; x_wconf 72' lang='lat' dir='ltr'><strong>ardes</strong></span> <span class='ocrx_word' id='word_1_327' title='bbox 1408 3287 1653 3338; x_wconf 71' lang='lat' dir='ltr'><strong>oratoria:</strong></span> <span class='ocrx_word' id='word_1_328' title='bbox 1684 3300 1779 3353; x_wconf 93' lang='lat' dir='ltr'><strong>per</strong></span> <span class='ocrx_word' id='word_1_329' title='bbox 1804 3286 2179 3355; x_wconf 89' lang='lat' dir='ltr'><strong>episcoporum</strong></span> <span class='ocrx_word' id='word_1_330' title='bbox 2209 3302 2336 3356; x_wconf 91' lang='lat' dir='ltr'><strong>pre-</strong></span> 
     </span>
    </p>
   </div>
   <div class='ocr_carea' id='block_1_52' title="bbox 791 3377 2339 3446">
    <p class='ocr_par' dir='ltr' id='par_1_52' title="bbox 791 3377 2339 3446">
     <span class='ocr_line' id='line_1_52' title="bbox 791 3377 2339 3446; baseline 0.001 -17"><span class='ocrx_word' id='word_1_331' title='bbox 791 3393 882 3431; x_wconf 82' lang='lat' dir='ltr'><strong>ccs</strong></span> <span class='ocrx_word' id='word_1_332' title='bbox 922 3392 1028 3429; x_wconf 86' lang='lat' dir='ltr'><strong>non</strong></span> <span class='ocrx_word' id='word_1_333' title='bbox 1063 3377 1487 3438; x_wconf 89' lang='lat' dir='ltr'><strong>constituuntur,</strong></span> <span class='ocrx_word' id='word_1_334' title='bbox 1526 3390 1623 3430; x_wconf 87' lang='lat' dir='ltr'><strong>uec</strong></span> <span class='ocrx_word' id='word_1_335' title='bbox 1674 3388 1978 3446; x_wconf 84' lang='lat' dir='ltr'><strong>martyrum</strong></span> <span class='ocrx_word' id='word_1_336' title='bbox 2013 3378 2253 3445; x_wconf 66' lang='lat' dir='ltr'><strong>reliquiae</strong></span> <span class='ocrx_word' id='word_1_337' title='bbox 2289 3378 2339 3431; x_wconf 91' lang='lat' dir='ltr'><strong>in</strong></span> 
     </span>
    </p>
   </div>
   <div class='ocr_carea' id='block_1_53' title="bbox 794 3465 2341 3536">
    <p class='ocr_par' dir='ltr' id='par_1_53' title="bbox 794 3465 2341 3536">
     <span class='ocr_line' id='line_1_53' title="bbox 794 3465 2341 3536; baseline 0.002 -19"><span class='ocrx_word' id='word_1_338' title='bbox 794 3468 858 3518; x_wconf 87' lang='lat' dir='ltr'><strong>iis</strong></span> <span class='ocrx_word' id='word_1_339' title='bbox 893 3478 1246 3531; x_wconf 81' lang='lat' dir='ltr'><strong>reponuntur,</strong></span> <span class='ocrx_word' id='word_1_340' title='bbox 1277 3465 1513 3533; x_wconf 74' lang='lat' dir='ltr'><strong>profante</strong></span> <span class='ocrx_word' id='word_1_341' title='bbox 1535 3475 1679 3519; x_wconf 88' lang='lat' dir='ltr'><strong>sunt.</strong></span> <span class='ocrx_word' id='word_1_342' title='bbox 1740 3466 2039 3535; x_wconf 84' lang='lat' dir='ltr'><strong>Eapropter</strong></span> <span class='ocrx_word' id='word_1_343' title='bbox 2078 3469 2261 3536; x_wconf 86' lang='lat' dir='ltr'><strong>itaque</strong></span> <span class='ocrx_word' id='word_1_344' title='bbox 2288 3478 2341 3521; x_wconf 93' lang='lat' dir='ltr'><strong>et</strong></span> 
     </span>
    </p>
   </div>
   <div class='ocr_carea' id='block_1_54' title="bbox 793 3556 2338 3626">
    <p class='ocr_par' dir='ltr' id='par_1_54' title="bbox 793 3556 2338 3626">
     <span class='ocr_line' id='line_1_54' title="bbox 793 3556 2338 3626; baseline 0.002 -20"><span class='ocrx_word' id='word_1_345' title='bbox 793 3557 1006 3618; x_wconf 88' lang='lat' dir='ltr'><strong>altaria,</strong></span> <span class='ocrx_word' id='word_1_346' title='bbox 1030 3570 1151 3621; x_wconf 76' lang='lat' dir='ltr'><strong>qua:</strong></span> <span class='ocrx_word' id='word_1_347' title='bbox 1182 3556 1232 3606; x_wconf 93' lang='lat' dir='ltr'><strong>in</strong></span> <span class='ocrx_word' id='word_1_348' title='bbox 1264 3556 1408 3623; x_wconf 87' lang='lat' dir='ltr'><strong>agris</strong></span> <span class='ocrx_word' id='word_1_349' title='bbox 1438 3566 1531 3607; x_wconf 90' lang='lat' dir='ltr'><strong>aut</strong></span> <span class='ocrx_word' id='word_1_350' title='bbox 1570 3557 1765 3610; x_wconf 87' lang='lat' dir='ltr'><strong>vinetis</strong></span> <span class='ocrx_word' id='word_1_351' title='bbox 1804 3558 1933 3610; x_wconf 82' lang='lat' dir='ltr'><strong>liunt</strong></span> <span class='ocrx_word' id='word_1_352' title='bbox 1958 3560 2076 3611; x_wconf 89' lang='lat' dir='ltr'><strong>sine</strong></span> <span class='ocrx_word' id='word_1_353' title='bbox 2104 3560 2338 3626; x_wconf 88' lang='lat' dir='ltr'><strong>episcopi</strong></span> 
     </span>
    </p>
   </div>
   <div class='ocr_carea' id='block_1_55' title="bbox 796 3644 2337 3715">
    <p class='ocr_par' dir='ltr' id='par_1_55' title="bbox 796 3644 2337 3715">
     <span class='ocr_line' id='line_1_55' title="bbox 796 3644 2337 3715; baseline 0.003 -20"><span class='ocrx_word' id='word_1_354' title='bbox 796 3647 1065 3713; x_wconf 87' lang='lat' dir='ltr'><strong>precibus,</strong></span> <span class='ocrx_word' id='word_1_355' title='bbox 1098 3655 1150 3698; x_wconf 88' lang='lat' dir='ltr'><strong>et</strong></span> <span class='ocrx_word' id='word_1_356' title='bbox 1182 3644 1525 3712; x_wconf 85' lang='lat' dir='ltr'><strong>reliquiarum</strong></span> <span class='ocrx_word' id='word_1_357' title='bbox 1583 3657 1878 3715; x_wconf 82' lang='lat' dir='ltr'><strong>martyrum</strong></span> <span class='ocrx_word' id='word_1_358' title='bbox 1913 3649 2265 3715; x_wconf 90' lang='lat' dir='ltr'><strong>depositione,</strong></span> <span class='ocrx_word' id='word_1_359' title='bbox 2294 3650 2337 3699; x_wconf 89' lang='lat' dir='ltr'><strong>si</strong></span> 
     </span>
    </p>
   </div>
   <div class='ocr_carea' id='block_1_56' title="bbox 794 3720 2340 3809">
    <p class='ocr_par' dir='ltr' id='par_1_56' title="bbox 794 3720 2340 3809">
     <span class='ocr_line' id='line_1_56' title="bbox 794 3720 2340 3809; baseline 0.004 -21"><span class='ocrx_word' id='word_1_360' title='bbox 794 3739 909 3789; x_wconf 83' lang='lat' dir='ltr'><strong>lieri</strong></span> <span class='ocrx_word' id='word_1_361' title='bbox 964 3746 1158 3804; x_wconf 83' lang='lat' dir='ltr'><strong>potest,</strong></span> <span class='ocrx_word' id='word_1_362' title='bbox 1222 3720 1610 3791; x_wconf 81' lang='lat' dir='ltr'><strong>subvertantur</strong></span> <span class='ocrx_word' id='word_1_363' title='bbox 1667 3756 1680 3793; x_wconf 89' lang='lat'><strong>:</strong></span> <span class='ocrx_word' id='word_1_364' title='bbox 1729 3740 1810 3790; x_wconf 90' lang='lat' dir='ltr'><strong>sin</strong></span> <span class='ocrx_word' id='word_1_365' title='bbox 1860 3748 2038 3792; x_wconf 84' lang='lat' dir='ltr'><strong>autem</strong></span> <span class='ocrx_word' id='word_1_366' title='bbox 2068 3740 2340 3809; x_wconf 84' lang='lat' dir='ltr'><strong>popularis</strong></span> 
     </span>
    </p>
   </div>
   <div class='ocr_carea' id='block_1_57' title="bbox 790 3827 2336 3903">
    <p class='ocr_par' dir='ltr' id='par_1_57' title="bbox 790 3827 2336 3903">
     <span class='ocr_line' id='line_1_57' title="bbox 790 3827 2336 3903; baseline 0.001 -24"><span class='ocrx_word' id='word_1_367' title='bbox 790 3828 1049 3880; x_wconf 88' lang='lat' dir='ltr'><strong>tumultus</strong></span> <span class='ocrx_word' id='word_1_368' title='bbox 1084 3828 1181 3881; x_wconf 84' lang='lat' dir='ltr'><strong>Itoc</strong></span> <span class='ocrx_word' id='word_1_369' title='bbox 1220 3827 1331 3880; x_wconf 87' lang='lat' dir='ltr'><strong>lieri</strong></span> <span class='ocrx_word' id='word_1_370' title='bbox 1372 3829 1645 3894; x_wconf 86' lang='lat' dir='ltr'><strong>prohibet,</strong></span> <span class='ocrx_word' id='word_1_371' title='bbox 1684 3828 1869 3880; x_wconf 85' lang='lat' dir='ltr'><strong>saltem</strong></span> <span class='ocrx_word' id='word_1_372' title='bbox 1922 3829 2336 3903; x_wconf 77' lang='lat' dir='ltr'><strong>admoneamur,</strong></span> 
     </span>
    </p>
   </div>
   <div class='ocr_carea' id='block_1_58' title="bbox 786 3916 2333 3991">
    <p class='ocr_par' dir='ltr' id='par_1_58' title="bbox 786 3916 2333 3991">
     <span class='ocr_line' id='line_1_58' title="bbox 786 3916 2333 3991; baseline 0.002 -24"><span class='ocrx_word' id='word_1_373' title='bbox 786 3918 1059 3985; x_wconf 71' lang='lat' dir='ltr'><strong>pitpnlarls</strong></span> <span class='ocrx_word' id='word_1_374' title='bbox 1108 3917 1282 3991; x_wconf 73' lang='lat' dir='ltr'><strong>turba:</strong></span> <span class='ocrx_word' id='word_1_375' title='bbox 1333 3918 1719 3970; x_wconf 86' lang='lat' dir='ltr'><strong>concitationes</strong></span> <span class='ocrx_word' id='word_1_376' title='bbox 1775 3919 1824 3968; x_wconf 91' lang='lat' dir='ltr'><strong>in</strong></span> <span class='ocrx_word' id='word_1_377' title='bbox 1878 3917 1942 3971; x_wconf 89' lang='lat' dir='ltr'><strong>iis</strong></span> <span class='ocrx_word' id='word_1_378' title='bbox 1998 3933 2101 3971; x_wconf 92' lang='lat' dir='ltr'><strong>non</strong></span> <span class='ocrx_word' id='word_1_379' title='bbox 2134 3916 2333 3971; x_wconf 83' lang='lat' dir='ltr'><strong>facere.</strong></span> 
     </span>
    </p>
   </div>
   <div class='ocr_carea' id='block_1_59' title="bbox 790 3994 2337 4074">
    <p class='ocr_par' dir='ltr' id='par_1_59' title="bbox 790 3994 2337 4074">
     <span class='ocr_line' id='line_1_59' title="bbox 790 3994 2337 4074; baseline -0.001 -13"><span class='ocrx_word' id='word_1_380' title='bbox 790 4011 1182 4063; x_wconf 73' lang='lat' dir='ltr'><strong>Subvertantur</strong></span> <span class='ocrx_word' id='word_1_381' title='bbox 1249 4016 1525 4061; x_wconf 88' lang='lat' dir='ltr'><strong>autemet</strong></span> <span class='ocrx_word' id='word_1_382' title='bbox 1592 4008 1778 4059; x_wconf 90' lang='lat' dir='ltr'><strong>altaria</strong></span> <span class='ocrx_word' id='word_1_383' title='bbox 1841 3994 1935 4074; x_wconf 85' lang='lat' dir='ltr'><strong>per</strong></span> <span class='ocrx_word' id='word_1_384' title='bbox 1993 4010 2254 4060; x_wconf 91' lang='lat' dir='ltr'><strong>insomnia</strong></span> <span class='ocrx_word' id='word_1_385' title='bbox 2284 4020 2337 4061; x_wconf 91' lang='lat' dir='ltr'><strong>et</strong></span> 
     </span>
    </p>
   </div>
   <div class='ocr_carea' id='block_1_60' title="bbox 788 4097 2339 4152">
    <p class='ocr_par' dir='ltr' id='par_1_60' title="bbox 788 4097 2339 4152">
     <span class='ocr_line' id='line_1_60' title="bbox 788 4097 2339 4152; baseline -0.001 -2"><span class='ocrx_word' id='word_1_386' title='bbox 788 4115 952 4151; x_wconf 82' lang='lat' dir='ltr'><strong>vanas</strong></span> <span class='ocrx_word' id='word_1_387' title='bbox 988 4100 1345 4151; x_wconf 81' lang='lat' dir='ltr'><strong>revelationes</strong></span> <span class='ocrx_word' id='word_1_388' title='bbox 1402 4109 1604 4151; x_wconf 85' lang='lat' dir='ltr'><strong>erecta.</strong></span> <span class='ocrx_word' id='word_1_389' title='bbox 1652 4098 1785 4150; x_wconf 75' lang='lat' dir='ltr'><strong>(lum</strong></span> <span class='ocrx_word' id='word_1_390' title='bbox 1819 4097 2065 4151; x_wconf 86' lang='lat' dir='ltr'><strong>diabolus</strong></span> <span class='ocrx_word' id='word_1_391' title='bbox 2095 4099 2236 4152; x_wconf 88' lang='lat' dir='ltr'><strong>enim</strong></span> <span class='ocrx_word' id='word_1_392' title='bbox 2266 4099 2339 4149; x_wconf 91' lang='lat' dir='ltr'><strong>sit</strong></span> 
     </span>
    </p>
   </div>
   <div class='ocr_carea' id='block_1_61' title="bbox 784 4188 2335 4256">
    <p class='ocr_par' dir='ltr' id='par_1_61' title="bbox 784 4188 2335 4256">
     <span class='ocr_line' id='line_1_61' title="bbox 784 4188 2335 4256; baseline -0.001 -14"><span class='ocrx_word' id='word_1_393' title='bbox 784 4190 1033 4251; x_wconf 68' lang='lat' dir='ltr'><strong>tenebrae,</strong></span> <span class='ocrx_word' id='word_1_394' title='bbox 1072 4190 1251 4241; x_wconf 89' lang='lat' dir='ltr'><strong>lumen</strong></span> <span class='ocrx_word' id='word_1_395' title='bbox 1281 4188 1498 4241; x_wconf 82' lang='lat' dir='ltr'><strong>simulat</strong></span> <span class='ocrx_word' id='word_1_396' title='bbox 1532 4205 1544 4239; x_wconf 96' lang='lat'>:</span> <span class='ocrx_word' id='word_1_397' title='bbox 1580 4200 1631 4241; x_wconf 91' lang='lat' dir='ltr'><strong>et</strong></span> <span class='ocrx_word' id='word_1_398' title='bbox 1659 4190 1874 4255; x_wconf 85' lang='lat' dir='ltr'><strong>pietatis</strong></span> <span class='ocrx_word' id='word_1_399' title='bbox 1911 4190 2162 4241; x_wconf 91' lang='lat' dir='ltr'><strong>nimirum</strong></span> <span class='ocrx_word' id='word_1_400' title='bbox 2198 4204 2335 4256; x_wconf 69' lang='lat' dir='ltr'><strong>pra:-</strong></span> 
     </span>
    </p>
   </div>
   <div class='ocr_carea' id='block_1_62' title="bbox 782 4279 1722 4334">
    <p class='ocr_par' dir='ltr' id='par_1_62' title="bbox 782 4279 1722 4334">
     <span class='ocr_line' id='line_1_62' title="bbox 782 4279 1722 4334; baseline -0.004 -2"><span class='ocrx_word' id='word_1_401' title='bbox 782 4290 925 4333; x_wconf 70' lang='lat' dir='ltr'><strong>textu</strong></span> <span class='ocrx_word' id='word_1_402' title='bbox 954 4281 1230 4334; x_wconf 86' lang='lat' dir='ltr'><strong>hominum</strong></span> <span class='ocrx_word' id='word_1_403' title='bbox 1257 4279 1469 4332; x_wconf 87' lang='lat' dir='ltr'><strong>animas</strong></span> <span class='ocrx_word' id='word_1_404' title='bbox 1498 4280 1722 4334; x_wconf 79' lang='lat' dir='ltr'><strong>inescat.</strong></span> 
     </span>
    </p>
   </div>
   <div class='ocr_carea' id='block_1_63' title="bbox 1266 4457 1839 4511">
    <p class='ocr_par' dir='ltr' id='par_1_63' title="bbox 1266 4457 1839 4511">
     <span class='ocr_line' id='line_1_63' title="bbox 1266 4457 1839 4511; baseline -0.003 0"><span class='ocrx_word' id='word_1_405' title='bbox 1266 4457 1489 4511; x_wconf 75' lang='lat' dir='ltr'><strong>CANON</strong></span> <span class='ocrx_word' id='word_1_406' title='bbox 1534 4457 1839 4511; x_wconf 70' lang='lat' dir='ltr'><strong>LXXXVII.</strong></span> 
     </span>
    </p>
   </div>
   <div class='ocr_carea' id='block_1_64' title="bbox 786 4545 2332 4613">
    <p class='ocr_par' dir='ltr' id='par_1_64' title="bbox 786 4545 2332 4613">
     <span class='ocr_line' id='line_1_64' title="bbox 786 4545 2332 4613; baseline 0.001 -16"><span class='ocrx_word' id='word_1_407' title='bbox 786 4566 803 4597; x_wconf 84' lang='grc' dir='ltr'><strong>ι</strong></span> <span class='ocrx_word' id='word_1_408' title='bbox 839 4550 907 4600; x_wconf 77' lang='lat' dir='ltr'><strong>De</strong></span> <span class='ocrx_word' id='word_1_409' title='bbox 936 4547 1176 4613; x_wconf 80' lang='lat' dir='ltr'><strong>reliquiis</strong></span> <span class='ocrx_word' id='word_1_410' title='bbox 1216 4547 1480 4599; x_wconf 75' lang='lat' dir='ltr'><strong>idolorum</strong></span> <span class='ocrx_word' id='word_1_411' title='bbox 1531 4548 1786 4608; x_wconf 82' lang='lat' dir='ltr'><strong>radicitus</strong></span> <span class='ocrx_word' id='word_1_412' title='bbox 1814 4546 2195 4613; x_wconf 76' lang='lat' dir='ltr'><strong>exstirpandis.</strong></span> <span class='ocrx_word' id='word_1_413' title='bbox 2232 4545 2332 4598; x_wconf 90' lang='lat' dir='ltr'><strong>Si-</strong></span> 
     </span>
    </p>
   </div>
   <div class='ocr_carea' id='block_1_65' title="bbox 860 4634 2331 4710">
    <p class='ocr_par' dir='ltr' id='par_1_65' title="bbox 860 4634 2331 4710">
     <span class='ocr_line' id='line_1_65' title="bbox 860 4634 2331 4710; baseline 0.001 -25"><span class='ocrx_word' id='word_1_414' title='bbox 860 4656 876 4685; x_wconf 85' lang='grc' dir='ltr'><strong>ι</strong></span> <span class='ocrx_word' id='word_1_415' title='bbox 915 4635 1113 4691; x_wconf 80' lang='lat' dir='ltr'><strong>utiliter</strong></span> <span class='ocrx_word' id='word_1_416' title='bbox 1138 4636 1336 4702; x_wconf 88' lang='lat' dir='ltr'><strong>placuit</strong></span> <span class='ocrx_word' id='word_1_417' title='bbox 1358 4636 1463 4701; x_wconf 84' lang='lat' dir='ltr'><strong>peti</strong></span> <span class='ocrx_word' id='word_1_418' title='bbox 1498 4649 1525 4685; x_wconf 89' lang='lat' dir='ltr'><strong>a</strong></span> <span class='ocrx_word' id='word_1_419' title='bbox 1550 4634 1865 4710; x_wconf 68' lang='lat' dir='ltr'><strong>clarissimis</strong></span> <span class='ocrx_word' id='word_1_420' title='bbox 1894 4634 2331 4700; x_wconf 84' lang='lat' dir='ltr'><strong>imperatoribus,</strong></span> 
     </span>
    </p>
   </div>
   <div class='ocr_carea' id='block_1_66' title="bbox 852 4722 2331 4790">
    <p class='ocr_par' dir='ltr' id='par_1_66' title="bbox 852 4722 2331 4790">
     <span class='ocr_line' id='line_1_66' title="bbox 852 4722 2331 4790; baseline 0 -16"><span class='ocrx_word' id='word_1_421' title='bbox 852 4743 869 4774; x_wconf 80' lang='grc' dir='ltr'><strong>ι</strong></span> <span class='ocrx_word' id='word_1_422' title='bbox 913 4736 969 4775; x_wconf 85' lang='grc' dir='ltr'>ιιι</span> <span class='ocrx_word' id='word_1_423' title='bbox 1001 4723 1236 4790; x_wconf 64' lang='lat' dir='ltr'><strong>reliqum</strong></span> <span class='ocrx_word' id='word_1_424' title='bbox 1264 4723 1594 4784; x_wconf 68' lang='lat' dir='ltr'><strong>idololatriae,</strong></span> <span class='ocrx_word' id='word_1_425' title='bbox 1627 4737 1728 4774; x_wconf 93' lang='lat' dir='ltr'><strong>non</strong></span> <span class='ocrx_word' id='word_1_426' title='bbox 1777 4722 1947 4774; x_wconf 88' lang='lat' dir='ltr'><strong>solum</strong></span> <span class='ocrx_word' id='word_1_427' title='bbox 1982 4736 2097 4789; x_wconf 62' lang='lat' dir='ltr'><strong>qna:</strong></span> <span class='ocrx_word' id='word_1_428' title='bbox 2127 4732 2248 4774; x_wconf 92' lang='lat' dir='ltr'><strong>sunt</strong></span> <span class='ocrx_word' id='word_1_429' title='bbox 2283 4726 2331 4775; x_wconf 92' lang='lat' dir='ltr'><strong>in</strong></span> 
     </span>
    </p>
   </div>
   <div class='ocr_carea' id='block_1_67' title="bbox 851 4802 2331 4879">
    <p class='ocr_par' dir='ltr' id='par_1_67' title="bbox 851 4802 2331 4879">
     <span class='ocr_line' id='line_1_67' title="bbox 851 4802 2331 4879; baseline 0 -16"><span class='ocrx_word' id='word_1_430' title='bbox 851 4834 868 4863; x_wconf 79' lang='grc' dir='ltr'><strong>ι</strong></span> <span class='ocrx_word' id='word_1_431' title='bbox 906 4802 1229 4876; x_wconf 67' lang='lat' dir='ltr'><strong>simulacris,</strong></span> <span class='ocrx_word' id='word_1_432' title='bbox 1261 4813 1351 4866; x_wconf 89' lang='lat' dir='ltr'><strong>sed</strong></span> <span class='ocrx_word' id='word_1_433' title='bbox 1375 4813 1425 4864; x_wconf 92' lang='lat' dir='ltr'><strong>in</strong></span> <span class='ocrx_word' id='word_1_434' title='bbox 1461 4813 1738 4879; x_wconf 84' lang='lat' dir='ltr'><strong>quibusvis</strong></span> <span class='ocrx_word' id='word_1_435' title='bbox 1763 4811 1913 4875; x_wconf 86' lang='lat' dir='ltr'><strong>locis,</strong></span> <span class='ocrx_word' id='word_1_436' title='bbox 1946 4816 2027 4864; x_wconf 80' lang='lat' dir='ltr'><strong>vel</strong></span> <span class='ocrx_word' id='word_1_437' title='bbox 2056 4812 2210 4874; x_wconf 89' lang='lat' dir='ltr'><strong>lucis,</strong></span> <span class='ocrx_word' id='word_1_438' title='bbox 2251 4813 2331 4864; x_wconf 89' lang='lat' dir='ltr'><strong>vel</strong></span> 
     </span>
    </p>
   </div>
   <div class='ocr_carea' id='block_1_68' title="bbox 843 4902 1939 4969">
    <p class='ocr_par' dir='ltr' id='par_1_68' title="bbox 843 4902 1939 4969">
     <span class='ocr_line' id='line_1_68' title="bbox 843 4902 1939 4969; baseline -0.003 -14"><span class='ocrx_word' id='word_1_439' title='bbox 843 4925 858 4955; x_wconf 80' lang='grc' dir='ltr'><strong>ι</strong></span> <span class='ocrx_word' id='word_1_440' title='bbox 903 4904 1202 4969; x_wconf 78' lang='lat' dir='ltr'><strong>arboribus,</strong></span> <span class='ocrx_word' id='word_1_441' title='bbox 1236 4902 1545 4956; x_wconf 86' lang='lat' dir='ltr'><strong>omnimodo</strong></span> <span class='ocrx_word' id='word_1_442' title='bbox 1576 4902 1880 4955; x_wconf 82' lang='lat' dir='ltr'><strong>deleantur.</strong></span> <span class='ocrx_word' id='word_1_443' title='bbox 1923 4922 1939 4952; x_wconf 71' lang='grc' dir='ltr'><strong>ι</strong></span> 
     </span>
    </p>
   </div>
   <div class='ocr_carea' id='block_1_69' title="bbox 732 5082 2331 5151">
    <p class='ocr_par' dir='ltr' id='par_1_69' title="bbox 732 5082 2331 5151">
     <span class='ocr_line' id='line_1_69' title="bbox 732 5082 2331 5151; baseline 0.001 -16"><span class='ocrx_word' id='word_1_444' title='bbox 732 5142 737 5146; x_wconf 23' lang='grc' dir='ltr'><strong><em>α</em></strong></span> <span class='ocrx_word' id='word_1_445' title='bbox 845 5082 1034 5137; x_wconf 79' lang='lat' dir='ltr'><strong>BALS.</strong></span> <span class='ocrx_word' id='word_1_446' title='bbox 1069 5082 1256 5135; x_wconf 87' lang='lat' dir='ltr'><strong>Patres</strong></span> <span class='ocrx_word' id='word_1_447' title='bbox 1290 5082 1646 5149; x_wconf 85' lang='lat' dir='ltr'><strong>imperatores</strong></span> <span class='ocrx_word' id='word_1_448' title='bbox 1678 5092 1887 5149; x_wconf 84' lang='lat' dir='ltr'><strong>rogant,</strong></span> <span class='ocrx_word' id='word_1_449' title='bbox 1922 5094 1977 5134; x_wconf 93' lang='lat' dir='ltr'><strong>ut</strong></span> <span class='ocrx_word' id='word_1_450' title='bbox 2008 5099 2125 5151; x_wconf 64' lang='lat' dir='ltr'><strong>quae</strong></span> <span class='ocrx_word' id='word_1_451' title='bbox 2156 5084 2331 5137; x_wconf 89' lang='lat' dir='ltr'><strong>adlmc</strong></span> 
     </span>
    </p>
   </div>
   <div class='ocr_carea' id='block_1_70' title="bbox 780 5172 2331 5243">
    <p class='ocr_par' dir='ltr' id='par_1_70' title="bbox 780 5172 2331 5243">
     <span class='ocr_line' id='line_1_70' title="bbox 780 5172 2331 5243; baseline 0.001 -16"><span class='ocrx_word' id='word_1_452' title='bbox 780 5176 983 5228; x_wconf 75' lang='lat' dir='ltr'><strong>n-licta:</strong></span> <span class='ocrx_word' id='word_1_453' title='bbox 1028 5175 1135 5227; x_wconf 80' lang='lat' dir='ltr'><strong>sint</strong></span> <span class='ocrx_word' id='word_1_454' title='bbox 1198 5172 1459 5226; x_wconf 91' lang='lat' dir='ltr'><strong>idolorum</strong></span> <span class='ocrx_word' id='word_1_455' title='bbox 1512 5174 1790 5241; x_wconf 87' lang='lat' dir='ltr'><strong>imagines,</strong></span> <span class='ocrx_word' id='word_1_456' title='bbox 1823 5183 1877 5227; x_wconf 84' lang='lat' dir='ltr'><strong>et</strong></span> <span class='ocrx_word' id='word_1_457' title='bbox 1917 5174 2221 5243; x_wconf 85' lang='lat' dir='ltr'><strong>ubicunque</strong></span> <span class='ocrx_word' id='word_1_458' title='bbox 2254 5190 2331 5228; x_wconf 60' lang='lat' dir='ltr'><strong>eae</strong></span> 
     </span>
    </p>
   </div>
   <div class='ocr_carea' id='block_1_71' title="bbox 771 5265 1267 5327">
    <p class='ocr_par' dir='ltr' id='par_1_71' title="bbox 771 5265 1267 5327">
     <span class='ocr_line' id='line_1_71' title="bbox 771 5265 1267 5327; baseline -0.002 -9"><span class='ocrx_word' id='word_1_459' title='bbox 771 5278 900 5327; x_wconf 77' lang='lat' dir='ltr'><strong>sint,</strong></span> <span class='ocrx_word' id='word_1_460' title='bbox 925 5265 1267 5318; x_wconf 82' lang='lat' dir='ltr'><strong>adoleatttur.</strong></span> 
     </span>
    </p>
   </div>
   <div class='ocr_carea' id='block_1_72' title="bbox 845 5355 2328 5427">
    <p class='ocr_par' dir='ltr' id='par_1_72' title="bbox 845 5355 2328 5427">
     <span class='ocr_line' id='line_1_72' title="bbox 845 5355 2328 5427; baseline 0.001 -18"><span class='ocrx_word' id='word_1_461' title='bbox 845 5355 1093 5411; x_wconf 78' lang='lat' dir='ltr'><strong>ZONAR.</strong></span> <span class='ocrx_word' id='word_1_462' title='bbox 1131 5356 1385 5420; x_wconf 78' lang='lat' dir='ltr'><strong>Quamvis</strong></span> <span class='ocrx_word' id='word_1_463' title='bbox 1416 5355 1704 5425; x_wconf 77' lang='lat' dir='ltr'><strong>Evangelio</strong></span> <span class='ocrx_word' id='word_1_464' title='bbox 1761 5356 1915 5423; x_wconf 78' lang='lat' dir='ltr'><strong>longe</strong></span> <span class='ocrx_word' id='word_1_465' title='bbox 1958 5357 2170 5427; x_wconf 85' lang='lat' dir='ltr'><strong>lateque</strong></span> <span class='ocrx_word' id='word_1_466' title='bbox 2206 5372 2328 5425; x_wconf 88' lang='lat' dir='ltr'><strong>pro-</strong></span> 
     </span>
    </p>
   </div>
   <div class='ocr_carea' id='block_1_73' title="bbox 768 5449 2329 5517">
    <p class='ocr_par' dir='ltr' id='par_1_73' title="bbox 768 5449 2329 5517">
     <span class='ocr_line' id='line_1_73' title="bbox 768 5449 2329 5517; baseline 0.004 -21"><span class='ocrx_word' id='word_1_467' title='bbox 768 5462 974 5517; x_wconf 75' lang='lat' dir='ltr'><strong>pagato,</strong></span> <span class='ocrx_word' id='word_1_468' title='bbox 996 5450 1168 5503; x_wconf 84' lang='lat' dir='ltr'><strong>adhuc</strong></span> <span class='ocrx_word' id='word_1_469' title='bbox 1198 5458 1372 5501; x_wconf 89' lang='lat' dir='ltr'><strong>tamen</strong></span> <span class='ocrx_word' id='word_1_470' title='bbox 1402 5449 1641 5514; x_wconf 56' lang='lat' dir='ltr'><strong>quadam</strong></span> <span class='ocrx_word' id='word_1_471' title='bbox 1674 5462 1738 5501; x_wconf 92' lang='lat' dir='ltr'><strong>ex</strong></span> <span class='ocrx_word' id='word_1_472' title='bbox 1769 5449 2066 5503; x_wconf 84' lang='lat' dir='ltr'><strong>idololatria</strong></span> <span class='ocrx_word' id='word_1_473' title='bbox 2090 5449 2329 5517; x_wconf 67' lang='lat' dir='ltr'><strong>reliquiae</strong></span> 
     </span>
    </p>
   </div>
   <div class='ocr_carea' id='block_1_74' title="bbox 763 5542 2326 5611">
    <p class='ocr_par' dir='ltr' id='par_1_74' title="bbox 763 5542 2326 5611">
     <span class='ocr_line' id='line_1_74' title="bbox 763 5542 2326 5611; baseline 0.001 -18"><span class='ocrx_word' id='word_1_474' title='bbox 763 5542 1173 5608; x_wconf 73' lang='lat' dir='ltr'><strong>superfuerant,</strong></span> <span class='ocrx_word' id='word_1_475' title='bbox 1200 5552 1250 5595; x_wconf 89' lang='lat' dir='ltr'><strong>et</strong></span> <span class='ocrx_word' id='word_1_476' title='bbox 1305 5543 1475 5596; x_wconf 84' lang='lat' dir='ltr'><strong>adhuc</strong></span> <span class='ocrx_word' id='word_1_477' title='bbox 1508 5542 1792 5594; x_wconf 84' lang='lat' dir='ltr'><strong>simulacra</strong></span> <span class='ocrx_word' id='word_1_478' title='bbox 1836 5556 1994 5611; x_wconf 87' lang='lat' dir='ltr'><strong>atque</strong></span> <span class='ocrx_word' id='word_1_479' title='bbox 2024 5558 2130 5597; x_wconf 70' lang='lat' dir='ltr'><strong>am</strong></span> <span class='ocrx_word' id='word_1_480' title='bbox 2161 5545 2326 5611; x_wconf 91' lang='lat' dir='ltr'><strong>pluri-</strong></span> 
     </span>
    </p>
   </div>
   <div class='ocr_carea' id='block_1_75' title="bbox 765 5632 2325 5701">
    <p class='ocr_par' dir='ltr' id='par_1_75' title="bbox 765 5632 2325 5701">
     <span class='ocr_line' id='line_1_75' title="bbox 765 5632 2325 5701; baseline 0.001 -16"><span class='ocrx_word' id='word_1_481' title='bbox 765 5636 864 5685; x_wconf 81' lang='lat' dir='ltr'><strong>bus</strong></span> <span class='ocrx_word' id='word_1_482' title='bbox 893 5634 943 5681; x_wconf 88' lang='lat' dir='ltr'><strong>in</strong></span> <span class='ocrx_word' id='word_1_483' title='bbox 970 5632 1098 5683; x_wconf 83' lang='lat' dir='ltr'><strong>locis</strong></span> <span class='ocrx_word' id='word_1_484' title='bbox 1132 5648 1193 5683; x_wconf 89' lang='lat' dir='ltr'><strong>ac</strong></span> <span class='ocrx_word' id='word_1_485' title='bbox 1230 5633 1547 5687; x_wconf 81' lang='lat' dir='ltr'><strong>nemoribus</strong></span> <span class='ocrx_word' id='word_1_486' title='bbox 1582 5636 1967 5689; x_wconf 80' lang='lat' dir='ltr'><strong>servabantur.</strong></span> <span class='ocrx_word' id='word_1_487' title='bbox 2012 5637 2083 5687; x_wconf 72' lang='lat' dir='ltr'><strong>De</strong></span> <span class='ocrx_word' id='word_1_488' title='bbox 2115 5638 2180 5689; x_wconf 87' lang='lat' dir='ltr'><strong>iis</strong></span> <span class='ocrx_word' id='word_1_489' title='bbox 2223 5638 2325 5701; x_wconf 77' lang='lat' dir='ltr'><strong>igi-</strong></span> 
     </span>
    </p>
   </div>
   <div class='ocr_carea' id='block_1_76' title="bbox 766 5719 2323 5795">
    <p class='ocr_par' dir='ltr' id='par_1_76' title="bbox 766 5719 2323 5795">
     <span class='ocr_line' id='line_1_76' title="bbox 766 5719 2323 5795; baseline 0.004 -20"><span class='ocrx_word' id='word_1_490' title='bbox 766 5732 850 5775; x_wconf 92' lang='lat' dir='ltr'><strong>tur</strong></span> <span class='ocrx_word' id='word_1_491' title='bbox 878 5719 1121 5775; x_wconf 77' lang='lat' dir='ltr'><strong>funtlitus</strong></span> <span class='ocrx_word' id='word_1_492' title='bbox 1181 5724 1479 5785; x_wconf 84' lang='lat' dir='ltr'><strong>abolendis,</strong></span> <span class='ocrx_word' id='word_1_493' title='bbox 1516 5725 1586 5777; x_wconf 87' lang='lat' dir='ltr'><strong>ita</strong></span> <span class='ocrx_word' id='word_1_494' title='bbox 1621 5736 1678 5778; x_wconf 90' lang='lat' dir='ltr'><strong>ut</strong></span> <span class='ocrx_word' id='word_1_495' title='bbox 1711 5726 1842 5777; x_wconf 82' lang='lat' dir='ltr'><strong>nihil</strong></span> <span class='ocrx_word' id='word_1_496' title='bbox 1895 5729 2122 5795; x_wconf 79' lang='lat' dir='ltr'><strong>amplius</strong></span> <span class='ocrx_word' id='word_1_497' title='bbox 2158 5744 2221 5781; x_wconf 81' lang='lat' dir='ltr'><strong>ex</strong></span> <span class='ocrx_word' id='word_1_498' title='bbox 2258 5728 2323 5781; x_wconf 78' lang='lat' dir='ltr'><strong>iis</strong></span> 
     </span>
    </p>
   </div>
   <div class='ocr_carea' id='block_1_77' title="bbox 2448 1922 4001 2001">
    <p class='ocr_par' dir='ltr' id='par_1_77' title="bbox 2448 1922 4001 2001">
     <span class='ocr_line' id='line_1_77' title="bbox 2448 1922 4001 2001; baseline 0.007 -29"><span class='ocrx_word' id='word_1_499' title='bbox 2448 1922 2575 1975; x_wconf 75' lang='grc' dir='ltr'><strong>ίῶσι</strong></span> <span class='ocrx_word' id='word_1_500' title='bbox 2613 1925 2999 1993; x_wconf 80' lang='grc' dir='ltr'><strong>καθαιρεῖσθαι</strong></span> <span class='ocrx_word' id='word_1_501' title='bbox 3054 1930 3214 1993; x_wconf 79' lang='grc' dir='ltr'>αὐτὰ,</span> <span class='ocrx_word' id='word_1_502' title='bbox 3274 1932 3638 1985; x_wconf 78' lang='grc' dir='ltr'>νουθετεῖσθαι</span> <span class='ocrx_word' id='word_1_503' title='bbox 3692 1933 3760 1984; x_wconf 90' lang='grc' dir='ltr'><strong>τά</strong></span> <span class='ocrx_word' id='word_1_504' title='bbox 3819 1932 4001 2001; x_wconf 72' lang='grc' dir='ltr'>πλήθη</span> 
     </span>
    </p>
   </div>
   <div class='ocr_carea' id='block_1_78' title="bbox 2447 2013 4000 2086">
    <p class='ocr_par' dir='ltr' id='par_1_78' title="bbox 2447 2013 4000 2086">
     <span class='ocr_line' id='line_1_78' title="bbox 2447 2013 4000 2086; baseline 0.006 -24"><span class='ocrx_word' id='word_1_505' title='bbox 2447 2013 2656 2064; x_wconf 81' lang='grc' dir='ltr'>κελεύει</span> <span class='ocrx_word' id='word_1_506' title='bbox 2692 2015 2765 2084; x_wconf 80' lang='grc' dir='ltr'>μὴ</span> <span class='ocrx_word' id='word_1_507' title='bbox 2791 2016 3124 2083; x_wconf 78' lang='grc' dir='ltr'>ὁχλαγωγεῖν</span> <span class='ocrx_word' id='word_1_508' title='bbox 3157 2021 3281 2082; x_wconf 82' lang='grc' dir='ltr'>τοὺς</span> <span class='ocrx_word' id='word_1_509' title='bbox 3321 2022 3517 2082; x_wconf 83' lang='grc' dir='ltr'>τόπους</span> <span class='ocrx_word' id='word_1_510' title='bbox 3559 2022 3818 2086; x_wconf 76' lang='grc' dir='ltr'>ἐκείνους,</span> <span class='ocrx_word' id='word_1_511' title='bbox 3839 2036 4000 2073; x_wconf 79' lang='grc' dir='ltr'>τουτ-</span> 
     </span>
    </p>
   </div>
   <div class='ocr_carea' id='block_1_79' title="bbox 2448 2101 4000 2179">
    <p class='ocr_par' dir='ltr' id='par_1_79' title="bbox 2448 2101 4000 2179">
     <span class='ocr_line' id='line_1_79' title="bbox 2448 2101 4000 2179; baseline 0.012 -26"><span class='ocrx_word' id='word_1_512' title='bbox 2448 2101 2563 2153; x_wconf 87' lang='grc' dir='ltr'>έστι</span> <span class='ocrx_word' id='word_1_513' title='bbox 2593 2104 2666 2171; x_wconf 83' lang='grc' dir='ltr'>μὴ</span> <span class='ocrx_word' id='word_1_514' title='bbox 2701 2105 3029 2171; x_wconf 80' lang='grc' dir='ltr'>συνάγεσθαι</span> <span class='ocrx_word' id='word_1_515' title='bbox 3076 2111 3201 2171; x_wconf 79' lang='grc' dir='ltr'>τοὺς</span> <span class='ocrx_word' id='word_1_516' title='bbox 3249 2110 3438 2177; x_wconf 82' lang='grc' dir='ltr'>δχλους</span> <span class='ocrx_word' id='word_1_517' title='bbox 3492 2114 3627 2177; x_wconf 83' lang='grc' dir='ltr'>ἐκεῖ,</span> <span class='ocrx_word' id='word_1_518' title='bbox 3694 2112 3829 2179; x_wconf 72' lang='grc' dir='ltr'>μηδὲ</span> <span class='ocrx_word' id='word_1_519' title='bbox 3872 2111 4000 2171; x_wconf 74' lang='grc' dir='ltr'>τοὺς</span> 
     </span>
    </p>
   </div>
   <div class='ocr_carea' id='block_1_80' title="bbox 2444 2191 3999 2271">
    <p class='ocr_par' dir='ltr' id='par_1_80' title="bbox 2444 2191 3999 2271">
     <span class='ocr_line' id='line_1_80' title="bbox 2444 2191 3999 2271; baseline 0 -21"><span class='ocrx_word' id='word_1_520' title='bbox 2444 2191 2752 2261; x_wconf 69' lang='grc' dir='ltr'>ὀρθοόὀξους</span> <span class='ocrx_word' id='word_1_521' title='bbox 2805 2198 3264 2267; x_wconf 80' lang='grc' dir='ltr'>καταδεσμείσθαι</span> <span class='ocrx_word' id='word_1_522' title='bbox 3300 2204 3367 2271; x_wconf 77' lang='grc' dir='ltr'>τῇ</span> <span class='ocrx_word' id='word_1_523' title='bbox 3404 2202 3608 2254; x_wconf 88' lang='grc' dir='ltr'>τούτων</span> <span class='ocrx_word' id='word_1_524' title='bbox 3665 2201 3999 2267; x_wconf 76' lang='grc' dir='ltr'><strong>δεισιδαιμο⁹</strong></span> 
     </span>
    </p>
   </div>
   <div class='ocr_carea' id='block_1_81' title="bbox 2445 2284 3999 2363">
    <p class='ocr_par' dir='ltr' id='par_1_81' title="bbox 2445 2284 3999 2363">
     <span class='ocr_line' id='line_1_81' title="bbox 2445 2284 3999 2363; baseline 0.005 -28"><span class='ocrx_word' id='word_1_525' title='bbox 2445 2284 2551 2353; x_wconf 58' lang='lat' dir='ltr'><strong>via,</strong></span> <span class='ocrx_word' id='word_1_526' title='bbox 2583 2286 2720 2353; x_wconf 79' lang='grc' dir='ltr'>μηδέ</span> <span class='ocrx_word' id='word_1_527' title='bbox 2755 2290 2974 2356; x_wconf 86' lang='grc' dir='ltr'><strong>μνήμας</strong></span> <span class='ocrx_word' id='word_1_528' title='bbox 3005 2292 3299 2363; x_wconf 88' lang='grc' dir='ltr'>μαρτύρων</span> <span class='ocrx_word' id='word_1_529' title='bbox 3332 2295 3390 2345; x_wconf 90' lang='grc' dir='ltr'><strong>ἐν</strong></span> <span class='ocrx_word' id='word_1_530' title='bbox 3425 2294 3605 2356; x_wconf 89' lang='grc' dir='ltr'>αὐτοῖς</span> <span class='ocrx_word' id='word_1_531' title='bbox 3637 2292 3926 2353; x_wconf 85' lang='grc' dir='ltr'>ἐπιτελεῖν,</span> <span class='ocrx_word' id='word_1_532' title='bbox 3950 2291 3999 2343; x_wconf 78' lang='grc' dir='ltr'><strong>εί</strong></span> 
     </span>
    </p>
   </div>
   <div class='ocr_carea' id='block_1_82' title="bbox 2447 2377 3999 2450">
    <p class='ocr_par' dir='ltr' id='par_1_82' title="bbox 2447 2377 3999 2450">
     <span class='ocr_line' id='line_1_82' title="bbox 2447 2377 3999 2450; baseline 0.006 -27"><span class='ocrx_word' id='word_1_533' title='bbox 2447 2377 2520 2442; x_wconf 84' lang='grc' dir='ltr'>μὴ</span> <span class='ocrx_word' id='word_1_534' title='bbox 2555 2377 2710 2442; x_wconf 74' lang='grc' dir='ltr'>σῶμα</span> <span class='ocrx_word' id='word_1_535' title='bbox 2759 2379 3028 2447; x_wconf 83' lang='grc' dir='ltr'>μάρτυρος</span> <span class='ocrx_word' id='word_1_536' title='bbox 3059 2382 3193 2450; x_wconf 76' lang='grc' dir='ltr'>μηδέ</span> <span class='ocrx_word' id='word_1_537' title='bbox 3233 2382 3455 2450; x_wconf 73' lang='grc' dir='ltr'>λείψανα</span> <span class='ocrx_word' id='word_1_538' title='bbox 3474 2386 3591 2436; x_wconf 80' lang='grc' dir='ltr'>ἐκεῖ</span> <span class='ocrx_word' id='word_1_539' title='bbox 3607 2386 3837 2446; x_wconf 85' lang='grc' dir='ltr'>κεῖνται,</span> <span class='ocrx_word' id='word_1_540' title='bbox 3865 2382 3899 2450; x_wconf 77' lang='grc' dir='ltr'>ἢ</span> <span class='ocrx_word' id='word_1_541' title='bbox 3939 2380 3999 2443; x_wconf 78' lang='grc' dir='ltr'>ἐξ</span> 
     </span>
    </p>
   </div>
   <div class='ocr_carea' id='block_1_83' title="bbox 2446 2463 3999 2541">
    <p class='ocr_par' dir='ltr' id='par_1_83' title="bbox 2446 2463 3999 2541">
     <span class='ocr_line' id='line_1_83' title="bbox 2446 2463 3999 2541; baseline 0.005 -28"><span class='ocrx_word' id='word_1_542' title='bbox 2446 2463 2691 2529; x_wconf 84' lang='grc' dir='ltr'>ἀρχαίων</span> <span class='ocrx_word' id='word_1_543' title='bbox 2728 2466 2934 2531; x_wconf 74' lang='grc' dir='ltr'>χρόνων</span> <span class='ocrx_word' id='word_1_544' title='bbox 2958 2464 3024 2533; x_wconf 84' lang='grc' dir='ltr'>ἦν</span> <span class='ocrx_word' id='word_1_545' title='bbox 3058 2468 3477 2540; x_wconf 71' lang='grc' dir='ltr'>ιξικοδομημένον</span> <span class='ocrx_word' id='word_1_546' title='bbox 3521 2472 3582 2523; x_wconf 84' lang='grc' dir='ltr'><strong>τδ</strong></span> <span class='ocrx_word' id='word_1_547' title='bbox 3608 2472 3999 2541; x_wconf 76' lang='grc' dir='ltr'>θυσιαστήριον</span> 
     </span>
    </p>
   </div>
   <div class='ocr_carea' id='block_1_84' title="bbox 2445 2552 4000 2629">
    <p class='ocr_par' dir='ltr' id='par_1_84' title="bbox 2445 2552 4000 2629">
     <span class='ocr_line' id='line_1_84' title="bbox 2445 2552 4000 2629; baseline 0.006 -26"><span class='ocrx_word' id='word_1_548' title='bbox 2445 2552 2636 2607; x_wconf 85' lang='grc' dir='ltr'>ἐκεῖνο.</span> <span class='ocrx_word' id='word_1_549' title='bbox 2673 2558 2734 2605; x_wconf 82' lang='lat' dir='ltr'><strong>&quot;A</strong></span> <span class='ocrx_word' id='word_1_550' title='bbox 2763 2557 2889 2623; x_wconf 81' lang='grc' dir='ltr'>γάρ,</span> <span class='ocrx_word' id='word_1_551' title='bbox 2918 2561 3072 2627; x_wconf 69' lang='grc' dir='ltr'>φησι,</span> <span class='ocrx_word' id='word_1_552' title='bbox 3100 2563 3460 2629; x_wconf 80' lang='grc' dir='ltr'>συνέστησαν,</span> <span class='ocrx_word' id='word_1_553' title='bbox 3491 2566 3566 2625; x_wconf 86' lang='grc' dir='ltr'>ὡς</span> <span class='ocrx_word' id='word_1_554' title='bbox 3620 2564 3679 2629; x_wconf 81' lang='grc' dir='ltr'>ἐξ</span> <span class='ocrx_word' id='word_1_555' title='bbox 3732 2563 4000 2616; x_wconf 82' lang='grc' dir='ltr'>ἐνυπνίων</span> 
     </span>
    </p>
   </div>
   <div class='ocr_carea' id='block_1_85' title="bbox 2446 2646 3996 2723">
    <p class='ocr_par' dir='ltr' id='par_1_85' title="bbox 2446 2646 3996 2723">
     <span class='ocr_line' id='line_1_85' title="bbox 2446 2646 3996 2723; baseline 0.004 -25"><span class='ocrx_word' id='word_1_556' title='bbox 2446 2646 2539 2698; x_wconf 83' lang='grc' dir='ltr'>καὶ</span> <span class='ocrx_word' id='word_1_557' title='bbox 2612 2646 3004 2717; x_wconf 74' lang='grc' dir='ltr'>ἀποκαλύψεων</span> <span class='ocrx_word' id='word_1_558' title='bbox 3049 2653 3520 2723; x_wconf 83' lang='grc' dir='ltr'>οίκοδομησάντων</span> <span class='ocrx_word' id='word_1_559' title='bbox 3597 2654 3739 2707; x_wconf 88' lang='grc' dir='ltr'><strong>αὐτά</strong></span> <span class='ocrx_word' id='word_1_560' title='bbox 3808 2671 3996 2719; x_wconf 86' lang='grc' dir='ltr'>τινων,</span> 
     </span>
    </p>
   </div>
   <div class='ocr_carea' id='block_1_86' title="bbox 2455 2733 3272 2806">
    <p class='ocr_par' dir='ltr' id='par_1_86' title="bbox 2455 2733 3272 2806">
     <span class='ocr_line' id='line_1_86' title="bbox 2455 2733 3272 2806; baseline 0.012 -22"><span class='ocrx_word' id='word_1_561' title='bbox 2455 2733 2635 2786; x_wconf 79' lang='grc' dir='ltr'>πάντα</span> <span class='ocrx_word' id='word_1_562' title='bbox 2672 2737 3272 2806; x_wconf 64' lang='grc' dir='ltr'>ἀποὼκιμαζέσθωσαν.</span> 
     </span>
    </p>
   </div>
   <div class='ocr_carea' id='block_1_87' title="bbox 2514 2824 3997 2902">
    <p class='ocr_par' dir='ltr' id='par_1_87' title="bbox 2514 2824 3997 2902">
     <span class='ocr_line' id='line_1_87' title="bbox 2514 2824 3997 2902; baseline 0.007 -28"><span class='ocrx_word' id='word_1_563' title='bbox 2514 2824 2736 2877; x_wconf 84' lang='grc' dir='ltr'><strong>ΑΡΙΣΤ.</strong></span> <span class='ocrx_word' id='word_1_564' title='bbox 2786 2844 2804 2876; x_wconf 86' lang='grc' dir='ltr'><strong>ι</strong></span> <span class='ocrx_word' id='word_1_565' title='bbox 2847 2828 3240 2897; x_wconf 71' lang='grc' dir='ltr'>Θυσιαστήριον</span> <span class='ocrx_word' id='word_1_566' title='bbox 3275 2833 3331 2883; x_wconf 81' lang='grc' dir='ltr'><strong>ἐν</strong></span> <span class='ocrx_word' id='word_1_567' title='bbox 3389 2832 3578 2901; x_wconf 78' lang='grc' dir='ltr'>ἀγροῖς</span> <span class='ocrx_word' id='word_1_568' title='bbox 3628 2834 3660 2902; x_wconf 79' lang='grc' dir='ltr'>ἢ</span> <span class='ocrx_word' id='word_1_569' title='bbox 3708 2834 3997 2902; x_wconf 80' lang='grc' dir='ltr'>ἀμπελῶσι</span> 
     </span>
    </p>
   </div>
   <div class='ocr_carea' id='block_1_88' title="bbox 2449 2912 3999 2991">
    <p class='ocr_par' dir='ltr' id='par_1_88' title="bbox 2449 2912 3999 2991">
     <span class='ocr_line' id='line_1_88' title="bbox 2449 2912 3999 2991; baseline 0.008 -28"><span class='ocrx_word' id='word_1_570' title='bbox 2449 2931 2467 2963; x_wconf 83' lang='grc' dir='ltr'><strong>ι</strong></span> <span class='ocrx_word' id='word_1_571' title='bbox 2508 2915 2812 2983; x_wconf 86' lang='grc' dir='ltr'>γινόμενον,</span> <span class='ocrx_word' id='word_1_572' title='bbox 2853 2918 2910 2970; x_wconf 85' lang='grc' dir='ltr'><strong>ἐν</strong></span> <span class='ocrx_word' id='word_1_573' title='bbox 2954 2912 3035 2980; x_wconf 73' lang='grc' dir='ltr'><strong>οἷς</strong></span> <span class='ocrx_word' id='word_1_574' title='bbox 3070 2920 3130 2970; x_wconf 87' lang='grc' dir='ltr'><strong>οὐ</strong></span> <span class='ocrx_word' id='word_1_575' title='bbox 3173 2920 3419 2988; x_wconf 78' lang='grc' dir='ltr'>λείψανον</span> <span class='ocrx_word' id='word_1_576' title='bbox 3459 2923 3747 2975; x_wconf 81' lang='grc' dir='ltr'>ἀπόκειται</span> <span class='ocrx_word' id='word_1_577' title='bbox 3786 2923 3999 2991; x_wconf 81' lang='grc' dir='ltr'>μάρτυ-</span> 
     </span>
    </p>
   </div>
   <div class='ocr_carea' id='block_1_89' title="bbox 2450 3007 3996 3084">
    <p class='ocr_par' dir='ltr' id='par_1_89' title="bbox 2450 3007 3996 3084">
     <span class='ocr_line' id='line_1_89' title="bbox 2450 3007 3996 3084; baseline 0.01 -30"><span class='ocrx_word' id='word_1_578' title='bbox 2450 3022 2467 3054; x_wconf 83' lang='grc' dir='ltr'><strong>ι</strong></span> <span class='ocrx_word' id='word_1_579' title='bbox 2517 3021 2631 3072; x_wconf 88' lang='grc' dir='ltr'>ρος,</span> <span class='ocrx_word' id='word_1_580' title='bbox 2665 3007 2713 3057; x_wconf 87' lang='grc' dir='ltr'><strong>εί</strong></span> <span class='ocrx_word' id='word_1_581' title='bbox 2750 3007 2822 3075; x_wconf 82' lang='grc' dir='ltr'>μὴ</span> <span class='ocrx_word' id='word_1_582' title='bbox 2842 3008 3097 3077; x_wconf 81' lang='grc' dir='ltr'>δημόσιος</span> <span class='ocrx_word' id='word_1_583' title='bbox 3126 3011 3336 3075; x_wconf 85' lang='grc' dir='ltr'>γίνεται</span> <span class='ocrx_word' id='word_1_584' title='bbox 3398 3013 3649 3082; x_wconf 87' lang='grc' dir='ltr'>θόρυϐος,</span> <span class='ocrx_word' id='word_1_585' title='bbox 3691 3031 3996 3084; x_wconf 73' lang='grc' dir='ltr'>καταστρε-</span> 
     </span>
    </p>
   </div>
   <div class='ocr_carea' id='block_1_90' title="bbox 2453 3096 3998 3176">
    <p class='ocr_par' dir='ltr' id='par_1_90' title="bbox 2453 3096 3998 3176">
     <span class='ocr_line' id='line_1_90' title="bbox 2453 3096 3998 3176; baseline 0.01 -31"><span class='ocrx_word' id='word_1_586' title='bbox 2453 3112 2470 3145; x_wconf 86' lang='grc' dir='ltr'><strong>ι</strong></span> <span class='ocrx_word' id='word_1_587' title='bbox 2511 3096 2692 3163; x_wconf 80' lang='grc' dir='ltr'>φέσθω</span> <span class='ocrx_word' id='word_1_588' title='bbox 2718 3112 2731 3126; x_wconf 70' lang='grc'><strong><em>⁸</em></strong></span> <span class='ocrx_word' id='word_1_589' title='bbox 2755 3099 2847 3149; x_wconf 79' lang='grc' dir='ltr'>καὶ</span> <span class='ocrx_word' id='word_1_590' title='bbox 2874 3100 2968 3149; x_wconf 84' lang='grc' dir='ltr'>ὃσα</span> <span class='ocrx_word' id='word_1_591' title='bbox 2986 3100 3049 3151; x_wconf 87' lang='grc' dir='ltr'><strong>δι’</strong></span> <span class='ocrx_word' id='word_1_592' title='bbox 3073 3102 3337 3155; x_wconf 87' lang='grc' dir='ltr'>ἐνυπνίων</span> <span class='ocrx_word' id='word_1_593' title='bbox 3365 3106 3457 3156; x_wconf 85' lang='grc' dir='ltr'>καὶ</span> <span class='ocrx_word' id='word_1_594' title='bbox 3475 3105 3867 3175; x_wconf 77' lang='grc' dir='ltr'>ἀποκαλύψεων</span> <span class='ocrx_word' id='word_1_595' title='bbox 3895 3126 3998 3176; x_wconf 81' lang='grc' dir='ltr'>μαο</span> 
     </span>
    </p>
   </div>
   <div class='ocr_carea' id='block_1_91' title="bbox 2452 3184 3470 3259">
    <p class='ocr_par' dir='ltr' id='par_1_91' title="bbox 2452 3184 3470 3259">
     <span class='ocr_line' id='line_1_91' title="bbox 2452 3184 3470 3259; baseline 0.01 -25"><span class='ocrx_word' id='word_1_596' title='bbox 2452 3202 2469 3233; x_wconf 86' lang='grc' dir='ltr'><strong>ι</strong></span> <span class='ocrx_word' id='word_1_597' title='bbox 2502 3184 2668 3237; x_wconf 85' lang='grc' dir='ltr'>ταίων</span> <span class='ocrx_word' id='word_1_598' title='bbox 2690 3186 2999 3239; x_wconf 66' lang='grc' dir='ltr'>συνίσταται</span> <span class='ocrx_word' id='word_1_599' title='bbox 3033 3187 3409 3259; x_wconf 79' lang='grc' dir='ltr'>θυσιαστήρια.</span> <span class='ocrx_word' id='word_1_600' title='bbox 3451 3210 3470 3243; x_wconf 73' lang='grc' dir='ltr'><strong>ι</strong></span> 
     </span>
    </p>
   </div>
   <div class='ocr_carea' id='block_1_92' title="bbox 2518 3276 3995 3352">
    <p class='ocr_par' dir='ltr' id='par_1_92' title="bbox 2518 3276 3995 3352">
     <span class='ocr_line' id='line_1_92' title="bbox 2518 3276 3995 3352; baseline 0.008 -26"><span class='ocrx_word' id='word_1_601' title='bbox 2518 3276 2669 3328; x_wconf 89' lang='grc' dir='ltr'>Ὀσοι</span> <span class='ocrx_word' id='word_1_602' title='bbox 2694 3278 2800 3327; x_wconf 84' lang='grc' dir='ltr'>τῶν</span> <span class='ocrx_word' id='word_1_603' title='bbox 2840 3279 3146 3347; x_wconf 81' lang='grc' dir='ltr'>εὐκτηρίων</span> <span class='ocrx_word' id='word_1_604' title='bbox 3175 3280 3339 3332; x_wconf 85' lang='grc' dir='ltr'>οἴκων</span> <span class='ocrx_word' id='word_1_605' title='bbox 3376 3284 3437 3334; x_wconf 87' lang='grc' dir='ltr'><strong>οὐ</strong></span> <span class='ocrx_word' id='word_1_606' title='bbox 3485 3283 3550 3334; x_wconf 86' lang='grc' dir='ltr'><strong>δι’</strong></span> <span class='ocrx_word' id='word_1_607' title='bbox 3579 3283 3745 3352; x_wconf 80' lang='grc' dir='ltr'>εὐχῆς</span> <span class='ocrx_word' id='word_1_608' title='bbox 3771 3284 3995 3337; x_wconf 78' lang='grc' dir='ltr'>ἐπισκόο</span> 
     </span>
    </p>
   </div>
   <div class='ocr_carea' id='block_1_93' title="bbox 2446 3370 3996 3443">
    <p class='ocr_par' dir='ltr' id='par_1_93' title="bbox 2446 3370 3996 3443">
     <span class='ocr_line' id='line_1_93' title="bbox 2446 3370 3996 3443; baseline 0.007 -26"><span class='ocrx_word' id='word_1_609' title='bbox 2446 3383 2562 3418; x_wconf 89' lang='grc' dir='ltr'><strong>πων</strong></span> <span class='ocrx_word' id='word_1_610' title='bbox 2582 3370 2940 3435; x_wconf 77' lang='grc' dir='ltr'>συνέστησαν,</span> <span class='ocrx_word' id='word_1_611' title='bbox 2983 3371 3075 3421; x_wconf 78' lang='grc' dir='ltr'><strong>καὶ</strong></span> <span class='ocrx_word' id='word_1_612' title='bbox 3125 3370 3355 3439; x_wconf 79' lang='grc' dir='ltr'>λείψανα</span> <span class='ocrx_word' id='word_1_613' title='bbox 3429 3375 3725 3443; x_wconf 86' lang='grc' dir='ltr'>μαρτύρων</span> <span class='ocrx_word' id='word_1_614' title='bbox 3783 3377 3996 3440; x_wconf 82' lang='grc' dir='ltr'>τούτοις</span> 
     </span>
    </p>
   </div>
   <div class='ocr_carea' id='block_1_94' title="bbox 2442 3459 3993 3533">
    <p class='ocr_par' dir='ltr' id='par_1_94' title="bbox 2442 3459 3993 3533">
     <span class='ocr_line' id='line_1_94' title="bbox 2442 3459 3993 3533; baseline 0.009 -24"><span class='ocrx_word' id='word_1_615' title='bbox 2442 3459 2863 3525; x_wconf 77' lang='grc' dir='ltr'>ἐναπετὲθησαν,</span> <span class='ocrx_word' id='word_1_616' title='bbox 2899 3460 3104 3527; x_wconf 89' lang='grc' dir='ltr'>ἀνίεροί</span> <span class='ocrx_word' id='word_1_617' title='bbox 3137 3463 3263 3515; x_wconf 87' lang='grc' dir='ltr'>εἰσι.</span> <span class='ocrx_word' id='word_1_618' title='bbox 3295 3464 3394 3516; x_wconf 76' lang='grc' dir='ltr'>Διά</span> <span class='ocrx_word' id='word_1_619' title='bbox 3444 3466 3601 3518; x_wconf 83' lang='grc' dir='ltr'>τοῦτο</span> <span class='ocrx_word' id='word_1_620' title='bbox 3627 3466 3755 3533; x_wconf 79' lang='grc' dir='ltr'>γοῦν</span> <span class='ocrx_word' id='word_1_621' title='bbox 3805 3470 3903 3522; x_wconf 81' lang='grc' dir='ltr'><strong>καὶ</strong></span> <span class='ocrx_word' id='word_1_622' title='bbox 3926 3473 3993 3522; x_wconf 74' lang='grc' dir='ltr'><strong>τὰ</strong></span> 
     </span>
    </p>
   </div>
   <div class='ocr_carea' id='block_1_95' title="bbox 2441 3551 3992 3631">
    <p class='ocr_par' dir='ltr' id='par_1_95' title="bbox 2441 3551 3992 3631">
     <span class='ocr_line' id='line_1_95' title="bbox 2441 3551 3992 3631; baseline 0.008 -31"><span class='ocrx_word' id='word_1_623' title='bbox 2441 3551 2499 3601; x_wconf 85' lang='grc' dir='ltr'><strong>ἐν</strong></span> <span class='ocrx_word' id='word_1_624' title='bbox 2547 3553 2739 3619; x_wconf 78' lang='grc' dir='ltr'>ἀγροῖς</span> <span class='ocrx_word' id='word_1_625' title='bbox 2770 3553 2801 3619; x_wconf 86' lang='grc' dir='ltr'>ἢ</span> <span class='ocrx_word' id='word_1_626' title='bbox 2844 3552 3127 3619; x_wconf 77' lang='grc' dir='ltr'>ἀμπελῶσι</span> <span class='ocrx_word' id='word_1_627' title='bbox 3149 3554 3410 3623; x_wconf 82' lang='grc' dir='ltr'>γινόμενα</span> <span class='ocrx_word' id='word_1_628' title='bbox 3442 3556 3801 3629; x_wconf 83' lang='grc' dir='ltr'>θυσιαστήρια</span> <span class='ocrx_word' id='word_1_629' title='bbox 3825 3565 3992 3631; x_wconf 79' lang='grc' dir='ltr'>χωρὶς</span> 
     </span>
    </p>
   </div>
   <div class='ocr_carea' id='block_1_96' title="bbox 2442 3642 3993 3721">
    <p class='ocr_par' dir='ltr' id='par_1_96' title="bbox 2442 3642 3993 3721">
     <span class='ocr_line' id='line_1_96' title="bbox 2442 3642 3993 3721; baseline 0.006 -30"><span class='ocrx_word' id='word_1_630' title='bbox 2442 3643 2604 3709; x_wconf 79' lang='grc' dir='ltr'>εὐχῆς</span> <span class='ocrx_word' id='word_1_631' title='bbox 2638 3644 2935 3693; x_wconf 83' lang='grc' dir='ltr'>ἐπισκόπου</span> <span class='ocrx_word' id='word_1_632' title='bbox 2969 3642 3065 3693; x_wconf 68' lang='grc' dir='ltr'><strong>κα)⁸</strong></span> <span class='ocrx_word' id='word_1_633' title='bbox 3104 3644 3220 3696; x_wconf 83' lang='grc' dir='ltr'>τοῦ.</span> <span class='ocrx_word' id='word_1_634' title='bbox 3252 3646 3642 3714; x_wconf 82' lang='grc' dir='ltr'>ἐναποτεθῆναι</span> <span class='ocrx_word' id='word_1_635' title='bbox 3701 3651 3993 3721; x_wconf 82' lang='grc' dir='ltr'>μαρτύρων</span> 
     </span>
    </p>
   </div>
   <div class='ocr_carea' id='block_1_97' title="bbox 2441 3732 3993 3805">
    <p class='ocr_par' dir='ltr' id='par_1_97' title="bbox 2441 3732 3993 3805">
     <span class='ocr_line' id='line_1_97' title="bbox 2441 3732 3993 3805; baseline 0.008 -23"><span class='ocrx_word' id='word_1_636' title='bbox 2441 3732 2688 3800; x_wconf 65' lang='grc' dir='ltr'>λείψανα,</span> <span class='ocrx_word' id='word_1_637' title='bbox 2756 3734 2801 3783; x_wconf 88' lang='grc' dir='ltr'><strong>εί</strong></span> <span class='ocrx_word' id='word_1_638' title='bbox 2861 3734 3104 3799; x_wconf 73' lang='grc' dir='ltr'>δυνατὸν,</span> <span class='ocrx_word' id='word_1_639' title='bbox 3154 3738 3716 3805; x_wconf 81' lang='grc' dir='ltr'>καταστρεφέσθωσαν</span> <span class='ocrx_word' id='word_1_640' title='bbox 3752 3757 3766 3770; x_wconf 89' lang='grc'><strong>·</strong></span> <span class='ocrx_word' id='word_1_641' title='bbox 3826 3744 3875 3793; x_wconf 90' lang='grc' dir='ltr'><strong>εί</strong></span> <span class='ocrx_word' id='word_1_642' title='bbox 3936 3742 3993 3793; x_wconf 77' lang='grc' dir='ltr'><strong>δέ</strong></span> 
     </span>
    </p>
   </div>
   <div class='ocr_carea' id='block_1_98' title="bbox 2440 3821 3993 3893">
    <p class='ocr_par' dir='ltr' id='par_1_98' title="bbox 2440 3821 3993 3893">
     <span class='ocr_line' id='line_1_98' title="bbox 2440 3821 3993 3893; baseline 0.006 -20"><span class='ocrx_word' id='word_1_643' title='bbox 2440 3823 2727 3889; x_wconf 69' lang='grc' dir='ltr'>δημοτικδς</span> <span class='ocrx_word' id='word_1_644' title='bbox 2760 3821 2984 3888; x_wconf 78' lang='grc' dir='ltr'>θόρυϐος</span> <span class='ocrx_word' id='word_1_645' title='bbox 3013 3822 3167 3873; x_wconf 85' lang='grc' dir='ltr'>τοῦτο</span> <span class='ocrx_word' id='word_1_646' title='bbox 3194 3824 3392 3876; x_wconf 78' lang='grc' dir='ltr'>κωλύει</span> <span class='ocrx_word' id='word_1_647' title='bbox 3421 3828 3697 3893; x_wconf 77' lang='grc' dir='ltr'>γενέσθαι,</span> <span class='ocrx_word' id='word_1_648' title='bbox 3740 3829 3842 3881; x_wconf 76' lang='grc' dir='ltr'><strong>κάν</strong></span> <span class='ocrx_word' id='word_1_649' title='bbox 3870 3847 3993 3883; x_wconf 81' lang='grc' dir='ltr'>νου-</span> 
     </span>
    </p>
   </div>
   <div class='ocr_carea' id='block_1_99' title="bbox 2441 3912 3991 3988">
    <p class='ocr_par' dir='ltr' id='par_1_99' title="bbox 2441 3912 3991 3988">
     <span class='ocr_line' id='line_1_99' title="bbox 2441 3912 3991 3988; baseline 0.008 -26"><span class='ocrx_word' id='word_1_650' title='bbox 2441 3912 2624 3964; x_wconf 78' lang='grc' dir='ltr'>θεσίαν</span> <span class='ocrx_word' id='word_1_651' title='bbox 2650 3912 2991 3979; x_wconf 76' lang='grc' dir='ltr'>δεχέσθωσαν</span> <span class='ocrx_word' id='word_1_652' title='bbox 3026 3913 3100 3981; x_wconf 82' lang='grc' dir='ltr'>μὴ</span> <span class='ocrx_word' id='word_1_653' title='bbox 3150 3918 3325 3966; x_wconf 81' lang='grc' dir='ltr'>ποιεῖν</span> <span class='ocrx_word' id='word_1_654' title='bbox 3356 3917 3414 3968; x_wconf 80' lang='grc' dir='ltr'>ἰν</span> <span class='ocrx_word' id='word_1_655' title='bbox 3444 3917 3625 3979; x_wconf 86' lang='grc' dir='ltr'>αὐτοῖς</span> <span class='ocrx_word' id='word_1_656' title='bbox 3656 3919 3991 3988; x_wconf 80' lang='grc' dir='ltr'>ὀχλαγώγια.</span> 
     </span>
    </p>
   </div>
   <div class='ocr_carea' id='block_1_100' title="bbox 2451 4000 3996 4071">
    <p class='ocr_par' dir='ltr' id='par_1_100' title="bbox 2451 4000 3996 4071">
     <span class='ocr_line' id='line_1_100' title="bbox 2451 4000 3996 4071; baseline 0.006 -18"><span class='ocrx_word' id='word_1_657' title='bbox 2451 4000 3029 4071; x_wconf 79' lang='grc' dir='ltr'>Καταστρεφέσθωσαν</span> <span class='ocrx_word' id='word_1_658' title='bbox 3080 4003 3136 4054; x_wconf 70' lang='grc' dir='ltr'>δὲ</span> <span class='ocrx_word' id='word_1_659' title='bbox 3198 4004 3390 4057; x_wconf 76' lang='grc' dir='ltr'>καὶτὰ</span> <span class='ocrx_word' id='word_1_660' title='bbox 3442 4005 3509 4057; x_wconf 80' lang='grc' dir='ltr'>δι’</span> <span class='ocrx_word' id='word_1_661' title='bbox 3575 4010 3839 4061; x_wconf 74' lang='grc' dir='ltr'>ἐνυπνίων</span> <span class='ocrx_word' id='word_1_662' title='bbox 3900 4014 3996 4063; x_wconf 77' lang='grc' dir='ltr'>καὶ</span> 
     </span>
    </p>
   </div>
   <div class='ocr_carea' id='block_1_101' title="bbox 2438 4091 3995 4169">
    <p class='ocr_par' dir='ltr' id='par_1_101' title="bbox 2438 4091 3995 4169">
     <span class='ocr_line' id='line_1_101' title="bbox 2438 4091 3995 4169; baseline 0.008 -28"><span class='ocrx_word' id='word_1_663' title='bbox 2438 4091 2826 4158; x_wconf 68' lang='grc' dir='ltr'>ἀποκαλύψεων</span> <span class='ocrx_word' id='word_1_664' title='bbox 2904 4094 3146 4160; x_wconf 81' lang='grc' dir='ltr'>ματαίων</span> <span class='ocrx_word' id='word_1_665' title='bbox 3242 4096 3604 4163; x_wconf 81' lang='grc' dir='ltr'>συνιστάμενα</span> <span class='ocrx_word' id='word_1_666' title='bbox 3693 4099 3995 4169; x_wconf 71' lang='grc' dir='ltr'>θυσιαστή-</span> 
     </span>
    </p>
   </div>
   <div class='ocr_carea' id='block_1_102' title="bbox 2441 4182 3992 4259">
    <p class='ocr_par' dir='ltr' id='par_1_102' title="bbox 2441 4182 3992 4259">
     <span class='ocr_line' id='line_1_102' title="bbox 2441 4182 3992 4259; baseline 0.008 -28"><span class='ocrx_word' id='word_1_667' title='bbox 2441 4199 2547 4247; x_wconf 82' lang='grc' dir='ltr'>ρια..</span> <span class='ocrx_word' id='word_1_668' title='bbox 2577 4182 2771 4243; x_wconf 82' lang='grc' dir='ltr'>Σκότος</span> <span class='ocrx_word' id='word_1_669' title='bbox 2811 4186 2918 4251; x_wconf 71' lang='grc' dir='ltr'>γὰρ</span> <span class='ocrx_word' id='word_1_670' title='bbox 2948 4184 3021 4234; x_wconf 81' lang='grc' dir='ltr'>ὦν</span> <span class='ocrx_word' id='word_1_671' title='bbox 3056 4186 3082 4235; x_wconf 80' lang='grc' dir='ltr'><strong>ό</strong></span> <span class='ocrx_word' id='word_1_672' title='bbox 3105 4184 3369 4249; x_wconf 85' lang='grc' dir='ltr'>διάϐολος,</span> <span class='ocrx_word' id='word_1_673' title='bbox 3429 4187 3544 4253; x_wconf 81' lang='grc' dir='ltr'>φῶς</span> <span class='ocrx_word' id='word_1_674' title='bbox 3593 4188 3943 4259; x_wconf 84' lang='grc' dir='ltr'>ὑποκρίνεται</span> <span class='ocrx_word' id='word_1_675' title='bbox 3977 4208 3992 4221; x_wconf 89' lang='grc'><strong>·</strong></span> 
     </span>
    </p>
   </div>
   <div class='ocr_carea' id='block_1_103' title="bbox 2440 4272 3992 4348">
    <p class='ocr_par' dir='ltr' id='par_1_103' title="bbox 2440 4272 3992 4348">
     <span class='ocr_line' id='line_1_103' title="bbox 2440 4272 3992 4348; baseline 0.007 -25"><span class='ocrx_word' id='word_1_676' title='bbox 2440 4272 2532 4323; x_wconf 79' lang='grc' dir='ltr'>καὶ</span> <span class='ocrx_word' id='word_1_677' title='bbox 2556 4274 2822 4340; x_wconf 63' lang='grc' dir='ltr'>προφάσει</span> <span class='ocrx_word' id='word_1_678' title='bbox 2843 4272 3003 4342; x_wconf 85' lang='grc' dir='ltr'>δῆθεν</span> <span class='ocrx_word' id='word_1_679' title='bbox 3027 4275 3309 4339; x_wconf 83' lang='grc' dir='ltr'>εὐλαϐείας</span> <span class='ocrx_word' id='word_1_680' title='bbox 3335 4277 3429 4338; x_wconf 71' lang='grc' dir='ltr'><strong>τὰς</strong></span> <span class='ocrx_word' id='word_1_681' title='bbox 3451 4278 3558 4329; x_wconf 84' lang='grc' dir='ltr'>τῶν</span> <span class='ocrx_word' id='word_1_682' title='bbox 3574 4279 3875 4348; x_wconf 77' lang='grc' dir='ltr'>ἀνθρώπων</span> <span class='ocrx_word' id='word_1_683' title='bbox 3901 4284 3992 4333; x_wconf 78' lang='grc' dir='ltr'>δε-</span> 
     </span>
    </p>
   </div>
   <div class='ocr_carea' id='block_1_104' title="bbox 2442 4363 2846 4433">
    <p class='ocr_par' dir='ltr' id='par_1_104' title="bbox 2442 4363 2846 4433">
     <span class='ocr_line' id='line_1_104' title="bbox 2442 4363 2846 4433; baseline 0.007 -20"><span class='ocrx_word' id='word_1_684' title='bbox 2442 4363 2620 4425; x_wconf 75' lang='grc' dir='ltr'>λεάζει</span> <span class='ocrx_word' id='word_1_685' title='bbox 2648 4364 2846 4433; x_wconf 64' lang='grc' dir='ltr'>ψυχάς.</span> 
     </span>
    </p>
   </div>
   <div class='ocr_carea' id='block_1_105' title="bbox 3000 4458 3391 4512">
    <p class='ocr_par' dir='ltr' id='par_1_105' title="bbox 3000 4458 3391 4512">
     <span class='ocr_line' id='line_1_105' title="bbox 3000 4458 3391 4512; baseline 0.008 -3"><span class='ocrx_word' id='word_1_686' title='bbox 3000 4458 3235 4512; x_wconf 79' lang='grc' dir='ltr'>ΚᾹΝΩΝ</span> <span class='ocrx_word' id='word_1_687' title='bbox 3271 4459 3391 4512; x_wconf 86' lang='grc' dir='ltr'><strong>ΠΖ’.</strong></span> 
     </span>
    </p>
   </div>
   <div class='ocr_carea' id='block_1_106' title="bbox 2515 4550 3992 4622">
    <p class='ocr_par' dir='ltr' id='par_1_106' title="bbox 2515 4550 3992 4622">
     <span class='ocr_line' id='line_1_106' title="bbox 2515 4550 3992 4622; baseline 0.007 -24"><span class='ocrx_word' id='word_1_688' title='bbox 2515 4567 2531 4598; x_wconf 80' lang='grc' dir='ltr'><strong>ι</strong></span> <span class='ocrx_word' id='word_1_689' title='bbox 2579 4550 2713 4618; x_wconf 79' lang='grc' dir='ltr'>Περὶ</span> <span class='ocrx_word' id='word_1_690' title='bbox 2739 4550 2830 4601; x_wconf 78' lang='grc' dir='ltr'>τοῦ</span> <span class='ocrx_word' id='word_1_691' title='bbox 2850 4551 2915 4602; x_wconf 83' lang='grc' dir='ltr'>τὰ</span> <span class='ocrx_word' id='word_1_692' title='bbox 2938 4551 3166 4620; x_wconf 79' lang='grc' dir='ltr'>λείψανα</span> <span class='ocrx_word' id='word_1_693' title='bbox 3219 4553 3327 4605; x_wconf 87' lang='grc' dir='ltr'><strong>τῶν</strong></span> <span class='ocrx_word' id='word_1_694' title='bbox 3354 4554 3585 4605; x_wconf 78' lang='grc' dir='ltr'>εἰδώλων</span> <span class='ocrx_word' id='word_1_695' title='bbox 3605 4552 3992 4622; x_wconf 81' lang='grc' dir='ltr'>ἐκριζωθῆναι.</span> 
     </span>
    </p>
   </div>
   <div class='ocr_carea' id='block_1_107' title="bbox 2440 4640 3993 4711">
    <p class='ocr_par' dir='ltr' id='par_1_107' title="bbox 2440 4640 3993 4711">
     <span class='ocr_line' id='line_1_107' title="bbox 2440 4640 3993 4711; baseline 0.004 -22"><span class='ocrx_word' id='word_1_696' title='bbox 2440 4658 2459 4689; x_wconf 79' lang='grc' dir='ltr'><strong>ι</strong></span> <span class='ocrx_word' id='word_1_697' title='bbox 2509 4640 2739 4708; x_wconf 84' lang='grc' dir='ltr'>Ὀμοίως</span> <span class='ocrx_word' id='word_1_698' title='bbox 2768 4644 2961 4711; x_wconf 76' lang='grc' dir='ltr'>ῆρεσεν</span> <span class='ocrx_word' id='word_1_699' title='bbox 3013 4643 3302 4711; x_wconf 85' lang='grc' dir='ltr'>αίτηθῆναι</span> <span class='ocrx_word' id='word_1_700' title='bbox 3329 4645 3437 4695; x_wconf 82' lang='grc' dir='ltr'>ἀπὸ</span> <span class='ocrx_word' id='word_1_701' title='bbox 3480 4644 3588 4695; x_wconf 84' lang='grc' dir='ltr'>τῶν</span> <span class='ocrx_word' id='word_1_702' title='bbox 3635 4644 3993 4707; x_wconf 81' lang='grc' dir='ltr'>ἐνδοξοτάτων</span> 
     </span>
    </p>
   </div>
   <div class='ocr_carea' id='block_1_108' title="bbox 2442 4731 3996 4803">
    <p class='ocr_par' dir='ltr' id='par_1_108' title="bbox 2442 4731 3996 4803">
     <span class='ocr_line' id='line_1_108' title="bbox 2442 4731 3996 4803; baseline 0.005 -22"><span class='ocrx_word' id='word_1_703' title='bbox 2442 4750 2460 4781; x_wconf 81' lang='grc' dir='ltr'><strong>ι</strong></span> <span class='ocrx_word' id='word_1_704' title='bbox 2504 4731 2788 4800; x_wconf 81' lang='grc' dir='ltr'>βασιλέων,</span> <span class='ocrx_word' id='word_1_705' title='bbox 2821 4735 2906 4785; x_wconf 88' lang='grc' dir='ltr'><strong>ἴνα</strong></span> <span class='ocrx_word' id='word_1_706' title='bbox 2942 4733 3009 4785; x_wconf 85' lang='grc' dir='ltr'>τὰ</span> <span class='ocrx_word' id='word_1_707' title='bbox 3045 4734 3271 4801; x_wconf 78' lang='grc' dir='ltr'>λείψανα</span> <span class='ocrx_word' id='word_1_708' title='bbox 3295 4735 3391 4799; x_wconf 90' lang='grc' dir='ltr'><strong>τῆς</strong></span> <span class='ocrx_word' id='word_1_709' title='bbox 3452 4733 3893 4802; x_wconf 82' lang='grc' dir='ltr'>είδωλολατρείας</span> <span class='ocrx_word' id='word_1_710' title='bbox 3916 4737 3996 4803; x_wconf 77' lang='grc' dir='ltr'>μὴ</span> 
     </span>
    </p>
   </div>
   <div class='ocr_carea' id='block_1_109' title="bbox 2442 4824 3993 4894">
    <p class='ocr_par' dir='ltr' id='par_1_109' title="bbox 2442 4824 3993 4894">
     <span class='ocr_line' id='line_1_109' title="bbox 2442 4824 3993 4894; baseline 0.004 -22"><span class='ocrx_word' id='word_1_711' title='bbox 2442 4842 2459 4872; x_wconf 82' lang='grc' dir='ltr'><strong>ι</strong></span> <span class='ocrx_word' id='word_1_712' title='bbox 2504 4824 2665 4891; x_wconf 87' lang='grc' dir='ltr'>μόνον</span> <span class='ocrx_word' id='word_1_713' title='bbox 2687 4826 2756 4876; x_wconf 84' lang='grc' dir='ltr'>τὰ</span> <span class='ocrx_word' id='word_1_714' title='bbox 2775 4828 2831 4878; x_wconf 86' lang='grc' dir='ltr'><strong>ἐν</strong></span> <span class='ocrx_word' id='word_1_715' title='bbox 2879 4826 3108 4888; x_wconf 82' lang='grc' dir='ltr'>ξοάνοις,</span> <span class='ocrx_word' id='word_1_716' title='bbox 3143 4826 3277 4876; x_wconf 84' lang='grc' dir='ltr'><strong>ἀλλά</strong></span> <span class='ocrx_word' id='word_1_717' title='bbox 3310 4826 3403 4875; x_wconf 83' lang='grc' dir='ltr'>καὶ</span> <span class='ocrx_word' id='word_1_718' title='bbox 3448 4827 3505 4876; x_wconf 88' lang='grc' dir='ltr'><strong>ἐν</strong></span> <span class='ocrx_word' id='word_1_719' title='bbox 3542 4826 3872 4894; x_wconf 77' lang='grc' dir='ltr'>οἰοισδήποτε</span> <span class='ocrx_word' id='word_1_720' title='bbox 3901 4828 3993 4878; x_wconf 85' lang='grc' dir='ltr'>τό·</span> 
     </span>
    </p>
   </div>
   <div class='ocr_carea' id='block_1_110' title="bbox 2442 4916 3994 4987">
    <p class='ocr_par' dir='ltr' id='par_1_110' title="bbox 2442 4916 3994 4987">
     <span class='ocr_line' id='line_1_110' title="bbox 2442 4916 3994 4987; baseline 0.003 -24"><span class='ocrx_word' id='word_1_721' title='bbox 2442 4932 2458 4963; x_wconf 89' lang='grc' dir='ltr'><strong>ι</strong></span> <span class='ocrx_word' id='word_1_722' title='bbox 2498 4930 2619 4975; x_wconf 85' lang='grc' dir='ltr'>ποις</span> <span class='ocrx_word' id='word_1_723' title='bbox 2650 4916 2681 4982; x_wconf 75' lang='grc' dir='ltr'>ἢ</span> <span class='ocrx_word' id='word_1_724' title='bbox 2709 4917 2929 4968; x_wconf 77' lang='grc' dir='ltr'>ἄλσεσιν</span> <span class='ocrx_word' id='word_1_725' title='bbox 2983 4917 3015 4985; x_wconf 80' lang='grc' dir='ltr'>ἢ</span> <span class='ocrx_word' id='word_1_726' title='bbox 3057 4917 3294 4986; x_wconf 80' lang='grc' dir='ltr'>δένδροις</span> <span class='ocrx_word' id='word_1_727' title='bbox 3328 4918 3490 4969; x_wconf 72' lang='grc' dir='ltr'>παντὶ</span> <span class='ocrx_word' id='word_1_728' title='bbox 3530 4917 3716 4987; x_wconf 76' lang='grc' dir='ltr'>τρόπῳ</span> <span class='ocrx_word' id='word_1_729' title='bbox 3778 4917 3994 4983; x_wconf 76' lang='grc' dir='ltr'>ἐξαλει-</span> 
     </span>
    </p>
   </div>
   <div class='ocr_carea' id='block_1_111' title="bbox 2441 5006 2788 5072">
    <p class='ocr_par' dir='ltr' id='par_1_111' title="bbox 2441 5006 2788 5072">
     <span class='ocr_line' id='line_1_111' title="bbox 2441 5006 2788 5072; baseline 0.006 -18"><span class='ocrx_word' id='word_1_730' title='bbox 2441 5023 2457 5054; x_wconf 88' lang='grc' dir='ltr'><strong>ι</strong></span> <span class='ocrx_word' id='word_1_731' title='bbox 2508 5006 2732 5072; x_wconf 80' lang='grc' dir='ltr'>φθῶσιν.</span> <span class='ocrx_word' id='word_1_732' title='bbox 2771 5026 2788 5056; x_wconf 72' lang='grc' dir='ltr'><strong>ι</strong></span> 
     </span>
    </p>
   </div>
   <div class='ocr_carea' id='block_1_112' title="bbox 2505 5096 3996 5167">
    <p class='ocr_par' dir='ltr' id='par_1_112' title="bbox 2505 5096 3996 5167">
     <span class='ocr_line' id='line_1_112' title="bbox 2505 5096 3996 5167; baseline 0 -20"><span class='ocrx_word' id='word_1_733' title='bbox 2505 5096 2694 5149; x_wconf 81' lang='grc' dir='ltr'><strong>ΒΑΛΣ.</strong></span> <span class='ocrx_word' id='word_1_734' title='bbox 2723 5097 3132 5165; x_wconf 81' lang='grc' dir='ltr'>Παρακαλοῦσιν</span> <span class='ocrx_word' id='word_1_735' title='bbox 3152 5101 3197 5152; x_wconf 85' lang='grc' dir='ltr'><strong>οί</strong></span> <span class='ocrx_word' id='word_1_736' title='bbox 3228 5098 3470 5167; x_wconf 76' lang='grc' dir='ltr'>Πατέρες</span> <span class='ocrx_word' id='word_1_737' title='bbox 3493 5098 3617 5161; x_wconf 83' lang='grc' dir='ltr'>τοὺς</span> <span class='ocrx_word' id='word_1_738' title='bbox 3640 5098 3895 5165; x_wconf 83' lang='grc' dir='ltr'>βασιλεῖς,</span> <span class='ocrx_word' id='word_1_739' title='bbox 3927 5100 3996 5147; x_wconf 66' lang='grc' dir='ltr'>τὰ</span> 
     </span>
    </p>
   </div>
   <div class='ocr_carea' id='block_1_113' title="bbox 2433 5185 3998 5256">
    <p class='ocr_par' dir='ltr' id='par_1_113' title="bbox 2433 5185 3998 5256">
     <span class='ocr_line' id='line_1_113' title="bbox 2433 5185 3998 5256; baseline 0.001 -20"><span class='ocrx_word' id='word_1_740' title='bbox 2433 5186 2512 5236; x_wconf 83' lang='grc' dir='ltr'><strong>ἐτι</strong></span> <span class='ocrx_word' id='word_1_741' title='bbox 2545 5187 2956 5255; x_wconf 77' lang='grc' dir='ltr'>περιλειφθέντα</span> <span class='ocrx_word' id='word_1_742' title='bbox 2990 5188 3279 5256; x_wconf 84' lang='grc' dir='ltr'>ἀγάλματα</span> <span class='ocrx_word' id='word_1_743' title='bbox 3296 5187 3403 5238; x_wconf 83' lang='grc' dir='ltr'><strong>τῶν</strong></span> <span class='ocrx_word' id='word_1_744' title='bbox 3433 5185 3683 5248; x_wconf 77' lang='grc' dir='ltr'>εἰδώλων,</span> <span class='ocrx_word' id='word_1_745' title='bbox 3708 5188 3800 5237; x_wconf 72' lang='grc' dir='ltr'>καὶ</span> <span class='ocrx_word' id='word_1_746' title='bbox 3829 5186 3998 5237; x_wconf 82' lang='grc' dir='ltr'>ὁπου-</span> 
     </span>
    </p>
   </div>
   <div class='ocr_carea' id='block_1_114' title="bbox 2432 5276 3186 5347">
    <p class='ocr_par' dir='ltr' id='par_1_114' title="bbox 2432 5276 3186 5347">
     <span class='ocr_line' id='line_1_114' title="bbox 2432 5276 3186 5347; baseline 0.003 -19"><span class='ocrx_word' id='word_1_747' title='bbox 2432 5277 2626 5346; x_wconf 76' lang='grc' dir='ltr'>δήποτε</span> <span class='ocrx_word' id='word_1_748' title='bbox 2650 5277 2774 5330; x_wconf 82' lang='grc' dir='ltr'>ὅντα</span> <span class='ocrx_word' id='word_1_749' title='bbox 2794 5276 3186 5347; x_wconf 64' lang='grc' dir='ltr'>ἐξαλειφθῆναι.</span> 
     </span>
    </p>
   </div>
   <div class='ocr_carea' id='block_1_115' title="bbox 2505 5369 3993 5439">
    <p class='ocr_par' dir='ltr' id='par_1_115' title="bbox 2505 5369 3993 5439">
     <span class='ocr_line' id='line_1_115' title="bbox 2505 5369 3993 5439; baseline 0 -20"><span class='ocrx_word' id='word_1_750' title='bbox 2505 5369 2750 5424; x_wconf 74' lang='grc' dir='ltr'><strong>ΖΩΝΑΡ.</strong></span> <span class='ocrx_word' id='word_1_751' title='bbox 2779 5371 2885 5421; x_wconf 77' lang='grc' dir='ltr'><strong>Καὶ</strong></span> <span class='ocrx_word' id='word_1_752' title='bbox 2915 5369 3007 5421; x_wconf 80' lang='grc' dir='ltr'>τοῦ</span> <span class='ocrx_word' id='word_1_753' title='bbox 3040 5369 3405 5438; x_wconf 82' lang='grc' dir='ltr'>εὐαγγελικοῦ</span> <span class='ocrx_word' id='word_1_754' title='bbox 3460 5370 3814 5439; x_wconf 73' lang='grc' dir='ltr'>κηρύγματος</span> <span class='ocrx_word' id='word_1_755' title='bbox 3852 5371 3993 5420; x_wconf 72' lang='grc' dir='ltr'>πλαο</span> 
     </span>
    </p>
   </div>
   <div class='ocr_carea' id='block_1_116' title="bbox 2430 5460 3991 5529">
    <p class='ocr_par' dir='ltr' id='par_1_116' title="bbox 2430 5460 3991 5529">
     <span class='ocr_line' id='line_1_116' title="bbox 2430 5460 3991 5529; baseline -0.001 -19"><span class='ocrx_word' id='word_1_756' title='bbox 2430 5460 2736 5523; x_wconf 81' lang='grc' dir='ltr'>τυνθέντος,</span> <span class='ocrx_word' id='word_1_757' title='bbox 2768 5461 2847 5512; x_wconf 74' lang='grc' dir='ltr'><strong>ἐτι</strong></span> <span class='ocrx_word' id='word_1_758' title='bbox 2908 5460 3134 5529; x_wconf 72' lang='grc' dir='ltr'>λείψανα</span> <span class='ocrx_word' id='word_1_759' title='bbox 3189 5461 3287 5528; x_wconf 88' lang='grc' dir='ltr'><strong>τῆς</strong></span> <span class='ocrx_word' id='word_1_760' title='bbox 3345 5460 3795 5527; x_wconf 78' lang='grc' dir='ltr'>είδωλολατρείας</span> <span class='ocrx_word' id='word_1_761' title='bbox 3844 5461 3991 5517; x_wconf 74' lang='grc' dir='ltr'>τινὰ,</span> 
     </span>
    </p>
   </div>
   <div class='ocr_carea' id='block_1_117' title="bbox 2432 5544 3997 5619">
    <p class='ocr_par' dir='ltr' id='par_1_117' title="bbox 2432 5544 3997 5619">
     <span class='ocr_line' id='line_1_117' title="bbox 2432 5544 3997 5619; baseline -0.003 -18"><span class='ocrx_word' id='word_1_762' title='bbox 2432 5552 2600 5619; x_wconf 71' lang='grc' dir='ltr'>ἤγουν</span> <span class='ocrx_word' id='word_1_763' title='bbox 2630 5549 3147 5618; x_wconf 81' lang='grc' dir='ltr'>ἐγκαταλείμματα,</span> <span class='ocrx_word' id='word_1_764' title='bbox 3166 5550 3652 5619; x_wconf 82' lang='grc' dir='ltr'>περιελιμπάνοντο</span> <span class='ocrx_word' id='word_1_765' title='bbox 3674 5564 3687 5578; x_wconf 76' lang='grc' dir='ltr'><strong>ο</strong></span> <span class='ocrx_word' id='word_1_766' title='bbox 3726 5544 3997 5610; x_wconf 73' lang='grc' dir='ltr'>ἐσώζοντο</span> 
     </span>
    </p>
   </div>
   <div class='ocr_carea' id='block_1_118' title="bbox 2432 5639 3995 5708">
    <p class='ocr_par' dir='ltr' id='par_1_118' title="bbox 2432 5639 3995 5708">
     <span class='ocr_line' id='line_1_118' title="bbox 2432 5639 3995 5708; baseline -0.002 -16"><span class='ocrx_word' id='word_1_767' title='bbox 2432 5642 2524 5692; x_wconf 58' lang='grc' dir='ltr'><strong>κη).</strong></span> <span class='ocrx_word' id='word_1_768' title='bbox 2567 5642 2857 5707; x_wconf 78' lang='grc' dir='ltr'>ἀγάλματα</span> <span class='ocrx_word' id='word_1_769' title='bbox 2881 5642 2973 5690; x_wconf 80' lang='grc' dir='ltr'>καὶ</span> <span class='ocrx_word' id='word_1_770' title='bbox 3007 5640 3178 5708; x_wconf 77' lang='grc' dir='ltr'><strong>βωμοὶ</strong></span> <span class='ocrx_word' id='word_1_771' title='bbox 3212 5643 3267 5693; x_wconf 90' lang='grc' dir='ltr'><strong>ἐν</strong></span> <span class='ocrx_word' id='word_1_772' title='bbox 3316 5639 3594 5707; x_wconf 73' lang='grc' dir='ltr'>διαφόροις</span> <span class='ocrx_word' id='word_1_773' title='bbox 3654 5639 3842 5699; x_wconf 82' lang='grc' dir='ltr'>τόποις</span> <span class='ocrx_word' id='word_1_774' title='bbox 3900 5640 3995 5689; x_wconf 72' lang='grc' dir='ltr'><strong>καὶ</strong></span> 
     </span>
    </p>
   </div>
   <div class='ocr_carea' id='block_1_119' title="bbox 2436 5719 3991 5800">
    <p class='ocr_par' dir='ltr' id='par_1_119' title="bbox 2436 5719 3991 5800">
     <span class='ocr_line' id='line_1_119' title="bbox 2436 5719 3991 5800; baseline -0.005 -15"><span class='ocrx_word' id='word_1_775' title='bbox 2436 5734 2639 5785; x_wconf 56' lang='grc' dir='ltr'>ἄλσεσι.</span> <span class='ocrx_word' id='word_1_776' title='bbox 2688 5732 2821 5797; x_wconf 63' lang='grc' dir='ltr'>Περὶ</span> <span class='ocrx_word' id='word_1_777' title='bbox 2851 5729 3042 5783; x_wconf 74' lang='grc' dir='ltr'>τούτου</span> <span class='ocrx_word' id='word_1_778' title='bbox 3071 5732 3209 5794; x_wconf 74' lang='grc' dir='ltr'><strong>Εδς-ξε</strong></span> <span class='ocrx_word' id='word_1_779' title='bbox 3239 5734 3353 5793; x_wconf 86' lang='grc' dir='ltr'>τοῖς</span> <span class='ocrx_word' id='word_1_780' title='bbox 3412 5719 3691 5798; x_wconf 76' lang='grc' dir='ltr'>Πατράσιν</span> <span class='ocrx_word' id='word_1_781' title='bbox 3738 5732 3991 5800; x_wconf 66' lang='lat' dir='ltr'><strong>{moqu-</strong></span> 
     </span>
    </p>
   </div>
  </div>
