4212 6440
244 374 351 436 309
1228 384 1308 443 IN
1347 384 1512 446 CAN.
1546 387 1839 448 LXXXIX
1882 388 2089 450 (ΣΟΝᾷ
2133 391 2511 452 CARTHAG.
3362 403 3469 465 310

326 510 343 537 ε
383 488 655 556 ποτέρως
711 490 1195 558 χειροτονηθέντας
1231 495 1307 560 μὴ
1342 494 1548 563 τολμᾷν
1576 495 1805 555 laurei»;
1836 498 1882 551 Α
1985 522 1989 544 ι

1836 498 1882 551 Α
1985 516 2002 547 s
2037 506 2161 550 sunt
2192 499 2462 564 prioribus
2495 512 2552 553 se
2606 514 2711 554 non
2746 503 2979 558 audeant
3006 517 3334 575 praponere.
3366 509 3474 563 Va-

321 598 341 629 s
381 580 660 647 προτιμᾷν
692 580 804 634 τῶν
827 581 1128 649 προτέρων.
1165 582 1482 647 Βαλεντίνος
1510 584 1807 647 έπισιιοπος

1995 604 2011 636 ι
2045 586 2283 639 lontinus
2313 587 2600 655 episcopus
2629 588 2767 642 dixit
2796 606 2850 641 :.
2870 590 2927 643 Si
2960 602 3152 645 vestrae
3201 595 3473 661 patientia:

317 686 341 717 ε
380 661 570 719 εἶπεν·
606 666 680 719 Τὸ
726 667 933 734 ἀγαθὸν
976 672 1076 737 τῆς
1111 670 1385 739 ὑμετέρας
1435 671 1806 736 ἀνεξικακίας,

1986 693 2006 726 ε
2044 679 2242 729 bonum
2278 677 2570 744 permittat,
2622 678 2812 731 ordine
2864 683 3095 735 narrabo
3142 696 3258 747 qua:
3307 685 3470 750 priori

325 774 347 806 s
382 755 479 808 έὰν
511 756 808 824 έπιτρέπῃ,
838 756 1146 819 ἀκολούθως
1169 759 1506 827 έξηγήσομαι
1534 762 1599 812 τὰ
1641 763 1699 813 έν
1730 760 1806 827 τῷ
1982 791 1988 808 .

1982 786 1998 815 ‹
2034 774 2274 833 tempore
2310 766 2362 818 in
2410 766 2916 835 Carthaginiensium
2950 767 3185 821 Ecclesia
3226 771 3386 838 facta,
3419 783 3470 827 et

321 864 341 894 ε
378 845 707 912 προλαϐόντι
740 846 917 915 χρόνῳ
957 848 1038 909 εις
1072 848 1171 914 τὴν
1206 848 1595 917 Καρχηδονίων
1613 850 1809 918 έκκλη-

1805 880 1809 890 ι
1989 857 2199 910 «etiam
2260 858 2385 909 dum
2445 855 2670 909 fratrum
2725 858 3209 925 subscriptionibus
3285 874 3468 931 aperte

319 954 339 984 ε
380 935 502 988 σίαν
554 936 887 1005 πραχθέντα,
932 938 1028 991 καὶ
1065 939 1188 1002 ταις
1236 938 1346 992 τῶν
1383 938 1631 1007 ἀδελφῶν
1674 942 1810 993 ὑπο·

1800 968 1810 981 -
1988 966 2005 999 t
2037 949 2351 1004 conlirmata
2388 959 2532 1013 sunt,
2567 959 2621 1003 et
2666 966 2762 1005 nos
2793 963 3101 1006 servaturos
3155 956 3463 1020 proﬁtebor,

319 1043 340 1075 ε
378 1029 619 1095 γραφαῖς
672 1028 923 1096 φανερῶς
983 1029 1324 1097 κυρωθέντα,
1386 1031 1479 1082 καὶ
1528 1032 1675 1100 ἡμᾶς
1728 1031 1809 1083 [τι

1798 1048 1809 1082 ι
1988 1058 2004 1088 ε
2040 1038 2171 1093 Illud
2205 1040 2387 1108 itaque
2433 1042 2632 1094 scimus
2682 1041 2991 1093 inviolatam
3038 1043 3461 1098 ecclesiasticam

317 1132 338 1164 s
375 1115 471 1167 νῦν
526 1115 861 1181 φυλάξοντας
941 1118 1285 1187 ὁμολογήσω.
1354 1120 1567 1173 Ἐκεῖνο
1623 1122 1809 1173 τοίνυν

1799 1138 1809 1170 ι
1988 1146 2005 1177 ε
2040 1144 2253 1196 semper
2282 1130 2485 1183 servari
2536 1130 2896 1197 disciplinam,
2956 1134 3030 1185 ita
3083 1145 3140 1187 ut
3186 1137 3363 1191 nullus
3395 1154 3462 1193 es

314 1222 334 1251 s
370 1204 710 1270 ἐπιστάμεθα
740 1204 1001 1274 ἀμίαντον
1041 1206 1130 1259 ἀεὶ
1180 1208 1280 1276 τὴν
1336 1208 1805 1278 έκκλησιαστικὴν

1803 1229 1805 1246 '
1978 1237 1995 1269 ι
2028 1218 2287 1272 fratribus
2331 1220 2521 1273 audeat
2554 1235 2788 1288 unquam
2819 1236 2877 1275 se
2910 1222 2976 1275 iis
3009 1238 3341 1290 praponere,
3378 1229 3466 1295 qui

301 1312 322 1343 s
362 1293 726 1360 φυλάττεσθαι
764 1294 1097 1347 κατάστασιν
1126 1296 1315 1357 οὕτως.
1364 1299 1439 1360 ὼς
1473 1299 1679 1368 μηδένα
1699 1299 1809 1351 τῶν

1802 1318 1809 1345 ν
1996 1329 2012 1359 ε
2040 1318 2165 1361 ante
2192 1310 2366 1377 ipsum
2400 1309 2653 1364 fuerunt:
2707 1311 2797 1364 sed
2832 1321 2886 1364 et
2916 1327 3032 1376 qua:
3063 1316 3348 1371 citaritatis
3378 1293 3465 1370 or-

314 1402 333 1433 ε
374 1383 622 1450 ἀδελφῶν
646 1385 848 1453 τολμᾷν
874 1386 1067 1439 ἑαυτὸν
1108 1390 1385 1456 προτιμᾷν
1409 1404 1538 1439 ποτε
1566 1388 1675 1443 τῶν
1703 1391 1809 1457 πρὸ

1803 1412 1809 1438 ι
1985 1416 2003 1449 ε
2034 1398 2247 1453 dinibus
2276 1413 2490 1466 semper
2518 1398 2788 1467 prioribus
2824 1402 3043 1467 praebita
3070 1414 3216 1468 sunt,
3244 1419 3305 1459 ea
3338 1420 3466 1460 con-

319 1492 336 1520 ε
380 1471 545 1523 αὑτοῦ
568 1488 580 1502 ·
612 1472 745 1524 ἀλλὰ
777 1475 867 1527 καὶ
894 1473 931 1526 ἃ
967 1477 1083 1537 ταῖς
1147 1475 1248 1543 τῆς
1304 1474 1523 1543 ἀγάπης
1590 1477 1808 1540 τάξεσιν

1998 1507 2015 1539 ε
2061 1498 2349 1556 sequentes
2375 1488 2606 1542 libenter
2638 1501 3013 1557 susceperunt.
3046 1491 3198 1548 Hunc
3222 1509 3349 1564 ergo
3384 1511 3471 1549 or-

322 1582 341 1611 s
383 1562 471 1614 ἀεὶ
500 1563 815 1631 παρεσχέθη
846 1565 959 1625 τοῐς
1009 1564 1323 1633 προτέροιςο
1352 1562 1495 1633 Imp
1528 1565 1578 1615 oi
1611 1565 1807 1616 ιπαιιο-
1974 1598 1985 1629 ε

1805 1594 1807 1602 λ
1974 1598 1991 1629 ε
2022 1579 2199 1631 dinem
2248 1578 2453 1644 lubebit
2491 1586 2669 1631 vestra
2720 1581 2979 1633 sanctitas
3044 1583 3233 1636 melius
3269 1562 3468 1638 nostris

314 1672 333 1703 s
376 1652 690 1713 λουθοῦντες
710 1653 1011 1721 χαριέντως
1048 1653 1425 1717 κατεδέξαντο.
1469 1653 1687 1721 Ταύτην
1714 1651 1807 1707 οὖν

1806 1672 1807 1689 ‘
1982 1687 2000 1718 ι
2037 1667 2541 1721 interlocutionibus
2593 1669 2856 1722 roborari.
2890 1672 3137 1724 Aurelius
3182 1673 3469 1740 episcopus

314 1758 337 1786 ο
372 1741 526 1804 τάξιν
566 1740 810 1794 κελεύσει
836 1743 869 1811 ἠ
904 1742 1141 1811 ὑμετέρα
1164 1744 1441 1813 άγιωσύνη
1482 1748 1806 1813 κρειττόνως
1836 1801 1880 1826 ι,

1803 1763 1806 1771 ’
1836 1801 1880 1826 ,,
1983 1776 2002 1809 ι
2035 1757 2210 1812 dixit:
2244 1755 2362 1809 Non
2392 1756 2670 1823 Oportebat
2696 1770 2793 1809 nos
2827 1757 2941 1811 hac
2961 1758 3173 1824 quidem
3204 1771 3466 1826 repetere,

312 1851 329 1879 s
373 1801 492 1892 ταίς
518 1830 819 1917 ἡμετέραις
852 1801 1159 1895 διαλαλιαῐς
1186 1801 1805 1904 βέσαιῶσαι.’Δῦρήλιος
1836 1801 1881 1861 Β

1986 1801 2001 1809 -
2036 1801 2170 1812 ..._.-
2196 1801 2210 1809 .
2246 1801 2362 1809 υ-..
2394 1801 2670 1823 τμη-π-
2698 1801 2792 1809 -.η
2828 1801 2940 1811 .-.η
2965 1801 3173 1824 νων...
3206 1801 3431 1826 .ν,.,....,
3453 1802 3467 1823 ,

1836 1801 1881 1861 Β
1992 1867 2008 1899 ι
2040 1847 2139 1910 nisi
2178 1846 2316 1900 forte
2344 1847 2519 1899 minus
2544 1846 2905 1914 intelligibiles
2937 1848 3290 1913 quorumdam
3328 1852 3473 1917 engi-

316 1939 336 1969 s
376 1922 673 1983 έπξσκοπος
712 1915 864 1973 εἶπεν
886 1937 901 1953 ο
969 1923 1081 1975 Οὐκ
1113 1924 1282 1993 εχρῆν
1316 1925 1413 1993 μὶν
1442 1925 1613 1978 ταῦτα
1655 1928 1801 1995 ἡμᾶς

1991 1958 2009 1989 ε
2041 1938 2272 1992 lationes
2320 1944 2520 1990 exorta
2561 1946 2758 2002 essent,
2792 1952 2909 2004 qua:
2943 1947 3159 1991 nostros
3190 1953 3380 1993 sensus
3399 1915 3473 1992 ad

321 2030 342 2061 s
377 2010 877 2080 ιπαναλαμδάνειν,
906 2013 955 2064 si
979 2011 1055 2082 μὴ
1083 2014 1242 2083 τυχὸν
1288 2015 1651 2082 άκατανδητοι
1686 2015 1807 2068 διά-

1990 2048 2007 2080 ε
2043 2030 2156 2083 bac
2185 2028 2400 2083 decreta
2432 2026 2752 2081 excitarent.
2790 2026 2895 2080 Sed
2923 2027 3045 2095 quia
3082 2028 3195 2083 haec
3230 2042 3473 2082 commu-

372 2100 514 2152 νοιαί
565 2116 726 2153 τινων
770 2100 1107 2171 άνεφύησαν,
1155 2105 1213 2156 αι
1275 2106 1414 2174 πρὸς
1468 2106 1594 2168 τοὺς
1646 2108 1805 2177 ὅρους
1995 2140 2013 2171 ι

1995 2140 2013 2171 s
2049 2122 2133 2175 nis
2185 2133 2352 2173 causa
2406 2126 2508 2183 est,
2563 2133 2724 2185 quam
2772 2132 2914 2172 nunc
2947 2120 3183 2173 ostendit
3229 2119 3396 2172 frater
3421 2131 3476 2173 et

328 2210 349 2240 s
386 2191 613 2252 τούτους
664 2190 764 2253 τὰς
817 2192 1089 2262 ἡμετέρας
1163 2194 1447 2266 αἰσθήσεις
1495 2196 1802 2262 ὀξύνουσαι.

1992 2229 2008 2261 ι
2042 2208 2320 2275 coadjutor
2350 2218 2552 2273 noster,
2584 2209 2952 2278 unusquisque
3002 2220 3243 2263 nostrum
3276 2225 3476 2277 cogno.

314 2302 334 2333 s
386 2282 527 2335 Ἀλλ’
563 2282 750 2351 έπειδὴ
779 2282 921 2354 αῦτη
971 2286 1125 2355 κοινή
1158 2286 1312 2339 έστιν
1370 2287 1546 2355 αἰτία,
1589 2290 1657 2359 ἢν
1709 2288 1806 2342 νῦν

1992 2322 2009 2353 ε
2045 2312 2159 2355 seat
2184 2301 2427 2355 ordinem
2460 2300 2561 2355 sibi
2590 2316 2617 2354 a
2651 2300 2757 2356 Deo
2788 2302 3089 2365 decretum,
3119 2311 3173 2355 et
3206 2312 3263 2354 ut
3290 2310 3470 2369 poste-

309 2393 332 2423 ε
374 2374 689 2439 ένεφάνισεν
719 2375 748 2427 δ
780 2374 1010 2443 ἁδελφὸς
1038 2376 1133 2428 καὶ
1168 2377 1580 2449 συλλειτουργδς
1614 2382 1801 2449 ἡμῶν,

1991 2410 2007 2441 ι
2037 2391 2205 2443 riores
2238 2389 2507 2458 prioribus
2553 2389 2820 2452 deferant,
2853 2399 2908 2442 et
2941 2405 3045 2443 non
3080 2392 3310 2443 audeant
3338 2404 3475 2459 pras-

324 2482 343 2513 s
383 2463 522 2515 ώστε
554 2462 781 2517 ἕκαστον
808 2464 963 2533 ὴμῶν
991 2468 1379 2533 επιγινώσκειν
1402 2470 1500 2539 τὴν
1530 2473 1680 2541 παρὰ
1708 2472 1803 2525 τοῦ

1993 2499 2010 2531 ι
2043 2489 2124 2533 ιοι·
2153 2492 2337 2533 eorum
2392 2480 2711 2532 sententiam
2759 2478 2965 2546 aliquid
3004 2494 3244 2546 _unquam
3294 2494 3473 2546 agere,

316 2568 333 2598 ι
376 2547 515 2601 Θεοῦ
547 2549 911 2618 ψηφισθεὶσαν
937 2553 1085 2623 αὐτῷ
1112 2554 1291 2619 τάξιν,
1346 2557 1441 2608 καὶ
1483 2558 1569 2611 ἵνα
1600 2559 1651 2611 oi
1706 2578 1804 2630 με·

1994 2588 2013 2620 ι
2050 2577 2328 2637 propterea
2362 2566 2504 2629 dico,
2552 2552 3017 2635 quemadmodum"
3046 2568 3174 2619 ιιιίΙιί
3228 2569 3371 2619 venit
3423 2567 3472 2618 in

316 2660 337 2691 ε
378 2641 759 2711 ταγενὲστεροι
805 2647 916 2705 τοῖς
970 2646 1253 2715 προτέροις
1298 2647 1665 2717 άναφέρωσιν,
1713 2653 1805 2704 καὶ

1992 2678 2009 2709 ε
2043 2666 2301 2723 mentem,
2324 2658 2415 2726 qtti
2438 2664 2796 2711 contemnunt
2825 2656 2949 2711 illos
2974 2658 3063 2725 qui
3094 2664 3216 2709 ante
3248 2672 3303 2710 se
3325 2666 3474 2716 sunt.

322 2748 343 2781 ε
389 2729 469 2799 μὴ
508 2730 849 2799 τολμήσωσιν
876 2734 1025 2801 παρά
1048 2736 1273 2805 γνώμην
1323 2738 1529 2791 τούτων
1577 2741 1629 2792 τί
1674 2757 1804 2793 ποτε

1990 2768 2008 2801 ε
2040 2758 2094 2804 et
2127 2750 2306 2815 aliqua
2369 2757 2569 2802 temere
2603 2750 2822 2811 audent,
2858 2762 2953 2802 eos
2989 2748 3374 2801 convenienter
3408 2748 3473 2799 ab

319 2839 338 2869 ε
378 2821 669 2888 πράττειν·
703 2823 789 2873 διὰ
829 2822 988 2876 τοῦτο
1006 2824 1169 2891 λέγω,
1194 2825 1371 2889 καθὼς
1398 2829 1489 2880 τὸν
1511 2828 1641 2897 εμδν
1676 2830 1809 2883 ὐπο-

1990 2859 2008 2890 ε
2044 2841 2190 2894 omni
2239 2841 2441 2909 synodo
2475 2839 2806 2892 coercendos
2840 2854 2979 2892 esse.
3034 2838 3339 2905 Xantippus
3366 2837 3477 2902 epi-

321 2930 338 2959 ε
379 2913 564 2979 τρέχει
616 2912 899 2981 λογισμὸν,
963 2916 1087 2976 τοὺς
1152 2918 1629 2987 καταφρονοῦντας
1691 2920 1805 2972 τῶν

1991 2948 2009 2981 ι
2040 2944 2233 2997 sc0pus
2263 2930 2448 2996 prima
2474 2926 2740 2979 cathedrae
2772 2926 3035 2979 Numidia:
3062 2927 3227 2979 dixit:
3261 2926 3479 2979 Audit-it

324 3022 347 3053 ε
389 3004 497 3071 πρὸ
520 3004 721 3067 αὐτῶν,
750 3005 844 3057 καί
879 3022 997 3059 τινα
1026 3007 1472 3077 άποτολμῶντας,
1498 3011 1802 3075 κωλυτέους

2001 3039 2017 3071 s
2047 3019 2288 3072 omnium
2317 3018 2546 3070 l’ratrum
2578 3017 2865 3084 praesentia
2901 3016 3333 3084 prosecutiouem
3371 3015 3478 3068 fra-

321 3113 340 3141 ε
381 3094 654 3163 ἁρμοδίως
683 3090 823 3146 εἶναι
874 3095 983 3146 ἀπὸ
1032 3096 1217 3164 πάσης
1250 3099 1350 3167 τῆς
1391 3100 1629 3153 συνόδου.
1671 3098 1812 3153 Ξάν-
1838 3113 1882 3170 c

1838 3113 1882 3170 C
1995 3129 2011 3160 ι
2047 3110 2144 3161 tris
2177 3116 2231 3160 ct
2281 3106 2679 3159 consacerdOtis
2732 3106 2900 3158 nostri
2936 3105 3178 3158 Aurelii:
3234 3105 3359 3174 quid
3414 3107 3476 3158 ad

324 3203 343 3234 s
384 3182 587 3244 θιππος
647 3182 945 3247 έπισκοπος
991 3185 1091 3253 τῆς
1130 3186 1356 3257 πρώτης
1412 3188 1681 3261 καθέδρας
1711 3192 1813 3261 τῆς

1808 3210 1813 3251 .'
1996 3218 2013 3249 ι
2049 3201 2163 3251 hac
2216 3196 2607 3263 respondetur?
2660 3195 2943 3249 Diatimius
2975 3197 3257 3264 ερῐεςονιιε
3304 3197 3471 3250 dixit:

319 3293 339 3325 s
385 3275 706 3346 Νουμηδιας
761 3272 956 3330 εἶπεν·
1012 3278 1286 3332 Ἤκουσεν
1333 3282 1365 3351 ἡ
1431 3282 1652 3336 πάντων
1702 3284 1809 3336 τῶν

1993 3309 2009 3339 ι
2042 3289 2168 3354 Quae
2200 3287 2269 3340 ab
2302 3286 2645 3355 antiquorum
2700 3284 2955 3354 suﬂ‘ragio
2988 3287 3205 3340 definita
3240 3297 3385 3349 sunt,
3414 3304 3475 3339 ea

320 3386 341 3418 ε
384 3367 628 3436 ἀδελφῶν
655 3370 933 3439 παρουσία
949 3370 1047 3442 τὴν
1078 3372 1504 3442 έξαιιολούθητιν
1536 3374 1629 3427 τοῦ
1662 3376 1813 3428 ἁδελ-

1812 3410 1813 3413 η
1996 3399 2011 3429 ι
2044 3388 2221 3431 vestro
2253 3376 2544 3432 consensui
2582 3376 2862 3430 tradentur
2891 3392 2904 3427 :
2942 3384 2999 3428 ut
3045 3391 3162 3441 qua:
3194 3378 3475 3429 continen-

319 3477 339 3506 s
385 3456 486 3524 φοῦ
525 3460 619 3510 καὶ
644 3461 1002 3529 συνιερεσέως
1057 3462 1217 3531 ἡμῶν
1249 3462 1552 3531 Δύρηλέου,
1586 3467 1639 3517 τί
1670 3466 1810 3535 πρὸς

1990 3487 2007 3519 ι
2041 3478 2131 3522 tur
2184 3470 2234 3520 in
2267 3468 2401 3520 actis
2434 3466 2672 3534 priorum
2704 3465 3034 3535 synodornm
3089 3466 3140 3517 in
3191 3465 3476 3535 Carthagi-

323 3565 342 3595 s
380 3547 553 3601 ταῦτα
575 3548 967 3618 ἀποκρίνεται;
1004 3551 1273 3618 Διοτιμιος
1308 3555 1608 3615 έπίσκοπος
1634 3551 1809 3608 εἵπενο

1800 3568 1809 3585 ’
1992 3580 2008 3610 ε
2041 3558 2191 3611 nensi
2224 3556 2483 3618 Ecclesia,
2535 3562 2714 3609 vestro
2761 3567 3025 3607 consensu
3062 3554 3216 3621 plene
3250 3556 3463 3607 ﬁrmata

322 3655 343 3683 ε
384 3635 465 3686 Τά
489 3636 635 3704 παρὰ
664 3640 762 3707 τῆς
793 3636 973 3707 ψήφου
995 3655 1026 3691 τ
1045 3642 1103 3692 ’ν
1146 3642 1389 3710 ἀρχαίων
1418 3644 1704 3713 ὁρισθέντα
1732 3650 1802 3717 τῇ

1993 3668 2010 3699 ι
2038 3648 2176 3713 apud
2209 3659 2399 3699 omnes
2445 3652 2749 3698 serventur.
2795 3642 2996 3696 Omnes
3043 3643 3285 3709 episcopi
3318 3642 3472 3694 dise-

324 3743 345 3773 ε
384 3724 625 3795 ὑμετέρᾳ
659 3727 964 3781 συναινέσει
1017 3730 1372 3800 έκδοθήσεται
1398 3747 1415 3764 ⁸
1467 3735 1557 3788 ῐνα
1601 3735 1672 3787 τὰ
1720 3753 1819 3789 πε-

1806 3764 1819 3776 -
1996 3756 2014 3787 ε
2048 3746 2175 3790 runt
2202 3754 2214 3789 :
2245 3734 2363 3801 Ipse
2391 3732 2524 3786 ordo
2553 3745 2581 3783 a
2617 3730 2869 3784 Patribus
2900 3740 2953 3783 et
2988 3731 3055 3783 ab
3087 3730 3321 3797 antiquis
3356 3745 3469 3783 scr—

328 3833 347 3865 ε
388 3815 683 3883 ριεχόμςνα
734 3820 847 3879 τοῖς
903 3823 1321 3887 πεπραγμένοις
1377 3822 1487 3875 τῶν
1535 3826 1816 3895 προτέρων

1812 3847 1816 3868 ι
1994 3846 2012 3878 ι
2042 3836 2197 3878 vatus
2213 3832 2317 3884 est,
2346 3831 2399 3874 et
2422 3836 2451 3875 a
2481 3821 2636 3874 nobis
2656 3820 2747 3873 Dei
2771 3821 3122 3887 permissione
3149 3822 3475 3881 servabitur,

322 3925 343 3955 s
388 3907 623 3959 συνόδων
652 3909 709 3959 έν
728 3910 796 3977 τῇ
820 3912 877 3961 έν
908 3911 1217 3980 Καρχηδόνι
1245 3912 1514 3984 έκιλησίᾳ
1547 3915 1690 3969 κατὰ
1713 3918 1814 3986 τὴν

1807 3936 1814 3964 ι
1996 3932 2014 3965 ε
2046 3920 2261 3967 servato
2289 3909 2470 3977 utique
2496 3907 2616 3977 iure
2638 3910 2925 3977 primatum
2953 3908 3212 3962 Numidiae
3242 3922 3295 3962 et
3327 3909 3470 3961 Mau-

328 4014 346 4044 ε
391 3995 663 4065 ὑμετέραν
723 4000 1031 4052 συναινεσιν
1099 4002 1555 4072 πεπληρωμέναις
1620 4006 1811 4075 βέϐαια

1994 4022 2011 4055 ε
2048 4004 2255 4057 ritania:
2283 4016 2347 4054 ex
2373 4001 2546 4053 indice
2569 4008 2623 4052 et
2652 3999 2930 4054 matricula
2960 3997 3240 4053 Numidiae.
3279 3997 3476 4055 Deinde

328 4105 349 4135 ε
393 4086 542 4156 παρὰ
570 4088 704 4139 πᾶσι
760 4088 1128 4157 φυλαχθῶσιν.
1168 4090 1488 4159 Σύμπαντις
1515 4096 1563 4148 oi
1594 4097 1819 4151 έπεσιιο-

1814 4126 1819 4138 ι
1992 4114 2010 4146 ε
2044 4092 2251 4162 placuit
2296 4090 2546 4143 omnibus
2586 4089 2875 4158 episcOpis,
2931 4091 3022 4159 qui
3052 4091 3103 4142 in
3138 4090 3237 4143 liae
3271 4092 3477 4158 synodo

323 4194 345 4226 s
390 4193 485 4228 ποι
518 4173 705 4230 εἴπονο
748 4178 809 4231 'H
852 4180 1003 4243 τάξις
1066 4182 1205 4251 αὕτη
1247 4184 1355 4236 άπδ
1388 4185 1497 4237 τῶν
1552 4188 1812 4259 Πατέρων

1994 4180 2493 4247 «subscripserunt,
2558 4186 2617 4230 ut
2678 4177 2959 4231 matricula
3017 4186 3073 4231 et
3126 4177 3475 4247 archetypum

324 4284 345 4316 s
385 4266 478 4318 καὶ
513 4267 620 4319 ἀπὸ
644 4266 758 4319 τῶν
779 4269 1020 4338 ἀρχαιων
1061 4270 1366 4339 ιφυλάχθη,
1410 4274 1502 4327 καὶ
1532 4275 1625 4343 ἀφ’
1656 4278 1812 4345 ἡμῶν

1995 4294 2012 4324 ε
2044 4271 2307 4326 Numidia
2366 4268 2437 4322 sit
2492 4270 2653 4322 etiam
2714 4270 2764 4321 in
2821 4270 2993 4338 prima
3022 4268 3305 4333 cathedra,
3336 4277 3390 4321 et
3425 4270 3478 4321 in

324 4377 344 4407 s
389 4356 527 4411 κατὰ
553 4357 901 4427 συγχώρησιν
931 4357 1067 4411 Θεοῦ
1117 4350 1526 4429 φυλαχθήσεται
1576 4366 1813 4430 σωζομέ-

1126 4350 1526 4429 φυλαχθήσεται
1576 4366 1813 4430 σωζομέ-
1992 4382 2011 4414 ε
2047 4360 2325 4429 metropoli
2355 4359 2734 4415 Constantina.
2771 4378 2789 4410 ι

326 4464 347 4495 ε
386 4462 479 4499 νου
545 4447 626 4499 Its
703 4448 812 4517 μὴν
856 4446 951 4500 τοῦ
990 4449 1197 4501 δικαίου
1230 4449 1338 4502 τῶν
1378 4454 1773 4517 πρωτευόντων
1841 4457 1938 4524 τῆς
2007 4450 2335 4519 Νουμηδξας
2366 4450 2461 4501 καὶ
2510 4448 2910 4516 Μαυριτανεας,
2961 4450 3023 4500 ix
3057 4449 3149 4500 τοῦ
3229 4448 3479 4516 χαρτοθε-

326 4557 347 4589 ί
392 4538 508 4590 σίου
543 4537 639 4590 καὶ
693 4539 982 4607 ματρικίου
1033 4539 1133 4609 τῆς
1220 4540 1565 4609 Νουμηδιας.
1637 4546 1869 4598 Ἔπειτα
1945 4546 2111 4611 ἤρεσε
2156 4542 2288 4593 πᾶσι
2318 4540 2428 4598 τοῖς
2502 4538 2821 4605 έπισκὸποις
2875 4540 2985 4597 τοῖς
3052 4540 3109 4589 έν
3178 4538 3349 4605 ταύτη
3411 4538 3478 4602 τῇ

325 4647 345 4677 ε
389 4626 591 4695 συνόδῳ
649 4628 1049 4697 ὑπογράψασιν,
1110 4629 1196 4681 ἴνα
1244 4630 1307 4682 τὸ
1375 4632 1665 4702 ματρειιιον
1720 4636 1813 4687 καὶ
1878 4634 2186 4704 ἀρχέτυπον
2256 4629 2355 4699 τῆς
2422 4627 2735 4697 Νουμηδίας
2789 4627 2884 4679 καὶ
2944 4628 3023 4691 εἰς
3087 4627 3187 4697 τὴν
3253 4630 3478 4698 πρώτην

332 4736 352 4767 ε
392 4715 661 4787 καθέδραν
686 4711 741 4787 ᾖ.
768 4717 861 4770 καὶ
891 4720 970 4780 εἰς
1001 4718 1100 4788 τὴν
1132 4720 1470 4789 μητρόπολιν
1521 4724 1955 4778 Κωνσταντινσν.
1992 4742 2010 4775 s

323 4808 523 4861 ΒΑΛΣ.
568 4809 655 4872 ὀς
684 4810 876 4875 ἔοικεν,
905 4811 1005 4863 οὐκ
1030 4812 1337 4881 έτάκθησαν
1371 4812 1477 4876 lat,
1506 4816 1628 4869 οὐδὲ
1667 4815 1809 4883 ὡρί-
1848 4820 1892 4878 D

1848 4820 1892 4878 D
1988 4813 2179 4869 BALS.
2216 4813 2282 4867 Ut
2309 4812 2542 4875 videtur,
2590 4815 2829 4867 nondum
2884 4820 3041 4868 erant
3092 4812 3351 4877 ordinati,
3380 4829 3476 4868 nec

252 4900 469 4969 σθησαν
492 4900 635 4952 κατὰ
664 4901 754 4951 τὸν
777 4903 899 4953 τότε
940 4901 1130 4970 καιρὸν
1155 4904 1202 4956 oi
1258 4903 1440 4973 θρόνοι
1481 4906 1589 4958 τῶν
1618 4906 1815 4976 ἐκκλη-

1923 4915 2048 4958 tunc
2081 4902 2340 4971 temporis
2396 4900 2677 4954 constituti
2736 4902 2912 4955 throni
2980 4900 3371 4955 ecclesiarum:
3428 4912 3479 4955 et

250 4989 387 5043 σιῶν
416 5006 430 5020 ·
460 4991 554 5042 καὶ
570 4989 660 5042 διὰ
688 4989 844 5043 τοῦτο
868 4990 1076 5060 ὥρισαν
1100 4994 1147 5047 οι
1178 4993 1418 5063 Πατέρες
1435 4997 1815 5065 προτιμᾶσθαι

1922 5004 2207 5063 propterea
2240 5000 2548 5046 statuerunt
2577 4990 2765 5045 Patres
2796 5007 2892 5049 eos
2914 4993 3176 5063 praeponi,
3203 4993 3290 5061 qui
3328 4992 3478 5062 prius

1455 5107 1654 5168 Guill.
1690 5107 2017 5185 Beveregii
2064 5112 2252 5167 nota.

245 5208 579 5277 indulgentia
621 5209 902 5262 vindicare.
965 5206 1197 5263 Ceteros
1251 5224 1369 5263 uro
1420 5213 1688 5279 episcopos
1731 5228 1803 5264 σε·
1914 5211 2089 5278 piant,
2122 5209 2403 5263 consulem
2455 5209 2571 5263 sive
2602 5223 2804 5279 annum
2855 5216 2907 5262 et
2943 5208 3083 5261 diem
3146 5210 3467 5269 indicantes,

245 5284 476 5336 cundum
509 5279 862 5331 ordinationis
899 5293 1009 5330 ssc
1040 5287 1260 5345 tempus,
1294 5280 1400 5332 siae
1432 5282 1498 5332 ad
1514 5278 1801 5333 considen-
1912 5294 2020 5341 uno
2053 5280 2290 5332 ordinati
2323 5287 2448 5331 sunt
2483 5295 2495 5329 :
2530 5278 2621 5345 qui
2654 5278 2874 5345 quidem
2941 5293 3114 5333 canon
3158 5284 3208 5331 in
3242 5281 3475 5331 concilio

244 5354 373 5405 dum
402 5350 731 5417 inconcilio,
766 5348 871 5399 sire
901 5346 967 5417 ad
1006 5347 1456 5417 subscribendum,
1492 5350 1644 5401 veliti
1676 5367 1803 5417 qua-
1916 5347 2221 5417 Milevitano
2280 5358 2603 5414 praesentem
2676 5346 2989 5400 immediate
3056 5349 3327 5411 sequitur.
3392 5349 3474 5400 his

249 5421 373 5474 libet
416 5416 530 5470 alia
591 5434 665 5481 re,
726 5432 821 5467 sua
872 5416 1138 5468 attendere
1194 5416 1309 5468 loca
1367 5416 1711 5477 decerniums,
1756 5430 1804 5471 et
1915 5418 2115 5474 verbis.
2173 5416 2368 5469 Deinde
2421 5417 2640 5477 placuit,
2681 5427 2736 5467 ιιι
2772 5416 3062 5485 quicunque
3114 5418 3353 5485 deinceps
3409 5421 3470 5468 ab

249 5502 469 5542 suorum
501 5487 602 5541 sibi
629 5486 1031 5553 marogatim
1054 5485 1294 5539 ordinum
1322 5487 1606 5541 riudicare.
1639 5490 1797 5553 Greg.
1911 5487 2166 5553 episcopis
2204 5488 2539 5546 ordinantur,
2573 5487 2636 5537 ab
2698 5485 3091 5539 ordinatoribus
3130 5490 3261 5549 suis,
3311 5504 3473 5537 manu

251 5562 417 5617 1.νιι,
451 5559 612 5623 epist.
648 5556 770 5608 114.
810 5555 970 5618 Hinc,
1031 5554 1083 5607 ni
1145 5555 1325 5620 fallor,
1382 5571 1591 5610 canone
1644 5558 1805 5624 ltujus
1912 5571 2092 5609 eorum
2163 5558 2510 5621 subscriptus,
2560 5558 2906 5624 continentes,
2937 5558 3201 5609 consulem
3233 5567 3278 5608 et
3315 5556 3474 5615 diem,

249 5627 482 5680 Coneilii
505 5624 982 5687 9'2,scunstitutum
1004 5624 1287 5685 habemus,
1321 5630 1379 5676 ut
1406 5638 1531 5677 cum
1559 5623 1799 5692 episcopi
1915 5636 1970 5676 ut
2000 5625 2146 5677 nulla
2180 5626 2456 5677 altercatio
2511 5626 2575 5676 de
2607 5623 2985 5690 posterioribus
3031 5626 3101 5677 νει
3128 5628 3480 5678 auirt‘imthul

252 5696 602 5760 ordinantur,
649 5696 717 5752 ab
769 5692 1176 5749 ordinatoribus
1238 5692 1353 5751 suis
1410 5694 1617 5752 litteras
1662 5696 1803 5751 acci-
1911 5697 2132 5749 oriatur.
2168 5694 2375 5749 Concil.
2411 5693 2585 5749 Milcv.
2613 5710 2660 5747 c.
2700 5695 2779 5750 li.
