4212 6440
728 406 836 466 315

1982 413 2257 474 THEOD.
2300 415 2528 474 BALSA
2538 416 2694 475 ΜοΝ

3855 416 3963 480 316

724 518 932 587 synodo
958 516 1175 584 placuit,
1210 526 1265 570 ut
1302 518 1541 585 episcopi
1588 518 1781 587 singuli
1818 522 1885 573 ab
1915 521 2003 584 iis,
2037 538 2064 574 a
2093 524 2289 589 quibus
2318 522 2360 576 Α

2318 522 2360 576 Α
2390 522 2879 591 χειροτονουμένων
2931 523 3079 592 παρὰ
3137 523 3245 576 τῶν
3286 522 3964 592 χειροτονούντωνγράμ·

724 608 894 661 creati
925 618 1067 669 sunt,
1117 608 1389 674 episconis
1442 609 1651 662 litteras
1699 610 2037 679 subsiguatas
2072 612 2286 678 accipe-

728 705 873 756 rent,
910 696 1105 761 quibus
1138 704 1191 749 et
1224 696 1459 750 consulis
1504 712 1696 750 nomen
1731 708 1785 751 et
1817 700 1933 753 dies
1987 700 2288 753 ascribere-

730 794 836 838 tur.
872 783 1083 851 Quippe
1113 799 1175 839 ex
1228 785 1543 841 consulibus
1600 795 1837 853 tempora
1889 789 2286 855 indicabantur,

2391 628 2536 678 ματα
2590 612 2887 680 λαμϐάνειν
2941 614 3447 683 ὑπογεγραμμένα,
3507 613 3831 681 περιέχοντα
3866 614 3963 666 τὸν

2390 698 2593 751 ὕπατον
2629 701 2725 757 καὶ
2756 702 2856 770 τὴν
2889 702 3122 771 ἡμέραν.
3183 703 3295 755 Καὶ
3326 703 3391 753 ἐκ
3431 698 3529 753 τοῦ
3559 700 3763 751 ὑπάτου
3794 698 3904 767 γὰρ
3934 702 3965 752 δ

2389 790 2577 857 καιρὸς
2604 790 2902 854 ἐδείκνυτο,
2935 794 2994 844 ἐν
3026 792 3312 860 δημοσίαις
3344 791 3692 860 ἀπογραφαῖς
3725 788 3962 841 ἑκάστου

727 888 847 925 cum
878 876 1108 939 publicis
1138 879 1505 931 monumentis
1547 879 1869 944 consignata
1905 890 2067 946 atque
2095 890 2289 933 testata
2389 903 2390 908 η

1963 895 2067 946 que
2095 890 2289 933 testata
2389 877 2497 931 τῶν
2526 879 2744 932 ὑπάτων
2771 880 3105 951 δηλουμένου
3144 883 3274 933 πότε
3301 881 3626 932 ὑπάτευσεν.

728 966 1064 1030 singulorum
1100 967 1381 1020 consulum
1416 969 1632 1019 nomina
1670 977 1967 1023 exstarent.

728 1056 955 1109 ARIST.
994 1076 1012 1107 ι
1050 1056 1149 1121 Qui
1186 1058 1238 1109 in
1286 1056 1466 1109 Africa
1510 1058 1812 1124 ordinatur,
1848 1059 1991 1114 illius
2038 1061 2125 1129 qui
2174 1076 2292 1113 ma-

806 1166 823 1196 ι
859 1163 985 1200 num
1020 1148 1269 1212 imposuit
1316 1146 1523 1200 litteras
1567 1150 1784 1216 pr0pria
1846 1165 2006 1201 manu
2038 1153 2291 1216 scriptas,

803 1255 822 1285 ε
860 1238 998 1289 diem
1034 1237 1422 1303 consulemque
1446 1238 1804 1298 continentes,
1840 1238 2099 1303 proferat.
2131 1258 2149 1289 ι

806 1412 875 1465 Ut
904 1411 1049 1464 nulla
1081 1413 1289 1465 oriatur
1316 1414 1687 1466 controversia
1728 1413 1795 1466 de
1830 1415 2098 1481 episcopis
2145 1418 2296 1482 prius

2392 1050 2612 1103 ΔΡΙΣΤ.
2687 1070 2705 1102 ι
2746 1052 2805 1105 '0
2862 1069 2941 1114 s.;
2979 1053 3078 1121 τὴν
3140 1051 3406 1121 ’Δφρικην
3454 1048 3967 1121 κεχειροτονημένος

2469 1158 2486 1189 ι
2525 1141 2874 1210 ἐπιφερέσθω
2936 1143 3029 1194 τοῦ
3092 1142 3493 1203 ἐπιτεθεικότος
3530 1144 3689 1210 χεῖρα
3738 1139 3961 1207 γραφὴν

2466 1248 2483 1280 ι
2524 1230 2831 1300 ίδιόχειρον,
2861 1233 2959 1300 τὴν
3012 1235 3226 1303 ἡμέραν
3265 1232 3497 1301 ἔχουσαν
3532 1234 3625 1283 καὶ
3679 1232 3771 1282 τὸν
3820 1228 3962 1280 ὕπα-

2470 1338 2695 1372 ιτον..

2465 1412 2562 1462 Διὰ
2584 1412 2643 1463 τὸ
2671 1414 2743 1480 μή
2768 1429 2890 1465 τινα
2923 1413 3139 1465 ὑπεῖναι
3166 1412 3498 1480 ἀμφισολίαν
3521 1413 3650 1479 περὶ
3678 1411 3788 1463 τῶν
3815 1412 3973 1480 πρῶ-

732 1515 823 1556 aut
852 1504 1119 1571 posterius
1152 1504 1414 1556 onlinatis
1451 1505 1502 1556 in
1536 1504 1738 1565 Africa,
1770 1519 1884 1565 eos,
1917 1505 2007 1570 qui
2037 1505 2296 1559 ordiuaut
2393 1524 2395 1534 λ

2393 1502 2536 1570 τονῆ
2570 1502 2795 1572 ὕστερον
2830 1502 3314 1572 χειροτονηθέντων
3349 1502 3667 1553 ἐπισκόπων
3695 1503 3752 1553 ἐν
3778 1504 3968 1571 Ἀφρι-

734 1596 876 1657 illos,
912 1594 1118 1646 litteras
1148 1594 1363 1661 propria
1396 1608 1554 1644 manu
1584 1594 1823 1660 scriptas
1854 1594 2019 1656 diem,
2058 1610 2166 1663 quo
2203 1611 2295 1647 0r-

740 1684 905 1736 ilinati
941 1682 1177 1747 fuerunt,
1212 1692 1265 1736 et
1296 1684 1692 1750 magistratum,
1731 1685 1820 1752 qui
1862 1686 1931 1738 ibi
1986 1695 2111 1740 tunc
2158 1702 2297 1754 pra:-

741 1775 864 1838 fuit,
908 1776 1227 1840 iudicantes,
1264 1775 1391 1827 dare
1417 1774 1524 1826 illis
1553 1782 1793 1841 oportet.

1190 1951 1352 2021 625
1385 1952 1615 2007 CANON
1648 1950 1830 2005 xcm.

749 2060 763 2091 ι
796 2040 862 2096 Ut
891 2044 981 2111 qui
1016 2042 1098 2096 vel
1133 2043 1295 2096 semel
1326 2044 1376 2094 in
1412 2045 1637 2097 ecclesia
1666 2044 1927 2111 legerunt,
1962 2056 2063 2095 non
2091 2042 2299 2110 possint

815 2155 831 2185 ι
864 2137 930 2188 ab
965 2136 1085 2187 aliis
1121 2137 1449 2202 promoveri.
1504 2136 1765 2189 Similiter
1799 2134 2019 2203 placuit,
2076 2144 2133 2186 ut
2178 2132 2303 2201 qui-

808 2246 823 2275 ε
866 2240 1078 2294 cunque
1108 2226 1158 2276 in
1213 2226 1440 2277 ecclesia
1468 2227 1547 2279 vel
1594 2225 1757 2278 semel
1803 2224 2010 2293 legerit,
2074 2225 2141 2277 ab
2198 2225 2299 2277 alia

811 2337 830 2366 ι
864 2318 1089 2371 ecclesia
1125 2317 1189 2367 ad
1219 2315 1529 2369 clvrienum
1581 2331 1684 2368 non
1728 2316 2051 2369 detineatur.
2088 2315 2301 2369 Etsub-

817 2429 831 2455 ι
866 2407 1217 2475 scripserunt,
1260 2407 1506 2458 Aurelius
1531 2407 1814 2473 episcOpus
1864 2405 2115 2458 Ecclesize
2165 2403 2299 2456 Car-

819 2520 833 2548 ι
873 2499 1206 2565 tliaginettsis
1242 2498 1486 2565 przeseuti
1523 2497 1740 2551 decreto
1768 2498 2035 2557 consensi,
2068 2506 2121 2549 et
2167 2498 2303 2550 lecto

818 2592 1176 2656 .subscripsi.
1245 2587 1501 2642 Similiter
1528 2599 1580 2642 et
1608 2588 1797 2657 reliqui
1861 2589 2101 2657 episcopi
2172 2586 2303 2640 sub-

816 2695 834 2725 ε
868 2680 1212 2746 scripserunt.
1255 2698 1283 2729 ι

812 2850 1006 2903 BALS.
1043 2850 1288 2902 Nonnulli
1321 2852 1503 2903 dicunt
1538 2853 1603 2906 de
1634 2853 1731 2903 hoc
1762 2867 1987 2913 canone,
2026 2853 2165 2916 quod
2198 2850 2309 2903 Vult

745 2942 1025 3003 clericum,
1073 2943 1163 3008 qui
1219 2943 1269 2993 in
1320 2942 1548 2996 ecclesia
1602 2943 1779 3009 aliqua
1827 2944 2153 2995 constitutus
2202 2952 2304 3003 est,

742 3047 853 3085 non
883 3033 1093 3085 admitti
1124 3050 1220 3087 nec
1254 3034 1494 3088 ordinari
1542 3034 1609 3086 ab
1644 3033 1751 3087 alio
1794 3033 2070 3102 episcopo,
2127 3034 2171 3087 si
2227 3032 2308 3085 vel

739 3123 909 3175 semel
952 3133 1157 3175 tantum
1206 3125 1257 3176 in
1293 3123 1537 3187 ecclesia,
1597 3123 1649 3176 in
1686 3138 1788 3191 qua
1839 3125 2168 3175 constitutus
2200 3133 2302 3185 est,

742 3210 955 3279 legerit.
988 3213 1067 3264 Ad
1098 3228 1249 3265 suam
1287 3215 1429 3265 enim
1467 3228 1682 3266 causam
1736 3213 2123 3267 delendendam
2178 3212 2306 3265 allc-

742 3298 965 3366 gabant,
1000 3300 1141 3369 quod
1178 3316 1282 3354 non
1333 3302 1737 3353 existimaretur
1786 3300 2013 3353 clericus
2041 3302 2303 3363 ecclesiae,

744 3390 835 3457 qui
870 3391 920 3442 in
952 3406 1011 3443 ea
1058 3390 1221 3444 semel
1253 3390 1401 3460 legit.
1436 3390 1539 3441 Alii
1575 3398 1754 3443 autem
1791 3390 1998 3449 dicunt,
2032 3391 2171 3442 hanc
2203 3404 2305 3443 non

742 3491 870 3531 esse
899 3477 1030 3531 satis
1058 3478 1267 3531 firmam
1317 3480 1604 3533 rationem.
1635 3478 1711 3531 Ει
1750 3493 1815 3531 eo
1850 3480 1991 3530 enim
2027 3478 2168 3545 quod
2219 3491 2309 3532 or-

751 3570 969 3621 dinatus
1000 3568 1163 3621 fuerit
1209 3580 1261 3622 et
1296 3569 1664 3621 characterem
1713 3568 2032 3635 susceperit,
2072 3567 2132 3622 [it
2162 3568 2311 3636 quis-

749 3659 890 3725 piam
927 3658 1176 3721 clericus,
1209 3659 1419 3711 etiamsi
1454 3659 1507 3711 in
1558 3658 1790 3710 ecclesia
1832 3672 1937 3710 non
1992 3659 2198 3726 legerit.
2248 3658 2313 3711 Et

749 3748 1175 3817 interpretantur
1200 3762 1464 3803 canonem
1495 3748 1559 3799 de
1592 3749 1674 3810 iis,
1712 3749 1801 3815 qui
1830 3747 1996 3801 solam
2034 3757 2309 3801 tonsuram

741 3838 817 3891 ab
845 3839 1088 3893 antistite
1140 3849 1487 3906 acceperunt,
1540 3848 1596 3891 et
1628 3854 1691 3892 ex
1727 3840 2140 3899 consuetudine,
2193 3849 2312 3903 tan-

745 3944 907 3997 quam
963 3944 1059 3997 pro
1116 3928 1289 3994 forma
1334 3930 1601 3993 lectionis,
1659 3930 1915 3980 dixerunt
1960 3928 2310 3995 apostolicam

743 4022 813 4070 ad
845 4017 1182 4074 Timotheum
1218 4017 1539 4085 Epistolam,
1584 4034 1699 4081 seu,
1741 4017 1849 4071 Fili
1896 4017 2182 4083 Timatltee,
2237 4021 2309 4072 sia

747 4111 950 4163 sobrius
973 4112 1023 4163 in
1051 4112 1285 4165 omnibus
1304 4110 1381 4166 “z
1414 4119 1468 4164 et
1492 4111 1699 4171 dicunt,
1720 4126 1784 4163 ex
1822 4111 2070 4177 presenti
2103 4126 2312 4165 canone

744 4216 854 4254 non
903 4216 1060 4269 posse
1088 4216 1261 4269 eos,a
1314 4217 1474 4255 manu
1525 4201 1638 4270 ejus
1690 4200 1777 4267 qui
1828 4202 1971 4267 ipsos
2020 4202 2311 4266 ordinavit,

744 4303 971 4361 prOpter
1006 4294 1175 4346 solam
1210 4293 1447 4360 episcopi
1483 4302 1781 4354 tonsuram,
1828 4292 1943 4345 sine
1977 4292 2094 4358 ejus
2126 4292 2314 4344 volun-

746 4391 855 4435 tate
884 4381 1138 4446 transire,
1171 4390 1224 4433 et
1254 4382 1318 4432 ad
1355 4381 1513 4433 aliam
1546 4380 1830 4433 ecclesiam
1870 4377 2164 4433 transilire.
2198 4379 2313 4433 Etsi

2396 1594 2488 1660 κῇ,
2517 1592 2598 1643 δεῖ
2620 1594 2746 1653 τοὺς
2776 1592 3218 1662 χειροτονοῦντας
3268 1592 3463 1653 αὐτοὺς
3494 1592 3801 1659 γράμματα
3831 1589 3971 1643 διδό-

2394 1700 2483 1735 ναι
2507 1684 2692 1745 αύτοις
2743 1686 3099 1753 οίκειόχειρα,
3131 1685 3398 1752 δηλοῦντα
3446 1684 3547 1750 τὴν
3596 1680 3814 1752 ἡμέραν
3840 1681 3967 1734 καθ’

2398 1774 2466 1842 ἢν
2510 1774 3017 1845 ἐχειροτονήθησαν,
3084 1777 3177 1829 καὶ¹
3225 1774 3317 1827 τὸν
3373 1774 3552 1825 ἐκεῖσε
3600 1772 3680 1842 τῷ
3717 1771 3841 1823 τότε
3874 1770 3975 1839 ἆρ-

2405 1881 2587 1932 χοντα.

2991 1956 3231 2008 κΑΝοΝ
3270 1955 3383 2022 id".

2404 2047 2539 2113 Περὶ
2579 2044 2672 2096 τοῦ
2706 2047 2835 2108 τοὺς
2873 2046 2976 2097 κᾶν
3020 2045 3167 2107 ἅπαξ
3204 2044 3263 2096 ἐν
3311 2046 3376 2113 τῇ
3414 2042 3678 2114 ἐκκλησίᾳ
3707 2043 3973 2109 ἀναγνόν-

2482 2153 2499 2184 ι
2536 2151 2633 2195 τας
2686 2135 2760 2203 μὴ
2792 2133 3047 2185 δινασθαι
3108 2131 3211 2182 ὑπὸ
3267 2131 3443 2183 ἄλλων
3500 2129 3972 2201 προχειρίζεσθαι.

2478 2243 2495 2273 ι
2536 2224 2771 2291 Ὁμοίως
2816 2226 3029 2292 ἤρεσεν,
3070 2222 3157 2274 ἶνα
3189 2223 3340 2284 ὅστις
3367 2221 3563 2291 δήποτε
3597 2225 3655 2274 ἐν
3677 2220 3975 2290 ἐκκλησίᾳ,

2482 2334 2499 2365 ι
2535 2317 2635 2366 κᾶν
2669 2316 2815 2378 ἅπαξ
2864 2313 3102 2381 ἀναγνῷ,
3148 2313 3244 2366 ἀπ’
3287 2312 3454 2379 ἄλλης
3487 2312 3785 2381 ἐκκλησίας
3833 2312 3979 2383 πρὸς

2479 2426 2495 2455 ι
2531 2406 2804 2474 κλήρωσιν
2832 2406 2905 2472 μὴ
2933 2403 3375 2473 κατέχηται.Καὶ
3397 2402 3757 2470 ὑπέγραψανο
3796 2400 3981 2468 Αὐρή-

2476 2516 2493 2547 ι
2532 2498 2641 2556 lto;
2680 2496 2978 2555 ἐπίσκοπος
3005 2494 3101 2561 τῆς
3132 2495 3187 2546 ἐν
3226 2493 3538 2563 Καρχηδόνι
3568 2492 3867 2562 ἐκκλησίας
3897 2493 3978 2561 τῷ

2474 2607 2491 2637 ι
2536 2590 2761 2655 παρόντι
2792 2585 3103 2652 ψηφίσματι
3133 2584 3422 2653 συνῄνεσα,
3455 2585 3547 2636 καὶ
3574 2581 3980 2650 ἀναγνωσθέντι

2476 2696 2491 2720 ι
2530 2674 2841 2741 ὑπέγραψα.
2884 2671 3117 2740 Ὁμοίως
3149 2674 3242 2724 καὶ
3266 2672 3317 2723 oi
3351 2671 3527 2723 λοιποὶ
3556 2672 3849 2723 ἐπίσκοποι
3876 2671 3979 2722 ύπ-

2488 2782 2503 2811 ι
2545 2761 2810 2828 ἑγραψαν.
2857 2778 2876 2810 ι

2481 2854 2677 2905 ΒΑΛΣ.
2712 2852 2865 2912 Τινὲς
2904 2852 3000 2918 μὲν
3047 2850 3265 2916 λέγουσι
3300 2848 3429 2919 περὶ
3469 2848 3566 2901 τοῦ
3600 2848 3822 2911 κανόνος
3853 2851 3982 2903 τούς

2408 2959 2501 2994 του
2525 2944 2606 2995 ὅτι
2640 2941 2889 3009 βούλεται
2912 2939 3002 2993 τὸν
3030 2938 3411 3005 καταταγέντα
3468 2937 3732 3007 κληρικὺν
3760 2940 3840 2999 είς
3884 2940 3982 2989 ἐκ-

2413 3033 2641 3099 κλησίαν
2702 3033 2774 3100 μὴ
2831 3031 3083 3099 δέχεσθαι
3157 3030 3291 3099 μηδέ
3366 3029 3791 3098 χειροτονεῖσθαι
3849 3027 3987 3099 παρ’

2414 3126 2600 3193 ἑτέρου
2629 3124 2949 3181 ἐπισκόπου,
2995 3122 3099 3175 κᾶν
3132 3121 3275 3186 ἅπαξ
3301 3121 3510 3188 ἀνέγνω
3540 3123 3618 3182 είς
3651 3120 3720 3189 ἢν
3742 3121 3985 3173 κατετά-

2409 3233 2478 3281 γη
2511 3215 2823 3281 ἐκκλησίαν.
2879 3212 3247 3281 Προεσάλοντο
3300 3212 3406 3278 γάρ
3452 3226 3621 3273 τινες,
3666 3211 3744 3271 ὡς
3774 3211 3987 3262 δικαιο-

2411 3306 2645 3371 λόγημα,
2696 3304 2756 3355 τδ
2790 3304 2867 3372 μὴ
2913 3303 3224 3369 λογίζεσθαι
3256 3302 3516 3370 κληρικὺν
3548 3300 3847 3370 ἐκκλησίας
3890 3302 3988 3353 τὸν

2410 3394 2557 3457 ἆπαξ
2592 3396 2649 3446 ἐν
2680 3394 2815 3461 αὐτῇ
2846 3393 3169 3459 ἀναγνόντα.
3195 3392 3413 3460 Ἕτεροι
3438 3391 3494 3443 δέ
3523 3391 3777 3458 λέγουσιν
3808 3391 3892 3443 δτι
3920 3393 3983 3444 τὸ

2408 3485 2647 3537 τοιοῦτον
2668 3484 2976 3552 δικαιολόγη
2986 3500 3061 3551 μα
3092 3482 3288 3551 σαθρόν
3312 3483 3482 3535 ἐστιν.
3505 3481 3645 3535 Ἀπὸ
3676 3482 3839 3551 μόνου
3866 3481 3979 3553 γὰρ

2410 3576 2503 3627 τοῦ
2556 3576 2927 3641 καταταγῆναι
2993 3574 3087 3625 καὶ
3165 3572 3567 3642 σφραγισθῆναι
3602 3571 3868 3642 κληρικός
3896 3590 3983 3635 τις

2412 3665 2637 3730 γίνεται,
2668 3664 2769 3716 κᾶν
2790 3662 2875 3715 ἐπ’
2902 3662 3199 3730 ἐκκλησίας
3246 3661 3344 3714 οὐκ
3374 3660 3608 3729 ἀναγνῷ.
3656 3661 3765 3714 Καὶ
3797 3662 3978 3731 ἐρμη-

2413 3755 2627 3807 νεύουσι
2664 3755 2756 3807 τὸν
2789 3753 2989 3807 κανόνα
3034 3754 3114 3813 είς
3152 3750 3279 3813 τοὺς
3304 3748 3628 3819 δεξαμένους
3662 3750 3835 3820 μόνην
3864 3753 3989 3802 ἐπι-

2413 3844 2635 3911 κουρίδα
2676 3846 2829 3912 παρα
2885 3844 3205 3913 ἀρχιερέως,
3239 3843 3335 3895 καὶ
3387 3840 3530 3894 κατὰ
3559 3840 3660 3910 τὴν
3690 3840 3984 3909 συνήθειαν

2414 3936 2685 3995 εἰπόντας,
2713 3933 2787 3995 ὡς
2823 3933 2882 3984 ἐν
2911 3932 3041 3984 emet
3062 3932 3504 3999 ἁναγνώσματος,
3528 3930 3627 3998 τὴν
3653 3930 3791 3998 πρὸς
3822 3930 3989 3997 Τιμό-

2413 4020 2534 4073 θεον
2586 4020 2949 4089 ἀποστολικὴν
2994 4019 3307 4088 ἐπιστολὴν,
3352 4018 3522 4085 ἤγουν
3569 4017 3675 4080 τὸ,
3730 4016 3985 4082 Τέκνον,

2419 4111 2672 4178 Τιμόθεε,
2704 4110 2860 4177 νῆφε
2888 4111 2958 4163 ἐν
3002 4108 3153 4165 πᾶσι
3179 4124 3194 4141 ·
3222 4110 3313 4161 καὶ
3339 4109 3553 4175 λέγουσι
3586 4107 3722 4177 μηδέ
3753 4108 3981 4169 τούτους

2412 4202 2667 4254 δύνασθαι
2713 4201 2820 4255 ἀπὸ
2851 4201 2949 4255 τοῦ
3004 4202 3270 4270 παρόντος
3299 4200 3521 4261 κανόνος
3560 4200 3625 4251 ἐκ
3669 4199 3768 4267 τῆς
3802 4199 3988 4268 χειρὸς

2414 4291 2506 4344 τοῦ
2563 4295 2960 4360 σφραγίσαντος
3025 4291 3219 4353 αὐτοὺς
3263 4291 3353 4344 διὰ
3413 4290 3579 4359 μόνης
3636 4291 3988 4360 ἐπικουρίδος

2416 4384 2717 4435 ἐπισκόπου
2758 4381 3119 4449 μεταπίπτειν
3150 4382 3318 4450 χωρὶς
3344 4380 3570 4449 γνώμης
3620 4381 3855 4441 ἐκείνου.
3891 4384 3987 4435 καὶ

740 4476 889 4529 enim
924 4490 1028 4529 non
1059 4484 1186 4527 sunt
1218 4474 1271 4527 in
1304 4473 1509 4527 clerum
1538 4472 1798 4533 ordinati,
1852 4472 1945 4524 sed
1981 4480 2159 4524 tamen
2196 4472 2310 4539 epi-
2347 4470 2387 4523 D

2347 4470 2491 4535 Dei;
2540 4474 2735 4542 ἐτέραν
2790 4472 3086 4539 ἐκκλησίαν
3134 4471 3503 4539 μεταϐαίνειν.
3566 4470 3681 4521 Κᾶν
3729 4471 3836 4540 γὰρ
3886 4471 3988 4523 οὐκ

747 4567 1017 4635 scopalem
1057 4575 1334 4617 tonsuram
1393 4571 1776 4629 susceperunt,
1829 4570 1883 4613 et
1938 4562 2313 4616 existimantur

747 4673 869 4710 esse
902 4672 1027 4724 pars
1052 4656 1295 4709 ecclesia:
1326 4655 1471 4721 ejus,
1505 4655 1596 4721 qui
1626 4653 1742 4711 illis
1778 4668 1969 4706 manus
2024 4652 2305 4721 imposuit.

749 4748 814 4800 Et
847 4746 880 4799 ii
912 4747 1163 4799 videntur
1213 4746 1342 4799 mihi
1395 4759 1656 4799 cntionem
1712 4744 2017 4797 accuratius
2052 4744 2316 4811 interpre-

749 4851 867 4893 ιρι-ι.

818 5015 1071 5070 ZUNAR.
1118 5017 1543 5072 lnnmnerablles
1571 5023 1787 5068 exstant
1836 5028 2070 5069 canones
2122 5015 2319 5083 quibus

748 5109 933 5162 clerici
987 5124 1116 5163 suas
1165 5111 1425 5164 ecclesias
1472 5112 1797 5175 relinquere,
1850 5118 1905 5163 et
1960 5110 2024 5162 ad
2072 5107 2209 5162 alias
2257 5122 2316 5162 se

749 5201 1002 5256 conferre
1031 5203 1402 5270 prohibentur.
1434 5201 1581 5256 idem
1640 5202 1725 5255 hic
1755 5214 1969 5267 quoque
2003 5214 2173 5253 canon
2207 5214 2313 5253 non

751 5291 868 5343 sine
916 5278 1095 5359 aliquo
1144 5294 1305 5346 etiam
1351 5293 1617 5355 auctario,
1674 5292 1937 5345 decernit.
1997 5291 2315 5345 Auctarium

753 5394 881 5432 vero
909 5379 1037 5433 illud
1066 5392 1168 5441 est,
1204 5392 1262 5435 ut
1292 5383 1335 5436 si
1396 5382 1475 5435 vel
1521 5381 1687 5437 semel
1743 5391 1950 5433 tantum
1991 5381 2041 5433 in
2089 5380 2315 5435 ecclesia

752 5470 934 5537 aliqua
971 5470 1264 5539 quispiam,
1298 5474 1449 5542 quasi
1480 5474 1596 5543 ejus
1624 5472 1768 5526 clero
1816 5472 2107 5539 ascriptus,
2174 5473 2319 5541 lege-

756 5562 850 5627 rit,
880 5562 931 5616 in
963 5563 1065 5615 alia
1092 5578 1160 5617 ne
1191 5564 1533 5620 admittatur.
1590 5563 1854 5619 Videntur
1882 5564 2025 5619 cnim
2078 5564 2321 5622 nonuult

864 5740 906 5772 "
941 5740 982 5794 ll
1006 5740 1147 5795 Tim.
1173 5756 1250 5807 lx,
1278 5740 1330 5795 5.

2414 4564 2656 4631 ἔφθασαν
2700 4560 3077 4630 καταταγῆναι
3106 4560 3187 4623 είς
3214 4559 3440 4631 κλῆρον,
3492 4558 3606 4611 ἀλλ’
3628 4560 3776 4627 ὅμως
3810 4577 3990 4629 appa-

2414 4658 2535 4723 γῖδα
2572 4653 2934 4724 ἐπισκοπικὴν
2996 4654 3269 4715 ἐδέξαντο,
3316 4654 3410 4705 καὶ
3461 4651 3769 4718 λογίζονται
3834 4650 3978 4720 μέρη

2417 4749 2514 4815 τῆς
2538 4746 2832 4811 ἐκκλησίας
2860 4745 2952 4796 τοῦ
2976 4744 3462 4812 χειροθετήσαντος
3510 4741 3724 4803 αὐτούς.
3756 4741 3866 4793 Καὶ
3894 4742 3985 4791 δο-

2420 4831 2576 4883 κοῦσί
2605 4846 2694 4896 μοι
2725 4829 2925 4898 μᾶλλον
2946 4826 3090 4881 οὗτοι
3133 4828 3524 4898 ἀκρισὲστερον
3544 4827 3635 4880 τὸν
3665 4827 3865 4879 κανόνα
3898 4828 3990 4897 ἐρ-

2423 4921 2678 4989 μηνεύειν

2494 5012 2735 5066 ΖΩΝΔΡ.
2764 5012 2966 5082 Μυρίοι
2998 5009 3214 5072 κανόνες
3246 5008 3406 5073 είσὶν,
3439 5010 3487 5061 οί
3539 5008 3842 5071 κωλύοντες
3863 5010 3991 5072 τοὺς

2421 5106 2714 5175 κληρικοὺς
2778 5104 2853 5173 μὴ
2900 5102 3338 5170 καταλιμπάνειν
3394 5099 3491 5163 τὰς
3546 5102 3751 5162 οἰκείας
3787 5101 3990 5169 ἐκκλη-

2420 5196 2563 5257 σίας,
2596 5194 2689 5247 καὶ
2747 5192 3146 5262 προσέρχεσθαι
3206 5190 3412 5253 ἄλλαις.
3470 5188 3643 5241 Τοῦτο
3692 5188 3785 5241 οὖν
3833 5192 3927 5243 καὶ
3964 5191 3991 5243 δ

2422 5285 2611 5355 παρὼν
2670 5283 2847 5336 κανὼν
2880 5283 3017 5350 μετά
3056 5282 3374 5350 προσθήκης
3416 5279 3610 5349 ὁρίζει.
3652 5280 3718 5333 Ἦ
3743 5280 3800 5333 δὲ
3826 5297 3993 5350 προσ-

2426 5379 2567 5445 θήκη
2606 5374 2722 5427 ἐστὶ
2765 5377 2847 5439 τδ,
2890 5371 2992 5425 κᾶν
3043 5371 3193 5435 ἅπαξ
3231 5371 3443 5438 ἀνέγνω
3495 5373 3552 5422 ἐν
3585 5370 3872 5441 ἐκκλησίᾳ,
3916 5372 3991 5435 ὡς

2427 5472 2602 5521 ἐκεῖσε
2632 5466 2998 5533 καταταγεὶς,
3056 5463 3131 5533 μὴ
3188 5460 3589 5531 παραδέχεσθαι
3620 5461 3753 5530 παρ’
3796 5462 3991 5530 ἐτέρας

2428 5557 2748 5629 ἐκκλησίας.
2782 5557 2964 5611 Ἐοικε
2987 5554 3093 5624 γὰρ
3120 5554 3204 5608 ὅτι
3234 5550 3629 5622 προεϐάλλοντο
3656 5549 3819 5606 τοῦτό
3845 5569 3992 5618 τινες
