4212 6440
242 357 348 420 3l7

1258 359 1371 431 ΠΝ
1410 368 1578 429 CAN.
1619 370 1810 429 xcut
1852 372 2061 431 coxa.
2087 372 2462 433 eamme.

3377 380 3479 443 318

239 469 318 531 ὡς
350 467 763 539 δικαιολόγημα,
812 472 892 524 ὅτι
924 475 971 525 ol
1002 474 1225 536 κανόνες
1282 475 1547 543 περὶτῶν
1594 477 1805 543 χρόνων

1927 492 2026 531 »ειη
2058 485 2457 536 excusationem
2493 484 2651 539 veluti
2682 485 2882 555 justam
2909 491 3282 557 pretexuisse,
3311 506 3476 545 cauo-

237 559 363 612 τινά
391 560 587 628 διαρκῆ
625 561 963 629 ποιησάντων
992 568 1050 616 ιν
1102 566 1284 634 κλήρῳ
1314 566 1476 630 φασιν
1501 582 1513 595 ·
1550 568 1599 617 ει
1642 566 1695 617 δέ
1723 584 1807 627 τις

238 650 387 716 ἅπαξ
410 653 469 703 έν
500 651 763 722 έκκλησίᾳ
788 653 1017 721 ἀνέγνω,
1044 655 1257 720 έξέσται
1286 656 1453 725 αύτῷ,
1477 657 1552 718 ὡς
1581 657 1809 727 μηδενὸς

238 738 434 805 καιροῦ
484 742 787 808 γεγονότος,
829 743 1126 813 ἀναχωρεῖν
1168 747 1395 799 έκεῖθεν.
1433 744 1607 799 τοῦτο
1648 743 1803 817 ούνὴ

240 830 459 892 σύνοδος
478 832 862 900 ἀνατρέπουσα
896 834 1000 903 εφη
1031 836 1133 898 δτι,
1177 834 1293 888 Κάν
1328 835 1473 901 ἀπαξ
1518 836 1726 902 ἀνέγνω
1751 840 1809 889 έν

238 918 526 990 έκκλησίᾳ,
558 923 923 987 ἀπρόσδεκτος
958 922 1108 975 ἔσται
1132 924 1402 994 έκκλησία
1434 925 1619 994 ἑτέρᾳ.

1912 582 2007 620 nes
2037 569 2284 624 videlicet
2310 574 2375 624 de
2406 574 2495 636 iis,
2546 578 2637 643 qui
2672 578 2897 631 multum
2934 582 3194 647 temporis
3230 582 3281 633 lu
3317 581 3467 634 clero

1913 657 2169 724 egissent,
2204 674 2327 713 esse
2383 662 2799 733 intelligendos:
2854 669 2898 722 si
2946 670 3069 736 quis
3119 684 3249 722 vero
3308 670 3479 725 semel

1914 756 2119 801 tantum
2151 750 2205 803 in
2239 751 2463 807 ecclesia
2500 754 2742 823 legisset,
2770 757 2905 821 nihil
2940 760 3158 813 obstare
3190 761 3479 827 quominus

1912 836 2012 902 illi,
2051 848 2233 906 utpote
2265 842 2411 896 nullo
2444 853 2681 913 tempore
2717 847 2789 901 ibi
2822 849 2891 903 ab
2944 848 3034 902 illo
3073 860 3371 911 transacto.
3407 850 3474 904 ab

1910 940 1971 979 ea
2024 929 2274 984 secedere
2327 933 2536 989 liceret.
2590 934 2955 1001 Quamobrem
3008 939 3110 993 hoc
3146 940 3465 1006 improbato,

238 1014 479 1082 synodus
504 1029 647 1079 eum,
673 1015 763 1085 qui
795 1013 877 1068 vel
907 1013 1072 1069 semel
1103 1025 1309 1070 tantum
1346 1016 1396 1068 iu
1435 1030 1539 1069 una
1571 1014 1800 1069 ecclesia
1833 1016 2052 1073 lectoris
2097 1034 2292 1076 munus
2319 1023 2535 1089 obierit,
2585 1026 2636 1079 in
2710 1026 2812 1080 alia
2865 1027 3030 1094 recipi
3112 1029 3334 1093 omnino
3390 1045 3481 1083 vc-

236 1190 464 1245 ΔΡΙΣΤ.
506 1209 525 1243 ι
565 1191 627 1245 '0
657 1192 759 1246 xiv
792 1191 939 1260 απαξ
973 1196 1053 1257 εις
1096 1196 1394 1264 έκκλησίαν
1421 1199 1683 1266 ἀναγνοὺς
1714 1200 1807 1252 ὑπ’

492 1301 511 1333 ε
549 1282 712 1352 ἀλλης
743 1285 816 1355 μὴ
840 1286 1078 1355 δεχέσθω
1105 1288 1183 1349 εις
1210 1289 1500 1357 κλήρωσιν.
1537 1308 1553 1339 ι

308 1372 385 1424 τὸ
413 1371 693 1441 ἀλλότριον
750 1374 1013 1444 κληρικδν
1040 1374 1130 1441 ὑφ’
1164 1377 1351 1445 έτέρου
1400 1378 1805 1447 παραδέχεσθαι

237 1464 545 1517 έπισκόπου
591 1466 763 1517 πᾶσαι
817 1469 871 1518 αι
902 1467 1109 1521 σύνοδοι
1137 1468 1474 1522 διεκώλυσαν
1496 1487 1508 1500 ι
1541 1471 1645 1523 κᾶν
1679 1472 1807 1537 γοῦν

235 1552 387 1616 ﬁne
426 1556 506 1615 sl;
529 1555 824 1624 έκκλησίαν
867 1556 897 1608 ό
920 1557 1223 1627 κληρωθεὶς
1250 1561 1308 1611 έν
1334 1561 1469 1631 αὐτῇ
1520 1560 1619 1622 τας
1656 1562 1809 1632 ἱερὰς

236 1641 463 1709 βίϐλους
484 1643 562 1713 τῷ
582 1644 697 1713 λαῷ
744 1646 1055 1713 ὑπανέγνω,
1104 1648 1196 1718 ὑφ’
1249 1649 1445 1721 έτέρας
1480 1651 1561 1713 εις
1607 1650 1805 1721 κλῆρον

235 1733 654 1803 παραδεχθῆναε
672 1736 732 1788 οὗ
753 1736 1204 1808 συγκεχώρηται.

1916 1199 2143 1255 Αιιιδτ.
2182 1220 2201 1253 ε
2234 1202 2333 1267 Qui
2383 1205 2546 1258 etiam
2583 1207 2752 1260 semel
2791 1217 2998 1262 tantum
3033 1208 3084 1261 in
3141 1208 3370 1263 ecclesia
3407 1210 3483 1265 Ie-

2120 1313 2137 1345 ι
2165 1296 2263 1364 git,
2294 1297 2361 1348 ab
2391 1298 2493 1348 alin
2519 1298 2570 1348 itt
2605 1297 2801 1350 clerum
2840 1313 2909 1351 ne
2936 1299 3271 1352 admittatur.

1992 1384 2245 1436 Alienum
2316 1386 2575 1439 clericum
2628 1388 2695 1441 ab
2737 1388 2907 1442 altero
2962 1390 3172 1444 admitti
3225 1392 3482 1459 episcopo

1916 1488 2107 1527 omnes
2136 1475 2328 1543 synodi
2358 1486 2560 1530 vetant.
2592 1478 2850 1543 Quamvis
2884 1479 3066 1547 itaque
3102 1480 3267 1534 semel
3300 1483 3390 1549 qui
3428 1482 3482 1534 in

1913 1562 2141 1619 ecclesia
2209 1565 2436 1621 clericus
2468 1567 2549 1633 fit,
2604 1569 2656 1620 in
2684 1583 2748 1622 ea
2793 1583 2980 1625 sacros
3036 1570 3203 1625 libros
3275 1571 3470 1639 populo

1916 1653 2074 1722 legat,
2143 1658 2209 1710 ab
2261 1656 2363 1709 alia
2428 1658 2483 1711 in
2540 1656 2743 1712 clerum
2818 1659 2981 1729 recipi
3056 1676 3160 1716 non
3216 1660 3484 1730 permitti-

1918 1754 2025 1798 ιιπ.

247 1823 338 1875 Ἐν
361 1824 538 1897 ταύτῃ
588 1828 654 1895 τῇ
696 1828 899 1898 συνόδῳ
950 1830 1345 1898 έμφανίζονται
1391 1848 1460 1889 τα
1493 1837 1807 1906 πραχθέντα

1991 1853 2009 1886 ε
2044 1836 2120 1897 ιη,
2153 1835 2255 1891 hac
2308 1839 2513 1907 synodo
2563 1838 2873 1895 referuntur
2901 1848 3054 1911 gesta
3080 1842 3484 1911 episcoporum,

314 1932 335 1966 ε
370 1913 478 1966 ὑπὸ
508 1914 617 1967 τῶν
643 1915 819 1985 πέραν
847 1917 947 1986 τῆς
983 1917 1262 1991 θαλάσσης
1286 1922 1700 1978 ἀποσταλέντων
1722 1942 1811 1977 το-

312 2025 334 2059 ε
373 2008 702 2077 ποτηρητῶν
724 2010 1040 2065 ιπισκόπων
1077 2014 1169 2065 sui
1217 2013 1312 2067 τοῦ
1339 2015 1682 2079 ένδοεοτάτου
1717 2015 1813 2084 βα-

306 2116 327 2149 ε
364 2099 559 2162 σιλέως
588 2099 870 2153 Θεοδοσίου
900 2102 996 2155 τοῦ
1050 2103 1366 2171 Αὐγούστου
1402 2106 1496 2159 καὶ
1535 2106 1813 2177 Ῥουμορι-

310 2208 329 2240 ε
364 2188 459 2242 δου
486 2189 582 2243 τοῦ
610 2190 997 2261 λαμπρότατου
1029 2194 1234 2248 ὑπάτου
1263 2198 1330 2265 τῇ
1375 2196 1480 2266 πρὸ
1510 2198 1661 2251 ὀκτὼ
1697 2200 1815 2252 Κα-

309 2299 331 2332 ε
366 2280 576 2333 λανδῶν
620 2281 1013 2351 Σεπτεμϐρίων
1035 2285 1094 2337 έν
1137 2284 1448 2355 Καρχηδόνι
1475 2287 1557 2349 sl;
1587 2287 1687 2349 τὴν
1720 2288 1813 2341 έκ-

311 2388 332 2421 ε
373 2369 608 2439 κλησίαν
645 2370 963 2426 Σεκούνδου.
999 2390 1017 2423 s

234 2460 508 2530 Αὐρήλιος
538 2461 832 2525 saluom;
878 2463 936 2515 έν
968 2464 1118 2535 πάσῃ
1138 2466 1206 2535 τῇ
1245 2465 1451 2535 συνόδῳ
1474 2467 1813 2537 προκαθίσας

230 2554 265 2579 ⁵·
302 2552 674 2623 παρεστώτων
695 2553 801 2606 τῶν
846 2554 1107 2607 διακόνιον
1147 2552 1301 2608 εἶπεν
1323 2572 1339 2587 ·
1384 2575 1404 2608 ι
1441 2558 1613 2624 Λόγου
1642 2560 1810 2612 ἀπαι-

308 2659 333 2695 ε
369 2644 635 2712 τήσαντος
662 2646 695 2713 ἡ
730 2645 979 2713 ὑμετέρα
1008 2646 1307 2716 ἀδελφότης
1341 2649 1493 2717 παρά
1545 2648 1645 2716 τῆς
1670 2650 1809 2718 έμῆς

309 2754 333 2789 ε
376 2738 730 2806 μετριότητος
757 2740 836 2800 εις
859 2738 1065 2808 ταύτην
1092 2738 1191 2807 τὴν
1220 2738 1436 2792 σύνοδον
1462 2742 1808 2811 προετράπη.

314 2845 335 2879 ε
370 2827 775 2898 Ἕκπαλαιγάρ
810 2829 887 2890 ὡς
906 2829 1231 2900 μέμνηταιή
1260 2831 1497 2899 ὑμετέρα
1514 2832 1816 2898 ἁγιωσύνη,

308 2937 331 2970 ε
368 2919 590 2972 συνόδου
617 2919 903 2989 λεχθείσης
920 2921 1323 2989 ἀπεστείλαμεν
1363 2920 1629 2985 ἀδελροὺς
1655 2920 1815 2988 ἡμῶν

316 3030 338 3061 ε
375 3010 515 3080 πρὸς
542 3009 611 3063 τά
642 3010 817 3080 πέραν
851 3009 951 3076 τῆς
974 3008 1251 3079 θαλάσσης
1283 3010 1685 3079 τοποτηρητάς,
1718 3010 1815 3073 οὓς

310 3121 334 3154 ε
373 3100 543 3171 έχρῖψ
573 3101 632 3152 έν
660 3104 725 3170 τῇ
745 3098 1054 3153 συνελεύσει
1073 3101 1170 3168 τῆς
1198 3101 1470 3170 ὑμετέρας
1499 3100 1815 3167 ἁγιωσύνης
1841 3144 1885 3203 c

320 3211 341 3243 ε
380 3192 482 3263 τὴν
514 3193 729 3262 κίνησιν
759 3191 1123 3261 διηγήσασθαι
1150 3194 1249 3262 τῆς
1294 3192 1650 3263 έεανυθείσης
1678 3210 1813 3262 πρε-

310 3302 331 3335 ε
373 3282 563 3346 σδείας
584 3298 600 3313 °
634 3283 731 3337 καὶ
753 3282 859 3336 κᾶν
897 3283 959 3334 έν
990 3286 1054 3352 τῇ
1080 3282 1301 3353 χθεσινῇ
1339 3284 1524 3353 ἡμέρᾳ
1565 3284 1695 3351 περὶ
1716 3283 1814 3335 τού

318 3394 338 3424 ε
376 3371 546 3427 αὑτοῦ
578 3373 904 3441 πράγματος
950 3372 1307 3435 καθεσθέντες
1358 3375 1421 3425 έκ
1468 3371 1579 3424 τῶν
1613 3371 1817 3439 έκκλη-

314 3481 336 3515 ε
379 3461 680 3516 σιαστικῶν
741 3463 1087 3533 πραγμάτων
1153 3461 1429 3530 έπιμελῶς
1481 3460 1517 3514 ἀ
1569 3460 1817 3531 ῑπραξαν

315 3572 337 3605 ε
376 3552 810 3622 έψηλαφήσαμεν
830 3570 843 3585 ·
876 3556 1030 3623 ὅμως
1062 3556 1262 3625 πρέπει
1289 3559 1527 3625 σήμερον
1563 3558 1664 3625 τὴν
1690 3551 1820 3608 ἀνα-

314 3662 340 3697 ε
376 3645 603 3713 ζήτησιν
626 3645 725 3714 τῆς
754 3644 1008 3714 χθεσινῆς
1039 3646 1251 3715 ἡμέρας
1274 3650 1387 3709 τοῖς
1440 3646 1821 3717 έκκλησιαστι-

316 3752 339 3788 ε
374 3736 494 3797 κοῐς
534 3734 946 3803 πεπραγμένοις
996 3735 1369 3803 έμόεδαιῶσαι
1405 3736 1491 3790 διὰ
1522 3738 1651 3801 τοὺς
1700 3739 1821 3789 tm-

318 3844 341 3879 ε
383 3824 617 3887 σκόπους
660 3824 769 3878 τῶν
810 3826 1092 3895 έπαρχιῶν
1140 3826 1241 3895 τῆς
1280 3826 1552 3897 ’Δφρικῆς
1581 3827 1709 3889 τοὺς
1746 3828 1821 3897 μὴ

323 3936 342 3970 ε
383 3915 863 3987 παραγενομένους
905 3918 962 3968 έν
986 3918 1053 3985 τῇ
1086 3916 1335 3989 παρούσῃ
1368 3918 1592 3986 συνόδῳ.
1631 3915 1694 3969 Ἢ
1723 3916 1823 3969 τά-

322 4028 341 4061 ε
378 4008 459 4075 ξις
492 4003 587 4061 οὗν
620 4008 840 4061 ἀπαιτεῖ
863 4006 970 4059 τῶν
996 4008 1356 4076 πραγμάτων,
1388 4010 1475 4061 ἵνα
1498 4011 1556 4062 έν
1588 4007 1823 4077 πρώτοις

324 4118 344 4150 ε
380 4096 533 4165 πυρὰ
560 4096 669 4149 τῶν
720 4094 987 4164 ἀδελφῶν,
1030 4097 1125 4148 καὶ
1172 4096 1468 4166 συνιερέων
1500 4096 1676 4165 ήμῶν.
1717 4098 1825 4151 τῶν

320 4205 341 4240 ε
374 4186 515 4257 πρὸς
538 4184 745 4255 ταύτην
771 4185 870 4257 τὴν
915 4185 1135 4239 σύνοδον
1180 4187 1291 4241 εἴτε
1326 4188 1391 4240 έκ
1421 4186 1514 4240 τοῦ
1554 4187 1823 4252 Βυζακίου

320 4296 340 4329 ε
383 4278 493 4329 stre
528 4274 636 4329 ἀπὸ
664 4274 1036 4345 Μαυριτανιας
1064 4276 1540 4345 παραγενομένων,
1577 4275 1823 4347 ζητήσω⁴

315 4384 335 4419 ε
370 4382 511 4435 μεν,
564 4364 679 4425 πῶς
731 4364 1031 4432 συμφέρειν
1093 4362 1421 4434 ψηφίζονται
1457 4367 1521 4435 τῇ
1574 4364 1827 4437 παρούσῃ

1915 1945 1933 1978 ι
1963 1926 2055 1995 qui
2120 1925 2281 1995 legati
2333 1930 2474 1983 ultra
2507 1945 2655 1984 mare
2682 1932 2829 1986 missi
2862 1942 3006 1997 sunt,
3040 1935 3143 1988 sub
3171 1934 3484 1988 clarissimo

1913 2034 1933 2069 ε
1969 2019 2295 2084 imperatore
2368 2019 2677 2076 Theodosio
2743 2024 3009 2093 Augusto,
3075 2033 3131 2079 et
3186 2024 3484 2078 ltumorldo

1915 2126 1935 2160 ι
1964 2108 2331 2165 illustrissimo
2355 2112 2597 2174 consule,
2628 2114 2695 2167 A.
2738 2113 2799 2170 ι).
2834 2126 3025 2170 octavo
3069 2115 3339 2169 Kalendas
3394 2115 3490 2168 Se-

1916 2218 1935 2250 ε
1970 2200 2256 2269 ptembris,
2288 2200 2618 2274 Carthagine
2647 2206 2699 2259 in
2730 2206 2955 2261 ecclesia
2990 2206 3247 2261 Secundi.
3283 2228 3302 2259 ι

1995 2463 2251 2519 Aurelius
2310 2465 2593 2533 episcopus
2672 2471 2770 2523 toti
2853 2474 3060 2540 synodo
3140 2476 3474 2541 prrcsidens.

1920 2556 2225 2609 astantibus
2279 2557 2519 2611 diaconis
2544 2560 2718 2613 dixit:
2761 2579 2779 2611 ι
2823 2560 3365 2633 Ratione'exigente,
3396 2582 3487 2621 vc-

1918 2660 1937 2694 ι
1969 2652 2079 2696 stra
2119 2643 2434 2698 fraternitas
2486 2660 2516 2698 a
2548 2662 2666 2700 mea
2716 2649 3094 2706 mediocritate
3145 2654 3199 2707 in
3230 2654 3370 2709 hanc
3401 2670 3491 2725 sy-

1920 2751 1939 2784 ε
1970 2734 2167 2786 nodum
2219 2735 2456 2789 deducta
2490 2747 2593 2791 est.
2647 2737 2762 2793 1am
2798 2741 2925 2795 olim
2980 2742 3145 2807 enim,
3205 2754 3264 2797 ut
3312 2754 3491 2799 vestra

1920 2839 1938 2871 ε
1976 2822 2218 2875 meminit
2250 2826 2534 2891 sanctitas,
2587 2825 2766 2880 habita
2828 2831 3033 2899 synodo
3075 2830 3322 2886 misimus
3375 2832 3483 2885 fra-

1922 2928 1939 2959 s
1979 2921 2088 2963 tres
2120 2921 2334 2966 nostros
2360 2913 2497 2965 ultra
2551 2928 2701 2969 mare
2750 2916 2979 2985 legatos,
3029 2932 3165 2985 quos
3214 2920 3499 2985 oportebat

1923 3020 1941 3051 ε
1983 3002 2033 3054 in
2066 3010 2262 3055 vestra:
2293 3004 2596 3059 sanctitatis
2651 3017 2917 3061 conventu
2946 3006 3243 3076 perfuncta:
3272 3009 3501 3079 legatio-

1926 3110 1943 3141 ι
1983 3092 2067 3145 nis
2096 3107 2438 3162 progressum
2486 3110 2748 3155 narrare:
2804 3113 2925 3151 nam
2983 3098 3082 3151 etsi
3113 3098 3367 3153 ltesterno
3411 3102 3499 3154 die

1924 3202 1941 3234 ε
1971 3184 2035 3234 de
2064 3197 2122 3237 re
2153 3185 2339 3237 eadem
2384 3185 2657 3249 sedentes,
2703 3204 2769 3242 ex
2802 3190 2963 3243 rebus
2995 3192 3387 3247 ecclesiasticis
3412 3192 3491 3246 di.

1924 3290 1943 3323 ε
1980 3274 2208 3340 ligenter
2258 3287 2343 3335 ea.
2396 3290 2516 3343 qua:
2564 3274 2825 3339 fecerunt,
2878 3280 3044 3351 623
3103 3282 3494 3337 tractavimus:

1923 3383 1942 3416 ε
1970 3374 2179 3431 oportet
2210 3376 2390 3419 tamen
2422 3367 2580 3421 hodie
2616 3370 2880 3424 hesterna
2904 3373 3007 3427 diei
3039 3381 3331 3427 tratactum
3358 3374 3498 3429 actis

1926 3473 1947 3507 ι
1976 3456 2331 3510 eeclesiaticis
2347 3459 2689 3521 conﬁrmare,
2712 3470 2931 3529 propter
2958 3465 3242 3532 episcopos
3277 3466 3497 3531 provin-

1927 3563 1946 3596 ε
1977 3546 2185 3599 ciarum
2218 3544 2415 3601 Africa
2445 3548 2536 3615 qui
2571 3550 2621 3601 in
2679 3551 2933 3617 prasenti
2982 3553 3189 3619 synodo
3218 3566 3323 3606 non
3354 3554 3498 3608 ade-

1928 3656 1946 3689 ι
1981 3647 2124 3690 rant.
2160 3635 2361 3691 lterum
2395 3639 2574 3706 itaque
2621 3642 2756 3694 urdo
2802 3642 2991 3709 exigit,
3041 3650 3099 3694 ut
3145 3642 3200 3697 in
3252 3644 3497 3710 primisa

1928 3744 1947 3777 s
1986 3726 2242 3781 fratribus
2269 3738 2323 3781 et
2353 3730 2833 3785 cunsacerdotibus
2870 3732 3093 3794 nostris,
3136 3733 3226 3799 qui
3256 3733 3321 3786 ad
3357 3734 3498 3789 hanc

1928 3836 1948 3869 ι
1979 3818 2266 3887 synodum,
2302 3818 2416 3873 sive
2469 3835 2533 3874 ex
2564 3818 2812 3889 Byzacio.
2841 3823 2951 3876 sive
2977 3837 3039 3877 ex
3065 3823 3381 3878 Mauritania
3408 3839 3500 3878 ac-

1929 3927 1947 3960 ε
1981 3919 2281 3971 cesserunt,
2319 3925 2642 3977 quaeramus,
2690 3914 2961 3981 quomodo
2985 3914 3231 3969 conferre
3258 3925 3502 3970 statuunt

1930 4020 1950 4053 ι
1987 4002 2235 4070 presenti
2271 4004 2495 4069 synodo.
2551 4002 2612 4055 Et
2645 4018 2765 4057 cum
2810 4003 3120 4059 attulissent
3147 4004 3497 4075 Pliilologius,

1932 4109 1950 4143 ι
1980 4091 2139 4155 Geta,
2169 4090 2559 4154 Venustianus,
2592 4090 2899 4147 Feliciauus
2927 4093 3168 4162 episcopi
3204 4091 3499 4160 Byzaceua:

1932 4199 1951 4233 ι
1990 4181 2306 4250 provinciae,
2340 4180 2552 4236 litteras
2588 4180 2895 4250 legationis,
2927 4197 3049 4251 qna:
3076 4190 3129 4236 et
3157 4182 3306 4235 lecta:
3335 4190 3500 4245 sunt;

1934 4291 1951 4324 ε
1986 4281 2239 4341 praeterea
2268 4285 2445 4326 autem
2478 4286 2601 4326 cum
2651 4271 2962 4326 attulissent
2993 4272 3270 4326 Lucianus
3305 4281 3360 4325 et
3395 4270 3503 4324 Sil-

1935 4384 1954 4416 ε
1993 4379 2182 4427 vanus,
2210 4362 2373 4433 legati
2424 4362 2762 4419 Mauritania:
2818 4363 3053 4429 regionis
3088 4360 3382 4421 Sitifensis.
3413 4360 3503 4413 lit-

320 4476 341 4511 ε
382 4456 604 4525 συνόδῳ.
637 4456 743 4508 Καὶ
772 4456 1242 4524 προσενεγκόντων
1274 4454 1607 4522 σιλολογίου,
1660 4456 1811 4520 Γέτα1

1933 4473 1952 4505 ε
1982 4465 2127 4507 teras
2172 4453 2479 4523 legationis.
2528 4467 2714 4519 eaeque
2769 4452 2919 4506 lect-ai
2973 4462 3199 4507 essent:
3248 4452 3502 4505 Aurelius

324 4569 343 4602 ι
385 4546 796 4610 Βενουστιανοῠ,
838 4546 1167 4611 Φιλικιανοῦ,
1199 4547 1308 4599 τῶν
1353 4547 1666 4600 ἐπισκόπων
1718 4548 1817 4617 τῆς

324 4658 343 4688 ε
380 4635 687 4703 Βυζακινῆς
714 4634 919 4705 χώρας,
952 4634 1019 4687 τὰ
1054 4636 1356 4705 γράμματα
1389 4638 1489 4705 τῆς
1516 4651 1821 4706 τοποτηρη-

319 4745 340 4779 ε
376 4726 520 4788 σίας,
549 4726 619 4778 τὰ
644 4727 739 4777 καὶ
764 4724 1202 4793 ἀναγνωσθέντα,
1225 4723 1306 4778 ιτι
1331 4725 1389 4778 δι
1422 4727 1820 4795 προσενεγκόν-

318 4838 339 4870 s
379 4834 491 4871 των
521 4813 819 4869 Λουκιανοῦ
842 4816 938 4869 καὶ
971 4815 1257 4881 Σιλύανοῦ,
1298 4816 1409 4870 τῶν
1434 4818 1821 4888 τοποτηρητῶν

320 4931 337 4963 ι
371 4909 473 4980 τῆς
532 4906 918 4977 Μαυριτανιας
962 4904 1149 4977 χώρας
1203 4907 1304 4976 τῆς
1355 4909 1699 4978 Σιτιφένσης,
1752 4910 1822 4961 τὰ

316 5023 335 5055 ι
376 5002 685 5073 γράμματα
712 4999 810 5069 τῆς
860 4999 1286 5069 τοποτηρησίας,
1323 5002 1416 5053 καὶ
1446 5000 1651 5054 τούτων
1690 5003 1824 5054 ἀνα-

317 5114 337 5145 ε
369 5090 739 5160 γνωσθέντων,
767 5088 1030 5158 Αὐρήλιος
1062 5088 1354 5152 έπίσκοπος
1384 5086 1536 5143 εἶπεν
1557 5105 1571 5121 ·
1603 5092 1821 5144 Τούτων

318 5202 338 5234 ε
376 5181 488 5234 τῶν
521 5178 813 5253 έτγράςξων
839 5179 874 5246 ἡ
900 5178 1016 5247 ὑφὴ
1046 5181 1157 5242 τοῖς
1189 5182 1603 5250 πεπραγμένοις
1629 5181 1824 5246 συζευ-

319 5293 339 5325 ε
380 5270 559 5343 χθειη.
588 5270 723 5337 Περὶ
743 5269 853 5323 τῶν
887 5270 982 5323 τοῦ
1029 5270 1298 5335 Βυζακιου
1350 5273 1663 5326 έπισκὸπων
1689 5274 1829 5327 Νου-

320 5384 339 5415 ε
379 5363 572 5433 μήδιος
594 5361 887 5424 έπίσκοπος
924 5356 1077 5415 εἶπεν
1100 5377 1115 5393 ·
1152 5362 1498 5434 Προσέχομεν
1526 5367 1652 5428 τοὺς
1676 5366 1830 5421 ἀδελ-

320 5475 339 5506 ε
374 5455 509 5524 φοὺς
540 5454 636 5506 καὶ
661 5454 1095 5516 συνεπισκόπους
1120 5453 1308 5524 ἡμῶν,
1355 5457 1481 5520 τοὺς
1511 5458 1613 5527 τῆς
1656 5460 1830 5523 Βυζα.

317 5566 337 5596 s
376 5541 561 5613 χηνῶν
588 5540 773 5612 χώρας
812 5543 908 5597 καὶ
952 5543 1332 5623 ηαυριτανίας
1377 5546 1717 5619 Σιτιφένσης,
1750 5552 1830 5615 εις

321 5657 339 5687 ε
382 5634 485 5705 τὴν
535 5633 753 5687 σύνοδον
780 5635 1161 5705 τοποτηρητάς
1189 5636 1545 5692 ἀποστεῖλαι·
1591 5640 1686 5694 νῦν
1733 5641 1828 5713 ζη-

316 5749 333 5781 ι
380 5727 657 5793 τήσωμεν,
678 5725 774 5781 ἰὰν
800 5727 1165 5799 τοποτηρηταὶ
1184 5729 1282 5801 τῆς
1308 5727 1623 5805 Νουμηδίας
1657 5751 1829 5807 παρε-

1929 4563 1947 4595 ε
1978 4545 2264 4613 episcopus
2286 4544 2419 4597 dixit
2449 4560 2462 4595 :
2489 4542 2689 4597 llornm
2713 4547 3033 4611 scriptorum
3060 4554 3344 4599 contextus
3364 4544 3503 4596 actis

1927 4653 1946 4686 s
1977 4634 2352 4702 coniungatur.
2382 4635 2455 4689 De
2485 4635 2693 4705 Byzaeii
2723 4635 2991 4704 episcopis
3016 4633 3279 4689 Nimidius
3296 4635 3508 4704 episco-

1929 4745 1947 4777 ε
1982 4740 2079 4793 pus
2100 4726 2229 4779 dixit
2260 4743 2274 4779 :
2303 4724 2794 4780 Animadvertimus
2816 4726 3113 4781 conlratres
3132 4736 3185 4779 et
3223 4728 3505 4795 coepisco-

1932 4829 1951 4863 ι
1980 4825 2074 4879 pos
2090 4822 2303 4867 nostros
2330 4811 2722 4882 Byzaceuorutu
2746 4813 3037 4883 provincia:
3083 4824 3135 4868 et
3169 4814 3505 4869 Mauritania

1933 4904 2257 4960 tSitifensis
2312 4906 2378 4959 ad
2430 4906 2691 4975 synodum
2756 4906 2957 4975 legatos
3046 4907 3303 4962 misisse:
3365 4922 3505 4960 nunc

1933 5014 1950 5047 ι
1992 5011 2294 5066 quaramus
2320 5013 2386 5050 an
2415 4996 2571 5069 legati
2599 4995 2862 5051 Numidiae
2892 5008 3257 5062 accesserunt,
3278 4997 3363 5052 vel
3383 4997 3506 5051 ἰ’τί-

1933 5107 1951 5140 ε
1985 5089 2235 5156 politanz
2298 5089 2507 5143 scilicet
2540 5090 2793 5159 regionis.
2848 5090 2930 5143 vel
2962 5091 3122 5143 etiam
3185 5090 3508 5146 Caesariana:

1935 5200 1954 5232 ε
1987 5180 2341 5235 Mauritaniae.
2366 5179 2439 5235 De
2465 5179 2803 5235 Mauritania
2830 5177 3099 5235 Sitifensis
3119 5180 3383 5247 episcopis
3405 5178 3513 5232 Lu-

1939 5291 1957 5323 ι
1992 5272 2185 5326 cianus
2214 5280 2267 5326 et
2299 5269 2570 5341 Sylvanus
2597 5270 2837 5339 episcopi
2868 5268 3204 5324 Mauritania:
3237 5269 3511 5325 Sitifensis

1936 5380 1955 5413 ε
1993 5362 2232 5432 regionis
2264 5362 2427 5431 legati
2456 5362 2703 5417 dixerunt
2731 5378 2745 5413 :
2783 5360 2917 5417 Sero
2940 5364 3005 5416 ad
3065 5362 3260 5416 fratres
3293 5373 3508 5416 nosttos

1936 5473 1955 5505 ε
1987 5452 2307 5508 Casariaun
2360 5453 2617 5525 synodica
2658 5454 2885 5523 epistola
2921 5455 3186 5524 pervenit,
3218 5467 3509 5524 postquam

1940 5564 1959 5598 ε
1991 5546 2067 5600 illi
2096 5545 2311 5601 venturi
2337 5553 2537 5611 erant;
2590 5546 2817 5601 omnino
2860 5556 3039 5600 tamen
3071 5547 3289 5601 venient
3315 5564 3325 5597 :
3362 5553 3415 5597 et
3446 5545 3513 5599 de

1938 5656 1957 5687 ε
1990 5653 2178 5693 eorum
2209 5639 2405 5696 animis
2452 5641 2800 5706 conﬁdimus,
2852 5641 2996 5712 quod
3031 5642 3077 5699 si
3110 5644 3239 5712 quid
3276 5657 3511 5712 unquam

1941 5749 1958 5783 ‹
1993 5731 2044 5786 in
2078 5730 2180 5789 hac
2215 5732 2421 5803 synodo
2470 5734 2581 5798 lict.
2616 5734 2719 5791 losi
2748 5748 2962 5791 uuooue
2990 5734 3110 5790 sine
3145 5732 3308 5789 dubio
3334 5748 3514 5789 assen-
