4212 6440
736 373 843 435 327

810 507 828 536 ε
868 488 1052 547 clesia,
1089 500 1207 553 qua:
1238 501 1332 541 eos
1367 490 1456 556 pio
1486 488 1537 542 itt
1570 490 1788 545 Christo
1836 499 1989 542 utero
2022 492 2227 558 genuit,
2257 497 2310 541 et
2338 489 2390 547 Α

809 598 825 627 ε
868 579 973 631 fide
998 578 1415 634 continuatione
1450 582 1603 645 aluit,
1642 595 1829 635 eorum
1875 596 2088 648 quoque
2120 579 2300 648 provi-

814 686 831 717 ε
871 666 1052 719 dentia
1082 668 1387 730 muniatur;
1431 683 1495 721 ue
1522 668 1659 722 forte
1689 672 1918 723 audaces
1947 676 2000 723 et
2031 670 2301 722 temerarii

811 776 827 806 ε
875 756 1143 817 lt0miues,
1171 759 1224 809 in
1276 759 1539 826 religiosis
1563 776 1748 813 eorum
1795 761 2151 828 temporibus,
2189 771 2301 813 ter-

810 866 827 895 ε
881 861 1004 900 rore
1028 847 1212 914 aliquo
1244 852 1294 900 ltt
1328 848 1496 901 bonos
1528 832 1755 918 populos
1786 852 2121 904 dominatum
2152 850 2300 904 obti-

806 957 824 986 ‹
871 950 1065 1002 neant;
1109 939 1364 1007 quoniam
1398 955 1494 993 eos
1533 942 1919 1008 persuadentes
1952 957 2303 1010 corrumpere

808 1048 825 1076 ε
867 1044 974 1081 non
1028 1040 1272 1098 possunt.
1322 1029 1608 1098 Cognitum
1654 1033 1797 1085 enim
1830 1042 1935 1098 est,
1982 1044 2036 1087 et
2096 1034 2304 1102 legibus

804 1139 821 1170 ι
867 1136 1006 1190 saepe
1038 1124 1433 1189 proclamatttr,
1477 1138 1720 1191 quaenam
1762 1140 1977 1186 eorum,
2013 1126 2103 1192 qui
2147 1141 2304 1193 sepa-

808 1228 826 1259 ε
872 1221 1043 1263 ratam
1090 1210 1292 1264 ltabcnt
1331 1215 1826 1280 congregationem,
1860 1216 2195 1265 exsecranda
2229 1211 2308 1265 fa-

807 1319 825 1349 ε
866 1301 974 1354 ciat
1022 1302 1336 1367 multitudo,
1378 1318 1496 1371 qua:
1526 1304 1687 1356 etiam
1745 1321 1885 1372 saepe
1927 1304 2303 1370 praedictorum

808 1409 827 1439 ε
869 1393 1399 1460 religiosissitnorum
1456 1395 1839 1463 imperatorum
1882 1396 2117 1449 decretis
2174 1411 2306 1449 con-

809 1502 826 1532 ε
873 1484 1125 1536 demnata
1155 1494 1299 1537 sunt.
1336 1486 1609 1539 Adversus
1653 1502 1782 1553 ergo
1815 1488 2030 1539 illoruut
2065 1488 2307 1541 insanias

808 1592 823 1621 ε
870 1588 1156 1640 possumus
1178 1576 1360 1626 divina
1386 1576 1583 1627 auxilia
1614 1578 1899 1644 consequi,
1932 1594 2036 1631 nou
2074 1581 2304 1642 insueta,

809 1684 826 1712 ε
869 1670 978 1718 nec‘
1002 1666 1172 1719 aliena
1201 1707 1214 1730 ,
1249 1667 1341 1719 sed
1392 1683 1420 1719 a
1452 1669 1655 1720 sanctis
1698 1668 1995 1737 Scripturis
2028 1687 2041 1722 :
2089 1672 2304 1737 quando

808 1775 826 1805 ε
864 1755 1064 1809 Paulus
1096 1758 1397 1824 apostolus,
1434 1769 1490 1810 ut
1517 1759 1657 1811 veris
1683 1760 2053 1826 apostolorum
2084 1760 2305 1813 Actibus

812 1867 828 1897 ι
869 1849 1202 1902 declaratum
1232 1860 1332 1913 est,
1362 1850 1710 1903 insolentium
1745 1862 1797 1902 et
1828 1850 2175 1904 factiosorum
2212 1850 2309 1901 lto-

806 1958 823 1987 ε
868 1939 1068 1991 ιιιὶιιιιιιι
1118 1941 1577 2009 conspirationem
1627 1941 1846 1993 militari
1894 1942 2097 1993 auxilio
2142 1942 2308 2008 depu-

806 2049 823 2079 ι
870 2032 949 2083 lit.
1025 2030 1134 2085 Nos
1178 2047 1306 2101 ergo
1351 2034 1452 2085 Itoc
1492 2033 1752 2099 petimus,
1806 2044 1866 2085 ut
1908 2033 2308 2088 univcrsalibus

805 2140 820 2167 ε
869 2120 1230 2174 Ecclesiarum
1280 2124 1584 2185 ordinibus,
1619 2124 1670 2175 in
1719 2138 2042 2191 unaquaque
2087 2125 2307 2177 civitate

805 2230 820 2260 ε
864 2220 916 2263 ct
945 2212 995 2261 itt
1019 2210 1251 2265 diversis
1293 2213 1448 2273 locis,
1476 2214 1775 2265 vicinarum
1802 2228 2139 2281 quarumque
2182 2228 2304 2282 pos~

810 2318 827 2348 ε
872 2302 1203 2366 sessiouum,
1252 2301 1371 2355 sine
1414 2316 1565 2354 mora
1617 2305 1865 2356 custodia
1900 2314 1953 2356 et
1998 2304 2303 2371 praesidium

805 2405 823 2438 ι
873 2392 1197 2457 ιιτιιιιιειιιυτ.
1245 2390 1417 2443 Simul
1471 2392 1575 2445 ltoc
1622 2407 1836 2460 quoque
1862 2393 2149 2459 petendum
2182 2402 2304 2454 est,

801 2499 819 2530 ε
863 2490 920 2533 ιιι
962 2482 1128 2548 legem
1169 2482 1330 2535 latam
1376 2498 1404 2535 a
1448 2484 1547 2552 pia:
1591 2486 1867 2537 memoria:
1905 2498 2093 2538 eorum
2145 2482 2308 2537 Patro

808 2589 824 2620 ι
871 2571 1200 2635 Theodosio,
1227 2573 1295 2627 dc
1327 2575 1513 2628 decem
1563 2576 1715 2628 libris
1746 2575 1860 2627 auri
1896 2575 2162 2628 adversus
2192 2576 2303 2627 lue-

802 2681 817 2709 ε
861 2662 1059 2715 reticos
1104 2664 1196 2729 qui
1238 2664 1493 2716 ordinant
1552 2674 1607 2719 et
1675 2666 1999 2718 ordinantur
2049 2676 2302 2726 servent;

800 2772 818 2803 ε
865 2761 1127 2820 pratterea
1173 2766 1356 2808 autent
1390 2766 1444 2809 et
1470 2757 1730 2810 adversus
1763 2772 2127 2825 possessores,
2162 2760 2300 2825 apud

798 2862 815 2894 ι
865 2860 1002 2914 quos
1070 2846 1287 2899 illorum
1359 2847 1574 2899 inventa
1660 2846 1827 2901 fuerit
1908 2849 2299 2917 congregatio:

796 2952 814 2984 ε
864 2934 1060 2989 deinde
1104 2937 1184 2990 sic
1214 2950 1334 2989 eam
1371 2936 1543 3006 legem
1601 2940 2195 3007 coutirmarijubeant.
2245 2948 2304 2991 ut

794 3043 813 3075 ε
861 3026 1123 3080 adversus
1164 3042 1257 3081 eos
1300 3032 1513 3091 valeat,
1561 3041 1779 3098 propter
1808 3044 2038 3097 quorum
2075 3028 2303 3083 insidias

794 3133 814 3167 ε
858 3118 919 3181 ii,
967 3120 1057 3186 qui
1084 3122 1366 3174 catholica:
1397 3121 1651 3175 Ecclesia:
1672 3136 1857 3174 Curam
1878 3123 2159 3189 gerebant,
2209 3136 2303 3189 per
2330 3146 2371 3200 ο

792 3227 809 3256 ε
853 3209 1225 3263 testimonium
1263 3211 1490 3278 depositi
1538 3223 1660 3265 sunt
1690 3228 1704 3274 ;
1752 3223 1808 3265 ut
1838 3212 1939 3265 hoc
1962 3213 2153 3266 saltem
2188 3222 2299 3265 tet--

792 3314 810 3345 ε
856 3312 982 3352 rore
1019 3314 1046 3351 a
1083 3299 1353 3354 faciendis
1380 3302 1792 3366 scltismatibns,
1837 3314 1889 3355 et
1923 3303 1990 3355 ab
2023 3303 2301 3356 hatretico-

792 3408 808 3439 ι
851 3406 965 3443 rum
1006 3391 1352 3460 improbitate
1392 3405 1633 3457 ceSsent,
1687 3397 1777 3461 qui
1824 3396 2014 3449 aeterni
2048 3394 2296 3463 supplicii

794 3500 812 3530 ε
857 3484 1316 3549 contemplatione
1344 3486 1586 3555 purgari,
1612 3498 1665 3541 et
1690 3488 1889 3557 corrigi
1920 3485 2200 3541 differunt.
2237 3485 2299 3539 Il-

795 3594 812 3623 ‹
858 3575 945 3628 Iud
1002 3586 1259 3643 praeterea
1305 3581 1594 3643 petendum
1650 3587 1735 3632 est
1783 3588 1839 3630 ut
1872 3594 2061 3632 eorum
2097 3580 2300 3647 pietate

806 3686 822 3717 ι
868 3668 949 3720 lex
985 3682 1104 3735 qua:
1162 3669 1326 3721 etiam
1373 3670 1652 3737 hucusque
1690 3671 1926 3733 duravit,
1988 3683 2296 3731 renovetur,

793 3780 808 3810 ι
854 3777 1083 3828 qumque
1130 3764 1242 3815 sive
1302 3778 1365 3815 ex
1414 3764 1824 3827 donationibus,
1867 3765 1983 3819 sive
2015 3778 2079 3817 cx
2132 3774 2299 3818 testa-

791 3868 806 3897 ς
852 3853 1049 3904 mentis
1088 3854 1380 3921 quidquam
1414 3856 1661 3922 capiendi
1694 3856 1773 3908 vel
1822 3857 2182 3923 relinquendi,
2218 3867 2295 3919 et‘,

790 3962 805 3991 ι
849 3956 904 3995 ιιι
930 3944 1098 3995 semel
1123 3945 1324 4008 dicant,
1369 3947 1589 4012 propria
1626 3947 1709 3999 vel
1744 3946 2059 4015 relinquere
2095 3948 2177 4000 vel
2206 3962 2296 4001 ca-

788 4051 803 4078 ε
851 4046 975 4097 pore
1001 4031 1138 4083 tollit
1170 4043 1491 4099 poteSIatctn
1538 4032 1841 4098 Ιιιιετριὶεἱε,
1866 4035 1955 4103 qui
1987 4035 2038 4086 iu
2064 4035 2298 4102 pmpriae

780 4134 796 4163 ε
844 4114 1007 4185 63o
1039 4117 1409 4183 persuasionis
1437 4119 1644 4171 insania
1671 4120 1929 4172 exczecati
1962 4128 2110 4179 Suul,
2144 4128 2199 4170 et
2244 4118 2295 4170 itt

790 4229 804 4255 ε
853 4208 1256 4263 Donatistarum
1286 4225 1475 4265 crrore
1500 4212 1687 4263 volunt
1711 4225 2053 4279 permanere.
2086 4210 2175 4263 Eis
2202 4226 2298 4263 au-

798 4320 813 4349 ε
868 4310 999 4364 tem,
1027 4301 1118 4368 qui
1150 4302 1367 4353 nnionis
1424 4314 1479 4356 et
1521 4303 1672 4370 pacis
1713 4302 2175 4370 contemplatiOne
2213 4317 2294 4353 se-

789 4408 803 4437 ι
847 4389 994 4458 ipsos
1042 4392 1227 4443 volunt
1256 4392 1552 4461 corrigere,
1577 4407 1735 4459 supra
1758 4391 1942 4460 posita:
1971 4391 2103 4461 legis
2138 4406 2295 4459 aper-

792 4498 808 4529 ι
860 4488 945 4532 tus
975 4481 1046 4533 sit
1076 4495 1294 4545 sensus,
1333 4490 1390 4534 ut
1434 4481 1707 4549 accipiant
1756 4481 2171 4545 ltmreditateut;
2246 4480 2289 4533 si
2322 4480 2373 4539 D

791 4585 809 4617 ε
859 4568 923 4622 iis
948 4569 1125 4623 adhuc
1156 4570 1285 4636 ipsis
1309 4570 1361 4621 in
1392 4572 1769 4623 ltmretieorum
1805 4584 1993 4623 errore
2017 4570 2291 4622 constitu-

790 4654 807 4707 ti
851 4660 918 4712 tis
951 4660 1154 4727 aliquid
1178 4677 1242 4714 ex
1271 4664 1562 4715 donatione
1587 4661 1669 4714 vel
1697 4661 2009 4713 ltmreditate
2027 4660 2249 4713 obvenit
2268 4674 2287 4711 :

788 4772 804 4801 ι
851 4754 1097 4821 exceptis
1128 4754 1334 4808 scilicet
1362 4756 1490 4816 illis,
1521 4755 1613 4822 qui
1643 4764 1930 4822 postquam
1982 4753 2034 4804 itt
2074 4752 2163 4819 jus
2196 4766 2291 4804 vo-

790 4858 806 4889 ε
854 4841 960 4893 cati
998 4840 1222 4906 fuerint,
1269 4842 1657 4896 existimarunt
1687 4856 1747 4894 se
1783 4839 1980 4893 debere
2002 4841 2068 4893 ad
2099 4842 2290 4892 catho-

783 4952 796 4979 ι
846 4933 1003 4985 lit-am
1065 4933 1361 4987 Ecclesium
1397 4934 1649 4988 transire.
1685 4932 1759 4985 De
1790 4933 1853 4985 iis
1885 4932 2027 4985 enim
2057 4933 2287 4985 creden-

782 5042 799 5073 ε
850 5025 974 5077 dum
1022 5034 1126 5091 est,
1162 5040 1257 5080 eos
1297 5042 1401 5079 non
1440 5039 1585 5078 metu
1639 5026 1883 5079 caelestis
1913 5024 2106 5094 judieii
2133 5064 2148 5085 ,
2195 5025 2289 5079 sed

774 5141 789 5167 ι
842 5131 1074 5173 terrena:
1108 5116 1811 5187 amplitudinisinsatiabili
1837 5114 2161 5183 cupiditate,
2193 5129 2287 5167 ca-

783 5232 799 5260 ε
848 5211 1102 5265 tltolicam
1131 5211 1384 5262 uttiouem
1418 5210 1778 5262 desiderasse.
1829 5208 1908 5260 Ad
1955 5208 2069 5260 haec
2106 5216 2286 5259 autem

777 5324 793 5354 ε
835 5304 1041 5367 omnia,
1077 5304 1281 5356 auxilio
1314 5316 1449 5370 opus
1479 5312 1561 5355 est
1590 5300 1982 5371 dynastiarium
2029 5300 2287 5352 uniuscu—

778 5416 795 5446 ε
835 5396 1035 5465 jusque
1068 5394 1377 5462 provinciae.
1426 5393 1594 5447 Porro
1620 5404 1674 5446 et
1710 5392 1752 5444 si
1781 5390 1909 5460 quid
1932 5388 2075 5443 aliud
2111 5389 2287 5443 anim-

779 5508 794 5538 ι
842 5488 1174 5540 adverteriut
1267 5485 1661 5540 ecclesiastica:
1741 5483 1964 5535 utilitati
2013 5480 2285 5544 conferre,

783 5598 799 5627 ι
846 5580 943 5632 hoc
977 5578 1268 5647 peragendi
1317 5587 1371 5631 et
1423 5575 1740 5646 perlicieudi
1774 5573 1997 5627 libet-am
2047 5572 2291 5625 decerni-

783 5689 801 5721 ι
848 5687 969 5725 mus
998 5672 1343 5739 legationem.
1390 5671 1522 5725 Illud
1558 5683 1776 5737 quoque
1822 5668 2010 5720 adhzec
2063 5666 2285 5734 placuit,

782 5782 801 5815 ι
844 5776 898 5819 ιιι
950 5766 1141 5819 ἥλιξι-ω
1173 5780 1236 5819 ex
1271 5774 1458 5819 n0stro
1508 5772 1777 5818 conventu
1833 5766 1898 5813 ad
1952 5760 2285 5814 clarissimos

2001 375 2282 436 TllEOD.
2328 375 2418 433 BA
2430 375 2561 435 LSA
2572 374 2730 435 ΜοΝ
3886 371 3991 436 3⁴Ξ8

2493 508 2511 535 ε
2561 489 3289 559 σιωπήσωμεν,ἑπιϐνουλαῖς
3335 488 3575 557 συσχεῖν,
3628 487 3723 540 καί
3778 505 3889 540 τισι
3943 484 3997 538 δὲ

2500 596 2517 629 ι
2564 578 2643 631 In
2677 580 2781 648 μὴν
2803 580 3124 649 ἐκκλησίαις
3159 579 3461 649 ἐπέϐησαν,
3490 580 3585 631 καὶ
3617 576 3805 641 ἄλλαις
3839 576 4000 630 tul-

2499 689 2518 721 ε
2566 668 2680 722 θεῖν
2703 672 2902 740 ὁμοίως
2935 673 3331 742 έπειράϐησαν,
3355 671 3455 738 τῆς
3479 669 3660 723 αὐτῶν
3691 668 3997 738 φιλανθρωο

2497 780 2514 811 ε
2564 762 2693 824 πίας
2716 762 2902 816 λοιπόν
2935 765 3051 817 ἐστι
3071 765 3488 831 προνοήσασθαι,
3518 762 3604 814 ἵνα
3645 763 3675 829 ὴ
3735 760 3997 830 καθολικὴ

2498 873 2514 902 ε
2564 854 2885 919 Ἐκκλησία,
2918 855 2951 924 ή
2988 856 3183 917 αὐτοὺς
3220 853 3592 922 θρησκευτικῇ
3616 850 3841 921 Χριστῷ
3872 866 3996 917 γεν-

2497 961 2515 993 ε
2562 946 2772 1009 νήσασα
2799 946 3019 1015 γαστρὶ,
3049 946 3139 997 καὶ
3170 948 3235 1014 τῇ
3263 942 3551 1014 βεϐαῶσει
3606 942 3709 1011 τῆς
3760 942 3997 999 πίστεως

2500 1052 2517 1082 ε
2559 1033 2893 1102 έκθρέψασα,
2920 1037 2986 1103 τῇ
3011 1032 3190 1086 αὐτῶν
3211 1033 3291 1084 ἔτι
3324 1032 3430 1102 μὴν
3456 1033 3680 1101 προνοίᾳ
3702 1027 3954 1099 ὀχυρωθῇ
3979 1043 3994 1058 ⁸

2498 1143 2515 1174 ι
2566 1125 2775 1192 μήποτε
2812 1126 3105 1193 προπετεῖς
3150 1122 3424 1191 ἄνθρωποι
3470 1123 3562 1173 επὶ
3594 1120 3704 1173 τῶν
3752 1116 3997 1173 εὐσεϐῶν

2497 1233 2515 1265 ε
2563 1216 2743 1268 αὐτῶν
2780 1216 2986 1285 χρόνων
3016 1214 3165 1283 φόϐῳ
3185 1215 3292 1265 τινὶ
3321 1213 3430 1265 τῶν
3455 1211 3700 1265 άσθενῶν
3722 1209 3867 1263 λαῶν
3899 1224 4003 1261 κα-

2497 1322 2514 1352 ε
2560 1303 3080 1356 ταδνναστεὺσωσιν.
3127 1303 3341 1370 Ἐπειδὴ
3358 1301 3739 1361 ὐποπείθοντες
3754 1297 3998 1359 τούτους,

2497 1412 2514 1443 ε
2556 1394 2920 1461 nomen“:
2937 1395 2999 1447 οὐ
3012 1394 3286 1447 δύνανται.
3315 1395 3623 1461 Ἔγνωσται
3637 1392 3747 1460 γάρ
3766 1391 3859 1443 καὶ
3871 1389 3999 1442 πολ-

2499 1505 2515 1534 ι
2564 1485 2720 1546 λάκις
2743 1488 2855 1547 τοῖς
2886 1487 3071 1555 νόμοις
3114 1485 3374 1538 ἑκϐοᾶται
3425 1483 3531 1536 τῶν
3576 1478 3999 1552 παρασυναγόν-

2502 1595 2518 1625 ι
2567 1595 2677 1629 των
2713 1580 2745 1646 ἡ
2800 1577 3062 1645 paetum;
3122 1577 3352 1645 πληθὺς,
3401 1578 3531 1627 ποῖα
3582 1571 3995 1644 διαπράττεται,

2497 1685 2514 1715 ε
2565 1665 2629 1718 an
2640 1683 2723 1719 ινα
2744 1667 2838 1718 καὶ
2872 1667 3129 1729 πολλάκις
3158 1670 3269 1729 τοῖς
3293 1665 3657 1728 θεσπίσμασιν
3682 1661 3863 1716 αὑτῶν
3887 1657 3999 1713 τῶν

2497 1777 2513 1807 ι
2565 1757 2966 1827 προλεχθέντων
2998 1756 3401 1810 εὐσεϐεστάτων
3431 1753 3847 1825 αὐτοκρατόρων
3900 1767 4001 1804 και

2493 1870 2508 1898 ε
2560 1847 2977 1916 τεδικάσθησαν.
3015 1848 3170 1901 Κατὰ
3220 1843 3315 1900 οὖν
3366 1848 3466 1913 τῆς
3509 1845 3732 1898 ὲκείνων
3799 1841 3998 1910 μανίας

2491 1958 2507 1988 ε
2555 1937 2835 2006 δυνάμεθα
2863 1938 3177 2006 συμμαχίας
3218 1937 3367 1999 θείας
3393 1937 3600 2005 τυχεῖν,
3628 1935 3729 1986 οὐκ
3788 1930 3994 2000 ἀήθους

2490 2053 2506 2083 ε
2552 2031 2629 2093 δὲ,
2691 2030 2811 2083 οὐδὲ
2857 2029 3166 2097 ἀλλοτρίας,
3222 2027 3337 2080 ἀλλ’
3367 2029 3475 2081 ἀπὸ
3502 2028 3610 2081 τῶν
3640 2025 3812 2095 ἁγίων
3841 2022 3991 2091 Ppu-

2486 2142 2504 2171 ε
2550 2122 2665 2188 φῶν
2696 2135 2711 2150 ·
2737 2122 2939 2173 ὁπόταν
2968 2119 3176 2180 Παῦλος
3202 2120 3230 2170 ό
3254 2116 3573 2179 ἀπόστολος.
3600 2115 3676 2176 ὼς
3708 2116 3829 2175 ταῖς
3859 2112 3996 2179 άλη-

2486 2230 2505 2261 ι
2554 2210 2729 2271 θιναίς
2759 2209 3003 2278 Πράξεσι
3030 2208 3138 2261 τῶν
3168 2208 3482 2261 ἀποστόλων
3524 2204 3843 2272 δεδήλωται,
3897 2200 4000 2267 τὴν

2491 2322 2509 2352 ε
2556 2302 2861 2369 σύμπνοιαν
2918 2300 3027 2351 τῶν
3064 2300 3316 2353 ἀτάκτων
3361 2296 3692 2363 ἀπεκίνησεν
3750 2290 3997 2360 βοηθείᾳ.

2488 2412 2503 2441 ε
2563 2392 2755 2459 ἸΙμείς
2793 2391 2974 2444 τοίνυν
2998 2389 3157 2442 τοῦτο
3187 2388 3469 2456 αἰτοῦμεν,
3500 2387 3587 2439 ῐνα
3630 2388 3749 2445 ταῖς
3775 2381 3999 2435 καθολι-

2486 2502 2502 2532 ι
2551 2484 2672 2545 καῖς
2694 2482 2879 2548 τάξεσι
2908 2483 3018 2534 τῶν
3050 2480 3357 2549 ἐκκλησιῶν
3415 2479 3519 2532 ἀνά
3559 2477 3796 2542 ἑκάστην
3842 2472 3999 2525 πόλιν

2484 2593 2498 2622 ι
2546 2574 2648 2626 ἀνὰ
2703 2573 2992 2643 διαφόρους
3046 2572 3242 2632 τόπους
3290 2571 3400 2623 τῶν
3458 2566 3813 2636 γειτονουσῶν
3863 2565 3996 2618 ἑκά·

2488 2683 2503 2714 ι
2550 2682 2689 2717 στων
2719 2667 2988 2731 κτήσεων,
3017 2662 3400 2732 ἀνυπερθέτως
3419 2658 3791 2727 παραφυλακὴ
3814 2672 3997 2724 παρα-

2488 2774 2505 2802 σ
2552 2756 2739 2825 σμθῇ.
2772 2759 2922 2825 ’Δμα
2951 2756 3044 2807 καὶ
3074 2754 3232 2807 τοῦτο
3263 2753 3373 2805 δεῖν
3409 2750 3654 2819 αἰτῆσαι,
3712 2749 3856 2801 ὥστε
3902 2747 3999 2797 τὸν

2488 2865 2503 2895 ι
2546 2847 2709 2915 νόμον
2760 2848 2851 2899 τὸν
2917 2845 3205 2898 ἐκτεθέντα
3264 2844 3413 2913 παρὰ
3465 2841 3557 2894 τοῦ
3604 2842 3704 2908 τῆς
3737 2834 3999 2897 εὐσεϐοῦς

2486 2955 2502 2985 ι
2556 2938 2779 3006 μνήμης
2812 2937 3050 3006 ηατὲρος
3080 2935 3259 2988 αὐτῶν
3280 2932 3583 2995 Θεοδοσίου,
3612 2933 3703 2983 τὸν
3730 2931 3858 2998 περὶ
3885 2929 3996 2981 τῶν

2486 3048 2504 3077 ε
2552 3028 2683 3081 δέκα
2714 3028 2806 3081 τοῦ
2837 3027 3065 3100 χρυσίου
3085 3027 3307 3097 λιτρῶν,
3335 3026 3427 3079 τδν
3454 3024 3596 3078 κατὰ
3619 3024 3729 3077 τῶν
3752 3038 3996 3092 χειροτο-

2485 3139 2501 3167 ε
2549 3118 2783 3171 νούντων
2808 3121 2904 3172 καὶ
2934 3117 3433 3188 χειροτονουμένων
3475 3114 3768 3185 αἰρετικῶν
3824 3113 3998 3180 φυλά-

2483 3229 2499 3259 ε
2548 3210 2731 3273 ξωσιν,
2764 3211 2844 3261 ἔτι
2884 3210 2989 3279 μὴν
3016 3209 3113 3261 καὶ
3161 3208 3308 3260 κατὰ
3363 3207 3471 3260 τῶν
3531 3206 3811 3275 κτητόρων
3860 3200 3995 3272 παρ’

2485 3320 2502 3351 ι
2548 3296 2629 3362 οἷς
2657 3303 2690 3370 η
2724 3301 2949 3353 ἐκείνων
3005 3299 3203 3369 εὑρεθῇ
3266 3297 3559 3365 συναγωγή
3592 3311 3605 3325 ·
3657 3290 3758 3347 εἷθ’
3816 3292 3994 3355 οὕτως

2484 3412 2500 3439 ι
2551 3392 2913 3462 βεϐαιωθῆναι
2945 3393 3034 3443 τὸν
3065 3388 3327 3452 τοιοῦτον,
3361 3382 3435 3441 ῶν
3476 3387 3565 3440 διὰ
3610 3385 3710 3448 τας
3767 3384 3993 3436 επιϐου-

2484 3502 2502 3537 ι
2555 3483 2649 3546 λὰς
2686 3485 2733 3535 οί
2764 3488 2864 3551 τῆς
2895 3483 3186 3551 καθολικῆς
3226 3480 3630 3552 προτραπέντες
3659 3478 3748 3531 διὰ
3778 3493 3994 3546 μαρτυ-

2487 3596 2504 3626 ε
2550 3577 2675 3646 ρίαν
2708 3577 2973 3630 ἀπέθεντο
3010 3593 3024 3607 ·
3058 3577 3144 3628 ἴνα
3178 3576 3280 3628 κᾶν
3311 3575 3486 3642 τούτῳ
3518 3573 3591 3641 τῷ
3623 3571 3773 3639 φόϐῳ
3802 3571 3871 3623 ὲκ
3897 3569 3990 3621 τοῦ

2492 3690 2508 3719 ε
2559 3671 2730 3721 ποιεῖν
2786 3668 3058 3737 σχίσματα
3114 3666 3210 3719 καὶ
3262 3665 3368 3720 άπὸ
3417 3666 3515 3734 τῆς
3559 3662 3668 3715 τῶν
3696 3661 3993 3731 αίρετικῶν

2480 3780 2495 3809 ε
2546 3758 2879 3828 φαυλότητος
2918 3760 3237 3811 παύσωνται
3287 3758 3336 3809 οἱ
3389 3759 3454 3825 τῇ
3514 3754 3835 3819 κατανοήσει
3889 3751 3993 3821 τῆς

2479 3869 2495 3898 ι
2545 3848 2768 3911 αἰωνίας
2809 3848 3084 3911 κολάσεως
3130 3846 3473 3915 καθαρθῆναι
3508 3844 3598 3896 καὶ
3630 3842 3992 3910 διορθωθῆναι

2479 3957 2495 3987 ι
2546 3937 2984 4007 ὑπερτιθέμενοι.
3030 3938 3263 3989 Κάκεῐνο
3302 3934 3381 3987 ῐτι
3442 3933 3549 4003 μὴν
3612 3933 3833 4003 αίτῆσαι
3889 3932 3991 3994 δεῖ,

2489 4046 2505 4078 ι
2554 4029 2643 4081 ἵνα
2672 4031 2737 4097 τῇ
2769 4027 2949 4080 αὐτῶν
2976 4027 3230 4097 εὐσεϐείᾳ
3252 4028 3279 4079 ὁ
3308 4027 3402 4078 καὶ
3442 4026 3602 4094 μέχρι
3636 4022 3729 4075 τοῦ
3788 4022 3995 4091 παρόν-

2477 4138 2494 4166 ‹
2539 4135 2629 4179 τος
2668 4120 2831 4186 νόμος
2852 4118 3285 4187 ὲπαναληφθείη,
3330 4118 3356 4169 ό
3387 4117 3485 4187 τὴν
3543 4116 3827 4184 εὐχέρειαν
3880 4113 3993 4168 τῶν

2481 4229 2497 4258 ι
2546 4209 2837 4278 αἱρετικῶν
2860 4208 3394 4279 ἀφαιρούμενος,τοῦ
3423 4208 3534 4260 εἴτε
3568 4206 3676 4260 άπὸ
3705 4203 3987 4272 διαθηκῶν

2481 4322 2497 4351 ε
2546 4302 2773 4363 τούτους
2811 4301 3072 4354 δύνασθαι
3098 4301 3397 4369 λαμϐάνειν
3432 4300 3485 4352 τί
3532 4314 3684 4359 ποτε,
3731 4296 3767 4366 ἢ
3813 4313 3990 4349 κατα-

2481 4415 2498 4445 (
2546 4394 2861 4463 λιμπάνειν,
2891 4392 2984 4445 καὶ
3019 4392 3202 4452 ἁπλῶς
3226 4392 3428 4453 είπεῖν,
3457 4389 3550 4443 τοῦ
3577 4390 3687 4442 εἴτε
3711 4389 3954 4456 καταλιμ
3972 4415 3988 4426 -

2477 4505 2494 4536 ι
2544 4484 2733 4538 πάνειν
2761 4502 2831 4550 τι,
2867 4484 2976 4536 εἴτε
3002 4483 3301 4551 λαμϐάνειν
3327 4483 3394 4534 τὰ
3415 4482 3528 4536 ἴδια
3556 4481 3852 4550 ἀφέληται.
3876 4479 3990 4532 τῶν

2475 4596 2492 4625 ι
2540 4579 2604 4646 τῇ
2636 4576 2805 4645 μανίᾳ
2840 4575 2933 4627 τοῦ
3004 4575 3145 4627 ίδίου
3205 4576 3509 4642 πείσματος
3575 4570 3987 4639 τυφλωθέντων,

2472 4687 2488 4716 ε
2536 4661 2629 4718 καῖ
2693 4670 2750 4718 έν
2805 4668 2870 4735 τῇ
2908 4664 3018 4717 τῶν
3072 4664 3409 4717 Δονατιστῶν
3472 4662 3645 4732 πλάνῃ
3699 4659 3986 4729 επιμένειν

2479 4777 2495 4808 ι
2546 4756 2912 4826 βουλομένων.
2941 4754 3064 4817 Τοῖς
3099 4754 3155 4807 δὲ
3187 4758 3253 4825 τῇ
3278 4754 3605 4824 κατανοήσει
3643 4751 3743 4819 τῆς
3794 4751 3986 4819 ἑνότη-

2472 4866 2490 4898 ι
2537 4864 2628 4909 τος
2664 4847 3011 4915 καὶεὶρήνης
3066 4845 3295 4908 ἑαυτοὺς
3344 4841 3742 4910 διορθώσασθαι
3796 4839 3985 4909 βουλοο

2472 4959 2488 4989 ι
2542 4939 2725 5008 μένοις
2758 4936 3156 5008 ὑπερκειμένου
3184 4934 3278 4988 τοῦ
3317 4933 3561 4986 τοιούτου
3606 4932 3774 5001 νόμου
3835 4934 3987 4984 ἀνοι-

2471 5049 2487 5080 ι
2537 5028 2691 5097 χθείη
2720 5032 2753 5096 ἡ
2788 5028 3049 5096 ἀκρόασις
3092 5024 3186 5077 τοῦ
3216 5024 3515 5093 λαμϐάνειν
3566 5021 3933 5092 κληρονομίαν
3962 5039 3978 5055 ’

2468 5140 2484 5170 ι
2531 5123 2577 5172 εἰ
2608 5120 2700 5171 καὶ
2730 5118 2809 5171 [rt
2835 5118 3044 5180 τούτοις
3077 5118 3258 5179 αὐτοῖς
3310 5117 3369 5169 ιν
3411 5117 3476 5186 τῇ
3523 5113 3630 5167 τῶν
3684 5114 3981 5185 αἱρετικῶν

2470 5231 2485 5261 ι
2547 5211 2726 5282 πλάνῃ
2758 5209 3061 5263 καθεστῶσι
3089 5206 3465 5279 προσαρμόζει
3503 5206 3556 5259 τί
3580 5222 3711 5259 ποτε
3739 5207 3849 5259 ἀπ’)
3875 5207 3983 5259 δω-

2470 5320 2488 5351 ‹
2540 5302 2728 5371 ρεᾶςῆ
2766 5299 3153 5369 κληρονομίας,
3188 5298 3542 5369 ἐξῃρημένων
3592 5298 3818 5350 ἐκείνων
3884 5296 3981 5367 δη-

2469 5412 2486 5443 ι
2531 5392 2664 5461 λαδὴ
2694 5392 2889 5453 οἵτινες
2927 5390 3066 5457 μετά
3090 5391 3150 5442 τὸ
3175 5393 3256 5451 είς
3281 5389 3438 5458 δίκην
3464 5387 3757 5459 έναχθῆναι
3792 5388 3975 5457 thyl-

2470 5504 2487 5535 ι
2539 5500 2701 5537 σαιιτο
2728 5483 2986 5551 ὀφείλειν,
3017 5482 3153 5551 πρὸς
3192 5482 3290 5551 τὴν
3318 5480 3614 5550 καθολικὴν
3669 5478 3977 5547 μετελθεῖν.

2468 5595 2486 5627 ι
2536 5577 2670 5646 Περὶ
2692 5574 2800 5642 γὰρ
2829 5572 2936 5628 τῶν
2964 5573 3221 5626 τοιούτων
3253 5572 3564 5624 πιστευτέον
3598 5568 3747 5621 ἐστὶν
3800 5568 3876 5637 μὴ
3902 5567 3980 5635 τῷ

2468 5689 2485 5721 ι
2535 5668 2686 5737 φόϐῳ
2718 5667 2818 5736 τῆς
2835 5664 3087 5733 οὐρανίου
3118 5663 3372 5734 κρίσεως,
3402 5661 3538 5715 άλλά
3580 5662 3647 5732 τῇ
3703 5659 3983 5729 άπληοτέᾳ

2474 5778 2489 5810 ι
2542 5757 2639 5828 τῆς
2676 5760 2871 5828 γηῗνης
2892 5755 3273 5818 λνισιτελείας,
3310 5752 3408 5823 τὴν
3439 5748 3734 5819 καθολικὴν
3750 5748 3981 5818 ἑνότητα
