4212 6440
217 414 327 475 333

1273 398 1345 455 ΙΝ
1382 394 1542 455 CAN.
1577 385 1779 447 XCV”
1810 383 2013 441 CUNC.
2053 384 2421 441 CARTHAG.

3304 371 3403 431 33L

220 514 592 583 τοπθτηρηταὶ
621 517 702 571 είς
742 511 802 563 τὸ
858 510 1170 578 κομιτᾶτον,
1198 507 1366 573 ῆγουν
1396 501 1473 557 είς
1503 495 1564 547 τὺ
1594 491 1763 545 παλά-
1798 490 1835 543 Α
1867 499 1883 537 ι

1741 517 1763 526 -
1798 490 1835 543 Α
1867 499 2131 539 Conseusu
2176 486 2392 547 Patrum
2429 487 2629 553 legatos
2676 486 2740 536 ad
2789 483 3122 541 comitatum,
3161 481 3260 531 hoe
3304 491 3404 538 est.

218 626 352 661 τιον.
390 601 973 675 Θρησκσυτικωτάτους
1008 598 1059 649 δι
1077 595 1200 654 τοὺς
1228 593 1456 661 βασιλεῖς
1484 587 1754 675 ὲκάλεσεν,

222 700 345 767 ῆτοι
391 673 744 751 πιστοτάτους
790 690 883 739 καὶ
920 680 1505 754 Χριστιανοκωτάτους,
1556 675 1629 735 ὡς
1667 673 1763 735 τῆς

222 764 521 856 θρησκείας
572 782 679 833 τῶν
734 776 1071 848 Χριστιανῶν
1124 770 1617 836 ἀντιποιουμένους.
1672 764 1765 861 ῐῗὶς

221 875 506 939 ἀνακοπὴν
532 871 627 937 τῆς
686 870 804 937 βίας
851 868 946 918 καὶ
998 862 1223 927 ἀταξίας
1267 860 1375 912 τῶν
1434 860 1767 909 Δονατιστων

223 965 432 1034 γράψαι
488 963 604 1014 δεον
643 961 752 1019 τοῖς
802 960 1027 1024 ἄρχουσι
1092 952 1200 1005 τῶν
1270 949 1465 1017 χωρῶν
1545 942 1769 1034 ἐκείνων

221 1032 469 1122 ἔκριναν,
496 1053 580 1102 ἵνα
611 1050 740 1115 παρ’
762 1049 936 1100 αὐτῶν
952 1043 1324 1111 φυλὰσσωνται
1366 1040 1421 1088 αί
1461 1032 1769 1122 ἐκκλησίαι,

227 1118 323 1199 καὶ
357 1148 406 1195 oi
432 1144 645 1211 ἔχοντες
674 1140 741 1191 τὰ
772 1137 967 1206 χωρία,
998 1134 1163 1203 ἤγουν
1191 1132 1301 1183 ὅσοι
1361 1128 1455 1191 τῆς
1474 1118 1771 1211 καθολικῆς

237 1208 567 1290 Ἐκκλησίας
619 1226 755 1276 είσί’
792 1221 1046 1288 καὶπερὶ
1090 1217 1183 1270 τοῦ
1235 1218 1514 1274 Αίκυτίου,
1564 1208 1653 1260 ἵνα
1684 1208 1773 1257 ικ-

221 1319 453 1385 διωχθῇ,
491 1317 582 1368 καὶ
638 1315 800 1383 μήτι
858 1311 931 1371 ὡς
985 1307 1164 1376 ἱερεὺς
1221 1303 1429 1371 ἑκδικῇ.
1486 1299 1593 1352 Καὶ
1638 1294 1774 1365 πρὸς

223 1410 319 1461 τὸν
386 1405 607 1472 Ῥώμης
653 1401 859 1471 γράψαι
912 1396 1221 1449 τετύπωται
1270 1393 1397 1461 περὶ
1450 1388 1542 1440 τοῦ
1598 1401 1775 1455 παρα-

224 1498 419 1551 θέσθαι
475 1496 601 1551 τοὺς
653 1489 1072 1558 τοποτηρητὰς,
1150 1487 1317 1556 ῆγουν
1365 1481 1627 1548 συστῆσαι
1674 1475 1771 1527 καὶ

227 1586 492 1655 γνωρίσαι
546 1583 625 1645 τῷ
675 1581 903 1648 βασιλεῖ,
954 1581 1047 1630 καὶ
1100 1577 1236 1644 πρὸς
1274 1574 1398 1635 τοὺς
1438 1571 1625 1629 ἄλλους
1657 1569 1774 1618 tm-

230 1679 471 1736 σκόπους
499 1674 605 1725 τῶν
635 1671 850 1740 χωρῶν,
883 1672 939 1720 ὲν
992 1664 1078 1727 αἷς
1114 1666 1363 1731 ενεδήμει
1405 1664 1524 1713 τότε
1565 1659 1593 1710 ὁ
1623 1656 1780 1722 βασι-

221 1766 372 1826 λεὺς.

225 2019 455 2073 ΔΡῙΣΤ.
498 2037 520 2070 ε
564 2020 624 2071 Οἱ
652 2016 997 2085 γεννηθέντες
1024 2016 1293 2080 εὐσεϐείᾳ,
1324 2015 1417 2064 καὶ
1442 2016 1623 2062 πίστει
1646 2023 1779 2075 τρα-

304 2128 323 2158 ε
361 2109 549 2175 φέντες
571 2106 829 2174 βασιλεῖς,
862 2108 1017 2172 χεῖρα
1044 2102 1304 2171 παρέχειν
1334 2102 1448 2161 ταῖς
1468 2097 1783 2165 ὶκκλησίαις

313 2218 331 2249 ι
373 2198 698 2265 ὀφείλουσιν,
723 2197 843 2247 επεὶ
878 2196 971 2248 καὶ
986 2194 1199 2246 Παύλου
1230 2192 1481 2259 δεομένου
1515 2202 1780 2253 στρατιωο

310 2307 329 2338 ι
372 2286 527 2353 τικῆς
561 2285 760 2353 χειρὸς,
799 2284 896 2352 τῆν
936 2283 1042 2334 τῶν
1092 2281 1337 2334 ἀτάκτων
1374 2278 1582 2330 διέλυσε
1648 2274 1783 2343 σύμ-

310 2394 330 2426 I
371 2392 579 2427 πνοιαν.
617 2394 636 2426 θ

303 2468 417 2536 Τῆς
446 2467 553 2517 τῶν
575 2465 814 2517 εὐσεϐῶν
850 2464 1112 2533 βασιλέων
1153 2463 1471 2531 συμμαχίας
1514 2460 1608 2511 καὶ
1660 2459 1785 2527 βοη-

236 2556 392 2616 θείας
418 2558 473 2606 ai
510 2556 795 2624 ἐκκλησίαι
838 2556 924 2607 ἀεὶ
963 2556 1311 2623 προσδέονται
1337 2569 1349 2581 ⁸
1403 2554 1494 2605 καὶ
1518 2552 1787 2617 όᾳείλουσι

236 2645 449 2712 ταύτην
478 2645 742 2713 παρέχειν
771 2644 966 2700 αὐταῖς
992 2644 1065 2705 ὼς
1091 2645 1188 2711 τῆς
1214 2643 1447 2703 πίστεως
1481 2642 1632 2703 ὅντες
1657 2640 1788 2709 πρό-

240 2751 444 2804 μαχοι·
491 2736 577 2786 ἵνα
620 2736 694 2803 μὴ
732 2734 879 2801 παρὰ
921 2733 1028 2784 τῶν
1075 2731 1368 2800 αἱρετικῶν
1417 2732 1450 2800 ἢ
1490 2731 1596 2782 τῶν
1656 2728 1790 2780 ἀτά-

235 2838 389 2877 κτων
432 2824 899 2891 καταφρονῶνται.
937 2822 1049 2876 Καὶ
1094 2823 1201 2889 γὰρ
1255 2822 1347 2873 καὶ
1373 2820 1402 2872 6
1454 2819 1665 2881 Παῦλος
1694 2817 1792 2885 τὴν

235 2914 351 2965 τῶν
382 2914 633 2966 ἀτάκτων
679 2914 979 2982 σύμπνοιαν
1028 2914 1387 2982 στρατιωτικῇ
1430 2909 1650 2979 βοηθείᾳ
1687 2908 1793 2961 διέ-

233 3002 389 3056 luce.

807 3096 1031 3163 Πρᾶξις
1067 3096 1233 3159 ἕκτη.

318 3204 339 3237 ε
393 3186 482 3239 Ἐν
505 3187 677 3257 ταύτῃ
706 3182 771 3256 τῇ
802 3187 1000 3253 συνόδῳ
1042 3187 1110 3239 τὰ
1161 3185 1444 3256 ὁρισθέντα
1492 3188 1523 3255 ἡ
1566 3186 1793 3253 βραχεῖα

240 3292 261 3323 ε
307 3273 595 3341 σαφηνίζει
630 3274 940 3342 πρόσθεσις.
997 3275 1117 3326 Ἐπὶ
1153 3276 1477 3342 Στελίχωνος
1522 3274 1681 3325 πάλιν
1704 3272 1798 3325 καὶ

241 3384 262 3413 ε
308 3361 617 3429 ’Δνθεμίου,
649 3364 755 3415 τῶν
802 3364 1198 3432 λαμπροτάτων
1260 3363 1499 3426 ὑπάτων,
1552 3364 1616 3430 τῇ
1637 3362 1799 3413 δεκά-

248 3473 267 3503 ε
307 3470 379 3523 τῃ
407 3470 514 3521 προ
556 3453 829 3506 καλανδῶν
862 3453 1246 3521 Σεπτεμϐρίων
1298 3454 1355 3503 ὲν
1383 3451 1683 3519 Καρχηδόνι
1717 3453 1796 3510 εἰς

246 3560 265 3591 ι
302 3544 404 3609 τὴν
439 3541 735 3608 ἐκκλησίαν
785 3540 878 3593 τοῦ
941 3541 1191 3610 δευτέρου
1248 3540 1530 3608 κλίματος.
1582 3539 1660 3590 Τὰ
1704 3553 1800 3587 πε-

246 3652 267 3683 ι
308 3632 604 3699 πραγμένα
629 3631 725 3700 τῆς
760 3631 1041 3701 παρούσης
1088 3630 1302 3683 συνόδου
1352 3630 1440 3681 διὰ
1468 3628 1625 3681 τοῦτο
1683 3630 1801 3691 ἐξο-

244 3742 266 3773 ε
298 3723 576 3790 λοκλήρου
615 3723 715 3774 οὐκ
742 3723 1085 3792 ἐγράφησαν,
1115 3720 1305 3789 επειδὴ
1337 3720 1533 3789 μᾶλλον
1555 3720 1622 3769 τὰ
1661 3718 1803 3770 κατὰ

250 3830 268 3861 ι
307 3812 402 3862 τὸν
433 3813 619 3878 καιρὸν
654 3813 922 3876 ἀναγκαῖα
946 3812 1087 3877 ῆπερ
1115 3809 1235 3860 τινὰ
1256 3807 1444 3874 γενικὰ
1469 3806 1800 3874 ὡρίσθησαν,

250 3920 269 3951 ι
311 3896 383 3951 δι’
414 3895 493 3953 ὧν
542 3900 764 3969 βραχεῖα
806 3900 1049 3960 σύνθεσις
1080 3899 1186 3950 τῶν
1222 3896 1645 3967 σπουδασμάτων
1708 3895 1804 3963 τῆς

248 4009 267 4042 ε
304 3990 483 4059 αὐτῆς
517 3991 733 4042 συνόδου
755 3990 1081 4058 διετυπώθη.
1121 4008 1140 4039 s

843 4080 1077 4133 manu
1096 4078 1206 4145 ιιτ.

252 4193 271 4224 ε
308 4174 385 4225 Τὸ
438 4172 657 4241 βρέϐιον
687 4172 794 4223 τῶν
830 4172 1161 4237 κεφαλαίων.
1189 4172 1307 4224 ’Ὶνα
1360 4172 1615 4241 ἐλευθέρα
1646 4189 1799 4225 τοπο-

324 4287 341 4314 ε
384 4264 623 4331 τηρησία
665 4264 729 4313 ἐκ
756 4261 944 4313 πασῶν
990 4264 1097 4313 τῶν
1131 4263 1407 4332 ἐπαρχιῶν
1440 4266 1518 4325 είς
1550 4266 1650 4333 τὴν
1683 4265 1807 4316 σύν-

322 4370 341 4399 ι
381 4349 503 4400 οδον
533 4349 809 4416 ἁποσταλῇ
836 4349 971 4416 πρὸς
998 4348 1272 4411 Μιζόνιον.
1309 4348 1693 4421 Τοποτηρηταὶ
1714 4354 1804 4405 καὶ

1872 572 1938 622 ad
1975 571 2232 639 palatium
2268 573 2461 625 missos
2506 586 2626 627 esse
2666 570 3007 623 docerentur.
3051 567 3407 634 Religiosissi-

1870 676 1984 712 mos
2010 672 2191 713 autem
2224 661 2596 729 imperatores,
2634 661 2735 714 hoc
2772 669 2889 723 est,
2940 657 3258 711 Christiana:
3289 654 3409 709 ﬁdei

1872 751 2181 819 nominique
2210 754 2446 818 apprime
2476 750 2737 814 addictos,
2768 765 2829 803 ac
2861 749 3127 816 religionis
3149 745 3412 799 Christia—

1870 854 1953 893 nae
1981 840 2061 891 vel
2090 839 2319 891 maxime
2347 840 2639 891 retinentes
2692 837 3043 905 appellavere.
3102 834 3180 887 Ad
3202 845 3413 898 compe-

1872 930 2095 979 scendos
2125 926 2516 980 Donatistarum
2546 927 2755 980 furores
2774 934 2829 979 et
2854 926 3086 977 insanias
3112 965 3125 987 ,
3154 923 3415 991 praal'ectis

1875 1031 2056 1069 earum
2085 1017 2479 1083 provinciarum
2523 1018 2812 1069 mittendas
2854 1029 2971 1068 esse
3000 1016 3205 1069 litteras
3232 1015 3416 1067 decre-

1877 1117 2089 1169 verunt,
2116 1117 2170 1158 ut
2192 1108 2469 1169 ecclesias,
2496 1121 2697 1173 eosque
2722 1107 2810 1173 qui
2837 1108 3030 1175 pradia
3054 1106 3415 1172 possidebant.

1876 1196 1922 1250 si
1965 1196 2039 1249 illi
2081 1198 2333 1250 nimirum
2368 1198 2509 1250 inter
2553 1198 2864 1252 Catholicns
2896 1208 3263 1259 censerentur,
3319 1197 3416 1263 ipsi

1877 1285 2224 1341 defenderent
2252 1289 2355 1341 :de
2386 1287 2597 1355 Equitio
2634 1300 2846 1355 quoque
2874 1295 2931 1340 ut
2960 1286 3294 1349 extrudatur,
3328 1302 3423 1336 nec

1882 1375 2043 1429 ullam
2096 1376 2447 1429 sacerdotalis
2488 1376 2724 1429 muneris
2762 1383 2966 1441 partem
3015 1375 3236 1427 omnino
3267 1376 3426 1425 attin-

1880 1470 1989 1529 gat.
2020 1459 2304 1516 Mittendas
2325 1464 2507 1529 {etiam
2540 1462 2747 1516 litteras
2778 1462 2841 1513 ad
2879 1460 3179 1514 Romanum
3214 1463 3428 1530 episco-

1880 1568 2031 1621 pum,
2065 1561 2114 1605 ut
2151 1553 2353 1622 legatos
2383 1555 2570 1621 imper.
2604 1555 2784 1617 sistat,
2820 1555 2919 1607 hoc
2944 1562 3043 1613 est,
3090 1553 3427 1606 commendet

1882 1652 2043 1709 atque
2071 1642 2357 1706 conciliet;
2389 1658 2452 1695 ac
2480 1644 2533 1695 in
2566 1643 2810 1697 eamdem
2858 1643 3179 1696 sententiam
3214 1646 3280 1693 ad
3334 1656 3425 1694 ca-

1888 1748 2003 1785 rum
2042 1732 2324 1799 regionum
2357 1734 2655 1800 episcopos,
2693 1734 2743 1784 in
2775 1735 2967 1800 quibus
3001 1743 3127 1785 tunc
3174 1732 3428 1799 temporis

1811 1812 1858 1870 B
1888 1824 2182 1890 imperator
2229 1823 2615 1885 diversaretur,
2674 1824 3012 1876 scribendum
3066 1836 3188 1876 esse
3238 1833 3423 1875 statue-

1881 1923 2028 1965 I'Ulll.

1879 2002 2101 2056 ARIST.
2163 2022 2181 2053 ι
2217 2003 2316 2068 Qui
2372 2004 2422 2055 in
2469 2018 2589 2056 vcra
2632 2003 2885 2071 religione
2939 2004 3067 2063 nali,
3122 2014 3173 2055 et
3227 2003 3277 2054 in
3331 2002 3431 2053 lide

1957 2112 1976 2144 ι
2018 2095 2227 2149 educati
2282 2096 2493 2147 fuerunt
2526 2094 2894 2161 imperatores,
2942 2109 3157 2146 manum
3202 2094 3435 2145 auxilia-

1960 2203 1978 2235 ι
2014 2186 2198 2239 tricem
2271 2186 2516 2240 ecclesiis
2570 2186 2823 2239 exhibere
2879 2188 3072 2239 debent
3127 2204 3139 2239 :
3187 2187 3432 2251 quintiiam

1961 2295 1979 2324 ε
2023 2286 2075 2328 et
2112 2275 2274 2330 Paulo
2314 2276 2558 2328 militaris
2603 2292 2793 2329 manus
2829 2277 3115 2344 indigoule,
3150 2276 3260 2328 [nec
3295 2276 3437 2327 inso-

1960 2383 1977 2413 ε
2012 2364 2229 2417 lentium
2253 2363 2699 2431 conspirationem
2728 2365 3016 2417 dissolvit.»

1958 2454 2171 2506 Piorum
2216 2455 2600 2521 imperatorum
2648 2454 2848 2507 auxilio
2884 2462 2935 2507 et
2963 2455 3272 2523 adiumento
3301 2471 3440 2509 sem-

1890 2558 1983 2611 per
2016 2545 2251 2611 indigent
2277 2544 2512 2598 ecelesia:
2556 2563 2568 2597 :
2596 2554 2652 2598 et
2697 2545 2890 2598 debent
2924 2545 3053 2597 illud
3089 2546 3151 2599 iis
3182 2549 3437 2614 prrehere,

1890 2642 2071 2701 utpote
2114 2635 2205 2701 qui
2234 2634 2352 2688 lidei
2402 2644 2527 2689 sunt
2564 2648 3023 2703 propugnatores;
3055 2652 3119 2687 ne
3177 2638 3242 2687 ab
3269 2637 3437 2688 imre-

1893 2726 2010 2777 ticis
2064 2726 2224 2795 632
2274 2738 2363 2780 aut
2418 2727 2773 2793 immerigeris
2800 2727 3070 2793 despectui
3124 2728 3440 2781 habeantur.

1892 2812 2102 2867 Etenim
2139 2818 2248 2881 ipse
2302 2831 2511 2885 quoque
2542 2818 2736 2871 Paulus
2795 2817 3135 2871 insolentium
3169 2819 3445 2871 hominum

1893 2907 2342 2973 conspirationem
2378 2908 2594 2961 militari
2639 2909 2843 2962 auxilio
2870 2910 3141 2963 discussit.

2500 3089 2650 3143 Actio
2687 3102 2856 3142 scala.

1970 3194 1990 3227 ι
2032 3177 2158 3242 Quae
2197 3178 2247 3230 in
2296 3179 2395 3231 hac
2437 3182 2639 3248 synodo
2684 3183 2897 3233 delinita
2932 3190 3052 3235 sunt
3084 3182 3259 3234 brevis
3301 3182 3446 3249 adje-

1905 3287 1922 3319 ι
1959 3269 2067 3321 ctio
2112 3270 2368 3323 declarat.
2414 3272 2522 3324 Sub
2554 3272 2820 3325 Stelieone
2849 3289 3033 3325 rursus
3062 3287 3115 3327 et
3145 3275 3448 3336 Anthemio,

1905 3376 1923 3408 ι
1957 3358 2273 3413 clarissimis
2299 3361 2632 3425 consulibus,
2660 3363 2723 3415 ad
2752 3365 3014 3415 decimum
3041 3364 3142 3416 cal.
3172 3364 3446 3432 Septemb.

1907 3465 1925 3496 ι
1967 3448 2311 3517 Carthagine,
2368 3452 2417 3503 in
2473 3453 2695 3507 ecclesia
2753 3454 2970 3509 secundi
3022 3456 3273 3507 climatis.
3323 3456 3452 3510 Acut

1906 3555 1926 3589 ι
1978 3540 2259 3605 praesentis
2302 3544 2490 3609 synodi
2546 3553 2823 3610 propterea
2880 3545 3083 3611 integre
3126 3545 3321 3610 scripta
3352 3561 3453 3597 nan

1907 3645 1926 3677 ι
1973 3639 2120 3693 sunt,
2167 3632 2417 3696 quoniam
2475 3634 2644 3701 magis
2695 3648 2813 3701 quae
2858 3644 3014 3687 erant
3070 3650 3166 3701 pro
3220 3645 3457 3701 tempore

1913 3736 1931 3767 ι
1969 3722 2297 3783 necessaria,
2326 3736 2484 3789 quam
2517 3723 2623 3775 ulla
2657 3724 2949 3790 generalia,
2985 3727 3269 3777 constituta
3305 3737 3454 3783 sum;

1910 3825 1928 3855 ε
1986 3819 2205 3875 propter
2252 3823 2371 3876 qua
2416 3810 2593 3864 brevis
2639 3813 2957 3879 compositio
3000 3830 3207 3877 eorum,
3240 3828 3361 3881 quae
3409 3817 3457 3865 iu

1912 3918 1930 3949 ‹
1973 3899 2071 3953 bac
2103 3900 2307 3969 synodo
2341 3902 2580 3955 studiose
2613 3912 2732 3955 acta
2761 3913 2906 3967 sunt,
2938 3918 3190 3972 expressa
3222 3915 3322 3959 est.
3368 3924 3387 3957 ι

2450 4077 2677 4133 CANON
2705 4078 2913 4135 XCVII.

1966 4169 2300 4223 breviculum
2326 4171 2582 4238 capitum.
2609 4170 2676 4225 Ut
2702 4172 2870 4227 libera
2906 4174 3103 4242 legatio
3128 4189 3189 4227 ex
3219 4177 3466 4228 omnibus

1984 4277 2001 4308 ι
2042 4259 2330 4327 provinciis
2363 4260 2427 4312 ad
2470 4261 2729 4327 synodum
2780 4262 3021 4315 mittatur
3052 4262 3103 4313 in
3141 4261 3457 4316 Stilonium.

1987 4369 2004 4400 ι
2043 4350 2224 4417 Legati
2257 4366 2467 4419 quoque
2494 4352 2700 4405 litteras
2730 4352 2942 4405 :nittnrc
2970 4351 3110 4418 jussi
3139 4364 3285 4416 sunt,
3327 4361 3465 4422 qttud

322 4462 340 4488 ε
378 4439 688 4507 γράμματα
713 4438 1087 4505 ἀποσταλῆναι
1114 4441 1588 4510 παρηγγέλθησαν,
1625 4444 1712 4495 διὰ
1746 4444 1805 4495 τὸ
1840 4462 1886 4519 υ

1804 4476 1805 4483 η
1840 4462 1886 4519 D
1989 4461 2005 4491 ι
2059 4441 2289 4494 debeant
2321 4443 2567 4496 emittere
2601 4443 2821 4495 liberam
2844 4442 3161 4510 legationem
3196 4463 3207 4495 :
3241 4455 3317 4510 ut,
3348 4448 3467 4514 quia

324 4549 343 4578 ε
390 4528 627 4595 ὀφείλειν
665 4527 961 4597 ἐλευθέραν
1010 4528 1291 4597 ἔκπεμψαι
1348 4533 1754 4600 τοποτηρησίαν
1792 4548 1804 4561 ·

322 4642 339 4668 ε
384 4620 495 4680 ἵνα,
533 4617 719 4686 ἐπειδὴ
750 4620 805 4669 ὲν
835 4618 1137 4687 Καρχηδόνι
1156 4619 1317 4688 μόνον
1349 4620 1542 4684 ἓνωσλς
1570 4623 1807 4688 ἐγένετο,

325 4729 343 4757 ε
384 4724 451 4758 πε
460 4706 677 4774 μφθῶσι
705 4708 1011 4776 γράμματα
1043 4710 1177 4778 πρὸς
1202 4711 1327 4771 τοὺς
1352 4711 1643 4780 ἄρχοντας,
1663 4714 1809 4776 ὅπως

326 4818 344 4849 ι
383 4798 479 4849 καὶ
516 4799 573 4847 ὲν
603 4799 721 4858 ταῖς
779 4798 967 4859 ἄλλαις
1007 4798 1296 4869 ἐπαρχίαις
1343 4801 1439 4853 καὶ
1491 4801 1708 4854 πόλεσιν
1759 4806 1808 4855 oi

328 4908 346 4940 ι
383 4889 542 4942 αὐτοὶ
570 4889 833 4957 ἄρχοντες
863 4888 1098 4958 σπουδὴν
1129 4891 1599 4961 ἐπιχορηγηθῆναι
1627 4893 1811 4945 κελεύ-

325 5002 341 5032 ι
382 4995 524 5032 σωσι
566 4983 635 5049 τῇ
671 4980 904 5047 ἑνότητι,
946 4969 1034 5032 ἵνα
1056 4980 1397 5051 εὐχαριστίαι
1450 4983 1558 5035 ἀπὸ
1604 4985 1702 5053 τῆς
1752 4986 1811 5037 ὲν

324 5097 343 5127 ε
386 5075 695 5149 Καρχηδόνι
732 5074 1055 5145 Ἐκκλησίας
1076 5075 1218 5144 ὑπὲρ
1238 5076 1414 5147 πάσης
1436 5077 1532 5146 τῆς
1550 5079 1810 5147 Ἀφρικῆς

322 5189 343 5221 ε
395 5171 523 5237 περὶ
572 5166 664 5219 τοῦ
699 5167 1038 5238 ἀπελαθῆναι
1093 5170 1221 5232 τοὺς
1282 5170 1612 5232 Δονατιστὰς
1672 5171 1812 5237 μετὰ.

324 5279 343 5309 ι
377 5258 728 5327 γραμμάτων
778 5258 886 5311 τῶν
940 5258 1255 5311 ἐπισκόπων
1282 5260 1375 5311 ἐπὶ
1426 5258 1487 5311 τὺ
1519 5264 1809 5329 κομιτᾶτον

321 5368 340 5399 ι
391 5349 743 5417 πεμφθῶσιν.
803 5349 1111 5419 Γράμματα
1170 5351 1590 5421 ἀνεγνώσθησαν
1654 5353 1812 5407 ’ίννο-

322 5458 342 5491 ε
378 5439 596 5491 κεντίου
626 5440 722 5491 τοῦ
772 5439 997 5503 πάππα,
1036 5440 1123 5492 ἵνα
1148 5444 1196 5493 οἱ
1233 5442 1524 5495 ἐπίσκοποι
1555 5444 1631 5505 ὡς
1652 5444 1808 5514 ἔτυχε

329 5549 347 5580 ι
390 5528 531 5599 πρὸς
587 5529 657 5581 τὰ
702 5531 1055 5599 περαματικά
1120 5532 1337 5585 ἀπιέναι
1383 5533 1455 5602 μὴ
1502 5534 1757 5588 δύνανται
1791 5552 1806 5568 °

324 5640 343 5672 ε
377 5621 519 5688 ὅπερ
555 5619 713 5673 τοῦτο
739 5622 872 5673 αὐτὸ
896 5624 1012 5683 ταῖς
1052 5621 1298 5691 γνώμαις
1347 5624 1455 5675 τῶν
1490 5625 1810 5678 ἐπισκόπων

1993 4551 2011 4581 ε
2054 4532 2380 4601 Carthagine
2423 4534 2592 4587 solum
2638 4533 2765 4586 unio
2799 4533 2936 4586 facta
2983 4546 3085 4599 est,
3133 4538 3321 4591 littera
3352 4541 3473 4589 Init-

1996 4637 2012 4669 ι
2055 4628 2237 4671 tantur
2266 4620 2331 4672 ad
2365 4620 2732 4687 magistratus,
2768 4631 2823 4674 ut
2854 4622 2909 4675 in
2956 4624 3076 4677 aliis
3108 4641 3319 4694 quoque
3348 4644 3470 4693 prn—

1994 4726 2011 4757 ι
2051 4708 2242 4761 vinciis
2281 4719 2335 4762 et
2385 4709 2693 4762 civitatibus
2742 4710 2841 4777 ipsi
2887 4713 3473 4783 magistratusjuheaut

1994 4817 2011 4848 ι
2044 4799 2282 4852 sunlium
2308 4800 2552 4852 adhiberi
2581 4800 2763 4853 unioni
2789 4817 2803 4865 ;
2836 4812 2890 4853 ut
2915 4803 3205 4869 gratiarum
3235 4806 3474 4857 actiones

1995 4906 2013 4936 ε
2047 4888 2113 4941 ab
2142 4888 2379 4943 Ecclesia
2440 4889 2845 4960 Carthagincnsi
2891 4907 2987 4960 pro
3041 4902 3148 4946 tota
3198 4892 3375 4946 Africa
3410 4894 3476 4945 de

1994 4998 2011 5028 ε
2066 4982 2253 5047 ejectis
2288 4982 2577 5035 Donatistis
2626 4998 2748 5035 cum
2793 4982 2981 5037 litteris
3016 4985 3389 5053 episcoporum
3422 4985 3472 5037 in

1997 5089 2014 5120 ι
2071 5071 2381 5125 comitatum
2439 5074 2742 5126 mittantur.
2802 5072 3058 5127 Recitata:
3112 5088 3235 5126 sunt
3287 5074 3475 5127 littera:

1998 5183 2015 5213 ε
2068 5163 2365 5218 lmmcentii
2408 5178 2573 5232 papa,
2620 5174 2683 5216 ut
2730 5165 2961 5233 episcopi
3004 5167 3067 5215 ad
3118 5166 3472 5217 Ir.tn5iiiat'i:ln

1987 5276 2004 5307 ι
2043 5272 2265 5326 pergere
2308 5255 2466 5310 facile
2512 5273 2616 5311 non
2651 5259 2914 5313 debeant'
2960 5262 3098 5326 quod
3140 5262 3313 5327 ipsum
3362 5260 3477 5326 epi-

1994 5368 2011 5399 σ
2069 5362 2353 5415 sc0porum
2402 5349 2686 5403 sententiis
2734 5350 3087 5402 continuatur
3120 5369 3130 5402 :
3163 5363 3215 5403 ut
3264 5361 3477 5418 prOpter

1991 5456 2010 5489 σ
2074 5440 2371 5508 gratiarum
2428 5440 2694 5494 actionem
2750 5448 2817 5493 ob
2865 5442 3110 5495 exclusos
3167 5443 3473 5494 Dnnatistas

1994 5551 2011 5583 ι
2050 5533 2158 5586 duo
2191 5533 2371 5585 clerici
2401 5533 2655 5587 Ecclesia:
2694 5532 3135 5603 Carthaginiensis
3161 5535 3225 5587 ad
3254 5534 3480 5587 comita-

1996 5633 2139 5675 atum
2169 5624 2470 5676 mittantur.
2500 5641 2516 5673 ›

329 5730 347 5762 ι
387 5712 856 5780 βεϐαιιλῦταιοῖνα
926 5715 1012 5766 διὰ
1064 5718 1163 5784 τὴν
1232 5717 1584 5785 εὐχαριστίαν
1652 5719 1779 5786 περὶ
1848 5719 1940 5771 τοῦ
2007 5714 2296 5785 διωχθῆναι
2348 5716 2469 5776 τοὺς
2524 5717 2847 5779 Δονατιστὰς
2924 5718 3015 5769 δύο
3085 5717 3333 5785 κληρικοὶ
3379 5714 3478 5785 τῆς

336 5828 354 5859 ι
395 5811 452 5861 ἑν
483 5809 790 5867 Καρχηδόνι
836 5808 1156 5868 Ἐκκλησὲας
1180 5813 1278 5863 ἐπὶ
1312 5813 1370 5863 τὸ
1406 5813 1696 5864 κοιιιτᾶςον
1727 5814 2067 5867 πενιωθῶςιν.
2105 5831 2120 5863 ι
