4212 6440
228 385 335 451 337

1270 401 1348 461 ΙΝ
1381 401 1541 460 CAN.
1576 402 1757 463 XCIX
1792 403 1999 462 CONC.
2038 403 2409 463 CARTHAG.

3315 393 3415 453 338

300 518 319 548 ε
350 499 577 567 λυθῆναι
613 506 738 566 τοὺς
770 506 1112 567 Δονατιστάς.
1144 508 1340 573 Κοινῆς
1362 509 1550 577 χρείας
1575 508 1768 562 καλού-
1801 516 1843 570 Α
1950 530 1963 561 ε

1754 538 1768 549 ·
1801 516 1843 570 Α
1950 530 1968 561 ι
2005 522 2108 565 tur.
2155 508 2435 565 Communi
2481 518 2699 575 urgente
2739 506 3075 565 necessitate,
3118 506 3178 553 ad
3225 505 3417 569 princi-

306 606 326 637 ε
364 604 481 657 σης,
517 592 813 659 γράμματα
837 594 969 660 πρὸς
999 595 1093 662 τὴν
1124 596 1448 665 αύθεντικὴν
1473 598 1767 663 nep-1:6an
1801 614 1809 624 '

303 694 321 726 ι
358 681 648 750 καθέδραν,
682 681 777 733 καὶ
813 683 1029 744 σύνοδος
1070 683 1322 750 γινέσθω,
1361 686 1486 738 ἔνθα
1513 686 1729 738 εὔθετον
1758 702 1770 714 ·

307 784 329 817 ε
366 770 424 821 αι
453 770 508 822 δέ
541 773 614 839 μὴ
638 772 818 824 κοιναὶ
838 772 1006 824 αἰτίαι
1042 774 1099 827 ἐν
1126 776 1246 837 ταῖς
1273 775 1435 836 ιδίαις
1485 776 1773 843 ἐπαρχίαις

1953 620 1970 650 ε
2032 601 2200 667 palem
2255 600 2434 652 sedem
2494 596 2687 648 litterae
2739 595 3039 656 mittantur,
3089 600 3141 645 et
3191 590 3419 659 synodus

1944 707 1960 737 ε
2017 686 2312 740 celebretur
2352 687 2405 736 in
2439 686 2555 736 loco
2602 681 2958 734 convenienti.
3016 679 3197 732 Causas
3244 687 3423 729 autem

1951 795 1969 827 ε
2004 776 2285 829 ordinariae
2320 775 2371 827 in
2406 772 2633 841 propriis
2664 770 2951 839 provinciis
3003 768 3370 835 dijudicentur.

308 875 328 907 ε
366 860 755 927 κρινέσθωσαν.
810 880 829 912 ι

306 948 379 999 Τὸ
410 948 506 1015 μιν
536 949 596 999 ἐν
636 950 842 1021 ἑκάστῃ
869 951 1104 1023 ἐπαρχίᾳ
1126 952 1339 1007 σύνοδον
1381 957 1501 1009 κατ’
1526 956 1643 1017 lto;
1666 955 1776 1007 τῶν
1947 948 1965 1003 1

1762 972 1776 1005 ρ
1947 948 2001 1003 In
2056 950 2261 1016 singula
2315 948 2527 1015 quidem
2579 944 2847 1013 provincia
2909 944 3163 1012 synodum
3222 958 3425 1010 episco-

232 1038 551 1087 ἐπισκόπων
580 1038 744 1106 αὐτῆς
764 1040 1027 1102 γίνεσθαι,
1046 1044 1139 1094 καὶ
1165 1045 1263 1105 τὰς
1289 1044 1780 1114 παρεμπιπτούσας
1882 1053 1895 1106 1

1766 1060 1780 1105 ;
1882 1052 2073 1106 porum
2124 1040 2265 1091 illius
2308 1038 2596 1105 quotannis
2646 1036 2927 1094 celebrari.
2961 1044 3013 1088 et
3039 1034 3429 1087 controversias

231 1125 294 1175 ἐν
317 1126 506 1185 αὑταῖς
534 1125 718 1188 ίδικῶς
742 1128 1203 1195 ἐκκλησιαστικὰς
1256 1132 1590 1201 ἀμφισολίας
1625 1148 1780 1183 κανο·
1881 1142 1894 1196 1

1769 1158 1780 1171 -
1881 1128 2097 1196 proprie
2118 1127 2507 1181 ecclesiasticas
2529 1126 2579 1177 in
2604 1125 2666 1177 iis
2691 1126 2980 1176 incidentes
3000 1124 3251 1175 canonice
3292 1136 3432 1189 qum-

232 1214 402 1275 νικῶς
435 1214 613 1282 ζητεῖν
640 1233 698 1268 τε
729 1219 821 1269 καὶ
845 1218 989 1271 λύειν
1018 1221 1113 1273 καὶ
1142 1222 1175 1288 ἠ
1208 1222 1421 1282 σύνοδος
1449 1220 1585 1287 αὕτη
1608 1238 1779 1290 προσ·
1886 1231 1895 1269 t

1771 1250 1779 1262 ι
1886 1231 2006 1271 rere
2052 1217 2252 1283 pariter
2298 1231 2361 1268 ac
2408 1216 2634 1275 solvere,
2667 1224 2718 1266 et
2750 1214 2862 1265 ha-c
2892 1215 3046 1264 etiam
3086 1213 3317 1279 synodus
3343 1212 3434 1277 ju-

230 1305 458 1355 τάττειο
500 1304 559 1355 τὸ
582 1305 639 1356 δέ
675 1308 861 1359 πασῶν
917 1308 1024 1360 τῶν
1072 1312 1347 1379 ἐπαρχιων
1395 1313 1491 1377 τῆς
1522 1310 1786 1379 Ἀφρικῆς
1889 1305 1893 1359 Ῑ

1771 1328 1786 1371 ς
1889 1305 1998 1359 bet.
2024 1304 2271 1359 Omnium
2301 1311 2476 1357 autem
2518 1303 2710 1356 Africa:
2744 1302 3134 1369 provinciarum
3162 1301 3434 1367 episcopos

231 1393 361 1453 τοὺς
392 1393 724 1458 ἐπισκόπους
780 1398 1133 1466 συνέρχεσθαι
1183 1400 1240 1451 ιν
1286 1416 1391 1451 τινι
1456 1400 1626 1468 τόπῳ,
1692 1401 1787 1453 καὶ

1775 1407 1787 1452 t
1894 1397 1948 1449 in
2007 1396 2184 1460 aliquo
2240 1394 2357 1446 luco
2409 1395 2696 1448 convenire
2758 1401 2812 1446 et
2869 1405 3209 1443 communem
3267 1391 3438 1441 facere

237 1484 431 1551 κοινὴν
458 1488 633 1537 ποιεῖν
663 1487 897 1549 σύνοδον,
926 1490 974 1539 εί
1000 1489 1073 1557 μὴ
1113 1490 1290 1541 κοιναί
1339 1491 1476 1541 εἰσιν
1526 1492 1582 1541 αἱ
1619 1492 1788 1543 αιτίαι
1888 1500 1900 1536 t

1775 1509 1788 1541 ι
1888 1485 2175 1554 synodum,
2224 1484 2322 1536 nisi
2371 1498 2677 1535 communes
2705 1482 2811 1533 sint
2841 1496 3035 1542 causte.
3068 1490 3278 1546 propter
3308 1492 3438 1545 quas

237 1572 308 1623 δι’
344 1573 410 1634 ἃς
437 1575 707 1640 ὀφείλουσι
741 1579 1034 1641 συνελθεῖν,
1073 1578 1244 1639 ἄλλως
1274 1579 1517 1645 γίνεσθαι
1549 1580 1610 1631 οὐ
1651 1597 1783 1646 συγ·
1896 1599 1900 1618 4

1778 1610 1783 1623 .
1896 1576 2186 1628 convenire
2217 1575 2433 1637 debent,
2459 1575 2612 1627 aliter
2641 1574 2751 1625 fieri
2786 1587 2887 1625 non
2916 1574 3195 1637 permittit.
3224 1570 3441 1634 Quando

240 1666 435 1731 χωρεῖ.
478 1665 744 1729 Ὀπηνίκα
777 1666 833 1718 δέ
858 1683 938 1726 τις
993 1667 1143 1735 κοινὴ
1194 1669 1344 1719 αἰτία
1384 1670 1569 1737 κοινὴν
1589 1669 1790 1737 ἀπαιτῇ

1781 1671 1790 1737 ι
1906 1672 2082 1716 autem
2127 1678 2287 1717 causa
2328 1664 2503 1731 aliqua
2535 1663 2833 1716 communis
2858 1676 3191 1713 communem
3223 1659 3444 1726 requirit

240 1752 496 1816 γενέσθαι
540 1752 779 1816 σύνοδον,
813 1755 948 1823 πρὸς
986 1755 1078 1805 τὸν
1107 1756 1205 1824 τὴν
1264 1758 1485 1823 πρώτην
1522 1758 1791 1825 καθέδραν
1828 1807 1866 1825 λ
1897 1775 1903 1803 ε

1779 1753 2157 1825 ρλεειρϋιιατί
2218 1754 2499 1821 synodum,
2559 1753 2624 1805 ad
2686 1752 3014 1818 episcopum.
3070 1752 3157 1816 qui
3221 1751 3442 1814 primani

244 1840 441 1905 ἔχοντα
469 1842 768 1894 ἐπίσκοπον
796 1843 1073 1910 ὀφείλουσι
1133 1844 1283 1915 παρὰ
1334 1846 1441 1897 τῶν
1489 1847 1797 1897 ἐπισκόπων
1828 1840 1868 1860 ⁸
1900 1855 1907 1897 1

1781 1864 1797 1897 ν
1828 1840 1868 1860 ⁵³
1900 1854 2041 1898 tenet
2082 1846 2414 1910 cathedram,
2440 1845 2628 1895 littera.-
2663 1844 2729 1895 ah
2772 1841 3034 1909 episcopis
3071 1840 3203 1891 mitti
3231 1840 3444 1895 dehent.

246 1930 568 1997 πέμπεσθαι
616 1933 941 2000 γράμματα.
974 1935 1065 1985 καὶ
1092 1934 1220 1985 ἔνθα
1277 1936 1343 1987 ἂν
1372 1937 1579 1997 ἐκεῖνος
1636 1937 1798 2006 κρίνῃ
1904 1956 1909 1980 ‹

1785 1953 1798 2006 ι
1904 1947 1956 1986 et
1992 1936 2076 1986 nhi
2118 1936 2205 1987 ille
2251 1936 2494 1988 idoneum
2528 1933 2847 2001 iudicaverit
2877 1930 3184 1993 convenire,
3220 1928 3288 1982 ibi
3325 1942 3448 1980 con-

242 2020 555 2087 ἐπνιήδειον
586 2019 724 2074 εἶναι
758 2023 1049 2088 συνελθεῖν,
1087 2026 1264 2078 ἐκεῖσε
1293 2028 1384 2078 καὶ
1436 2027 1796 2096 συναχθήσον-

244 2124 363 2161 ται.

814 2203 1044 2259 κΑΝοΝ
1082 2207 1198 2273 ιβ’.

254 2310 273 2340 ι
328 2293 447 2345 Ἵνα
469 2295 716 2361 αἱρετοὺς
742 2296 999 2359 δικαστὰς
1024 2298 1097 2366 μὴ
1125 2299 1243 2361 ἐξὸν
1269 2297 1358 2364 εἴη
1383 2300 1805 2353 ἐκκαλέσασθαι.

335 2400 352 2431 ι
411 2382 537 2434 Ἐἁν
563 2385 617 2435 δὲ
672 2384 896 2452 γένηται
941 2387 1226 2454 ἓκκλητος,
1288 2390 1381 2440 καὶ
1428 2389 1740 2455 ἐπιλέξηται
1780 2391 1808 2439 6

334 2489 352 2520 ι
395 2474 833 2537 ἐπικαλεσάμενος
858 2476 1137 2540 δικαστὰς,
1166 2477 1259 2529 καὶ
1288 2478 1404 2544 μετ’
1437 2478 1599 2531 αὐτοῦ
1628 2479 1812 2530 κάκεῖ-

337 2580 355 2612 ι
391 2579 483 2624 νος
512 2564 636 2615 καθ’
654 2558 716 2615 οὗ
750 2564 1122 2630 ἐξεκαλέσατο,
1152 2566 1247 2619 τοῦ
1264 2567 1451 2620 λοιποῦ
1479 2568 1582 2619 ἀπὸ
1609 2568 1811 2619 τούτων

335 2669 356 2701 ε
389 2653 575 2720 μηδενὶ
600 2654 801 2716 ἐξέστω
828 2655 1195 2709 ἐκκαλεῖσθαι.
1235 2638 1371 2726 Περὶ
1398 2673 1599 2725 τοποτη
1612 2658 1812 2725 ρησιῶν

336 2761 356 2793 ε
394 2743 670 2811 διαφόρων
735 2746 1035 2813 ἐπαρχιῶν.
1112 2747 1235 2810 Ὑφ’
1286 2747 1344 2798 ἐν
1423 2747 1813 2816 τοποτηρησίαι

336 2851 355 2882 ι
390 2833 665 2901 διαφόρων
701 2835 978 2905 ἐπαρχιῶν
1036 2839 1446 2905 ἐμφανισθεῖσαι
1520 2841 1816 2908 χαριέντως

335 2940 355 2971 ε
392 2924 868 2990 προσεδέχθησανσ
930 2926 1073 2979 τοῦτ’
1126 2927 1240 2979 ἔστι
1297 2928 1405 2979 τῶν
1477 2927 1817 2996 Νουμηδίων,

339 3031 361 3064 ε
399 3015 510 3067 τῶν
576 3017 925 3083 Βυζακηνῶν,
972 3020 1079 3071 τῶν
1127 3021 1367 3088 Μαύρων
1433 3022 1816 3088 Σιτιφενσιῶνο

1902 2026 2284 2095 grcgabuntur.

2470 2203 2693 2259 CANON
2728 2202 2912 2258 XCIX.

1914 2313 1931 2346 ι
1970 2294 2045 2350 Ne
2086 2298 2153 2349 ah
2180 2297 2429 2350 electitiis
2456 2298 2730 2365 judicibus
2763 2294 3030 2363 appellare
3062 2292 3239 2346 liceat.
3277 2290 3333 2345 Si
3366 2306 3457 2343 an-

1976 2404 1993 2436 ι
2028 2395 2133 2438 tem
2160 2388 2357 2440 emissa
2386 2390 2454 2439 sit
2482 2387 2787 2455 appellatio.
2820 2395 2874 2439 et
2902 2385 2988 2451 qui
3014 2382 3291 2451 appellavit
3321 2382 3461 2449 judi-

1990 2494 2007 2526 ι
2050 2491 2139 2531 eos
2183 2478 2423 2543 elegerit.
2474 2485 2526 2529 et
2571 2490 2689 2529 cum
2722 2475 2811 2528 illo
2848 2474 2890 2526 is
2925 2486 3159 2540 quoque,
3205 2471 3462 2524 adversus

1983 2584 2001 2617 ι
2041 2580 2196 2633 quem
2250 2565 2557 2634 appellavit.
2593 2566 2659 2618 ab
2693 2565 2777 2617 his
2825 2564 3073 2630 deinceps
3120 2561 3247 2614 nulli
3282 2561 3464 2629 appel-

1987 2672 2005 2705 ι
2063 2654 2171 2707 lare
2203 2654 2379 2707 liceat.
2416 2654 2488 2708 De
2518 2650 2848 2707 diversarum
2886 2639 3281 2721 provinciarum
3316 2650 3462 2716 lega-

1986 2763 2003 2793 ι
2049 2744 2307 2798 tionibus.
2358 2744 2697 2799 Diversarum
2734 2744 3133 2811 provinciarum
3166 2742 3459 2809 legationes

1985 2853 2002 2885 ι
2037 2835 2193 2888 simul
2231 2843 2624 2902 repraesentata:
2654 2834 2885 2888 libenter
2912 2833 3159 2887 admissa:
3186 2840 3328 2895 sunt,
3362 2831 3480 2883 hoc

1993 2944 2010 2976 ε
2040 2936 2143 2988 est,
2166 2924 2551 2987 Numidiarum,
2573 2925 2641 2994 By
2654 2939 2993 2985 zacenornm,
3018 2922 3321 2975 Maurorum
3342 2922 3469 2975 Siti-

1990 3035 2007 3066 ι
2062 3016 2332 3077 fensium;
2363 3015 2610 3068 similiter
2642 3024 2816 3067 autem
2849 3023 2901 3069 et
2935 3014 3383 3068 Casarianorum.
3414 3018 3469 3063 et

341 3122 362 3155 ε
394 3105 597 3171 ὁμοίως
619 3107 673 3158 δὲ
708 3109 799 3159 καὶ
821 3110 1227 3177 Καισαριανῶν,
1257 3110 1392 3162 ἀλλὰ
1436 3111 1529 3162 καὶ
1566 3110 1675 3162 τῶν
1712 3110 1818 3161 ἀπὸ
1848 3132 1892 3191 C
1999 3129 2004 3153 ε

1803 3114 1818 3161 5
1848 3132 1892 3191 c
1999 3124 2017 3156 ι
2053 3106 2213 3159 etiam
2233 3105 2707 3173 Tripolitanorum.
2739 3107 2810 3159 lle
2830 3105 3172 3159 exactoribus
3201 3102 3466 3156 Ecclesim.

342 3213 362 3245 ι
402 3196 734 3262 Τριπόλεως.
765 3199 897 3266 Περὶ
930 3199 1272 3252 ἱκδιϐαστῶν
1296 3199 1396 3267 τῆς
1471 3199 1813 3267 Ἐκκλησίαε.

343 3303 364 3335 ε
410 3286 647 3353 Ἥρεσεν
677 3288 811 3354 πρδς
834 3288 1064 3351 τούτοις,
1083 3288 1222 3341 ὥστε
1240 3289 1568 3349 ἐκϐιδαστὰς
1600 3289 1653 3340 ἐν
1684 3291 1821 3340 πᾶσι

342 3396 364 3427 ε
402 3380 514 3437 τοῖς
538 3378 635 3444 τῆς
656 3378 982 3447 Ἐκκλησίας
1000 3379 1280 3447 χρειῶδεσι
1311 3380 1471 3430 πέντε
1502 3379 1820 3447 ἐπιλεγῆναι

336 3485 355 3515 ε
402 3466 710 3532 αῖτηθῆναι,
762 3468 959 3529 οἵτινες
994 3471 1053 3518 ἐν
1102 3469 1221 3529 ταῖς
1268 3468 1542 3535 διαφόροις
1572 3469 1824 3537 ἐπιμερι-

350 3574 371 3605 ε
405 3557 692 3624 σθὴοονται
724 3558 1035 3625 ἐπαρχίαις.
1061 3576 1078 3608 ι

328 3647 526 3700 ΒΔΛΣ.
555 3647 633 3699 Τὰ
666 3647 767 3713 μὲν
794 3648 925 3700 ἄλλα
958 3647 1051 3700 τοῦ
1090 3649 1357 3717 παρόντος
1408 3649 1628 3711 κανόνος
1686 3649 1827 3701 εἰσιν

262 3737 598 3805 ἀλυσιτελῆο
643 3736 673 3788 δ
735 3736 791 3789 δέ
814 3753 946 3807 φησι
1015 3740 1144 3803 περὶ
1196 3740 1490 3809 αῐρετικῶν
1534 3741 1822 3806 δικαστῶν,

261 3826 507 3880 τοιοῦτόν
588 3830 756 3880 ἐστιν.
810 3828 1085 3897 Αἱρετικοί
1147 3830 1285 3882 εἰσιν
1312 3866 1329 3893 ,
1370 3830 1420 3882 οἶ
1477 3832 1570 3883 καὶ
1622 3834 1826 3901 αἱρετοὶ

261 3916 527 3968 δικασταὶ
556 3917 830 3984 λέγονται,
877 3918 925 3970 οἱ
959 3920 1097 3971 κατὰ
1128 3918 1346 3988 θέλησιν
1377 3920 1689 3985 δικάζοντες
1718 3923 1827 3975 τῶν

264 4008 667 4074 δικαζομένων.
699 4009 867 4075 Φησὶν
899 4004 993 4062 οὖν
1025 4010 1053 4061 6
1085 4009 1265 4062 κανὼν
1288 4010 1390 4073 ὅτι,
1421 4011 1515 4064 ἐὰν
1539 4012 1825 4081 κριθῇτιῐ,

271 4097 367 4147 καὶ
403 4096 839 4163 ἐκκαλεσάμενος
870 4097 1062 4165 ἐληται
1093 4097 1245 4167 παρὰ
1266 4098 1406 4167 τῷδέ
1436 4116 1544 4152 τινι
1590 4100 1667 4168 τῷ
1710 4104 1831 4154 ἐπι-

268 4182 459 4247 σκόπῳ
493 4182 560 4232 τὰ
584 4185 681 4250 τῆς
713 4184 977 4251 ἐκκλήτου
1001 4189 1304 4253 γυμνάσαι,
1350 4188 1444 4239 καὶ
1464 4188 1585 4241 οὑδέ
1618 4190 1646 4240 6
1680 4189 1827 4241 ἀντί-

266 4270 420 4333 δικος
473 4271 609 4337 πρὸς
640 4272 800 4324 τοῦτο
835 4273 1124 4344 ἀντιπέσῃ,
1155 4275 1334 4327 οὐδενὶ
1365 4276 1570 4329 τούτων
1594 4277 1688 4328 τοῦ
1720 4278 1830 4328 λοι-

271 4362 373 4412 ποῦ
426 4361 639 4424 ἐξέσται
676 4364 1022 4415 ἐκκαλεῖσθαι
1056 4365 1197 4417 κατὰ
1227 4365 1326 4431 τῆς
1386 4366 1715 4433 ἀποφάσεως
1739 4366 1831 4418 τοῦ

1994 3216 2011 3247 ι
2067 3197 2275 3250 Placuit
2308 3210 2587 3264 praeterea.
2644 3208 2705 3250 ut
2756 3207 3045 3250 exactores
3095 3196 3151 3249 in
3201 3195 3471 3255 omnibus.

2002 3304 2019 3334 σ
2060 3302 2180 3356 qum
2222 3288 2420 3341 fuerint
2452 3287 2702 3342 Ecclesia:
2737 3286 3063 3349 necessaria,
3092 3286 3326 3353 quinque
3354 3282 3471 3351 eligi

1999 3396 2015 3425 ι
2054 3387 2323 3446 petantur,
2344 3377 2507 3445 quiin
2539 3377 2761 3431 diversis
2785 3376 3073 3445 provinciis
3092 3375 3413 3427 dividantur.
3449 3390 3466 3421 ›

1992 3649 2182 3705 BALS.
2236 3650 2348 3704 Alia
2424 3649 2634 3716 quidem
2709 3651 2988 3716 prmsentis
3062 3652 3285 3705 canonis
3356 3662 3481 3704 sunt

1928 3742 2134 3795 inutilia
2184 3757 2197 3792 :
2241 3740 2382 3809 quod
2419 3752 2592 3793 autem
2642 3741 2769 3794 dicit
2796 3741 2861 3794 de
2892 3741 3141 3794 clectitiis
3180 3741 3476 3804 iudicibus.

1927 3842 2009 3885 cst
2063 3832 2341 3899 ejusmodi.
2408 3830 2635 3884 Electitii
2698 3839 2825 3885 sunt
2874 3830 3105 3897 iudices,
3174 3834 3260 3899 qui
3318 3834 3478 3885 etiam

1929 3922 2082 3976 electi
2134 3922 2405 3983 dicuntur.
2455 3923 2543 3991 qui
2574 3937 2638 3975 ex
2673 3922 2996 3991 litigantium
3042 3921 3313 3976 voluntate
3344 3923 3485 3990 judi-

1929 4020 2073 4066 cant.
2111 4010 2249 4066 Dicit
2282 4027 2411 4081 ergo
2440 4027 2635 4076 canon,
2669 4012 2811 4081 quod
2843 4012 2887 4064 si
2940 4011 3059 4079 quis
3096 4010 3256 4065 fuerit
3279 4012 3483 4077 judica-

1929 4113 2037 4160 tus.
2087 4113 2141 4157 et
2169 4118 2290 4156 cum
2323 4102 2691 4170 appellaverit,
2725 4102 2951 4155 voluerit
2987 4103 3052 4155 ab
3081 4101 3203 4164 hoc,
3240 4100 3485 4171 quisquis

1930 4195 1978 4247 is
2030 4194 2121 4257 sit,
2170 4193 2422 4260 episcopo
2465 4192 2531 4246 de
2566 4206 2660 4245 sua
2718 4189 3074 4257 appellatione
3118 4190 3387 4260 cognosci.
3434 4200 3490 4244 et

1933 4302 2033 4341 nec
2063 4285 2407 4339 adversarius
2444 4284 2492 4337 ei
2524 4284 2929 4348 contradixerit,
2959 4283 3083 4337 nulli
3116 4300 3300 4337 eorum
3331 4284 3487 4337 dein-

1935 4390 2060 4444 ceps
2100 4375 2284 4429 licebit
2329 4372 2594 4440 appellare
2624 4374 2884 4426 adversus
2912 4374 3232 4427 sententiam
3270 4373 3490 4440 iudicis.

268 4450 551 4505 δικαστοῦ.
574 4451 632 4502 ὃν
664 4453 894 4519 ἄμφωοί
928 4453 1195 4504 ἀντίδικοι
1252 4453 1595 4523 ᾑρετίσαντο.
1638 4456 1744 4507 Καὶ
1804 4457 1831 4508 6
1863 4460 1906 4514 D

1824 4476 1831 4505 ι
1863 4460 1906 4514 1)
1935 4478 2091 4528 quem
2121 4472 2351 4531 uterque
2378 4462 2728 4517 adversarius
2756 4461 2937 4529 elegit.
2971 4466 3046 4515 Ac
3078 4465 3129 4515 in
3162 4464 3244 4516 his
3272 4464 3487 4531 quidem

274 4544 376 4609 μὲν
430 4542 610 4594 κανὼν
659 4546 716 4593 ἐν
757 4543 963 4603 τούτοις
1023 4543 1327 4605 ἀκολούθως
1383 4546 1492 4605 τοῖς
1534 4545 1833 4607 πολιτικοῖς

268 4633 386 4691 τοῖς
416 4630 686 4696 κειμένοις
718 4633 772 4681 ἐν
806 4632 881 4699 τῷ
902 4632 1141 4701 δευτέρῳ
1185 4633 1349 4703 τίτλῳ
1385 4634 1478 4684 τοῦ
1515 4634 1559 4696 ζ’
1593 4633 1700 4701 βιϐ.
1726 4634 1833 4685 τῶν

273 4719 607 4780 Βασιλικῶν,
636 4721 728 4771 καὶ
751 4720 1142 4789 διοριζομένοις
1193 4724 1335 4774 κατὰ
1363 4724 1462 4790 τῆς
1504 4722 1685 4789 ψήφου
1726 4724 1834 4775 τῶν

273 4810 515 4878 αἱρετῶν
541 4811 813 4863 δικαστῶν
843 4811 1108 4879 ἔκκλητον
1156 4813 1230 4881 μὴ
1263 4812 1521 4866 δίδοσθαι.
1554 4814 1644 4882 Μὴ
1674 4814 1835 4883 εἴπῃς

268 4900 329 4953 δὲ
365 4901 490 4962 τοὺς
549 4902 825 4960 τοιούτους
858 4902 1106 4970 αἱρετοὺς
1161 4904 1422 4965 δικαστὰς
1477 4904 1835 4957 καθίστασθαι

274 4991 420 5059 μετὰ
442 4991 640 5047 δόσεως
675 4993 981 5062 προστίμου
1003 4994 1142 5046 κατὰ
1160 4978 1257 5063 τῆν
1285 4994 1446 5061 φύσιν
1474 4995 1581 5046 τῶν
1602 4997 1835 5064 αἱρετῶν

271 5084 565 5138 δικαστῶν.
605 5085 663 5136 Et
692 5084 747 5137 δὲ
780 5102 862 5148 τις
893 5085 1018 5156 εἴπῃ
1042 5086 1135 5148 ὡς,
1178 5087 1587 5157 προστίμουμὴ
1622 5089 1833 5157 ἐπερω-

270 5177 559 5246 τηθέντος,
602 5175 899 5238 ἀκινδύνως
929 5178 957 5228 6
990 5176 1411 5239 καταδικασθεὶς
1432 5180 1495 5230 οὑ
1526 5178 1832 5249 πειθαρχή-

273 5285 361 5321 σει
388 5270 453 5335 τῇ
502 5266 689 5336 ψήφῳ,
720 5266 942 5319 ἀκούσει
989 5268 1096 5339 δτι,
1145 5269 1238 5322 τδν
1296 5269 1370 5338 μὴ
1402 5270 1599 5338 ἔχοντα
1632 5272 1837 5323 δικαιο-

269 5358 461 5412 δοσίαν
481 5360 577 5411 ἐὰν
594 5360 940 5429 αἱρετίσηται
977 5378 1083 5423 τις,
1121 5361 1214 5413 καὶ
1249 5363 1549 5431 πρόστιμον
1572 5367 1671 5415 οὐκ
1708 5365 1838 5415 ἐπε.

279 5449 526 5517 ρωτηθῇ,
564 5450 639 5518 μὴ
662 5450 916 5518 ἐμμένων
939 5454 1004 5520 τῇ
1034 5452 1201 5520 ψήφῳ
1254 5452 1441 5516 αὐτοῦ,
1473 5455 1838 5521 ἀποκριματί-

277 5554 423 5599 om;
452 5538 694 5607 ἁθετήσῃ
728 5540 828 5605 τὴν
856 5541 979 5593 κατ’
1009 5541 1177 5593 αὑτοῦ
1214 5542 1499 5609 ἀπόφασιν
1522 5559 1535 5573 ·
1583 5545 1837 5608 ἐπιλεξά-

276 5641 443 5691 μενος
481 5625 539 5677 δέ
586 5625 850 5696 δικαστὴν
904 5628 1303 5683 ἐκκαλέσασθαι
1353 5631 1491 5683 κατὰ
1528 5633 1625 5699 τῆς
1657 5633 1838 5701 ψήφου

273 5714 439 5772 αὑτοῦ
465 5716 527 5767 οὺ
570 5715 816 5780 δύναται,
842 5718 1023 5782 καθὼς
1056 5720 1213 5772 τοῦτο
1249 5722 1579 5788 παρεσταται
1616 5723 1706 5775 καὶ
1730 5724 1835 5775 ἀπὸ

1934 4552 2185 4606 consistit
2212 4566 2409 4615 canon,
2440 4550 2643 4617 legibus
2669 4549 2914 4601 civilibus
2940 4549 3342 4615 convenienter,
3372 4566 3492 4619 qua!

1934 4640 2048 4694 sita:
2078 4650 2203 4692 sunt
2239 4640 2290 4691 in
2331 4640 2415 4691 tit.
2442 4639 2477 4693 ‘3
2517 4637 2611 4691 lib.
2643 4652 2715 4689 vlt
2757 4636 2975 4689 Basilio.
3024 4646 3078 4690 et
3108 4652 3225 4703 quae
3252 4647 3493 4690 statuunt

1937 4729 2193 4783 adversus
2230 4728 2587 4783 eleCtitiorum
2622 4726 2857 4795 indicum
2891 4728 3212 4781 sententiam
3236 4742 3339 4780 non
3375 4728 3492 4781 dari

1935 4819 2368 4886 appellationem.
2435 4816 2513 4869 Ne
2567 4816 2771 4870 dixeris
2829 4823 3008 4869 autem
3074 4813 3171 4870 hos
3228 4817 3493 4871 electitios

1931 4910 2141 4977 judices
2194 4907 2447 4961 constitui
2508 4921 2631 4961 cum
2678 4906 2893 4960 datione
2939 4919 3110 4974 pennae
3147 4907 3315 4960 instar
3346 4909 3495 4961 arbi-

1938 5007 2165 5050 trorum.
2191 4996 2245 5049 Si
2269 4997 2389 5063 quis
2411 5005 2589 5049 autem
2614 4994 2833 5067 dixerit,
2861 4995 3006 5063 quod
3029 4993 3295 5064 335nm
3324 5010 3494 5062 poenae

1937 5084 2209 5150 stipulatio
2250 5082 2633 5147 intercesserit,
2698 5081 3085 5135 condemnatus
3119 5080 3254 5134 citra
3328 5083 3492 5135 ullum

1937 5173 2303 5242 prejudicium
2346 5173 2625 5227 sententia:
2656 5186 2759 5225 non
2825 5172 3031 5239 parebit
3059 5213 3089 5239 ,_
3114 5171 3313 5237 audiet,
3353 5174 3495 5240 quod

1938 5269 1981 5321 si
2014 5269 2133 5335 quis
2157 5281 2299 5328 eum,
2326 5267 2416 5335 qui
2445 5264 2868 5333 iurisdictionem
2902 5280 3006 5318 non
3041 5266 3219 5328 habet.
3256 5268 3494 5330 elegerit.

1941 5376 2037 5414 nec
2071 5376 2283 5430 pinnam
2316 5359 2643 5426 promiserit,
2675 5359 2717 5411 si
2761 5375 2865 5412 non
2916 5368 3019 5413 stet
3047 5361 3163 5428 ejus
3195 5364 3493 5427 sententia),

1941 5452 2060 5505 sine
2114 5450 2222 5503 ullo
2262 5451 2573 5519 prvjudicio
2614 5451 2811 5516 poterit
2862 5451 2976 5512 cius
3024 5454 3346 5506 sententiam
3398 5470 3496 5522 pro

1943 5544 2109 5596 nihilo
2149 5542 2346 5596 ducere
2398 5543 2535 5610 :qui
2592 5552 2768 5595 autem
2820 5541 3056 5612 judicent
3120 5544 3360 5611 elegerit,
3422 5549 3490 5599 ah

1939 5632 2054 5700 ejus
2089 5632 2349 5687 sententis
2407 5633 2679 5701 appellare
2737 5648 2845 5686 non
2906 5643 3111 5702 potest;
3165 5637 3304 5689 sicut
3348 5637 3398 5689 id
3430 5655 3493 5690 ex

1944 5724 2192 5792 ιιι-πετηίί
2249 5737 2453 5778 canone
2494 5723 2811 5778 ostenditur.
2868 5723 2986 5778 ilco
3030 5736 3228 5784 auten.
3274 5739 3327 5778 ut
3366 5728 3493 5778 mihi
