4212 6440
838 380 939 441 339

2060 378 2331 441 TUEOD.
2369 382 2758 443 BALSAMON

3893 370 4001 434 3&0

832 490 1042 555 quidem
1091 491 1321 555 videtur,
1350 491 1703 544 servabuntur
1731 491 1784 542 in
1826 490 2004 544 causis
2044 489 2365 544 ecclesiasti-
2391 491 2436 547 Α
2464 514 2495 548 τ

2340 518 2365 529 -
2391 491 2436 547 Α
2464 500 2554 550 τοῦ
2586 498 2845 565 παρόντος
2871 499 3106 557 κανόνος.
3159 494 3341 549 ταῦτα
3369 494 3425 547 δὲ
3480 493 3864 561 κρατήτουσιν,
3920 490 4000 549 ὥς

831 576 926 637 cis,
961 585 1013 627 ut
1042 576 1149 629 vult
1177 578 1259 629 hic
1292 591 1484 630 canon.
1514 576 1623 630 Lex
1649 578 1789 629 enim
1816 576 1987 629 civilis
2012 576 2265 644 permittit
2290 575 2363 640 ei,

826 664 915 727 qui
936 665 1164 729 judicem
1194 665 1463 728 petiverit,
1498 665 1579 719 vel
1604 665 1782 731 aliquo
1805 664 1907 716 alio
1937 664 2091 717 modo
2122 664 2360 731 elegerit,

825 754 1108 807 habentem
1131 755 1571 821 iurisdictionem,
1594 770 1626 808 a
1646 753 1909 810 sententia
1934 755 2052 823 ejus
2074 752 2358 822 appellare.

893 1022 1140 1075 ZONAR.
1173 1024 1255 1077 Ab
1287 1025 1505 1077 arbitris
1539 1024 1773 1075 civilium
1807 1038 2017 1092 quoque
2059 1025 2231 1088 legum
2262 1022 2357 1075 de-

816 1124 964 1164 cru-to
997 1113 1135 1165 nulla
1167 1114 1317 1166 datur
1348 1115 1673 1180 provocatio.
1706 1112 1843 1165 Idem
1874 1128 2002 1182 ergo
2030 1112 2115 1167 hic
2148 1127 2357 1181 quoque

817 1215 984 1252 canon
1032 1204 1233 1254 statuit.
1286 1202 1418 1255 Nam
1454 1202 1496 1256 si
1528 1202 1667 1269 quis,
1700 1201 1889 1269 inquit.
1930 1204 1996 1255 ab
2032 1217 2137 1255 uno
2181 1202 2357 1269 judice

817 1288 1096 1340 damnatus
1144 1289 1209 1340 ad
1251 1291 1475 1341 alterum
1528 1289 1915 1356 provocaverit,
1961 1303 2189 1357 eumque
2214 1288 2356 1353 judi-

813 1391 951 1436 cent,
998 1380 1087 1431 illo
1131 1390 1315 1431 contra
1360 1393 1515 1444 quem
1562 1380 1889 1445 provocavit.
1936 1379 2239 1432 adversario
2269 1379 2353 1431 tti-

815 1468 1007 1519 mirt'm
1053 1482 1170 1524 suo,
1204 1470 1588 1528 consentiente,
1617 1467 1875 1537 elegerit;
1921 1470 2093 1521 neutri
2126 1468 2355 1535 amplius

808 1559 876 1611 ab
910 1560 1022 1623 ejus
1052 1560 1336 1619 sententia,
1374 1574 1533 1627 quem
1570 1570 1790 1626 uterque
1817 1560 2046 1625 judicem
2075 1558 2350 1626 delegerit.

806 1648 984 1700 licebit
1037 1663 1347 1714 provocare.
1382 1650 1437 1702 In
1489 1650 1637 1711 illud,
1667 1649 1733 1703 de
1774 1650 2102 1703 diversarum
2129 1649 2352 1715 provin-

807 1737 1009 1788 ciarum
1071 1738 1277 1802 Iegatis.
1330 1740 1577 1806 Legatos,
1628 1754 1763 1804 quos
1814 1740 2016 1807 synodo
2071 1736 2347 1790 adfuturos

2464 588 2588 654 ἐμοὶ
2633 587 2797 648 δοκεῖ,
2837 587 2928 636 καὶ
2963 588 3044 647 είς
3075 585 3171 644 τὰς
3200 584 3659 644 ἑκκλησιαστικὰς
3691 580 3999 638 ὑποθέσεις,

2462 676 2600 729 κατὰ
2630 675 2720 727 τὸν
2758 675 2999 740 παρόντα
3040 676 3256 725 κανόνα.
3289 674 3346 724 ’0
3392 671 3498 737 γὰρ
3534 668 3804 725 πολιτικὸς
3836 666 3999 730 νόμας

2460 766 2694 833 ικχωρεῖ
2719 762 2797 831 τῷ
2828 764 3121 830 ζητήσαντι
3156 761 3435 822 δικαστὴν,
3473 760 3505 825 ἢ
3549 758 3640 808 καὶ
3676 758 3852 811 ἄλλως
3883 770 3997 814 πως

2459 852 3005 920 ιπι).εξαμένῳ,πλὴν
3035 853 3223 918 ἔχοντα
3243 848 3623 909 δικαιοδοσίαν,
3651 843 3997 896 ἐκκαλεῖσθαι

2459 944 2601 997 κατὰ
2630 945 2731 1007 τῆς
2759 943 2941 1010 ψήφου
2974 940 3162 993 αὑτοῦ.

2528 1029 2768 1082 ΖΩΝΑΡ.
2798 1028 2953 1080 Κατὰ
3004 1026 3235 1095 αἱρετῶν
3266 1026 3535 1077 δικαστῶν
3567 1023 3661 1075 καὶ.
3702 1024 3813 1081 τοῖς
3844 1020 3999 1072 πολι-

2455 1121 2628 1181 τικοῖς
2656 1118 2839 1184 νόμοις
2868 1118 2929 1169 οὐ
2959 1118 3155 1170 δίδοται
3181 1115 3464 1184 ἔκκλητος.
3499 1112 3667 1165 Τοῦτο
3705 1112 3799 1163 οὖν
3822 1112 3917 1162 καὶ
3965 1108 3995 1159 6

2456 1207 2635 1260 κανὼν
2680 1204 2837 1269 οὗτος
2872 1206 3038 1273 λέγει.
3083 1206 3209 1259 Ἐὰν
3248 1204 3357 1274 γὰρ
3390 1204 3550 1271 κριθῇ
3582 1219 3685 1264 τις,
3722 1204 3875 1267 φησὶ,
3904 1199 3996 1252 καὶ

2455 1296 2890 1363 δκκαλεσάμινος
2954 1295 3146 1363 ῑληται
3212 1293 3559 1361 δικαστήριον
3612 1291 3996 1357 ἔκκλητάριον,

2454 1385 2547 1437 καὶ
2576 1386 2694 1453 μετ’
2722 1384 2888 1439 αὐτοῦ
2911 1386 3161 1441 κάκεῖνος
3185 1384 3376 1451 ῑληται
3408 1381 3621 1441 τοῦτον.
3651 1381 3774 1433 καθ’
3793 1373 3854 1431 οὗ
3879 1381 3993 1445 ἔξε-

2453 1478 2738 1541 καλὲσατο,
2777 1478 2947 1546 ἦγουν
2971 1477 3001 1528 6
3035 1474 3304 1535 ἀντίδικος
3335 1471 3523 1534 αὐτοῦ,
3576 1470 3752 1524 οὐδενὶ
3786 1469 3994 1523 τούτων

2450 1567 2545 1620 τοῦ
2596 1566 2785 1619 λοιποῦ
2822 1567 3041 1629 ἐξέσται
3096 1564 3443 1617 ἐκκαλεῖσθαι
3485 1562 3623 1615 κατὰ
3662 1560 3763 1628 τῆς
3809 1560 3991 1626 ψήφου

2449 1659 2545 1711 τοῦ
2597 1660 2871 1719 δικαστοῦ,
2911 1659 2970 1711 δν
3025 1658 3194 1725 ἄμφω
3238 1658 3286 1708 οί
3340 1654 3599 1724 ἀντίδικοι
3646 1652 3991 1723 ᾑρετίσαντο.

2449 1744 2556 1807 Οὓς
2610 1746 2836 1816 ἧλπιζον
2875 1747 3051 1798 ﬂuctv
3085 1748 3162 1806 είς
3189 1744 3287 1813 τὴν
3325 1742 3541 1795 σύνοδον
3593 1737 3997 1808 τοποτηρητάς,

805 1834 1174 1889 speraverant,
1203 1828 1312 1895 jam
1344 1843 1536 1882 omnes
1572 1828 1730 1881 simul
1761 1827 2128 1890 advenientes,
2157 1841 2344 1895 magna
2376 1827 2421 1845 "
2452 1838 2468 1889 ί

2333 1841 2344 1878 Ι
2376 1827 2421 1845 υ
2452 1836 2540 1903 ὑφ’
2573 1837 2651 1899 ἓν,
2681 1837 2848 1904 ἤγουν
2882 1834 3042 1900 ὁμοῦ,
3074 1833 3327 1892 ἐλθόντας
3358 1832 3500 1900 μετὰ
3530 1830 3705 1898 χαρᾶς
3732 1827 3996 1897 προσεδέ-

807 1913 1000 1968 iactitite
1032 1917 1422 1984 signiﬁcatione
1472 1919 1659 1985 synodi
1712 1917 1895 1971 Patres
1939 1931 2215 1984 excepere.
2262 1916 2345 1987 [In

799 2004 948 2069 illud,
995 2008 1060 2059 de
1090 2009 1427 2060 exactoribus
1476 2009 1772 2079 Ecclesiae]
1821 2008 1971 2080 [Haec
2017 2024 2231 2076 quoque
2279 2009 2350 2063 ad

800 2111 1132 2151 communem
1167 2098 1451 2151 utilitatem
1487 2101 1703 2153 mimine
1736 2099 2051 2170 pertinent.]

802 2183 1028 2239 ARIST.
1092 2204 1110 2236 ι
1149 2184 1266 2241 Uno
1329 2186 1651 2256 litigantium
1712 2190 2033 2255 appellante,
2084 2190 2129 2243 si
2183 2205 2343 2245 amuo

867 2295 887 2327 ι
945 2276 1233 2329 electitium
1274 2275 1507 2342 judiccm
1552 2277 1830 2347 elegerint,
1876 2293 1942 2333 ne
1977 2280 2202 2348 amplius
2244 2294 2340 2349 ap-

863 2382 885 2416 ι
925 2366 1137 2434 pellent.
1152 2384 1173 2418 ι

863 2455 971 2509 Lex
1016 2457 1228 2524 quidem
1269 2457 1443 2511 civilis
1468 2458 1545 2512 sic
1569 2459 1733 2512 sentit
1776 2459 1840 2512 de
1861 2456 2130 2525 judieibus
2155 2458 2338 2513 electi-

790 2546 903 2612 tiis,
942 2554 999 2599 ut
1039 2561 1141 2601 non
1166 2548 1323 2601 aliter
1352 2546 1643 2601 electitium
1672 2550 2033 2603 constituatur
2052 2549 2336 2615 judicium,

789 2637 892 2691 nisi
937 2640 1086 2705 prius
1119 2639 1347 2707 quisque
1376 2638 1696 2706 litigantium
1738 2654 1909 2705 preme
1936 2639 2334 2708 stipulationem

788 2736 1068 2794 proponat,
1113 2728 1252 2796 quod
1297 2730 1607 2797 quicunque
1646 2743 1710 2782 ex
1752 2730 1816 2784 iis
1846 2732 2111 2784 sententia
2143 2732 2337 2799 judicis

786 2819 853 2872 ab
888 2818 1017 2887 ipsis
1043 2819 1196 2873 electi
1246 2833 1350 2873 non
1380 2820 1688 2888 acquiescit,
1739 2837 1948 2887 pugnam
1993 2821 2137 2875 illam
2183 2823 2335 2876 alteri

792 2910 1077 2972 persolvat,
1123 2909 1213 2977 qui
1235 2909 1496 2977 judicium
1543 2911 1798 2966 admittit.
1824 2912 1940 2965 Non
1967 2913 2108 2964 enim
2138 2926 2337 2979 cogun-

788 3006 875 3051 tur
915 3000 1233 3053 sententiam
1277 2999 1418 3054 illius
1464 3000 1732 3069 recipere;
1783 3004 1874 3055 sed
1919 3001 2044 3055 illud
2070 3002 2210 3068 apud
2242 3017 2333 3055 eos

2452 1925 2611 1990 ξαντο
2634 1926 2684 1975 οί
2719 1927 2817 1991 τῆς
2845 1924 3090 1976 συνόδου.
3124 1923 3233 1975 Καὶ
3264 1922 3433 1975 ταῦτα
3458 1921 3557 1971 οὐκ
3580 1919 3660 1981 τίς
3694 1917 3885 1986 κοινὴν
3912 1918 3992 1969 οίο

2448 2016 2702 2083 κονομίαν
2724 2015 2944 2083 δρῶσιν.

2440 2194 2661 2246 ΔΡΙΣΤ.
2700 2210 2719 2243 ι
2770 2194 2922 2255 Ἕνὸς
2960 2193 3066 2247 τῶν
3122 2194 3584 2261 ἁντικρινομὲνων
3616 2192 3998 2258 ἱκκαλεσαμι-

2516 2303 2536 2336 ι
2576 2301 2688 2345 νου.
2724 2286 2790 2335 ἂν
2828 2284 2994 2350 ἄμφω
3043 2284 3259 2352 αἱρετὸν
3311 2282 3663 2346 ὲπιλὲξωνται
3706 2282 3991 2350 δικαστὴν,

2515 2393 2535 2425 ι
2580 2373 2776 2443 μηκέτι
2811 2371 3273 2426 ἑκκαλιίᾱθωσαν.
3314 2392 3333 2424 ι

2520 2462 2579 2513 ’0
2614 2461 2709 2529 μὲν
2758 2459 3029 2520 πολιτικὸς
3058 2463 3220 2526 νόμος
3276 2459 3419 2512 οὓτω
3463 2462 3653 2527 φρονεῖ
3701 2459 3834 2527 περὶ
3878 2461 3992 2512 τῶν

2439 2549 2673 2618 αίρετῶν
2727 2549 3017 2615 δικαστῶν,
3056 2547 3196 2600 ὥστε
3244 2549 3316 2615 μὴ
3370 2549 3543 2611 ἄλλως
3589 2549 3804 2619 αἱρετὸν
3837 2550 3991 2603 συνί-

2439 2638 2664 2691 στασθαι
2692 2636 3071 2706 δικαστήριον,
3107 2639 3157 2689 εί
3191 2639 3267 2707 μὴ
3294 2638 3559 2708 πρότερον
3588 2638 3820 2701 ἕκαστος
3871 2640 3985 2691 τῶν

2441 2726 2779 2799 κρινομένων
2814 2728 3115 2798 πρόστιμον
3171 2730 3511 2797 ἐπερωτηθῇ,
3547 2729 3645 2790 ὡς,
3686 2723 3798 2791 οἷος
3828 2729 3897 2782 ἂν
3929 2730 3987 2794 ἐξ

2438 2820 2621 2873 αὐτῶν
2651 2821 2750 2872 οὐκ
2800 2819 3037 2889 ιμμείνῃ
3081 2821 3145 2889 τῇ
3178 2820 3447 2886 ἀποφάσει
3492 2822 3587 2872 τοῦ
3641 2819 3993 2887 ἑπιλεγέντος

2438 2912 2569 2981 παρ’
2611 2911 2791 2963 αὐτῶν
2817 2910 3095 2971 δικαστοῦ,
3126 2909 3513 2963 καταϐαλεῖται
3542 2908 3700 2962 τοῦτο
3729 2910 3790 2961 τὸ
3811 2910 3985 2978 7:966-

2434 3018 2591 3070 τιμον
2632 3000 2768 3069 πρὸς
2800 2998 2891 3051 τόν
2934 2998 3123 3067 ἕτερον
3166 2998 3257 3050 τὸν
3301 2998 3592 3065 δεχόμενον
3623 2999 3722 3064 τὴν
3752 2998 3988 3064 διάγνω-

786 3089 1022 3153 ponitur.
1062 3087 1346 3156 Propterea
1381 3105 1476 3142 nec.
1504 3091 1785 3158 appellatio
1834 3101 2017 3144 contra
2064 3094 2179 3157 ejus
2206 3106 2331 3145 sen-
2356 3089 2404 3150 Ω
2438 3109 2449 3144 ι

2319 3089 2404 3150 -Ω
2438 3107 2544 3146 σιν.
2602 3090 2675 3142 Οὐ
2725 3090 2831 3158 γὰρ
2884 3088 3288 3154 ἁναγκάσονται
3346 3087 3594 3156 δέχεσθαι
3642 3087 3741 3156 τὴν
3797 3087 3982 3154 ψῆφον

782 3181 1005 3234 tentiam
1027 3181 1199 3233 locum
1218 3179 1395 3241 habet,
1413 3182 1535 3250 quia
1555 3183 1732 3236 etsine
1754 3182 2105 3250 appellatione
2124 3184 2231 3246 ille,
2249 3187 2332 3237 cui

780 3271 1043 3339 displicet,
1072 3285 1280 3337 partam
1311 3280 1517 3324 tantum
1545 3272 1854 3338 persolvens
1878 3273 1944 3325 ab
1969 3286 2031 3324 ea
2054 3279 2229 3339 potest
2252 3288 2337 3326 re-

779 3362 989 3415 cedere.
1015 3358 1123 3413 Lex
1156 3370 1332 3414 autem
1355 3370 1409 3415 et
1443 3360 1567 3413 illud
1595 3360 1745 3423 dicit,
1776 3362 1915 3430 quod
1943 3361 2130 3429 judex,
2154 3363 2243 3430 qui
2279 3364 2330 3416 in

785 3459 961 3514 partes
1002 3449 1432 3515 iurisdictionem
1479 3450 1662 3514 habet,
1705 3459 1757 3502 et
1803 3466 1897 3515 per
1924 3452 2191 3520 propriam
2236 3467 2333 3506 auo

781 3540 1082 3593 ctoritatem
1112 3554 1206 3593 eos
1239 3538 1480 3604 judicare
1507 3550 1701 3605 potest,
1731 3540 1889 3607 judex
1924 3541 2189 3595 electitius
2226 3557 2329 3594 non

782 3632 891 3682 fiat.
936 3629 1183 3683 Canoues
1231 3638 1404 3683 autem
1442 3645 1543 3681 non
1584 3631 1652 3681 ita
1721 3632 1784 3683 dc
1828 3630 2101 3697 judicibus
2146 3632 2329 3686 electi-

780 3724 867 3773 tiis
912 3729 1186 3781 statuunt;
1234 3720 1326 3773 sed
1358 3722 1632 3783 mandant,
1668 3721 1809 3786 quod
1839 3721 1881 3772 si
1916 3722 2186 3790 litigantes
2216 3724 2328 3789 epi-

776 3811 922 3876 scopi
951 3808 1030 3862 vel
1060 3808 1239 3862 clerici
1269 3808 1475 3875 aliquos
1502 3809 1872 3876 episcoporum
1899 3813 2153 3879 elegerint
2173 3813 2321 3879 judi-

774 3914 863 3955 ces
885 3898 1161 3965 electitios,
1184 3906 1235 3961 et
1259 3897 1325 3951 ab
1350 3899 1427 3953 eis
1445 3897 1674 3967 judicari
1701 3899 1987 3963 voluerint,
2008 3902 2329 3956 condemna-

776 4003 864 4045 tus
896 4006 998 4044 non
1028 3991 1253 4058 amplius
1283 3990 1592 4043 admittetur
1612 4001 1795 4043 contra
1824 4004 2010 4044 eorum
2036 4006 2327 4057 provocare

773 4082 1124 4147 sententiam,
1157 4082 1249 4135 sed
1285 4081 1333 4134 ei
1367 4081 1527 4134 etiam
1559 4080 1757 4134 invitus
1788 4082 2118 4149 acquiescet.
2149 4082 2322 4135 Causa

771 4184 974 4236 autem,
1005 4184 1060 4225 ut
1084 4171 1238 4225 nobis
1263 4171 1477 4239 quidem
1505 4170 1734 4235 videtur,
1762 4178 1979 4238 propter
2004 4186 2161 4239 quam
2189 4185 2323 4225 con-

769 4276 849 4317 tra
892 4263 1151 4329 judicium
1188 4276 1371 4316 eorum
1420 4260 1692 4329 appellare
1733 4276 1836 4313 non
1882 4263 2233 4329 permittitur,
2271 4263 2322 4315 in

768 4353 977 4407 decimo
1024 4352 1215 4419 quinto
1265 4352 1452 4420 syn’odi
1501 4352 1779 4419 praesentis
1826 4367 2033 4407 canone
2085 4369 2112 4405 a
2166 4355 2320 4408 nobis

767 4442 1042 4496 scribitur.

2436 3179 2598 3233 αὐτοῦ
2625 3192 2641 3208 °
2678 3179 2813 3232 ἀλλὰ
2844 3177 2977 3246 παρ’
3002 3178 3187 3238 αὐτοῖς
3236 3177 3395 3229 τοῦτο
3440 3179 3639 3229 κεῖται.
3691 3178 3791 3228 Διά
3826 3178 3987 3229 τοῦτο

2443 3270 2567 3322 οὐδὲ
2599 3268 2858 3335 ίκκλητος
2890 3267 3033 3319 κατὰ
3060 3270 3156 3336 τῆς
3191 3267 3517 3335 ἀποφάσεως
3580 3266 3744 3318 αὑτοῦ
3801 3266 3987 3336 χώραν

2434 3360 2568 3429 ἕχει,
2604 3361 2691 3412 διὰ
2712 3360 2771 3411 τὸ
2797 3360 2889 3411 καὶ
2916 3358 3083 3427 χωρὶς
3128 3356 3397 3427 ἑκκλήτου
3420 3355 3678 3410 δύνασθαι
3722 3356 3815 3410 τδν
3846 3360 3988 3409 ἀπα-

2439 3452 2777 3519 ρεσκόμενον
2811 3448 2973 3516 μόνον
2997 3447 3057 3500 τὸ
3080 3448 3381 3516 πρόστιμον
3407 3446 3784 3500 καταλαϐόντα
3842 3448 3988 3500 ὐπα-

2433 3546 2697 3613 ναχωρεῖν
2739 3540 2924 3594 αὑτοῦ.
2960 3542 3126 3606 Λέγει
3181 3538 3235 3590 δὲ
3282 3538 3377 3591 καὶ
3420 3538 3575 3591 τοῦτο
3607 3538 3636 3589 6
3680 3540 3867 3605 νόμος,
3912 3538 3988 3601 ὥς

2429 3639 2458 3689 6
2499 3635 2807 3705 πρόσφορος
2840 3631 2916 3683 ὣν
2946 3633 3057 3691 τοῖς
3094 3629 3288 3698 μέρεσι
3320 3628 3596 3695 δικαστὴς.
3630 3626 3724 3677 καὶ
3762 3626 3985 3694 δυηάμε·

2429 3741 2517 3786 νος
2564 3722 2808 3784 δικάζειν
2869 3720 3051 3779 αὑτοῖς
3114 3719 3220 3770 ἀπὸ
3279 3716 3526 3779 ἐξουσίας
3573 3715 3709 3776 ιδίας
3766 3717 3984 3785 αἱρετὸς

2425 3815 2684 3881 δικαστὴς
2715 3814 2776 3865 οὐ
2869 3814 3101 3876 γίνεται.
3156 3811 3217 3862 Ol
3247 3808 3304 3860 δὲ
3332 3808 3551 3867 κανόνες
3582 3808 3678 3875 οὐχ
3696 3806 3841 3859 οὕτω
3861 3809 3985 3875 περὶ

2424 3904 2534 3957 τῶν
2557 3903 2786 3971 αἱρετῶν
2814 3900 3087 3953 δικαστῶν
3106 3898 3507 3951 ῶατάττονται·
3542 3898 3680 3949 ἀλλὰ
3716 3900 3986 3966 προστάτ-

2424 4011 2608 4049 τουσιν
2640 3993 2736 4056 ὡς.
2764 3992 2858 4045 ἐὰν
2892 3992 2940 4043 οί
2996 3990 3434 4058 ἀντικρινόμενοι
3469 3990 3756 4041 ιπίσκοποι
3793 3990 3826 4057 ἢ
3858 3990 3984 4057 κλη·

2428 4085 2573 4156 ρικοὶ
2630 4081 2987 4147 ἱπιλέξωνταί
3029 4098 3180 4144 τινας
3218 4080 3328 4133 τῶν
3362 4079 3677 4132 ἐπισκόπων
3728 4081 3984 4147 αἱρετοὺς

2422 4174 2702 4236 δικαστὰς,
2735 4176 2829 4226 καὶ
2860 4172 2986 4242 παρ’
3022 4173 3207 4250 αὐτοῖς
3250 4171 3504 4238 κριθῆναι
3530 4168 3829 4238 θελήσωσιν
3850 4170 3982 4222 οὐκ·

2422 4271 2501 4327 ἐτι
2559 4271 2587 4320 6
2658 4268 3078 4327 καταδικασθεὶς
3128 4264 3625 4333 παραδεχθήσεται,
3678 4263 3821 4316 κατὰ
3880 4264 3982 4331 τῆς

2421 4358 2757 4425 ἀποφάσεως
2827 4354 3008 4408 αὐτῶν
3071 4353 3510 4420 ἐκκαλούμενοςο
3564 4352 3699 4404 ἀλλὰ
3762 4353 3980 4419 στέρξει

2355 4434 2405 4492 D
2429 4448 2634 4512 ταύτην
2660 4448 2757 4497 καὶ
2781 4446 2949 4495 ἄκων.
2995 4442 3057 4495 Ἦ
3084 4444 3138 4495 δὲ
3164 4444 3333 4503 αἰτία,
3357 4443 3499 4495 κατὰ
3520 4443 3579 4493 τὸ
3602 4444 3733 4509 ἡμῖν
3759 4443 3977 4505 δοκοῦν,

768 4535 835 4588 δι’
866 4534 934 4603 ἦν
962 4534 1021 4585 οὐ
1065 4534 1428 4601 συγχωρεῖιται
1454 4533 1594 4585 κατὰ
1632 4534 1726 4600 τῆς
1754 4533 2099 4599 διαγνώσεως
2130 4535 2311 4587 αὐτῶν
2350 4537 2718 4599 ἐκκαλεῖσθαι,
2772 4536 2983 4604 ἐγράφη
3018 4537 3149 4602 παρ’
3180 4535 3336 4604 ἡμῶν
3364 4537 3424 4587 ὲν
3486 4535 3564 4603 τῷ
3634 4535 3982 4589 πεντεκαιδε-

765 4628 916 4697 κάτῳ
940 4626 1123 4678 κανόνι
1151 4625 1248 4694 τῆς
1280 4625 1555 4695 παρούσης
1586 4626 1823 4680 συνόδου.

1379 4714 1603 4770 CANON
1644 4718 1700 4771 (Ζ.

767 4830 787 4861 ε
824 4810 891 4866 Ut
936 4811 1003 4864 ab
1037 4806 1457 4876 imperatoribus
1487 4817 1696 4874 petatur
1721 4816 2065 4875 patronorum
2107 4825 2315 4865 assum-

843 4918 861 4950 ι
914 4898 1023 4966 ptio
1049 4910 1146 4966 pro
1164 4895 1430 4963 capitibus
1446 4894 1719 4949 Ecclesiae.
1738 4896 2230 4965 Placuitprzeterea,
2254 4908 2314 4953 ut

831 5012 846 5039 ι
881 4989 1093 5042 nomine
1119 4988 1355 5041 omnium
1385 4988 1785 5055 provinciarum
1815 4987 2105 5055 profecturi
2134 4989 2313 5057 legati,

835 5098 853 5129 ι
899 5077 1208 5131 Vincentius
1250 5086 1304 5130 et
1345 5076 1777 5139 Fortunatiauus,
1815 5086 1997 5143 petant
2045 5093 2072 5129 a
2117 5078 2315 5145 glorio-

838 5190 853 5216 ι
892 5168 1122 5223 sissimis
1164 5167 1603 5234 imperatoribus,
1640 5178 1696 5220 ut
1724 5166 1880 5219 detur
1917 5167 2149 5221 facultas
2195 5184 2319 5222 con-

841 5277 856 5303 ι
914 5256 1168 5309 stitueudi
1216 5255 1526 5309 defensores
1572 5255 1947 5317 scholasticos,
1991 5255 2186 5322 quibus
2218 5257 2315 5310 hoc

838 5373 851 5398 ε
893 5364 1063 5415 ιμ-υιιι
1096 5362 1288 5399 munus
1328 5349 1660 5415 negotiorum
1693 5346 2145 5401 deleudendorum
2177 5364 2317 5402 cura:

832 5462 847 5485 ι
887 5440 953 5491 sit
981 5457 994 5491 :
1028 5449 1081 5492 et
1111 5447 1165 5489 ut
1193 5447 1444 5502 tanquam
1480 5438 1765 5506 provincia:
1792 5438 2101 5491 sacerdotes
2128 5439 2310 5502 iidem,

836 5549 847 5575 ε
884 5529 1235 5583 ecclesiarum
1283 5528 1592 5581 defensioue
1621 5537 1886 5595 suscepta,
1922 5528 2075 5582 facile
2107 5530 2314 5596 possint

834 5642 849 5669 ι
907 5635 1001 5687 pro
1043 5622 1267 5691 negotiis
1319 5620 1588 5682 Ecclesiae.
1618 5622 1824 5690 quoties
1869 5622 2163 5675 necessitas
2188 5635 2316 5673 exe-

831 5740 848 5763 :
882 5717 1031 5778 ,γι-’1,
1064 5718 1125 5767 ενι
1160 5716 1514 5769 resisti-udum
1546 5717 1608 5769 iis
1646 5731 1760 5774 qus:
1794 5725 2007 5779 urgent,
2044 5724 2096 5768 ct
2131 5728 2311 5767 neces-

2997 4715 3229 4768 ΚΔΝΩΝ
3265 4714 3341 4768 P'.

2428 4828 2447 4862 ι
2482 4809 2592 4863 Ἰνσ
2625 4809 2733 4862 ἀπὸ
2767 4807 2878 4861 τῶν
2900 4807 3165 4875 βασιλέων
3184 4810 3379 4877 αίτηθῇ
3410 4810 3729 4879 συνηγόρων
3767 4813 3983 4880 ἀντίληςι

2501 4920 2520 4952 ι
2551 4902 2643 4971 ψις
2668 4900 2812 4969 ὑπὲρ
2833 4900 2943 4951 τῶν
2962 4901 3277 4968 κεφαλαίων
3306 4902 3405 4967 τῆς
3437 4901 3789 4971 Ἐκκλησίας.
3814 4906 3979 4974 Ἤρε-

2500 5011 2519 5043 r
2563 5009 2651 5045 σεν
2693 4992 2771 5043 ἔτι
2800 4992 2927 5060 μὴν,
2952 4992 3036 5042 ἵνα
3069 4991 3128 5053 ἐξ
3160 4991 3421 5059 ὀνόματος
3444 4992 3634 5045 πασῶν
3678 4995 3790 5046 τῶν
3806 4996 3980 5067 {nap-

2503 5100 2520 5131 ι
2556 5082 2690 5150 χιῶν
2730 5082 2781 5132 oi
2814 5080 3277 5149 πορευθησόμενοι
3308 5082 3667 5149 πρεσϐευταὶ,
3701 5084 3979 5148 Βικέντιος

2499 5185 2516 5216 ι
2554 5168 2646 5217 καὶ
2669 5166 3164 5235 Φουρτυνατιανὸς,
3194 5168 3495 5235 αίτήσωσιν
3529 5169 3639 5220 ἀπὸ
3669 5170 3781 5223 τῶν
3825 5174 3978 5225 ἔνδο-

2499 5282 2517 5313 ι
2559 5264 2795 5328 ξοτάτων
2845 5262 3128 5330 βασιλέων,
3187 5263 3327 5315 ὥστε
3381 5263 3600 5333 δοθῆναι
3649 5264 3838 5317 ἄδειαν
3884 5266 3977 5318 τοῦ

2498 5374 2514 5404 ι
2556 5357 2899 5421 καταστῆσαι
2924 5354 3164 5415 ἐνδίκους
3190 5354 3599 5421 σχολαστικοὺς,
3617 5356 3815 5417 οἵτινες
3843 5356 3980 5409 αὐτὸ

2497 5460 2516 5493 ι
2555 5442 2713 5493 τοῦτο
2734 5442 2791 5493 τὸ
2820 5442 3191 5511 λειτούργημα
3216 5442 3310 5494 τοῦ
3339 5444 3570 5495 ἐκδικεῖν
3588 5446 3655 5495 τὰ
3672 5445 3981 5512 πράγματα

2497 5551 2514 5582 ι
2557 5533 2898 5600 ἐπιτήδευμα
2941 5532 3164 5601 ἔχουσι’
3195 5532 3290 5586 καὶ
3321 5533 3406 5585 ἵνα
3434 5532 3509 5594 ὡς
3537 5533 3703 5601 ἱερεῖς
3732 5536 3852 5594 τοῖς
3883 5536 3981 5602 τῆς

2500 5642 2517 5672 ι
2563 5622 2828 5690 ἐπαρχίας
2881 5623 2929 5674 οἱ
2995 5622 3174 5684 αὐτοὶ,
3254 5626 3300 5676 οί
3353 5622 3454 5691 τὴν
3528 5623 3813 5689 ἐκδίκησιν
3870 5624 3980 5676 τῶν

2494 5732 2511 5761 ι
2554 5712 2854 5780 ἐκκλησιῶν
2921 5713 3324 5782 ἀναδεξάμενοι,
3381 5712 3621 5780 εὐχερῶς
3671 5712 3976 5781 δυνηθῶσιν
