4212 6440
830 404 935 467 343

1410 524 1631 579 οικοκ
1684 524 1786 579 Cll.

833 628 851 657 ι
894 610 962 659 De
1017 613 1248 678 populis,
1285 616 1369 680 qui
1409 630 1680 682 nunquam
1727 617 2027 669 habuerunt
2060 615 2357 681 episcopos.

899 718 916 747 ε
958 701 1087 753 Illud
1136 718 1347 770 quoque
1394 706 1589 771 pineiiit
1622 747 1637 767 ,
1696 714 1754 756 ut
1823 706 2016 771 populi,
2067 704 2155 773 qui
2219 717 2328 756 nun

900 801 916 831 ι
964 800 1117 849 quam
1188 791 1427 854 proprios
1480 790 1759 857 episcopos
1811 790 2066 849 habuere,
2132 790 2231 841 nisi
2294 789 2359 841 ab

900 891 918 920 ε
963 875 1206 927 universa
1260 877 1462 943 synodo
1512 878 1926 945 uniuscujusque
1975 879 2257 945 provincize
2308 886 2361 928 et

902 981 919 1011 ι
961 964 1188 1026 priutate
1239 968 1329 1017 Iiat
1373 968 1643 1019 decretum
1685 1009 1699 1030 ,
1748 978 1801 1019 et
1869 981 2130 1021 consensu
2175 966 2314 1019 illius
2343 1002 2358 1028 ,

897 1074 913 1103 ε
960 1058 1057 1106 sub
1102 1056 1255 1123 cujus
1308 1058 1527 1109 dioecesi
1572 1059 1918 1113 constituitur
1959 1061 2069 1112 hare
2110 1057 2359 1120 ecclesia,

896 1162 913 1191 ε
959 1159 1292 1210 nequaquam
1334 1147 1709 1198 admittantur.
1740 1165 1757 1197 ι

891 1232 1079 1285 BALS.
1122 1233 1229 1285 Iloe
1265 1235 1315 1284 in
1352 1235 1473 1287 aliis
1503 1251 1715 1301 quoque
1754 1235 2083 1293 diversarum
2128 1235 2359 1304 synodo-

820 1340 936 1375 rum
972 1326 1265 1377 canonibus
1297 1324 1573 1377 decretum
1605 1333 1725 1384 est:
1774 1341 1838 1377 ne
1888 1327 1977 1377 llat
2007 1325 2212 1377 scilicet
2244 1326 2361 1389 epi-

817 1426 1012 1477 scopus
1039 1414 1087 1464 in
1129 1429 1231 1480 qua
1261 1428 1366 1469 non
1400 1414 1563 1483 636
1589 1414 1867 1467 consuevit
1913 1412 2039 1466 olim
2090 1415 2225 1465 lieri.
2258 1413 2359 1465 nisi

818 1500 1262 1564 metropolitanns
1300 1502 1528 1554 voluerit
1576 1502 1644 1567 (is
1696 1502 1837 1555 enim
1882 1510 1962 1555 est
2012 1504 2211 1570 primas
2239 1516 2362 1567 pro-

818 1590 1051 1655 ﬂuente),
1084 1601 1135 1641 et
1186 1593 1467 1657 episcopus
1504 1592 1857 1650 consenserit,
1906 1590 1969 1641 ad
2021 1602 2176 1655 quem
2226 1588 2363 1640 forte

818 1681 1049 1743 pertinet
1096 1681 1349 1744 parmcin,
1392 1692 1447 1731 ut
1492 1695 1610 1747 quae
1652 1686 1720 1732 sit
1771 1680 1823 1731 in
1852 1679 1968 1747 ejus
2002 1678 2257 1739 dimcesi;
2300 1691 2361 1730 ac

815 1770 1104 1831 prm'inclrl‘
1125 1771 1337 1835 quidem
1368 1770 1617 1823 decernet
1640 1771 1897 1837 synodus.

886 1857 1134 1910 ZONAR.
1192 1857 1305 1911 Hoc
1350 1859 1401 1909 in
1450 1858 1569 1911 aliis
1592 1872 1803 1928 quoque
1835 1860 2168 1912 diversarum
2201 1870 2362 1925 syno-

817 1948 1006 1997 dornm
1056 1946 1351 1999 can0nibus
1400 1946 1674 1999 decretum
1719 1955 1856 2009 est,
1904 1962 1971 1999 ne
2025 1946 2112 1998 liat
2161 1946 2363 1997 scilicet

815 2035 1098 2102 episcopus
1152 2035 1203 2086 in
1251 2033 1508 2099 parmcia,
1562 2033 1612 2085 in
1663 2048 1765 2100 qua
1802 2032 2204 2086 nonconsucvit
2236 2032 2360 2083 olim

816 2126 931 2175 lieri
960 2139 973 2183 ;
1009 2124 1108 2175 nisi
1148 2122 1588 2187 melropolitanus
1628 2120 1856 2173 voluerit
1883 2122 1950 2190 (is
1980 2121 2121 2173 enim
2148 2128 2227 2173 est
2250 2120 2361 2186 pri-

815 2226 931 2264 mas
956 2212 1285 2279 provinciae),
1312 2221 1365 2265 et
1404 2213 1684 2278 episcOpns
1727 2211 2080 2273 consenserit,
2108 2212 2173 2261 ad
2205 2223 2361 2277 quem

815 2299 953 2353 forte
976 2301 1206 2367 pertinet
1235 2301 1487 2367 partecia,
1526 2310 1583 2352 ut
1616 2313 1731 2365 quae
1780 2300 1850 2352 sit
1877 2300 1926 2351 in
1966 2299 2081 2365 ejus
2100 2299 2360 2362 dimcesi;

816 2401 878 2441 ac
908 2390 973 2442 de
1006 2403 1066 2442 ea
1092 2390 1306 2457 quidem
1339 2389 1622 2455 provisu-ite
1645 2393 1880 2459 synodus
1907 2388 2157 2443 decernet

814 2563 1041 2620 ARIST.
1078 2584 1096 2616 ι
1145 2566 1245 2630 Qui
1284 2581 1555 2633 nunquam
1583 2569 1809 2621 antehac
1844 2566 2121 2635 proprium
2157 2567 2362 2620 habue-

893 2671 913 2705 ι
953 2664 1075 2707 rant
1106 2657 1435 2723 episc0pum,
1471 2657 1569 2708 nisi
1595 2657 1847 2709 universa
1881 2657 2170 2723 provincia!
2202 2670 2361 2723 syno-

889 2763 908 2792 ε
952 2746 1049 2799 dus
1079 2747 1296 2813 ejusque
1318 2748 1517 2814 primas
1559 2747 1707 2811 iuxta
1735 2746 2053 2800 sententiam
2086 2745 2249 2807 illius,
2275 2746 2362 2797 cui

892 2852 910 2885 ε
950 2834 1188 2901 subjecta
1253 2844 1335 2889 est
1383 2836 1658 2902 provincia
1712 2836 1764 2889 in
1818 2850 1919 2903 qua
1967 2835 2196 2889 ecclesia
2242 2843 2361 2895 est,

891 2941 910 2973 ε
952 2922 1365 2990 subscripserit,
1402 2924 1559 2975 aliter
1590 2938 1695 2975 non
1724 2922 2015 2975 habebunt.
2060 2940 2077 2972 ›

883 3012 940 3065 Si
972 3012 1206 3079 parmcia
1257 3011 1435 3079 aliqua
1486 3015 1738 3079 episc0po
1785 3010 2022 3077 subjecta
2076 3009 2258 3071 fuerit,
2307 3020 2362 3063 et

2064 410 2339 470 THEOD.
2384 411 2472 467 BA
2484 408 2774 468 LSAMON

2390 521 2439 581 Α

3904 397 4015 462 3N

3034 520 3264 573 KANQN
3299 515 3415 571 PB'.

2467 626 2484 656 ι
2534 610 2664 676 Ιῐερι
2698 612 2802 661 τῶν
2825 612 2965 662 λαῶν
2992 611 3097 661 τῶν
3132 608 3395 676 μηδέποτε
3426 606 3751 666 ἐπισκόπους
3778 599 4011 669 ἐσχηκό-

2536 715 2554 745 ι
2603 716 2726 751 των.
2760 701 2988 767 Ἤρεσεν
3033 702 3270 759 κάκεῖνο,
3332 698 3419 749 ἵνα
3450 696 3616 763 ὄχλοι,
3654 695 3701 745 oi
3744 692 4010 755 μηδέποτε

2530 803 2549 835 ι
2596 786 2757 846 ἰδίους
2788 786 3073 853 ἐσχηκότες
3094 785 3441 842 ἐπισκόπους,
3465 783 3512 832 εἰ
3539 781 3610 848 μὴ
3629 782 3689 830 ἐκ
3712 776 3887 843 πάσης
3911 773 4012 836 τῆς

2541 893 2558 925 t
2608 874 2822 925 συνόδου
2847 874 3077 940 ἑκάστης
3104 872 3364 940 ἐπαρχίας
3392 870 3482 920 καὶ
3512 868 3604 917 τοῦ
3646 864 4014 932 πρωτεύοντος.

2538 982 2555 1014 ι
2597 963 2847 1030 ψήφισμα
2873 963 3111 1028 γένηται,
3142 962 3233 1012 καὶ
3262 961 3398 1011 κατὰ
3429 957 3729 1008 συναίνεσιν
3770 952 4013 1013 ἐκείνου,

2538 1073 2553 1100 ι
2602 1049 2803 1111 οὗτινος
2862 1051 2963 1102 ὑπὸ
3006 1051 3101 1116 τίνι
3153 1050 3411 1117 διοίκησιν
3442 1045 3758 1099 καθίσταται
3807 1042 3841 1108 ἠ
3878 1038 4017 1104 αὐτὴ

2537 1162 2557 1193 ι
2599 1140 2878 1208 ἐκκλησία,
2904 1139 3158 1207 μηδαμῶς
3192 1137 3464 1198 δέξωνται.
3504 1152 3523 1183 ι

2526 1230 2720 1285 ΒΑΛΣ.
2787 1228 2952 1280 Τοῦτο
3008 1225 3102 1278 καὶ
3164 1227 3221 1276 ἐν
3283 1224 3460 1283 ἄλλοις
3509 1220 3695 1273 κανόσι
3743 1219 4021 1283 διαφόρων

2463 1318 2693 1371 συνόδων
2722 1316 2952 1387 ὡρίσθη,
2977 1314 3212 1381 δηλονότι
3247 1312 3307 1363 τὸ
3334 1312 3407 1380 μὴ
3434 1310 3677 1377 γίνεσθαι
3723 1306 4019 1358 ἐπίσκοπον

2462 1410 2518 1460 ἐν
2550 1408 2810 1477 παροικίᾳ
2833 1408 2889 1458 ἐν
3069 1403 3187 1463 ἔθος
3214 1401 3442 1453 ἔκπαλαι
3476 1398 3745 1465 γίνεσθαι,
3773 1395 3822 1445 εί
3866 1393 3941 1458 μὴ
3990 1391 4019 1440 6

2466 1495 2859 1564 μητροπολίτης
2908 1493 3117 1561 θελήσει
3143 1487 3315 1561 (οὗτος
3344 1490 3451 1559 γάρ
3476 1490 3620 1539 ἐστιν
3662 1488 3690 1537 6
3720 1484 4019 1551 πρωτεύων

2460 1586 2559 1651 τῆς
2587 1585 2896 1653 ἐπαρχίας),
2933 1584 3028 1635 καὶ
3061 1584 3089 1633 6
3111 1582 3408 1640 ἐπίσκοπος
3442 1576 3765 1636 συναινέσει,
3792 1566 3836 1639 ᾧ
3891 1574 4022 1629 ἴσως

2463 1680 2495 1746 ἡ
2526 1674 2781 1744 παροικία
2808 1674 3047 1741 διαφέρει
3074 1672 3149 1734 ὡς
3174 1670 3376 1740 ἐνορία,
3406 1669 3501 1720 καὶ
3532 1670 3564 1737 η
3606 1667 3701 1734 τῆς
3754 1662 4021 1730 ἐπαρχίας

2462 1765 2751 1834 ψηφίσεται
2787 1762 3018 1823 σύνοδος.
3082 1816 3095 1821 _

2544 1851 2781 1907 ΖΩΝΔΡ.
2830 1851 2997 1904 Τοῦτο
3039 1850 3132 1903 καὶ
3192 1852 3249 1901 ἐν
3287 1849 3463 1904 ἄλλοις
3524 1844 3709 1895 κανόσι
3751 1841 4023 1906 διαφόρων

2466 1943 2696 1996 συνόδων
2726 1942 2953 2010 ὡρίσθη,
2975 1941 3035 1993 τὸ
3070 1940 3144 2009 μὴ
3188 1938 3428 2005 γίνεσθαι
3463 1933 3755 1986 ἐπίσκοπον
3803 1932 3860 1981 ἐν
3887 1944 4024 1994 παρ·

2460 2034 2679 2093 οικίαις,
2720 2036 2778 2100 ἐν
2825 2026 2912 2093 αἷς
2933 2032 3033 2082 οὐκ
3055 2027 3121 2099 ἦν
3147 2030 3265 2089 ἔθος
3296 2026 3527 2079 ἔκπαλαι
3551 2023 3818 2087 γίνεσθαι.
3849 2020 3899 2068 εἰ
3946 2017 4020 2083 μὴ

2460 2125 2488 2174 6
2543 2121 2935 2190 μητροπολίτης
2981 2118 3229 2187 θελήσειο
3279 2116 3430 2176 οὗτος
3472 2114 3579 2180 γάρ
3625 2113 3772 2161 ἐστιν
3810 2109 3836 2157 6
3867 2122 4020 2173 πρω-

2462 2214 2630 2263 τεύων
2656 2214 2753 2279 τῆς
2802 2210 3175 2279 ἐπαρχίας,-ἐν
3271 2208 3325 2257 al
3358 2203 3638 2270 παροικίαι
3673 2198 4013 2249 ὑπόκεινται·

2462 2300 2556 2352 καὶ
2587 2300 2617 2350 6
2651 2299 2945 2358 ἐπίσκοπος
2980 2295 3306 2358 συναινέσει,
3337 2287 3379 2357 ᾧ
3409 2293 3590 2356 ἴσωςη
3621 2286 3879 2355 παροικία
3910 2284 4025 2334 δια-

2460 2388 2634 2457 φέρει,
2663 2387 2736 2449 ὡς
2766 2387 2869 2439 ὑπὸ
2890 2387 2988 2455 τὴν
3012 2386 3277 2451 διοίκησιν
3309 2380 3470 2434 αὐτοῦ
3497 2376 3649 2441 οὖσα,
3681 2378 3774 2428 καὶ
3838 2376 3871 2440 ὴ
3926 2374 4023 2439 τῆς

2463 2476 2727 2541 ἐπαρχίας
2758 2475 3051 2543 ψηφίσεται
3077 2472 3307 2532 σύνοδος,

2467 2562 2680 2614 ΑΡΙΣΤ.
2712 2581 2730 2611 ι
2774 2562 2836 2613 Ol
2871 2561 3133 2631 μηδέποτε
3159 2560 3373 2628 σχόντες
3422 2558 3551 2609 ίδιον
3598 2555 3920 2611 ἐπίσκοπον,
3970 2549 4020 2599 εί

2541 2670 2559 2702 ι
2609 2653 2680 2721 μὴ
2714 2653 2859 2705 πᾶσα
2893 2652 2925 2717 ἡ
2964 2651 3060 2715 τῆς
3078 2643 3341 2717 ἐπαρχίας
3376 2646 3590 2705 σύνοδος
3633 2643 3728 2694 καὶ
3785 2642 3813 2693 6
3869 2654 4021 2705 πρω-

2538 2760 2556 2793 ε
2601 2741 2770 2793 τεύων
2801 2741 2969 2803 αὐτῆς
3003 2738 3235 2806 γράψειε
3262 2736 3402 2789 κατὰ
3433 2735 3655 2800 γνώμην
3677 2728 3797 2791 τοῦ,
3822 2728 3913 2795 ὑφ’
3965 2726 4025 2777 δν

2548 2851 2565 2882 ε
2605 2835 2636 2898 ἡ
2665 2832 2900 2900 ἐπαρχία
2930 2834 2986 2882 ιν
3043 2824 3075 2901 ᾖ
3108 2831 3138 2898 ἡ
3175 2829 3314 2896 αὐτὴ
3366 2825 3664 2891 ἐκκλησία,
3699 2821 3871 2879 ἄλλως
3928 2816 4025 2883 οὐχ

2540 2940 2557 2971 ε
2602 2920 2804 2983 ἕξουσι.
2844 2937 2863 2969 ι
3635 2945 3638 2948 ~

2548 3010 2671 3062 Ἐὰν
2728 3009 2989 3077 παροικία
3040 3026 3125 3071 τις
3180 3008 3349 3061 ἐτέλει
3398 3005 3502 3059 ὑπὸ
3564 3002 3881 3060 ἐπίσκοπον,
3932 2996 4025 3048 καὶ

812 3101 1103 3160 multitudo
1134 3102 1186 3152 in
1228 3114 1289 3153 ea
1327 3100 1604 3166 proprium
1640 3098 1840 3154 habere
1884 3098 2107 3152 voluerit
2150 3100 2361 3167 episco-
2391 3120 2435 3180 ο
2466 3108 2475 3153 i

2391 3120 2435 3180 ο
2466 3101 2738 3173 ἠϐουλήθη
2768 3103 2796 3152 6
2834 3103 2891 3153 ἐν
2908 3102 3045 3169 αὐτῇ
3078 3101 3232 3168 δχὶος
3267 3100 3394 3151 ῐδιον
3426 3099 3570 3165 σχειν
3600 3094 3919 3180 ἐπίσκοπον,
3948 3088 4025 3149 ὡς

814 3209 964 3263 pum,
1022 3192 1179 3245 facile
1231 3206 1336 3245 non
1385 3191 1759 3255 exaudientur,
1805 3190 1897 3244 sed
1936 3205 2058 3247 cum
2100 3189 2361 3258 approba-

815 3285 959 3337 :iooe
994 3283 1157 3336 totius
1200 3283 1485 3349 provinciae
1511 3281 1721 3351 synodi,
1761 3280 2011 3349 illiusque
2058 3280 2364 3348 metropoli-

818 3382 922 3431 tm;
960 3381 1013 3423 et
1058 3372 1292 3436 iapisc0pi
1350 3370 1512 3423 etiam
1589 3372 1673 3423 cui
1727 3370 1963 3437 parmcia
2022 3369 2108 3422 illa
2157 3368 2360 3431 subest,

814 3475 1078 3513 consensu
1116 3460 1243 3511 illud
1273 3460 1386 3511 lict.

1381 3648 1607 3704 CANON
1657 3648 1789 3702 CIII.

820 3763 838 3792 ‹
877 3742 949 3795 De
1015 3743 1221 3809 populis
1299 3751 1352 3795 et
1409 3742 1732 3795 dioecesibus
1764 3779 1777 3803 ,
1826 3755 1943 3807 qua:
1987 3755 2013 3791 a
2075 3739 2365 3793 Donatistis

895 3850 909 3879 ι
955 3839 1359 3883 convertuntur.
1418 3828 1485 3882 Ut
1542 3830 1749 3882 scilicet
1800 3830 1871 3880 illi
1925 3829 2135 3895 pOpttII.
2183 3827 2274 3895 qui
2335 3842 2363 3900 ιι

896 3941 911 3963 ι
958 3922 1244 3974 Donatistis
1268 3928 1676 3996 convertuntur,
1710 3931 1762 3973 et
1790 3927 1985 3985 praeter
2024 3916 2209 3986 synodi
2247 3930 2367 3969 sen-

902 4034 919 4062 t
962 4015 1180 4066 tentiam
1236 4015 1517 4079 episcopos
1554 4011 1891 4071 habuerunt,
1937 4023 2029 4061 eos
2082 4008 2196 4060 sine
2237 4020 2367 4058 con-

892 4125 908 4151 ε
951 4103 1211 4155 :roversia
1248 4102 1440 4152 liabcrc
1468 4100 1610 4167 digni
1650 4108 2014 4151 censeantur:
2062 4098 2147 4165 qui
2193 4106 2365 4149 autent

893 4213 906 4239 ι
946 4190 1122 4259 populi
1178 4188 1487 4254 episc0ptun
1544 4186 1867 4247 habuerunt,
1923 4194 1975 4237 et
2026 4199 2090 4237 eo
2164 4194 2368 4236 mortuo

896 4299 908 4331 ι
950 4282 1222 4349 proprium
1256 4279 1567 4344 episcopum
1599 4276 1797 4329 habere
1838 4276 2145 4337 uoluerunt,
2180 4276 2269 4327 sed
2300 4275 2366 4325 ad

899 4394 913 4418 ι
954 4370 1185 4436 alicujus
1241 4371 1377 4420 alius
1412 4366 1649 4434 episcopi
1681 4365 1936 4418 diu-resin
1979 4378 2276 4427 recurrere,
2317 4361 2365 4413 id

893 4480 907 4507 ε
952 4475 1052 4511 non
1115 4461 1271 4511 debet
1332 4460 1410 4510 eis
1467 4455 1667 4520 negari.
1736 4453 2205 4506 Verumenimvero
2274 4442 2447 4504 liocD

887 4566 903 4596 ι
944 4563 1159 4615 quoque
1207 4548 1429 4599 relatum
1479 4556 1581 4605 est,
1625 4544 1765 4612 quod
1810 4543 2069 4610 episcopi,
2118 4542 2208 4609 qui
2246 4552 2369 4594 ante

888 4658 903 4686 ε
945 4637 1111 4706 legem
1142 4638 1543 4705 imperatoriam
1577 4635 1645 4689 de
1674 4634 1876 4711 upione
1902 4634 2115 4685 allatam
2146 4634 2369 4700 populos

891 4746 909 4775 ι
950 4728 1015 4781 ad
1046 4729 1371 4789 catholicam
1399 4728 1689 4782 Ecelesiam
1720 4734 2066 4788 convertunt,
2101 4740 2234 4793 quos
2270 4725 2369 4790 ipsi

2469 3192 2679 3260 ἔτυχεν,
2716 3191 2816 3242 οὐκ
2852 3188 3337 3256 είσακουσθήσεται
3366 3201 3380 3216 ο
3425 3184 3558 3237 ἀλλὰ
3617 3180 3752 3249 μετὰ
3802 3178 4030 3244 δοκιμα-

2472 3284 2589 3343 σίας
2621 3282 2799 3348 πάσης
2822 3280 2917 3345 τῆς
2941 3280 3152 3331 συνόδου
3182 3278 3277 3344 τῆς
3310 3275 3597 3344 ἐπαρχίας,
3636 3271 3731 3323 καὶ
3781 3267 3876 3319 τοῦ
3928 3282 4031 3333 μη·

2469 3369 2786 3439 τροπολίτου
2813 3370 3004 3433 αὒτῆς,
3041 3368 3177 3436 πρὸς
3210 3366 3264 3417 δέ
3296 3366 3386 3417 καὶ
3408 3362 3762 3419 συναινέσεως
3791 3356 3884 3409 τοῦ
3913 3356 4031 3405 ἑπι-

2473 3462 2696 3526 σκόπου,
2757 3464 2845 3528 ὑφ’
2891 3462 2950 3512 ὃν
2996 3464 3029 3530 ἠ
3097 3458 3319 3528 τοιαύτη
3372 3456 3629 3525 παροικία
3686 3450 4030 3505 καθίσταται,

2472 3549 2628 3603 τοῦτο
2654 3551 2967 3619 γενήσεται.

3065 3638 3302 3692 ΚΑΝΩΝ
3323 3634 3441 3690 PI".

2482 3752 2499 3784 ι
2542 3733 2673 3797 Περὶ
2729 3732 2871 3784 λαῶν
2921 3731 3012 3784 καὶ
3053 3731 3368 3797 διοικήσεων
3412 3725 3521 3776 τῶν
3546 3722 3651 3776 ἀπὸ
3699 3713 4036 3772 Δονατιστῶν

2544 3839 2563 3871 ι
2609 3822 3062 3888 ἐπιστρεφόντων.
3116 3818 3231 3868 Ἵνα
3268 3814 3467 3883 δηλαδὴ
3519 3811 3741 3863 ἐκείνων
3789 3809 3841 3858 οι
3893 3804 4034 3860 λαοὶ,

2552 3928 2569 3958 ι
2614 3912 2661 3962 oi
2714 3911 2821 3963 ἀπὸ
2882 3910 2987 3960 τῶν
3046 3906 3378 3959 Δονατιστῶν
3436 3902 3879 3969 ἐπιστρέφοντες,
3942 3893 4037 3945 καὶ

2550 4020 2568 4051 ι
2611 4002 2936 4061 ἐπισκόπους
2960 3999 3250 4067 ἐσχηκότες
3268 3994 3413 4062 παρὰ
3436 3990 3656 4061 γνώμην
3674 3990 3771 4057 τῆς
3794 3982 4034 4047 συνόδου,

2556 4110 2573 4141 ι
2618 4093 2839 4152 τούτους
2876 4087 3256 4157 ἀναμφιϐόλως
3289 4085 3432 4153 ἔχειν
3469 4079 3772 4143 ἀξιωἿῶσιν
3796 4093 3809 4104 ·
3840 4077 4036 4131 οἵτινες

2554 4201 2571 4231 ε
2616 4181 2670 4233 δέ
2701 4182 2818 4232 λαοὶ
2850 4180 3145 4247 ἐσχήκασιν
3176 4175 3492 4233 ἐπίσκοπον,
3519 4170 3613 4220 καὶ
3638 4166 3821 4218 τούτου
3856 4164 4040 4213 τελευ-

2551 4290 2567 4321 ι
2615 4272 2876 4338 τήσαντος
2906 4272 3007 4320 οὐκ
3050 4267 3319 4335 ἠθέλησαν
3356 4265 3483 4316 ἴδιον
3526 4259 3819 4311 ἐπίσκοπον
3876 4253 4036 4319 ἔχειν,

2557 4383 2573 4411 ε
2622 4363 2757 4415 ἀλλὰ
2784 4362 2917 4429 πρὸς
2942 4361 3101 4412 ἄλλου
3128 4358 3271 4417 τινὸς
3303 4354 3599 4407 ἐπισκόπου
3620 4347 3888 4412 διοίκησιν
3916 4345 4040 4394 ἀνα-

2557 4472 2574 4503 (
2618 4454 2847 4521 δραμεῖν
2899 4451 3120 4518 ἀνήκειν
3156 4464 3168 4477 ·
3208 4446 3366 4496 τοῦτο
3420 4442 3499 4511 μὴ
3536 4438 3773 4502 ὀφείλειν
3824 4434 4034 4487 τούτοις

2551 4561 2569 4593 ε
2616 4520 2931 4611 ἀρνηθῆναι.
2994 4540 3068 4589 Ού
3126 4536 3231 4605 μὴν
3284 4532 3417 4585 ἀλλὰ
3486 4520 3704 4581 κάκεῖνο
3749 4520 4039 4591 ἀνηνέχθη,

2557 4651 2574 4680 ‹
2618 4632 2697 4682 ὅτι
2728 4631 2775 4681 oi
2804 4629 3089 4679 ἐπίσκοποι
3120 4628 3168 4677 οἱ
3211 4623 3315 4692 πρὸ
3372 4620 3466 4673 τοῦ
3528 4614 3805 4686 βασιλικοῦ
3855 4613 4037 4679 νόμον,

2556 4742 2574 4773 ε
2620 4722 2711 4772 τοῦ
2745 4720 2874 4788 περὶ
2903 4719 3152 4786 ἐνότητος
3204 4711 3694 4783 προκομιζομένου,
3727 4706 3924 4763 αἵτινες
3956 4701 4041 4765 δή·

2551 4829 2569 4859 ι
2620 4827 2752 4862 ποτε
2796 4810 2930 4877 πρὸς
2993 4806 3092 4875 τὴν
3142 4803 3434 4870 καθολικὴν
3479 4798 3869 4863 ἐπιστρέφουσι
3926 4788 4045 4846 τοὺς

2558 4919 2578 4952 ι
2620 4901 2803 4963 λαοὺς,
2830 4884 2923 4958 οὒς
2956 4892 3100 4966 εἶχον
3139 4895 3315 4954 αὐτοὶ,
3343 4893 3567 4951 τούτους
3622 4884 3873 4951 κατέχειν
3910 4877 4041 4944 63i-

2559 5011 2577 5043 ι
2620 4991 2803 5043 λουσιν
2834 5004 2850 5020 ·
2919 4988 3057 5055 μετὰ
3109 4987 3166 5041 δὲ
3221 4986 3313 5037 τὸν
3364 4983 3528 5049 νόμον
3551 4978 3647 5043 τῆς
3680 4975 3935 5041 ἐνότητος
3962 4969 4046 5021 κα1

2561 5099 2579 5131 t
2626 5080 2886 5131 ἐπέκεινα
2915 5079 3019 5147 χρὴ
3054 5077 3232 5137 πάσας
3256 5075 3353 5134 τὰς
3380 5068 3676 5135 ἐκκλησίας
3701 5062 3796 5120 καὶ
3854 5060 4031 5125 διοική

2566 5191 2582 5215 ι
2629 5189 2741 5232 σεις
2772 5170 2974 5231 αὐτῶν,
3007 5168 3103 5220 καὶ
3134 5168 3226 5218 ἐάν
3255 5179 3379 5215 τινα
3406 5160 3567 5228 τυχὸν
3586 5151 3688 5208 ὦσι
3705 5151 4053 5219 δικαιώματα

2566 5282 2582 5313 ι
2632 5266 2739 5321 τοῖς
2764 5262 2995 5321 δικαίοις
3032 5260 3301 5325 ἀνήκοντα
3352 5253 3459 5305 τῶν
3507 5247 3688 5314 αὐτῶν
3724 5242 4052 5311 ἐκκλησιῶν.

2556 5373 2574 5404 ε
2621 5352 3005 5405 διεκδικεῖσθαι
3026 5350 3129 5402 ὑπὸ
3150 5346 3257 5399 τῶν
3282 5340 3584 5396 καθο)ικῶν
3612 5337 3930 5389 ἐπισκόπων
3955 5329 4055 5381 τῶν

2552 5463 2572 5495 ε
2621 5447 2679 5494 ἐν
2713 5446 2824 5504 τοῖς
2860 5443 3043 5505 τόποις
3080 5438 3304 5496 ἐκείνοις
3338 5436 3395 5487 ἐν
3418 5429 3497 5493 οἷς
3541 5429 3858 5497 κατείχοντο
3912 5421 4053 5490 παρὰ

2550 5556 2569 5586 ε
2613 5536 2723 5588 τῶν
2754 5533 3065 5604 αἱρετικῶν,
3090 5531 3199 5581 εἴτε
3232 5522 3674 5594 ἐπιστρεφόντων
3704 5518 3899 5570 λοιπδν
3927 5512 4055 5580 πρὸς

2550 5646 2568 5676 ι
2607 5629 2706 5695 τὴν
2736 5622 3054 5691 καθολικὴν,
3081 5620 3189 5677 εἴτε
3221 5618 3295 5687 μὴ
3320 5612 3788 5683 ἐπιστρεφόντων.
3831 5606 3947 5660 Καὶ
3966 5605 4051 5695 iis

2549 5692 2831 5786 βασιλικὸν
2917 5711 3177 5782 ὁρισμὸν,
3273 5705 3477 5759 ὀφείλει
3548 5701 3719 5756 ταῦτα
3794 5692 4050 5753 ἀποκαθί-

894 4839 909 4868 ι
949 4818 1235 4879 habebant.
1259 4833 1353 4873 eos
1380 4829 1562 4873 tenere
1586 4819 1781 4872 debent
1807 4834 1820 4872 :
1851 4828 1974 4885 post
1996 4818 2163 4884 legem
2190 4825 2368 4871 autem

897 4927 913 4957 ι
953 4907 1168 4960 unionis
1213 4916 1268 4960 et
1309 4906 1470 4971 ultra,
1509 4915 1724 4973 oportet
1761 4920 1951 4959 omnes
1988 4906 2283 4965 ecclesias,
2323 4912 2377 4957 et

886 5017 902 5047 ι
943 5014 1130 5051 earum
1155 4998 1440 5059 dimceses,
1487 5004 1541 5049 et
1566 4997 1607 5049 si
1647 4996 1751 5048 ulla
1790 4995 2377 5049 sintl‘ortasseinstru-

894 5107 910 5136 ‹
960 5096 1166 5150 menta,
1198 5102 1315 5155 quae
1345 5087 1409 5138 ad
1448 5086 1692 5152 ipsarum
1722 5084 2077 5136 ecclesiarum
2102 5083 2222 5148 jura
2260 5098 2380 5150 per-

889 5196 905 5226 ε
949 5177 1150 5229 tineaut
1183 5216 1196 5238 ,
1245 5192 1272 5228 a
1321 5175 1599 5227 catholicis
1644 5172 1912 5240 episcopis
1952 5172 2247 5233 vindicari,
2286 5173 2375 5240 qui

884 5287 900 5316 ‹
943 5280 1063 5319 sunt
1100 5269 1151 5321 in
1189 5268 1289 5320 illis
1326 5266 1528 5323 lotisin
1548 5264 1742 5332 quibus
1767 5262 1833 5313 ab
1864 5262 2133 5317 limreticis
2166 5263 2376 5316 detine-

883 5381 897 5407 ι
939 5361 1168 5419 bantur;
1207 5361 1317 5411 sive
1342 5359 1403 5408 ad
1438 5354 1755 5409 C;tIIt()IIC3lll
1791 5353 2089 5407 Ecclesiam
2123 5355 2375 5420 deinceps

886 5471 900 5498 ι
948 5463 1355 5511 convertantur,
1382 5452 1495 5503 sive
1520 5464 1656 5509 non;
1684 5454 1737 5499 et
1760 5449 1804 5498 si
1838 5445 2013 5512 aliqua
2042 5460 2225 5497 eorum
2256 5454 2375 5509 post

883 5561 898 5581 ι
942 5556 1111 5607 regem
1142 5542 1537 5607 imperatoriam
1566 5545 1915 5604 usurparunt,
1942 5534 2143 5587 debent
2172 5544 2225 5586 et
2260 5536 2370 5585 lttec

880 5656 890 5677 ι
938 5632 1165 5683 restitui.
1198 5650 1214 5681 ι

879 5745 893 5773 ‹
955 5723 1289 5791 ηιαῖςθησιν
1348 5726 1409 5775 ἐκ
1441 5724 1649 5776 τούτων
1722 5720 2130 5788 κατεχρήσαντο
2199 5715 2337 5786 μετὰ
2382 5716 2471 5771 τὸν

882 5838 899 5871 ι
947 5834 1039 5870 στα
1055 5817 1192 5869 501:.
1233 5836 1249 5866 ι
