4212 6440
245 399 339 462 361

1304 400 1380 463 IN
1409 402 1570 462 CAN.
1612 401 1737 460 CIX
1769 400 1970 459 CONC.
2003 398 2370 457 CAR‘FHAG.

3312 380 3415 443 3G2

244 514 341 577 τῆς
375 509 641 579 ἐπαρχίας
667 513 877 579 ἐκείνης
914 514 1129 567 ἀπιέναι
1166 514 1296 581 πρὸς
1325 512 1542 578 βασιλέα
1566 510 1777 576 ὁρίζου-
1807 514 1850 566 Α
1880 507 1907 557 it

1752 536 1777 548 ο
1807 514 1850 566 Α
1880 507 2248 571 imperatorem
2291 505 2552 572 proficisci
2597 505 2770 564 liceat,
2802 504 3116 557 decrevere'
3149 500 3261 553 Itch
3290 512 3411 550 vero

247 598 517 666 σινσάὖτη
542 601 597 652 δὲ
619 602 712 652 καί
748 619 797 653 τι
830 603 987 653 πλέον
1013 601 1200 668 ὁρίζει,
1237 600 1295 650 τὸ
1322 599 1418 658 τὰς
1455 598 1777 655 ἀπολυτικᾶς

242 686 526 749 ἐπιστολὰς
590 689 797 756 καὶτῷ
857 691 1055 757 πάππα
1097 687 1312 754 Ῥώμης
1370 683 1777 753 ἐμφανίζεσθαι.

244 773 359 825 Καὶ
400 778 538 826 ἔοικε
565 776 719 827 τοῦτο
746 780 856 836 τοῖς
880 778 937 827 ἐν
983 776 1213 844 Ἀφρικῇ
1267 773 1663 834 ἐπιτάττεσθαι,
1692 772 1779 823 ῖνα

241 863 683 927 ἐμφανιζομένων
717 865 793 930 τῷ
824 864 1022 930 πάππα
1065 863 1171 913 τῶν
1226 859 1567 911 ἀπολυτικῶν
1604 858 1695 909 καὶ
1721 858 1780 920 ἐξ

240 952 448 1001 ἐκείνου
500 952 636 1019 λάϐῃ
686 952 1012 1019 ἀπολυτικὴν
1065 952 1159 1001 ἐπὶ
1205 950 1264 1001 τὸ
1297 951 1605 1013 κομιτατον.
1656 947 1778 999 Ἐὰν

239 1034 329 1087 οὖν
360 1038 555 1101 λαϐὼν,
584 1044 768 1104 φησὶν,
789 1037 1117 1104 άπολυτικὴν
1160 1036 1265 1087 ἀπὸ
1300 1037 1395 1102 τῆς
1422 1036 1623 1094 οἰκείας
1654 1050 1779 1085 συν-

237 1124 381 1185 όδου,
435 1127 525 1176 καὶ
562 1124 807 1176 ἀπελθὼν
835 1127 911 1185 είς
950 1124 1046 1191 τὴν
1095 1120 1331 1188 Ῥώμην,
1385 1120 1483 1172 οὐκ
1520 1122 1647 1190 εἴπῃ
1680 1121 1780 1171 κά-

239 1214 323 1261 κεῖ
372 1211 468 1277 τὴν
526 1213 705 1286 αἰτίαν
749 1214 815 1263 δι’
857 1214 921 1280 ἢν
980 1213 1163 1264 ἄπεισι
1213 1210 1347 1276 πρὸς
1396 1210 1485 1259 τὸν
1541 1209 1778 1275 βασιλέα,

236 1302 370 1351 ἀλλὰ
402 1302 681 1368 σιωπήσας
720 1301 953 1369 ἀπέλθῃ,
986 1299 1430 1367 ἀφορισθήσεται.
1456 1298 1579 1348 Ἐὰν
1605 1298 1661 1348 δέ
1702 1315 1779 1358 τις

234 1393 303 1455 τῇ
348 1390 532 1458 Ῥώμη
561 1390 804 1455 ἐνδημῶν
824 1393 925 1457 σχῇ
956 1389 1198 1454 ἀνάγκην
1240 1387 1569 1453 άναφυείσης
1593 1386 1781 1453 ἁθρόον

237 1479 419 1539 ιίτίας
455 1479 709 1530 ἀπελθεῖν
746 1481 826 1540 είς
867 1480 925 1529 τὸ
965 1480 1276 1544 κομιτᾶτον,
1314 1478 1398 1527 ῖνα
1450 1475 1526 1542 τῷ
1566 1475 1781 1542 Ῥώμης

236 1570 487 1634 ἀρχιερεῖ
533 1566 743 1635 δηλώσῃ
775 1568 870 1635 τὴν
898 1566 1096 1627 αἰτίαν,
1133 1566 1224 1616 καὶ
1264 1563 1404 1633 λάϐῃ
1442 1565 1656 1630 γραφὴν
1687 1562 1781 1614 τοῦ

249 1657 469 1724 Ῥώμης
498 1658 847 1725 άπολντικήν.
886 1659 947 1709 Al
975 1658 1029 1709 δὲ
1052 1656 1159 1707 τῶν
1191 1656 1595 1721 πρωτευόντων,
1625 1654 1779 1719 φησι,

236 1746 518 1811 γινόμεναι
573 1746 896 1797 ἀπολυτικαὶ
949 1748 1057 1806 τοῖς
1116 1745 1451 1806 ἐπισκόποις,
1511 1745 1541 1811 ἢ
1589 1745 1783 1795 ἐκτῶν

236 1802 564 1901 οἰωνδήποτε
599 1837 907 1887 ἐπισκόπων
938 1802 1052 1892 τοῖς
1097 1834 1375 1902 κληρικοῖς
1413 1802 1614 1895 ductim,
1661 1834 1779 1901 ἐχί-
1813 1802 1852 1855 Β

237 1942 421 1976 τωσαν
472 1927 569 1992 τὴν
620 1927 827 1994 ἡμέραν
873 1924 967 1976 τοῦ
1028 1925 1237 1991 Πάσχα’
1273 1925 1367 1974 ἐὰν
1407 1924 1464 1975 δέ
1490 1922 1565 1974 ἐτι
1595 1923 1783 1990 ἄδηλός

236 2016 385 2065 ἐστιν
424 2013 455 2081 ἠ
494 2016 669 2081 ήμέρα
729 2015 820 2066 τοῦ
881 2012 1070 2081 Πάσχα
1124 2012 1215 2063 τοῦ
1268 2010 1513 2064 ἐνιαυτοῦ
1547 2011 1781 2073 ἐκείνου,

237 2103 535 2169 γραφέσθω
581 2106 613 2169 ὴ
640 2102 731 2160 τοῦ
776 2101 1137 2169 παρελθόντος
1175 2099 1364 2165 Πάσχα
1386 2100 1587 2166 ἡμέρα.
1618 2092 1785 2150 Τοῦτο

241 2192 324 2251 δὲ,
367 2188 539 2258 οἶμαι,
582 2191 757 2252 ἔδοξεν
792 2191 932 2241 οὕτω
966 2189 1225 2255 γίνεσθαι,
1274 2188 1357 2238 ἵνα
1388 2187 1705 2254 κηρύττοιτο
1750 2191 1781 2255 ἡ

234 2281 424 2347 ἡμέρα
470 2280 561 2331 τοῦ
612 2282 809 2349 Πάσχα
838 2279 930 2330 τοῦ
984 2279 1226 2331 ἐνιαυτοῦ
1276 2276 1479 2328 ἐκείνου
1528 2277 1647 2345 (ήδη
1679 2278 1787 2348 γὰρ

235 2371 332 2422 καὶ
354 2373 409 2419 ὲν
441 2370 765 2437 προλαϐοῦσι
795 2370 1012 2421 κανόσιν
1042 2368 1286 2437 άπῄτησε
1316 2368 1348 2436 ἡ
1385 2366 1600 2428 σύνοδος
1648 2367 1787 2436 αὕτη

236 2460 297 2507 ἐν
319 2462 433 2518 ταῖς
463 2460 692 2522 ἐτησίοις
746 2458 976 2518 συνόδοις
1027 2457 1189 2524 δήλην
1241 2456 1481 2521 γίνεσθαι
1536 2456 1631 2521 τὴν
1652 2458 1781 2525 ἡμέο

240 2562 343 2612 ραν
396 2545 488 2597 τοῦ
547 2545 730 2613 Πάσχα
786 2546 1009 2595 ἑκάστου
1074 2543 1364 2608 ἐνιαυτοῦ),
1424 2544 1586 2613 ἢκα“ι
1629 2546 1714 2597 ἵνα
1760 2546 1795 2595 ό

235 2636 462 2702 χρόνος,
523 2635 641 2686 καθ’
684 2635 741 2685 ὃν
795 2635 1009 2685 ἄπεισιν
1049 2635 1075 2682 ὁ
1120 2632 1297 2684 ἀπιὼν
1357 2636 1491 2700 πρὸς
1536 2636 1595 2686 τὸ
1641 2634 1790 2703 βασί-

235 2725 403 2782 λειον,
434 2724 583 2789 δῆλος
606 2720 662 2794 ᾖ,
691 2725 849 2789 ὅπερ,
874 2724 1060 2791 φησὶν,
1114 2723 1266 2775 εῖωθε
1292 2724 1534 2789 γίνεσθαι
1567 2726 1661 2776 καὶ
1695 2724 1787 2777 ἐπὶ

238 2813 351 2864 τῶν
380 2811 651 2880 δημοσίων
680 2811 953 2879 πράξεων.
986 2812 1073 2862 Ἐν
1108 2813 1214 2881 γάρ
1262 2811 1445 2881 βιϐλίῳ
1488 2812 1593 2865 τῶν
1625 2814 1785 2865 Βασι-

237 2900 410 2951 λικῶν
467 2900 571 2966 κβ’,
620 2900 753 2951 τίτλ.
782 2898 810 2950 ι’
846 2900 1152 2966 γέγραπται
1202 2898 1268 2950 τὰ
1320 2900 1547 2966 ἀγοραῖα
1590 2899 1788 2968 συμϐό-

235 2989 365 3041 λαια
391 2988 734 3052 πρωτόκολλα
768 2989 927 3054 ἔχειν,
961 2990 1053 3038 καὶ
1076 2990 1133 3036 ἐν
1166 2987 1348 3046 αὐτοῖς
1381 2987 1686 3055 γεγράφθαι
1720 2988 1787 3040 τὰ

1882 596 2116 661 synodus
2159 596 2355 659 aliquid
2394 593 2618 659 amplius
2660 593 2865 653 statuit,
2903 590 3151 643 nimirum
3197 597 3253 639 ut
3303 583 3409 639 Ro-

1883 695 2035 733 mano
2108 695 2253 746 papae
2310 679 2622 731 dimissorire
2676 679 2776 730 illae
2822 678 3007 729 littera:
3041 674 3411 727 ostendantur.

1883 768 2032 834 Quod
2072 771 2283 837 quidem
2308 768 2571 822 Africanis
2604 768 2799 821 idcirco
2847 765 3050 818 videtur
3077 766 3409 829 imperatum,

1885 871 1944 912 ut
1998 862 2202 915 traditis
2228 876 2374 930 papae
2402 861 2592 913 litteris
2623 860 2689 911 ab
2717 874 2780 913 eo
2810 859 3160 911 dimissoriam
3194 856 3413 909 alteram

1886 949 1936 999 iu
1976 950 2283 1003 comitatum
2316 950 2599 1016 accipiant.
2634 948 2688 1001 Si
2713 949 2831 1014 quis
2872 948 3055 1013 igitur,
3087 947 3278 1012 inquit,
3330 960 3418 997 ac.-

1884 1048 2033 1104 cepta
2065 1053 2093 1090 a
2145 1054 2237 1091 sua
2273 1040 2473 1106 synodo
2508 1038 2831 1098 dimissoria,
2874 1035 3203 1101 Romamque
3244 1033 3417 1099 profe-

1886 1134 2021 1187 ctus,
2041 1126 2109 1178 ibi
2130 1140 2338 1192 quoque
2363 1140 2576 1179 causam
2610 1141 2716 1178 sua:
2746 1126 2811 1176 ad
2849 1124 3216 1190 imperatorem
3240 1122 3419 1174 itiouis

1884 1228 1985 1266 non
2038 1214 2374 1277 indicaverit,
2422 1216 2511 1266 sed
2560 1214 2774 1266 silentio
2814 1214 3145 1274 discesserit,
3179 1227 3418 1278 segrega-

1884 1302 2024 1355 tione
2063 1304 2327 1369 punietur.
2378 1304 2527 1367 Quod
2574 1304 2618 1356 si
2674 1304 2873 1355 interea
2917 1302 3040 1354 dum
3085 1302 3202 1368 quis
3242 1301 3419 1353 Romae

1883 1400 2262 1456 commoratur,
2303 1402 2486 1445 exorta
2542 1400 2754 1457 repente
2791 1407 2970 1454 causa,
3020 1392 3068 1443 in
3103 1391 3415 1445 comitatqu

1886 1478 2149 1542 proﬁcisci
2173 1494 2390 1533 necesse
2427 1481 2648 1544 habeat;
2683 1496 2739 1534 re
2762 1496 2881 1534 cum
2918 1482 3156 1533 antistite
3184 1480 3421 1531 Romano

1884 1568 2293 1631 communicata,
2343 1569 2699 1622 dimissoriam
2752 1572 2817 1621 ab
2865 1583 2928 1621 eo
2968 1570 3244 1634 epistolam
3280 1568 3419 1621 acci-

1883 1654 2010 1720 piat.
2045 1654 2170 1718 Quaa
2199 1671 2341 1721 vero,
2368 1658 2557 1726 inquit,
2590 1658 2778 1711 litterae
2810 1658 3129 1712 dimissorize
3156 1659 3421 1725 episcopis

1883 1756 1909 1792 ιι
1937 1757 2033 1795 suo
2063 1745 2309 1810 primate,
2340 1756 2424 1797 aut
2476 1747 2685 1800 clericis
2711 1748 2775 1800 ab
2810 1748 3080 1815 episcopo,
3117 1747 3419 1801 c0ucedun-

1888 1838 1992 1891 tur,
2026 1829 2078 1882 in
2114 1830 2175 1883 iis
2212 1833 2324 1884 dies
2348 1830 2565 1885 Pascha:
2602 1832 2670 1885 sit
2696 1834 2981 1900 inscripta:
3020 1849 3134 1898 qua:
3166 1832 3208 1884 si
3253 1834 3425 1884 adhuc

1888 1919 2086 1971 incerta
2118 1912 2186 1972 sit
2216 1958 2230 1983 ,
2258 1921 2373 1987 ejus
2407 1922 2523 1975 loco
2567 1922 2857 1990 superioris
2905 1920 3026 1973 anni
3060 1920 3272 1973 Pascha:
3312 1920 3423 1975 dies

1888 2018 2194 2071 reponatur.
2251 2011 2307 2063 Id
2356 2021 2526 2063 autem
2558 2026 2617 2063 ea
2651 2013 2716 2065 de
2748 2026 2906 2065 causa
2954 2012 3258 2065 inStitutum
3305 2024 3423 2063 esse

1886 2097 2135 2157 arbitror.
2169 2109 2223 2150 ut
2249 2099 2369 2165 ejus
2398 2101 2519 2151 anni
2546 2099 2761 2154 Pascha:
2784 2102 2896 2153 dies
2924 2101 3260 2169 evulgaretur
3285 2099 3422 2168 (eam

1888 2197 2114 2251 namque
2135 2188 2244 2252 jam
2280 2188 2616 2253 superiorum
2650 2204 2862 2256 quoque
2905 2203 3169 2242 canonum
3209 2190 3426 2243 decreto

1886 2275 2168 2339 quotannis
2196 2276 2451 2343 synodico
2477 2288 2739 2331 conventu
2773 2279 2856 2333 edi
2893 2282 3003 2333 haec
3037 2281 3145 2344 ipsa
3197 2280 3426 2348 synodus

1887 2364 2291 2432 constituerat),
2322 2366 2403 2418 vel
2442 2368 2601 2420 etiam
2634 2378 2689 2421 ut
2723 2369 2883 2431 illius,
2916 2371 3005 2438 qui
3028 2372 3091 2421 ad
3136 2370 3422 2437 imperato—

1889 2468 1998 2507 rem
2066 2455 2448 2522 proficiscitur,
2496 2458 2749 2513 absentia:
2802 2470 3011 2527 tempus
3060 2460 3415 2534 indicaretur;

1887 2545 2027 2611 quod
2058 2547 2107 2597 in
2131 2543 2280 2621 Actis
2305 2562 2513 2615 quoque
2542 2550 2790 2615 publicis,
2826 2550 3016 2618 inquit,
3051 2551 3423 2604 eodem‘inodo

1889 2634 2001 2687 ﬁeri
2027 2635 2179 2689 solet.
2229 2633 2358 2688 Nam
2396 2638 2485 2690 lib.
2531 2654 2639 2692 nu
2683 2639 2764 2695 tit.
2796 2640 2860 2693 i0
2920 2641 3134 2694 Basilio.
3165 2642 3426 2695 sancitqu

1888 2732 2055 2788 est,ut
2096 2723 2149 2775 in
2191 2723 2488 2778 ﬂorentibus
2519 2726 3046 2795 tabuliSJrotocolla
3077 2727 3428 2794 adjiciantur;

1890 2814 1940 2866 iu
1969 2815 2164 2881 quibus
2214 2816 2551 2883 imperatoris
2583 2827 2635 2870 et
2669 2820 2958 2872 consulum
2999 2819 3118 2887 ejus
3162 2820 3283 2872 anni
3332 2834 3430 2871 no-

1889 2905 2055 2969 mina,
2087 2905 2300 2972 aliaque
2323 2921 2385 2959 eo
2415 2908 2530 2961 loco
2562 2908 2843 2975 explicata,
2882 2908 3274 2964 describantur.
3304 2910 3431 2975 Quae

1889 2996 2105 3059 quidem
2137 2996 2333 3050 nostris
2367 2998 2694 3065 temporibus
2728 3000 2928 3065 passim
2950 3000 3211 3067 neglecta,
3236 3000 3287 3052 in
3320 3014 3430 3053 em-

236 3082 347 3131 τῶν
404 3079 743 3148 κρατούντων
805 3081 1058 3129 ἑκάστοτε
1114 3076 1372 3143 βασιλέων
1411 3077 1665 3143 ὀνόματα,
1695 3080 1787 3131 καὶ
1813 3096 1855 3157 C
1890 3097 1899 3145 ι

1765 3080 1787 3127 l.
1813 3096 1855 3157 ρ
1890 3084 2213 3148 phyteuticis
2242 3087 2606 3140 tantummodo
2629 3087 2902 3143 conventis
2924 3090 3097 3142 adhuc
3129 3099 3428 3142 servantur.

232 3174 336 3230 τὰς
391 3170 669 3229 ὑπατείας,
732 3169 825 3219 καὶ
888 3168 985 3218 ὅσα
1047 3168 1161 3217 ἐκεῖ
1210 3167 1546 3219 ἀπαιτεῖται.
1594 3168 1659 3217 Ἀ
1697 3167 1782 3232 ἐφ’

237 3259 396 3328 ἡμῶν
432 3261 485 3309 ἐν
522 3260 617 3327 μὲν
650 3262 757 3320 τοῖς
794 3258 969 3317 ἄλλοις
1000 3256 1465 3323 καταπεφρόνητο,
1487 3258 1541 3307 ἐν
1572 3257 1626 3307 δέ
1675 3258 1786 3318 τοῖς

234 3352 648 3417 ὲμφυτευτικοῖς
681 3349 972 3414 ἐγγράςοις
1024 3347 1103 3396 ἔτι
1157 3344 1410 3406 ἐσώζετο.
1450 3344 1695 3414 Ἐνεδόθη
1728 3345 1783 3396 δέ

235 3442 349 3498 τοῖς
386 3439 752 3503 στελλομένοις
788 3439 922 3504 πρὸς
967 3436 1057 3486 τὸν
1104 3436 1346 3502 βασιλέα,
1375 3436 1402 3485 ὁ
1445 3437 1507 3487 ἂν
1553 3437 1785 3504 νοήσωσι

236 3528 509 3594 χρήσιμον
568 3529 683 3594 ἢτοι
752 3526 1023 3593 ὠφέλιμον
1082 3526 1195 3585 τοῖς
1231 3526 1435 3586 πιστοῖς
1485 3528 1622 3576 κατὰ
1673 3525 1782 3576 τῶν

230 3618 568 3668 Δονατιστῶν
589 3618 679 3668 καὶ
704 3617 806 3667 τῶν
822 3616 1115 3683 Ἑλλήνων,
1143 3614 1405 3665 αἰτεῖσθαι
1424 3611 1580 3664 τοῦτο
1603 3616 1664 3665 ἐκ
1686 3616 1778 3666 τοῦ

1888 3171 2097 3240 Legatis
2140 3175 2374 3238 demum,
2408 3178 2498 3243 qui
2529 3178 2595 3229 ad
2638 3177 3015 3245 imperatorem
3063 3181 3429 3243 mittebantur,

1887 3263 2140 3330 quidquid
2189 3264 2433 3318 fidelibus
2491 3275 2673 3319 contra
2730 3267 3034 3322 Donatistae
3083 3279 3175 3321 aut
3219 3269 3433 3324 Grazcos

1888 3350 2139 3418 prodesse
2167 3365 2320 3418 posse
2348 3352 2726 3421 intellexerint,
2762 3357 2827 3408 ab
2857 3371 2920 3409 eo
2963 3358 3260 3425 postulandi
3294 3358 3433 3410 facta

1886 3450 1966 3491 est
2003 3438 2263 3493 facultas:
2299 3456 2524 3510 quaeque
2568 3445 2756 3512 synodi
2792 3446 3005 3499 nomine
3036 3446 3225 3500 littera:
3257 3449 3432 3501 mitte-

1886 3536 2090 3593 rentur,
2137 3538 2195 3582 ut
2230 3544 2307 3582 ea
2347 3532 2551 3585 Aurelii
2596 3534 2828 3601 episcopi
2861 3535 3211 3603 chirographo
3252 3540 3433 3591 muni-

1891 3626 2092 3681 rentur,
2129 3618 2399 3673 decretum
2430 3630 2533 3675 est.

231 3708 767 3778 κρατοῦντος.”Εδοξε
792 3708 845 3760 δέ
880 3709 973 3759 καὶ
994 3709 1059 3759 τὰ
1092 3707 1351 3775 μέλλοντα
1383 3707 1633 3772 γενέσθαι
1662 3710 1959 3776 γράμματα
1985 3712 2049 3762 ἐκ
2070 3712 2166 3780 τῆς
2195 3714 2411 3767 συνόδου
2436 3715 2814 3787 ὑπογραφῆναι
2840 3718 2988 3787 παρὰ
3021 3719 3104 3770 τοῦ
3133 3720 3431 3773 ἐπισκόπου

226 3803 520 3871 Αὐρηλίου.

228 3894 453 3945 ΔΙἾΣΤ.
506 3912 523 3941 ι
572 3892 630 3943 Ὀ
663 3891 729 3943 δι’
767 3891 1008 3959 ἀνάγκην
1046 3889 1163 3941 τινὰ
1208 3885 1340 3955 πρὸς
1396 3889 1456 3939 τὸ
1492 3890 1780 3955 κομιτᾶτον

304 4002 323 4032 ι
371 3982 793 4047 ἀπελευσόμενος
824 3980 1037 4048 ἐμφανῆ
1063 3978 1265 4045 ταύτην
1291 3977 1509 4029 ποιείτω
1537 3978 1614 4047 τῷ
1637 3980 1715 4030 Κσ
1727 3996 1783 4047 ρ-

304 4090 324 4120 (
373 4072 592 4139 χηδόνος
620 4072 754 4137 ἱερεῖ
796 4071 887 4120 καὶ
919 4069 994 4135 τῷ
1033 4068 1273 4135 Ῥώμης,
1312 4069 1401 4118 καὶ
1446 4068 1779 4138 άπολυτικὴν

310 4180 328 4211 ι
372 4160 659 4228 ἐπιστολὴν
716 4158 1039 4227 λαμϐανέτω
1066 4198 1080 4220 ,
1123 4157 1155 4223 ἢ
1205 4156 1561 4223 ἀκοινώνητος
1616 4158 1775 4212 ἔστω.

304 4268 324 4299 ι
378 4251 498 4301 Πᾶν
564 4248 741 4301 ὁτιοῦν
799 4252 910 4307 τοῖς
955 4248 1351 4313 τοποτηρηταίς
1391 4244 1547 4308 δόξαν
1590 4250 1779 4315 χρήσι-

298 4358 319 4391 ‹
370 4358 470 4407 μον
533 4339 669 4391 κατά
733 4336 1110 4399 Δονατιστῶν,
1166 4336 1260 4386 καὶ
1333 4333 1632 4400 Ἑλλήνων,
1683 4340 1777 4387 καὶ

1890 3886 2118 3940 ARIST.
2184 3908 2201 3939 ι
2240 3890 2338 3953 Qui
2392 3905 2607 3961 propter
2654 3894 2886 3962 aliquam
2932 3899 3304 3951 necessitatem
3367 3902 3437 3950 ad

1966 3993 1983 4024 ι
2024 3977 2340 4030 comitatum
2398 3982 2639 4033 abiturus
2686 3990 2803 4043 est,
2853 3998 2970 4036 eam
3023 3986 3431 4053 Carthaginensi

1965 4081 1983 4112 ι
2030 4066 2293 4119 sacerdoti
2322 4084 2383 4121 ac
2412 4069 2653 4122 Romano
2690 4070 3025 4124 manifestam
3058 4073 3242 4137 faciat,
3274 4088 3325 4127 et
3356 4076 3435 4129 di-

1963 4174 1980 4205 (
2029 4155 2330 4210 missoriam
2388 4160 2619 4227 accipiat
2664 4162 2969 4229 epistolam,
3018 4164 3171 4217 aliter
3220 4182 3435 4220 excom-

1962 4265 1979 4295 ι
2028 4248 2348 4300 municetur.
2384 4250 2749 4317 Quodcunque
2777 4251 2963 4319 legatis
3008 4253 3138 4305 utile
3173 4254 3436 4308 videbitur

1964 4353 1981 4385 ι
2028 4346 2213 4389 ςοιιιτα
2261 4337 2585 4399 Douatistas,
2619 4346 2710 4393 aut
2739 4340 2977 4403 (ἔρεσθε,
3010 4357 3302 4411 eorumque
3343 4360 3437 4399 su~

299 4449 319 4480 ι
368 4430 479 4480 τῶν
530 4427 836 4497 Θρησκειῶν
881 4425 1107 4487 αὐτῶν,
1177 4424 1434 4476 αίτείσθω
1493 4424 1555 4475 ἐκ
1622 4423 1777 4492 βασι-
1810 4443 1854 4497 D
1958 4448 1962 4466 ι

1657 4443 1777 4478 ασι-
1810 4443 1854 4497 ο
1958 4442 1975 4473 ι
2023 4425 2386 4490 nerstitiones,
2415 4426 2543 4479 illud
2571 4431 2636 4481 ab
2668 4429 2990 4496 imperatore
3021 4440 3252 4497 petatur.
3300 4448 3320 4481 ο

300 4539 320 4570 ι
367 4519 521 4579 λέως.
556 4536 574 4567 ι

302 4608 362 4659 '0
388 4608 495 4659 ἀπὸ
533 4602 795 4672 ’Δφρικῆς
821 4604 905 4655 διὰ
931 4606 1173 4671 ἀνάγκην
1227 4604 1347 4654 τινὰ
1380 4603 1584 4673 μέλλων
1611 4606 1779 4656 ἀπελ-

222 4698 335 4751 θεῖν
370 4700 428 4748 ἐν
460 4695 537 4765 τῷ
589 4695 882 4762 κομιτάτῳ,
942 4695 1219 4745 τουτέστιν
1273 4694 1401 4747 ἔνθα
1452 4698 1478 4748 ό
1528 4696 1782 4761 βασιλεύς

222 4788 363 4849 ἐστι,
385 4785 490 4835 κᾶν
516 4783 770 4850 κληρικός
816 4784 952 4845 ἐστι,
984 4781 1083 4834 κᾶν
1109 4782 1426 4844 ἐπίσκοπος,
1480 4785 1779 4852 κατάδηλον

222 4874 319 4941 τὴν
349 4873 528 4925 αίτίαν
585 4872 899 4939 ποιείτωτῷ
934 4873 1028 4937 τῆς
1072 4872 1414 4941 Καρχηδόνος
1468 4874 1773 4943 ἐπισκόπῳ,

224 4963 481 5015 κάκεῖθεν
513 4964 814 5031 γράμματα
846 4960 1160 5029 λαμϐάνων,
1202 4965 1294 5013 καὶ
1343 4964 1476 5031 πρὸς
1520 4964 1609 5015 τὸν
1648 4963 1780 5016 Ῥώ-

222 5074 332 5125 μης
386 5053 837 5121 παραγινόμενος,
880 5050 1218 5120 ἐμφανιξέτω
1281 5052 1471 5104 ἐαυτὸν
1530 5052 1606 5121 τῷ
1660 5056 1782 5108 ἐπι-

221 5150 411 5215 σκόπῳ
470 5143 704 5212 Ῥώμης·
738 5144 829 5194 καὶ
877 5142 977 5209 τὴν
1031 5141 1209 5193 αἰτίαν
1256 5141 1459 5207 λεγέτω
1498 5142 1564 5193 δι’
1604 5142 1671 5211 ἦν
1703 5146 1779 5206 εις

220 5235 578 5303 τὸνβασιλέα
633 5234 948 5302 πορεύεται,
1006 5235 1097 5282 καὶ
1147 5230 1241 5281 τοῦ
1320 5232 1535 5301 Ῥώμης
1559 5230 1781 5302 δοκιμά.

225 5342 418 5386 σαντος
454 5323 676 5390 ταύτην,
728 5322 818 5373 καὶ
852 5320 1070 5387 εῡλογον
1118 5316 1255 5374 εἶναι
1287 5322 1591 5389 κρίναντος,
1640 5324 1781 5393 λαμ-

222 5417 434 5469 ϐανέτω
462 5417 554 5465 καὶ
580 5414 637 5479 ἐξ
672 5413 881 5465 ἐκείνου
908 5413 1233 5480 γράμματα,
1267 5411 1600 5481 προστασίαν
1619 5412 1779 5466 αὑτοῦ

223 5508 362 5577 πρὸς
400 5504 743 5573 τὸνβασιλέα
782 5504 1109 5582 παρέχοντα.
1150 5500 1337 5562 Ὅστις
1365 5500 1419 5554 δέ
1450 5504 1482 5572 ἢ
1514 5503 1619 5555 τῶν
1667 5504 1782 5556 ἐπι.

222 5594 441 5648 σκόπων
471 5594 504 5662 ἧ
544 5595 651 5646 τῶν
677 5593 951 5661 κληρικῶν
994 5592 1167 5653 ἄλλως
1198 5594 1331 5659 πρὸς
1369 5594 1427 5644 τὸ
1478 5596 1771 5661 κομιτᾶτον

220 5685 456 5757 ἀπέλθῃ,
497 5683 858 5751 ἀκοινώνητος
887 5685 1061 5736 ἐσται.
1101 5684 1209 5735 Καὶ
1252 5682 1403 5749 ζήτει
1442 5685 1642 5735 κανόνα
1691 5686 1777 5737 ἐν-

461 5775 727 5835 Pu‘noc.
773 5778 886 5834 (in.
932 5772 1318 5837 CXXXVIII.

1953 4591 2053 4657 Qui
2097 4593 2164 4647 ab
2190 4595 2373 4649 Africa
2422 4608 2637 4666 propter
2686 4602 3063 4655 necessitatem
3109 4603 3344 4669 aliquam
3380 4606 3432 4657 in

1883 4685 2196 4737 comitatum
2240 4698 2323 4740 est
2374 4691 2640 4755 abiturus,
2671 4691 2719 4743 id
2748 4704 2852 4753 εει,
2889 4692 2978 4745 ubi
3014 4694 3306 4760 imperator
3328 4707 3431 4761 est,

1882 4777 2128 4839 quamvis
2174 4776 2405 4833 clericus
2441 4782 2511 4834 sit
2557 4792 2649 4835 aut
2690 4784 2999 4850 episcopus,
3037 4800 3252 4838 causam
3280 4803 3432 4841 suam

1882 4863 2134 4932 episcopo
2189 4865 2598 4937 Carthagiueusi
2644 4873 2984 4926 manifestam
3035 4876 3241 4942 reddat,
3278 4888 3331 4931 et
3365 4878 3434 4929 ab

1882 4966 1945 5005 eo
1970 4954 2173 5008 litteras
2202 4958 2491 5025 accipiens,
2520 4969 2572 5011 et
2601 4961 2663 5012 ad
2694 4960 2877 5014 Romae
2900 4965 3207 5032 episc0pum
3229 4981 3286 5019 se
3309 4981 3439 5019 coa-

1883 5041 2082 5105 ferens,
2123 5042 2378 5111 episcopo
2421 5046 2666 5099 Romano
2715 5063 2775 5101 se
2821 5053 3093 5113 ostendat,
3137 5063 3189 5105 et
3218 5069 3433 5107 causam

1884 5131 2026 5185 dicat
2049 5145 2218 5198 quare
2248 5136 2312 5186 ad
2342 5134 2721 5202 imperatorem
2767 5141 3122 5207 proficiscitur
3157 5159 3171 5195 :
3208 5155 3261 5197 et
3315 5146 3433 5211 epi-

1882 5238 2043 5291 scopo
2068 5224 2306 5277 Romano
2333 5239 2449 5279 eam
2477 5228 2821 5295 approbante,
2847 5239 2899 5284 et
2922 5231 3121 5299 justam
3143 5248 3263 5288 esse
3295 5236 3440 5301 judi-

1882 5325 2057 5377 cante,
2110 5315 2341 5383 accipiat
2370 5326 2423 5369 et
2460 5317 2528 5370 ab
2556 5333 2621 5372 eo
2649 5319 2878 5384 litteras,
2925 5322 3289 5377 dimissionem
3322 5325 3441 5393 ejus

1884 5410 1949 5463 ad
1978 5408 2357 5475 imperatorem
2389 5408 2731 5463 exhibentes.
2779 5409 3093 5480 Quicunque
3122 5420 3298 5467 autem
3326 5416 3438 5467 sin:

1882 5514 1945 5553 ex
1974 5498 2239 5567 episcopis
2268 5497 2380 5550 sive
2411 5513 2439 5552 e
2466 5499 2678 5553 clericis
2713 5500 2869 5553 aliter
2897 5501 2948 5554 in
2975 5503 3284 5556 comitatum
3309 5518 3434 5571 pro-

1885 5590 2174 5651 ﬁciscetur,
2212 5588 2705 5642 excommunicatus
2749 5591 2874 5644 erit.
2917 5592 3106 5656 Quaere
3138 5594 3298 5646 etiam
3334 5610 3437 5645 uu-

1883 5682 2151 5737 decimum
2181 5675 2373 5747 synodi
2408 5677 2756 5734 Antiochena:
2788 5696 3068 5747 canonem,
3094 5693 3149 5735 et
3182 5696 3441 5739 canonum

3019 5771 3087 5833 12
