4224 6440
806 418 910 473 3651

2044 416 2315 473 'I‘HEUD.
2357 411 2751 470 BALSAMON

3894 406 4000 469 361

806 524 993 589 synodi
1030 519 1361 572 Sardiccnsis
1385 534 1603 572 nouum.
1642 519 1821 587 Legati
1850 534 1878 572 e
1913 522 2115 588 synodo
2150 522 2211 571 all
2246 522 2347 571 im-
2379 526 2421 578 Α
2450 518 2474 567 δ

2332 548 2347 557 .
2379 518 2671 578 Αδέκατον
2720 517 2813 584 τῆς
2862 518 2919 567 ἐν
2990 518 3297 585 Ἀντιοχείᾳ
3356 518 3593 579 συνόδου,
3649 521 3739 569 καὶ
3796 518 3891 583 τῆς
3941 520 4000 565 έν

808 614 1107 668 peratorcm
1145 602 1289 655 missi
1312 604 1543 671 episcopi
1571 602 1826 655 adversus
1854 602 2067 655 Cra-cos
2094 611 2145 653 ct
2175 603 2342 653 luere-

816 696 970 757 ticos,
1006 693 1275 745 licentiam
1329 700 1647 758 acceperunt
1686 692 2040 759 quodcunque
2093 688 2347 742 Ecclesia:

807 785 1083 839 catholica:
1112 782 1448 837 commodum
1485 780 1597 835 fore
1623 781 1971 848 cognoverint
1996 787 2178 830 contra
2202 775 2349 827 Cra:-

806 893 990 932 corum
1019 884 1070 929 et
1101 874 1501 927 Donatistarum
1536 872 1867 937 religionem,
1901 868 2025 921 illud
2076 868 2142 920 ab
2178 866 2351 929 impe-

810 975 987 1021 ratore
1021 972 1221 1031 petere,
1252 962 1496 1032 quamvis
1529 960 1654 1013 illud
1676 958 2015 1027 peculiariter
2044 955 2347 1008 mandatum

807 1072 908 1111 non
941 1058 1261 1110 habuerunt.

1294 1228 1457 1300 sua
1484 1222 1711 1280 CANON
1746 1222 1859 1277 cx.

813 1347 827 1374 ι
875 1323 1119 1393 Synodus
1146 1330 1332 1375 contra
1377 1319 1592 1371 Grzecos
1624 1325 1676 1369 et
1713 1312 2009 1367 haereticos.
2052 1308 2163 1362 Sub
2186 1306 2349 1359 Basso

884 1436 899 1466 ι
948 1423 999 1467 et
1022 1413 1285 1480 Philippo,
1314 1406 1632 1462 clarissimis
1660 1402 1985 1464 consulibus,
2020 1401 2083 1451 Α.
2112 1398 2172 1450 D.
2200 1405 2349 1449 sexto

885 1524 900 1553 ι
950 1504 1159 1555 decimo
1190 1499 1440 1553 calendas
1468 1494 1656 1557 Iulias,
1686 1490 2011 1557 Carthagine
2050 1487 2101 1539 in
2142 1492 2350 1539 secreto

883 1616 897 1642 ι
948 1592 1226 1645 Restituta:
1267 1586 1525 1642 ecclesiae.
1568 1585 1624 1637 In
1663 1584 1762 1636 hac
1796 1580 1995 1648 synodo
2032 1575 2348 1644 legationem

883 1704 899 1733 ι
948 1690 1237 1746 suscepere
1267 1675 1570 1729 Restitutus
1611 1682 1666 1725 et
1724 1667 2065 1721 Florentinus
2113 1659 2349 1729 episcopi

889 1792 905 1820 ι
950 1769 1208 1822 adversus
1235 1763 1447 1818 Graecos
1472 1769 1526 1814 et
1558 1756 1860 1818 hereticos,
1885 1754 1938 1805 in
1965 1752 2057 1804 illo
2090 1758 2347 1815 tempore,

879 1881 894 1908 ι
943 1873 1046 1925 quo
1076 1856 1307 1907 Severus
1330 1861 1383 1905 et
1410 1848 1676 1902 Macarius
1702 1842 1925 1912 depositi
1955 1848 2077 1894 sunt
2104 1854 2119 1889 :
2151 1844 2205 1890 et
2231 1847 2353 1903 pro-
2382 1823 2424 1877 Β

887 1967 901 1998 ι
949 1922 1066 2014 pter
1095 1956 1278 1997 eorum
1302 1952 1515 1993 causam
1542 1934 1795 1994 Evodius,
1816 1928 2077 1982 Theasius
2094 1935 2147 1979 et
2177 1922 2355 1975 Victor

886 2058 901 2088 ι
951 2032 1185 2104 episeOpi
1214 2030 1336 2084 caesi
1364 2036 1511 2082 sunt.

884 2313 900 2344 ι
950 2289 1197 2361 Synodus
1228 2288 1293 2343 de
1318 2286 1624 2357 cognitione
1666 2284 2059 2351 episcoporum.
2095 2276 2207 2331 Sub
2241 2274 2356 2344 glo-

816 2403 830 2431 σ
883 2378 1194 2434 riosissimis
1221 2366 1660 2444 imperatoribus,
1696 2370 1933 2447 Honorio
1961 2368 2269 2435 septimum,
2304 2372 2357 2417 et

813 2494 830 2522 ε
872 2469 1175 2525 Theodosio
1219 2466 1475 2527 tertium,
1521 2464 1777 2532 Augustis
1834 2459 2143 2513 cousulibus
2177 2456 2240 2508 Α.
2292 2455 2353 2507 D;

817 2582 833 2612 ι
882 2562 1092 2615 decimo
1128 2557 1359 2625 septimo
1402 2553 1653 2607 calendas
1687 2549 1873 2610 Julias,
1918 2544 2241 2610 Carthagine
2304 2542 2355 2594 in

814 2673 831 2702 ι
881 2650 1139 2705 Secundae
1164 2646 1414 2701 ecclesia.
1450 2645 1506 2697 In
1534 2644 1633 2695 hac
1663 2638 1866 2710 synodo
1889 2637 2108 2703 placuit,
2128 2644 2184 2687 ut
2220 2645 2357 2685 unus

814 2762 831 2792 ε
877 2742 1156 2809 episcOpus
1211 2752 1314 2790 non
1359 2733 1611 2788 vendicet
1654 2730 1756 2785 sibi
1803 2727 2182 2795 cognitionem.
2224 2725 2355 2777 Acta

816 2850 834 2880 ε
879 2828 1160 2896 praesentis
1218 2823 1407 2895 synodi
1469 2836 1573 2875 non
1632 2827 1757 2874 sunt
1805 2817 2025 2881 scripta,
2077 2822 2355 2882 propterea

814 2941 830 2969 ι
876 2920 1012 2997 quod
1059 2915 1367 2983 specialiter
1414 2912 1487 2965 ob
1528 2910 1670 2963 illam
1720 2908 2012 2976 regionem,
2056 2912 2109 2955 et
2161 2916 2266 2954 non
2300 2902 2355 2953 in

816 3029 833 3060 ε
876 3020 1157 3062 commune
1192 3014 1407 3073 peracta
1436 3012 1577 3055 sunt.
1623 3020 1640 3051 υ

878 3095 1073 3148 llALS.
1107 3094 1236 3159 Quae
1269 3094 1320 3145 in
1350 3092 1598 3158 praesenti
1643 3102 1849 3141 canone
1889 3086 2086 3154 scripta
2123 3092 2265 3145 sunt,
2302 3088 2361 3132 ut

2450 605 2684 673 Σαρδικῇ
2723 605 2935 655 συνόδου
2966 606 3165 657 κανόνα
3196 606 3264 657 θ’.
3322 606 3581 673 Πρέσϐεις
3605 607 3668 656 ἐκ
3713 606 3812 670 τῆς
3843 606 4000 655 συνύ-

2446 694 2537 744 δου
2596 694 2730 759 πρὸς
2779 698 2869 745 τὸν
2923 693 3149 760 βασιλέα
3203 695 3487 755 σταλέντες
3516 696 3805 745 ἐπίσκοποι
3859 694 4002 743 κατὰ

2447 782 2554 833 τῶν
2594 784 2861 851 Ἐλλήνων
2902 784 3132 835 καὶτῶν
3195 786 3494 853 αίρετικῶν
3545 785 3727 837 ἄδειαν
3782 782 3998 843 ἔλαϐον,

2449 874 2557 923 πᾶν
2581 872 2609 923 ὅ
2642 889 2691 923 τι
2722 872 2787 924 ἂν
2836 875 3111 941 συμφέρον
3138 876 3202 942 τῇ
3244 876 3504 942 καθολικῇ
3538 873 3836 939 Ἐκκλησία
3870 888 4002 921 συν-

2452 961 2621 1025 ίδωσι,
2665 966 2803 1014 κατὰ
2851 964 2945 1030 τῆς
2982 963 3279 1031 θρησκείας
3314 965 3422 1015 τῶν
3480 962 3746 1030 Ἐλλήνων
3774 964 3865 1012 καὶ
3894 961 4003 1011 τιῖν

2448 1051 2804 1114 Δονατιστῶν,
2867 1050 3023 1103 τοῦτο
3080 1054 3294 1119 αίτῆσαι
3349 1055 3413 1104 ἐκ
3463 1051 3745 1119 βασιλέως,
3793 1050 3897 1100 κᾶν
3927 1050 4004 1115 μὴ

2454 1136 2632 1197 ίδικῶς
2667 1138 2795 1189 αὐτὸ
2826 1135 2971 1208 εῐχον
3003 1141 3405 1209 ἐντεταλμένον.

2998 1230 3233 1281 ΚΑΝΩΝ
3272 1232 3374 1283 Pl'.

2458 1334 2473 1366 ι
2523 1317 2740 1379 Σύνοδος
2773 1320 2910 1372 κατά
2944 1317 3051 1369 τῶν
3092 1318 3359 1389 Ἐλλήνων
3390 1326 3481 1373 καὶ
3509 1320 3818 1389 αίρετικῶν.
3883 1319 4008 1370 Ἐπὶ

2527 1422 2545 1453 ι
2594 1402 2801 1456 Βάσσου
2838 1407 2930 1457 καὶ
2957 1406 3245 1470 Φιλίππου,
3277 1408 3386 1460 τῶν
3424 1410 3827 1477 λαμπροτάτων
3859 1408 4006 1459 ὑπά-

2524 1511 2543 1544 s
2585 1509 2690 1545 των
2718 1497 2783 1563 τῇ
2830 1496 2935 1564 πρὸ
2967 1494 3027 1559 ἐξ
3061 1500 3155 1548 καὶ
3186 1497 3386 1567 δεκάτῃ
3438 1497 3716 1551 καλανδῶν
3744 1496 4006 1555 Ἰουλίων»

2526 1598 2544 1631 ι
2587 1581 2647 1633 ἐν
2697 1582 3004 1651 Καρχηδόνι
3077 1584 3155 1644 είς
3213 1585 3271 1635 τὸ
3319 1586 3590 1653 σήκρητον
3642 1582 3739 1650 τῆς
3805 1582 4011 1632 Ῥεστι-

2524 1687 2545 1721 ε
2588 1670 2783 1738 τούτης
2802 1672 3115 1742 ἐκκλησίας.
3142 1672 3230 1724 Ἐν
3266 1673 3435 1743 ταύτῃ
3471 1673 3671 1740 συνόδῳ
3713 1671 4010 1741 πρεσϐείαν

2523 1777 2542 1811 ε
2589 1760 2902 1823 ἀνεδέξαντο
2939 1762 3302 1824 Ῥεστιτοῦτος
3353 1762 3449 1813 καὶ
3474 1761 3782 1829 Φλορέντιος
3804 1762 3852 1812 οἱ
3886 1759 4008 1811 ἐπί-

2527 1864 2546 1899 s
2591 1863 2783 1899 σκοποι
2810 1848 2949 1901 κατὰ
2976 1848 3083 1900 τῶν
3122 1848 3385 1918 Ἐλλήνων
3413 1849 3507 1902 καὶ
3557 1849 3664 1900 τῶν
3717 1846 4010 1917 αίρετικῶν

2531 1956 2549 1987 ι
2595 1939 2654 1990 ἐν
2680 1939 2873 2007 ἐκείνῳ
2924 1938 3001 2006 τῷ
3053 1939 3229 2008 καιρῷ
3273 1938 3394 1991 καθ’
3414 1938 3473 1990 δν
3503 1938 3735 2006 Σευῆρος
3767 1937 3863 1989 καὶ
3891 1937 4011 1988 Μα-

2532 2045 2549 2077 ι
2595 2027 2780 2095 κάριος
2812 2026 3174 2095 ἀνῃρέθησαν,
3204 2026 3296 2079 καὶ
3334 2026 3421 2078 διὰ
3453 2024 3559 2077 τῶν
3584 2026 3787 2077 τούτων
3827 2024 4011 2074 αἰτίαν

2529 2136 2547 2169 ι
2592 2118 2826 2183 Εὐόδιος,
2887 2120 3113 2180 Θεάσιος
3176 2118 3272 2171 καὶ
3320 2118 3558 2187 Βίκτωρ,
3617 2119 3665 2168 οί
3695 2115 4010 2173 ἐπίσκοποι,

2530 2224 2549 2259 ε
2596 2210 2930 2277 ἐσφάγησαν.

2530 2317 2548 2351 ι
2594 2298 2817 2361 Σύνοδος
2849 2300 2977 2367 περὶ
3006 2300 3346 2367 διαγνώσεως
3380 2299 3709 2352 ἐπισκόπων.
3751 2294 3873 2347 Ἐπὶ
3905 2293 4015 2343 τῶν

2464 2407 2482 2440 ι
2531 2388 2880 2453 ἐνδοξοτάτων
2911 2388 3172 2456 βασιλέων
3220 2389 3477 2458 Ὀνωρίου
3531 2388 3591 2439 τὸ
3634 2386 3880 2453 ἕϐδομον,
3919 2382 4015 2433 καὶ

2464 2496 2481 2530 ι
2528 2477 2803 2529 Θεοδοσίου
2830 2479 2916 2544 ,τὸ
2958 2478 3164 2546 τρίτον⁹
3216 2478 3326 2529 τῶν
3376 2478 3702 2544 Αὐγούστων
3762 2474 4009 2528 ὑπάτων,

2461 2585 2479 2618 ε
2524 2569 2591 2637 τῇ
2621 2564 2726 2635 πρὸ
2754 2566 3359 2630 δεκαεπτὰλκαλανδῶν,
3406 2566 3637 2618 Ἰουλίων
3665 2566 3741 2623 είς
3797 2563 4018 2628 Καρχη-

2464 2676 2482 2708 ι
2526 2658 2652 2709 δόνα
2679 2658 2735 2707 ἐν
2766 2660 2830 2725 τῇ
2863 2654 3160 2724 Σεκούνδης
3210 2655 3493 2725 ἐκκλησίᾳ.
3551 2654 3643 2716 Είς
3692 2653 3897 2717 ταύτην
3922 2652 4019 2719 τὴν

2463 2762 2480 2793 ι
2528 2743 2743 2796 σύνοδον
2775 2744 2990 2812 ἤρεσεν,
3020 2744 3159 2795 ὥστε
3199 2744 3293 2795 ἕνα
3343 2744 3636 2795 ἐπίσκοπον
3671 2740 3746 2809 μὴ
3785 2741 4020 2790 ἐκδικεῖν

2465 2853 2482 2885 ι
2530 2832 2721 2885 ἐαυτοῦ
2751 2832 3059 2898 διάγνωσιν.
3110 2833 3190 2883 Τὰ
3222 2834 3587 2901 πεπραγμένα
3610 2822 3706 2898 τῆς
3737 2830 4022 2897 παρούσης

2462 2942 2479 2974 ι
2530 2924 2745 2975 συνόδου
2777 2923 2864 2975 διὰ
2900 2924 3055 2975 τοῦτο
3078 2923 3178 2975 οὐκ
3208 2923 3443 2993 ἐγράφη,
3479 2922 3660 2989 ἐπειδὴ
3709 2918 4020 2988 ἐπιχωρίως

2465 3031 2483 3063 ε
2528 3012 2621 3063 καὶ
2649 3012 2707 3061 οὐ
2740 3014 2878 3062 κατὰ
2911 3012 3091 3062 κοινοῦ
3123 3012 3575 3076 ἐπετελέσθησαν.
3612 3028 3631 3059 ι

2530 3100 2725 3151 ΒΑΛΣ.
2770 3098 2850 3149 Τὰ
2881 3101 2937 3150 ἐν
2970 3098 3044 3165 τῷ
3074 3099 3301 3166 παρόντι
3354 3098 3538 3149 κανόνι
3585 3096 3914 3162 δηλωθέντα,
3947 3096 4021 3155 ὡς

810 3186 1113 3257 specialiter
1155 3184 1379 3252 prolata,
1432 3180 1771 3249 expositione
1816 3192 1918 3231 non
1982 3183 2161 3243 egent.
2204 3165 2426 3236 QuodC
2463 3195 2477 3243 ί

2354 3165 2426 3225 *C
2463 3190 2644 3251 ίδικῶς
2678 3188 3067 3257 ἐκφωνηθέντα
3123 3165 3432 3255 ἐξηγήσεως
3479 3188 3538 3238 οὺ
3570 3186 3802 3238 δέονται.
3836 3186 3910 3236 Τὸ
3966 3186 4022 3235 δὲ

809 3290 985 3334 autem
1018 3280 1216 3331 dictum
1262 3284 1337 3328 cst
1362 3311 1378 3337 ,
1429 3286 1589 3324 unum
1630 3270 1935 3337 episcOpum
1973 3266 2072 3319 sibi
2121 3277 2226 3315 non
2257 3262 2355 3314 de-

810 3374 931 3424 bere
960 3369 1239 3423 tendicare
1261 3364 1643 3433 cognitionem,
1672 3370 1752 3412 est
1774 3357 2139 3426 accipiendum
2168 3367 2357 3408 secun-

809 3464 937 3515 dum
969 3473 1230 3512 canonem
1263 3458 1323 3507 Η
1364 3454 1641 3519 praesentis
1675 3450 1881 3518 synodi.

881 3546 1131 3601 ZONAR.
1171 3542 1241 3598 Ut
1273 3546 1336 3597 de
1364 3543 1678 3595 clericorum
1710 3539 1890 3590 causis
1916 3552 1942 3589 a
1976 3550 2072 3589 suo
2104 3534 2359 3601 cujusque

810 3640 1058 3706 episcopo
1108 3634 1225 3703 judi
1261 3642 1400 3696 etnr,
1460 3644 1600 3683 nono
1652 3640 1858 3697 quartae
1907 3625 2095 3695 synodi
2152 3636 2359 3676 canone

809 3730 1153 3784 constitutum
1181 3734 1264 3778 est
1294 3740 1307 3776 :
1345 3723 1387 3775 si
1426 3735 1572 3784 vero,
1603 3719 1679 3770 vel
1705 3717 1929 3770 clericus
1964 3728 2081 3767 eum
2114 3712 2361 3778 episcopo

809 3833 929 3880 suo,
981 3817 1061 3868 vel
1111 3816 1214 3867 duo
1258 3812 1401 3864 inter
1428 3824 1485 3863 se
1527 3809 1761 3876 episcopi
1811 3804 2081 3873 quidpiam
2128 3802 2362 3854 habeant

807 3905 1229 3965 controversiae,
1287 3913 1451 3968 penes
1502 3898 1762 3966 synodum
1818 3895 1933 3961 ejus
1981 3892 2056 3946 rei
2102 3892 2359 3958 judicium

811 4011 953 4051 esse.
981 3994 1123 4047 idem
1146 3985 1247 4046 hoc
1274 4004 1483 4043 canone
1511 3988 1721 4040 videtur
1747 4000 1865 4038 esse
1892 3984 2193 4044 sancitum;
2228 3991 2285 4032 ut
2314 3981 2360 4033 si

811 4086 916 4137 duo
952 4080 1201 4135 nimirum
1234 4082 1374 4131 inter
1406 4092 1464 4130 se
1487 4075 1721 4143 episcopi
1753 4073 1981 4141 litigent,
2002 4070 2085 4123 vel
2110 4071 2363 4123 adversus

812 4174 1117 4243 episcopum
1154 4168 1381 4221 clericus
1410 4167 1673 4219 actionem
1709 4162 1968 4222 intendat,
2017 4172 2083 4213 ne
2114 4159 2217 4211 sibi
2252 4156 2363 4224 epi-

811 4278 1002 4332 scopus
1063 4259 1332 4329 quispiam
1394 4256 1513 4325 ejus
1560 4268 1737 4309 causa:
1786 4251 2152 4320 cognitionem
2214 4249 2364 4301 solus

815 4362 1091 4417 assumat,
1130 4350 1221 4405 sed
1248 4364 1308 4403 ea
1342 4348 1409 4401 ad
1444 4347 1630 4416 synodi
1673 4341 2015 4413 provincialis
2040 4347 2362 4392 conventum

816 4445 1093 4497 referatur.

816 4532 1043 4587 AitlST.
1110 4551 1127 4584 ε
1176 4531 1327 4585 Unus
1375 4530 1655 4599 episcOpus
1707 4524 2064 4594 cognitionem
2132 4519 2231 4573 sibi
2295 4532 2361 4571 ne
2399 4519 2432 4527 '
2467 4520 2684 4573 ΑΡΙΣΓ.

1399 4634 1418 4668 ι
1461 4615 1726 4668 vendicet.
1768 4629 1787 4662 s

883 4710 998 4763 Non
1052 4718 1260 4760 tantum
1313 4705 1475 4758 unius
1524 4697 1761 4770 episcopi
1793 4699 2076 4768 judicium,
2124 4695 2217 4750 sed
2266 4706 2362 4745 nec

816 4802 924 4854 duo
958 4796 1225 4851 sufﬁciunt
1256 4797 1322 4847 ad
1369 4792 1665 4864 presbyteri
1697 4790 1781 4847 vel
1820 4789 2031 4842 diaconi
2074 4784 2363 4852 depositio-

821 4907 963 4944 nem.
990 4890 1094 4942 Sed
1122 4888 1165 4941 si
1204 4886 1489 4955 episcopus
1522 4885 1593 4939 sit
1624 4891 1929 4946 accusatus,
1962 4880 2009 4933 si
2054 4876 2207 4931 multi
2251 4872 2366 4940 epi-

817 4980 961 5045 scopi
994 4976 1282 5029 couvenire
1310 4989 1415 5027 non
1444 4980 1691 5042 possunt,
1713 4986 1741 5023 a
1768 4968 2053 5024 duodecim
2087 4963 2363 5019 minimum

817 5068 1080 5136 episcopis
1116 5062 1479 5132 jndicabitur;
1527 5062 1572 5115 si
1636 5059 1915 5128 presbyter
1951 5067 2153 5116 autem,
2193 5068 2223 5105 a
2271 5065 2366 5105 sex

818 5157 1101 5225 episcOpis,
1140 5163 1193 5208 et
1215 5168 1313 5227 suo
1342 5153 1631 5220 episcopo;
1668 5151 1751 5203 sin
1804 5158 1980 5200 autem
2022 5145 2305 5203 diaconus,
2335 5154 2364 5192 a

819 5248 986 5300 tribus
1010 5255 1062 5299 et
1092 5258 1189 5299 suo
1218 5244 1505 5311 episeopo:
1545 5238 1993 5309 quemadmodum
2024 5234 2367 5287 duodecimus

820 5350 869 5393 et
894 5339 1181 5391 vicesimus
1208 5335 1365 5404 hujus
1396 5332 1583 5403 synodi
1615 5346 1788 5385 canon
1815 5333 2072 5383 statuunt.
2108 5324 2226 5376 Non
2268 5324 2365 5390 igi-

821 5444 905 5483 tur
929 5428 1212 5497 episcopus
1244 5440 1383 5479 unus
1438 5439 1496 5477 se
1521 5423 1755 5488 Judicem
1789 5422 2079 5475 constituet
2109 5417 2158 5468 in
2182 5414 2367 5467 crimi-

822 5519 972 5569 nibus
1002 5514 1298 5584 presbyteri
1326 5521 1419 5565 aut
1443 5510 1677 5575 diaconi,
1700 5517 1753 5563 et
1776 5523 1928 5561 suum
1963 5504 2213 5558 defendet
2233 5501 2372 5569 judi-

823 5609 981 5669 cium,
1013 5618 1068 5661 et
1098 5606 1164 5660 ad
1187 5619 1320 5673 opus
1365 5604 1494 5656 illud
1524 5602 1813 5671 perducet;
1842 5599 1943 5652 nisi
1983 5595 2223 5651 accusati
2266 5596 2373 5647 sint

822 5710 852 5751 ε
873 5710 1097 5752 numero
1115 5695 1457 5758 clericorum,
1483 5690 1574 5759 qui
1596 5698 1718 5743 sunt
1740 5691 1882 5741 intra
1907 5685 2178 5737 diaconos.
2209 5679 2279 5735 De
2306 5680 2371 5735 iis

2462 3278 2623 3346 ῥηθὲν
2652 3277 2809 3345 χάριν
2838 3275 2929 3327 τοῦ
2972 3274 3048 3344 μὴ
3079 3275 3363 3327 διεκδικεϊν
3392 3274 3488 3327 ἕνα
3521 3274 3814 3324 ἐπίσκοπον
3840 3271 4023 3337 ἐαυτῷ

2458 3366 2765 3433 διάγνωσιν,
2827 3366 3127 3435 ἐκληπτέον
3180 3365 3321 3417 κατὰ
3354 3366 3445 3416 τὸν
3482 3364 3766 3417 ἑνδέκατον
3819 3364 4027 3414 κανόνα

2457 3456 2555 3523 τῆς
2606 3456 2882 3524 παρούσης
2915 3455 3151 3507 συνόδου.

2529 3545 2769 3597 ΖΩΝΛΡ.
2820 3546 2881 3595 '0
2924 3544 3145 3605 ἐννατος
3199 3544 3379 3597 κανὼν
3410 3546 3508 3611 τῆς
3541 3544 3807 3612 τετάρτης
3872 3543 4028 3593 σιρνόο

2458 3632 2547 3684 δου
2571 3635 2693 3694 τοὺς
2730 3636 3019 3702 κληρικοὺς
3056 3635 3227 3701 ὁρίζει
3282 3633 3433 3700 παρὰ
3494 3635 3607 3693 τοῖς
3651 3633 3876 3689 οἰκείοις
3910 3634 4029 3681 tm-

2461 3724 2685 3786 σκόποις
2738 3724 3077 3785 δικάζεσθαι⁸
3132 3725 3180 3776 εί
3228 3725 3283 3776 δέ
3312 3725 3572 3793 κληρικὸς
3606 3723 3741 3789 πρὸς
3773 3723 3867 3772 τὸν
3901 3723 4028 3771 ἐπί-

2460 3829 2662 3864 σκοπον
2716 3814 2879 3865 αὑτοῦ
2950 3814 3064 3882 ἔχει
3117 3814 3391 3876 ὑπόθεσιν,
3442 3814 3473 3879 ἦ
3518 3813 3819 3871 ἐπίσκοπος
3889 3810 4028 3875 πρὸς

2459 3899 2781 3961 ἐπίσκοπον,
2814 3900 2963 3966 παρὰ
2998 3904 3061 3968 τῇ
3094 3901 3295 3969 συνόδῳ
3347 3901 3445 3967 τῆς
3495 3900 3768 3967 ἐπαρχίας
3808 3897 4028 3959 δικάζέ⁴

2462 3988 2607 4041 σθαι.
2645 3988 2816 4039 Τοῦτο
2848 3984 2941 4040 οὖν
2990 3989 3134 4040 εοικε
3182 3990 3275 4041 καὶ
3300 3991 3328 4041 δ
3354 3988 3543 4058 παρὼν
3603 3987 3781 4040 κανὼν
3808 3988 4031 4039 διατάτο

2459 4077 2687 4140 τεσθσι,
2747 4077 2887 4129 ὥστε
2938 4078 3252 4129 ἐπισκόπων
3311 4078 3406 4130 δύο
3475 4079 3628 4147 δίκην
3674 4078 3929 4145 ἐχόντων,
3997 4077 4030 4143 ἢ

2461 4165 2723 4234 κληρικοῦ
2779 4166 2917 4220 κατὰ
2963 4167 3261 4220 ἐπισκόπου
3327 4169 3633 4234 ἐνάγοντος,
3685 4166 3759 4236 μὴ
3788 4167 3887 4219 ’ἐνα
3911 4166 4033 4217 ἐπί-

2465 4272 2661 4307 σκοπον
2684 4256 2866 4324 ζητεῖν
2890 4256 2985 4324 τὴν
3016 4259 3141 4326 περὶ
3195 4256 3372 4308 αὐτῶν
3404 4256 3675 4307 ποιεῖσθαι
3712 4256 4031 4321 διάγνωσιν,

2464 4344 2599 4395 ἀλλὰ
2636 4344 2733 4413 τὴν
2769 4347 2983 4398 σύνοδον
3031 4347 3129 4413 τῆς
3153 4347 3418 4413 ἐπαρχίας
3444 4346 3707 4408 δικάζειν.

2766 4538 2785 4571 s
2842 4516 2935 4583 Εἷς
2998 4524 3289 4584 ἐπίσκοπος
3363 4525 3437 4593 μὴ
3515 4523 3800 4575 ἐκδικείτω
3853 4523 4035 4589 ἐαυτῷ

3023 4630 3041 4661 ε
3085 4613 3394 4679 διάγνωσιν.
3439 4632 3455 4663 ι

2533 4699 2607 4751 Οὑ
2649 4698 2807 4766 μόνον
2832 4700 2949 4759 ἐνὸς
3006 4701 3305 4752 ἐπισκόπου
3363 4702 3681 4768 διάγνωσις,
3742 4703 3867 4755 ἀλλ’
3911 4678 4033 4755 οῖδέ

2464 4790 2557 4841 δύο
2623 4790 2946 4856 ἀρκέσουσιν
3007 4792 3087 4850 είς
3162 4789 3483 4857 καθαίρεσιν
3562 4791 3943 4861 πρεσϐυτέρου
4001 4793 4033 4861 ἢ

2463 4880 2729 4931 διακόνου.
2790 4878 2930 4928 ’Δλλ⁹
2984 4880 3033 4929 εί
3065 4878 3163 4946 μὲν
3196 4880 3492 4940 ἐπίσιεοτιός
3536 4882 3689 4933 ἐστιν
3726 4882 3755 4931 ὁ
3792 4898 4033 4949 κατηγο-

2468 4970 2753 5037 ρούμενος,
2785 4971 2832 5019 εί
2867 4969 2939 5036 μὴ
2965 4969 3190 5023 δυνατὸν
3218 4971 3449 5033 πολλοὺς
3474 4970 3758 5023 συνελθεῖν
3815 4972 4037 5024 ἐπισκό·

2467 5073 2622 5120 πους,
2662 5054 2812 5124 παρά
2847 5058 3055 5110 δώδεκα
3107 5061 3167 5110 τὸ
3207 5059 3489 5127 ἐλάχιστον
3544 5060 3867 5111 ἐπισκόπων
3916 5079 4035 5129 κρι-

2468 5148 2710 5214 θήσεταυ
2742 5148 2789 5198 εί
2846 5148 2901 5199 δέ
2958 5148 3339 5218 πρεσϐύτερος,
3392 5149 3549 5218 παρὰ
3604 5149 3663 5214 ἐξ
3720 5152 4036 5202 ἐπισκόπων

2469 5238 2566 5291 καὶ
2598 5237 2691 5288 τοῦ
2717 5236 2847 5289 ίδίου
2880 5240 3203 5289 ἐπισκόπουο
3227 5240 3353 5291 είδέ
3382 5240 3652 5302 διάκονος,
3680 5242 3834 5307 παρὰ
3863 5240 4034 5308 τριῶν

2470 5326 2691 5379 καὶτοῦ
2748 5326 2876 5377 ίδίου
2931 5328 3253 5392 ἐπισκόπου,
3314 5329 3448 5390 ὼςδ
3500 5329 3805 5389 δωδέκατος
3855 5327 4034 5381 κανὼν

2472 5421 2563 5469 καὶ
2598 5418 2626 5467 ὸ
2660 5418 2902 5475 είκοστδς
2924 5418 3020 5484 τῆς
3044 5418 3265 5470 συνόδου
3290 5419 3495 5487 ταύτης
3545 5419 4055 5488 διαλαμϐάνουσιν.-

2472 5506 2584 5559 Οὐκ
2612 5501 2702 5557 οὖν
2731 5505 3024 5568 ἐπίσκοπος
3050 5508 3128 5568 είς
3159 5507 3418 5577 δικαστὴν
3476 5511 3672 5562 ἐαυτὸν
3705 5510 3798 5561 ἐπ’
3834 5508 4038 5576 ἐγκλή-

2479 5611 2611 5664 μασι
2636 5596 2963 5663 καταστήσει
2989 5598 3361 5669 πρεσϐυτέρου
3390 5638 3403 5661 ,
3434 5599 3465 5665 ἢ
3496 5599 3749 5652 διακόνου
3771 5641 3786 5662 ,
3818 5601 3913 5651 καὶ
3942 5600 4037 5666 τὴν

2476 5683 2678 5737 οἰκείαν
2703 5684 3029 5751 διεκδικήσει
3063 5685 3371 5753 διάγνωσιν,
3409 5688 3501 5741 καὶ
3530 5689 3611 5750 είς
3647 5689 3809 5759 ἔργον
3835 5687 4038 5757 ταύτην
