4224 6440
801 409 913 469 367
2032 415 2303 477 TIIEOD.
2349 417 2469 475 BH

2349 417 2435 474 ΒΧ
2451 419 2573 476 [ΞΛ
2584 420 2740 478 ΜΘΝ
3893 420 3996 489 δῶ

881 536 1233 591 «Theodosio
1290 538 1399 592 \‘lll
1463 541 1727 595 consulih.
1765 544 1867 598 cal.
1927 544 2102 607 Maiis,
2162 546 2347 599 Cttrlh.
2382 532 2422 585 Α
2531 568 2548 600 ι

2338 587 2347 599 .
2382 532 2422 585 Α
2531 568 2548 600 ι
2604 551 2857 620 Ὀνωρίου
2884 549 3190 618 Αὐγούστου
3225 554 3283 606 τὸ
3322 554 3644 617 δωδέκατον,
3686 556 3781 607 καί
3819 556 4006 607 Θεοδο-

881 654 893 676 ι
944 631 992 680 in
1020 642 1228 683 secreto
1284 628 1465 684 Fausti
1504 634 1768 700 ecclesia),
1827 637 2047 691 Aurelio
2097 638 2350 706 cpiscolto
2531 656 2547 689 ι

2336 654 2350 690 ι
2531 656 2547 689 ι
2594 641 2711 693 σίου
2784 642 2844 692 τὸ
2927 642 3150 708 ὄγδοον,
3213 644 3321 696 τῶν
3404 645 3660 708 ὑπάτων,
3716 644 4004 706 καλάνδαις

887 741 895 757 ι
925 723 1198 774 universa:
1229 724 1430 789 synodo
1456 726 1789 791 praesidente,
1811 728 2147 781 adstantibus
2179 729 2353 782 diaco-
2530 748 2546 780 ι

2336 755 2353 770 -
2530 748 2546 780 ι
2594 731 2808 795 Μαΐαις,
2862 733 2938 793 είς
2988 733 3310 802 Καρχηδόνα
3354 736 3410 786 ὲν
3462 736 3540 804 τῷ
3587 737 3849 805 σηκρήτῳ
3904 738 4004 802 τῆς

881 833 896 859 ι
943 812 1024 865 nis
1046 830 1057 865 :
1083 813 1278 879 placuit
1303 814 1550 867 omnibus
1572 816 1834 884 episcOpis
1859 817 2105 871 Ecclesiae
2125 818 2351 873 Cartha~
2530 839 2545 869 ι

2336 849 2351 862 .
2530 839 2545 869 ι
2594 820 2833 871 Φαύστου
2880 820 3205 887 ἐκκλησίας,
3257 821 3530 889 Αὑρηλίου
3569 822 3664 874 τοῦ
3701 822 4004 874 ἐπισκόπου

882 920 896 949 ι
934 902 1191 968 ginensis,
1222 904 1274 952 in
1310 914 1492 955 Sancta
1524 904 1729 971 synodo
1755 905 2080 970 constitutis,
2116 922 2344 973 quorum
2532 931 2549 962 ι

2335 923 2344 956 I
2532 931 2549 962 ι
2597 912 2861 981 συμπάσῃ
2891 913 2953 979 τῇ
2988 910 3189 979 συνόδῳ
3227 911 3685 978 προκαθίσαντος,
3720 913 4003 978 παρεστὼ-

882 1006 898 1035 ‹
944 987 1155 1039 nomina
1206 999 1259 1041 et
1283 990 1706 1057 subscriptiones
1756 993 1971 1047 insertae
2031 1006 2172 1059 sunt,
2206 996 2350 1063 quod
2528 1022 2545 1053 ι

2335 996 2350 1047 Ι
2528 1022 2545 1053 ι
2590 1020 2695 1053 των
2744 1002 2851 1053 τῶν
2882 1001 3165 1063 διακόνων,
3222 1002 3420 1071 ἦρεσεν
3465 1004 3597 1053 πᾶσι
3634 1004 3748 1062 τοῖς
3778 1001 4002 1052 ὲπισιιό

863 1099 878 1128 ι
917 1080 1085 1131 Ᾱιίὶὶιιὶ
1120 1081 1362 1134 incrtalis
1391 1097 1417 1134 a
1450 1082 1555 1135 Deo
1583 1082 1758 1137 factus
1784 1101 1888 1137 non
1913 1096 2030 1138 est:
2068 1092 2123 1137 ut
2151 1085 2195 1140 si
2229 1086 2350 1153 quis
2530 1122 2531 1131 η

2339 1102 2350 1140 t
2530 1110 2547 1141 ι
2592 1108 2710 1154 ποις
2740 1093 2835 1158 τῆς
2880 1093 2937 1143 ὲν
2966 1091 3266 1159 Καρχηδόνι
3309 1092 3627 1159 ἐκκλησίας,
3666 1092 3797 1159 ἀγίᾳ
3853 1090 4007 1141 συνό-

878 1186 893 1215 ι
932 1170 1123 1220 dixerit
1164 1171 1546 1237 protoplastum
1584 1174 1750 1225 Adam
1818 1175 1889 1228 ita
1935 1175 2206 1228 hominem
2268 1176 2349 1229 fa—
2526 1204 2542 1234 ι

2341 1205 2349 1216 ·
2526 1204 2542 1234 ι
2593 1184 2665 1253 δῳ
2688 1176 3129 1247 καθεστῶσιν,ὧν
3153 1182 3217 1233 τά
3238 1182 3477 1251 ὀνόματα
3503 1182 3591 1233 καὶ
3614 1186 3668 1235 αί
3694 1182 4009 1251 ὑπογραφαὶ

870 1276 886 1305 ς
928 1268 1071 1309 ctum
1100 1272 1218 1310 esse
1240 1260 1538 1319 mortalem,
1572 1270 1629 1313 ut
1653 1262 1763 1315 sive
1794 1273 2053 1331 pecasset,
2082 1265 2195 1319 sive
2224 1282 2346 1328 non,
2526 1294 2538 1324 ι

2339 1306 2346 1328 ι
2526 1294 2543 1324 ι
2592 1274 2934 1341 ὲνετέθησαν,
2982 1275 3062 1326 ὅτι
3123 1274 3296 1342 Ἀδὰμ
3344 1273 3532 1341 θνητὸς
3581 1273 3689 1324 ἀπὸ
3730 1272 3825 1324 τοῦ
3872 1271 4007 1324 Θεοῦ

878 1364 893 1394 ι
954 1358 1093 1400 esset
1129 1349 1182 1400 in
1228 1363 1451 1416 corpore
1487 1354 1797 1415 moriturus,
1832 1353 1882 1405 id
1914 1364 2015 1419 est,
2062 1369 2091 1407 e
2128 1369 2349 1421 corpore
2527 1383 2544 1415 ι

2342 1372 2349 1408 ι
2527 1383 2544 1415 ι
2592 1366 2689 1417 οὑκ
2719 1366 2933 1432 ἐγένετο
2958 1381 2971 1395 ·
3002 1364 3087 1415 ἵνα
3116 1365 3264 1425 ὅστις
3305 1365 3505 1432 δήποτε
3538 1364 3670 1432 λέγῃ
3703 1363 3793 1414 τὸν
3838 1362 4010 1429 ’Δδὰμ

888 1455 903 1485 ι
952 1452 1401 1500 cxcessurns,non
1433 1450 1651 1508 propter
1680 1444 1927 1496 meritum
1985 1444 2210 1511 peccati,
2257 1444 2348 1497 se.l
2531 1475 2548 1504 ι

2342 1444 2348 1495 ί
2531 1475 2548 1504 ι
2598 1454 2687 1505 τὸν
2718 1451 3143 1521 πρωτόπλαστον
3173 1451 3460 1519 ἄνθρωπον
3490 1448 3685 1516 θνητὸν
3716 1447 4010 1515 γενόμενον

871 1546 885 1574 ι
936 1542 1029 1595 per
1067 1538 1269 1582 natura:
1300 1532 1693 1596 necessitatem,
1725 1533 1794 1587 sit
1848 1534 2153 1589 anathema.
2525 1564 2539 1595 ς

2525 1564 2545 1595 ‹
2590 1544 2783 1608 οὕτως,
2818 1542 2913 1606 ὡς,
2946 1544 3053 1594 εἴτε
3104 1542 3434 1610 ἁμαρτήσει,
3478 1541 3589 1592 εἴτε
3632 1540 3705 1608 μὴ
3746 1537 4006 1605 ἁμαρτή-

2527 1656 2545 1687 ι
2594 1652 2695 1697 σει,
2751 1631 3103 1700 τεθνήξεσθαι
3149 1635 3206 1683 ὲν
3260 1632 3340 1700 τῷ
3373 1630 3620 1698 σώματι,
3667 1627 3814 1681 τοῦτ’
3858 1627 4011 1679 εστιν

2528 1746 2544 1777 ι
2592 1726 2824 1789 ἐξελθεῖν
2848 1726 2910 1777 ἐκ
2934 1724 3025 1776 τοῦ
3050 1724 3319 1792 σώματος,
3348 1723 3423 1790 μὴ
3452 1723 3517 1789 τῇ
3545 1720 3671 1789 ἀξίᾳ
3697 1722 3794 1785 τῆς
3826 1721 4012 1787 ἀμαρο

2385 1839 2425 1891 Β
2532 1837 2550 1867 ι
2595 1809 2733 1880 τίας,
2768 1815 2903 1867 ἀλλά
2943 1817 3009 1885 τῇ
3061 1814 3277 1883 ἀνάγκη
3327 1812 3426 1880 τῆς
3485 1811 3721 1879 φύσεως,
3756 1809 4013 1876 ἀνάθεμα

2534 1929 2549 1959 ι
2595 1908 2756 1961 ἔστω.
2800 1925 2819 1958 ι

866 1984 1050 2036 ltALS.
1085 1994 1137 2038 et
1167 1985 1415 2040 ZONAR.
1451 1990 1590 2043 Deus
1610 1992 1778 2045 Adam
1810 2005 1908 2046 nec
1942 1997 2223 2050 mortalem
2263 1997 2340 2049 fe-
2529 2002 2534 2051 l

2529 2001 2721 2053 ΒΑΔΣ.
2760 1999 2854 2051 καὶ
2904 1995 3057 2049 ΖΩΝ.
3092 1996 3195 2048 Τὸν
3238 1993 3405 2062 Ἀδὰμ
3440 1997 3468 2047 6
3518 1992 3649 2054 Θεὸς
3702 1992 3762 2044 οὒ
3818 1990 4016 2059 θνητὸν

792 2076 883 2135 ιη,
924 2090 1019 2127 nec
1053 2076 1430 2141 immortalem,
1465 2081 1555 2134 sed
1583 2082 1813 2135 medium
1842 2083 1985 2137 inter
2016 2086 2343 2153 magnitudio
2457 2097 2460 2140 i

2457 2094 2707 2150 ἔπλασεν,
2743 2089 2861 2141 οὐδὲ
2898 2089 3080 2157 μέντοι
3121 2086 3416 2147 ἀθάνατον,
3450 2084 3615 2153 μέσον
3645 2083 3701 2136 δὲ
3746 2082 4013 2151 μεγέθους

795 2179 910 2218 nem
929 2176 977 2217 et
1001 2166 1376 2231 humilitatem,
1392 2178 1581 2223 etcum
1599 2185 1717 2224 eum
1737 2187 1844 2225 suae
1862 2176 2142 2240 potestatis
2157 2176 2342 2230 liberi-
2459 2202 2463 2234 ς

2459 2184 2551 2236 καὶ
2598 2180 3004 2248 ταπεινότητος,
3038 2177 3132 2229 καὶ
3180 2174 3530 2238 αὐτεξούσιον
3568 2176 3801 2243 ποιήσας
3830 2174 4017 2235 αὑτὸν,

792 2270 895 2315 que
918 2258 1123 2311 arbitrii
1143 2268 1442 2325 compotem
1474 2261 1707 2327 fecisset,
1733 2265 1933 2318 dimisit
1957 2282 1969 2325 :
1992 2276 2051 2319 ut
2071 2268 2341 2333 utrolibet,
2456 2298 2460 2325 4

2456 2278 2657 2338 εἴασεν,
2696 2274 2835 2326 ὥστε
2863 2273 3171 2342 ὁποτέρωσε
3210 2270 3416 2332 νεύσει,
3450 2269 3561 2319 εἴτε
3609 2268 3746 2335 πρὸς
3806 2268 4015 2334 ἀρετὴν

793 2350 905 2401 sive
927 2349 992 2401 ad
1024 2350 1294 2412 virtutem,
1318 2352 1428 2404 sive
1460 2355 1524 2403 ad
1560 2354 1744 2407 vitium
1778 2356 2107 2418 inclinasset.
2136 2359 2214 2413 vel
2246 2364 2346 2412 im-
2455 2386 2461 2416 ι

2455 2366 2562 2418 εἴτε
2596 2364 2732 2434 πρὸς
2780 2364 3001 2426 κακίαν,
3036 2360 3430 2431 κληρώσασθαι
3466 2358 3631 2412 αὐτὸν
3662 2359 3693 2427 ἢ
3747 2356 3849 2427 τὴν
3876 2355 4022 2409 ἀθα-

794 2441 1192 2502 mortalitatem,
1216 2443 1294 2495 vel
1332 2444 1706 2498 mortalitatem
1729 2449 2032 2501 sortiretur.
2068 2450 2177 2503 Etsi
2200 2450 2339 2503 enim
2457 2477 2462 2489 ε

2457 2460 2649 2509 νασίαν
2690 2458 2722 2526 ἦ
2766 2457 2863 2526 τὴν
2899 2456 3221 2524 θνητότητα.
3266 2453 3385 2507 Κᾶν
3416 2453 3525 2521 γὰρ
3563 2451 3743 2521 σάρκα
3772 2444 3887 2518 εἶχε
3924 2449 4019 2501 καὶ

793 2546 1008 2585 carnem
1032 2544 1155 2585 tunc
1177 2547 1387 2601 quoque
1412 2536 1633 2587 habebat
1659 2536 1837 2601 homo,
1886 2554 1990 2592 non
2014 2551 2187 2594 tamen
2215 2556 2347 2609 qua-
2454 2568 2461 2583 ι

2454 2551 2574 2601 τότε
2604 2550 2630 2600 6
2654 2550 2956 2613 ἅνθρωπος,
2986 2527 3102 2597 ἀλλ’
3132 2546 3230 2613 οὐχ
3260 2547 3377 2598 οταν
3407 2544 3525 2596 νῦν.
3560 2544 3669 2594 Καὶ
3704 2541 3859 2593 τοῦτό
3914 2558 4020 2607 φη-

795 2624 894 2675 lem
920 2638 1078 2676 nunc.
1102 2622 1166 2674 Et
1195 2626 1293 2677 hoc
1313 2626 1384 2675 ait
1402 2622 1689 2693 Gregorius
1710 2627 2009 2698 Tlteologus
2036 2646 2154 2684 cum
2176 2633 2308 2686 dicit
2331 2653 2343 2689 :
2462 2670 2463 2677 η

2462 2658 2545 2693 σιν
2587 2642 2613 2691 6
2649 2637 2912 2702 Θεολόγος
2958 2636 3282 2704 Γρηγόριος,
3329 2634 3503 2699 λέγων
3531 2650 3545 2663 ·
3581 2634 3691 2685 Καὶ
3742 2633 3869 2692 τοὺς
3897 2630 4021 2698 δερ-

796 2712 1048 2767 Pelliceas
1080 2728 1289 2782 quoque
1316 2726 1493 2768 vestes
1513 2716 1701 2780 induit,
1724 2717 1860 2772 forte
1885 2720 2188 2775 densiorem
2225 2738 2348 2775 car-
2463 2777 2464 2795 η

2463 2730 2716 2799 ματίνους
2746 2725 3105 2795 ἀμφιέννυται
3137 2724 3393 2792 χιτῶνας,
3420 2724 3548 2784 ἴσως
3576 2721 3674 2790 τὴν
3703 2720 4022 2790 παχυτέραν

795 2822 914 2861 nem
945 2814 998 2861 et
1037 2807 1314 2860 mortalem
1343 2815 1397 2859 et
1424 2809 1781 2861 resistentem.
1814 2810 1987 2875 Quare
2017 2824 2140 2866 ante
2174 2825 2350 2868 trans-

2464 2820 2641 2887 σάρκα
2693 2818 2786 2870 καὶ
2828 2814 3026 2885 θνητὴν
3063 2816 3159 2866 καὶ
3201 2814 3515 2867 ἀντίτυπον.
3551 2812 3710 2865 Ὥστε
3766 2810 3873 2880 πρὸ
3917 2811 4021 2877 τῆς

795 2896 1127 2966 gressionem
1179 2911 1276 2950 nec
1311 2897 1472 2950 densa
1501 2906 1762 2950 eratcaro
1783 2900 1997 2961 Adami,
2028 2915 2127 2954 nec
2156 2913 2345 2955 natura
2460 2930 2463 2942 ι

2460 2907 2827 2977 παραϐάσεως
2878 2905 3001 2957 οὔτε
3060 2907 3258 2971 παχεῖα
3307 2899 3375 2973 ἦν
3422 2906 3452 2973 ἡ
3512 2903 3651 2972 σάρξ
3708 2903 3786 2972 τῷ
3822 2902 4022 2969 ’Δδάμ,

799 2988 1054 3041 mortalis.
1087 2986 1319 3041 Fuerunt
1350 2998 1526 3042 autem
1566 2989 1657 3057 qui
1697 2990 1934 3049 diceccnt
1958 3005 2079 3044 eum
2127 3000 2181 3045 et
2211 3008 2351 3046 tnor-
2460 3020 2467 3050 ι

2460 3000 2583 3053 οὔτε
2620 2999 2779 3066 φύσει
2823 2997 3013 3066 θνητή.
3050 2992 3228 3048 Ἦσαν
3252 2996 3296 3049 δ’
3326 2997 3374 3049 oi
3408 2995 3659 3062 λέγοντες
3693 2995 3774 3048 ὅτι
3824 2992 4024 3064 θνητὸς

797 3079 957 3132 talem
984 3080 1050 3132 ab
1084 3078 1236 3131 initio
1274 3079 1472 3131 factum
1501 3093 1642 3142 esse,
1678 3087 1731 3132 et
1781 3080 2099 3134 moriturum
2164 3084 2346 3147 fuisse,
2462 3114 2465 3140 ι

2462 3093 2519 3156 ἐξ
2556 3092 2735 3162 ἀρχῆς
2772 3089 3021 3157 ἐπλάσθη
3044 3088 3137 3141 καὶ
3154 3089 3334 3152 θανεῖν
3359 3087 3573 3157 ἔμελλε,
3610 3088 3715 3140 κᾶν
3744 3087 3823 3157 μὴ
3871 3103 4024 3155 παρ-

794 3169 1005 3223 etiamsi
1035 3171 1347 3223 mandatum
1388 3185 1491 3221 non
1524 3180 1665 3223 esset
1704 3182 2069 3242 transgressus
2126 3191 2137 3225 :
2164 3183 2217 3227 et
2249 3190 2355 3227 non
2382 3171 2425 3232 C

2382 3171 2425 3232 C
2464 3187 2562 3252 ἑϐη
2624 3187 2747 3253 Ιτὴν
2830 3184 3077 3247 ἐντολὴν,
3130 3186 3225 3236 καὶ
3276 3184 3398 3251 οὐχὶ
3453 3182 3541 3234 διὰ
3591 3182 3690 3250 τὴν
3741 3181 4024 3251 ἁμαρτίαν

797 3270 1015 3330 prepter
1040 3271 1317 3329 peccatum
1350 3261 1650 3326 ingressam
1679 3278 1798 3316 esse
1829 3274 2080 3327 mortem,
2115 3267 2204 3318 sed
2230 3280 2356 3334 pro-
2462 3296 2465 3323 ι

2462 3273 2779 3341 ἐπεισῆλθεν
2809 3274 2835 3324 6
2866 3271 3112 3335 Θάνατος,
3145 3272 3277 3323 ἀλλὰ
3314 3272 3401 3323 διὰ
3428 3271 3527 3338 τὴν
3568 3271 3731 3337 φύσιν
3762 3267 4024 3337 τοιαύτην

797 3367 914 3416 pter
954 3361 1223 3413 naturam,
1259 3365 1378 3419 qua:
1427 3351 1525 3404 fuit
1562 3352 1684 3405 talis
1723 3354 1790 3405 ab
1824 3354 1996 3407 initio.
2052 3354 2156 3407 Eos
2206 3370 2356 3423 ergo,
2459 3380 2465 3392 ι

2352 3396 2356 3411 .
2459 3364 2746 3429 γεγονυῖαν
2793 3360 3055 3430 ἀρχῆθεν,
3082 3360 3203 3411 Τῶν
3248 3357 3341 3413 οὖν
3377 3360 3549 3413 ταῦτα
3590 3359 3940 3429 φρονούντων
3969 3359 4020 3409 οί

798 3443 887 3508 qui
920 3442 992 3494 ita
1023 3442 1280 3505 sentiunt,
1335 3439 1491 3508 hujus
1534 3443 1721 3511 synodi
1781 3442 1967 3497 Patres
2020 3445 2358 3498 anathemate
2456 3470 2466 3486 -

2456 3454 2554 3520 τῆς
2588 3452 2803 3503 συνόδου
2833 3451 3035 3520 ταύτης
3068 3451 3307 3521 Πατέρες
3338 3450 3781 3521 κατεψηφίσαντο
3803 3450 3865 3501 τὸ
3894 3448 4026 3502 ἀνά-

802 3532 1147 3584 damnarunt.
2462 3542 2619 3604 θεμα.

804 3621 1030 3676 ARIST.
1070 3641 1088 3670 ι
1130 3621 1231 3686 Qui
1261 3620 1645 3691 prot0plastutn
1666 3623 1827 3676 etiam
1859 3624 1973 3678 sine
2000 3636 2218 3692 peccato
2266 3640 2359 3692 per
2462 3664 2472 3688 λ

2462 3636 2682 3689 ΔΙἸΣΤ.
2754 3654 2772 3685 ι
2829 3636 2885 3689 '0
2930 3638 3021 3688 τὸν
3064 3636 3490 3705 πρωτόπλαστον
3530 3630 3875 3701 δογματίζων
3932 3631 4027 3682 καὶ

877 3730 895 3762 ι
932 3721 1135 3765 natura:
1159 3713 1536 3766 necessitatem
1572 3715 1893 3767 moriturum
1935 3712 2104 3769 fuisse
2138 3716 2353 3781 asserit,
2539 3745 2545 3773 ι

2539 3743 2555 3774 ι
2606 3725 2726 3793 δίχα
2757 3724 2856 3792 τῆς
2887 3726 3160 3794 ἀμαρτίας
3186 3725 3605 3793 τεθνηξόμενον,
3643 3722 3731 3775 διὰ
3770 3721 4025 3788 ἀνάγκην

876 3822 893 3853 ι
935 3805 1218 3856 anathema
1251 3802 1337 3856 sit.
1373 3822 1392 3853 ι
2542 3844 2544 3856 .

2542 3835 2559 3865 ι
2600 3816 2698 3882 τῆς
2730 3816 2965 3883 φύσεως,
3002 3818 3116 3886 ήτω
3147 3818 3455 3882 ἀνάθεμα.»

1233 3938 1415 4017 ,646
1460 3939 1688 3995 canon
1744 3940 1904 3995 cxn.

1779 3940 1904 3995 lel.
3035 3948 3274 4000 ΚΑΝΩΝ
3306 3948 3447 4000 PIB'.

807 4077 824 4107 ι
866 4058 1015 4123 Quod
1045 4056 1278 4111 infantes
1309 4057 1361 4108 in
1412 4066 1751 4124 peccatorum
1788 4056 2156 4111 remissionem
2186 4055 2359 4125 bapti-
2467 4080 2475 4107 ι

2467 4080 2484 4107 ι
2527 4059 2648 4110 Ὀτι
2680 4057 2746 4109 τά
2775 4051 2948 4126 μυίρά
2977 4058 3054 4118 εἰς
3078 4057 3270 4123 ἄφεσιν
3309 4054 3595 4124 ἁμαρτιῶν
3643 4054 4027 4123 βαπτίζονται.

879 4172 894 4202 ι
932 4149 1422 4217 zantur._Similiter
1448 4148 1663 4217 placuit,
1685 4158 1742 4201 ut
1762 4149 2068 4217 quicunque
2090 4162 2281 4217 parvos
2305 4158 2360 4202 et
2538 4168 2547 4198 ι

2538 4168 2555 4198 ι
2612 4148 2845 4217 Ὀμοίως
2878 4148 3095 4217 ἤρεσεν,
3126 4147 3211 4198 ἵνα
3237 4146 3591 4213 ὁστισδήποτε
3626 4145 3693 4196 τά
3727 4146 3907 4213 μικρά
3935 4148 4029 4196 καὶ

880 4263 895 4292 ι
925 4258 1112 4296 recens
1141 4252 1291 4294 natos
1316 4240 1549 4293 infantes
1576 4242 1642 4291 ab
1674 4251 1827 4292 utero
1855 4241 2043 4292 matris
2069 4239 2353 4306 baptizan-
2541 4265 2548 4293 ι

2541 4262 2558 4295 ι
2605 4243 2926 4310 νεογέννητα
2981 4242 3045 4293 ὲκ
3098 4241 3206 4292 τῶν
3270 4239 3557 4308 γαστέρων
3604 4236 3712 4291 τῶν
3772 4238 4028 4307 μητέρων

867 4352 882 4382 ι
932 4333 1025 4386 dos
1049 4346 1167 4384 csse
1194 4338 1386 4399 negat,
1417 4330 1500 4382 vel
1532 4329 1661 4383 dicit
1691 4330 1742 4382 in
1773 4330 2139 4383 remissionem
2168 4342 2360 4395 pecca-

2542 4355 2559 4386 ι
2608 4334 2979 4403 βαπτιζόμενα
3039 4335 3326 4403 ἀρνεῖται,
3388 4332 3421 4401 ἢ
3478 4330 3624 4398 λέγει
3693 4332 3772 4391 είς
3833 4333 4031 4397 ἀφεσιν

864 4444 879 4472 ι
927 4434 1098 4475 torum
1160 4421 1443 4488 baptizari,
1475 4436 1577 4474 non
1607 4430 1782 4473 autem
1801 4434 1866 4473 ex
1917 4420 2071 4488 primi
2124 4419 2360 4486 parentis
2396 4488 2429 4494 _

2396 4488 2429 4494 _
2541 4446 2559 4476 ‹
2608 4425 2891 4494 ἁμαρτιῶν
2936 4423 3074 4476 αὐτὰ
3116 4423 3498 4494 βαπτίζεσθαι,
3532 4421 3700 4491 μηδὲν
3744 4420 3800 4473 δὲ
3839 4423 3904 4472 ἐκ
3935 4422 4032 4488 τῆς

870 4535 884 4561 ι
925 4513 1093 4566 Adam
1114 4520 1331 4580 peccato
1353 4512 1644 4579 quidquam
1660 4511 1891 4573 trahere,
1919 4508 2059 4577 quod
2078 4507 2268 4561 debeat
2287 4507 2365 4558 la-
2396 4488 2439 4542 Ῐ)

2396 4488 2439 4542 D
2544 4536 2561 4565 ι
2608 4488 2741 4567 τοῦ-
2776 4514 2944 4581 Ἀδάμ
2994 4488 3172 4566 ἕλκε-ιν
3242 4488 3915 4580 προγονικῆςνάμαρτίας
3976 4512 4035 4561 τὸ

875 4626 890 4653 ι
932 4620 1089 4658 vacro
1126 4602 1543 4671 regenerationis
1592 4600 1807 4670 purgari
1846 4599 2010 4671 (unde
2039 4608 2125 4655 est
2172 4613 2363 4653 conse-

2547 4625 2563 4655 ι
2611 4604 2823 4670 ὀφεῖλον
2854 4602 3196 4671 καθαρθῆναι
3250 4600 3328 4669 τῷ
3366 4601 3575 4669 λουτρῷ
3630 4599 3731 4667 τῆς
3765 4600 4037 4664 παλιγγε-

868 4716 884 4747 ι
928 4712 1115 4765 quens,
1133 4696 1274 4765 quod
1293 4696 1343 4747 in
1362 4695 1445 4748 his
1470 4693 1637 4747 forma
1662 4691 1996 4761 baptismatis
2019 4691 2071 4743 in
2090 4690 2365 4744 remissio-

2547 4712 2563 4743 ι
2609 4691 2789 4754 νισίας
2822 4691 2964 4759 (ὅθεν
2990 4691 3197 4757 γίνεται
3231 4690 3521 4741 ἀκόλουθον
3553 4689 3633 4741 ὅτι
3677 4691 3737 4739 ὲν
3773 4690 3986 4748 τούτοις
4008 4688 4036 4738 6

876 4808 891 4837 ι
955 4799 1072 4840 nem
1099 4793 1431 4855 peccatorum
1453 4800 1554 4837 non
1585 4797 1729 4847 vera,
1751 4783 1843 4837 sed
1862 4782 1981 4836 ﬁcta
2008 4782 2360 4850 intelligitur),

2547 4803 2563 4833 ι
2610 4783 2775 4843 τύπος
2806 4783 2897 4833 τοῦ
2944 4784 3023 4841 εἰς
3079 4780 3273 4847 ἄφεσιν
3318 4778 3602 4848 ἁμαρτιῶν
3652 4777 4036 4846 βαπτίσματος

878 4897 893 4927 ‹
934 4879 1005 4932 sit
1048 4877 1330 4929 anathema
1370 4893 1383 4928 :
1432 4876 1683 4944 quoniam
1730 4888 1836 4927 nou
1870 4873 2024 4926 aliter
2072 4872 2366 4939 intelligere

2365 4897 2366 4903 η
2548 4892 2564 4922 ι
2612 4874 2711 4924 οὐκ
2743 4870 3129 4939 ἁληθὴς,ἁλλά
3185 4870 3419 4929 πλαστὸς
3477 4866 3725 4936 νοεῖται),
3779 4867 4033 4936 ἀνάθεμα

877 4989 892 5018 ι
937 4978 1145 5037 oportet
1172 4968 1311 5037 quod
1335 4968 1399 5021 ab
1425 4966 1676 5035 Apostolo
1692 4966 1893 5019 dictum
1911 4972 2044 5026 σεεμ
2075 4963 2173 5016 Per
2199 4978 2364 5016 unum

2549 4982 2565 5012 ι
2615 4962 2698 5030 εἴη
2727 4977 2739 4991 ’
2776 4960 2961 5029 ἐπειδὴ
2984 4961 3083 5011 οὐκ
3108 4960 3280 5021 άλλως
3309 4961 3392 5011 δετ
3421 4962 3611 5029 νοῆσαι
3653 4960 3712 5012 τὸ
3743 4961 4037 5028 είρημένον

876 5078 893 5106 ι
939 5060 1203 5112 hominem
1237 5056 1800 5126 peccatnmiintroivit
1851 5057 1903 5109 in
1963 5053 2263 5117 mundum,
2317 5063 2372 5106 et

2366 5090 2372 5105 .
2551 5070 2568 5101 ι
2612 5053 2688 5118 τῷ
2729 5049 3056 5117 Ἀποστόλῳ,
3095 5067 3112 5099 ι
3148 5049 3226 5100 Δι’
3261 5050 3378 5111 ἐνὸς
3402 5038 3695 5119 ἀνθρώπου
3717 5051 3751 5118 ὴ
3786 5049 4034 5117 ἁμαρτία

873 5171 888 5201 ι
929 5165 1020 5216 per
1052 5160 1329 5217 peccatum
1359 5163 1525 5213 mors,
1565 5158 1618 5203 et
1652 5149 1729 5202 sic
1783 5148 1835 5201 in
1882 5162 2071 5201 omnes
2124 5146 2371 5199 homines

2368 5178 2371 5193 .
2552 5160 2569 5190 ι
2616 5139 2863 5209 εἰσῆλθεν
2892 5140 2970 5200 είς
3008 5139 3100 5190 τὸν
3132 5139 3357 5207 κόσμον,
3384 5142 3478 5191 καὶ
3506 5140 3593 5191 διά
3636 5140 3734 5207 τῆς
3758 5138 4036 5207 ἁμαρτίας

887 5261 902 5291 ι
944 5240 1201 5309 pervasit,
1234 5240 1287 5293 in
1318 5256 1424 5309 quo
1462 5255 1649 5296 omnes
1686 5246 2043 5309 peccaverunt
2081 5236 2168 5289 ἰι
2211 5254 2229 5287 ι
2266 5235 2371 5289 nisi
2551 5257 2555 5278 ε

2368 5268 2371 5286 ι
2551 5254 2567 5283 ι
2613 5234 2641 5285 6
2696 5233 2943 5296 θάνατος,
2995 5232 3085 5282 καὶ
3119 5230 3292 5292 οὕτως
3338 5232 3417 5291 είς
3471 5231 3680 5292 πάντας
3712 5231 4036 5300 ἀνθρώπους

885 5422 929 5452 ³⁸
966 5421 1124 5475 Rom.
1162 5436 1213 5486 ν,
1249 5420 1335 5473 12.

2024 5530 2211 5591 Guill.
2246 5528 2563 5603 Beveregii
2607 5534 2798 5587 nota).

810 5666 940 5719 rint.
970 5660 1322 5714 Massalianos
1352 5666 1529 5711 autem
1564 5655 1821 5708 Euchitas
1857 5653 2032 5705 dictos
2054 5665 2175 5705 esse
2234 5648 2367 5700 ηπ-

2478 5648 2933 5719 μενονηΕὑχίτας-
2952 5648 3118 5716 δηλοῖ·
3156 5645 3290 5719 πολῷ
3316 5646 3425 5715 γάρ
3460 5646 3587 5715 παρ’
3602 5645 3803 5719 ἀὐτοῖς
3856 5642 3913 5696 τὸ
3942 5644 4040 5713 τῆς

814 5712 1137 5798 ἱιὶέιίιίςὶίιιυε
1169 5729 1330 5779 etiam
1375 5726 1616 5798 tradidit,
1637 5733 1717 5798 et_
1733 5724 1997 5798 rationem
2032 5720 2361 5798 ’θήγει-θῇς
2472 5712 2634 5787 εὐχῆς
2664 5712 2857 5787 ὄνομα.
2892 5712 3221 5784 Harinenop.
3245 5716 3311 5769 de
3344 5712 3479 5769 sect.
3512 5712 3561 5769 c.
3593 5712 3679 5768 18.

813 5788 1085 5865 τυαιιιζτδ
1112 5799 1168 5851 δὲ
1196 5798 1303 5851 τῶν
1360 5792 1758 5849 Μασσαλιανῶν
1797 5792 1965 5861 δνομα
2029 5788 2360 5857 ὲξελληνιζό‹
