4224 6440
262 387 362 450 369

330 516 348 544 ε
396 498 628 565 διῆλθεν,
654 502 708 551 ἐν
737 494 780 566 ᾧ
808 502 1003 563 πάντες
1031 505 1298 571 ἥμαρτον,
1323 505 1368 554 εἰ
1399 503 1473 571 μὴ
1500 502 1557 553 δν
1590 503 1788 569 τρόπον
1822 507 1865 559 Α

329 603 346 632 ι
392 586 713 655 ήκαθολικὴ
765 591 1049 658 Ἐκκλησία
1091 595 1121 659 ἡ
1167 592 1435 659 πανταχοῦ
1468 590 1793 658 διακεχυμέ-

328 692 347 723 ο
395 695 458 744 νη
486 695 543 729 τε
577 682 666 730 καὶ
700 681 989 750 ήπὶωμένη
1022 683 1107 734 ἀεὶ
1151 685 1388 750 ἐνόησεν.
1412 684 1508 735 Διά
1555 683 1661 749 γὰρ
1710 684 1796 733 τὸν

322 784 341 814 ι
387 772 583 819 κανόνα
630 769 814 820 τοῦτον
854 771 954 838 τῆς
1006 773 1240 833 πίστεως
1288 774 1377 823 καὶ
1405 773 1452 823 οί
1510 773 1715 839 μικροὶ,
1747 774 1794 823 οι

324 875 341 905 ι
393 858 555 923 μηδὲν
584 859 989 927 ἁμαρτημάτων
1020 864 1097 923 εἰς
1132 864 1350 923 ἑαυτοὺς
1375 862 1453 913 ἔτι
1480 863 1585 930 μὴν
1611 863 1793 929 πλημ-

320 965 337 992 ‹
390 946 570 1010 μελεῖν
603 948 904 1013 δυνάμενοι,
942 951 1019 1011 είς
1056 952 1247 1014 ἀρεσιν
1293 949 1576 1018 ἁμαρτιῶν
1606 952 1793 1018 ἀληθι-

317 1052 334 1080 ι
384 1034 488 1094 νῶς
541 1035 933 1103 βαπτίζονται·
977 1041 1062 1091 ἵνα
1096 1040 1340 1107 καθαρθῇ
1394 1043 1449 1091 ὲν
1484 1042 1665 1101 αὐτοῖς
1709 1039 1795 1090 διά

316 1140 331 1168 ⁴
383 1122 482 1188 τῆς
532 1124 969 1190 παλιγγενεσίας,
1003 1130 1138 1196 ὅπερ
1171 1129 1426 1181 εἵλκυσαν
1460 1132 1523 1181 ἐκ
1553 1129 1648 1195 τῆς
1692 1129 1791 1193 ἀρ-

314 1229 333 1259 ε
383 1215 709 1276 χαιογοιιίας.
750 1234 766 1265 ι

312 1302 508 1353 ΒΑΛΣ.
546 1306 637 1355 καὶ
671 1307 819 1359 ΖΩΝ.
854 1308 1073 1374 Ἔλεγον
1107 1325 1247 1369 τινες
1277 1310 1343 1361 τά
1387 1308 1576 1374 νεογνά
1607 1306 1790 1357 παιδία

239 1388 313 1458 μὴ
360 1392 440 1451 εἰς
477 1393 667 1458 ἄφεσιν
727 1396 1006 1463 ἁμαρτιῶν
1058 1397 1447 1464 βαπτίζεσθαι·
1509 1399 1639 1465 μηδὲ
1688 1398 1793 1465 γάρ

234 1477 386 1543 ἔχειν
421 1481 559 1531 αὐτὰ
595 1484 886 1550 ἁμαρτίας,
924 1486 1041 1536 ἐπεὶ
1082 1488 1215 1554 μηδὲ
1268 1488 1571 1554 πεφύκασιν
1600 1490 1786 1555 ἁμαρ·

232 1572 442 1631 τανειν,
480 1571 557 1623 ἔτι
603 1573 675 1638 μὴ
708 1573 895 1641 ἔχοντα
922 1576 1190 1644 διάκρισιν
1228 1576 1317 1628 τοῦ
1360 1576 1527 1628 καλοῦ
1564 1578 1656 1629 καὶ
1699 1576 1792 1627 τοῦ

231 1660 499 1725 χείρονος.
556 1661 722 1713 Τοῦτο
788 1658 879 1713 οῦν
932 1664 1261 1731 ἀπαγορεύει
1317 1668 1347 1732 ἡ
1414 1666 1647 1727 σύνοδος,
1703 1666 1792 1715 καὶ

231 1744 363 1807 τοῦς
403 1750 728 1816 φρονοῦντας
772 1751 933 1813 οὕτω,
968 1754 1062 1803 καὶ
1091 1753 1346 1819 λέγοντας
1394 1756 1465 1822 μή
1514 1772 1564 1805 τι
1601 1756 1663 1805 ὲκ
1697 1755 1793 1820 τῆς

230 1838 328 1888 τοῦ
372 1838 542 1902 Ἀδὰμ
570 1841 895 1906 προγονικῆς
936 1842 1209 1908 ἁμαρτίας
1239 1845 1551 1909 ὲρέλκεσθαι
1580 1847 1703 1904 τοὺς
1736 1846 1791 1907 ἐξ

230 1928 469 1987 ἐκείνου,
498 1927 637 1979 ὥστε
688 1930 1002 1995 καθάρσεως
1036 1932 1249 1984 δέεσθαι
1298 1934 1394 2000 τῆς
1439 1936 1500 1985 ἐκ
1529 1936 1619 1986 τοῦ
1650 1937 1792 1987 θείου

230 2015 463 2083 λουτροῦ
510 2016 602 2068 τοῦ
648 2017 1018 2085 βαπτίσματος
1066 2022 1133 2071 τὰ
1178 2023 1386 2085 παιδία,
1430 2026 1661 2075 ποιεῖται
1692 2026 1794 2076 ὑπὸ

228 2102 508 2171 ἀνάθεμα,
539 2104 773 2172 λέγουσα
822 2108 904 2159 ὅτι
948 2109 1008 2159 ὲκ
1038 2110 1227 2161 τούτου
1257 2111 1543 2164 ἀκολουθεῖ
1566 2114 1624 2164 τὸ
1653 2115 1791 2165 νοεῖ⁸

230 2189 381 2255 σθαι,
420 2193 495 2251 ὡς
531 2192 559 2243 ὁ
590 2193 756 2255 τύπος
788 2194 879 2246 τοῦ
910 2198 986 2257 si;
1018 2196 1209 2264 ἄφεσιν
1244 2200 1523 2266 ἁμαρτιῶν
1602 2200 1794 2265 βαπτί-

237 2298 453 2347 σματος
489 2282 589 2335 οὐκ
644 2285 846 2353 ἀληθής
896 2289 1061 2351 εστιν,
1122 2289 1253 2341 ἀ).λά
1281 2290 1681 2359 πεπλασμένος,
1738 2294 1794 2343 ὲν

236 2372 447 2434 τούτοις
468 2376 578 2436 τοῖς
605 2380 836 2444 νεογνοῖς
868 2378 1089 2446 δηλαδή.
1109 2375 1238 2432 Εἶτα
1271 2383 1364 2432 καὶ
1390 2382 1788 2445 κατασκευάζει

229 2462 321 2512 τον
354 2464 558 2515 οἰκεῖον
587 2466 761 2531 λόγον,
796 2470 1021 2536 χρήσεις
1073 2471 1135 2521 ὲκ
1182 2470 1271 2521 τοῦ
1309 2471 1542 2538 μεγάλου
1578 2472 1788 2526 Παύλου

233 2553 583 2617 παράςουσα.
638 2558 759 2619 Πῶς
806 2558 935 2627 γὰρ,
989 2562 1173 2625 φησὶν,
1224 2563 1395 2624 ἄλλως
1441 2566 1654 2630 νοητέον
1708 2565 1787 2624 τὸ,

229 2645 307 2694 Δι’
335 2644 477 2708 ἐνὸς
510 2644 822 2712 ἀνθρώπου
874 2649 1159 2714 εἰσῆλθεν
1202 2654 1237 2718 ἡ
1285 2654 1539 2719 ἁμαρτία
1568 2657 1654 2718 εἰς
1687 2655 1791 2706 τὸν

230 2734 487 2801 κόσμον,
520 2736 618 2787 καὶ
663 2736 759 2789 διὰ
819 2738 926 2802 τῆς
975 2740 1259 2806 ἁμαρτίας
1308 2745 1339 2794 ό
1392 2743 1662 2808 θάνατος,
1696 2746 1791 2797 καὶ

227 2826 420 2888 οὕτως
447 2829 533 2890 εἰς
561 2828 785 2891 πάντας
812 2830 1157 2896 ἀνθρώπους
1186 2832 1449 2899 διῆλθεν.
1475 2837 1542 2887 ἐν
1571 2831 1618 2901 ᾧ
1649 2841 1793 2888 πάν-

226 2935 326 2979 τες
350 2918 623 2983 ἥμαρτον
654 2922 701 2970 εί
735 2921 806 2987 μὴ
836 2920 908 2981 ὠς
934 2922 1117 2988 ἐνόησε
1139 2924 1293 2985 τοῦτο
1327 2925 1357 2991 ἠ
1382 2925 1638 2996 καθολικὴ
1676 2929 1791 2978 Ἑκ-

225 3007 452 3071 κ).ησῖα,
486 3008 518 3073 ή
553 3007 823 3074 πανταχοῦ
850 3011 1209 3077 διακεχυμένη
1255 3030 1311 3062 τε
1343 3014 1433 3064 καὶ
1468 3015 1789 3085 ήπ).ωμὲνη,

1244 400 1322 457 IN
1363 397 1523 456 CAN.
1562 397 1749 456 CXIII
1792 396 1994 457 CONC.
2038 397 2402 455 CAR'i‘llAG.

3334 396 3435 458 370

1969 519 1985 549 ι
2022 501 2465 567 quemadmodum
2492 500 2749 556 catholica
2778 501 3008 557 Ecclesia
3037 542 3051 564 ,
3076 516 3192 570 quas
3242 501 3434 569 ubique.

1981 609 1997 640 ι
2035 590 2221 642 diD‘usa
2254 600 2333 641 cst
2360 599 2412 641 et
2434 590 2654 656 simplex
2684 630 2698 654 ,
2732 606 2939 658 semper
2984 592 3260 645 intellexit.
3308 590 3436 645 Pro-

1982 698 1998 728 ‹
2033 688 2147 741 pter
2172 678 2309 729 hanc
2338 677 2475 730 enim
2521 678 2637 730 ﬁdei
2670 680 2900 747 regulam
2929 679 3167 733 infantes
3204 694 3434 747 quoque,

1979 786 1994 816 ‹
2035 768 2121 831 qui
2161 767 2359 818 nullum
2394 783 2457 819 ex
2490 783 2545 821 se
2564 778 2838 835 peccatum
2880 771 3213 823 committere
3254 778 3436 836 polnco

1980 876 1995 904 ‹
2038 865 2178 917 runt,
2213 871 2335 908 vere
2367 856 2417 908 in
2466 870 2803 921 peccatorum
2859 857 3219 909 remissionerr
3272 858 3439 924 bapti-

1987 964 2003 993 ι
2038 955 2249 1008 zantur,
2310 954 2365 995 ut
2417 960 2510 1013 per
2564 946 3015 1012 regenerationem
3082 944 3132 995 in
3188 945 3264 995 cis
3318 959 3437 996 tere

1974 1053 1991 1083 ι
2025 1034 2327 1097 mundetur,
2361 1034 2499 1100 quod
2556 1032 2621 1085 ab
2668 1032 2879 1085 antinua
2921 1032 3123 1099 origine
3160 1042 3438 1086 contraxe-

1975 1142 1990 1171 ι
2038 1133 2176 1176 runt.
2226 1144 2242 1174 ι

1969 1297 2161 1351 BALS.
2194 1308 2244 1350 ct
2275 1298 2518 1351 ZONAR.
2554 1300 2802 1352 Dicebant
2827 1300 3039 1365 quidam
3070 1340 3082 1361 ,
3121 1316 3304 1352 recens
3348 1317 3440 1351 nr.-

1902 1397 1980 1437 tos
2016 1386 2247 1439 infames
2276 1387 2327 1438 in
2364 1388 2728 1440 remissionem
2757 1398 3097 1454 peccatorum
3132 1402 3235 1439 non
3272 1390 3444 1454 hapti-

1899 1477 2009 1528 zari
2044 1493 2057 1529 :
2092 1490 2182 1529 eos
2206 1478 2347 1529 enim
2381 1492 2482 1529 non
2512 1478 2706 1530 habere
2740 1488 3009 1544 peccatum
3036 1516 3049 1539 ,
3084 1492 3199 1528 cum
3235 1492 3323 1545 per
3349 1494 3442 1528 na-

1902 1578 2074 1619 turam
2099 1569 2273 1620 adhuc
2306 1582 2525 1633 peccare
2556 1584 2661 1621 non
2693 1570 2915 1636 possint,
2952 1578 3009 1621 ut
3038 1570 3124 1636 qui
3176 1569 3367 1621 bomnn
3396 1578 3444 1620 t-t

1900 1658 2092 1709 malum
2123 1657 2426 1710 discernere
2452 1668 2738 1725 nequeant.
2773 1658 2879 1711 lloc
2909 1673 3032 1724 ergo
3062 1658 3306 1724 prohibet
3354 1674 3440 1724 sy-

1900 1749 2089 1810 nodus,
2120 1755 2171 1800 et
2196 1762 2306 1809 cos,
2334 1749 2422 1814 qui
2454 1748 2521 1800 ita
2554 1750 2808 1809 sentiunt,
2854 1757 2906 1800 et
2949 1750 3127 1800 dicunt
3174 1748 3287 1800 illos
3316 1787 3328 1807 ,
3358 1751 3444 1813 qui

1828 1819 1865 1868 Β
1894 1840 1959 1890 ah
1984 1840 2097 1905 ipso
2132 1841 2537 1917 descenderunt,
2568 1840 2693 1892 nihil
2726 1856 2786 1893 ex
2821 1840 2973 1906 primi
3006 1839 3240 1907 parentis
3280 1842 3442 1889 Adam

1895 1937 2111 1994 peccato
2144 1929 2378 1990 trahere,
2407 1937 2463 1981 ut
2526 1927 2761 1981 infantes
2827 1943 2888 1981 ex
2956 1935 3142 1981 sancto
3198 1928 3443 1993 baptismi

1897 2017 2107 2069 lavacro
2133 2018 2473 2070 mundationc
2503 2032 2634 2084 opus
2686 2019 2935 2080 habeant,
2961 2018 3284 2073 anathemati
3318 2019 3446 2069 sul.-

1889 2106 2026 2174 jicit,
2057 2108 2257 2169 dicens,
2280 2110 2421 2176 quod
2449 2123 2509 2161 ex
2543 2111 2642 2163 hoc
2668 2124 3003 2178 consequens
3023 2119 3106 2163 cst
3126 2110 3440 2176 intelligere,

1893 2198 2033 2265 quod
2059 2197 2226 2250 forma
2264 2199 2600 2266 baptismatis
2623 2200 2672 2251 in
2708 2200 3074 2251 remissionem
3107 2208 3439 2265 peccatorum

1894 2300 1995 2337 non
2033 2297 2112 2339 est
2145 2300 2292 2351 vera,
2326 2288 2417 2340 sed
2458 2288 2602 2347 (icta,
2634 2289 2685 2339 in
2739 2288 2821 2340 his
2872 2287 3076 2339 scilicet
3134 2286 3444 2341 infantibus.

1895 2374 2092 2429 Deinde
2124 2394 2273 2431 suam
2306 2393 2514 2445 quoque
2544 2380 2804 2431 rationem
2843 2378 3147 2440 confirmat,
3172 2391 3233 2429 cx
3258 2394 3445 2441 magno

1891 2465 2057 2520 Paulo
2092 2470 2404 2520 sententiam
2452 2468 2740 2543 adlucens.
2792 2471 3065 2533 Quomodo
3117 2469 3297 2530 enim,
3364 2469 3444 2518 iu-

1896 2560 2027 2625 qnit,
2063 2559 2214 2611 aliter
2256 2566 2337 2612 est
2369 2559 2786 2625 intelligendum,
2835 2560 2975 2623 quod
3027 2568 3297 2625 peccatum
3357 2576 3435 2622 pet

1895 2666 2053 2701 unum
2081 2649 2334 2701 hominem
2365 2650 2655 2715 ingressum
2682 2658 2753 2701 est
2786 2651 2836 2701 in
2869 2651 3139 2712 mum/um,
3159 2662 3205 2701 et
3232 2666 3445 2716 perpac-

1895 2749 2064 2791 cutum
2092 2756 2250 2801 mars,
2283 2753 2328 2793 et
2362 2740 2434 2792 sic
2463 2745 2519 2795 in
2551 2756 2721 2793 omnes
2754 2742 2981 2793 homines
3004 2742 3247 2805 pervenit,
3272 2742 3322 2791 iu
3350 2757 3447 2807 quo

1896 2847 2067 2883 omnes
2104 2841 2437 2895 peccnt‘erunl
2462 2872 2475 2897 ,
2515 2833 2611 2885 nisi
2647 2830 3089 2898 quemadmodum
3152 2833 3253 2883 hoc
3294 2830 3448 2882 intel-

1894 2921 2026 2975 lexit
2073 2919 2333 2975 catholica
2392 2912 2650 2986 Eccles’a,
2686 2938 2803 2988 qua:
2831 2922 3022 2988 ubique
3055 2921 3241 2973 diffusa
3291 2906 3448 2972 estet

1895 3011 2141 3077 simplex,
2170 3013 2219 3062 in
2266 3022 2376 3065 toto
2421 3012 2628 3066 scilicet
2679 3013 2876 3066 mundo
2922 3014 3158 3079 dispersa
3217 3010 3444 3061 fidelium

226 3096 397 3161 ἦγουν
430 3098 459 3163 ἡ
492 3098 549 3146 ὲν
574 3096 678 3163 ὅλῳ
707 3099 782 3164 τῷ
829 3098 1015 3167 κόσμῳ
1047 3101 1417 3171 ἐσκεδασμένη
1452 3103 1657 3173 πληθὺς
1684 3107 1790 3157 τῶν
1820 3138 1861 3191 C

574 3096 678 3163 ὅλῳ
707 3099 782 3164 τῷ
829 3098 1015 3167 κόσμῳ
1047 3101 1417 3171 ἐσκεδασμένη
1452 3103 1657 3173 πληθὺς
1684 3107 1790 3157 τῶν
1820 3138 1861 3191 C
1896 3098 2224 3151 IIIUIliiULlO?

223 3187 463 3250 πιστῶν;

220 3276 456 3327 ΛΡΙΣΤ.
524 3294 541 3325 ι
592 3276 650 3329 Ὀ
697 3277 763 3329 τὰ
794 3280 981 3343 νεογνά
1044 3283 1138 3333 καὶ
1196 3282 1564 3351 βαπτιζόμενα
1618 3287 1793 3351 λέγων

298 3383 319 3415 ε
372 3365 540 3431 μηδὲν
566 3365 743 3416 ἕλκειν
777 3368 838 3417 ὲκ
884 3369 978 3435 τῆς
1005 3369 1096 3420 τοῦ
1140 3370 1309 3439 Ἀδὰμ
1336 3374 1611 3460 ἁμαρτίας
1644 3376 1793 3444 ὀφεῖ·

289 3477 309 3507 ε
358 3458 451 3507 λον
475 3457 809 3523 καθαρθῆναι
840 3458 914 3524 τῷ
953 3459 1305 3526 βαπτίσματι,
1344 3457 1613 3531 ἐπάρατος
1640 3484 1650 3495 ·
1706 3469 1794 3520 διὰ

294 3569 312 3598 ε
363 3549 472 3615 γὰρ
524 3547 615 3598 τοῦ
671 3548 787 3610 ἑνὸς
835 3550 925 3601 καὶ
959 3551 987 3602 ὁ
1018 3549 1250 3615 θάνατος
1305 3556 1395 3606 καὶ
1457 3557 1487 3626 ἡ
1545 3558 1790 3628 ἁμαρτία

289 3657 308 3688 ι
356 3638 721 3707 παγκόσμιος.
767 3658 784 3691 ι

790 3732 1025 3785 ΚΑΝΩΝ
1054 3733 1195 3788 PH".

225 3844 245 3876 ε
290 3824 420 3876 Ὀτι
450 3824 482 3890 ἠ
514 3822 607 3873 τοῦ
639 3822 775 3874 Θεοῦ
800 3823 959 3891 χάρις
990 3824 1049 3875 οὐ
1082 3825 1244 3892 μόνον
1272 3826 1465 3893 ἄφεσιν
1508 3835 1788 3899 χαρίζεται

300 3930 320 3960 ε
366 3909 674 3979 ἁμαρτιῶν,
698 3910 837 3962 ἀλλὰ
867 3913 960 3962 καὶ
991 3912 1242 3980 βοήθειαν
1297 3917 1524 3986 παρέχει
1556 3919 1649 3970 τοῦ
1686 3938 1791 3987 μη-

293 4022 311 4053 ε
361 4003 482 4054 κέτι
510 4000 862 4069 ἁμαρτάνειν.
905 4001 1136 4070 Ὁμοίως
1169 4007 1387 4075 ἦρεσεν,
1422 4009 1512 4061 ἴναμ
1541 4012 1785 4080 ὀστισδή-

300 4111 319 4141 ι
365 4108 497 4143 ποτε
535 4092 678 4141 εῐποι
709 4090 809 4158 τὴν
832 4092 994 4159 χάριν
1033 4093 1128 4145 τοῦ
1150 4094 1284 4148 Θεοῦ
1314 4113 1454 4167 ῃτινι
1480 4099 1786 4153 δικαιοῦται

296 4202 313 4230 ι
359 4181 450 4232 διὰ
495 4180 669 4246 Ἰησοῦ
721 4179 956 4248 Χριστοῦ
1012 4182 1108 4234 τοῦ
1166 4186 1368 4252 Κυρίου
1425 4188 1602 4255 ἡμῶν,
1652 4191 1788 4259 πρὸς

285 4290 306 4321 ι
364 4270 536 4338 μόνην
562 4270 755 4335 ἄφεσιν
809 4273 1091 4339 ἁμαρτιῶν
1146 4276 1355 4342 ἰσχύειν
1407 4278 1515 4329 τῶν
1558 4280 1659 4348 ἤδη
1691 4299 1787 4334 πε-

289 4380 308 4410 σ
356 4360 859 4427 πλημμελημὲνων,
885 4364 981 4414 καὶ
1014 4364 1087 4433 μὴ
1119 4367 1382 4434 παρέχειν
1413 4368 1492 4419 ἔτι
1526 4370 1630 4438 μὴν
1664 4371 1787 4439 βοή-

289 4479 307 4501 ι
359 4452 513 4503 θείαν
537 4452 673 4518 πρὸς
697 4451 757 4501 τὸ
782 4452 856 4522 μὴ
880 4453 1045 4521 ἕτερα
1067 4456 1523 4523 πλημμελεῖσθαι,
1542 4462 1789 4529 ἀνάθεμα
1822 4451 1864 4503 θ

279 4560 300 4590 ε
349 4543 458 4608 εἴη.
498 4541 620 4593 Ὅτι
678 4543 709 4609 ἡ
764 4543 919 4610 χάρις
967 4544 1058 4596 τοῦ
1087 4546 1217 4598 Θεοῦ
1265 4547 1323 4597 οὐ
1376 4547 1533 4616 μόνον
1586 4551 1787 4615 γνῶσιν

283 4652 300 4680 ε
351 4633 603 4698 παρέχει,
639 4624 713 4682 ὧν
762 4632 843 4683 δεῖ
899 4636 1178 4702 πράττειν,
1228 4636 1361 4688 ἀλλὰ
1417 4640 1509 4690 καὶ
1567 4640 1787 4710 ἀγάπην

288 4743 305 4771 ‹
359 4722 439 4773 ἔτι
487 4723 593 4790 μὴν
620 4725 847 4791 ἐμπνέει
883 4726 1034 4793 ἡμῖν,
1070 4728 1156 4778 ἵνα
1203 4728 1230 4779 ὃ
1283 4730 1377 4781 ἐὰν
1407 4732 1783 4798 ἐπιγινώσκω-

282 4833 300 4863 ‹
349 4829 471 4879 μεν,
508 4813 603 4865 καὶ
635 4814 920 4885 πληρῶσαι
957 4817 1287 4887 ἰσχύσωμεν.
1335 4822 1567 4889 Ὁμοίως
1597 4826 1780 4876 ὁστισ-

281 4925 299 4951 ε
350 4904 554 4971 δήποτε
610 4907 753 4957 εἴποι
811 4906 908 4974 τὴν
959 4908 1131 4977 αὐτὴν
1162 4912 1320 4978 χάριν
1372 4912 1463 4963 τοῦ
1497 4912 1655 4975 Θεοῦ,
1684 4917 1781 4983 τὴν

282 5015 299 5042 ε
352 4995 443 5046 διὰ
492 4994 669 5062 Ἰησοῦ
701 4996 937 5063 Χριστοῦ
973 4998 1065 5049 τοῦ
1102 5000 1306 5069 Κυρίου
1336 5002 1512 5068 ἡμῶν,
1547 5006 1625 5064 είς
1658 5005 1784 5055 τοῦ·

284 5104 300 5133 ι
349 5101 411 5135 το
443 5083 611 5151 μόνον
636 5086 765 5153 ἡμῖν
797 5084 1031 5155 βοηθεῖν,
1062 5090 1198 5157 πρὸς
1225 5091 1284 5141 τὸ
1313 5091 1385 5159 μὴ
1422 5092 1780 5161 ἁμαρτάνειν,

283 5195 302 5225 ε
346 5176 430 5225 ὅτι
460 5174 546 5225 διὰ
578 5175 784 5241 ταύτης
817 5178 949 5243 ἡμῖν
982 5179 1426 5237 ἀποκαλύπτεται
1480 5185 1571 5235 καὶ
1624 5202 1780 5250 φανε·

286 5284 304 5314 ι
353 5263 548 5333 ροῦται
608 5265 641 5332 ὴ
701 5266 900 5330 γνῶσις
960 5270 1068 5321 τῶν
1122 5271 1572 5338 ἁμαρτημάτων,
1640 5276 1779 5327 ὥστε

279 5377 294 5404 ε
342 5354 639 5417 γινώσκειν
670 5355 705 5407 ἃ.
738 5356 819 5407 δεῖ
843 5359 1143 5427 ἐπιζητεῖν,
1177 5363 1341 5415 καὶᾶ.
1372 5365 1453 5415 δεῖ
1488 5366 1781 5429 ἐκκλίνειν,

281 5466 299 5495 ι
341 5446 403 5498 οὐ
437 5445 546 5514 μὴν
595 5444 661 5495 δι’
696 5446 865 5515 αὐτῆς
914 5450 1044 5516 ἡμῖν
1101 5452 1458 5521 παρέχεσθαι,
1504 5456 1591 5507 ἵνα
1642 5457 1781 5525 ὅπερ

286 5556 303 5585 ‹
351 5535 572 5602 γνῶμεν
612 5538 885 5600 ποιητέον,
916 5541 1007 5592 καὶ
1047 5542 1272 5611 ποιῆσαι
1302 5544 1379 5597 ἔτι
1416 5546 1520 5616 μὴν
1562 5548 1782 5615 ἀγαπήο

282 5647 299 5677 ι
350 5642 537 5694 σωμεν
582 5627 678 5678 καὶ
717 5628 1048 5701 ἰσχύσωμεν,
1079 5635 1326 5705 ἀνάθεμα
1383 5638 1487 5708 εἴη.
1522 5637 1627 5690 Τοῦ
1666 5638 1773 5707 γὰρ

276 5743 364 5794 ⁵³1
409 5743 537 5796 Cor.
566 5758 683 5804 vm,
722 5744 774 5798 Ξ.

1896 3280 2117 3333 ARIST.
2158 3298 2175 3331 ι
2216 3281 2313 3347 Qui
2340 3282 2566 3336 infantes
2620 3297 2806 3335 recens
2842 3292 2996 3334 natos
3042 3293 3093 3334 et
3153 3280 3449 3346 baptizatos

1973 3389 1991 3421 ‹
2030 3370 2159 3423 nihil
2196 3387 2257 3424 ex
2293 3372 2475 3423 Adami
2508 3382 2724 3437 peccato
2755 3374 2963 3424 trahere
2991 3412 3005 3433 ,
3047 3371 3189 3434 qno'l
3251 3373 3448 3435 baptis-

1971 3480 1988 3509 ε
2030 3471 2167 3513 male
2200 3462 2441 3513 mundari
2473 3461 2649 3521 debet,
2678 3463 2887 3524 asserit,
2921 3462 3288 3515 exsecranzlus
3320 3472 3399 3512 est
3435 3477 3446 3511 :

1969 3569 1985 3597 σ
2028 3564 2122 3618 per
2150 3565 2310 3603 unum
2340 3551 2481 3601 enim
2510 3558 2561 3604 et
2586 3565 2731 3604 mors
2751 3560 2803 3604 et
2825 3560 3098 3619 peccatum
3133 3553 3440 3604 universum

1970 3660 1987 3692 ι
2022 3644 2275 3696 mundum
2309 3642 2527 3695 invasit.
2580 3661 2595 3692 ι

2456 3732 2683 3786 (ἸΑΝΟΝ
2708 3732 2889 3785 CXlll.

1902 3838 1918 3869 ι
1958 3820 2107 3883 Quod
2136 3820 2223 3872 Dci
2262 3820 2429 3887 gratia
2462 3835 2565 3872 non
2594 3822 2767 3873 solum
2801 3822 3023 3887 largitur
3076 3823 3448 3877 remissionem

1970 3926 1986 3957 ι
2028 3918 2393 3974 peccatorum,
2420 3910 2509 3961 sed
2543 3911 2702 3963 etiam
2734 3912 2934 3978 praebet
2958 3912 3234 3978 auxilium,
3262 3923 3317 3966 ut
3347 3929 3449 3967 non

1969 4018 1985 4049 ι
2022 4000 2250 4068 amplius
2282 4009 2552 4065 peccetur.
2588 4000 2844 4055 Similiter
2872 4002 3090 4071 placuit,
3140 4014 3196 4056 ut
3222 4006 3450 4072 quicun-

1968 4109 1985 4140 ‹
2023 4104 2127 4158 que
2154 4091 2351 4144 dixerit
2387 4090 2477 4142 Dei
2512 4091 2757 4157 gratiam,
2795 4107 2895 4159 qua
2936 4094 3259 4159 justilicatur
3289 4096 3450 4149 homo

1971 4200 1986 4231 ι
2021 4197 2115 4250 per
2140 4180 2321 4235 Jesum
2354 4180 2624 4235 Christum
2661 4184 2936 4235 Dominum
2968 4196 3205 4238 nostrum
3233 4224 3247 4247 ,
3274 4188 3450 4240 valere

1968 4293 1983 4323 ι
2021 4273 2086 4326 ad
2122 4274 2287 4327 solam
2311 4273 2419 4340 jam
2454 4275 2861 4333 commissorum
2884 4285 3224 4343 peccatorum
3256 4280 3445 4331 remis-

1968 4380 1983 4410 ε
2026 4362 2255 4425 sionem,
2293 4373 2345 4415 et
2374 4377 2476 4415 non
2515 4364 2752 4430 praebere
2778 4374 3035 4430 prmterea
3068 4368 3348 4429 auxilium,
3396 4377 3453 4421 ut

1971 4473 1987 4503 ι
2035 4469 2135 4506 non
2169 4454 2417 4521 deinceps
2443 4465 2712 4522 peccetur,
2743 4457 2812 4507 sit
2846 4459 3151 4510 anathema.
3181 4458 3328 4522 Quod
3365 4460 3449 4509 1).ιὶ

1973 4564 1988 4593 ι
2028 4545 2195 4612 gratia
2230 4560 2332 4597 non
2384 4547 2582 4613 praebet
2631 4547 2801 4599 solam
2857 4549 3213 4614 cognitionem
3267 4563 3450 4601 (‘t'l‘tlm

1970 4649 1985 4681 ι
2024 4642 2385 4706 quaeloportet
2416 4631 2590 4686 facere
2619 4673 2632 4697 ,
2664 4635 2757 4688 sed
2798 4635 3137 4688 dilectionem
3190 4649 3447 4703 praetcrea

1970 4741 1987 4771 ε
2025 4723 2176 4777 nobis
2204 4725 2455 4792 inSpirat,
2486 4736 2540 4776 ut
2568 4727 2708 4793 quod
2736 4727 3128 4793 cognoscimus,
3159 4728 3316 4780 etiam
3352 4730 3450 4777 im—

1968 4830 1984 4861 ι
2028 4812 2171 4879 plere
2218 4814 2511 4867 valeamus.
2547 4813 2806 4867 Similiter
2835 4854 2849 4877 ,
2903 4817 3207 4884 quicunque
3259 4817 3453 4871 dixerit

1964 4921 1981 4951 ε
2016 4906 2255 4956 eamdem
2286 4903 2375 4957 Dei
2413 4906 2660 4973 gratiam,
2683 4921 2800 4973 quae
2835 4917 2915 4959 est
2939 4922 3031 4974 per
3064 4906 3245 4961 Jcsnm
3282 4908 3443 4962 Citri-

1962 5013 1976 5040 ι
2013 5001 2153 5044 stum
2189 4992 2469 5047 Dominum
2526 5005 2791 5059 nostrum,
2843 4996 2907 5047 ad
2971 4996 3070 5049 hoc
3124 4996 3295 5050 solum
3356 5014 3451 5050 nos

1895 5105 1898 5107 λ
1959 5103 1976 5132 ι
2018 5083 2291 5150 adjuvare,
2327 5101 2392 5138 ne
2426 5100 2729 5151 peccemus,
2762 5088 2887 5154 quia
2923 5102 3017 5155 per
3042 5102 3159 5141 eam
3183 5088 3449 5142 reveletur

1960 5192 1977 5223 ε
2017 5174 2167 5227 nobis
2195 5183 2249 5227 et
2282 5175 2652 5229 manifestatur
2677 5180 2911 5245 cognitio
2945 5179 3173 5247 peccati,
3216 5190 3267 5232 nt
3304 5182 3444 5234 scia-

1962 5283 1980 5315 ε
2013 5281 2129 5319 mus
2154 5282 2272 5335 quae
2294 5268 2457 5334 qureri
2489 5278 2681 5335 etquae
2704 5271 2860 5323 vitari
2883 5280 3125 5338 oporteat
3157 5288 3170 5322 :
3214 5288 3321 5325 non
3354 5287 3446 5324 an-

1961 5375 1978 5406 ι
2022 5367 2123 5409 tein
2151 5372 2244 5423 per
2270 5372 2388 5410 eam
2433 5361 2655 5424 przebcri
2681 5398 2697 5421 ,
2733 5370 2788 5413 nt
2818 5364 2957 5430 quod
3006 5361 3308 5418 faciendum
3352 5378 3448 5417 co-

1962 5468 1978 5499 r
2018 5452 2318 5516 gnovimns,
2345 5451 2505 5502 etiam
2543 5450 2723 5506 facere
2749 5454 3033 5521 diligamus
3068 5463 3120 5507 et
3153 5456 3443 5519 valeamus,

1960 5561 1976 5589 ε
2014 5544 2081 5593 sit
2114 5541 2417 5595 anathema.
2441 5542 2573 5595 Cum
2601 5545 2741 5595 enim
2766 5544 2889 5596 dicit
2913 5546 3193 5619 ApoStolns
3227 5544 3444 5599 :Scieu-

1964 5648 1979 5681 ι
2022 5634 2092 5683 tia
2148 5632 2335 5698 inflat,
2380 5633 2607 5686 rltarilns
2657 5646 2826 5689 nulcm
2877 5637 3103 5704 mli/ica!
3144 5640 3186 5670 ”
3226 5657 3241 5706 ;
3284 5636 3443 5708 647
