4224 6440
741 396 839 456 371

1992 397 2093 455 ΤΗ
2107 398 2270 457 ΕΟΟ.
2307 402 2395 457 ΒΛ
2408 401 2534 460 LSA
2548 402 2706 460 ΜοΝ

3884 407 3989 466 372

821 523 838 551 ‹
880 504 1033 556 valde
1072 503 1287 573 impium
1316 513 1398 557 est
1425 504 1671 558 credere.
1725 504 1788 557 ad
1835 520 1930 559 nos
1962 506 2178 575 quidem
2232 511 2312 562 iu.
2348 543 2359 565 λ

2486 532 2504 562 ι
2557 512 2876 565 Ἀποστόλου
2920 512 3208 579 λέγοντος,
3262 515 3336 566 ’11
3381 513 3603 580 γνῶσις
3652 516 3896 581 φυσιοῖ,
3944 514 3983 578 ἠ

819 613 839 643 ι
880 596 1085 649 nandos
1115 594 1315 649 habere
1346 612 1439 650 nos
1474 597 1564 649 Dei
1598 597 1825 666 gratiam
1858 638 1873 662 ,
1912 598 1975 649 ad
2003 599 2315 654 aediﬁcatio-

821 705 835 734 ι
883 702 1001 740 nem
1041 696 1217 740 autem
1253 703 1356 742 non
1391 688 1589 742 habere
1620 705 1633 752 ;
1663 692 1878 755 quando
1910 699 2197 758 utrumque
2235 700 2318 743 est

820 796 835 825 ι
875 780 1072 831 donum
1125 778 1216 830 Dei
1251 819 1264 841 ,
1293 788 1345 833 et
1373 779 1513 833 scire
1539 780 1665 846 quid
1710 778 1889 833 facere
1939 786 2184 847 oporteat
2214 820 2227 843 ,
2264 791 2318 833 et

820 884 837 915 ι
877 881 1059 920 amare
1095 868 1290 920 bonum
1318 869 1459 936 quod
1510 870 1686 920 facere
1726 875 1976 934 Oportet,
2030 877 2088 920 ut
2142 868 2316 921 chari-

816 977 831 1007 ι
868 966 975 1010 tate
1022 957 1320 1011 aediﬁcante
1353 998 1367 1014 .
1416 958 1641 1012 scientia
1716 956 1900 1009 inﬂare
1957 972 2061 1010 non
2117 957 2312 1011 valeat.

819 1070 835 1100 ι
874 1049 1337 1114 Quemadmodum
1367 1050 1509 1103 enim
1556 1051 1621 1101 de
1661 1049 1769 1101 Deo
1790 1049 2049 1114 scriptum
2074 1058 2178 1113 cst,
2213 1048 2317 1112 Qui

816 1158 834 1191 ι
867 1142 1013 1194 docet
1069 1140 1332 1193 hominem
1387 1140 1659 1193 scientiam
1693 1139 1737 1171 ⁸³
1788 1153 1802 1189 :
1862 1140 1939 1191 sic
1970 1139 2131 1191 etiam
2181 1137 2315 1190 scii-

813 1250 830 1281 ι
865 1241 1009 1298 ptum
1037 1242 1140 1295 est,
1167 1230 1416 1284 Charitas
1443 1247 1505 1284 ea:
1536 1230 1643 1283 Deo
1676 1246 1751 1282 est
1784 1230 1848 1285 “.
1884 1249 1902 1280 ›

806 1506 999 1559 ηιις.
1040 1516 1092 1559 et
1125 1503 1379 1559 ZONAR.
1413 1503 1655 1557 Gratiam
1696 1518 1817 1571 qua:
1857 1499 2013 1554 nobis
2053 1501 2102 1552 in
2134 1499 2312 1567 bapti-

736 1605 908 1651 smate
963 1611 1059 1665 per
1115 1596 1400 1651 Dominum
1470 1602 1715 1647 nostrum
1773 1591 1960 1645 Jesum
2026 1591 2310 1644 Christum

735 1689 1136 1755 suppeditatur,
1167 1688 1448 1742 credimus
1482 1704 1583 1741 non
1619 1686 1794 1741 solum
1847 1686 1980 1738 dare
2030 1685 2185 1738 nobis
2223 1699 2312 1737 rc-

732 1783 1049 1838 missionem
1102 1790 1448 1850 peccatorum
1488 1780 1597 1849 jam
1635 1778 1936 1839 factorum,
1999 1779 2094 1831 sed
2143 1776 2309 1829 etiam

2497 619 2515 649 c
2559 600 2758 667 ἀγάπη
2786 599 3102 669 οἰκοδομεῖ,
3143 601 3338 661 ἀσεϐὲς
3384 603 3525 653 πάνυ
3561 603 3679 653 ἐστὶ
3707 602 3988 655 πιστεύειν

2496 709 2513 740 ι
2555 692 2691 758 πρὸς
2723 691 2822 756 μὲν
2857 691 2914 743 τὸ
2943 689 3173 756 φυσιοῦν
3201 692 3348 761 ἡμᾶς
3380 691 3530 759 ἔχειν
3557 694 3655 760 τὴν
3702 692 3865 760 χάριν
3894 693 3988 744 τοῦ

2486 800 2504 832 ι
2554 782 2713 843 Θεοῦ,
2764 782 2899 851 πρὸς
2950 783 3003 835 δὲ
3058 782 3348 851 οἰκοδομὴν
3402 785 3475 850 μὴ
3541 782 3729 851 ἔχειν·
3781 782 3988 835 ὁπόταν

2493 892 2512 924 ι
2555 877 2812 944 ἑκάτερον
2846 875 3017 944 δῶρόν
3064 877 3182 927 ἐστι
3219 873 3312 928 τοῦ
3345 872 3503 935 Θεοῦ,
3538 880 3629 926 καὶ
3676 873 3739 925 τὸ
3787 874 3994 925 εἰδέναι

2494 984 2509 1013 ι
2560 966 2611 1016 τί
2665 967 2841 1016 ποιεῖν
2889 965 2989 1025 δεῖ,
3028 965 3120 1017 καὶ
3170 966 3232 1017 τὸ
3275 965 3496 1032 ἀγαπᾷν
3525 963 3585 1015 τὸ
3616 962 3822 1029 ἀγαθὸν
3851 964 3879 1015 ὃ
3912 965 3996 1015 δεῖ

2494 1077 2509 1104 ι
2562 1059 2735 1109 ποιεῖν
2762 1073 2777 1087 '
2813 1058 2921 1119 ἵνα,
2945 1058 3043 1122 τῆς
3070 1058 3290 1125 ἀγάπης
3324 1053 3741 1121 οἱκοδομούσης,
3771 1055 3803 1120 ἡ
3849 1055 3993 1120 γνὼ-

2488 1168 2505 1198 ι
2555 1164 2638 1208 σις
2694 1145 2922 1215 φυσιοῦν
2975 1145 3050 1215 μὴ
3084 1145 3311 1213 δυνηθῇ.
3344 1144 3559 1210 Ὥσπερ
3618 1142 3727 1209 γὰρ
3779 1143 3844 1193 ἐκ
3898 1143 3992 1194 τοῦ

2488 1256 2506 1288 ι
2548 1235 2684 1289 Θεοῦ
2716 1238 3041 1306 γέγραπται,
3079 1235 3143 1288 '0
3174 1233 3480 1287 διδάσκων
3499 1231 3817 1297 ἄνθρωπον
3841 1232 3996 1298 γνὼ-

2484 1349 2501 1379 ι
2541 1344 2687 1382 σινο
2736 1326 2907 1388 οὕτως
2972 1327 3053 1379 ἔτι
3106 1325 3213 1395 μὴν
3264 1328 3617 1392 γέγραπται,
3677 1321 3739 1377 Ἠ
3792 1323 3994 1391 ἀγάπη

2490 1438 2507 1469 ι
2556 1419 2623 1471 ἐκ
2658 1418 2764 1472 τοῦ
2805 1418 2952 1471 Θεοῦ
2978 1418 3166 1471 ἐστιν.
3190 1436 3209 1467 ι

2488 1511 2681 1562 ΒΔΛΣ.
2719 1510 2812 1563 καὶ
2851 1509 3095 1562 ΖΩΝΛΡ.
3132 1508 3241 1578 Τὴν
3275 1508 3331 1561 ὲν
3362 1507 3440 1576 τῷ
3475 1508 3615 1574 άγίῳ
3654 1504 3996 1575 βαπτίσματι

2414 1602 2828 1671 χορηγουμένην
2850 1603 2980 1670 ἡμῖν
3003 1601 3163 1670 χάριν
3181 1598 3268 1653 διὰ
3290 1599 3384 1654 τοῦ
3409 1598 3614 1667 Κυρίου
3636 1596 3793 1666 ἡμῶν
3819 1593 3997 1661 Ἰησοῦ

2414 1690 2652 1758 Χριστοῦ
2699 1690 3027 1759 πιστεύομεν
3076 1690 3151 1759 μὴ
3198 1696 3359 1757 μόνον
3408 1689 3604 1757 ἄφεσιν
3648 1685 3846 1739 διδόναι
3888 1684 4000 1735 τῶν

2416 1781 2822 1851 πεπραγμένων
2863 1782 2995 1849 ἡμῖν
3037 1780 3476 1850 ἁμαρτημάτων,
3522 1777 3660 1830 ἀλλὰ
3702 1778 3795 1829 καὶ
3836 1775 4000 1828 δύνα-

734 1884 1054 1944 poteSIatem
1110 1862 1441 1951 aeamplius
1491 1884 1797 1939 peccemus,
1864 1868 1968 1922 nisi
2022 1882 2119 1922 nos
2166 1862 2359 1937 ipsosl

2421 1890 2510 1940 μιν
2540 1871 2675 1940 πρὸς
2701 1870 2759 1923 τὸ
2790 1870 2864 1940 μὴ
2896 1870 3058 1922 πάλιν
3086 1872 3231 1939 ἡμᾶς
3261 1869 3619 1940 ἁμαρτάνειν,
3649 1868 3699 1920 εί
3731 1866 3807 1936 μὴ
3836 1866 4000 1934 ἡμεῖς

734 1983 831 2034 per
860 1966 1161 2020 socordiam
1192 1963 1431 2033 peccatis
1479 1961 1870 2016 tradiderimus
1905 1977 1920 2014 :
1970 1973 2065 2013 eos
2103 1969 2307 2024 autem,

736 2057 826 2125 qui
861 2072 964 2110 nou
999 2056 1077 2109 sic
1109 2053 1445 2115 existimant,
1478 2060 1531 2106 et
1577 2052 1763 2105 dicunt
1802 2060 2148 2119 peccatorum
2192 2060 2309 2103 tan-

739 2157 848 2197 tum
909 2144 1279 2199 remissionem
1340 2143 1579 2195 divinum
1640 2141 1774 2194 dare
1824 2142 2137 2203 lavacrum,
2207 2156 2309 2192 non

738 2248 916 2293 autem
971 2236 1133 2291 etiam
1187 2233 1449 2287 auxilium
1507 2232 1572 2283 ad
1633 2230 1911 2296 futurum,
1968 2232 2313 2283 anathemate

734 2329 1171 2384 condemnarunt
1210 2326 1421 2380 Patres.
1474 2323 1586 2378 Hoc
1631 2338 1845 2391 quoque
1879 2323 2127 2375 dieehant
2161 2338 2267 2375 non
2291 2350 2314 2362 -

737 2422 889 2482 ιιειΙὶἰ,
921 2422 1063 2487 quod
1100 2418 1190 2471 Dei
1227 2417 1398 2485 gratia
1436 2416 1593 2469 nobis
1638 2414 1741 2468 l'ert
1791 2414 2050 2467 auxilium
2083 2413 2149 2467 ad
2204 2429 2311 2466 non

737 2512 1095 2581 peccandum,
1127 2510 1247 2579 (per
1275 2524 1391 2562 eam
1439 2510 1583 2561 enim
1618 2508 1979 2575 cognitionem
2017 2506 2313 2572 accipimus

734 2621 920 2659 eorum
953 2620 1070 2673 qua:
1104 2604 1282 2657 facere
1320 2615 1373 2657 ct
1422 2602 1608 2671 fugere
1664 2600 1927 2669 oportet),
1977 2614 2080 2652 non
2132 2606 2313 2651 autem

734 2700 897 2753 etiam
931 2699 994 2751 ad
1045 2696 1471 2766 ingeneraudum
1529 2692 1744 2748 honesti
1794 2691 2125 2757 vii-tutisque
2184 2689 2317 2744 dile-

736 2789 993 2849 ctionem,
1029 2794 1088 2838 ut
1118 2786 1321 2839 bonum
1351 2783 1491 2848 quod
1535 2779 1966 2849 cognoverimus.
2005 2779 2057 2829 id
2091 2787 2141 2828 ct
2170 2790 2315 2829 ame-

736 2896 856 2934 mns
886 2888 939 2933 et
995 2879 1177 2931 facere
1212 2874 1511 2929 valeamus.
1563 2870 1670 2924 Eos
1709 2884 1860 2936 ergo.
1914 2867 2006 2936 qui
2034 2868 2147 2922 hrrc
2195 2867 2314 2935 opi-

734 2983 954 3035 nantur,
1004 2969 1244 3041 synodus
1290 2963 1735 3027 anathematizat,
1791 2962 1979 3014 dicens
2024 2970 2317 3027 utrumque

734 3082 853 3121 esse
886 3067 1084 3121 donum
1120 3064 1236 3129 Dei,
1274 3070 1324 3115 et
1353 3060 1635 3115 scientiam
1665 3065 1718 3111 et
1738 3056 2087 3118 eharitatem;
2125 3067 2311 3121 quem-

736 3161 1027 3213 admodum
1085 3159 1349 3224 scriptum
1397 3166 1501 3219 esr,
1532 3151 1636 3217 Qui
1672 3151 1819 3203 docet
1853 3148 2111 3200 hominem
2146 3144 2315 3197 scien-
2339 3186 2383 3246 Ο

734 3254 901 3317 tiam;
943 3260 996 3303 et
1033 3262 1247 3312 rursus,
1282 3246 1531 3300 Charitas
1563 3259 1626 3296 ex
1662 3241 1766 3294 Deo
1809 3251 1903 3300 est,
1948 3236 2158 3303 Alioqui
2215 3236 2313 3285 im-

735 3343 882 3410 pium
921 3350 1005 3394 est
1035 3339 1242 3400 dicere,
1278 3336 1419 3402 quod
1477 3335 1678 3388 bonum
1739 3329 1959 3397 quidem
2007 3341 2166 3379 nosse
2218 3325 2314 3375 dat

734 3431 890 3487 nobis
931 3430 1021 3484 Dei
1060 3430 1254 3495 gratia,
1291 3426 1616 3480 charitatem
1666 3430 1850 3474 autem
1901 3416 2021 3484 ejus
2071 3430 2177 3469 non
2212 3413 2316 3467 im-

735 3524 919 3585 mittit,
960 3537 1061 3575 nec
1094 3520 1249 3574 nobis
1303 3519 1397 3571 dat
1449 3517 1597 3569 vires
1650 3526 1858 3581 nosque
1912 3506 2225 3570 conﬁrmat,
2261 3515 2318 3555 ut

735 3616 936 3667 bonum
968 3613 1021 3665 in
1046 3609 1163 3677 ejus
1198 3609 1489 3661 dilectione
1526 3602 1812 3656 facia'uus.
1854 3597 2021 3651 Aﬂ‘ert
2051 3603 2229 3648 autem
2265 3599 2318 3645 et

735 3708 787 3757 iu
821 3704 949 3757 dicti
979 3703 1059 3758 sui
1094 3697 1568 3755 conﬁrmationem
1605 3692 1752 3763 quod
1785 3690 1915 3744 dicit
1966 3685 2262 3756 Apostolus
2300 3702 2313 3737 :

737 3796 979 3851 Scientia
1032 3793 1213 3859 inﬂat,
1265 3788 1502 3841 charitas
1558 3800 1678 3838 vero
1732 3781 1988 3846 a’diﬁcat.
2036 3776 2320 3844 Quomodo

736 3902 865 3955 ergo
897 3900 1000 3939 nou
1034 3892 1118 3937 est
1148 3879 1370 3948 impium
1404 3876 1608 3937 dicere,
1639 3872 1704 3924 ad
1737 3867 2032 3923 inﬂandum
2072 3865 2318 3931 quidem,

737 3954 831 4034 seu
860 3979 924 4032 ad
958 3990 1152 4029 vanam
1213 3967 1643 4040 ingenerandum
1693 3961 2031 4028 opinionem.
2081 3954 2319 4009 divinam

739 4073 893 4128 nobis
922 4069 1153 4141 gratiam
1190 4061 1441 4119 conferre
1472 4099 1487 4123 ,
1527 4056 1620 4111 sed
1656 4055 1721 4108 ad
1752 4048 2134 4107 asdilicandum
2187 4045 2321 4098 nihil

738 4167 864 4219 dare
897 4161 1129 4214 auxilii?

736 4257 967 4314 ARIST.
1023 4257 1077 4309 iu
1132 4252 1269 4308 Can.
1334 4249 1454 4304 “‘2.
1510 4265 1529 4298 ι
1572 4244 1675 4310 Qui
1710 4242 1802 4295 Dei
1862 4238 2091 4309 gratiam
2154 4234 2324 4288 solam

808 4366 828 4399 ι
871 4362 1087 4409 eorum,
1141 4356 1261 4411 qua
1314 4341 1427 4409 jam
1489 4334 1904 4394 commisimus,
1972 4333 2319 4396 peccatorum

817 4459 835 4489 ι
881 4434 1261 4491 remissionem
1321 4427 1581 4482 exhibere
1642 4422 1937 4490 opinatur,
2006 4432 2112 4471 non
2193 4428 2326 4468 vero

817 4548 835 4581 ι
881 4538 1070 4583 contra
1097 4524 1279 4578 futura
1312 4519 1575 4573 auxilium
1607 4535 1621 4570 :
1649 4516 1735 4568 his
1758 4512 2132 4568 exsecrandus
2155 4516 2263 4563 est.
2299 4526 2315 4557 ι
2362 4530 2405 4582 ι)

738 4620 967 4678 ARIST.
1001 4620 1055 4673 iu
1097 4616 1233 4671 Can.
1270 4613 1396 4667 H5.
1442 4629 1459 4659 ι
1498 4608 1601 4675 Qui
1634 4607 1788 4669 dicit,
1815 4606 1959 4673 quod
2001 4602 2094 4655 Dei
2146 4600 2327 4670 gratia

817 4734 837 4767 ι
880 4715 943 4768 ad
979 4714 1083 4766 hoc
1124 4716 1331 4763 tantum
1366 4704 1523 4758 nobis
1573 4700 1899 4770 opitulatur,
1954 4702 2013 4748 ut
2065 4693 2327 4757 sciamus,

817 4828 837 4861 ι
880 4808 1009 4878 quid
1044 4804 1228 4858 facere
1266 4806 1503 4868 Oportet,
1530 4804 1584 4848 et
1616 4794 1746 4864 quid
1769 4790 2010 4858 eﬂ‘ugere
2033 4828 2047 4852 ,
2088 4786 2185 4841 sed
2220 4801 2325 4841 non

819 4920 835 4951 ι
883 4900 1047 4953 etiam
1084 4904 1141 4949 ut
1180 4892 1463 4961 cognitum
1509 4897 1777 4946 amemus,
1830 4892 1884 4936 et
1920 4880 2187 4950 perlicere
2231 4893 2326 4929 va-

821 5011 839 5042 (
885 4992 1089 5045 lcamus
1126 5004 1140 5040 :
1179 4984 1252 5039 sit
1298 4982 1611 5035 anathema.
1657 4995 1678 5028 ι

1296 5070 1532 5129 CANON
1590 5066 1778 5123 CXIV.

746 5195 762 5227 ι
812 5175 965 5241 Quod
1012 5172 1131 5227 sine
1164 5170 1257 5224 Dei
1298 5166 1472 5237 gratia
1522 5163 1655 5217 nihil
1700 5172 1991 5230 possumus
2044 5155 2329 5226 perlicere.

823 5284 840 5315 ι
873 5258 1375 5329 Similitcrplacuit,
1394 5257 1778 5325 utquicunque
1796 5250 2017 5313 dixerit,
2043 5257 2328 5317 propterea

824 5372 840 5404 ι
885 5356 1066 5405 datam
1120 5363 1246 5404 esse
1302 5347 1457 5401 nobis
1498 5341 1914 5412 justiﬁeationis
1967 5340 2220 5412 gratiam,
2275 5346 2333 5388 ut

825 5465 840 5495 ι
888 5445 1029 5512 quod
1062 5458 1160 5512 per
1194 5442 1425 5494 liherum
1464 5438 1752 5491 arbitrium
1804 5435 1983 5489 facere
2018 5446 2329 5499 possumus,

832 5558 848 5586 ι
896 5537 1107 5591 facilius
1154 5549 1250 5602 per
1302 5532 1539 5601 gratiam
1592 5542 1953 5599 peragamus;
2006 5526 2231 5595 perinde
2274 5538 2337 5577 ac

830 5652 844 5680 ι
890 5631 957 5694 si,
1008 5627 1259 5698 quamvis
1293 5640 1396 5678 nou
1433 5624 1557 5677 data
1614 5630 1759 5677 esset
1807 5620 2006 5689 gratia,
2046 5616 2339 5672 diliicultcr

829 5812 1035 5867 "Psal.
1084 5826 1234 5875 xcttt,
1291 5809 1371 5862 l0.
1452 5808 1491 5831 ’λ
1531 5804 1728 5860 lJuau.
1772 5820 1832 5867 ιι,
1890 5802 1970 5865 10,

2413 1964 2500 2016 διὰ
2541 1963 2816 2033 ρᾳθυμίαν
2851 1963 3094 2028 ὲκδῶμεν
3137 1961 3363 2023 ἑαυτοὺς
3408 1960 3739 2030 ἁμαρτίαιςο
3780 1957 3908 2018 τοὺς
3946 1956 4003 2008 δὲ

2418 2056 2490 2127 μὴ
2523 2056 2664 2109 οὕτω
2690 2055 3035 2119 δοξάζοντας,
3066 2055 3205 2105 ἀλλὰ
3237 2054 3411 2121 μόνων
3442 2051 3550 2103 τῶν
3581 2048 4002 2120 ἁμαρτημάτων

2412 2148 2674 2215 λέγοντας
2704 2146 2897 2214 ἄφεσιν
2925 2144 3124 2198 διδόναι
3153 2144 3213 2197 τὸ
3245 2145 3387 2196 θεῖον
3419 2142 3676 2211 λουτρὸν,
3708 2141 3782 2209 μὴ
3815 2139 4001 2207 μέντοι

2414 2241 2511 2292 καὶ
2550 2239 2686 2308 πρὸς
2719 2239 2779 2290 τὸ
2818 2237 3009 2306 μέλλον
3048 2236 3333 2305 βοήθειαν,
3369 2234 3675 2304 ἁναθέματι
3714 2231 4007 2284 κατεδίκα-

2418 2350 2514 2384 σαν
2540 2334 2588 2384 οἱ
2622 2332 2885 2399 Πατέρες.
2917 2330 3026 2383 Καὶ
3055 2328 3214 2381 τοῦτό
3243 2347 3388 2390 τινες
3419 2328 3627 2394 ἔλεγον,
3657 2326 3739 2379 ὅτι
3772 2327 3805 2393 ἡ
3838 2326 4002 2393 χάρις

2415 2422 2507 2474 τοῦ
2538 2419 2674 2474 Θεοῦ
2708 2423 2786 2482 εἰς
2816 2419 2975 2472 τοῦτο
3007 2419 3138 2489 ἡμῖν
3170 2418 3391 2488 βοηθεῖ,
3426 2420 3503 2477 εἰς
3531 2416 3593 2469 τὸ
3631 2415 3707 2484 μὴ
3738 2414 4003 2483 ἁμαρτά-

2417 2532 2529 2567 νειν
2582 2513 2673 2582 (δι’
2700 2512 2873 2579 αὐτῆς
2926 2512 3034 2581 γάρ
3085 2510 3286 2575 γνῶσιν
3338 2508 3693 2577 λαμὸάνομεν
3741 2506 3863 2558 τίνα
3924 2504 4006 2556 δεῖ

2417 2606 2591 2656 ποιεῖν
2624 2603 2716 2655 καὶ
2749 2604 2863 2654 τίνα
2899 2602 3145 2668 φεύγειν)
3174 2618 3185 2632 ο
3218 2601 3278 2651 οὑ
3319 2600 3423 2669 μὴν
3456 2600 3548 2651 καὶ
3582 2600 3661 2660 είς
3690 2597 3750 2648 τὸ
3783 2596 4011 2663 ἀγάπην

2416 2693 2525 2745 τῶν
2558 2692 2735 2745 καλῶν
2765 2694 2858 2743 καὶ
2891 2691 2989 2759 τῆς
3024 2690 3231 2760 ἀρετῆς
3264 2690 3517 2757 ἐμποιεῖν
3551 2688 3715 2755 ἡμῖν,
3750 2684 3839 2735 ἵνα
3870 2684 4013 2750 ὅπερ

2416 2783 2634 2850 γνῶμεν
2668 2782 2832 2834 καλὸν
2856 2822 2870 2845 ,
2904 2780 3064 2833 τοῦτο
3100 2783 3194 2834 καὶ
3231 2780 3615 2847 άγαπήσωμεν
3648 2776 3741 2827 καὶ
3779 2773 4014 2839 ποιῆσαι

2420 2878 2749 2946 ἰσχύσωμεν.
2786 2876 2922 2935 Τοῦς
2963 2869 3055 2924 οῦν
3087 2874 3315 2924 τοιαῦτα
3358 2869 3683 2932 δοξάζοντας
3724 2866 4012 2932 ἀναθεμα-

2418 2967 2556 3029 τίξει
2587 2968 2617 3035 ἡ
2652 2964 2891 3030 σύνοδος,
2916 2963 3151 3031 λέγουσα
3177 2964 3258 3016 ὅτι
3289 2963 3379 3015 καὶ
3405 2962 3574 3031 ἄμφω
3602 2957 3752 3029 δῶρά
3778 2960 3888 3010 εἱσι
3919 2957 4013 3009 τοῦ

2418 3057 2583 3123 Θεοῦ,
2613 3057 2646 3126 ἦ
2675 3074 2731 3113 τε
2762 3057 2964 3122 γνῶσις
2993 3056 3085 3107 καὶ
3112 3057 3144 3123 ἡ
3180 3054 3370 3121 ἀγάπη
3399 3091 3413 3114 ,
3448 3050 3629 3111 καθὼς
3663 3050 4013 3117 γέγραπται,

2432 3148 2492 3201 Ὀ
2543 3148 2848 3202 διδάσκων
2893 3148 3212 3214 ἄνθρωπον
3264 3144 3511 3213 γνῶσιν.
3559 3143 3667 3194 Καὶ
3718 3140 3906 3201 πάλιν,
3949 3139 4019 3191 Ἰι

2418 3241 2621 3310 ἀγάπη
2667 3243 2734 3294 ἐκ
2776 3240 2881 3294 τοῦ
2923 3241 3074 3293 Θεοῦ
3115 3239 3306 3290 ἐστιν.
3346 3237 3455 3290 Καὶ
3497 3235 3669 3294 ἄλλως
3713 3232 3768 3284 δὲ
3812 3230 4017 3291 άσεδὲς

2418 3338 2538 3387 ἐστι
2580 3338 2640 3388 τὸ
2678 3338 2859 3401 λέγειν
2897 3336 2979 3386 ὅτι
3019 3332 3311 3400 γινώσκειν
3350 3332 3448 3397 μὲν
3492 3330 3551 3381 τὸ
3593 3327 3761 3381 καλὸν
3801 3326 4018 3377 δίδωσιν

2422 3430 2551 3499 ἡμῖν
2581 3431 2613 3496 ἡ
2650 3427 2770 3479 θεία
2805 3426 2991 3494 χάρις,
3024 3426 3246 3491 ἀγάπην
3276 3422 3333 3473 δὲ
3370 3421 3533 3473 αὑτοῦ
3570 3421 3671 3471 οὐκ
3704 3417 4017 3482 ἐντίθησιν,

2421 3520 2543 3572 οὐδὲ
2574 3520 2863 3584 ὲνδυναμοῖ
2890 3516 3038 3584 ἡμᾶς
3070 3516 3148 3576 είς
3177 3515 3235 3565 τὸ
3264 3511 3599 3581 ἐργάζεσθαι
3629 3509 3689 3560 τὸ
3721 3505 3929 3575 ἀγαθὸν
3961 3507 4018 3556 ὲν

2423 3613 2614 3680 ἀγάπῃ
2647 3609 2828 3662 αὐτοῦ.
2861 3609 2967 3660 Καὶ
3000 3606 3263 3675 προφέρει
3296 3604 3363 3655 τά
3390 3602 3728 3655 ἀποστολικὰ
3760 3597 3904 3664 ῥητὰ
3940 3597 4020 3655 εἰς

2422 3706 2519 3773 τὴν
2552 3701 2645 3753 τοῦ
2684 3702 2840 3766 λόγου
2879 3698 3261 3767 κατασκευήν,
3297 3696 3364 3747 2'1
3397 3695 3627 3760 λέγοντα
3650 3708 3662 3723 ⁸
3697 3690 3755 3746 Ἡ
3793 3687 4021 3757 γνῶσις

2425 3795 2653 3863 φυσιοῖ,
2683 3795 2719 3858 ἡ
2748 3792 2815 3845 δὲ
2841 3791 3043 3858 ἀγάπη
3073 3786 3390 3855 οὶκοδομεῖ.
3421 3784 3543 3846 Πῶς
3575 3778 3666 3835 οῦν
3692 3780 3793 3833 οὐκ
3823 3779 4022 3841 ἀσεϐὲς

2425 3887 2485 3938 τὸ
2514 3886 2691 3953 λέγειν
2722 3886 2853 3953 πρὶς
2889 3884 2988 3950 μὲν
3018 3882 3077 3933 τὸ
3104 3878 3334 3947 φυσιοῦν
3354 3918 3367 3939 ,
3398 3878 3568 3945 ἡγουν
3597 3873 3657 3926 τὸ
3691 3874 3872 3939 οτησιν
3906 3871 4021 3938 ἒμ-

2428 3972 2646 4036 ποιοῦν,
2681 3972 2965 4041 συνεργεῖν
2998 3971 3130 4038 ἡμῖν
3160 3969 3261 4037 τὴν
3296 3966 3445 4019 θείαν
3477 3964 3671 4033 χάριν,
3706 3960 3843 4029 πρὸς
3874 3960 3934 4012 δὲ
3964 3959 4026 4009 τὸ

2426 4067 2732 4133 οἰκοδομεῖν
2765 4065 2838 4132 μὴ
2869 4063 3219 4124 ἑπικουιτεῖη

2428 4248 2648 4304 ΑΡΙΣΤ.
2733 4264 2751 4296 ι
2792 4247 2851 4299 Ὀ
2893 4244 3131 4309 δοξάζων
3173 4241 3274 4311 τὴν
3315 4237 3410 4291 τοῦ
3458 4235 3595 4290 Θεοῦ
3647 4236 3809 4304 χάριν
3857 4235 4029 4301 μόνην

2507 4360 2525 4392 ι
2572 4341 2765 4405 ἄφεσιν
2797 4338 2906 4389 τῶν
2939 4338 3041 4408 ήδη
3079 4329 3635 4401 πεπλημμελημὲνων
3669 4326 3849 4394 ἔχειν,
3888 4325 4027 4375 ἀλλὰ

2505 4452 2523 4484 ι
2579 4432 2654 4502 μὴ
2681 4429 2778 4484 καὶ
2801 4430 2908 4483 τῶν
2936 4427 3240 4499 μελλόντων
3269 4422 3546 4494 βοήθειαν,
3573 4416 3965 4485 δισεπάρατος.
4002 4434 4020 4465 ι

2439 4602 2661 4660 ΑΡΙΣΤ.
2726 4620 2743 4650 ι
2785 4601 2841 4654 ὐ
2878 4599 3053 4666 λέγων
3083 4597 3167 4649 ὅτι
3202 4596 3235 4664 ἡ
3272 4592 3429 4662 χάρις
3462 4588 3555 4643 τοῦ
3594 4585 3731 4640 Θεοῦ
3767 4586 3847 4646 εἰς
3878 4583 4036 4636 τοῦτο

2518 4713 2535 4744 ι
2587 4694 2747 4762 μόνον
2778 4692 2912 4759 ἡμῖν
2945 4688 3150 4758 βοηθεῖ,
3181 4687 3242 4739 τὸ
3273 4683 3476 4737 ειδέναι
3506 4682 3561 4735 τί
3590 4679 3673 4731 δεῖ
3702 4678 3903 4736 ποιεῖν,
3940 4676 4037 4726 καὶ

2516 4806 2535 4837 ι
2582 4784 2634 4835 τί
2674 4783 2983 4836 ἐκκλίνειν
3032 4777 3149 4831 ἀλλ’
3176 4776 3296 4845 οὐχὶ
3339 4774 3435 4827 καὶ
3474 4773 3557 4833 si;
3599 4768 3661 4823 τὸ
3701 4767 3931 4834 ἀγαπᾷν
3978 4763 4036 4815 τὸ

2516 4897 2534 4929 ι
2580 4874 2951 4942 ἐπιγνωσθὲν,
3002 4872 3096 4925 καὶ
3148 4869 3325 4922 ποιεῖν
3373 4862 3675 4927 δύνασθαι,
3727 4860 3845 4929 ἤτω
3895 4855 4033 4909 ἀνά-

2518 4989 2535 5021 ι
2582 4970 2742 5037 θεμα.
2791 4985 2811 5019 ι

3025 5051 3268 5108 KANQN
3308 5047 3448 5105 PIA'.

2447 5176 2466 5204 ι
2494 5154 2616 5205 Ὅτι
2644 5150 2772 5204 ἄνευ
2802 5150 2897 5217 τῆς
2924 5146 3020 5198 τοῦ
3052 5143 3189 5197 Θεοῦ
3219 5140 3438 5210 χάριτος
3466 5136 3622 5189 οὐδὲν
3648 5132 3852 5200 ἀγαθὸν
3878 5129 4038 5181 δυνὰο

2520 5264 2539 5295 ι
2590 5242 2730 5308 μεθα
2756 5236 3023 5309 πληροῦν.
3054 5233 3287 5302 Ὁμοίως
3314 5230 3528 5300 ἦρεσεν,
3562 5226 3648 5277 ἵνα
3672 5220 4037 5289 ὁστισδήποτε

2523 5356 2539 5386 ι
2589 5336 2734 5388 εἴποι
2769 5332 2854 5385 διὰ
2885 5330 3043 5383 τοῦτο
3070 5326 3169 5395 τὴν
3199 5327 3360 5394 χάριν
3392 5322 3523 5390 ἡμῖν
3554 5317 3651 5384 τῆς
3684 5314 4038 5377 δικαιοσύνης

2519 5446 2534 5477 ι
2582 5423 2848 5484 δεδόσθαι,
2895 5421 2981 5472 ἵνα
3022 5420 3159 5484 ὅπερ
3198 5414 3375 5465 ποιεῖν
3414 5410 3505 5463 διὰ
3548 5406 3642 5459 τοῦ
3685 5400 4039 5467 αύτεξουσίου

2520 5538 2538 5571 ι
2585 5515 2888 5586 δυνάμεθα,
2922 5507 3332 5581 εὐχερεστέρους
3362 5500 3663 5572 πληρῶμιν
3689 5498 3777 5550 διὰ
3808 5495 3908 5562 τῆς
3942 5492 4039 5586 χά·

2520 5632 2539 5663 ι
2590 5583 2737 5683 ριτοέ
2764 5625 2776 5638 ·
2816 5606 3018 5659 ὡσανεὶ
3058 5603 3149 5654 καὶ
3187 5602 3234 5653 εἱ
3274 5602 3307 5668 ἡ
3348 5597 3508 5666 χάρις
3554 5593 3628 5663 μὴ
3670 5590 3908 5650 ἐδίδοτο,
3943 5583 4044 5638 οῦκ
