4224 6440
254 393 360 452 Βῖῖἳ

317 612 337 643 1
386 594 595 659 ἐκείνης
633 592 711 643 ἔτι
756 593 860 660 μὴν
897 590 1178 657 πληρῶσαι
1212 593 1309 652 τὰς
1350 592 1495 652 θείας
1553 596 1799 657 ἐντολάς·

319 700 340 731 1
390 683 634 749 ἀνάθεμα
668 680 771 748 εἴη.
810 682 942 749 Περὶ
976 682 1082 748 γὰρ
1115 682 1222 731 τῶν
1256 684 1481 753 καρπῶν
1515 684 1621 735 τῶν
1657 688 1800 742 ἔντοσ-

320 791 340 822 1
388 773 495 823 λῶν
523 775 550 823 ὁ
580 771 779 840 Κύριος
807 773 905 823 οὐκ
938 768 1089 823 εἶπεν
1109 788 1121 802 ·
1156 775 1336 840 Χωρὶς
1364 774 1498 842 ἐμοῦ
1529 775 1801 843 δυσχερῶς

320 879 339 909 1
387 860 609 911 δύνασθε
649 863 843 912 ποιεῖν’
882 862 993 913 ἀλλ’
1021 857 1196 913 εἶπεν
1272 880 1289 911 1
1325 862 1500 927 Χωρίς
1548 864 1692 929 ἐμοῦ
1729 866 1798 915 οὐ

322 969 340 999 1
386 951 635 1002 δύνασθε
666 953 879 1003 ποεεῗν.
908 970 925 1001 ι

317 1040 511 1092 ΒΑΛΣ.
547 1040 747 1106 Μυρίαι
778 1042 919 1102 δόξαι
948 1041 1373 1109 διεστραμμέναι
1404 1038 1569 1112 ἦσαν,
1601 1037 1675 1096 ῶν
1708 1044 1802 1111 μία

242 1129 338 1180 καὶ
373 1128 511 1196 αὕτη
540 1131 572 1198 ὴ
598 1130 827 1195 λέγουσα
858 1133 938 1183 ὅτι
968 1132 1347 1196 αὐτεξουσίως
1376 1135 1521 1201 ἡμᾶς
1551 1135 1803 1201 ἐποίησεν

237 1224 265 1271 ὀ
305 1222 463 1281 Θεὸς,
503 1222 589 1272 ἴνα
631 1221 912 1287 δυνώμεθα
956 1223 1048 1274 καὶ⁸
1083 1224 1179 1289 τῆς
1224 1224 1372 1284 θείας
1417 1226 1635 1291 χάριτος
1674 1227 1799 1277 ἄνευ

239 1310 486 1376 πληροῦν
510 1310 605 1370 τὰς
638 1311 851 1372 ἐντολάς
873 1327 886 1340 ⁸
920 1312 950 1378 ἡ
981 1312 1032 1361 δὲ
1068 1312 1184 1363 θεία
1212 1314 1371 1379 χάρις
1399 1316 1477 1374 εἰς
1503 1315 1562 1363 τὸ
1589 1313 1803 1381 εὐχερέ-

238 1415 432 1464 στερον
462 1400 627 1459 αὐτὰς
662 1399 998 1453 πληροῦσθαι
1036 1403 1163 1470 παρ’
1191 1402 1346 1470 ἡμῶν
1378 1405 1539 1458 ποιεῖ.
1576 1402 1801 1455 Ἦδυνά-

240 1486 380 1553 μεθα
428 1488 533 1553 γὰρ
580 1489 669 1538 καὶ
710 1489 805 1555 τῆς
852 1490 998 1550 θείας
1044 1492 1261 1558 χάριτος
1313 1491 1385 1559 μὴ
1434 1492 1803 1560 συνεργούσης

240 1576 485 1644 πληροῦν
518 1576 739 1638 ταύτας,
775 1578 1198 1646 δυσχερέστερον
1231 1581 1306 1632 δέ.
1345 1581 1469 1643 Τοῖς
1504 1582 1597 1633 οὖν
1630 1582 1801 1634 ταῦτα

236 1665 491 1731 λέγουσιν
518 1668 765 1736 ἀνάθεμα
795 1669 988 1735 ἐπάγει
1019 1671 1048 1737 ἠ
1084 1670 1319 1731 σύνοδος.

1315 391 1393 449 IN
1435 396 1595 452 ΒΑΝ.
1643 397 1817 456 CXlV
1847 399 2050 459 CONC.
2097 402 2470 461 CAllTHAG.

320 523 337 552 1
388 504 626 571 εὐχερῶς
680 502 811 568 μὲν,
860 500 971 552 ἀλλ’
1002 500 1145 567 ὅμως
1198 501 1495 569 ἐδυνάμεθα
1544 507 1636 556 καὶ
1681 506 1802 572 δίχα
1833 512 1875 564 Δ

3338 400 3440 465 374

1983 532 1999 558 1
2044 514 2277 577 quidem,
2345 514 2435 564 sed
2488 522 2660 564 tamen
2712 514 2871 564 etiam
2927 512 3041 565 siue
3104 512 3212 573 illa,
3262 510 3441 561 divina

1983 618 1997 645 1
2045 610 2304 665 pra'cepta
2354 601 2574 665 exsequi
2648 614 2975 665 possumus:
3011 600 3079 651 sit
3133 602 3438 653 anathema.

1985 709 2000 736 1
2050 689 2116 741 Dc
2149 690 2409 744 fructibus
2452 691 2590 742 enim
2631 690 3004 742 mandatorum
3040 689 3295 739 Dominus
3337 703 3440 737 non

1992 797 2006 824 1
2056 778 2209 837 dixit,
2246 777 2372 830 Sine
2407 793 2490 829 ntc
2519 776 2786 830 diilicilius
2821 777 3044 843 potestis
3078 775 3297 828 facere:
3333 776 3445 830 sed.

1980 884 1996 913 1
2042 865 2162 918 Sine
2185 884 2260 919 me
2287 884 2300 919 ι
2326 866 2417 917 iltil
2445 865 2618 931 facere
2641 868 2877 933 potestis.
2918 885 2935 917 υ

1977 1043 2166 1097 ωιδ.
2199 1044 2615 1097 Innumerabiles
2643 1054 2797 1096 erant
2848 1057 3111 1108 perversa:
3150 1046 3446 1111 Opiuinuvs,

1905 1152 2129 1201 quarum
2176 1152 2277 1187 una
2314 1146 2430 1188 erat
2469 1137 2626 1187 ctiam
2677 1150 2796 1201 qua:
2848 1135 3079 1196 dicebat,
3114 1138 3252 1202 quod
3309 1136 3447 1187 Deus

1907 1225 2052 1277 dedit
2082 1226 2236 1277 nobis
2263 1226 2485 1275 liberum
2525 1225 2836 1289 arbitrium,
2876 1234 2931 1276 ut
2982 1239 3259 1291 possemus
3287 1227 3446 1278 etiam

1906 1315 2021 1367 sine
2054 1313 2230 1367 divina
2264 1315 2437 1382 gratia
2472 1316 2560 1367 Dei
2605 1318 2856 1369 mandata
2918 1316 3188 1384 complere
3224 1334 3234 1366 :
3271 1316 3446 1367 divina

1906 1412 2082 1453 autem
2122 1404 2289 1470 gratia
2324 1404 2387 1455 ad
2422 1419 2479 1455 ea
2516 1404 2728 1456 facilius
2756 1404 3079 1471 perficienda
3116 1419 3268 1455 suum
3303 1403 3450 1453 nobis

1906 1492 2105 1560 prmbet
2140 1492 2419 1545 auxilium.
2454 1493 2740 1546 Possemus
2790 1493 2930 1545 enim
2983 1492 3069 1542 illa
3118 1496 3278 1542 etiam
3336 1493 3451 1544 sine

1907 1582 2083 1633 divina
2114 1596 2266 1647 opem
2302 1581 2504 1633 ferente
2537 1582 2727 1649 gratia,
2764 1580 2855 1633 sed
2884 1579 3175 1641 diiiicilius,
3209 1580 3450 1645 exsequi.

1906 1671 1973 1724 Iis
2029 1685 2179 1738 ergo,
2228 1669 2318 1737 qui
2370 1670 2485 1723 hac
2519 1671 2725 1732 dicunt,
2768 1669 3058 1722 anathema
3106 1669 3313 1723 inducit
3364 1686 3454 1740 sy-

1904 1761 2097 1813 nodus.

306 1843 557 1894 ΖΩΝΑΡ.
603 1845 805 1913 Μυρίαι
851 1845 995 1910 δόξαι
1044 1846 1473 1914 διεστραμμέναι
1516 1844 1683 1919 ἦσαν,
1731 1843 1804 1901 ὧν
1835 1817 1877 1871 Β

1782 1866 1804 1900 ν
1835 1817 1877 1871 Β
1978 1849 2229 1905 ZONAR.
2255 1849 2676 1903 limumerabiles
2697 1857 2850 1903 erant
2869 1863 3130 1915 perversa
3152 1848 3450 1915 opiniones,

242 1933 341 1999 μία
396 1934 492 1986 καὶ
542 1936 679 2003 αὕτη
734 1938 766 2003 ἠ
822 1936 1051 2001 λέγουσα
1100 1939 1179 1990 ὅτι
1231 1939 1607 2004 αὐτεξουσίους
1659 1944 1807 2011 ἡμᾶς

234 2022 493 2091 ἐποίησεν
526 2025 553 2074 ὀ
585 2024 737 2087 Θεὸς,
774 2026 860 2077 ἵνα
891 2026 1170 2093 δυνώμεθα
1207 2031 1299 2081 καὶ
1330 2030 1424 2097 τῆς
1461 2026 1610 2093 θείας
1645 2032 1804 2101 χάρι-

232 2128 323 2172 τος
360 2112 492 2164 ἄνευ
528 2113 763 2181 πληροῦν
794 2114 891 2175 τὰς
924 2114 1157 2177 ἐντολάς.
1196 2114 1259 2166 Ἦ
1292 2115 1347 2167 δὲ
1386 2115 1502 2169 θεία
1538 2117 1694 2185 χάρις
1726 2121 1805 2181 είς

233 2204 293 2252 τὸ
320 2202 706 2271 εὐχερέστερον
731 2205 897 2265 αὐτὰς
925 2205 1256 2271 πληροῦσθαι
1285 2204 1414 2274 παρ’
1438 2206 1593 2275 ὴμῶν
1621 2224 1805 2275 συνερ-

235 2295 338 2358 γεῐ.
371 2293 710 2360 Ἦδυνάμεθα
736 2292 841 2361 γὰρ
867 2295 954 2345 καὶ
977 2293 1072 2361 τῆς
1098 2293 1246 2354 θείας
1271 2294 1489 2363 χάριτος
1519 2295 1592 2364 μὴ
1620 2312 1807 2364 συνερο

235 2381 441 2451 γούσης
476 2383 715 2451 πληροῦν
747 2383 963 2447 ταύτας,
1000 2384 1417 2453 δυσχερέστερον
1448 2386 1525 2437 δέ.
1559 2386 1681 2449 Τοῖς
1713 2382 1806 2439 οῦν

235 2470 408 2522 ταῦτα
443 2471 689 2537 λέγουσιν
723 2471 967 2537 ἀνάθεμα
1001 2471 1193 2537 ἐπάγει
1224 2472 1256 2540 ή
1296 2471 1537 2536 σύνοδος,
1576 2472 1807 2539 λέγουσα

234 2563 293 2611 τὸ
324 2561 434 2611 πᾶν
460 2560 556 2627 τῆς
583 2559 731 2621 θείας
759 2562 975 2627 χάριτος
1003 2555 1161 2623 εἶναι,
1189 2560 1284 2612 καὶ
1310 2563 1436 2613 ἄνευ
1464 2562 1676 2630 ἐκείνης
1704 2579 1807 2632 μη-

228 2652 319 2703 δὲν
348 2652 497 2718 ἡμᾶς
531 2649 842 2719 κατορθοῦν.
872 2652 1030 2719 Φέρει
1065 2652 1121 2703 δὲ
1159 2652 1249 2703 καὶ
1286 2656 1589 2721 μαρτυρίαν
1620 2653 1683 2704 ἑκ
1711 2653 1804 2706 τοῦ

237 2743 466 2809 Κυρίου.
502 2742 767 2809 λέγοντος,
806 2744 993 2807 Χωρὶς
1027 2744 1173 2811 ἐμοῦ
1207 2746 1277 2796 οὐ
1312 2743 1576 2797 δύνασθε
1615 2744 1807 2796 ποιεῖν

233 2827 438 2889 οὐδὲν,
486 2829 578 2879 καὶ
621 2829 718 2878 οὐκ
764 2825 905 2889 εἷπε,
952 2831 1133 2896 φησὶν,
1179 2832 1253 2882 Οὐ
1300 2829 1527 2881 δύνασθε
1573 2830 1807 2899 εὐχερῶς

235 2920 412 2968 ποιεῖν
434 2934 446 2945 ·
480 2916 615 2981 ἀλλ’,
647 2918 835 2970 Οὐδὲν
865 2918 1126 2972 δύνασθε
1158 2920 1369 2971 ποιεῖν.

1906 1952 2135 2006 quarum
2172 1952 2273 1990 una
2309 1946 2426 1991 erat
2469 1936 2633 1990 etiam
2678 1951 2795 2001 quae
2838 1935 3072 1998 dicebat,
3120 1936 3263 2003 quod
3316 1935 3456 1987 Deus

1909 2029 2051 2082 dedit
2080 2029 2237 2082 nobis
2266 2028 2493 2082 liberum
2534 2026 2840 2089 arbitrium,
2886 2036 2945 2077 ut
2970 2039 3245 2092 possemus
3293 2024 3453 2077 etiam

1910 2118 2026 2171 sine
2076 2118 2255 2171 divina
2311 2116 2477 2185 gratia
2502 2115 2595 2168 Dei
2626 2116 2877 2167 mandata
2934 2114 3243 2181 complere:
3280 2114 3454 2165 divina

1909 2216 2087 2260 autem
2128 2205 2295 2273 gratia
2325 2203 2391 2256 ad
2423 2218 2483 2256 ea
2512 2202 2716 2256 facilius
2747 2199 3066 2268 perficienda
3118 2214 3272 2253 suum
3304 2198 3459 2251 nobis

1909 2294 2110 2362 pra‘bet
2139 2294 2417 2345 auxilium.
2457 2290 2624 2362 648
2649 2288 2939 2344 Possemns
2971 2291 3111 2341 enim
3160 2288 3247 2339 illa
3298 2287 3456 2340 etiam

1910 2386 2026 2437 siue
2087 2384 2265 2438 divina
2316 2396 2474 2450 opem
2521 2381 2723 2433 ferente
2767 2381 2959 2447 gratia,
3016 2377 3109 2431 sed
3163 2376 3458 2433 diliiciiius,

1909 2474 2151 2543 exsequi.
2182 2473 2248 2527 lis
2278 2487 2425 2541 ergo,
2454 2471 2541 2539 qui
2569 2471 2682 2524 hac
2710 2472 2913 2533 dicunt,
2940 2469 3223 2522 anathema
3256 2467 3460 2520 inducit

1908 2566 2169 2635 synodus,
2201 2578 2470 2627 asserens,
2520 2571 2689 2615 totum
2739 2561 2928 2629 gratias
2968 2574 3091 2613 esse
3144 2558 3359 2621 divinae,
3399 2574 3461 2610 ac

1910 2656 2026 2708 sine
2090 2654 2176 2707 illa
2227 2652 2361 2707 nihil
2412 2668 2439 2704 a
2497 2650 2653 2705 nobis
2683 2659 2826 2703 recte
2880 2650 2965 2717 agi
3029 2662 3209 2716 posse.
3250 2646 3462 2699 Profert

1911 2754 2084 2797 autem
2117 2754 2169 2796 et
2194 2741 2558 2796 testimonium
2594 2738 2840 2806 ,Domini.
2892 2738 3120 2789 dicentis
3159 2754 3172 2789 :
3214 2734 3338 2788 Sine
3385 2752 3464 2786 me

1912 2832 2040 2883 nihil
2076 2833 2288 2885 omnino
2316 2831 2532 2898 potestis
2575 2830 2745 2898 facere
2769 2828 2849 2879 ":
2878 2840 3050 2893 neque
3090 2826 3243 2887 dixit,
3272 2824 3461 2890 inquit,

1911 2921 2089 2974 Facile
2123 2921 2298 2974 tacere
2354 2932 2456 2972 non
2513 2918 2773 2986 potestis;
2835 2914 2949 2980 sed,
3011 2912 3163 2965 Nihil
3252 2912 3464 2977 potestis

1909 3011 2101 3077 facere.

230 3099 265 3146 Α
281 3096 457 3148 [ἾΣΤ.
517 3116 534 3145 1
564 3097 623 3147 Ὀ
650 3097 929 3163 κηρύττων
949 3097 1029 3148 ὅτι
1060 3097 1149 3150 καὶ
1175 3098 1296 3165 δίχα
1318 3097 1415 3164 τῆς
1442 3098 1658 3166 χάριτο;
1687 3099 1807 3151 δυσ·
1836 3128 1877 3182 c

1796 3130 1807 3139 -
1836 3128 1877 3182 ρ
1912 3104 2137 3158 ARIST.
2178 3121 2195 3153 1
2237 3102 2336 3169 Qui
2374 3102 2651 3169 prmdical.
2688 3098 2829 3167 quod
2860 3105 2913 3151 et
2963 3109 3079 3149 stne
3126 3104 3297 3161 gratia
3329 3091 3464 3142 dil'li-

304 3206 321 3236 1
370 3187 708 3255 χερεστέρως
726 3226 741 3247 ,
769 3186 881 3237 ἀλλ’
903 3185 994 3237 οὖν
1019 3186 1398 3254 ἑκπληροῦμεν
1422 3188 1517 3247 τὰς
1544 3189 1763 3250 ἐντολὰς
1784 3230 1797 3252 ,

306 3297 324 3326 1
372 3278 807 3342 τρισκατάρατος
836 3292 847 3304 ·
890 3294 908 3325 1
956 3276 1137 3339 prlc
1170 3276 1278 3342 γὰρ
1307 3275 1473 3341 ἐμοῦ,
1520 3295 1537 3325 ι
1578 3279 1743 3345 φησὶν
1775 3281 1802 3330 ὀ

311 3386 328 3416 1
383 3370 416 3415 Κ
436 3367 601 3432 ύριος,
635 3367 703 3418 οὺ
732 3365 993 3420 δύνασθε
1016 3365 1208 3417 ποιεῖν
1233 3364 1429 3418 οὐδέν.
1458 3385 1475 3416 ι

301 3458 409 3509 Τοῦ
446 3456 737 3521 Πελαγίου,
767 3456 856 3505 καὶ
890 3455 1235 3518 Κελεστίνου,
1266 3457 1359 3507 καὶ
1386 3456 1677 3526 Νεστορίου
1704 3457 1798 3509 τοῦ

234 3548 651 3613 ιςατιιὸφρονος,
701 3546 1017 3613 ὁμοφρόνων
1057 3550 1375 3613 γεγονότων,
1422 3549 1555 3601 ἀλλά
1596 3552 1691 3603 καὶ
1734 3553 1799 3603 τὰ

228 3640 335 3689 τῶν
373 3636 651 3687 δυσσεϐῶν
690 3637 1001 3703 Μανιχαίων
1040 3639 1374 3705 φρονούντων
1412 3639 1507 3691 καὶ
1541 3641 1799 3708 δογματι-

232 3727 449 3788 ςόντων,
483 3729 573 3777 καὶ
600 3726 767 3776 ταῦτα
800 3726 944 3792 ἆπερ
972 3727 1005 3793 ἡ
1039 3726 1249 3787 σύνοδος
1279 3728 1685 3794 ἀναθεματίζει,
1711 3731 1803 3781 ού-

233 3818 360 3868 ποτέ
387 3833 469 3876 τις
497 3816 665 3867 ταῦτα
698 3818 969 3884 φρονήσας
992 3818 1100 3878 τοῖς
1132 3817 1471 3883 Χριστιανοίς
1506 3820 1800 3891 συνταχθῆ-

233 3922 405 3966 σεται,
453 3906 587 3956 ἀλλὰ
630 3904 729 3972 τῆς
765 3904 1087 3974 Ἑκκλησίας
1128 3906 1678 3975 έξοστρακισθήσεται
1723 3911 1798 3970 ὡς

232 3996 546 4061 ἀλλότριος,
582 3996 673 4045 καὶ
714 3996 990 4063 χωρισμὸν
1023 3996 1133 4048 ἀπὸ
1166 3996 1365 4064 ταύτης
1409 4000 1498 4049 καὶ
1536 3997 1626 4050 τοῦ
1667 3999 1803 4051 Θεοῦ

232 4086 599 4154 κληρώσεται.
640 4086 774 4136 Φασὶ
818 4086 873 4137 δέ
915 4102 1059 4147 τινες
1099 4088 1225 4148 τοὺς
1268 4087 1515 4149 ἀνοσίους
1560 4090 1802 4155 τούτους,

231 4179 323 4229 τὸν
361 4178 683 4228 Κελεστῖνον
718 4176 917 4245 δηλαδὴ
954 4178 1046 4229 καὶ
1082 4178 1375 4243 Πελάγιον,
1415 4182 1553 4247 μήτε
1587 4180 1810 4232 ἐπισκό-

234 4285 398 4329 πους,
438 4268 575 4334 μήτε
609 4266 1038 4336 πρεσϐυτέρους,
1077 4268 1210 4335 μήτε
1242 4268 1376 4330 ὅλως
1402 4269 1497 4320 τοῦ
1530 4270 1803 4339 ίερατικοῦ

233 4354 492 4421 γενέσθαι
524 4357 803 4421 τάγματος
830 4372 842 4385 ·
877 4355 991 4406 ἀλλ’
1015 4356 1217 4407 ὡσανεὶ
1250 4357 1581 4423 μονάζοντας
1614 4359 1807 4427 ὄντας,

1993 3212 2009 3244 1
2053 3194 2211 3246 cilius
2237 3194 2471 3261 quidem.
2504 3191 2595 3244 sed
2645 3198 2823 3241 tamen
2856 3186 3132 3253 esplemus
3178 3183 3423 3234 mandata
3451 3219 3463 3240 ,

1992 3302 2010 3334 1
2060 3292 2139 3335 ter
2195 3280 2557 3335 exsecraudus
2600 3287 2683 3329 est
2739 3294 2753 3329 :
2814 3275 2943 3327 dicit
2996 3273 3136 3325 enim
3187 3270 3464 3331 Dominus,

1992 3392 2010 3422 1
2061 3371 2183 3425 Sine
2213 3388 2287 3423 me
2323 3369 2454 3422 nihil
2480 3370 2690 3421 omnino
2727 3366 2900 3432 facere
2940 3365 3176 3430 potestis.
3224 3381 3240 3413 ι

1988 3463 2200 3532 Pelagio
2224 3471 2275 3513 et
2295 3460 2561 3515 Celestino
2581 3464 2635 3511 et
2664 3454 2914 3509 Nestorio
2939 3455 3169 3533 absurda
3196 3452 3464 3519 sapiente.

1911 3550 2396 3610 consentientibus,
2446 3560 2499 3602 et
2534 3546 2819 3612 impiorum
2870 3542 3285 3595 Manichaeorum
3340 3540 3469 3605 dog-

1914 3653 2053 3696 mata
2077 3651 2131 3696 et
2162 3656 2221 3698 ea
2253 3655 2369 3709 qua:
2391 3636 2627 3705 synodus
2651 3633 3077 3687 anathematizat
3108 3629 3469 3685 sentientibus

1913 3744 1968 3785 et
2020 3728 2459 3800 praedicantibus,
2514 3726 2604 3791 qui
2657 3724 2843 3777 eadem
2902 3722 3066 3776 sentit
3125 3720 3266 3772 inter
3309 3718 3469 3770 Chri-

1916 3823 2121 3875 stiauos
2153 3833 2255 3872 nou
2285 3817 2577 3870 collocatur
2600 3854 2613 3875 ,
2650 3813 2743 3866 sed
2791 3826 2855 3865 ex
2910 3809 3153 3865 Ecclesia
3202 3808 3471 3876 relegatur

1917 3920 1973 3963 ut
2000 3910 2232 3970 alienus,
2283 3917 2337 3959 et
2382 3907 2447 3957 ab
2477 3917 2540 3956 ea
2572 3905 2772 3969 pariter
2816 3909 2874 3954 et
2925 3900 3032 3953 Deo
3078 3897 3469 3968 segregabitur.

1915 4003 2113 4057 Dicunt
2164 4010 2343 4053 autem
2378 3995 2597 4064 quidam
2658 3994 2849 4059 impios
2900 3992 3039 4056 illos,
3073 4004 3263 4055 nempe
3315 3987 3473 4042 Cele-

1913 4093 2108 4146 stinum
2137 4098 2192 4143 et
2225 4086 2519 4153 Pelagium,
2555 4098 2655 4139 nee
2680 4085 2963 4151 episcopos
2993 4095 3093 4134 nec
3126 4081 3471 4146 presbyteros

1917 4195 2015 4235 nec
2043 4178 2263 4231 omnino
2300 4178 2364 4229 de
2389 4176 2582 4228 ordine
2612 4172 2930 4225 sacerdotali
2964 4167 3169 4232 fuisse;
3202 4167 3293 4220 sed
3320 4168 3472 4233 quasi

1917 4269 2207 4324 monachos
2228 4264 2567 4325 exsistentes,
2592 4269 2645 4314 et
2669 4262 2915 4315 civitates
2947 4267 3386 4326 pertranseuntes
3414 4267 3467 4308 et

1913 4359 2316 4414 consentientes
2336 4362 2525 4409 contra
2554 4353 2856 4413 veritatem,
2880 4351 2933 4402 in
2958 4348 3256 4402 Ecelesiam
3292 4359 3471 4400 autem

235 4448 320 4497 καὶ
350 4446 732 4512 διερχομένους
754 4444 849 4505 τὰς
876 4446 1077 4506 πόλεις,
1105 4448 1196 4497 καὶ
1222 4448 1642 4514 συμφωνοῦντας
1667 4452 1807 4502 κατά
1838 4453 1884 4508 D

1838 4453 2256 4520 Diusurgentes
2314 4448 2418 4501 sub
2493 4441 2792 4512 Theophila
2836 4440 3172 4493 Alexandriae
3225 4439 3477 4507 episcOpn

233 4538 332 4601 τῆς
382 4534 671 4601 ἀληθείας,
720 4535 1126 4596 ὲπανσστάντας
1176 4537 1231 4588 δὲ
1273 4541 1337 4607 τῇ
1376 4540 1670 4610 Ἐκκλησία
1719 4542 1810 4593 ἐπὶ

234 4624 494 4689 Θεοφίλου
528 4623 620 4674 τοῦ
658 4624 956 4675 ἐπισκόπου
993 4625 1418 4693 Ἀλεξανδρείας,
1457 4630 1547 4682 καὶ
1584 4631 1807 4682 Ἰνοκεν-

232 4716 351 4764 τΞου
385 4712 481 4764 τοῦ
515 4713 762 4782 Ῥώμης,
794 4716 886 4765 καὶ
919 4717 1056 4783 μετὰ
1089 4715 1319 4779 πολλοὺς
1346 4719 1561 4785 ἀγῶνας
1592 4721 1685 4772 ὑπ’
1707 4722 1809 4773 αὐ-

233 4806 342 4854 τῶν
383 4803 447 4872 δὴ
496 4804 601 4854 τῶν
649 4805 959 4857 ἐπισκόπων
1005 4807 1298 4874 ἐγγράφως
1343 4811 1806 4878 κατακριθέντας⁸

234 4900 381 4953 ὅστις
424 4895 553 4961 γοῦν
591 4895 621 4963 ἦ
660 4896 746 4946 τὸν
785 4897 956 4964 ’Δδάμ
996 4896 1186 4962 θνητὸν
1220 4900 1278 4961 ιξ
1318 4900 1490 4967 ἀρχῆς
1529 4901 1635 4952 ἀπὸ
1677 4901 1812 4953 Θεοῦ

235 4987 490 5050 γενέσθαι
531 4986 877 5053 δογματίζει,
918 4991 1006 5039 καὶ
1047 4989 1133 5039 διὰ
1178 4990 1423 5057 ἀνάγκην
1458 4990 1556 5058 τῆς
1599 4993 1812 5059 φύσεως

233 5076 656 5144 τεῦνηξόμενον,
693 5077 792 5128 κᾶν
821 5096 876 5128 τε
908 5080 1153 5147 ἥμαρτε,
1189 5079 1287 5131 κᾶν
1320 5097 1377 5130 τε
1414 5083 1484 5148 μή
1512 5097 1524 5109 °
1560 5082 1591 5149 ἢ
1624 5070 1689 5133 τᾶ
1722 5083 1813 5147 νή·

236 5184 336 5217 πια
372 5167 516 5231 λέγει
555 5168 628 5235 μὴ
660 5170 734 5229 είς
766 5168 960 5234 ἄφεσιν
992 5171 1277 5238 ἁμαρτιῶν
1312 5169 1705 5238 βαπτίζεσθαι,
1736 5172 1811 5235 ὼς

238 5258 407 5325 μηδὲν
448 5259 509 5306 ἐκ
550 5258 647 5321 τῆς
688 5258 779 5311 τοῦ
819 5257 988 5327 ’Λδὰμ
1032 5261 1363 5328 προγονικῆς
1408 5262 1679 5331 ἁμαρτίας
1720 5264 1807 5313 ἔλ-

236 5365 425 5403 κοντι·
474 5352 564 5403 καί
611 5350 781 5422 ταῦτα
822 5350 915 5403 τοῦ
957 5353 1276 5405 Ἄποστόλου
1329 5355 1582 5422 βοῶντος,
1611 5356 1684 5417 ὼς
1727 5355 1806 5409 Δι’

230 5440 374 5502 ἐνὸς
418 5419 730 5505 ἀνθρώἐου
776 5443 811 5507 ἡ
852 5442 1104 5510 ἁμαρτία
1147 5445 1235 5509 εἰς
1276 5419 1378 5495 τεῒν
1417 5445 1645 5512 κόσμον
1684 5450 1811 5499 εἰσ·

232 5532 419 5599 ἦλθε,
461 5533 557 5585 καὶ
594 5533 689 5586 διὰ
726 5534 831 5599 τῆς
866 5537 1152 5604 ἡμαρτίας
1187 5541 1217 5591 d
1253 5538 1538 5602 θάνατος·
1580 5542 1610 5608 ἢ
1650 5541 1809 5592 πάλιν

310 5712 358 5739 ⁸³
388 5708 547 5763 Jun.
583 5729 667 5773 xv,
708 5713 758 5761 .‘i.

1914 4553 1968 4597 et
2002 4536 2313 4593 Innocentio
2350 4535 2557 4597 Romae,
2592 4542 2644 4586 et
2674 4542 2796 4599 post
2851 4529 3023 4583 multa
3070 4529 3369 4583 certamina
3414 4528 3480 4578 ah

1916 4638 2047 4698 ipsis
2076 4634 2241 4689 etiam
2272 4627 2546 4699 episcopis
2594 4622 2813 4691 scriptis
2860 4620 3023 4673 fuisse
3075 4619 3477 4671 condemuatos.

1916 4728 2237 4793 Quicunque
2269 4735 2399 4789 ergo
2426 4718 2691 4770 Adamum
2726 4728 2755 4766 a
2788 4712 2896 4766 Deo
2944 4710 3223 4763 mortalem
3281 4707 3481 4760 factum

1918 4817 2081 4869 fuisse
2104 4815 2283 4873 docet,
2311 4820 2365 4861 et
2385 4822 2479 4877 per
2502 4816 2705 4859 natura:
2731 4802 3110 4857 necessitatem
3137 4799 3481 4856 moriturum.

1919 4908 2034 4961 sive
2065 4909 2366 4973 peccasset,
2404 4899 2518 4955 sive
2550 4912 2652 4951 non
2677 4934 2691 4957 ,
2730 4904 2821 4947 aut
2853 4892 3086 4945 infantes
3121 4905 3226 4943 non
3271 4890 3323 4941 iu
3357 4903 3469 4955 pec-

1920 5007 2162 5051 catorum
2200 4990 2579 5047 remissionem
2636 4986 2939 5055 baptizatos
2972 4984 3122 5048 dicit,
3173 4990 3229 5034 ut
3278 4981 3407 5033 nihil
3456 4997 3482 5030 a

1918 5085 2192 5154 printitivo
2234 5080 2425 5134 Adami
2470 5082 2695 5145 peccato
2746 5072 3108 5133 attrahentes;
3167 5082 3285 5120 cum
3343 5067 3484 5131 Apo-

1918 5177 2086 5231 stolus
2107 5172 2451 5230 ltazcclantet,
2480 5165 2619 5235 quod
2638 5181 2727 5231 per
2758 5178 2918 5215 unum
2936 5161 3193 5212 hominem
3214 5167 3483 5224 peccatum

1920 5271 1972 5320 in
2010 5267 2261 5319 mundum
2296 5262 2453 5325 venit,
2488 5270 2535 5313 et
2566 5274 2656 5327 per
2700 5265 2967 5325 peccatum
3000 5267 3176 5312 mors;
3210 5250 3289 5302 vel
3322 5249 3483 5301 etiam

1920 5361 2086 5414 sentit
2114 5356 2439 5424 baptismum
2469 5360 2812 5421 peccatorum
2838 5345 3056 5416 quidem
3109 5342 3479 5397 remissionem

1921 5448 2131 5515 largiri,
2171 5461 2273 5499 non
2307 5454 2484 5496 autent
2522 5452 2575 5496 et
2601 5440 2838 5509 prmberc
2870 5435 3127 5490 auxilium
3164 5446 3229 5484 nc
3258 5429 3484 5495 amplius

1922 5551 2194 5607 peccetur,
2227 5536 2317 5592 sed
2351 5545 2536 5589 nostro
2581 5533 2692 5585 solo
2750 5535 2939 5580 conatu
3000 5524 3125 5578 illud
3168 5519 3436 5577 emendari
3463 5556 3482 5582 ,
