4224 6440
738 414 843 473 375

1958 413 2236 473 THEOD.
2267 411 2666 471 BALSAMOV

3876 418 3985 481 376

741 522 825 576 νυΙ
878 519 1006 575 iilttd
1056 522 1218 576 etiam
1277 521 1536 587 admittit,
1584 531 1638 578 et
1699 523 1791 577 Dei
1827 524 2057 592 gratiam
2099 538 2196 577 nos
2224 524 2308 583 ,ad
2340 526 2381 579 Α

2340 526 2381 579 Α
2414 527 2602 589 φρονεῖ
2629 522 2689 574 τδ
2722 521 3004 592 βάπτισμα
3036 522 3143 575 τῶν
3177 523 3280 593 μὲν
3311 524 3414 595 ἥδη
3447 522 3860 593 ἡμαρτημένων
3888 527 3998 580 δω-

742 611 995 664 mandata
1029 611 1196 679 ipsius
1220 612 1482 680 explenda
1532 613 1787 681 adjuvare
1839 614 2170 679 arbitratur;
2212 615 2306 668 sed

2418 616 2627 685 ρείσθαι
2659 616 2887 683 ἄφεσιν,
2923 618 2997 684 μὴ
3032 614 3294 685 παρέχειν
3325 616 3381 670 δὲ
3418 615 3669 686 βοήθειαν
3701 618 3798 669 καὶ
3832 618 3910 679 εις
3937 620 4006 671 τὸ

744 698 922 760 docet,
954 697 1097 765 quod
1122 709 1176 753 et
1205 702 1321 755 sine
1352 704 1525 770 gratia
1557 718 1620 756 ea
1670 702 1935 770 perﬁcere
1992 718 2304 773 possumus.

2418 702 2616 771 μηκέτι
2648 701 2984 771 ἁμαρτῆσαι,
3016 701 3130 754 ἀλλ’
3157 702 3215 767 ιε
3247 703 3525 771 ἡμετέρας
3557 703 3729 773 μόνης
3761 706 4001 777 σπουδῆς

740 788 834 841 sed
865 802 985 841 cum
1015 788 1328 844 ditiicultate
1356 807 1371 847 :
1410 793 1476 846 sit
1512 795 1820 848 anathema.
1854 794 1967 848 Nec
2004 794 2146 848 enim
2174 793 2310 848 dixit

2414 791 2571 844 τοῦτο
2602 790 3036 861 κατορθοῦσθαι·
3073 793 3107 862 ἢ
3144 794 3237 847 καὶ
3266 793 3424 847 τοῦτο
3458 793 3557 863 μὲν
3586 794 3997 866 παραδέχεται,

742 876 1021 942 Dominus,
1054 881 1196 947 quod
1227 880 1357 935 Sine
1392 897 1477 934 me
1520 897 1581 935 ea
1632 884 1917 937 dimoulter
1955 884 2179 952 potestis
2230 884 2309 935 fa-

741 982 893 1035 cere;
927 969 1017 1024 sed
1054 970 1194 1038 quod
1226 971 1349 1024 Sine
1379 988 1459 1024 me
1489 972 1621 1025 nihil
1655 976 1874 1040 potestis
1904 976 2099 1043 facere.

2417 883 2511 935 καὶ
2545 882 2643 950 τὴν
2679 883 2773 935 τοῦ
2809 882 2946 936 Θεοῦ
2982 885 3142 953 χάριν
3174 883 3391 949 δοξάζει
3433 885 3705 954 δνισχύειν
3738 886 3886 954 ἡμᾶς
3919 888 4003 949 εἰς

2419 975 2479 1025 τὸ
2512 975 2609 1036 τὰς
2646 975 2864 1038 ἐντολὰς
2905 975 3249 1044 ἐκπληροῦν·
3282 975 3523 1029 διδάσκει
3554 977 3609 1030 δὲ
3641 979 3718 1039 ὡς
3751 979 3846 1031 καὶ
3878 978 4002 1048 δίχα

740 1062 841 1128 τῆς
874 1062 1091 1129 χάριτος
1123 1062 1415 1131 κατορθοῦι
1450 1064 1617 1126 αΰτὰς
1650 1066 1985 1134 ἠδυνάμεθα,
2047 1064 2184 1135 πλὴν
2252 1064 2389 1133 μετά
2422 1066 2757 1135 δυσχερείας,
2789 1066 2903 1135 ἦτω
2937 1067 3202 1134 ἀνάθεμα.
3239 1067 3373 1120 ούδὶ
3408 1068 3516 1137 γάρ
3552 1063 3707 1121 εἶπεν
3736 1070 3764 1122 6
3796 1069 4003 1139 Κύριος

744 1157 818 1219 ὡς
844 1156 1028 1223 Χωρὶς
1054 1157 1189 1224 ἐμοῦ
1214 1158 1495 1227 δυσχερῶς
1520 1160 1749 1213 δύνασθε
1776 1167 1948 1215 ποιεῖν
1972 1162 2164 1226 αὑτὰς,
2189 1160 2327 1228 ἀλλ’,
2357 1160 2438 1214 ὅτι
2470 1162 2654 1230 Χωρὶς
2688 1162 2835 1232 ἐμοῦ
2868 1162 3050 1217 οὐδὲν
3079 1163 3347 1218 δύνασθε
3382 1162 3597 1219 ποιεῖν.

1311 1251 1541 1308 CANON
1588 1256 1750 1309 CXV.

2989 1255 3232 1309 ΚΑΝΩΝ
3269 1256 3420 1308 PIE'.

752 1359 769 1389 ι
819 1341 971 1407 Quod
1008 1359 1112 1397 non
1146 1344 1317 1398 solum
1352 1347 1593 1411 humilis,
1622 1349 1715 1402 sed
1746 1350 1909 1402 etiam
1940 1364 2066 1403 vera
2093 1358 2173 1403 cst
2204 1350 2315 1403 hmo
2418 1377 2420 1388 ι

2418 1366 2436 1398 ι
2468 1347 2591 1400 Ὀτι
2624 1349 2683 1400 οὐ
2725 1348 2884 1416 μόνον
2916 1348 3180 1416 ταπεινὴ,
3217 1347 3353 1401 ἀλλὰ
3386 1346 3483 1399 καὶ
3516 1346 3749 1416 ἀληθινὴ
3784 1350 3817 1417 ἡ
3852 1346 4002 1418 φωνὴ

824 1451 840 1480 ι
887 1448 985 1486 vox
1023 1445 1377 1491 sanetorum:
1411 1436 1466 1490 Si
1502 1438 1801 1493 dixerimus
1844 1441 1985 1507 quod
2036 1450 2314 1507 peccaturo

824 1541 840 1570 ι
893 1538 996 1575 non
1032 1524 1316 1589 habemus,
1344 1540 1439 1579 nos
1485 1528 1628 1594 ipsos
1663 1530 1999 1583 seducimus.
2055 1530 2316 1583 Similiter

824 1631 839 1660 ι
888 1613 1109 1681 placuit,
1141 1624 1200 1668 ut
1230 1616 1372 1683 quod
1420 1617 1557 1669 dixit
1610 1630 1831 1671 sanctus
1886 1616 2124 1673 Joannes
2176 1634 2308 1688 apo-

826 1724 841 1752 ι
890 1705 1060 1759 stolus
1096 1724 1108 1759 :
1143 1704 1202 1759 Si
1234 1707 1542 1771 dixerimus,
1573 1708 1710 1773 quod
1762 1718 2034 1775 peccatum
2080 1725 2183 1761 non
2216 1710 2314 1760 ha-

824 1813 841 1843 ι
888 1797 1086 1861 bemus,
1124 1814 1222 1849 nos
1249 1797 1392 1866 ipsos
1418 1798 1735 1861 reducimus,
1767 1806 1815 1849 et
1844 1800 2039 1852 veritas
2084 1800 2140 1852 in
2164 1801 2312 1853 nobis

827 1906 843 1935 ι
887 1904 989 1939 non
1016 1899 1089 1940 est
1115 1889 1198 1951 ";
1234 1890 1549 1956 quicunque
1579 1890 1657 1942 sic
1711 1890 2083 1959 accipiendum
2119 1892 2313 1946 existi-

824 1995 843 2027 ι
888 1979 1134 2041 maverit,
1166 1988 1220 2031 ut
1248 1979 1391 2032 dicat
1420 1994 1516 2045 per
1564 1979 1927 2033 humilitatem
1985 1997 2090 2033 non
2119 1982 2315 2036 debere

829 2068 1065 2121 :dicere
1121 2081 1220 2122 nos
1251 2085 1358 2121 non
1416 2069 1618 2123 habere
1676 2079 1980 2138 peccatum,
2037 2087 2140 2125 non
2172 2074 2315 2140 quod

826 2176 843 2208 ι
885 2172 1011 2211 vere
1040 2159 1113 2211 ita
1143 2167 1244 2221 est,
1278 2159 1349 2212 sit
1390 2165 1703 2213 anathema.
1762 2160 2117 2229 Prosequitur
2172 2163 2314 2216 enim

822 2270 839 2301 r
883 2250 1180 2319 apostolus,
1217 2262 1269 2304 et
1295 2251 1373 2305 sic
1404 2235 1684 2321 subiungit
1726 2272 1737 2305 :
1773 2252 1865 2307 Sin
1895 2262 2067 2305 autem
2099 2263 2315 2320 peccata

826 2358 843 2390 ι
888 2349 1068 2394 nostra
1101 2342 1327 2412 confessi
1377 2342 1660 2409 fuerimus,
1716 2343 1887 2410 fidelis
1927 2353 2003 2397 est
2041 2351 2089 2397 et
2137 2342 2317 2413 justus

824 2449 841 2482 ι
884 2432 974 2499 qui
1007 2443 1227 2501 peccata
1259 2433 1407 2486 nobis
1450 2436 1701 2501 remittet,
1732 2444 1781 2488 et
1811 2435 2061 2505 purgabit
2111 2452 2205 2491 nos
2253 2437 2317 2490 ab

826 2538 842 2568 ι
889 2525 1034 2575 omni
1084 2523 1446 2592 injurtitia".
1505 2525 1611 2581 Ubi
1662 2526 1823 2595 plane
1876 2535 2153 2581 ostensum
2211 2537 2316 2593 est,

830 2631 847 2663 ι
892 2613 996 2668 hoc
1030 2628 1139 2669 non
1174 2615 1347 2672 solum
1382 2616 1681 2680 humiliter,
1717 2617 1812 2672 sed
1845 2617 2009 2672 etiam
2036 2633 2160 2673 vere
2191 2619 2317 2673 dici.

828 2720 845 2751 ι
890 2701 1109 2757 Poterat
1140 2705 1283 2758 enim
1318 2706 1599 2773 apostolus
1639 2708 1857 2765 dicere:
1902 2711 1961 2766 Si
1996 2712 2319 2774 dixerimus,

828 2810 845 2840 ι
892 2792 1034 2858 quod
1064 2802 1351 2861 peccatum
1390 2808 1495 2848 non
1527 2796 1809 2853 habemus.
1842 2813 1939 2853 nos
1968 2802 2114 2867 ipsos
2143 2800 2319 2853 extol-

831 2902 847 2930 σ
898 2882 1081 2945 limus,
1136 2891 1191 2936 et
1242 2883 1522 2938 humilitas
1593 2900 1701 2939 non
1756 2898 1837 2941 cst
1892 2890 1942 2941 in
1995 2890 2150 2944 nobis
2183 2908 2196 2944 :
2229 2892 2321 2945 sed

834 2995 851 3025 ι
896 2989 1017 3029 cum
1056 2975 1212 3040 dixit,
1246 2975 1358 3029 Nos
1389 2978 1529 3046 ipso:
1557 2979 1877 3043 seducimur,
1907 2988 1988 3042 et,
2021 2979 2137 3033 Non
2167 2991 2241 3034 est
2268 2981 2320 3032 in

830 3083 845 3113 ι
890 3065 1037 3118 nobis
1071 3067 1306 3127 veritas;
1340 3077 1525 3133 aperte
1568 3068 1803 3121 ostendit
1860 3083 1983 3121 eum
2016 3068 2107 3136 qui
2167 3067 2319 3131 dicit,

2485 1457 2503 1487 ι
2550 1438 2656 1491 τῶν
2685 1438 2855 1505 ἁγίων
2883 1438 3033 1490 ἔστὶν
3062 1437 3203 1505 αὕτη
3228 1454 3242 1467 ·
3277 1439 3403 1490 Ἐὰν
3434 1438 3682 1506 εἴπωμεν
3702 1437 3785 1488 δτι
3816 1438 4001 1506 ἀμαρ-

2491 1546 2508 1577 ι
2555 1527 2678 1580 τίαν
2724 1529 2822 1580 ούκ
2867 1528 3100 1596 ἔχομεν,
3146 1524 3373 1588 ἑαυτοὺς
3418 1526 3731 1595 πλανῶμεν.
3769 1525 4007 1593 Ὁμοίως

2496 1637 2515 1668 ι
2562 1620 2778 1687 ἧρεσεν,
2810 1620 2899 1672 ἵνα
2927 1620 3066 1687 ὅπερ
3098 1613 3252 1671 εἶπεν
3279 1620 3307 1669 ὀ
3337 1618 3488 1682 ἅγιος
3524 1616 3780 1686 Ἰωάννης
3808 1619 3836 1669 ὁ
3866 1616 4010 1669 ἀπό-

2500 1728 2518 1760 ι
2568 1710 2748 1771 στολος
2775 1726 2791 1742 °
2834 1711 2974 1765 Ἐὰν
3000 1711 3258 1778 εἴπωμεν
3279 1708 3369 1762 ὅτι
3399 1709 3692 1777 ἁμαρτίαν
3733 1711 3846 1761 οὐκ
3875 1709 4013 1773 ἕχο-

2498 1818 2517 1850 ι
2554 1816 2689 1867 μεν,
2745 1800 2999 1866 ἑαυτοὺς
3032 1799 3371 1868 ἀπατῶμεν,
3414 1799 3511 1851 καὶ
3563 1799 3816 1863 ἀλήθεια
3866 1798 4014 1866 ἡμῖν

2495 1909 2513 1941 ι
2558 1894 2668 1945 οὐκ
2724 1892 2933 1945 ἔστιν’
3007 1892 3365 1960 ὁστισδηποτε
3412 1890 3562 1943 οὕτω
3619 1890 4013 1960 παραληπτέον

2493 1999 2512 2031 ι
2561 1982 2795 2050 νομίσει,
2822 1984 2895 2045 ὼς
2919 1984 3093 2035 εἰπεῖν
3116 1984 3206 2035 διὰ
3226 1980 3734 2051 ταπεινοφροσύνην
3760 1980 3836 2050 μὴ
3858 1980 4010 2048 ὀφει-

2495 2090 2512 2122 ι
2559 2071 2672 2123 λειν
2702 2072 2953 2139 λέγεσθαι
2983 2074 3132 2141 ἡμᾶς
3170 2072 3245 2141 μὴ
3281 2072 3426 2140 εχειν
3459 2070 3759 2140 ἁμαρτίαν.
3790 2070 3895 2140 οὐχ
3928 2072 4011 2123 ὅτι

2494 2180 2512 2212 ι
2560 2162 2774 2231 ἀληθῶς
2806 2160 2981 2224 οὕτως
3016 2162 3199 2222 ἐστὶν,
3234 2161 3489 2231 ἀνάθεμα
3522 2160 3631 2230 εῐη.
3669 2160 4013 2213 Ἐπακολου-

2496 2272 2514 2304 ι
2561 2253 2646 2305 θεῖ
2679 2253 2788 2321 γὰρ
2819 2255 2846 2304 ὁ
2876 2252 3176 2314 ἀπόστολος
3208 2253 3302 2305 καὶ
3340 2251 3773 2320 προσζεύγνυσιν
3803 2249 4014 2313 οὕτως’

2496 2364 2514 2399 ι
2555 2345 2688 2399 Ἐὰν
2714 2342 2782 2399 δὲ
2820 2344 3294 2415 ὁμολογήσωμεν
3332 2344 3439 2408 τὰς
3493 2342 3784 2411 άμαρτΙας
3812 2342 4010 2410 ἡμῶν.

2497 2456 2515 2489 ι
2564 2439 2775 2503 πιστός
2807 2437 2937 2490 ἐστι
2979 2436 3073 2489 καὶ
3109 2436 3361 2502 δίκαιος,
3407 2435 3585 2499 ὅστις
3610 2432 3836 2502 ἀφήσει
3870 2433 4021 2500 ἡμῖν

2500 2547 2518 2578 ι
2562 2530 2668 2593 τὰς
2697 2529 3006 2596 ἁμαρτιας,
3029 2528 3125 2581 καὶ
3156 2526 3468 2593 καθαρίσει
3494 2523 3650 2592 ἡμᾶς
3666 2522 3786 2576 ἀπὸ
3810 2521 4019 2588 πάσης

2500 2636 2519 2668 ι
2565 2618 2821 2683 ἀδικίας.
2853 2618 3021 2671 Ἔνθα
3062 2619 3201 2672 πάνυ
3243 2617 3542 2685 δεδήλωται
3574 2614 3732 2667 τοῦτο
3758 2613 3834 2684 μὴ
3858 2614 4023 2682 μόνον

2500 2727 2518 2758 ι
2565 2709 3025 2776 ταπεινοερρόνως,
3050 2707 3164 2759 ἀλλ’
3188 2706 3268 2759 ἔτι
3299 2706 3405 2775 μὴν
3432 2704 3705 2771 ἀληθινῶς
3728 2701 4018 2769 λέγεσθαι.

2502 2818 2519 2850 ι
2559 2800 2818 2853 Ἠδύνατο
2843 2798 2952 2865 γὰρ
2978 2800 3003 2849 ὁ
3030 2797 3329 2860 ἀπόστολος
3356 2798 3557 2860 εἰπεῖν,
3591 2795 3720 2847 Ἐὰν
3745 2794 4020 2861 εἴπωμεν.

2502 2911 2523 2942 ι
2568 2892 2680 2944 Οὐκ
2716 2890 2912 2960 ἔχομεν
2945 2888 3245 2958 ἁμαρτίαν.
3282 2888 3511 2948 ἑαυτοὺς
3547 2884 3879 2954 ὲξυψοῦμεν,
3922 2884 4020 2937 καὶ

2501 3000 2519 3032 ι
2565 2981 3037 3051 ταπεινοφροσύνῃ
3074 2982 3129 3032 ὲν
3160 2982 3293 3048 ἡμῖν
3323 2981 3421 3032 οὐκ
3456 2978 3604 3029 ἐστιν
3632 2993 3646 3007 ’
3679 2977 3795 3030 ἀλλ’
3822 2975 4020 3033 εἰπὼν,

2503 3091 2520 3123 ι
2563 3071 2845 3136 Ἑαυτοὺς
2859 3070 3195 3138 ἀπατᾶψεν,
3216 3069 3332 3133 καὶ,
3358 3069 3628 3135 Ἀλήθεια
3654 3067 3724 3119 ἐν
3746 3066 3891 3134 ἡμῖν
3915 3067 4029 3118 οὐκ

832 3174 849 3204 ‹
897 3171 953 3209 se
986 3170 1091 3208 non
1132 3156 1331 3210 habere
1365 3166 1673 3225 peccatum,
1704 3172 1806 3212 non
1833 3172 1957 3212 vere
2001 3159 2202 3225 dicere,
2230 3158 2324 3213 sed
2355 3179 2401 3240 ε

2360 3179 2401 3240 c
2510 3182 2527 3213 t
2575 3164 2743 3226 ἔστι,
2791 3163 2933 3214 πάνυ
2986 3161 3235 3226 ἀπέδειξε
3288 3161 3377 3212 τὸν
3423 3160 3652 3223 λέγοντα
3706 3159 3902 3211 ἑτυτδιν
3952 3161 4028 3225 μὴ

831 3265 848 3296 ι
898 3247 1135 3301 mentiri.
1176 3265 1194 3296 ι

823 3336 1019 3391 BALS.
1067 3349 1118 3391 et
1157 3335 1409 3392 ZONAR.
1447 3339 1674 3405 Quidam
1719 3342 1771 3394 id
1812 3340 1953 3409 quod
2004 3340 2133 3395 dicit
2188 3342 2331 3411 Apo-

752 3428 960 3482 s=olusz
1011 3426 1069 3482 Si
1122 3427 1441 3491 dixerimus,
1490 3432 1629 3500 quod
1680 3443 1955 3499 peccatum
2019 3449 2123 3487 non
2170 3432 2331 3485 habe-

755 3536 893 3584 mus,
934 3536 1027 3572 nos
1053 3520 1192 3587 ipso:
1219 3521 1516 3575 seducimus
1546 3539 1564 3575 :
1592 3523 1668 3577 sic
1696 3535 2042 3592 acceperunt,
2066 3524 2208 3592 quod
2240 3536 2331 3590 per

761 3610 1119 3664 humilitatem
1163 3612 1263 3667 hoc
1293 3622 1508 3680 oportet
1539 3614 1743 3677 dicere,
1774 3630 1877 3668 non
1905 3629 2000 3682 per
2027 3616 2330 3668 veritatem.

758 3700 865 3755 i'Ios
895 3715 1043 3771 ergo,
1071 3702 1160 3769 qui
1214 3704 1443 3768 apostoli
1489 3703 1697 3757 dictum
1752 3706 1830 3757 sic
1880 3705 2329 3772 interpretantur,

755 3794 1105 3846 anathemate
1158 3797 1519 3847 condemnant
1578 3794 1746 3864 649
1804 3795 2035 3859 Patres,
2092 3797 2334 3851 dicentes

755 3884 898 3952 quod
930 3898 995 3937 ex
1030 3884 1272 3952 proxime
1296 3886 1651 3951 sequentibus
1686 3884 1937 3953 Epistolas
1966 3886 2150 3940 verbis
2187 3887 2335 3940 clare

757 3974 1063 4029 ostenditur
1118 3974 1344 4042 apostoli
1409 3975 1707 4039 sententia,
1764 3976 2151 4044 subjungentis
2185 3993 2199 4031 :
2238 3976 2334 4031 Sin

758 4076 931 4120 autem
964 4067 1311 4133 conﬁteantur
1345 4076 1562 4132 peccata
1591 4079 1796 4130 nostra,
1829 4078 1885 4121 et
1912 4082 2033 4136 qua:
2077 4067 2335 4137 deinceps

762 4169 1087 4227 sequuntur.
1112 4155 1233 4211 Jsm
1270 4171 1398 4210 vero
1434 4157 1600 4211 David
1640 4173 1858 4227 quoque
1891 4159 2024 4213 dicit
2055 4178 2068 4213 :
2112 4159 2177 4212 In
2212 4176 2334 4223 pec-

760 4251 891 4303 catis
919 4248 1155 4315 concepit
1179 4264 1257 4300 me
1287 4258 1456 4300 mater
1477 4264 1589 4301 mea
1614 4250 1681 4302 ⁸⁸.
1712 4248 1825 4302 Nisi
1849 4251 1992 4303 enim
2025 4251 2108 4304 lex
2136 4252 2337 4318 nuptiis

758 4354 914 4408 opem
942 4339 1131 4404 ferret,
1165 4341 1341 4393 coitus
1392 4348 1673 4407 peccatum
1722 4340 2157 4406 existimaretur,
2209 4342 2333 4396 libi-

2512 3273 2530 3305 ι
2577 3254 2722 3323 ἔχειν
2744 3253 3041 3321 ἁμαρτίαν,
3073 3251 3146 3319 μὴ
3169 3251 3473 3318 ἀληθεύειν,
3499 3249 3635 3301 ἀλλά
3655 3248 3973 3316 ψεύδεσθαι.
4003 3267 4022 3299 ι

2505 3341 2701 3395 ΒΑΛΣ.
2741 3340 2834 3393 καὶ
2871 3340 3025 3391 ΖΩΝ.
3061 3339 3218 3399 Τινὲς
3254 3339 3315 3391 τὸ
3349 3337 3711 3390 ἀποστολικδν
3745 3338 3935 3407 ῥητὸν,
3969 3338 4033 3389 τὸ

2431 3432 2613 3500 λέγον,
2648 3430 2791 3484 Ἐὰν
2822 3430 3104 3497 εῑπωμεν,
3147 3430 3466 3496 ’ΔμαρτΙαν
3498 3429 3609 3481 οὐκ
3628 3428 3869 3496 ἔχομεν,
3888 3428 4030 3481 ἐαυ-

2433 3522 2575 3583 τοὺς
2608 3519 2950 3588 ἀπατῶμειο,
2986 3520 3157 3581 οὕτως
3192 3518 3644 3587 ὲξελαμδάνοντο,
3680 3519 3765 3569 ὅτι
3798 3517 3889 3569 διά
3927 3534 4026 3568 τα-

2436 3610 2872 3679 πεινοφροσύνην
2904 3610 2985 3661 δεῖ
3019 3609 3180 3661 τοῦτο
3220 3609 3423 3675 λέγειν,
3462 3609 3555 3661 καὶ
3599 3607 3660 3658 ού
3708 3608 3846 3675 πρὸς
3890 3605 4029 3674 ἀλή-

2436 3701 2607 3753 θειαν.
2638 3701 2775 3763 Τοὺς
2806 3699 2898 3752 οὖν
2924 3699 3096 3761 οὕτως
3126 3699 3527 3767 ἑρμηνεύοντας
3555 3696 3623 3749 τὰ
3653 3697 3925 3766 εἰρημένα
3952 3696 4033 3764 τῷ

2449 3791 2759 3861 ’Δποοτόλῳ
2804 3790 3108 3859 ἁναθέματι
3153 3789 3616 3852 καταδικάζουσιν
3654 3790 3704 3841 οι
3750 3789 4032 3857 Πατέρες,

2434 3882 2685 3948 λέγοντες
2725 3883 2807 3935 δτι
2849 3884 2915 3935 ἐκ
2952 3881 3061 3933 τῶν
3105 3881 3233 3947 ἑξῆς
3279 3881 3544 3949 ῥημάτων
3585 3880 3684 3946 τῆς
3717 3879 4033 3942 ἐπιστολῆς

2435 3972 2708 4025 δείκνυται
2754 3972 3035 4041 προδήλως
3076 3971 3169 4023 τοῦ
3215 3972 3595 4040 ἀποστόλου-ὴ
3644 3969 3869 4035 ἔννοια,
3928 3972 4032 4021 ιπ-

2437 4064 2680 4129 ἀγοντος·
2701 4065 2833 4116 Ἐὰν
2848 4062 2915 4115 δὲ
2928 4062 3396 4131 ὁμολογήσωμεν
3412 4062 3517 4126 τὰς
3529 4062 3826 4129 ἁμαρτίας
3838 4058 4032 4127 ἡμῶν,

2437 4158 2530 4208 καὶ
2566 4156 2667 4208 ὅσα
2708 4156 2927 4225 ἑφεξῆς.
2966 4156 3075 4207 Καὶ
3109 4158 3137 4208 ὁ
3172 4154 3337 4207 Δαόὶδ
3373 4154 3430 4207 δὲ
3476 4153 3626 4219 λέγει
3651 4170 3663 4182 ο
3703 4154 3807 4203 Ἐν
3848 4150 4039 4219 ἀμαρ-

2437 4247 2587 4312 τιάις
2620 4247 2919 4313 ἐκισσησέ
2948 4262 3023 4313 με
3056 4246 3094 4311 ἠ
3124 4245 3323 4312 μήτηρ
3352 4261 3494 4310 μου.
3528 4242 3589 4293 Et
3625 4240 3701 4309 μὴ
3736 4239 3845 4307 γὰρ
3884 4242 3912 4291 ὸ
3944 4238 4034 4291 νό-

2442 4357 2538 4407 μος
2586 4338 2879 4408 ἐπεκούρει
2919 4337 2996 4404 τῷ
3040 4337 3225 4405 γάμῳ,
3272 4334 3519 4403 ἁμαρτία
3564 4335 3631 4387 ἂν
3676 4331 3959 4397 ἐλογίζετο
4001 4331 4034 4399 ἡ

759 4435 937 4487 dinem
969 4432 1261 4499 carnisque
1292 4430 1678 4497 appetitionem
1720 4430 1945 4493 habens,
1986 4448 2107 4499 qua:
2154 4434 2332 4503 ipsum
2370 4496 2396 4503 _

2370 4496 2396 4503 _
2444 4430 2588 4500 μίξις
2610 4470 2625 4493 ,
2662 4429 3021 4499 φιλοσαρκίαν
3056 4430 3152 4483 καὶ
3191 4427 3369 4497 ὄρεξιν
3404 4424 3678 4495 σαρκικὴν
3714 4423 3913 4493 ἔχουσα
3954 4438 4035 4472 κι-

760 4525 1034 4588 incitaret,
1069 4526 1280 4579 etiamsi
1344 4524 1640 4577 liberorum
1668 4526 1841 4592 gratia
1877 4525 2051 4579 ﬁeret.
2090 4526 2157 4579 Et
2193 4528 2334 4592 ideo,
2370 4496 2412 4550 Β

2370 4496 2412 4550 D
2443 4496 2641 4574 νοῦσαν
2669 4496 2747 4583 εἰς
2780 4496 2978 4589 αὐτὴν,
3016 4520 3121 4573 κᾶν
3149 4496 3238 4572 διά
3273 4517 3624 4574 παιδοποιίαν
3657 4517 3908 4582 γένηται.
3943 4513 4035 4565 Διδ

759 4617 827 4669 In
852 4619 1103 4684 peccatis,
1142 4617 1277 4670 dixit
1328 4615 1517 4679 David,
1571 4617 1809 4684 concepit
1860 4633 1941 4669 me
1998 4631 2168 4673 mater
2198 4635 2335 4675 mea.

767 4710 823 4763 Si
860 4710 1004 4763 enim
1039 4709 1219 4761 carnis
1248 4706 1596 4774 cupiditatem
1641 4712 1860 4759 Causam
1896 4707 2089 4761 habeat
2140 4723 2336 4777 corpo-

763 4817 880 4856 rum
911 4800 1210 4870 generatio,
1245 4799 1368 4852 talia
1406 4806 1530 4849 sunt
1554 4798 1779 4851 omnino
1825 4807 1880 4852 et
1924 4813 2044 4867 qua:
2092 4815 2154 4853 ex
2207 4802 2338 4870 ipsis

759 4902 1103 4957 generantur.

758 4982 985 5037 ARIST.
1026 5001 1046 5034 ι
1086 4982 1210 5048 Qui,
1258 4981 1531 5049 Theologo
1577 4980 1793 5035 dicente
1833 4999 1846 5033 :
1885 4998 1903 5030 ι
1934 4978 1991 5034 Si
2015 4980 2334 5046 dixerimus,

834 5091 853 5123 ι
896 5077 1038 5142 quod
1070 5084 1356 5142 peccatum
1410 5076 1461 5128 in
1505 5072 1661 5127 nobis
1684 5088 1792 5126 non
1827 5080 1929 5136 est,
1976 5073 2337 5139 nosmetipsos

833 5184 853 5217 ι
895 5165 1252 5229 seducimus;
1282 5183 1299 5215 ι
1324 5166 1707 5230 interpretatur
1735 5172 1917 5216 utnon
1940 5176 2084 5226 vere,
2116 5162 2211 5214 sed
2243 5162 2340 5214 hu-

837 5276 854 5306 ι
898 5257 1096 5311 militer
1123 5258 1225 5310 hoc
1252 5256 1452 5309 dixerit
1486 5273 1498 5308 :
1535 5255 1819 5316 anathema
1873 5255 1962 5307 sit.
2001 5271 2019 5304 ι

834 5348 1281 5417 Quandoquidem
1306 5362 1495 5400 omnes
1525 5362 1713 5399 sumus
1739 5346 1791 5398 in
1821 5345 2075 5412 peccatis,
2102 5354 2155 5398 et
2182 5357 2340 5397 nemo

2443 4612 2559 4677 καὶ,
2591 4614 2694 4667 Ἐν
2722 4613 3050 4680 ἁμαρτίαις,
3079 4605 3235 4662 εἶπεν
3260 4612 3288 4663 ὁ
3322 4608 3508 4671 Δαϐὶδ,
3556 4606 3865 4671 ἐκισσησέ
3890 4620 3969 4672 με
3996 4602 4034 4667 ἠ

2436 4702 2635 4772 μήτηρ
2662 4721 2801 4771 μου.
2832 4704 2895 4757 Et
2927 4704 3035 4770 γὰρ
3061 4702 3243 4753 αἰτίαν
3270 4701 3383 4768 ἔχει
3415 4700 3518 4779 τὴν
3546 4697 3645 4765 τῆς
3678 4695 3885 4763 σαρκὸς
3916 4695 4039 4744 ὲπι-

2442 4797 2642 4865 θυμίαν
2667 4796 2777 4848 τῶν
2807 4794 3073 4863 σωμάτων
3099 4794 3130 4861 ἡ
3163 4793 3397 4859 γένεσις,
3427 4786 3654 4841 τοιαῦτα
3685 4786 3907 4845 πάντως
3942 4785 4040 4835 καὶ

2439 4888 2510 4940 τὰ
2538 4888 2595 4953 ἐξ
2626 4888 2804 4941 αὐτῶν
2833 4885 3167 4955 γεννώμενα.

2443 4977 2665 5032 ΑΙῚΣΤ.
2731 4995 2750 5028 ι
2788 4978 2867 5039 ’0,
2901 4975 2993 5027 τοῦ
3029 4974 3290 5039 Θεολὸγου
3324 4971 3603 5037 λέγοντος·
3649 4987 3666 5019 ι
3704 4967 3833 5019 Ἐὰν
3867 4968 4039 5017 εἴπω-

2521 5087 2540 5119 ι
2590 5086 2687 5137 μεν
2710 5069 2791 5119 ὅτι
2816 5066 3060 5135 ἁμαρτία
3084 5067 3142 5117 ὲν
3168 5066 3298 5133 ἡμῖν
3321 5064 3420 5115 οὐκ
3448 5061 3615 5123 ἔστιν,
3641 5058 3873 5121 ἑαυτοὺς
3898 5058 4041 5109 om.

2521 5179 2539 5211 ι
2588 5159 2786 5225 τῶμεν,
2834 5178 2853 5209 ι
2899 5154 3335 5226 παρερμηνεύων
3368 5155 3450 5206 ὅτι
3485 5154 3585 5204 οὐκ
3624 5149 3879 5217 ἀληθῶς,
3907 5147 4041 5201 ἀλλά

2521 5270 2538 5299 ι
2588 5249 3025 5317 ταπεινοφρόνως
3057 5247 3243 5316 εἴρηκε
3273 5245 3453 5309 τοῐτο,
3486 5244 3759 5311 ἀνάθεμα.
3806 5258 3827 5291 ι

2533 5340 2750 5408 Ἐπειδὴ
2803 5340 3000 5401 πάντες
3046 5339 3103 5390 ἐν
3146 5338 3441 5406 ἁμαρτίαις
3489 5334 3680 5403 ἐσμὲν,
3722 5332 3819 5385 καὶ
3862 5331 4040 5393 οὐδεὶς

762 5455 982 5507 purusa
1019 5440 1288 5497 sordibus.
1327 5439 1541 5491 etiamsi
1577 5453 1716 5490 unus
1762 5438 1877 5491 dies
1923 5447 2034 5489 tota
2083 5437 2153 5489 sit
2197 5435 2339 5489 illius

2450 5432 2688 5501 καθαρὸς
2726 5431 2833 5482 ἀπὸ
2874 5430 3072 5497 ῥύπου,
3105 5429 3301 5482 οὐδ’ἂν
3339 5429 3436 5497 μία
3469 5427 3655 5496 ἡμέρα
3692 5426 3813 5486 ὅλος
3851 5426 3881 5476 ὁ
3924 5423 4038 5491 βίος

766 5537 870 5588 vita
908 5554 919 5587 :
956 5531 1289 5586 anathemati
1314 5530 1585 5584 obnoxius
1613 5540 1715 5593 est,
1753 5530 1843 5598 qui
1868 5528 2025 5593 dicit,
2057 5528 2340 5582 humiliter

2448 5520 2610 5575 αἱ)τοῦ
2630 5522 2798 5572 ἐστιν’
2830 5519 3127 5587 ἁναθέματι
3152 5517 3306 5569 ἔσται
3326 5517 3509 5587 ἔνοχος
3524 5519 3554 5568 ό
3572 5516 3749 5582 λέγων
3778 5529 4036 5567 ramulo-

764 5635 817 5680 ct
848 5642 950 5679 non
980 5638 1107 5678 vere
1134 5625 1200 5675 ab
1229 5621 1474 5692 apostolo
1501 5621 1605 5675 dici
1639 5638 1652 5674 :
1690 5620 1843 5684 Quod
1876 5621 1918 5673 si
1950 5620 2176 5673 dicimus
2200 5624 2337 5689 quod

2450 5618 2680 5689 φρόνως,
2703 5617 2795 5670 καὶ
2824 5615 2897 5685 μὴ
2925 5615 3137 5685 ἀληθῶς
3168 5614 3316 5685 παρὰ
3340 5613 3435 5669 τοῦ
3456 5612 3763 5667 ἀποστόλου
3782 5608 4039 5679 εἰρῆσθαι

830 5813 1091 5869 “Hom.
1154 5829 1186 5880 ι,
1240 5812 1324 5866 10.
1397 5810 1595 5865 3’ihid.
1652 5808 1681 5863 9
1748 5808 1791 5837 ⁵⁸
1822 5805 1961 5860 Psal.
2002 5820 2053 5870 ι,
2099 5803 2147 5855 'i.
