4224 6440
804 386 908 446 3'79

2052 394 2328 451 THEOD.
2375 394 2463 449 ΒΛ
2475 395 2767 452 LSAMON

3891 394 3991 455 380

804 488 934 554 ipsis
971 508 981 541 :
1020 500 1071 542 et
1127 492 1398 546 adducunt
1447 496 1748 548 testimonia
1801 511 1968 550 sacra:
2015 498 2336 566 Scriptum;
2369 505 2411 558 Α
2442 514 2471 547 τ

2322 516 2336 560 ;
2369 505 2411 558 Α
2442 502 2553 549 τεῖν
2583 500 2680 564 τὴν
2711 501 2902 565 ἄνεσιν
2932 496 3039 549 τῶν
3071 497 3381 566 ἁμαρτιῶν,
3413 495 3545 548 ἀλλὰ
3576 507 3666 549 καὶ
3697 498 3835 565 ὑπὲρ
3864 503 3986 550 ἑαυ-

802 592 964 629 uuum
998 581 1206 645 quidem
1233 597 1295 634 ex
1335 582 1566 647 Epistula
1619 584 1802 637 Jacobi
1860 586 2041 640 fratris
2092 587 2299 642 Domini
2328 630 2344 654 ,

805 666 1002 731 reliqua
1033 680 1206 721 autem
1240 686 1302 724 ex
1338 670 1515 725 Veteri
1540 671 1908 729 Testamento.

799 858 1020 913 AlilST.
1064 881 1083 911 ι
1120 863 1216 926 Qui
1262 866 1385 918 illud
1421 884 1433 917 :
1470 867 1683 920 Dimitte
1732 871 1874 922 nobis
1905 872 2079 924 debita
2129 883 2340 938 nostra;

878 969 893 999 ι
937 968 1051 1018 qure
1078 956 1363 1006 multorum
1388 968 1513 1009 sunt
1543 958 1745 1021 dicere,
1778 969 1832 1012 et
1881 976 1985 1014 non
2015 975 2131 1028 quae
2160 965 2341 1028 singu-

873 1058 891 1089 ι
935 1042 1104 1094 lorum
1138 1052 1189 1095 et
1214 1049 1445 1111 propria,
1480 1050 1717 1115 exponit,
1748 1052 2030 1104 anathema
2068 1053 2139 1105 sit
2169 1070 2184 1104 :
2216 1067 2337 1105 cum

873 1146 891 1175 ι
935 1129 1205 1182 Danielem
1233 1134 1392 1185 etiam
1441 1148 1561 1185 cum
1599 1137 1776 1188 multis
1820 1138 2084 1190 dicentem
2118 1139 2334 1191 videat:

870 1236 887 1265 ι
931 1214 1206 1284 Confessus
1245 1238 1358 1272 sum
1397 1228 1608 1287 peccata
1657 1239 1789 1284 mea,
1816 1234 1863 1276 et
1910 1238 2118 1290 peccata
2163 1229 2339 1293 populi

868 1323 885 1354 ι
927 1324 1044 1358 met.
1092 1328 1111 1359 ι

870 1396 970 1460 Qui
1004 1414 1279 1468 perperam
1327 1402 1734 1470 interpretatur,
1767 1406 1903 1473 quod
1959 1408 2129 1460 sancti
2180 1407 2332 1467 illud,

794 1487 1009 1539 Itemitte
1062 1493 1205 1543 nobis
1239 1494 1433 1558 debita,
1493 1494 1755 1559 dicentes,
1820 1511 1925 1549 non
1986 1511 2082 1564 pro
2138 1498 2331 1564 seipsis

790 1588 1070 1641 precantes
1110 1581 1235 1633 illud
1262 1584 1464 1647 dicunt,
1496 1595 1682 1637 utnon
1729 1586 1988 1639 habentes
2032 1596 2331 1653 peccatum,

787 1680 849 1718 ac
882 1666 1000 1719 ideo
1034 1672 1336 1735 precatione
1370 1673 1468 1725 ista
1505 1688 1606 1726 non
1646 1674 1919 1741 indigent,
1953 1676 2044 1729 sed
2081 1690 2178 1743 pro
2208 1690 2332 1743 pec-

783 1758 1055 1810 catoribus
1080 1761 1379 1815 oralionem
1409 1762 1567 1815 istam
1603 1764 1707 1816 Deo
1745 1764 1999 1828 oll'erunt,
2048 1768 2328 1818 anathema

784 1848 873 1900 sit.
905 1848 1137 1903 Sanctus
1164 1853 1304 1904 enim
1333 1864 1385 1906 et
1417 1857 1595 1919 justus
1642 1864 1760 1908 erat
1781 1856 2054 1923 apostolus
2076 1855 2327 1919 Jacobus,

785 1938 1000 2003 quando
1030 1940 1184 1999 dixit,
1219 1940 1283 1993 In
1314 1943 1488 1995 multis
1524 1945 1658 1995 enim
1701 1960 1973 2011 peccamus
2028 1961 2199 1998 omnes
2228 1958 2246 1996 :
2279 1952 2332 1998 et

786 2027 972 2081 Daniel
1003 2029 1050 2080 in
1081 2031 1322 2085 oratione
1348 2033 1463 2098 ejus
1494 2052 1710 2090 numero
1737 2037 1928 2105 plurali
1960 2039 2162 2102 dicens,
2197 2035 2328 2089 Pec-

778 2120 1027 2181 cavimus,
1085 2119 1242 2188 legem
1301 2127 1618 2193 transgressi
1647 2144 1824 2182 sumus
1873 2138 1924 2183 et
1959 2142 2185 2196 cretera;
2232 2130 2327 2183 de-

2445 589 2573 640 τῶν.
2608 591 2715 641 Καὶ
2750 593 3047 654 μαρτυρίας
3078 589 3395 654 ἐπιφέρουσι
3429 589 3731 653 γραφικὰς,
3771 589 3895 654 μίαν
3925 592 3989 642 ἐκ

2446 680 2543 746 τῆς
2573 681 2858 746 ἐπιστολῆς·
2886 681 2974 731 τοῦ
3006 678 3319 746 ἁδελφοθέου
3356 678 3638 739 Ἰακώσου,
3666 679 3759 738 τὰς
3787 678 3841 729 δὲ
3876 678 3985 729 λοι-

2443 769 2553 829 πὰς
2580 771 2642 819 ὲκ
2666 773 2763 837 τῆς
2794 770 3149 834 παλαιοτέρας
3179 768 3414 835 Γρατρῆς.

2442 858 2658 911 ΑΡΙΣΤ.
2699 878 2716 908 ι
2758 858 2816 909 Ὀ
2849 855 3217 924 παραφράζων
3243 856 3321 918 τὸ,
3355 856 3533 920 Ἄφες
3562 855 3702 920 ἡμῖν
3741 854 3811 907 τὰ
3833 857 3985 920 δέρει·

2524 965 2540 996 ι
2584 947 2817 1013 λήματα
2865 947 3063 1013 ἡμῶν,
3107 947 3173 997 τὰ
3217 945 3325 996 τῶν
3394 944 3599 996 πολλῶν
3642 944 3846 1008 λέγειν,
3893 947 3985 994 καὶ

2520 1054 2538 1087 ι
2581 1037 2677 1103 οὐχ
2706 1036 2932 1087 ἑκάστου
2961 1035 3054 1086 καὶ
3078 1035 3145 1086 τὰ
3168 1036 3360 1093 οἰκεῖα,
3388 1032 3632 1098 ἀνάθεμα
3652 1047 3664 1059 ·
3696 1032 3830 1097 μετὰ
3862 1031 3984 1080 πολ-

2516 1144 2534 1175 ι
2581 1125 2686 1175 λῶν
2728 1128 2817 1175 καὶ
2858 1124 3053 1192 Δανιὴλ
3096 1122 3305 1189 βλέπων
3347 1121 3591 1186 λέγοντα,
3653 1121 3979 1185 Ἐξωμολο-

2514 1233 2532 1264 ι
2580 1215 2808 1282 γούμην
2844 1214 2948 1277 τὰς
2969 1212 3251 1279 ἁμαρτιας
3277 1226 3414 1277 μου,
3457 1208 3554 1261 καὶ
3576 1209 3681 1271 τὰς
3702 1208 3984 1275 ἁμαρτίας

2514 1321 2531 1353 ι
2575 1302 2679 1355 τοῦ
2710 1300 2862 1355 λαοῦ
2881 1318 3018 1368 μου.
3064 1320 3083 1350 s

2523 1396 2580 1448 '0
2613 1393 3041 1462 παρερμηνεὺων
3066 1392 3139 1453 ὡς
3170 1394 3219 1445 oi
3248 1392 3391 1459 ἅγιοι
3419 1392 3507 1455 τὸ,
3538 1393 3718 1457 ’Λφες
3748 1390 3888 1455 ἡμῖν
3919 1392 3987 1443 τὰ

2436 1485 2801 1554 ὀφειλήματα
2820 1524 2835 1543 ,
2866 1483 3141 1547 λέγοντες,
3176 1481 3274 1549 οὐχ
3304 1481 3440 1548 ὑπὲρ
3472 1479 3678 1531 ἑαυτῶν
3707 1480 3985 1545 εὐχόμενοι

2433 1576 2589 1629 τοῦτο
2634 1576 2905 1641 λέγουσιν,
2945 1574 3019 1633 ὡς
3067 1573 3139 1640 μὴ
3181 1571 3393 1639 ἔχοντες
3435 1569 3727 1637 ἁμαρτίας,
3769 1570 3861 1626 καὶ
3900 1568 3987 1619 διὰ

2432 1661 2588 1714 τοῦτο
2618 1661 2751 1730 μηδὲ
2776 1661 3013 1727 δεόμενοι
3036 1660 3132 1727 τῆς
3166 1658 3428 1727 αἰτήσεως
3452 1656 3651 1724 ταύτης
3670 1673 3683 1686 ·
3709 1656 3822 1707 ἀλλ’
3846 1655 3986 1720 ὑπὲρ

2432 1752 2538 1804 τῶν
2565 1749 2900 1820 ἁμαρτωλῶν
2926 1749 3023 1816 τὴν
3054 1748 3259 1800 ἱκεσίαν
3287 1746 3489 1813 ταύτην
3519 1745 3877 1814 προσφέρουσι
3909 1745 3985 1811 τῷ

2359 1819 2405 1878 Β
2432 1840 2568 1909 Θεῷ,
2594 1819 2708 1909 ήτω
2735 1838 2978 1906 ἀνάθεμα
2999 1854 3016 1871 ο
3043 1838 3194 1905 ἅγιος
3222 1837 3328 1903 γὰρ
3357 1834 3448 1886 καὶ
3478 1835 3679 1895 δίκαιος
3705 1830 3771 1901 ἦν
3800 1835 3987 1910 Ἰάκω-

2432 1930 2524 1992 60;
2573 1931 2601 1981 ὁ
2653 1930 2982 1991 ἀπόστολος,
3030 1929 3119 1980 ὅτε
3171 1924 3392 1991 ἔλεγενο
3433 1924 3533 1976 Ἐν
3579 1923 3832 1987 πολλοῖς
3879 1925 3987 1990 γὰρ

2431 2017 2841 2086 ἁμαρτάνομεν
2865 2017 3083 2081 πάντες
3103 2033 3116 2045 ·
3144 2016 3236 2069 καὶ
3265 2019 3291 2067 ὀ
3314 2015 3511 2084 Δανιὴλ
3535 2015 3590 2064 ὲν
3613 2016 3676 2081 τῇ
3710 2015 3980 2080 προσευχῇ

2429 2107 2594 2160 αὑτοῦ
2632 2107 3001 2176 πληθυντικῶς
3029 2107 3198 2172 λέγων
3217 2122 3231 2136 ’
3262 2106 3644 2172 Ἦμάρτομεν,
3676 2102 3983 2169 ἠνομήσα·

777 2209 900 2261 inde
934 2223 987 2263 et
1019 2211 1364 2278 singulariter
1390 2218 1611 2278 addens,
1644 2218 1925 2283 Confessus
1955 2237 2071 2273 sum
2113 2232 2325 2287 peccata
2424 2213 2445 2263 Ι

2319 2238 2325 2272 ι
2424 2212 2560 2263 μεν,
2595 2195 2688 2246 καὶ
2716 2195 2781 2245 τὰ
2814 2193 3005 2245 λοιπά·
3037 2189 3153 2244 εἶτα
3186 2194 3278 2244 καὶ
3314 2193 3491 2253 ίδικῶς
3526 2192 3741 2255 ἐπάγων
3768 2207 3780 2218 ·
3816 2190 3987 2250 Ἐξω-

779 2315 913 2363 mea,
949 2312 995 2353 et
1022 2313 1233 2368 peccata
1266 2307 1444 2371 populi
1476 2308 1575 2359 mei
1610 2308 1833 2362 Domino
1869 2309 1979 2362 Deo
2012 2328 2145 2364 mea.

1319 2480 1546 2537 CANON
1584 2485 1787 2541 CXVII.

782 2589 797 2617 ι
845 2570 996 2635 Quod
1029 2587 1055 2624 a
1082 2575 1284 2627 sanctis
1320 2590 1441 2629 vere
1474 2578 1693 2639 dicitur,
1727 2578 1942 2631 Dimitte
1985 2580 2130 2631 nobis
2154 2581 2325 2632 debita

849 2682 868 2713 ι
909 2676 1083 2714 nostra
1108 2668 1170 2715 ⁶⁶.
1210 2665 1467 2718 Similiter
1499 2669 1718 2733 placuit,
1766 2679 1821 2721 nt
1854 2671 2161 2735 quicunque
2213 2670 2326 2722 hare

849 2772 866 2802 ι
908 2757 1065 2806 verba
1116 2754 1388 2809 Orationis
1442 2757 1749 2817 Dominicis,
1806 2760 1893 2809 lllJI
1947 2760 2193 2823 dicimus,
2232 2759 2323 2812 Di-

848 2864 864 2893 ι
909 2847 1050 2898 mitte
1112 2848 1257 2899 nobis
1310 2840 1481 2899 debita
1533 2858 1728 2907 nostra,
1783 2850 1859 2900 sic
1904 2848 2085 2901 volunt
2138 2850 2241 2901 dici
2297 2866 2323 2901 a

850 2953 865 2982 ι
911 2938 1134 2999 sanetis,
1166 2948 1302 2988 utea
1335 2938 1627 3000 humiliter,
1679 2952 1786 2989 non
1827 2952 1952 2991 vere
2002 2940 2141 2992 dicta
2182 2939 2323 3003 sint;

851 3046 867 3073 ι
913 3026 1013 3076 sint
1047 3026 1348 3079 anathema.
1382 3027 1511 3090 Quis
1538 3028 1680 3079 enim
1730 3026 1865 3079 ferat
1913 3041 2242 3095 precantem,
2271 3041 2324 3082 et

846 3137 865 3164 ι
911 3132 1015 3170 non
1073 3118 1400 3180 hominibus,
1464 3122 1553 3172 sed
1612 3122 1716 3173 Deo
1772 3124 2118 3175 mentientem

850 3227 866 3258 ι
913 3208 1075 3260 labris
1098 3207 1259 3271 dicat,
1296 3210 1428 3265 velle
1456 3210 1554 3261 sibi
1585 3211 1818 3271 remitti,
1852 3213 1943 3263 sed
1974 3214 2135 3264 corde
2162 3212 2323 3271 dicat,

850 3318 866 3349 ι
910 3314 965 3351 se
997 3314 1097 3349 non
1129 3299 1324 3350 habere
1355 3308 1595 3366 peccata,
1622 3314 1740 3368 qum
1772 3300 1872 3353 sibi
1906 3301 2277 3353 dimittantur?
2306 3321 2322 3351 ι

848 3648 1037 3700 l:.\l.S.
1070 3646 1313 3699 Prmscns
1341 3661 1549 3713 quoque
1582 3662 1749 3700 canon
1790 3658 1872 3701 est
1919 3650 2156 3713 ejusdem
2207 3666 2331 3703 scn-

773 3740 973 3801 ιιειιιίιιι,
1007 3753 1126 3790 cum
1154 3737 1302 3799 dicit,
1334 3735 1464 3804 Quis
1495 3739 1636 3789 enim
1669 3753 1789 3790 eum
1826 3739 1983 3801 feret,
2017 3740 2105 3808 qui
2153 3742 2328 3795 verbis

772 3833 985 3897 quidem
1010 3830 1144 3897 petit
1170 3830 1537 3882 remissionem
1571 3840 1932 3896 peccatorum,
1960 3832 2125 3883 corde
2146 3844 2325 3885 autem

774 3936 830 3974 se
855 3936 956 3973 non
984 3921 1179 3973 habere
1205 3930 1427 3986 peccata
1452 3919 1752 3983 existimet;
1788 3928 1835 3973 el
1862 3936 1965 3974 non
1996 3920 2327 3986 hominibus,

773 4012 865 4063 sed
904 4011 1009 4064 Deo
1042 4009 1334 4062 mentitur?

843 4098 1095 4153 ZONAR.
1135 4098 1378 4152 Prmsens
1402 4114 1613 4167 quoque
1638 4114 1807 4155 canon
1831 4110 1913 4155 est
1935 4104 2172 4171 ejusdem
2205 4117 2327 4156 sen-

773 4192 975 4255 tentiae,
1004 4202 1055 4242 et
1095 4191 1421 4243 anathemati
1457 4190 1669 4257 subjicit
1707 4206 1851 4258 eum,
1900 4196 1990 4261 qui
2038 4195 2112 4247 ita
2145 4194 2325 4258 sentit,

772 4286 993 4337 dicens:
1027 4282 1155 4346 Quis
1186 4283 1328 4336 enim
1376 4297 1496 4335 eum
1527 4283 1682 4350 lerat,
1718 4283 1821 4337 hoc
1852 4294 1954 4348 est,
2011 4287 2132 4353 quis
2167 4286 2331 4339 susti-

775 4383 898 4428 neat
957 4383 1009 4426 et
1038 4372 1269 4439 patiatur
1302 4387 1446 4435 eum,
1479 4372 1571 4439 qui
1606 4373 1783 4427 verbis
1814 4375 2027 4438 quidem
2062 4376 2191 4441 petit
2239 4390 2327 4427 re-

2170 3139 2182 3172 :
2235 3122 2321 3188 qui
2350 3138 2393 3197 ρ

2425 2286 2815 2351 μολογιούμην
2842 2283 2946 2345 τὰς
2977 2284 3262 2348 ἁμαρτίας
3289 2299 3428 2349 μου.
3451 2281 3674 2344 καὶτὰς
3705 2280 3991 2345 ἁμαρτίας

2429 2374 2533 2426 τοῦ
2563 2373 2714 2425 λαοῦ
2740 2391 2857 2441 μου
2886 2374 3075 2439 Κυρίῳ
3105 2370 3182 2435 τῷ
3214 2370 3334 2434 Θεῷ
3360 2387 3499 2438 μου.

3004 2462 3237 2513 ΚΔΝΩΝ
3274 2459 3416 2513 PIZ'.

2440 2574 2456 2604 ι
2484 2556 2603 2606 Ὅτι
2647 2554 2860 2623 ἀληθῶς
2900 2553 3006 2605 ἀπὸ
3047 2553 3149 2603 τῶν
3192 2552 3359 2631 άχίων
3400 2550 3617 2615 λέγεται
3667 2549 3744 2612 τὸ,
3818 2550 3991 2612 ’Λφες

2505 2666 2521 2695 ι
2568 2647 2709 2712 ἡμῖν
2759 2645 2827 2696 τὰ
2868 2643 3233 2711 ὀφειλήματα
3278 2638 3467 2708 ἡμῶν.
3518 2640 3745 2707 Ὁμοίως
3799 2640 3991 2705 ῆρεσεν

2512 2755 2528 2787 ι
2578 2738 2663 2788 ἴνα
2693 2738 2889 2797 οἵτινες
2918 2736 3115 2801 δήποτε
3145 2732 3277 2784 αὐτὰ
3307 2732 3373 2782 τὰ
3405 2731 3625 2799 ῥήματα
3657 2728 3756 2795 τῆς
3787 2730 3994 2777 Δεσπο-

2506 2846 2524 2879 s
2570 2829 2725 2893 τικῆς
2772 2826 2983 2893 Εὺχῆς,
3030 2824 3162 2874 ὅπου
3207 2822 3463 2889 λέγομενῖ,
3533 2821 3698 2885 Ἄφες
3736 2816 3882 2883 ἡμῖν
3923 2816 3994 2867 τὰ

2503 2933 2523 2968 ι
2569 2916 2933 2984 ὀφειλήματα
2961 2912 3164 2981 ἡμῶν,
3229 2911 3371 2962 οὕτω
3426 2908 3697 2977 βούλονται
3736 2906 3842 2958 ἀπὸ
3885 2906 3992 2958 τῶν

2509 3027 2525 3058 ι
2572 3009 2739 3073 ἁγίων
2760 3006 3032 3064 λέγεσθαι,
3056 3004 3128 3065 ὠς
3152 3000 3591 3069 ταπεινοφρόνως
3617 3000 3708 3050 καὶ
3736 2999 3834 3048 οὐκ
3861 2999 3993 3062 ἁλη-

2507 3118 2522 3145 s
2572 3099 2675 3159 οῶς
2703 3097 2870 3148 ταῦτα
2899 3094 3169 3163 λεχθῆναι,
3199 3091 3443 3159 ἀνάθεμα
3472 3091 3579 3157 εἴη.
3607 3089 3702 3148 Τίς
3731 3088 3837 3154 γὰρ
3868 3088 3981 3136 ὑπει

2511 3210 2527 3239 ι
2576 3193 2755 3253 νέγκοι
2795 3189 2881 3238 τὸν
2914 3186 3222 3252 εὐχόμενον,
3264 3182 3356 3233 καὶ⁵
3398 3182 3472 3247 μὴ
3515 3178 3839 3245 ἀνθρώποις,
3879 3177 3995 3226 ἀλλ’

2508 3299 2523 3327 ι
2573 3278 2718 3345 αὐτῷ
2753 3277 2828 3343 τῷ
2871 3277 3056 3342 Κυρίῳ
3091 3274 3447 3340 ψευδόμενον,
3483 3271 3573 3323 τὸν
3605 3273 3715 3330 τοῖς
3759 3269 3996 3336 χείλεσιν

2506 3387 2523 3418 ι
2571 3367 2731 3420 αὑτοῦ
2773 3368 2994 3431 λέγοντα
3033 3364 3205 3415 οέλειν
3249 3361 3542 3428 ἀφεθῆναι,
3584 3363 3645 3426 τῇ
3688 3359 3743 3410 δὲ
3789 3357 3989 3425 καρδίᾳ

2506 3477 2522 3506 ι
2570 3458 2794 3522 λέγοντα
2821 3455 2914 3515 τὰς
2946 3451 3261 3519 ὀφειλούσας
3292 3449 3558 3515 ἀρεθῆναι
3590 3449 3864 3514 άμαρτὲσς
3898 3448 3991 3496 αὐ-

2508 3568 2523 3598 ι
2570 3548 2667 3615 ’τῷν
2698 3546 2770 3614 μὴ
2798 3546 2972 3612 ἑχεινς
3020 3563 3037 3592 ι

2500 3640 2685 3693 ΒΑΛΣ.
2735 3638 2843 3690 Καὶ
2888 3638 2915 3687 ὁ
2965 3632 3154 3702 παρὼν
3202 3630 3381 3682 κανὼν
3428 3630 3523 3694 τῆς
3571 3627 3738 3693 αὐτῆς
3788 3626 3994 3686 ἐννοίας

2429 3733 2565 3790 ἐστὶ,
2602 3731 2795 3796 λέγων,
2829 3726 2923 3787 Τίς
2956 3726 3065 3794 γὰρ
3098 3721 3346 3785 ἀνέξεται
3379 3720 3470 3770 τὸν
3504 3722 3614 3780 τοῖς
3653 3718 3859 3786 ῥήμασι
3900 3717 3998 3785 μὲν

2428 3825 2617 3889 ἄφεσιν
2652 3816 2980 3886 σφαλμάτων
3010 3812 3295 3873 αἰτοῦντα,
3325 3812 3390 3878 τῇ
3420 3810 3475 3861 δὲ
3512 3808 3705 3878 καρδίᾳ
3741 3808 3815 3877 μὴ
3850 3806 3996 3875 ἔχειν

2428 3912 2773 3979 λογιζόμενον
2803 3905 3101 3975 ἁμαρτίας,
3131 3904 3226 3955 καὶ
3259 3900 3359 3953 οὑκ
3389 3900 3721 3970 ἀνθρώποις,
3756 3898 3894 3950 ἀλλὰ
3921 3896 3996 3964 τῷ

2430 4005 2621 4071 Ιιίνρεῳ¹
2643 4000 2971 4068 ψευδόμενον
2990 4014 3005 4059 ;

2501 4091 2747 4145 ΖΩΝΑΡ.
2788 4090 2899 4142 Καὶ
2936 4087 2963 4138 ὁ
3004 4083 3195 4153 παρὼν
3232 4080 3413 4135 κανὼν
3454 4079 3550 4147 τῆς
3590 4076 3756 4141 αὐτῆς
3798 4076 4005 4137 ἐννοίας

2429 4183 2546 4237 ἐστὶ
2566 4224 2579 4249 ,
2612 4180 2706 4233 καὶ
2732 4177 3032 4245 ἀναθέματι
3063 4175 3244 4241 ἔνοχον
3273 4172 3505 4222 ποιεῖται
3534 4165 3622 4220 τὸν
3653 4166 3718 4217 τὰ
3749 4164 3890 4217 αὐτᾶ
3917 4164 4005 4214 δο-

2430 4273 2682 4338 ξάζοντα,
2723 4268 2919 4332 λέγων,
2958 4263 3054 4325 Τίς
3095 4261 3202 4327 γὰρ
3247 4257 3557 4322 ὑπενέγκοι.
3594 4253 3714 4303 ἀντὶ
3746 4250 3866 4311 τοῦ,
3906 4251 4003 4312 Τίς

2428 4365 2536 4433 γὰρ
2568 4358 2849 4429 ὑπομείνω
2883 4356 2976 4409 καὶ
3007 4350 3363 4416 καταδέξηται
3392 4346 3481 4397 τὸν
3509 4345 3619 4405 τοῖς
3656 4342 3880 4433 ῥήμασι
3903 4342 4001 4410 μὲν

776 4465 1084 4519 missionem
1119 4471 1481 4531 peccatorum,
1513 4464 1672 4516 corde
1694 4472 1872 4516 autem
1905 4478 1961 4516 se
1993 4480 2094 4515 non
2131 4466 2326 4518 habere
2360 4457 2402 4509 Ι)
2432 4457 2444 4506 δ

2360 4457 2402 4509 D
2432 4431 2625 4519 ἄφεσιν
2658 4446 2987 4516 σφαλμάτων
3017 4439 3272 4496 αἰτοῦντα
3291 4478 3306 4502 ,
3336 4439 3402 4505 τῇ
3435 4435 3492 4531 δε
3522 4433 3717 4500 καρδίᾳ
3752 4431 4004 4531 μηὶἐιχειν

774 4558 989 4619 poet-ala
1046 4550 1351 4617 existimet;
1410 4560 1465 4604 et
1524 4565 1627 4603 non
1693 4551 2022 4614 hominibus,
2069 4553 2160 4607 sed
2224 4554 2326 4608 Deo

772 4644 1067 4699 mentitur?
1382 4693 1395 4699 ,
1644 4674 1656 4686 .

1290 4732 1517 4787 CANON
1577 4731 1810 4786 CXVIII.

778 4844 796 4875 ι
844 4827 914 4879 De
945 4825 1176 4894 populis,
1208 4824 1348 4891 quia
1385 4824 1683 4877 Donatistis
1714 4834 2134 4878 convertuntur.
2169 4824 2331 4879 Simi-

849 4935 867 4965 ι
913 4918 1034 4969 liter
1066 4916 1286 4983 pl:\"tlil,
1327 4916 1579 4982 quoniam
1628 4925 1751 4969 ante
1798 4916 2003 4983 aliquot
2051 4932 2220 4971 annos
2278 4918 2329 4970 iu

848 5024 864 5053 ι
910 5005 1010 5055 hac
1040 5003 1265 5055 ecclesia
1324 5002 1479 5069 plena
1539 5004 1743 5070 synodo
1790 5003 2068 5055 definitum
2118 5014 2221 5068 est,
2276 5014 2332 5055 ut

850 5110 867 5141 ι
913 5104 1241 5158 muccunque
1291 5091 1555 5152 ecclesiae,
1612 5090 1665 5142 in
1723 5092 1943 5145 dioecesi
1999 5094 2153 5155 sitae,
2209 5102 2334 5144 ante

849 5203 867 5233 ι
910 5184 1051 5251 leges
1102 5185 1167 5235 de
1225 5180 1519 5235 Donatistis
1589 5182 1761 5235 editas
1825 5183 2102 5236 catholica:
2181 5181 2333 5235 factm

854 5295 869 5324 ι
916 5274 1135 5337 fuerint,
1169 5275 1234 5327 ad
1272 5274 1571 5326 illas-sedes
1601 5274 1955 5340 pertinerent,
1984 5288 2079 5340 per
2105 5287 2330 5339 quarum

851 5384 868 5416 ι
915 5366 1191 5433 episcopos
1219 5379 1489 5434 persuasae
1522 5363 1800 5417 catholica:
1859 5364 2043 5415 unioni
2092 5376 2332 5415 commu-

855 5479 873 5506 ο
918 5460 1195 5523 nicaruut;
1231 5469 1349 5526 post
1380 5459 1524 5527 leges
1560 5466 1759 5520 autem,
1808 5468 2141 5523 qua‘cuttque
2185 5468 2332 5507 com-

853 5570 869 5599 ι
916 5552 1276 5615 nntnicarunt,
1340 5552 1403 5603 ad
1463 5550 1580 5603 illas
1640 5548 2005 5615 pertinerent,
2068 5547 2132 5599 ad
2202 5560 2337 5612 quas

794 5739 833 5765 ν
860 5735 1053 5788 Mum.
1094 5750 1162 5801 ιι,
1196 5734 1273 5787 ιδ.

2428 4541 2778 4609 λογιζόμενον
2807 4537 3113 4604 ἁμαρτίας,
3144 4529 3235 4581 καὶ
3265 4528 3364 4579 οὑκ
3396 4525 3701 4595 ἀνθρώποις
3720 4562 3733 4580 .
3767 4521 3902 4573 ἀλλὰ
3930 4520 4006 4588 τῷ

2432 4634 2622 4702 Κυρίῳ
2653 4629 2981 4698 ψευδόμενον
3003 4643 3017 4690 ;

3006 4714 3242 4767 ΚΑΝΩΝ
3277 4709 3422 4764 PlH'.

2440 4834 2461 4867 ι
2508 4815 2644 4883 Περὶ
2692 4812 2802 4864 τῶν
2848 4808 2993 4863 λαῶν
3037 4804 3146 4856 τῶν
3193 4802 3297 4853 ἀπὸ
3343 4800 3451 4852 τῶν
3497 4791 3838 4849 Δονατιστῶν
3887 4791 4009 4841 ἐπι-

2512 4924 2529 4956 ι
2578 4902 2935 4971 στρεφόντων.
2969 4895 3202 4964 Ὁμοίως
3233 4892 3452 4960 ἥρεσεν,
3488 4884 3675 4954 ἐπειδὴ
3708 4883 3814 4952 πρό
3843 4898 4008 4932 τινων

2512 5014 2529 5045 ι
2575 4990 2835 5045 ἐνιαυτῶν
2863 4991 2919 5041 ὲν
2943 4988 3113 5057 ταύτῃ
3132 4988 3194 5054 τῇ
3219 4980 3485 5049 ἐκκλησίᾳ
3509 4973 3916 5043 πεπληρωμένη
3940 4973 4006 5039 τῇ

2512 5099 2527 5130 ι
2579 5076 2777 5145 συνόδῳ
2817 5075 3058 5143 ὡρίσθη,
3102 5074 3194 5124 ἵνα
3228 5061 3533 5135 οἱαιδῆποτε
3578 5062 3908 5131 ἐκκλησίαι,
3950 5061 4008 5109 ὲν

2513 5190 2529 5221 ι
2574 5169 2835 5236 διοικήσει
2868 5164 3234 5225 καθεστῶσαι,
3265 5160 3368 5229 πρὸ
3398 5158 3504 5210 τῶν
3532 5155 3713 5224 νόμων
3744 5154 3852 5203 τῶν
3882 5153 4011 5220 περὶ

2524 5282 2541 5311 ι
2588 5261 2700 5313 τῶν
2734 5257 3070 5311 Δονατιστῶν
3126 5254 3449 5307 ὲντεθέντων
3483 5246 3769 5300 καθολικαὶ
3802 5244 4009 5310 γένων-

2512 5376 2528 5406 ι
2577 5373 2701 5417 ται,
2744 5353 2975 5411 ἐκείνοις
3016 5351 3126 5409 τοῖς
3168 5347 3378 5417 θρόνοις
3418 5344 3721 5411 ἀνήκωσιν,
3768 5330 4005 5389 ὧντινων

2518 5467 2534 5498 ι
2580 5447 2668 5500 διὰ
2704 5447 2810 5498 τῶν
2850 5442 3162 5495 ἐπισκόπων
3203 5438 3594 5507 προτραπεῖσαι
3633 5435 3699 5502 τῇ
3744 5430 4010 5497 καθολικῇ

2523 5559 2538 5589 ι
2590 5540 2797 5606 ἐνότητι
2826 5523 3187 5599 ἐκοινώνησα-ι
3210 5547 3222 5559 ·
3258 5528 3389 5597 μετὶ
3418 5528 3471 5580 δὲ
3501 5525 3621 5586 τοὺς
3650 5525 3851 5591 νόμους
3878 5522 4019 5573 οἶαι-
