4224 6440
246 451 349 513 385

1356 441 1435 502 IN
1466 442 1629 505 CAN.
1664 444 1809 503 CXX
1840 441 2046 501 CONC.
2082 436 2265 499 C’ARZ
2281 438 2451 497 HAG.

3337 435 3439 496 383

316 557 509 613 ΒΑΛΣ.
555 554 638 617 Ὠς
693 554 857 615 ἔοικε,
903 554 1058 621 νόμοι
1115 553 1621 622 προεθεσπίσθησαν
1668 554 1793 619 περὶ
1824 558 1868 611 Α
1965 550 1984 601 1

1775 554 1793 603 ἰ
1824 558 1868 611 Α
1965 548 2158 602 BALS.
2196 550 2261 603 Ut
2287 561 2369 602 est
2404 546 2717 611 verisimile,
2750 548 2892 614 leges
2923 549 2990 601 de
3021 548 3291 616 regionum
3322 550 3443 600 lini-

248 642 357 694 τῶν
400 641 640 709 ένοριῶν.
686 642 834 693 Ἐπεὶ
855 640 910 692 δέ
941 642 1033 691 καὶ
1064 640 1199 709 μετά
1246 642 1306 692 τὶ
1361 642 1582 702 τούτους
1611 643 1791 705 ἐκφω-

248 730 474 798 νηθῖψαι
504 728 816 795 ἀμφιϐολίαι
844 728 1164 789 ἀνέκυπτον,
1204 728 1409 795 ὥρισαν
1438 729 1488 779 oi
1522 728 1790 793 Πατέρες,

250 820 360 882 ῖνα,
410 822 503 872 ἐὰν
536 820 828 880 ἐπίσκοπός
857 836 940 881 τις
970 819 1310 888 μεταστρέψῃ
1342 819 1477 886 πρὸς
1510 817 1605 886 τὴν
1637 818 1793 886 ὀρθό-

249 909 397 971 δοξον
427 910 627 970 πίστιν,
660 912 821 959 τόπον
853 910 994 973 τινα,
1021 910 1187 977 ἤγουν
1224 909 1516 976 παροικίαν
1564 908 1795 973 ἔχουσαν

250 999 577 1066 αἱρετικοῦς,
611 1001 704 1050 καὶ
738 1000 941 1068 κατέχῃ
972 999 1140 1066 αὐτὴν
1178 991 1271 1049 frti
1308 996 1565 1061 τριετίαν,
1598 995 1797 1056 ζῶντος

252 1089 348 1140 καὶ
396 1088 563 1139 ταῦτα
612 1088 703 1138 τοῦ
756 1087 1133 1154 δικαιουμένου
1175 1086 1258 1137 ἐπ’
1305 1087 1440 1153 αὐτῇ
1493 1084 1795 1136 ἐπισκόπου

248 1179 345 1231 καὶ
383 1178 761 1245 ἡσυχάζοντος,
796 1179 989 1244 μηκέτι
1026 1176 1153 1243 περὶ
1185 1175 1383 1240 ταύτῆς
1410 1173 1629 1242 όχληθῇ.
1676 1173 1796 1223 Ἐὰν

250 1270 306 1320 δέ
360 1271 417 1321 ἐν
462 1270 526 1336 τῇ
564 1268 853 1333 ἐπισκοπῇ,
903 1260 937 1334 ᾗ
989 1264 1200 1330 λέγεται
1256 1264 1530 1332 διαφέρειν
1558 1266 1584 1314 ὁ
1613 1263 1798 1323 τόπος,

249 1350 352 1410 οὐκ
397 1353 464 1423 ἧν
509 1358 823 1418 ἐπίσκοπος,
860 1356 892 1421 ἡ
938 1354 1263 1422 παραδρομὴ
1306 1354 1402 1420 τῆς
1429 1352 1673 1418 τριετίας
1703 1352 1801 1403 οὐκ

255 1446 536 1515 ἐμποδίσει
567 1446 657 1496 τδν
689 1444 825 1511 μετά
847 1442 1016 1494 ταῦτα
1046 1443 1383 1510 ψηφισθέντα
1414 1440 1801 1493 ἀνακαλεῖσθαι

250 1538 349 1605 τὴν
386 1535 616 1602 ἐνορίαν.
650 1534 721 1584 Τὸ
764 1534 893 1585 αὐτὸ
940 1534 995 1585 δέ
1030 1534 1251 1600 κρατεῖν
1298 1532 1391 1582 καὶ
1434 1533 1526 1583 ἐπὶ
1566 1532 1673 1581 τῶν
1708 1535 1803 1581 Δο-

256 1623 518 1677 νατιστῶν
580 1621 1029 1689 ἐπιστρεφόντων.
1096 1621 1203 1672 Καὶ
1256 1623 1283 1671 6
1348 1618 1444 1688 μὶν
1500 1618 1680 1671 κανὼν
1748 1621 1804 1668 ἐν

255 1714 484 1774 τούτοις.
515 1713 587 1764 Σὺ
639 1713 694 1763 δέ
736 1712 969 1779 γίνωσκε
1005 1713 1084 1764 ὅτι
1117 1713 1184 1764 τὰ
1245 1709 1673 1779 ἐκκλησιαστικὰ
1724 1708 1804 1759 δί-

259 1819 413 1863 καια,
444 1802 510 1852 τὰ
542 1802 668 1867 περὶ
694 1799 802 1850 τῶν
841 1800 1062 1867 ἐνοριῶν
1106 1799 1306 1867 δηλαδὴ
1355 1801 1445 1850 καὶ
1472 1796 1580 1847 τῶν
1610 1795 1801 1858 ἀλλων,

1900 642 2000 693 bus
2029 640 2174 706 prius
2210 640 2328 691 lata
2366 639 2613 691 l’uerant:
2661 638 2754 690 sed
2790 639 2912 705 quia
2967 647 3243 707 postquam
3292 638 3448 691 editas

1900 740 2062 791 sunt,
2104 730 2486 781 controversiae
2526 742 2817 790 emersere,
2870 740 3174 783 statuerunt
3222 727 3445 788 Patres.

1901 830 1958 872 ut
1984 820 2029 872 si
2055 818 2174 886 quis
2199 820 2479 885 episcopus
2504 819 2568 871 ad
2592 818 2747 870 tidem
2783 819 3136 871 orthodoxam
3168 828 3449 872 converte-

1904 911 1970 961 rit
2000 910 2171 959 locum
2201 906 2429 974 aliquem
2464 921 2553 959 seu
2593 908 2900 973 parmciam,
2929 921 3046 973 quae
3080 909 3235 959 habet
3282 907 3452 959 haere-

1906 997 2055 1061 ticos,
2086 1006 2138 1049 et
2173 1010 2289 1049 eam
2315 996 2542 1048 triennin
2572 996 2881 1059 detinuerit,
2921 997 3077 1063 idque
3111 998 3258 1059 vivo,
3283 999 3372 1065 qui
3400 999 3451 1049 in

1904 1099 1965 1137 ea
1992 1086 2081 1149 jus
2121 1086 2301 1146 habet,
2329 1085 2580 1152 episcopo
2602 1095 2655 1138 et
2682 1094 2886 1137 tacente
2906 1127 2918 1149 ,
2950 1087 3016 1138 de
3050 1100 3110 1139 ea
3140 1100 3203 1137 ne
3227 1087 3453 1153 amplius

1909 1173 2169 1225 turbetur.
2204 1170 2297 1223 Sin
2327 1182 2503 1224 autem
2534 1172 2586 1224 in
2618 1173 2954 1240 episcopatu,
2989 1173 3051 1224 ad
3075 1186 3230 1239 quem
3254 1172 3447 1226 dicitur

1906 1262 2056 1314 locus
2098 1262 2387 1327 pertinere,
2415 1274 2518 1313 non
2552 1270 2668 1313 erat
2701 1261 3016 1328 episcopus;
3043 1261 3221 1329 lapsus
3244 1264 3452 1316 triennii

1908 1367 2009 1404 non
2038 1352 2289 1418 impediet
2326 1366 2469 1413 eum,
2488 1351 2578 1418 qui
2612 1359 2793 1417 postea
2817 1351 3016 1403 electus
3042 1359 3143 1413 est,
3172 1352 3457 1420 quominus

1908 1443 2199 1507 parteciam
2231 1455 2380 1492 suam
2419 1449 2650 1493 revocet.
2682 1439 2736 1492 ld
2790 1441 2960 1507 ipsum
2994 1451 3168 1493 autem
3213 1452 3455 1495 servatur

1907 1540 1960 1583 et
1993 1532 2043 1581 in
2071 1530 2377 1583 Donatistis.
2405 1529 2497 1595 qui
2528 1540 2930 1586 convertuntur.
2958 1530 3031 1583 Ac
3064 1531 3115 1584 in
3156 1532 3220 1585 iis
3244 1532 3455 1600 quidem

1910 1621 2154 1673 consistit
2182 1635 2377 1672 canon.
2414 1619 2492 1672 Tu
2538 1632 2712 1675 autem
2745 1623 2884 1675 scias
2907 1660 2922 1685 ,
2962 1624 3103 1689 quod
3136 1622 3258 1688 jura
3288 1625 3459 1676 eccle-

1910 1712 2152 1770 siastica,
2187 1726 2306 1777 qua
2337 1721 2460 1763 sunt
2490 1712 2693 1765 scilicet
2732 1714 2797 1766 de
2827 1714 3102 1781 regionum
3135 1714 3323 1767 llnibus
3354 1755 3368 1778 ,
3405 1724 3460 1767 et

1912 1801 2053 1863 aliis,
2085 1802 2127 1854 si
2153 1802 2409 1853 adversus
2436 1801 2648 1870 quidem
2678 1802 2976 1856 Ecclesium
3008 1812 3332 1870 competunt,
3360 1803 3459 1857 tri-

254 1894 303 1943 εί
342 1891 440 1957 μὲν
495 1889 633 1941 κατὰ
681 1888 1007 1957 Ἐκκλησίας
1048 1888 1375 1955 ἀρμόζουσι,
1418 1887 1504 1938 δια
1556 1900 1806 1952 τριακον-
1840 1878 1922 1961 BI

1792 1908 1806 1920 -
1840 1878 1881 1933 Β
1911 1893 2052 1961 ginta
2087 1892 2240 1953 annis
2267 1893 2625 1946 excluduntur
2663 1909 2676 1944 :
2705 1896 2787 1945 sin
2820 1904 2995 1946 autem
3047 1897 3305 1949 adversus
3337 1910 3460 1963 per-

254 1981 478 2040 ταετίας
526 1978 935 2030 ἀποκλείονται*
987 1979 1035 2029 εἰ
1080 1977 1135 2028 δέ
1188 1976 1325 2028 κατά
1366 1973 1671 2045 προσώπων
1719 1973 1805 2025 διὰ

255 2070 835 2137 τεσσαρακονταετίας.
867 2071 978 2121 Καὶ
1009 2068 1279 2136 ἀνάγνωθι
1310 2069 1370 2120 τὸ
1404 2069 1584 2134 τρίτον
1606 2067 1803 2132 κεφάλ.

257 2161 351 2215 τοῦ
373 2162 555 2229 τρίτου
585 2160 762 2210 τίτλον
792 2157 884 2210 τοῦ
920 2163 960 2208 ε’
995 2157 1200 2224 βιϐλίου
1248 2157 1356 2208 τῶν
1384 2155 1685 2207 Βασιλικῶν
1715 2152 1808 2204 καὶ

258 2254 322 2305 τδ
366 2253 671 2304 τελευταῖον
731 2250 1023 2317 κεφάλαιον
1069 2247 1161 2300 τοῦ
1212 2248 1462 2315 δευτέρου
1502 2246 1681 2297 τίτλου
1714 2245 1807 2297 τοῦ

261 2342 429 2396 αὖτοῦ
488 2342 713 2412 βιϐλίου,
772 2343 951 2407 λέγον,
1004 2340 1157 2392 Πᾶσα
1206 2342 1396 2409 ἀγωγὴ
1458 2340 1808 2409 προσήκουσα

265 2436 449 2503 σεπτῴ
521 2437 673 2503 οῐκῳ,
730 2434 840 2485 εἴτε
904 2432 1228 2502 προσωπικὴ
1295 2433 1405 2482 εἴτε
1460 2424 1807 2497 ὑποθήκαρία

265 2528 439 2589 ἐστὶν,
472 2526 568 2592 οὐχ
618 2523 930 2591 ὑπερϐαίνει
981 2523 1049 2574 τα
1097 2521 1503 2591 τεσσαράκοντα
1557 2519 1673 2587 ῑτη,
1705 2518 1811 2570 τῶν

266 2616 617 2687 ἀρμοζωσῶν
648 2617 859 2684 ἑκάστῳ
903 2614 1035 2682 οἴκῳ
1064 2614 1285 2681 τοιούτῳ
1318 2614 1507 2677 εὐαγεῖ
1547 2611 1814 2680 προσκαί-

268 2723 379 2772 ρων
435 2702 811 2775 παραγραφῶν
874 2703 1260 2771 φυλαττουσῶν
1318 2703 1500 2770 μέντοι
1561 2716 1625 2767 γε
1689 2701 1814 2761 τοὺς

268 2798 503 2859 οίκείους
550 2798 791 2866 χρόνους.
820 2795 983 2847 Ὥστε
1040 2794 1106 2845 τὰ
1154 2794 1245 2845 τοῦ
1300 2796 1561 2858 παρόντος
1594 2791 1817 2851 κανόνος

274 2889 577 2957 ἐσχόλασαν
630 2887 732 2937 ὑπὸ
772 2886 881 2937 τῶν
914 2884 1167 2936 τοιούτων
1208 2882 1518 2951 κεφαλαίων
1551 2882 1661 2934 ἀπὸ
1690 2898 1819 2932 νεα-

268 2978 378 3046 ρῶν
418 2975 847 3028 Ἰουστινιανείων
871 2973 1059 3026 ὄντων.

341 3107 582 3159 ΖΩΝᾹΡ.
624 3106 713 3169 Ἐξ
738 3105 1019 3174 ἀναφορῶν
1056 3106 1163 3156 τῶν
1210 3106 1309 3171 τῆς
1342 3106 1582 3158 ⁸συνόδου
1616 3105 1816 3174 ταύτης

1913 1997 2098 2045 sonas,
2133 1983 2487 2051 quadraginta
2520 1985 2693 2037 annis.
2724 1984 2788 2037 Et
2824 1986 2934 2053 lege
2960 1998 3117 2053 caput
3141 1988 3205 2050 3,
3235 1987 3370 2039 titul.
3402 1987 3456 2051 3,

1914 2074 2003 2124 lib.
2038 2088 2067 2123 v
2106 2071 2317 2125 Basilic.
2341 2072 2661 2125 etultimnm
2687 2085 2846 2142 caput
2880 2076 2961 2128 tit.
2991 2074 3026 2125 2
3050 2077 3284 2142 ejusdem
3316 2076 3456 2141 libri,

1911 2161 2051 2227 quod
2080 2161 2229 2221 dicit,
2258 2162 2445 2214 Omnis
2469 2163 2634 2223 actio,
2667 2176 2785 2229 quae
2818 2164 2882 2217 ad
2918 2165 3245 2218 venerabiles
3274 2166 3461 2219 domos

1913 2249 2186 2317 pertinet,
2221 2251 2330 2302 sive
2362 2251 2432 2304 sit
2487 2251 2783 2317 personalis
2817 2290 2831 2316 ,
2887 2254 2997 2306 sive
3035 2253 3415 2322 bypotbecaria
3444 2293 3458 2316 ,

1915 2342 2268 2407 quadraginta
2324 2355 2493 2394 annos
2560 2355 2663 2395 n0n
2720 2344 2950 2409 excedit,
3017 2345 3461 2397 convenientibus

1920 2431 2204 2498 unicuique
2252 2431 2510 2498 ejusmodi
2574 2442 2774 2489 sancite
2839 2433 3019 2485 domui
3085 2434 3464 2499 temporalibus

1916 2522 2398 2590 praescriptionibus
2428 2535 2521 2576 sua
2554 2535 2787 2591 tempora
2853 2524 3212 2578 servantibus.
3261 2523 3463 2588 Quam-

1917 2614 2097 2668 obrem
2130 2628 2244 2681 qua:
2278 2615 2328 2666 in
2366 2614 2607 2680 praesenti
2629 2629 2833 2668 canone
2855 2616 3204 2669 continentur
3247 2625 3463 2685 propter

1919 2706 2029 2759 hac
2051 2708 2243 2773 capita.
2268 2720 2385 2761 aure
2411 2721 2475 2759 ex
2504 2703 2789 2760 Iustiniani
2823 2707 3042 2761 novellis
3088 2716 3231 2771 sunt,
3280 2707 3462 2761 exole-

1920 2805 2132 2851 VCI'UHI.

1992 3102 2238 3158 ZONAR.
2272 3104 2347 3158 Ex
2382 3104 2475 3166 iis,
2520 3116 2638 3170 quae
2672 3102 2859 3171 synodi
2898 3100 3082 3154 Patres
3140 3100 3469 3162 retulerant,

271 3198 530 3263 ῐιατέρων
588 3197 741 3263 νόμοι
799 3195 1082 3261 ἐτέθησαν,
1128 3190 1304 3260 οἶμαι,
1357 3196 1505 3265 παρὰ
1558 3186 1883 3264 Ὀνωρίουϐ
1918 3194 1939 3247 li

1801 3186 1883 3247 aC
1918 3194 2062 3262 leges
2094 3194 2159 3247 ab
2188 3193 2514 3259 imperatore
2549 3191 2831 3262 (llonorio,
2859 3192 2912 3244 ni
2950 3190 3136 3255 fallor;
3165 3199 3284 3243 nam
3332 3192 3377 3245 is
3407 3205 3469 3243 eu

268 3286 362 3338 τοῦ
394 3284 693 3354 βασιλέως·
738 3284 940 3344 ἐκεῖνος
987 3283 1094 3352 γὰρ
1132 3278 1266 3351 ἦρχε
1318 3284 1438 3334 τότε
1488 3284 1597 3335 τῶν
1651 3286 1816 3335 ἐσπε-

269 3376 425 3443 ρίων.
456 3376 622 3442 Φησὶν
670 3369 757 3426 οὖν
792 3375 818 3425 ὁ
865 3372 1042 3425 κανὼν
1076 3372 1173 3435 ὡς,
1202 3374 1249 3423 εί
1280 3372 1416 3441 μετὰ
1466 3375 1589 3435 τοὺς
1620 3374 1819 3441 νόμους

278 3467 599 3533 ἐπιστρέψει
632 3466 792 3517 τόπον
817 3464 957 3528 τινὰ,
989 3464 1153 3533 ἤγουν
1177 3464 1408 3532 ἐνορὶαν,
1442 3464 1471 3531 ἢ
1504 3464 1819 3532 παροικίαν,

270 3559 391 3625 ἦτοι
413 3556 504 3605 τὸν
531 3556 587 3604 ἐν
621 3555 754 3621 αὐτῇ
788 3554 936 3615 λαὸν,
970 3554 1262 3614 ἐπίσκοπος
1296 3554 1431 3619 πρὸς
1460 3554 1557 3621 τὴν
1598 3554 1822 3621 ἑνότητα

269 3646 372 3712 τῆς
427 3644 719 3711 καθολικῆς
790 3643 1132 3711 Ἑκκλησίας.
1173 3645 1265 3694 καὶ
1324 3644 1421 3712 τὴν
1471 3644 1682 3713 ἐνορίαν
1724 3662 1820 3696 κα-

268 3737 451 3807 τάσχῃ
501 3736 559 3785 ἐν
599 3734 809 3803 τριετίᾳ
855 3735 1080 3803 μηδενὸς
1130 3734 1577 3803 ἀντιποιουμένου
1632 3737 1821 3803 αὐτῆς.

266 3828 462 3878 ἔκτοτε
492 3822 655 3877 αὑτοῦ
688 3824 858 3887 ἔσται,
888 3825 1165 3876 τουτέστιν
1192 3825 1366 3876 οὐδενὶ
1400 3825 1617 3888 ἐξέσται
1654 3828 1823 3895 αὐτὴν

273 3916 520 3984 ἐκνικᾷν.
576 3914 700 3965 Ἐὰν
744 3913 798 3963 δέ
839 3915 895 3965 ἐν
925 3915 990 3979 τῇ
1026 3914 1320 3982 ἐπισκοπῇ,
1442 3914 1656 3981 λέγεται
1704 3916 1823 3966 δια-

270 4008 462 4075 φέρειν
491 4009 516 4057 ό
549 4006 729 4070 τόπος,
757 4004 853 4055 οὐκ
879 3999 946 4073 ἦν
972 4003 1265 4065 ἐπίσκοπος
1292 4005 1432 4057 κατὰ
1459 4006 1557 4075 τὴν
1585 4007 1824 4075 τριετίαν

272 4099 508 4164 ἐκείνην,
538 4096 681 4156 ὅστις
735 4094 954 4158 ἔμελλεν
1005 4093 1287 4160 ἐκνικῆσαι
1338 4095 1519 4159 αὑτὸν,
1552 4096 1665 4149 ἀλλ’
1698 4097 1825 4165 ἐχή-

273 4199 435 4251 ρευεν
485 4183 519 4249 ἡ
568 4181 835 4249 ἐπισκοπὴ
868 4181 1224 4249 προεστῶτος,
1258 4182 1318 4233 οὗ
1353 4186 1824 4251 προκριματισθή-

274 4289 427 4323 σεται
462 4272 519 4321 ἐν
546 4272 608 4337 τῇ
646 4270 886 4337 μάτρικι,
916 4272 1034 4322 ἀντὶ
1059 4270 1150 4321 τοῦ
1186 4272 1244 4320 οὐ
1279 4270 1607 4341 βλαϐήσεται
1639 4274 1702 4324 ἐκ
1727 4272 1818 4324 τοῦ

272 4361 693 4427 καταγραφῆναι
742 4361 797 4409 ἐν
848 4359 911 4428 τῇ
970 4360 1260 4429 ἀπογραφῇ
1301 4361 1407 4411 τῶν
1441 4362 1823 4429 -διαφερόντων

270 4454 337 4519 τῇ
369 4447 723 4516 ἐκκλησίᾳ,ῆ
771 4448 859 4498 ἐπὶ
908 4448 1148 4515 τριετίαν
1198 4451 1436 4518 ἐνεμήϐη
1490 4452 1673 4514 αὐτὸν,
1708 4452 1824 4504 ἀλλ’

273 4516 490 4601 ἐξέσται
541 4536 617 4602 τῷ
674 4535 1237 4605 χειροτονηθησομένῳ
1277 4516 1560 4607 ἐπισκόπῳ
1596 4541 1825 4608 ζητῆσαι
1863 4516 1903 4568 ι)

274 4622 370 4673 καὶ
412 4620 708 4687 ἐκνικῆσαι
730 4620 911 4681 αὐτὸν,
962 4621 1115 4682 ἐντὸς
1159 4626 1404 4691 τριετίας
1446 4626 1823 4696 ψηφιζομένης

273 4710 369 4762 ἀπ’
398 4710 567 4777 αὐτῆς
624 4712 721 4775 τῆς
774 4710 1007 4777 ἡμέρας,
1040 4710 1161 4762 καθ’
1206 4714 1271 4782 ἢν
1308 4714 1543 4781 ἐγένετο.
1574 4718 1744 4769 Τοῦτο
1769 4720 1825 4771 δὲ

273 4799 497 4868 κρατεῖν
522 4798 612 4848 καὶ
636 4799 724 4849 ἐπὶ
756 4799 857 4849 τῶν
889 4800 1242 4865 Δονατιστῶν,
1279 4801 1442 4867 ὥστε,
1470 4805 1564 4857 ἐὰν
1609 4808 1831 4859 ἐπίσκο-

273 4905 376 4949 πος
406 4888 586 4940 αὐτῶν
617 4889 914 4959 ἐπιστρέψῃ
945 4892 1038 4941 καὶ
1065 4892 1238 4961 ἐνωθῇ
1294 4897 1359 4962 τῇ
1407 4895 1669 4966 καθολικῇ
1708 4899 1830 4950 Ἐκ-

273 4981 496 5049 κλησίᾳ,
530 4975 590 5032 οὗ
612 4983 771 5032 τόπον
806 4984 926 5033 τινὰ
967 4982 1161 5051 ἔτερος
1210 5000 1460 5053 κατεῖχεν
1504 4988 1826 5054 ἐπίσκοπος,

273 5071 425 5137 ἔχειν
477 5068 638 5119 αὑτὸν
698 5069 882 5121 ἄδειαν
933 5072 1082 5133 ἐντὸς
1123 5074 1405 5139 τριετίας,
1452 5075 1829 5146 ψηφιζομένης

272 5160 457 5223 ἐξότου
519 5158 885 5225 ἐπέστρεψεν,
934 5160 1223 5229 ἀναζητεῖν
1277 5165 1403 5225 τοὺς
1460 5166 1657 5229 τόπους
1704 5171 1829 5231 τοὺς

273 5246 579 5314 ἀνήκοντας
605 5248 670 5314 τῇ
704 5247 968 5316 ἐκκλησίᾳ
998 5249 1185 5303 αὑτοῦ.

275 5565 499 5618 ΑΡΙΣΤ.
574 5582 593 5614 ε
641 5564 696 5617 Ὀ
755 5569 1142 5637 μεταστρέφων
1212 5573 1293 5634 είς
1352 5574 1681 5642 όρθοόοξιαν,
1736 5596 1832 5630 και

354 5672 375 5706 ε
416 5656 663 5721 κατέχων
679 5654 772 5706 ἐπὶ
799 5657 1042 5724 τριετίαν
1060 5658 1159 5730 τὴν
1181 5662 1607 5731 ἐπιστραφήσαν
1626 5669 1830 5734 χώραν,

352 5762 374 5792 ε
409 5743 552 5795 ιστω
582 5744 931 5814 ἀνέγκλητο;.
964 5749 1070 5801 Καὶ
1112 5751 1139 5801 ὀ
1176 5755 1567 5821 μεταστρέφων
1608 5756 1826 5807 ἐπίσκο-

1926 3291 2236 3351 tempestate
2265 3281 2535 3336 Occidenti
2590 3281 2851 3350 praeerat)
2905 3282 3133 3335 condita
3182 3279 3349 3334 fuere.
3406 3279 3469 3332 Si

1926 3374 2042 3441 quis
2062 3375 2218 3442 igitur
2252 3376 2552 3440 episcOpns,
2575 3374 2741 3439 inquit
2770 3388 2962 3435 canon,
2991 3382 3107 3441 post
3144 3372 3285 3441 leges
3314 3372 3471 3434 latas,

1927 3462 2098 3516 locum
2143 3463 2399 3528 aliquem,
2435 3462 2705 3529 regionem
2744 3462 2991 3515 videlicet
3032 3471 3116 3513 aut
3146 3463 3431 3529 parceciam
3459 3502 3474 3525 ,

1926 3551 2145 3618 ejusque
2176 3552 2271 3604 loci
2304 3551 2576 3617 populum,
2616 3550 2862 3603 Ecclesia
2896 3551 3174 3603 catholica:
3212 3551 3477 3618 adiunxe-

1930 3647 2020 3709 rit,
2053 3658 2275 3710 eamque
2298 3644 2563 3708 regionem
2596 3641 2810 3695 triennii
2845 3642 3018 3708 spatio
3067 3644 3276 3693 nemine
3316 3656 3480 3709 repu-

1929 3742 2123 3801 gnante
2155 3734 2470 3795 obtinuerit,
2503 3748 2565 3786 ex
2595 3748 2658 3785 eo
2700 3742 2935 3801 tempore
2993 3733 3157 3799 ipsius
3190 3733 3327 3793 erit,
3380 3734 3480 3785 hoc

1928 3830 2043 3884 est,
2078 3821 2311 3883 nemini,
2342 3831 2398 3872 ut
2427 3836 2545 3874 eum
2576 3822 2749 3875 locum
2784 3823 2883 3876 sibi
2930 3816 3181 3874 vendicet
3204 3861 3218 3884 ,
3278 3822 3482 3890 judicio

1929 3912 2160 3974 experiri
2183 3911 2379 3964 licebit.
2416 3911 2472 3964 Si
2507 3922 2683 3964 tamen
2714 3914 2829 3975 ejus
2854 3912 3216 3979 episcopatus,
3238 3912 3303 3964 ad
3324 3927 3481 3980 quem

1929 4000 2076 4055 locus
2101 4003 2185 4056 ille
2234 4004 2501 4069 pertinere
2529 4004 2745 4064 dicitur,
2783 4002 2960 4055 nullus
2990 4016 3052 4055 eo
3098 4012 3334 4071 tempore
3372 4005 3484 4072 epi-

1929 4103 2122 4155 scopus
2169 4090 2411 4142 exstabat
2465 4088 2612 4142 illum
2671 4091 3072 4154 vendicaturus,
3138 4092 3227 4145 sed
3265 4092 3480 4146 viduata

1932 4177 2180 4246 praefecto
2211 4176 2446 4232 Ecclesia
2491 4182 2737 4243 vacabat,
2796 4196 2900 4234 non
2944 4182 3374 4249 pra‘judicabitur
3427 4185 3479 4235 in

1934 4266 2239 4330 inatricula;
2276 4268 2375 4321 hoc
2404 4277 2505 4330 est,
2540 4271 2789 4337 quamvis
2823 4270 2875 4322 in
2911 4272 3027 4337 ejus
3054 4272 3305 4325 Ecclesia:
3334 4273 3487 4325 tabu-

1932 4354 2031 4418 las,
2057 4370 2176 4423 qua:
2204 4370 2326 4407 eum
2353 4356 2581 4409 triennio
2610 4356 2864 4422 possedit,
2896 4358 2941 4411 is
2964 4357 3113 4410 locus
3155 4358 3353 4411 relatus
3392 4360 3481 4422 sit,

1939 4460 2042 4498 non
2088 4454 2262 4497 tamen
2317 4460 2379 4499 ea
2411 4449 2522 4499 'res
2587 4448 2933 4515 episcopum,
2980 4446 3140 4517 653
3183 4448 3270 4515 qui
3300 4457 3484 4512 postea

1933 4544 2145 4587 creatus
2174 4532 2353 4597 fuerit,
2412 4535 2565 4588 laedet
2590 4551 2606 4599 ;
2634 4537 2728 4589 sed
2762 4551 2881 4589 eum
2924 4537 3138 4589 triennii
3170 4537 3345 4604 spatio
3372 4577 3388 4600 ,
3418 4535 3486 4589 ab

1932 4638 1995 4676 eo
2023 4624 2128 4686 die,
2162 4637 2267 4691 quo
2288 4623 2570 4691 episcOpus
2594 4622 2766 4676 factus
2801 4634 2904 4687 est,
2940 4625 3293 4686 recensendo,
3332 4636 3485 4691 repe-

1935 4724 2046 4769 tere
2070 4729 2131 4768 ac
2154 4715 2273 4783 jure
2325 4730 2425 4769 suo
2485 4716 2683 4784 poterit
2730 4717 3031 4772 vendicare.
3076 4716 3224 4781 Quod
3275 4717 3487 4785 quidem

1933 4808 2093 4860 etiam
2124 4805 2175 4859 in
2202 4806 2286 4868 iis,
2312 4820 2428 4871 quae
2452 4805 2514 4857 ad
2541 4804 2843 4859 Donatistas
2870 4817 3141 4874 spectant,
3166 4808 3487 4860 servandum

1931 4910 2048 4950 esse
2078 4896 2421 4960 decernitur;
2449 4906 2503 4947 ut
2532 4896 2575 4947 si
2633 4898 2755 4962 quis
2803 4897 3063 4948 nimirum
3105 4896 3385 4964 episcopus
3422 4911 3490 4950 ex

1932 5003 1995 5042 eo
2025 5003 2246 5042 numero
2274 5002 2331 5042 se
2357 5003 2567 5041 rursum
2607 4990 2671 5040 ad
2707 4989 2956 5043 Ecclesiae
3010 4991 3290 5045 catholica:
3317 4992 3492 5045 unita-

1937 5088 2039 5130 tem
2071 5077 2391 5146 aggregarit,
2420 5076 2569 5145 cujus
2602 5078 2834 5144 aliquam
2876 5080 3147 5148 regionem
3192 5081 3330 5134 alius
3370 5081 3493 5149 epi-

1934 5182 2126 5233 scopus
2157 5167 2455 5236 detinebat,
2470 5167 2580 5221 loca
2621 5171 2685 5220 ad
2713 5167 3004 5223 Ecclesiam
3040 5186 3191 5225 suam
3223 5175 3492 5240 pertinen-

1936 5256 2027 5318 tia,
2055 5257 2213 5308 trium
2256 5271 2518 5309 annorum
2569 5258 2872 5323 intervallo,
2903 5275 2965 5312 ex
3018 5275 3124 5330 quo
3154 5276 3276 5315 cum
3307 5261 3495 5316 Eccle-

1934 5346 2017 5399 sia
2076 5348 2128 5398 in
2183 5346 2407 5413 gratiam
2460 5348 2656 5410 rediit,
2722 5351 2995 5417 repetendi
3075 5352 3268 5406 habeat
3322 5351 3493 5406 facul-

1938 5448 2123 5489 tatem.

1936 5572 2157 5626 ARIST.
2194 5591 2212 5622 ι
2257 5571 2353 5636 Qui
2382 5573 2649 5640 regionem
2682 5574 2747 5625 ad
2774 5575 3134 5627 orthodoxam
3171 5575 3327 5629 iidem
3356 5588 3490 5630 con-

2014 5683 2031 5714 ε
2073 5665 2255 5726 vertit,
2289 5672 2342 5717 et
2370 5678 2685 5717 conversam
2720 5678 2814 5732 per
2847 5667 3137 5719 triennium
3174 5667 3398 5731 detinet,
3427 5670 3498 5721 sit

2011 5773 2029 5807 ι
2075 5766 2222 5811 extra
2255 5755 2465 5823 culpam
2506 5771 2517 5807 :
2551 5764 2604 5810 et
2634 5756 2914 5824 episcopus
2943 5772 2973 5811 a
3007 5756 3215 5815 Donato
3261 5773 3494 5815 conver-
