4224 6440
780 377 885 441 387

857 594 872 622 ι
914 577 1276 643 rupcial,jurc
1310 588 1492 643 δεδι.»

859 668 987 715 Ante
1036 666 1178 730 leges
1248 668 1639 734 imperatorias,
1695 676 2143 732 quemadmodum
2189 685 2240 727 et
2289 692 2338 728 .u

777 755 1072 807 centesimo
1114 756 1321 808 decimo
1367 760 1593 824 septimo
1640 777 1844 816 canone
1900 768 2153 832 scriptum
2218 778 2338 830 est,

778 848 819 896 si
851 846 970 912 quis
997 846 1279 912 episc0pns
1327 849 1394 900 ab
1439 848 1629 904 han-esi
1660 852 1835 919 aliqua
1872 856 1936 906 ad
1972 855 2127 906 tidem
2156 860 2340 907 ortho-

777 933 969 985 doxam
1000 937 1292 1001 parteciam
1335 938 1565 1005 aliquant
1599 942 1883 1003 convertit,
1918 942 1984 993 ab
2007 958 2070 993 eo
2103 956 2339 1007 tempore

777 1036 893 1073 eam
937 1024 1266 1098 possidebat,
1304 1037 1357 1077 et
1384 1043 1484 1078 non
1516 1038 1726 1093 poterat
1755 1031 2025 1097 quispiam
2058 1033 2338 1097 episcopo-

779 1127 916 1173 rum,
955 1113 1019 1162 ad
1056 1128 1216 1179 quem
1243 1116 1491 1167 ditnccsis
1524 1116 1611 1167 illa
1654 1120 1979 1183 pertinebat.
2013 1135 2130 1171 eam
2186 1136 2334 1173 revo-

774 1216 919 1252 care.
949 1202 1014 1253 At
1039 1212 1157 1269 post
1190 1204 1333 1270 leges
1360 1205 1427 1256 de
1457 1219 1519 1256 eo
1541 1204 1697 1267 latas,
1733 1208 1937 1275 synodo
1968 1208 2167 1275 placuit
2192 1225 2335 1273 eum,

773 1289 861 1353 qui
906 1290 1179 1357 regionem
1214 1292 1450 1357 aliquam
1504 1293 1568 1345 ad
1613 1293 1769 1346 fidem
1809 1296 2163 1349 orthodoxam
2205 1312 2335 1349 cun-

782 1378 957 1440 vertit,
994 1391 1043 1431 et
1081 1396 1175 1447 per
1206 1382 1496 1434 triennium
1526 1398 1641 1434 eam
1683 1387 1937 1449 possedit,
1972 1402 1999 1437 a
2036 1389 2247 1441 nemine
2280 1398 2337 1441 ut

772 1480 889 1517 eam
920 1479 1199 1534 repetente
1219 1471 1459 1523 molestia
1478 1471 1727 1524 allectum
1747 1473 2073 1541 inculpatum
2093 1491 2333 1540 manere,

771 1568 823 1609 et
851 1572 966 1609 eam
1003 1558 1070 1609 ab
1102 1559 1205 1611 isto
1243 1574 1347 1611 non
1377 1561 1607 1634 amplius
1648 1563 1850 1628 repeti,
1910 1563 1951 1614 si
2011 1564 2146 1615 intra
2182 1566 2337 1616 trien-

774 1646 919 1697 nium
947 1648 1153 1701 exstitit
1182 1650 1487 1717 episcOpus,
1524 1651 1611 1717 qui
1642 1666 1757 1703 eam
1788 1663 2072 1718 repeteret,
2096 1664 2148 1706 et
2179 1656 2333 1721 quie-

773 1736 868 1787 vit.
902 1736 956 1789 Si
992 1740 1134 1791 euim
1190 1742 1440 1803 ecclesia,
1477 1758 1595 1808 qua:
1646 1743 1699 1794 itt
1740 1743 2011 1809 regionem
2070 1744 2216 1795 illam
2264 1745 2331 1797 ab

775 1827 963 1878 haeresi
998 1844 1339 1893 conversam,
1376 1830 1465 1895 jus
1514 1831 1691 1892 habet,
1730 1832 1982 1899 episcopo
2040 1834 2329 1897 vacaverit,

774 1919 998 1982 proinde
1025 1920 1509 1974 triennaliscursns
1533 1923 1577 1974 ei
1610 1926 1840 1985 nocebit,
1872 1933 2151 1990 postquam
2194 1925 2244 1976 in
2270 1940 2331 1979 ca

773 2006 829 2057 tit
861 2009 1163 2073 episc0pus.
1213 2010 1317 2063 Sed
1346 2024 1399 2064 et
1448 2013 1677 2078 parmcia
1712 2014 1887 2080 aliqua
1933 2013 2330 2068 Donatistarum

767 2099 1029 2165 episcopi,
1056 2100 1098 2150 si
1129 2099 1192 2151 ad
1228 2102 1550 2153 catholicam
1607 2102 1905 2156 Ecclesiatn
1961 2116 2329 2170 canvertatttr,

766 2202 821 2241 et
846 2192 911 2243 ab
936 2206 998 2243 eo
1029 2191 1118 2257 qui
1152 2192 1323 2258 ipsam
1357 2194 1421 2244 ad
1458 2194 1614 2245 tidem
1659 2196 1924 2248 convertit
1971 2196 2328 2250 orthodoxam

769 2280 856 2331 diu
888 2279 1109 2332 detenta
1139 2281 1274 2342 fuit;
1314 2290 1494 2347 postea
1538 2295 1713 2334 autem
1768 2295 1822 2335 et
1882 2286 1992 2352 ipse
2053 2286 2328 2339 Donatista

766 2371 1056 2436 t'pis‘COptts
1084 2370 1149 2422 ad
1179 2368 1297 2421 ﬁdei
1348 2368 1637 2424 Catholicre
1665 2374 1874 2424 accedit
1927 2375 2177 2428 unionem
2206 2394 2218 2428 :
2254 2377 2288 2431 li
2308 2406 2331 2417 -

768 2460 909 2512 cebit
936 2461 983 2512 ei
1020 2460 1161 2512 intra
1212 2460 1527 2525 triennium,
1560 2476 1589 2513 a
1619 2477 1723 2529 quo
1771 2477 2063 2517 conversus
2093 2476 2193 2528 est,
2240 2481 2333 2533 pa-

772 2549 989 2601 ruaciam
1058 2550 1126 2604 ad
1196 2551 1448 2605 thronum
1525 2566 1682 2606 suum
1748 2554 2105 2619 pertinentem
2170 2571 2330 2611 revo-

766 2654 826 2694 (‘3
835 2656 907 2695 re.

1318 2907 1545 2963 CANON
1580 2909 1768 2964 CXXI.

774 3014 793 3044 ι
840 2994 912 3048 De
946 2996 1011 3049 iis
1041 2998 1133 3065 qui
1166 2998 1429 3052 invadunt
1459 3002 1705 3069 populos,
1748 3017 1885 3071 quos
1934 3014 2123 3071 putant
2172 3022 2237 3059 au
2272 3028 2331 3062 se

843 3105 861 3136 ι
900 3088 1200 3156 pertinere,
1234 3103 1430 3159 praeter
1472 3094 1799 3147 voluntatem
1851 3110 2038 3149 eorum
2074 3098 2164 3165 qui
2215 3098 2332 3151 illos
2360 3112 2405 3167 ο

842 3196 861 3228 ι
905 3181 1201 3247 possident.
1234 3181 1495 3236 Similiter
1530 3185 1749 3250 placuit,
1790 3196 1847 3239 ut
1878 3188 2185 3255 quicunque
2212 3188 2328 3253 epi-

845 3288 863 3320 ¢
900 3272 1046 3338 scopi
1091 3273 1334 3339 pepulos,
1365 3288 1501 3340 quos
1532 3274 1599 3325 ad
1648 3290 1800 3327 suam
1838 3277 2018 3329 sedem
2065 3277 2333 3343 pertinere

847 3381 862 3411 ι
907 3364 1240 3426 existimant,
1274 3380 1377 3417 non
1416 3366 1485 3417 ita
1518 3375 1785 3433 repetant,
1827 3378 1879 3419 ut
1909 3367 2027 3419 aliis
2067 3369 2334 3435 episcopis

844 3474 861 3504 ι
896 3454 1264 3523 judicantibus
1291 3457 1393 3509 hoc
1444 3468 1640 3523 agant,
1688 3461 1777 3509 sed
1830 3458 2073 3523 populos,
2123 3459 2209 3524 qui
2267 3458 2333 3510 ab

843 3563 859 3593 ι
903 3544 1027 3596 aliis
1056 3544 1387 3608 detinentur,
1420 3547 1699 3608 invadant,
1736 3546 1848 3597 sive
1878 3546 2041 3597 velint
2089 3546 2201 3599 sive
2245 3563 2334 3599 no-

845 3650 862 3681 ι
902 3632 1021 3695 lint,
1059 3647 1236 3685 causae
1267 3647 1377 3686 suae
1405 3635 1616 3699 jactura
1650 3634 1988 3687 multentur:
2024 3642 2077 3686 et
2105 3636 2333 3702 quicun-

842 3740 857 3770 ι
897 3736 1000 3790 que
1027 3720 1211 3788 utique
1241 3722 1343 3774 hoc
1378 3722 1643 3783 fecerunt,
1670 3721 1715 3773 si
1747 3736 1849 3773 non
1886 3722 2025 3775 inter
2052 3724 2332 3791 episcopos

840 3832 858 3865 ι
895 3828 1160 3868 consensu
1195 3814 1469 3881 negotium
1514 3815 1751 3877 tlniatnr,
1801 3816 1892 3868 sed
1931 3816 2105 3869 adhuc
2157 3816 2225 3868 de
2267 3832 2332 3888 eo

840 3924 857 3955 ι
905 3905 1265 3978 contendant;
1304 3905 1350 3958 is
1378 3906 1444 3956 ab
1480 3919 1544 3959 eo
1578 3904 1839 3968 discedat,
1877 3922 2031 3973 quem
2052 3915 2328 3961 ostensum

838 4015 858 4047 ι
896 3996 1057 4050 fuerit
1110 3996 1369 4064 neglectis
1417 3995 1690 4061 judiclbus
1716 3996 2098 4050 ecclesiasticis
2128 3999 2177 4051 in
2208 4012 2328 4050 eum

840 4107 855 4138 ι
896 4092 1151 4156 impetum
1177 4088 1393 4141 fecisse.
1430 4087 1535 4140 Nec
1561 4086 1663 4140 sibi
1698 4088 1963 4153 quispiam
1997 4088 2328 4152 blandiatur,

838 4195 856 4227 ι
900 4179 944 4231 si
980 4193 1008 4230 a
1040 4179 1273 4244 primate
1304 4178 1368 4229 de
1406 4176 1729 4242 possidendo
1778 4176 1989 4229 litteras
2038 4178 2327 4242 acceperit.

840 4285 859 4318 ι
900 4266 1005 4320 Sed
1030 4267 1146 4321 sive
1177 4266 1372 4317 habeat
1426 4263 1654 4323 litteras,
1685 4262 1797 4315 sive
1850 4278 1976 4323 non,
2037 4263 2330 4316 conveniat

840 4375 858 4407 ι
895 4370 1018 4410 eum
1051 4354 1137 4422 qui
1166 4353 1425 4421 possidet,
1459 4362 1512 4405 et
1542 4351 1609 4404 ab
1635 4366 1698 4403 eo
1734 4351 1941 4402 litteras
1969 4351 2236 4418 accipiat;
2272 4361 2329 4403 ut

838 4466 856 4499 ι
895 4448 943 4502 is
986 4446 1229 4499 videatur
1282 4443 1521 4513 paciﬁce,
1570 4457 1686 4509 qua:
1732 4442 1795 4493 ad
1858 4443 2031 4508 ipsum
2070 4442 2322 4506 pertinet,
2359 4436 2402 4492 υ

840 4557 857 4588 ι
896 4536 1191 4590 Ecclesiam
1255 4534 1575 4602 possidere:
1613 4534 1694 4585 sin
1743 4541 1921 4583 autem
1978 4532 2064 4584 ille
2118 4543 2333 4582 contra-

838 4647 856 4678 ι
908 4630 1040 4681 riam
1073 4628 1422 4695 quaestionem
1482 4624 1719 4695 referat;
1763 4627 1879 4692 ipsa
1926 4638 2138 4692 quoque
2191 4623 2330 4673 inter

840 4736 859 4768 ι
898 4718 1179 4785 episcopos
1207 4715 1507 4781 judicantes
1536 4714 1774 4775 tlniatnr,
1824 4712 1938 4764 sive
1964 4727 2098 4777 quos
2130 4710 2332 4778 primas

844 4824 863 4856 ι
901 4807 947 4858 ei
977 4806 1201 4866 dederit,
1240 4805 1352 4857 sive
1378 4817 1513 4872 quos
1555 4802 1652 4869 ipsi
1691 4801 1895 4853 vicinos
1934 4813 2203 4852 c0nsensu
2241 4798 2333 4849 de-

839 4912 858 4946 ι
904 4897 1149 4964 legerint.
1188 4913 1206 4944 ι

834 5184 1029 5237 BALS.
1075 5185 1182 5238 Lex
1235 5198 1449 5253 quoque
1502 5184 1677 5235 ciwlis
1728 5182 1940 5242 statuit,
1979 5190 2034 5232 ut
2065 5179 2155 5245 qui
2214 5180 2331 5232 sine

765 5276 1109 5339 magistratus
1136 5274 1464 5326 auctoritate
1497 5287 1607 5324 rem
1642 5270 1910 5337 propriam
1943 5267 2249 5327 abstulerit,
2281 5271 2327 5320 is

762 5370 828 5417 ah
864 5382 925 5419 ea
964 5369 1200 5419 excidat.
1234 5365 1477 5419 Praesens
1504 5379 1717 5433 quoque
1752 5377 1923 5416 canon
1971 5360 2238 5423 decernit,
2278 5372 2334 5413 ut

760 5462 847 5526 qni
884 5475 941 5511 se
972 5459 1141 5527 plebis
1166 5459 1245 5511 vel
1281 5458 1516 5525 regionis
1544 5456 1636 5524 jus
1667 5456 1866 5508 habere
1895 5453 2231 5516 existimant,
2264 5468 2329 5505 ne

761 5563 879 5601 eam
918 5564 1011 5600 sua
1042 5549 1366 5601 auctoritate
1394 5546 1816 5614 apprchendant,
1856 5546 1967 5598 sive
2019 5547 2121 5597 hoc
2166 5543 2331 5594 velint

764 5638 963 5706 populi.
992 5639 1102 5691 sive
1130 5638 1333 5703 nolint;
1370 5638 1463 5690 sed
1503 5651 1620 5705 qua:
1647 5635 1715 5687 ah
1746 5636 1869 5687 aliis
1894 5634 2162 5702 episc0pis
2193 5634 2329 5684 deti-

765 5743 981 5796 nentur,
1020 5731 1284 5799 ejusmodi
1320 5730 1587 5799 regiones,
1622 5742 1742 5783 cum
1798 5726 2084 5794 episcopali
2127 5724 2332 5792 judicio

2034 374 2308 437 ’1’11ΕΟΙ.).
2358 380 2444 435 BA
2455 378 2747 439 LSAMON

859 510 873 534 ι
914 502 1025 545 sus,
1061 485 1102 535 si
1137 486 1273 535 intra
1307 486 1615 547 triennium,
1662 500 1690 537 a
1735 501 1842 555 quo
1894 501 2185 541 conversus
2238 498 2336 550 est,
2373 496 2412 547 Α

3897 380 3999 443 35,8

2522 510 2539 539 ι
2582 508 2678 550 no;
2708 491 2815 543 ἀπὸ
2846 490 3099 554 Δονάτου,
3131 492 3176 540 εἰ
3208 490 3352 549 ἐντὸς
3397 489 3638 556 τριετίας
3669 490 3763 554 ἀφ’
3790 485 3851 544 οὗ
3907 495 4001 544 ἑπ-

2524 600 2539 629 ι
2580 582 2839 648 έστρεψεν
2862 582 3046 647 ἐνάγει
3066 614 3087 644 τ
3112 580 3374 646 ἀναγέτω.

2515 671 2625 736 Πρδ
2655 669 2753 735 μὲν
2784 670 2892 720 τῶν
2922 669 3216 737 βασιλικῶν
3252 670 3453 736 νόμων,
3482 670 3662 732 καθὼς
3692 671 3786 721 καί⁵
3814 672 3870 722 ὲν
3923 673 4000 739 τῷ

2448 760 2725 828 ἑκατοστῷ
2783 760 3229 825 ἑπτακαιδεκάτῳ
3282 760 3465 811 κανόνι
3520 760 3757 826 ἐγράφη,
3808 760 3862 810 εί
3915 778 4001 822 τις

2441 849 2739 908 ἐπίσκοπος
2768 848 2875 899 ἀπὸ
2904 848 3172 916 αἱρέσεώς
3199 865 3341 910 τινος
3384 850 3462 911 είς
3495 848 3804 916 όρθοδοξίαν
3869 867 3996 916 μετ·

2440 937 2670 1003 έστρεψε
2704 938 2998 1005 παροικίαν
3016 940 3155 1001 τινὰ,
3190 940 3408 1004 κατεῖχε
3431 939 3632 1004 ταύτην
3649 939 3999 1003 ἀπεντεῦθεν,

2439 1027 2532 1075 καὶ
2571 1026 2669 1076 οὐκ
2700 1024 2930 1091 ὴδύνατό
2957 1043 3041 1086 τις
3074 1025 3183 1077 τῶν
3225 1025 3560 1089 ἐπισκόπων,
3593 1017 3744 1089 ᾧτινι
3796 1026 3831 1091 ἡ
3882 1041 3999 1075 τοι·

2438 1116 2577 1182 αὐτη
2611 1115 2777 1181 ἀνῆκε
2817 1116 3101 1184 διοίκησις,
3152 1113 3541 1166 ἀνακαλεῖσθαι
3599 1115 3785 1181 αὑτήν.
3843 1114 4002 1165 Μετὰ

2438 1206 2493 1255 δὲ
2530 1208 2649 1266 τοὺς
2682 1210 2806 1273 περὶ
2849 1206 3039 1261 τούτου
3100 1207 3295 1270 νόμους
3344 1205 3507 1271 ἠρεσε
3546 1208 3611 1273 τῇ
3654 1206 3858 1271 συνόδῳ
3910 1202 4001 1256 τδν

2444 1297 2896 1364 μεταστρέψαντα
2927 1299 3007 1358 είς
3051 1299 3150 1364 τὴν
3178 1296 3492 1365 όρθοδοξίαν
3517 1296 3701 1363 χώραν
3730 1298 3875 1358 τινὰ,
3908 1297 4001 1346 καὶ

2436 1386 2529 1435 ἐπὶ
2560 1385 2797 1450 τριετίαν
2860 1386 3199 1453 κατασχόντα
3251 1384 3441 1451 αὐτὴν,
3517 1385 3591 1451 μὴ
3659 1383 3809 1447 παρά
3854 1398 4000 1441 τινος

2435 1472 2755 1540 ὀχληθέντα,
2788 1474 2862 1535 ὡς
2880 1474 3084 1541 ταύτην
3119 1474 3587 1541 ἀναζητήσαντος.
3626 1473 3809 1540 μένειν
3841 1470 4001 1534 ἀνέτ⁶

2436 1564 2653 1631 κλητον,
2687 1567 2781 1615 καὶ
2816 1563 3015 1632 μηκέτι
3043 1563 3247 1630 ταύτην
3272 1560 3660 1627 ἀναζητετσθαι
3687 1561 3780 1611 ἀπ’
3811 1558 3999 1621 αὑτοῦ,

2435 1654 2593 1719 είπερ
2616 1653 2764 1711 ὲνττὸς
2791 1655 2887 1721 τῆς
2922 1654 3165 1722 τριετίας
3211 1652 3455 1719 ὑπῆρχεν
3482 1652 3778 1712 ἐπίσκοπος
3814 1652 3840 1703 ό
3871 1650 4003 1717 μέ).-

2436 1742 2539 1795 λων
2569 1745 2908 1812 ἀναζητῆσαι
2948 1746 3137 1814 αὐτὴν,
3173 1744 3269 1797 καὶ
3298 1744 3589 1813 ἡσύχασεν.
3626 1742 3685 1793 Et
3729 1742 3837 1807 γὰρ
3869 1740 4000 1807 ἐχή-

2438 1852 2593 1903 ρευεν
2626 1834 2924 1887 ὲπισκόποῦ
2963 1840 2994 1904 ἡ
3030 1835 3318 1903 ικκλησία,
3350 1837 3381 1901 ὴ
3418 1832 3775 1900 δικαιουμένη
3805 1833 3897 1881 ἐπὶ
3932 1832 3997 1898 τῇ

2434 1924 2587 1993 χώρᾳ
2615 1925 2797 1995 ἐκείνῃ
2824 1930 2889 1993 τῇ
2919 1927 3027 1977 ἀπὸ
3055 1929 3153 1995 τῆς
3195 1927 3457 1994 αἱρέσεως
3538 1921 4000 1990 μεταστραφείη,

2434 2016 2618 2065 ἔκτοτε
2687 2018 2719 2084 ἡ
2764 2015 3090 2084 παραδρομὴ
3146 2014 3239 2067 τοῦ
3274 2013 3518 2084 τριεττηῦς
3585 2013 3777 2079 χρόνον
3833 2010 3997 2063 αὐτον

2438 2102 2651 2171 βλάψει,
2688 2104 2819 2171 μεθὸ
2854 2106 3079 2172 γένηται
3108 2104 3195 2155 ἐπ’
3224 2105 3357 2172 αὐτῇ
3375 2104 3687 2162 ὲπίσκοττνς.
3710 2100 3871 2152 Ἀλλὰ
3906 2100 4000 2150 καὶ

2438 2194 2696 2261 παροικία
2742 2212 2823 2254 τις
2858 2196 3157 2245 ἐπισκόπου
3187 2195 3295 2244 τῶν
3348 2194 3704 2252 Δονατιστῶν,
3736 2184 3830 2243 ἐὰν
3865 2190 4001 2258 πρὸς

2432 2286 2528 2352 τὴν
2556 2285 2854 2342 καθολικὴν
2901 2286 3244 2355 μεταστρέψῃ
3294 2285 3638 2352 Ἐκκλησίαν,
3668 2285 3762 2335 καὶ
3822 2299 3997 2335 κατα-

2436 2375 2595 2443 σχεθῇ
2629 2376 2723 2427 ἐπὶ
2756 2376 2922 2427 πολὺν
2948 2377 3138 2445 χρόνον
3175 2378 3325 2445 παρὰ
3379 2375 3473 2428 τοῦ
3522 2374 4001 2443 μεταστρέψαντος

2435 2466 2601 2533 αὐτὴν
2622 2469 2701 2528 είς
2725 2470 2821 2533 τὴν
2847 2467 3188 2533 ὀρθοδοξίαν·
3226 2461 3343 2519 εἶτα
3387 2466 3661 2535 προσέλθῃ
3690 2467 3756 2532 τῇ
3783 2463 4001 2531 ἑνότητι

2433 2558 2533 2622 τῆς
2557 2555 2851 2622 καθολικῆς
2885 2556 3118 2616 πίστεως
3144 2557 3236 2607 καὶ
3268 2559 3293 2607 ὁ
3324 2555 3650 2616 Δονατιστὴς
3672 2553 3999 2612 ἐπίσκοπος,

2434 2646 2647 2707 ἐξέσται
2684 2647 2830 2714 αὐτῷ
2880 2650 3028 2707 ἐντὸς
3063 2649 3323 2715 τριετίας,
3388 2649 3480 2714 ἀφ’
3511 2642 3570 2698 οὗ
3634 2642 3999 2712 ὑπέστρεψεν,

2436 2734 2824 2785 ἀνακαλεῖσθαι
2856 2738 2952 2803 τὴν
2992 2737 3303 2804 ἀνήκουσαν
3330 2736 3405 2802 τῷ
3441 2735 3615 2803 θρόνῳ
3645 2730 3807 2783 αὐτοῦ
3857 2747 4001 2799 παρ-

2434 2826 2624 2878 οικίαν.

2983 2917 3217 2967 ΚΛΝΩΝ
3265 2916 3445 2968 ΡΚΔ’.

2445 3027 2462 3057 ι
2502 3004 2633 3075 Περὶ
2660 3006 2769 3058 τῶν
2794 3011 2902 3067 τοῖς
2930 3008 3098 3071 λαοῖς,
3121 3008 3212 3069 οὒς
3252 3008 3566 3073 νομίζουσιν
3624 3005 3805 3065 αὐτοῖς
3865 3004 4004 3069 ἀνή-

2512 3116 2529 3147 ι
2568 3112 2704 3159 κειν,
2735 3096 3126 3149 ἐπιϐαινόντων
3177 3096 3326 3164 παρά
3377 3094 3602 3162 γνώμην
3649 3093 3758 3145 τῶν
3800 3092 4003 3151 αὐτοὺς

2513 3207 2529 3237 ι
2568 3189 2926 3253 κατεχόντων.
2971 3188 3205 3253 Ὁμοίως
3264 3187 3482 3255 ἤρεσεν,
3544 3186 3630 3235 ἵνα
3693 3183 4003 3250 οίοιδήποτε

2513 3298 2529 3328 ι
2568 3282 2855 3330 ἐπίσκοποι
2886 3280 2952 3330 τὰ
2993 3279 3192 3346 πλήθη,
3248 3277 3282 3329 ἃ
3334 3276 3617 3343 νομίζουσι
3695 3277 3773 3343 τῷ
3824 3275 4004 3342 θρόνῳ

2514 3389 2529 3418 ι
2574 3370 2753 3419 αὐτῶν
2804 3371 3045 3436 ἀνήκειν,
3092 3368 3167 3436 μὴ
3215 3368 3387 3429 οὕτως
3437 3369 3802 3434 ἁναζητῶσιν,
3861 3366 4003 3416 ὥστε

2516 3480 2530 3508 ι
2572 3461 2743 3512 ἄλλων
2786 3460 3097 3511 ἐπισκόπων
3148 3462 3451 3527 κρινόντων,
3502 3459 3658 3510 τοῦτο
3713 3458 4001 3525 πράττειν.

2517 3569 2533 3599 ι
2579 3551 2823 3601 ἀλλ’ὑπδ
2874 3552 3061 3617 ἑτέρου
3127 3552 3519 3618 κατεχομένοις
3572 3548 3841 3600 ὲπέλθωσι
3890 3549 4004 3607 τοῖς

2522 3664 2537 3691 σ
2581 3643 2747 3703 λαοῖς,
2786 3641 2895 3693 εἴτε
2938 3641 3178 3693 θέλουσιν
3204 3642 3311 3690 εἴτε
3359 3642 3434 3708 μὴ
3474 3640 3709 3699 θέλουσι,
3740 3638 3835 3689 τοῦ
3870 3639 4001 3689 ἰδίου

2513 3752 2527 3781 ι
2573 3736 2897 3799 πράγματος
2925 3731 3023 3799 τὴν
3058 3731 3263 3799 ζημίαν
3291 3729 3662 3796 ὑπομείνωσιν
3685 3746 3698 3759 ·
3738 3729 3835 3780 καὶ
3867 3729 4002 3780 otti-

2514 3840 2529 3868 ι
2568 3836 2652 3879 νες
2685 3817 2883 3886 δήποτε
2907 3818 3065 3869 τοῦτο
3090 3819 3375 3881 ἐποίησαν,
3408 3820 3452 3870 εί
3492 3820 3619 3887 μὴὴ
3656 3819 3861 3886 μεταξὺ
3893 3818 4003 3868 τῶν

2516 3929 2531 3959 ι
2571 3912 2884 3962 ἐπισκόπων
2931 3910 3229 3971 συναίνεσις
3269 3910 3611 3978 ἐπερατώθη,
3648 3910 3760 3962 ἀλλ’
3816 3913 4005 3979 ἀκμὴν

2507 4021 2523 4051 ι
2566 4004 2691 4070 περὶ
2718 4002 2811 4053 τοῦ
2838 4000 3001 4051 αὐτοῦ
3052 4001 3471 4066 φιλονεικοῦσιν,
3526 4003 3740 4063 ἐκεῖνος
3785 4003 4001 4069 ἀποστῇ

2509 4110 2525 4141 ι
2560 4093 2786 4153 ἐκεῖθεν,
2856 4092 2985 4161 περὶ
3045 4086 3103 4142 οὗ
3138 4092 3396 4159 δειχθείη,
3448 4095 3530 4144 ὅτι
3565 4093 3848 4160 παρεάσας
3881 4094 4006 4153 τοὺς

2516 4200 2533 4231 ι
2570 4182 3059 4248 ἐκκλησιαστικοὺς
3086 4179 3346 4240 δικαστὰς
3378 4181 3563 4245 ἔφοδον
3588 4183 3868 4248 ἐποίησεν.
3895 4181 4006 4231 Καὶ

2508 4291 2524 4322 ι
2565 4270 2635 4340 μὴ
2667 4272 2856 4323 ἑαυτόν
2884 4288 2968 4332 τις
2993 4271 3321 4339 κολακεύσῃ,
3348 4272 3398 4321 εί
3424 4272 3488 4321 ὲκ
3518 4271 3610 4322 τοῦ
3632 4271 4005 4338 πρωτεύοντος

2508 4381 2524 4412 ι
2567 4364 2871 4432 γράμματα
2906 4362 3033 4430 περὶ
3065 4361 3158 4412 τοῦ
3191 4362 3446 4429 κατέχειν
3471 4360 3685 4413 ἐλαϐεν.
3727 4360 3868 4412 Ἀλλ’
3894 4362 4006 4412 εἴτε

2506 4474 2521 4503 ι
2560 4456 2866 4522 γράμματα
2917 4453 3051 4521 ἔχει,
3097 4454 3205 4504 εἴτε
3254 4454 3354 4504 οὐκ
3441 4453 3579 4521 ἔχει,
3645 4452 3879 4521 συνέλθῃ
3929 4454 4007 4521 τῷ

2505 4564 2522 4594 ι
2563 4550 2866 4613 κατέχοντι,
2913 4547 3007 4595 καὶ
3058 4546 3188 4612 παρ’
3238 4543 3404 4595 αὐτοῦ
3459 4542 3767 4611 γράμματα
3828 4542 4005 4603 λάϐοι,

2513 4656 2529 4686 ι
2572 4636 2712 4687 ὥστε
2763 4637 3000 4703 φανῆναι
3025 4635 3211 4687 τοῦτον
3250 4636 3543 4704 είρηνιγ.ὦς
3572 4637 3672 4703 τὴν
3698 4634 3849 4701 αὑτῷ
3875 4635 4011 4702 ἀνή-

2516 4746 2530 4774 σ
2570 4742 2772 4776 κουσαν
2805 4724 3057 4792 κατέχειν
3113 4724 3443 4793 ἐκκλησίαν·
3504 4725 3601 4776 ἑὰν
3643 4724 3699 4776 δὲ
3756 4726 4012 4787 κάκεῖνός

2515 4836 2531 4865 ι
2566 4834 2685 4866 τινα
2722 4814 2950 4882 ζήτησιν
2980 4816 3345 4883 ἀντεναγάγῃ,
3382 4816 3473 4866 κα)⁵
3512 4814 3652 4883 αὑτὴ
3705 4818 4002 4883 περατωθῇ

2515 4930 2530 4956 ι
2571 4908 2772 4973 μεταξὺ
2810 4906 3122 4959 ἐπισκόπων
3157 4908 3471 4973 κρινόντων,
3513 4906 3629 4957 εἴτε
3674 4905 3767 4968 οὓς
3796 4908 3825 4957 ὁ
3861 4923 4011 4971 πρω-

2515 5019 2531 5049 ι
2570 4998 2738 5050 τεὺων
2778 5000 2962 5059 αὐτοῖς
3016 4998 3111 5065 δῷ,
3165 4997 3275 5049 εἴτε
3328 4996 3420 5059 οὒς
3468 4995 3825 5064 γειτνιῶντας
3868 4996 4011 5048 κατὰ

2514 5107 2529 5137 ι
2568 5088 2869 5138 συναίνεσιν
2898 5085 3275 5148 ἐπιλέξωνται.
3306 5104 3326 5137 ι

2519 5178 2713 5230 ΒΑΛΣ.
2768 5178 2877 5229 Καὶ
2929 5180 2956 5229 ό
3008 5176 3284 5238 πολιτικὸς
3350 5177 3512 5243 νόμος
3571 5176 3866 5245 διορίζεται
3917 5174 4010 5227 re»

2438 5269 2687 5337 ἀνάρχως
2716 5268 2774 5318 τὸ
2804 5268 2935 5319 ἴδιον
2968 5268 3304 5335 ἀφελόμενον
3357 5267 3647 5319 ἐκπίπτειν
3682 5267 3871 5320 αὐτοῦ.
3899 5268 4009 5317 Καὶ

2438 5362 2465 5411 ό
2496 5358 2682 5428 παρὼν
2713 5358 2768 5409 δὲ
2802 5358 2981 5409 κανὼν
3009 5357 3300 5426 διορίζεται
3327 5360 3453 5420 τοὺς
3490 5358 3851 5422 ἐπισκόπους,
3885 5359 4010 5419 τοὺς

2438 5448 2753 5516 νομίζοντας
2776 5448 2919 5516 ἔχειν
2945 5448 3149 5501 δίκαιον
3171 5450 3432 5518 πλήθους,
3459 5450 3631 5518 ἧγουν
3662 5450 3900 5516 ὲνορίας,
3934 5451 4012 5518 μὴ

2440 5539 2769 5601 αὑθεντιγῶς
2800 5539 3216 5609 ἐπιδράττεσθαι
3240 5540 3471 5610 ταύτης,
3501 5541 3601 5592 κᾶν
3627 5540 3823 5593 θέλωσι
3854 5540 4013 5592 τοῦτο

2440 5634 2485 5683 oi
2515 5633 2655 5693 λαοὶ,
2687 5633 2789 5684 κάν
2820 5631 2895 5699 μὴ
2926 5633 3176 5694 θέλωσιν,
3218 5632 3352 5685 ἀλλὰ
3401 5634 3623 5701 ἐκνικᾷν
3653 5633 3749 5693 τὰς
3788 5649 4015 5701 κατεχυ·

2447 5721 2612 5790 μένας
2655 5722 2784 5791 παρ’
2844 5722 3048 5792 ἑτέρων
3117 5726 3432 5777 ἐπισκόπων
3487 5723 3745 5787 τοιαύτας
3799 5725 4012 5795 Empta:
