4224 6440
240 452 345 513 389
1257 446 1330 505 ΙΝ
1384 446 1547 507 CAN.
1585 440 1761 504 CXX!
1801 442 1908 499 ΩΟ]

1257 446 1330 505 ΙΝ
1384 446 1547 507 CAN.
1585 440 1761 504 CXXi
1801 442 2022 500 CONC:
2047 439 2422 497 CAliTllAG.

3339 436 3443 495 390

241 565 377 625 μιηά
437 559 667 624 κρίσεων,
723 554 1123 621 ἐπισκοπικῆς’
1180 557 1228 604 εἰ
1306 555 1360 604 δέ
1417 554 1909 620 αὑτεκδίκητοιΑι

1776 570 1792 603 ι
1819 555 1869 613 Α
1894 549 2143 603 evincant
2181 565 2193 599 :
2223 549 2303 597 sin
2336 552 2511 596 autem
2539 542 2774 609 sibiipsis
2810 541 2897 606 jus
2924 542 3170 602 dixerint,
3210 546 3283 599 rei
3321 561 3441 613 pm-

236 644 523 710 γένωνται,
555 642 755 709 ζημίαν
807 642 1097 708 ὑπομένειν
1127 640 1221 691 τοῦ
1272 640 1401 691 ίδίου
1443 640 1791 709 πράγματος,

237 738 405 801 ἤγουν
438 735 726 786 ἐκπίπτειν
749 732 842 784 τοῦ
871 732 1069 783 οίκείου
1108 730 1335 782 δικαίου.
1364 732 1532 783 Τοῦτο
1555 732 1609 782 δὲ
1642 730 1795 780 ἐσται

237 825 331 875 καὶ
363 826 442 885 είς
472 825 597 883 τοὺς
646 823 782 890 μετά
829 820 1200 891 προκάταρξιν
1259 821 1333 888 μὴ
1396 822 1795 887 ἀναμείναντας

234 917 330 979 τὴν
367 912 726 980 ἐπισκοπικὴν
753 912 1055 973 δικαίωσιν,
1082 910 1217 961 ἀλλὰ
1242 908 1573 968 uirentem};
1596 908 1788 958 ἐπιλα-

235 1003 496 1067 ϐομένους
524 1002 619 1061 τῆς
653 1000 889 1068 ἐνορίας.
941 1000 1048 1050 Καὶ
1099 998 1173 1066 μή
1200 1015 1303 1059 τις,
1361 996 1542 1062 φησὶν,
1607 993 1796 1044 ἐαυτὸν

238 1090 563 1157 κολακεύσῃ,
583 1090 701 1141 ἀντὶ
720 1088 838 1150 τοῦ,
858 1090 1135 1159 ἀπατήσῃ,
1167 1087 1247 1137 ὅτι
1281 1087 1343 1137 ἐκ
1367 1083 1460 1135 τοῦ
1492 1084 1825 1150 πρωτεῦον..

233 1199 321 1243 τος
350 1184 469 1248 ἦτοι
501 1179 592 1231 τοῦ
635 1178 1026 1247 μητροπολίτου
1085 1176 1387 1244 γράμματα
1438 1172 1628 1225 ἐλαϐεν
1676 1172 1798 1223 ἐπι-

233 1270 503 1337 τρέποντα
528 1267 674 1332 αὐτῷ
696 1268 791 1332 τὴν
816 1266 912 1318 τοῦ
947 1265 1113 1317 τόπου
1144 1265 1501 1330 κατάσχεσιν.
1537 1260 1655 1311 Εῐτε
1687 1259 1795 1328 γὰρ

232 1358 347 1424 ἔχει
382 1358 707 1425 γράμματα,
741 1355 847 1406 εἶτε
886 1354 986 1405 οὐκ
1015 1353 1149 1420 ἐχει,
1180 1354 1227 1403 εί
1263 1351 1335 1419 μὴ
1354 1351 1443 1402 τοῦ
1474 1350 1796 1417 κατέχοντος

232 1450 324 1498 τὸν
361 1444 490 1497 λαὸν
530 1447 620 1496 τὸν
655 1443 1021 1510 ἐκνικώμενον
1049 1442 1190 1511 λάσῃ
1251 1442 1575 1508 γράμματα,
1602 1437 1669 1490 δι’
1722 1430 1797 1490 ὧν

235 1536 551 1602 φανήσεται
588 1534 727 1587 κατὰ
761 1536 987 1600 γνώμην
1018 1532 1223 1582 ἐκείνου
1279 1530 1566 1597 είρηνικῶς
1595 1545 1795 1584 ,κατα-

239 1624 389 1692 σχὼν
425 1625 523 1693 τὴν
552 1625 909 1691 διαφέρουσαν
937 1622 1085 1688 αύτῷ
1102 1612 1334 1688 ἐνορίαν,
1368 1620 1681 1671 ἐκπεσεῖται
1704 1617 1795 1669 τοῦ

231 1715 443 1765 δικαίου
481 1713 665 1766 αὐτοῦ.
721 1712 842 1764 Ἐὰν
877 1712 932 1763 δὲ
993 1713 1086 1762 καὶ
1136 1710 1463 1776 ἐναγόμενος
1501 1709 1794 1776 ἀντενάγῃ,

231 1804 516 1855 τουτέστιν
540 1801 953 1869 ἀνταιτιάσηται
976 1801 1067 1851 τὸν
1099 1800 1381 1865 ἐνάγοντα,
1426 1798 1511 1848 ἴνα
1542 1800 1634 1849 καὶ
1660 1797 1795 1866 αὕτη

1898 637 2027 703 prim
2060 634 2326 701 iacturam
2348 632 2672 693 sustineant,
2705 631 2907 685 scilicet
2935 648 2961 683 a
2989 650 3084 683 suo
3133 635 3254 701 jttre
3299 640 3447 688 exci-

1895 728 2044 781 dant.
2068 723 2231 793 655
2266 723 2376 777 Hoc
2403 738 2615 791 quoque
2641 724 2720 776 eis
2747 723 2979 786 eveniet,
3026 724 3115 791 qui
3165 738 3282 792 post
3332 742 3447 779 cm.

1897 827 2044 885 ptum
2072 816 2332 881 judicium
2368 815 2719 881 episcopalem
2754 816 3075 868 sententiam
3122 832 3225 869 non
3253 810 3449 886 exspe-

1896 907 2185 967 ctaverint,
2221 907 2312 959 sed
2345 920 2439 958 sua
2474 906 2795 959 auctoritate
2844 908 3110 973 regionem
3150 910 3449 974 apprehen-

1896 996 2093 1049 derint.
2126 993 2230 1047 Nec
2257 995 2398 1062 quis,
2428 994 2621 1061 inquit,
2669 995 2769 1048 sibi
2821 995 2920 1062 ipsi
2984 996 3305 1060 blandiatur,
3350 1001 3447 1051 hoc

1896 1090 2000 1144 est,
2036 1083 2269 1147 seipsum
2294 1081 2546 1148 decipiat,
2576 1083 2718 1149 quod
2750 1098 2777 1134 a
2809 1082 3033 1150 primate
3061 1100 3153 1137 seu
3184 1098 3446 1154 metrOpo-

1897 1169 2062 1223 litano
2091 1170 2297 1223 litteras
2329 1175 2593 1238 acceperit
2628 1171 2727 1225 loci
2769 1174 3155 1240 possessionem
3181 1177 3228 1227 ei
3262 1190 3449 1227 conce-

1898 1262 2103 1315 dentes.
2136 1259 2258 1313 Sive
2278 1260 2421 1313 enim
2449 1261 2646 1314 habent
2673 1261 2901 1323 litteras,
2937 1264 3048 1315 sive
3088 1278 3193 1315 non
3235 1264 3447 1327 habent,

1899 1350 2002 1402 nisi
2034 1348 2175 1417 ejus,
2220 1348 2310 1417 qui
2346 1349 2598 1417 populum
2656 1352 2719 1403 de
2780 1366 2887 1418 quo
2944 1363 3024 1404 est
3084 1354 3445 1405 Controversia

1900 1443 2126 1503 detinet,
2163 1442 2370 1495 litteras
2395 1442 2679 1509 acceperit,
2715 1456 2809 1509 per
2836 1456 2971 1509 quas
3002 1452 3257 1508 appareat
3290 1457 3347 1494 se
3389 1458 3451 1493 ex

1901 1534 2043 1587 illius
2076 1532 2338 1585 sententia
2369 1545 2509 1592 eam,
2535 1547 2650 1597 qua:
2674 1533 2738 1583 ad
2769 1532 2941 1595 ipsum
2978 1532 3234 1597 pertinet.
3278 1531 3456 1599 regio.

1900 1640 2024 1677 nem
2066 1624 2286 1693 paciﬂce
2320 1624 2636 1687 obtinuisse,
2683 1639 2709 1675 a
2741 1623 2861 1691 jure
2916 1638 3015 1675 suo
3069 1624 3297 1676 excidet.
3359 1623 3454 1675 Sin

1894 1721 2075 1783 putem
2104 1726 2227 1765 reus
2252 1710 2573 1764 contrariam
2598 1709 2950 1777 quzestiouem
2976 1711 3185 1773 inferat,
3228 1714 3325 1763 hoc
3349 1722 3453 1775 est,

1901 1812 2044 1862 eum,
2079 1802 2171 1867 qui
2206 1802 2257 1852 in
2292 1802 2460 1867 ipsum
2492 1802 2766 1854 actionem
2827 1801 3071 1864 intendit,
3115 1801 3456 1855 reconveniat

231 1896 261 1961 ή
292 1893 553 1953 ὑπόθεσις
598 1859 886 1959 περατωθῇ
919 1859 1218 1961 κρινόντων
1244 1888 1578 1941 ἐπισκόπων.
1628 1888 1690 1939 Ol
1739 1859 1796 1939 δέ
1830 1859 1873 1917 Β

1788 1859 1873 1938 :B
1901 1902 1998 1941 seu
2037 1890 2435 1964 recriminetur,
2490 1900 2547 1944 ut
2597 1892 2709 1957 ipsa
2753 1906 2965 1959 quoque
3023 1906 3185 1943 causa
3242 1892 3456 1944 ﬁniatur

232 1984 513 2051 κρίνοντες
543 1980 575 2050 ἢ
607 1981 756 2050 παρά
802 1979 894 2032 τοῦ
947 1980 1320 2048 πρωτεύοντος
1369 1977 1707 2047 δοθήσονται,
1757 1976 1790 2046 ἢ

232 2073 373 2123 κατά
435 2070 739 2121 συναίνεσιν
802 2069 909 2121 τῶν
988 2070 1272 2121 ἀντιδίκων
1357 2068 1791 2134 ἐπιλεγήσονται.

240 2162 544 2231 Ἐρωτήσει
574 2160 631 2211 δέ
662 2176 765 2222 τις,
804 2161 877 2222 ὠς
902 2159 1174 2227 διαφόρων
1222 2159 1458 2211 κανόνων
1486 2158 1797 2227 διοριζομὲο

230 2270 339 2305 νων
370 2250 757 2319 καθαιρεῖσθαι
788 2251 910 2311 τοὺς
948 2252 1008 2303 ἐν
1039 2251 1347 2316 ἀλλοτρίαις
1399 2250 1628 2319 ἐνορίαις
1674 2252 1794 2301 ἐπι⁹

229 2342 500 2392 σκοπικόν
528 2357 575 2390 τι
613 2339 969 2407 ἐνεργοῦντας
1018 2341 1167 2409 παρά
1214 2338 1440 2408 γνώμην
1494 2341 1602 2392 τῶν
1662 2357 1795 2393 κατ-

229 2430 465 2495 εχόντων
482 2431 669 2495 αὑτὰς,
692 2431 805 2493 πῶς
833 2432 859 2482 6
889 2429 1077 2499 παρὼν
1095 2430 1273 2482 κανὼν
1300 2433 1391 2483 ἐπὶ
1415 2431 1549 2501 μόνῃ
1579 2431 1794 2482 ἐκπτώ-

230 2534 312 2570 σει
348 2518 447 2570 τοῦ
478 2520 767 2588 προσόντος
824 2522 953 2583 ίσως
1001 2519 1207 2572 δικαίου
1264 2520 1410 2589 αὐτῷ
1478 2523 1792 2589 κατακρίνει

224 2610 316 2661 τὸν
344 2607 449 2677 τὴν
480 2608 668 2675 ἔφοδον
694 2610 1029 2675 ποιήσαντας
1069 2611 1267 2674 Λύσις.
1304 2610 1567 2662 Ἐνταῦοα
1590 2611 1790 2662 ὑπόθου

224 2699 413 2752 δίκαια
448 2698 596 2766 ἐχειν
626 2700 836 2768 ἐνορίας
864 2699 956 2750 τὸν
988 2700 1429 2767 αὑτονομήσαντα
1470 2701 1788 2763 ἐπίσκοπον,

226 2792 322 2839 καὶ
356 2787 446 2838 διὰ
478 2788 634 2839 τυῦτο
682 2788 996 2855 καθαιρέσει
1054 2788 1150 2857 μέν
1209 2791 1305 2857 οὐχ
1358 2789 1665 2853 ὑπόκειται,
1704 2792 1792 2842 ἐκ-

226 2877 423 2927 πίπτει
450 2877 507 2928 δέ
542 2876 634 2928 τοῦ
670 2878 867 2929 οίκείου
891 2878 1124 2930 δικαίου.
1174 2879 1237 2930 Εί
1292 2882 1399 2946 γὰρ
1445 2882 1585 2947 φανῇ
1652 2881 1787 2947 μετὰ

225 2966 489 3034 ἀληθείας
524 2963 661 3018 εἶναι
689 2968 972 3036 ἀλλοτρίαν
1027 2969 1123 3037 τήν
1180 2968 1438 3035 τοιαύτην
1482 2968 1695 3036 ἐνορίαν
1730 2971 1793 3033 ἐξ

224 3055 507 3122 ὀχλήσεως
544 3054 637 3105 τοῦ
661 3055 920 3117 παθόντος
944 3056 1039 3123 τὴν
1083 3056 1269 3122 ἔφοδον
1320 3056 1641 3121 ἐπισκόπου,
1698 3056 1791 3107 καὶ

228 3145 743 3214 καθαιρεθήσεταιό
792 3148 1127 3212 ἀτακτήσας.
1192 3148 1313 3199 Ἔτι
1361 3148 1624 3217 ἐρωτήσει
1685 3164 1788 3211 τις,
1822 3191 1864 3250 C

223 3233 299 3295 ὡς
330 3233 427 3285 τοῦ
477 3236 837 3305 πεποιηκότος
885 3236 981 3304 τὴν
1030 3236 1216 3303 ἔφοδον
1272 3239 1572 3289 ἐπισκόπου
1620 3238 1795 3300 οὕτως

232 3324 565 3385 ἐκπεσόντος
593 3326 684 3375 τοῦ
718 3326 1073 3377 ἐπισκοπικοῦ
1120 3326 1329 3378 δικαίου
1359 3328 1525 3379 αὐτοῦ
1581 3328 1794 3385 ἐνδυνά-

231 3430 347 3479 μως
376 3413 454 3473 ὡς
479 3415 572 3465 ἐπὶ
610 3416 785 3483 οἰκείᾳ
817 3415 999 3483 ἐνορίᾳ
1038 3406 1421 3467 ἐπισκοπῖεύσει
1471 3418 1497 3467 6
1549 3418 1796 3485 κατέχων

228 3506 421 3573 αὐτὴν,
463 3506 495 3555 ἢ
537 3508 999 3574 τιμωρηθήσεται,
1029 3507 1103 3568 ὡς
1153 3508 1209 3559 ἐν
1261 3508 1458 3573 είδὴσει
1512 3508 1795 3576 ἀλλοτρίαν

228 3595 447 3662 ἐνορίαν
477 3596 724 3659 κατέχων
755 3599 845 3647 καὶ
895 3598 1189 3666 ίερουργῶν
1248 3599 1304 3649 ἐν
1348 3599 1522 3667 αὐτῇς
1578 3601 1791 3666 Λύσις.

231 3684 422 3751 Νόμος
460 3686 576 3734 ἐστὶ
644 3685 837 3751 λέγων,
888 3686 1213 3747 Κελεύοντος
1268 3688 1519 3756 ἄρχοντος
1572 3688 1797 3750 δικαίως

229 3776 535 3841 νεμόμεθα,
559 3777 654 3826 καὶ
693 3774 814 3826 ἐπεὶ
852 3777 879 3827 6
916 3775 1105 3827 παθὼν
1150 3777 1247 3844 τὴν
1281 3776 1465 3843 ἔφοδον
1501 3777 1795 3839 ἐπίσκοπος

229 3866 335 3917 ἀπὸ
359 3864 456 3917 τοῦ
478 3866 700 3926 κανόνος
731 3866 1098 3927 δεδικαίωται,
1133 3868 1208 3927 ὡς
1263 3866 1355 3916 τοῦ
1390 3868 1796 3934 ἀτακτήσαντος

228 3957 571 4022 λογισθέντος
610 3958 871 4024 μηδέποτε
902 3962 1050 4026 σχεῖν
1087 3956 1296 4010 δίκαιον
1331 3960 1407 4020 εἰς
1426 3958 1525 4028 τὴν
1555 3958 1793 4024 ἐνορίαν,

231 4048 723 4115 ἀποκριματίστως
753 4050 1040 4117 ἐνεργήσει
1097 4050 1431 4101 ἐπισκοπικά
1480 4048 1665 4101 δίκαια
1711 4050 1793 4113 είς

232 4140 297 4207 ἢν
332 4139 557 4203 κατέχει
587 4138 817 4205 ἐνορίαν,
849 4140 951 4190 κᾶν
984 4135 1051 4208 ἦν
1079 4156 1207 4191 ποτε
1250 4139 1523 4207 ἀλλοτρία.
1555 4138 1619 4190 Τί
1651 4138 1727 4200 δέ,
1748 4140 1789 4205 ’ή

229 4226 433 4288 ἀταξία
474 4226 568 4276 καὶ
611 4226 795 4292 ἐφοδος
854 4225 946 4277 τοῦ
1010 4226 1434 4294 κατακριθέντος
1488 4226 1791 4277 ἐπισκόπου

228 4316 643 4384 λυμανεῖταιτὰ
678 4314 859 4367 δίκαια
884 4314 983 4382 τῆς
1038 4314 1355 4382 ἐκκλησίας,
1404 4314 1497 4365 καὶ
1534 4314 1791 4365 ἀποκλει-

230 4406 493 4473 σθήσεται
517 4407 543 4455 6
574 4404 713 4470 μετά
749 4402 937 4454 τοῦτον
969 4402 1548 4471 χειροτονηθησόμενος
1572 4402 1792 4453 ἐπίσκο-

1894 1976 2261 2042 judicantibus
2287 1980 2554 2047 episc0pis
2590 1997 2603 2031 :
2645 1979 2735 2047 qui
2772 1993 2946 2033 autem
2989 1979 3251 2047 judicant,
3313 1979 3391 2030 vel
3425 1994 3453 2029 λ

1900 2067 2127 2133 primate
2160 2068 2452 2134 dabuntur,
2486 2070 2567 2123 vel
2592 2084 2656 2123 ex
2703 2084 2967 2125 consensu
3021 2070 3452 2123 adversariorum

1899 2156 2183 2224 eligentur.
2258 2158 2675 2226 lnterrogaverit
2740 2173 2916 2214 autem
2970 2162 3271 2229 quispiam,
3315 2159 3451 2213 Cum

1898 2246 2095 2297 diversi
2132 2260 2366 2300 canones
2396 2246 2657 2301 deﬁniant
2694 2264 2787 2302 eos
2835 2252 3196 2316 deponendos,
3255 2249 3344 2316 qui
3401 2251 3452 2298 in

1899 2336 2088 2387 alienis
2118 2336 2442 2391 dimcesibus
2466 2339 2767 2407 episcopale
2799 2340 2923 2407 quid
2953 2348 3227 2401 exercent,
3261 2350 3454 2405 praeter

1900 2426 2223 2478 Sententiatn
2282 2443 2465 2481 eorum
2507 2431 2573 2482 ad
2612 2446 2745 2498 quos
2813 2431 3124 2497 pertinent;
3186 2432 3452 2497 quomodo

1899 2528 2132 2583 praesens
2159 2530 2329 2571 canon
2364 2520 2476 2570 sola
2510 2520 2667 2584 juris,
2701 2524 2837 2588 quod
2873 2520 3011 2572 forte
3048 2519 3223 2583 habet,
3278 2522 3454 2587 priva-

1902 2605 2044 2656 tione
2066 2620 2189 2657 eum
2232 2608 2689 2674 condeu'tnat,'qui
2734 2608 3032 2662 invaserit?
3073 2607 3292 2662 Salutio.
3358 2608 3457 2661 llic

1898 2705 2135 2759 suppone
2159 2695 2492 2762 episcopum,
2537 2698 2625 2763 qui
2672 2697 2773 2751 sibi
2808 2699 2891 2765 jus
2922 2698 3075 2761 dixit,
3118 2700 3207 2767 jus
3265 2700 3459 2752 habere

1900 2780 2147 2835 dimcesis
2176 2801 2189 2834 :
2217 2795 2267 2835 et
2298 2796 2574 2852 prOpterea
2604 2788 2923 2855 depositioni
2956 2788 3168 2855 quidem
3201 2803 3302 2840 non
3333 2789 3460 2839 sub-

1894 2868 2095 2935 jicitur,
2120 2872 2211 2925 sed
2236 2877 2586 2943 propriojure
2608 2878 2828 2933 excidit.
2853 2876 2909 2930 Si
2926 2878 3065 2931 enim
3089 2892 3271 2931 revera
3297 2895 3459 2946 appu-

1902 2962 2071 3014 ruerit
2100 2963 2326 3016 alienam
2352 2980 2470 3018 esse
2490 2966 2769 3032 dimcesin,
2798 2983 2861 3022 ex
2888 2970 3168 3022 vexatione
3197 2970 3456 3036 episcopi,

1900 3051 1989 3116 qui
2017 3052 2306 3104 violentam
2338 3055 2663 3108 lnvasionem
2692 3072 2884 3125 passus
2908 3065 3009 3119 est,
3042 3059 3338 3125 deponetur
3366 3060 3453 3125 qui

1898 3154 1957 3193 se
1988 3140 2284 3195 insolenter
2316 3151 2370 3196 et
2392 3148 2618 3211 superbe
2645 3148 2836 3215 gessit.
2869 3149 3134 3200 Praeterea
3163 3149 3461 3216 interroga-

1899 3231 2039 3284 verit
2064 3232 2359 3299 quispiam,
2396 3235 2527 3287 Cum
2575 3238 2619 3291 is
2646 3240 2735 3306 qui
2768 3238 2959 3291 invasit
3008 3241 3288 3305 episcopus
3339 3240 3460 3307 jure

1899 3334 1999 3373 suo
2026 3321 2098 3373 ita
2135 3323 2418 3386 exciderit,
2453 3326 2543 3392 qui
2574 3340 2689 3378 eam
2716 3328 2939 3393 detinet,
2975 3329 3074 3381 rite
3125 3338 3372 3395 tanquam
3408 3334 3456 3381 in

1898 3414 2118 3480 propria
2155 3414 2371 3467 dioecesi
2393 3415 2758 3483 episcopatum
2792 3428 2963 3485 geret,
3000 3432 3065 3469 an
3094 3420 3361 3485 punietur,
3398 3430 3455 3472 nt

1899 3503 1987 3569 qui
2025 3507 2264 3570 prudens
2298 3515 2349 3557 et
2375 3506 2552 3559 sciens
2578 3507 2812 3562 alienam
2855 3510 3109 3563 dimcesin
3146 3512 3367 3565 detinet.
3403 3523 3457 3564 et

1901 3594 1955 3646 in
1982 3609 2043 3648 ea
2074 3610 2225 3648 sacra
2254 3594 2541 3649 celebrat?
2584 3594 2809 3649 Salutio.
2863 3598 2967 3651 Lex
3007 3608 3089 3651 est
3138 3616 3255 3669 qua:
3306 3600 3457 3661 diiit,

1898 3682 2127 3737 lubente
2156 3687 2469 3752 magistratu
2496 3685 2637 3751 juste
2670 3688 3005 3755 possidemus
3041 3705 3056 3741 :
3085 3699 3137 3741 et
3172 3692 3297 3756 quia
3344 3695 3461 3760 epi-

1897 3787 2111 3841 scopus,
2141 3774 2233 3842 qui
2279 3774 2382 3826 vim
2417 3788 2607 3843 passus
2637 3786 2741 3839 est,
2780 3792 2807 3829 a
2833 3791 3039 3831 canone
3079 3777 3168 3846 jus
3223 3784 3453 3847 accepit,

1900 3873 2083 3931 utpote
2110 3880 2233 3917 cum
2290 3864 2359 3926 is,
2396 3866 2488 3933 qui
2542 3878 2599 3919 se
2654 3865 2944 3920 insolenter
2997 3878 3047 3922 et
3107 3870 3462 3927 immoderate

1898 3957 2078 4022 gessit,
2110 3955 2311 4007 nullum
2344 3956 2433 4023 jus
2483 3955 2535 4007 in
2587 3956 2809 4010 dioecesi
2872 3958 3126 4012 habuisse
3178 3971 3457 4029 reputatus

1899 4044 1963 4097 sit
1990 4060 2005 4107 ;
2037 4046 2235 4109 absque
2274 4045 2380 4097 ullo
2405 4046 2718 4114 prtejudicio
2738 4047 2859 4114 jura
2884 4049 3206 4117 episcopalia
3241 4067 3460 4105 exerce-

1898 4131 1974 4184 bit
2010 4131 2060 4183 in
2089 4131 2359 4198 provincia
2392 4149 2552 4203 quam
2582 4134 2805 4196 detinet.
2839 4137 2937 4189 etsi
2994 4138 3284 4206 aliquando
3339 4152 3455 4193 erat

1899 4224 2099 4277 aliena.
2136 4222 2274 4289 Quid
2311 4238 2464 4290 vero,
2516 4228 2598 4279 vis
2648 4233 2698 4281 et
2761 4226 3049 4280 insolentia
3109 4231 3453 4297 condemnati

1895 4314 2131 4383 episcopi
2168 4313 2419 4369 Ecclesiae
2445 4315 2564 4385 jura
2587 4316 2914 4369 detrimento
2940 4317 3171 4371 alliciet?
3198 4331 3245 4372 et
3273 4322 3459 4373 exclu-

1895 4405 2049 4456 detur
2075 4404 2163 4470 qui
2188 4415 2309 4474 post
2333 4422 2453 4459 eum
2478 4408 2804 4460 ordinandus
2824 4416 2905 4459 est
2918 4408 3223 4476 cpiscopus,
3246 4414 3461 4478 quomi-

232 4512 331 4557 πος
357 4494 744 4545 ἀνακαλεῖσθαι
764 4494 831 4545 τὰ
855 4494 1036 4545 δίκαια
1059 4494 1154 4560 τῆς
1178 4492 1471 4557 ἐκκλησίας
1515 4492 1701 4557 αὑτοῦ,
1756 4493 1789 4563 ἢ
1825 4513 1874 4571 D

1825 4513 1874 4571 ι)
1900 4508 2000 4545 nus
2035 4496 2206 4561 possit
2246 4510 2497 4549 revocare
2521 4498 2644 4564 jura
2677 4496 2937 4552 Ecclesia:
2992 4514 3124 4562 suae,
3184 4516 3251 4554 an
3309 4502 3460 4555 non?

229 4582 326 4645 ob;
359 4583 573 4644 Λύσις.
626 4581 776 4649 Ἐμοὶ
835 4582 981 4633 δοκεῖ
1036 4581 1109 4648 μὴ
1168 4580 1642 4632 καταϐλάπτεσθαι
1698 4581 1795 4651 τὴν

230 4672 531 4739 ἐκκλησίαν
570 4671 626 4733 ἐξ
651 4664 725 4723 ὧν
754 4672 1059 4740 ἁμαρτάνει
1089 4673 1117 4722 6
1163 4672 1481 4729 ἐπίσκοπος.
1542 4672 1651 4723 Καὶ
1708 4672 1795 4723 διὰ

226 4761 387 4813 τοῦτο
436 4762 751 4828 ἐνδυνάμως
782 4762 868 4812 ἵνα
914 4761 1316 4829 ἀνακαλέσηται
1351 4760 1447 4825 τὴν
1516 4763 1726 4829 ἐνορίαν
1763 4763 1793 4813 6

228 4851 613 4916 διαδσξάμενος
645 4850 736 4902 τὸν
790 4850 1093 4919 ποιήσαντα
1144 4850 1241 4918 τὴν
1292 4850 1501 4915 ἔφοδον,
1555 4852 1656 4903 κάν
1695 4854 1793 4904 καὶ

228 4943 395 5001 πολὺς
426 4939 678 5009 παρέλθῃ
710 4940 929 5008 καιρός,
974 4937 1239 5008 Ἐλαλήθη
1275 4939 1332 4990 δέ
1364 4939 1601 4991 τοιοῦτόν
1619 4956 1667 4990 τι
1701 4942 1793 4994 καὶ

228 5030 322 5082 ἐπὶ
361 5028 471 5082 τῶν
501 5028 723 5097 ἡμερῶν
755 5028 846 5079 τοῦ
881 5028 1185 5095 ἀγιωτάτου
1240 5030 1584 5098 πατριάρχου
1620 5030 1789 5098 κυριιῦ

225 5120 431 5185 Λουκᾷ.
465 5116 622 5177 Τινὸς
653 5118 760 5185 γὰρ
799 5116 1103 5167 ἐπισκόπου
1139 5116 1238 5184 τῆς
1272 5116 1513 5184 μεγάλης
1539 5117 1790 5185 Βρύσεως

223 5207 593 5280 δικαζομένου
625 5207 763 5273 μετά
795 5205 887 5257 τοῦ
948 5205 1375 5274 ἀρχιεπισκόπου
1432 5206 1532 5273 τῆς
1585 5210 1789 5276 μικρᾶς

225 5298 503 5366 Βρύσεως,
544 5294 639 5348 καὶ
677 5298 1109 5363 προκομίσαντος
1164 5294 1436 5347 διαλυτέον
1504 5297 1783 5363 ἔγγραφον

220 5387 316 5439 τοῦ
346 5386 879 5453 προτελευτήσαντος
910 5385 1366 5455 ἀρχιεπισκόπου,
1405 5387 1563 5453 χάριν
1583 5386 1678 5438 τοῦ
1712 5388 1785 5457 μὴ

223 5473 618 5527 ἀνακαλεῖσθαι
650 5474 840 5526 τοῦτον
872 5477 1087 5543 ἐνορίαν
1134 5477 1504 5543 κατεχομένην
1557 5477 1659 5528 ὑπὸ
1693 5478 1785 5529 τοῦ

221 5566 547 5626 ἐπισκόπου,
580 5566 613 5632 ή
647 5563 864 5626 σύνοδος
890 5566 1207 5633 ἀπεφήνατο
1263 5564 1339 5632 μὴ
1408 5565 1786 5619 καταὸλάπτε-

222 5654 346 5706 σθαι
371 5654 474 5722 τὴν
500 5655 938 5721 ἀρχιεπισκοπὴν
975 5653 1033 5718 ἐξ
1075 5648 1149 5704 ὦν
1208 5656 1235 5705 6
1296 5653 1497 5719 ταύτης
1524 5656 1783 5725 πρόεδρος

222 5742 425 5813 [πραξε
455 5743 606 5811 παρὰ
640 5742 865 5813 γνώμην
886 5744 995 5795 τῶν
1016 5743 1234 5795 οἰκείων
1258 5744 1533 5811 κληρικῶν
1560 5747 1652 5798 καὶ
1683 5750 1781 5814 τῆς

1899 4579 2123 4636 Salutio.
2160 4582 2287 4637 Mihi
2335 4586 2549 4639 videtur
2580 4602 2683 4640 non
2722 4604 2785 4641 cx
2852 4604 2917 4642 eo
2964 4587 3079 4643 laedi
3138 4590 3456 4654 Ecclesiam,

1895 4671 2039 4738 quod
2068 4683 2255 4739 peccet
2283 4675 2605 4743 episcopum;
2641 4690 2693 4729 et
2725 4689 3008 4745 propterea
3045 4682 3317 4748 regionem
3352 4684 3452 4733 rite

1897 4763 2171 4814 revocabit
2200 4776 2486 4815 successor
2514 4765 2631 4832 ejus
2675 4768 2765 4832 qui
2800 4769 3018 4833 invasit,
3065 4771 3275 4822 etiamsi
3314 4776 3454 4824 mul-

1897 4836 2004 4901 ιυήῖ
2042 4860 2255 4918 tempus
2288 4854 2629 4920 praeterierit.
2666 4850 2794 4909 'l'ale
2836 4856 2963 4924 quid
3017 4868 3195 4911 autem
3256 4861 3454 4912 dictmn

1894 4949 2243 5008 estlempore
2293 4944 2613 4997 sanctissimi
2660 4946 2981 5014 patriarcha:
3013 4948 3217 5001 domini
3274 4949 3450 5002 Luem.

1892 5025 2025 5079 Cum
2053 5028 2197 5081 enim
2229 5028 2448 5096 quidam
2484 5032 2773 5101 episcopus
2825 5049 3028 5104 magna
3067 5036 3246 5105 Brysis
3277 5037 3453 5104 litiga-

1893 5125 1975 5169 ret
2004 5132 2123 5169 cum
2151 5118 2559 5188 archiepiscopo
2597 5137 2772 5190 parva:
2806 5123 3007 5191 Brysis,
3044 5134 3096 5177 et
3138 5126 3451 5193 protulissi-t

1891 5206 2149 5275 scriptam
2216 5210 2636 5263 transactionem
2677 5222 2834 5265 antea
2881 5212 3119 5267 defuncti
3178 5217 3452 5282 archiepi-

1890 5298 2061 5363 scopi,
2092 5296 2160 5349 de
2195 5313 2297 5351 non
2330 5304 2632 5353 revocanda
2673 5302 2741 5355 ab
2772 5304 2890 5371 ipso
2927 5304 3168 5371 regione,
3215 5320 3333 5371 qua:
3384 5307 3451 5356 ah

1888 5387 2147 5454 episcopo
2174 5386 2559 5455 detinebatur;
2594 5394 2959 5460 pronuntiavit
3015 5396 3273 5462 synodus,
3339 5410 3445 5446 non

1891 5476 2009 5530 laedi
2064 5478 2598 5548 archiepiscopatum
2654 5498 2720 5535 ex
2776 5498 2841 5537 eo
2894 5484 3036 5551 quod
3086 5487 3203 5553 ejus
3256 5490 3451 5552 prmsul

1891 5577 2086 5636 praeter
2136 5572 2457 5624 sententiam
2504 5587 2723 5627 suorum
2777 5576 3093 5629 clericorum
3147 5586 3201 5629 et
3248 5590 3452 5643 magna:

1891 5658 2077 5727 synodi
2108 5658 2251 5711 fecit.
2288 5660 2801 5717 Fueruutetmulta
2852 5666 3159 5721 huiusmodi
3210 5668 3313 5718 alia
3366 5679 3452 5732 sy-

1890 5749 2099 5802 nodalia
2130 5750 2355 5815 judicia.

222 5832 470 5901 μεγάλης
513 5834 753 5887 συνόδου.
816 5835 1077 5902 Γέγονασι
1118 5836 1173 5888 δέ
1222 5836 1318 5889 καὶ
1372 5838 1529 5890 ἄλλαι
1594 5838 1795 5892 nova";
1825 5841 2071 5893 τοιαῦται
2099 5843 2301 5912 κρίσεις
2334 5844 2626 5899 συνοδικαί.
