4224 6440
791 393 890 452 391

2042 395 2316 457 ΤΠΕΟΙ).
2364 394 2757 457 BALSAMON

3883 390 3995 457 392

859 500 1105 554 ZONAR.
1140 506 1194 555 Si
1222 504 1343 571 quis
1374 506 1657 573 episcOptts
1686 506 1911 574 alicujus
1938 506 2118 574 populi
2152 519 2332 557 curam
2365 510 2410 563 Α
2509 506 2527 555 2

2323 510 2410 563 ιΑ
2509 506 2749 556 ΖΩΝΛΡ.
2805 504 3207 573 Ἀπαγορεύειό
3235 505 3409 557 κανὼν
3441 498 3591 566 οὗτος
3643 503 3704 554 τὸ
3748 502 3839 554 τδν
3889 498 3991 562 λέ*

796 595 859 643 ad
884 607 939 644 se
968 595 1236 659 pertinere
1261 596 1570 657 contendat,
1608 611 1710 648 non
1748 596 1897 648 illum
1932 595 2031 647 sibi
2063 610 2159 661 pro
2191 604 2334 661 pote-

796 692 1232 751 state‘arrogare,
1265 693 1354 735 sed
1382 685 1445 736 ad
1474 685 1845 751 episcoporum
1881 685 2163 753 concilium
2202 699 2331 736 cau—

789 786 903 823 sam
935 773 1161 837 deferre,
1193 790 1254 826 ac
1286 790 1376 841 per
1409 789 1520 838 eos,
1554 791 1671 843 qua:
1718 775 1783 825 ad
1837 772 2125 826 Ecclesium
2183 786 2333 825 suam

792 863 1059 927 pertinuere
1091 864 1403 927 arbitretur,
1442 878 1785 932 recuperare,
1841 876 2016 915 canon
2064 861 2330 913 decernit.

788 952 940 1017 Quod
965 955 1006 1006 si
1039 958 1161 1021 quis
1188 961 1239 1006 in
1269 956 1495 1020 alicujus
1533 957 1631 1008 loci
1666 956 1732 1007 ab
1760 955 1929 1006 altero
1961 953 2210 1021 cpiscOpo
2238 951 2335 1004 de-

791 1045 922 1094 tenti
972 1045 1385 1110 possessionem,
1416 1046 1528 1098 sive
1570 1061 1596 1095 a
1630 1044 1823 1111 populo
1855 1044 2166 1105 accersitus,
2224 1041 2338 1094 sive

790 1148 852 1184 eo
878 1146 1226 1200 repugnante,
1254 1145 1454 1185 temere
1485 1134 1652 1184 irruat
1678 1171 1693 1195 ,
1726 1133 1812 1199 jus
1838 1146 1992 1183 suum
2023 1132 2247 1190 amittet,
2275 1143 2339 1181 ac

790 1223 906 1289 ejus
935 1225 1032 1283 rei,
1063 1238 1218 1289 quam
1252 1238 1346 1288 pro
1383 1223 1605 1288 imperio
1637 1236 1903 1290 occupare
1955 1231 2183 1273 conatus
2232 1229 2336 1280 est.

791 1314 1001 1364 t-tiatnsi
1034 1314 1120 1379 jus
1146 1313 1199 1363 iu
1229 1328 1345 1363 eant
1378 1312 1585 1369 habuit,
1621 1310 1961 1376 possessione
2001 1308 2335 1361 multabitur.

788 1401 941 1465 Quod
977 1402 1018 1453 si
1048 1401 1308 1461 nonnulli,
1356 1401 1547 1466 inquit,
1601 1400 1703 1450 ltoc
1730 1401 2004 1456 fecerunt;
2031 1400 2149 1458 hoc,
2176 1396 2340 1464 quid?

795 1503 849 1542 ut
878 1492 1016 1557 apud
1047 1492 1329 1557 cpisc0pos
1364 1491 1611 1542 nimirum
1644 1489 2063 1541 controversiam
2094 1502 2241 1540 suam
2273 1488 2339 1539 de

789 1582 908 1646 jure
963 1582 1139 1647 populi
1183 1582 1431 1648 ambiguo
1486 1581 1873 1645 disceptarent,
1930 1592 2102 1643 neque
2162 1586 2337 1628 tamen

789 1671 1167 1722 controversia:
1194 1680 1286 1721 aut
1330 1669 1514 1736 judicii
1577 1668 1734 1719 linem
1768 1678 2186 1734 exspectavere;
2245 1664 2340 1718 sed

792 1777 847 1813 re
872 1764 1045 1813 adhuc
1073 1762 1402 1828 inexplorata
1428 1769 1480 1813 et
1510 1760 1711 1811 incerta
1753 1758 2075 1825 litigantium
2111 1755 2247 1807 alter
2281 1768 2339 1806 se

792 1853 856 1902 ιώ
892 1826 1257 1902 ecclesiastico
1274 1848 1473 1913 judicio
1503 1847 1788 1909 subtraxit,
1814 1846 2133 1911 dubiamque
2166 1844 2338 1895 adhuc
2370 1826 2412 1884 Β

792 1941 1185 2004 possessionem
1221 1940 1451 1999 invasit;
1482 1938 1569 2004 jus
1590 1952 1744 1989 suum
1776 1937 1818 1987 is
1859 1950 2071 2001 quoque
2107 1932 2335 1985 amittet.

791 2028 969 2094 Neque
989 2027 1150 2097 655
1183 2043 1307 2080 vero
1330 2028 1435 2081 sibi
1460 2030 1765 2095 quisquam,
1803 2025 1993 2091 inquit,
2035 2022 2341 2077 blandiatur

790 2133 882 2167 seu
910 2127 1231 2180 assentetur,
1268 2118 1316 2167 id
1356 2125 1458 2179 est,
1486 2116 1720 2180 seipsunt
1765 2113 1995 2181 decipiat
2043 2111 2145 2179 (est
2191 2125 2342 2161 natu-

790 2220 892 2270 que
920 2205 1189 2271 quoddam
1217 2218 1383 2272 genus
1415 2202 1616 2256 fraudis
1639 2202 1951 2261 assentatio,
1979 2216 2098 2253 cum
2130 2213 2222 2263 pro
2255 2210 2340 2250 ve-

793 2297 947 2345 tilate
977 2294 1105 2345 nihil
1137 2303 1434 2345 assentator
1470 2294 1735 2360 loquatur,
1772 2295 1866 2345 sed
1909 2293 1975 2344 ad
2005 2290 2228 2359 gratiam
2264 2299 2344 2339 at-

788 2397 893 2450 que
926 2383 1147 2434 auribus
1179 2382 1417 2434 serviens
1441 2382 1616 2433 omnia
1648 2380 1928 2448 proferat),
1956 2394 2019 2431 ne
2044 2378 2166 2445 quis
2190 2390 2340 2444 ergo,

791 2473 989 2537 inquit,
1021 2473 1256 2539 seipsum
1292 2470 1545 2538 decipiat,
1581 2471 1721 2537 quod
1757 2486 1784 2521 ιι
1819 2472 2065 2535 printate,
2094 2481 2186 2520 aut
2224 2481 2341 2519 me-

794 2564 1115 2628 tropolitano
1145 2562 1459 2628 provineite,
1497 2562 1725 2622 litteras,
1757 2560 1955 2627 quibus
1990 2558 2037 2610 ei
2066 2557 2163 2609 loci
2205 2570 2344 2623 pos—

792 2653 966 2705 sessio
994 2654 1356 2719 permittatur,
1389 2650 1678 2718 acceperit.
1716 2649 1841 2702 Sive
1873 2648 2014 2701 enim
2036 2661 2128 2699 eas
2162 2659 2344 2699 revera

797 2745 1013 2807 habeat,
1049 2743 1163 2794 sive
1187 2757 1293 2794 non
1321 2742 1513 2795 habeat
1536 2742 1639 2794 nisi
1659 2743 1725 2793 ab
1750 2755 1814 2793 eo
1838 2752 2049 2808 quoque
2076 2738 2345 2805 episcOpo,

791 2833 880 2896 qui
908 2834 958 2885 itt
988 2835 1325 2899 possessione
1358 2832 1600 2899 quamvis
1624 2830 1825 2884 incerta
1859 2837 2120 2890 versatur,
2142 2826 2349 2880 litteras

794 2922 1082 2988 aee-eperit,
1100 2923 1294 2989 quibus
1316 2922 1599 2973 ecclesiam
1626 2920 1691 2972 ad
1710 2920 1852 2971 illum
1886 2918 2261 2983 pertinentem,
2291 2929 2351 2967 se

796 3025 900 3063 non
927 3010 1189 3063 siuetllins
1214 3010 1594 3078 approbatione
1613 3016 1796 3076 pacate
1811 3007 2102 3060 obtinuisse
2135 3005 2351 3057 demon-

793 3111 948 3164 stret;
971 3102 1186 3153 omnino
1200 3116 1357 3153 causa
1386 3100 1577 3152 cadet:
1604 3100 1790 3150 sivero
1820 3096 1882 3159 is,
1899 3095 1988 3166 qui
2017 3096 2223 3148 delatus
2248 3102 2348 3155 est,

793 3195 959 3245 a;tori
996 3194 1225 3247 vitissim
1262 3196 1407 3246 litem
1451 3194 1731 3257 intendat;
1760 3207 1822 3245 ea
1879 3206 2091 3259 quoque
2132 3199 2348 3243 contro-

794 3290 969 3340 versia
1037 3292 1410 3358 episcoporum
1476 3290 1684 3357 judicio
1760 3289 2065 3341 deﬁniatur.
2135 3284 2351 3339 Judiees

795 3394 973 3444 porro,
1007 3382 1086 3432 vel
1116 3396 1144 3431 a
1182 3381 1589 3448 metropolitano
1626 3379 1917 3439 dabuntur,
1968 3378 2047 3430 vel
2077 3374 2348 3430 communi

798 3468 966 3519 uartis
990 3468 1269 3533 utriusque
1307 3482 1571 3520 consensu
1610 3467 1927 3532 deligentur.

795 3638 1021 3691 ARIST.
1067 3656 1083 3687 ι
1112 3638 1278 3690 Nemo
1310 3639 1409 3691 subi
1449 3638 1715 3700 vendicet,
1744 3638 1884 3703 quod
1920 3635 1985 3688 ad
2010 3650 2066 3689 se
2082 3636 2351 3703 pertinere

873 3748 889 3777 ι
925 3729 1311 3781 existimatur:
1350 3732 1440 3781 sed
1471 3728 1707 3796 episcopi
1758 3728 2024 3797 judicent,
2082 3726 2166 3780 vel
2217 3740 2353 3794 quos

866 3840 882 3870 ε
916 3822 1116 3888 primas
1150 3821 1319 3882 dabit,
1350 3822 1430 3873 vel
1474 3820 1715 3873 viciniex
1741 3818 2145 3881 consensu.Qui
2176 3826 2350 3869 autem

874 3924 890 3952 ι
934 3920 960 3955 a
998 3906 1223 3972 primulo
1271 3906 1479 3957 litteras
1526 3906 1591 3957 de
1641 3902 1931 3957 detinendo
1976 3900 2204 3969 accepit,
2239 3899 2339 3953 sibi

867 4011 886 4043 ε
927 3993 1218 4044 blanditur.
1240 3983 1272 4041 ἰ

869 4084 922 4135 Si
953 4088 1071 4150 quis
1109 4084 1394 4150 episcopus
1446 4082 1547 4136 sibi
1581 4082 1792 4134 videtur
1818 4080 1908 4147 jus
1936 4079 2133 4133 habere
2175 4080 2225 4131 in
2257 4091 2351 4145 pa-

797 4175 1018 4229 rceciam
1077 4174 1312 4241 aliquam
1365 4172 1433 4224 ab
1487 4172 1591 4225 alio
1640 4173 1893 4239 episcopo
1946 4170 2239 4240 detentam,
2290 4167 2352 4218 ad

793 4266 1102 4333 episcopos.
1157 4265 1244 4330 qui
1287 4264 1356 4329 ,in
1417 4263 1590 4331 ipsum
1654 4261 2089 4328 iurisdictionem
2132 4260 2352 4321 habent,

798 4536 996 4595 sidere,
1034 4534 1176 4600 quod
1226 4534 1499 4585 existimat
1554 4532 1616 4583 ad
1661 4545 1719 4581 se
1760 4532 2046 4597 pertinere.
2102 4528 2254 4593 Quod
2304 4529 2352 4582 si

792 4634 844 4676 et
878 4624 1081 4676 litteras
1104 4623 1169 4676 de
1201 4622 1413 4690 populo,
1438 4621 1526 4687 qui
1559 4622 1626 4673 ab
1656 4621 1762 4671 alio
1782 4620 2032 4687 episcopo
2057 4619 2351 4682 detinetur,

795 4712 1121 4778 possidendo
1178 4712 1469 4776 acceperit,
1526 4694 1873 4775 setneiipsum
1926 4707 2148 4774 decipit.
2209 4707 2354 4759 Nihil

795 4804 937 4857 enim
970 4820 1032 4857 ex
1067 4818 1129 4856 eo
1155 4802 1500 4856 emolumenti
1539 4800 1790 4867 accipiet,
1822 4799 1922 4851 nisi
1979 4801 2062 4865 qui
2108 4812 2226 4849 cum
2260 4798 2354 4851 de-

796 4898 929 4947 tinet
981 4894 1200 4961 pacilice
1251 4892 1433 4944 mallet
1496 4891 1778 4955 desistere,
1834 4905 1992 4957 quam
2026 4888 2354 4957 iudicialiter

793 4986 1052 5040 amoveri.

1327 5062 1553 5128 CANON
1595 5074 1802 5129 cxxu.

795 5184 811 5215 ε
862 5168 932 5219 De
962 5168 1027 5221 iis
1055 5170 1143 5236 qui
1193 5168 1416 5235 populos
1456 5167 1519 5218 ad
1579 5183 1637 5219 se
1692 5163 2026 5233 pertinentes
2058 5159 2351 5228 negligunt.

867 5280 885 5313 ι
929 5263 1184 5316 Similiter
1216 5263 1432 5330 placuit,
1464 5270 1522 5313 ut
1550 5260 1858 5328 quicunque
1890 5255 2165 5323 negligunt
2212 5253 2351 5314 loca,

859 5374 874 5403 ι
912 5368 1028 5420 qua:
1057 5354 1121 5404 ad
1152 5367 1304 5404 suam
1339 5349 1655 5403 cathedram
1688 5348 1986 5416 pertinent,
2018 5344 2158 5409 quod
2193 5344 2257 5394 ad
2290 5356 2353 5395 ea.

863 5463 880 5494 ε
922 5444 987 5497 ad
1023 5442 1346 5496 catholicam
1380 5442 1634 5492 unionem
1682 5436 2073 5491 lucrifacienda
2130 5433 2347 5494 attinet,

863 5553 879 5583 ι
914 5550 942 5586 a
974 5534 1163 5586 vicinis
1193 5546 1378 5584 eorum
1436 5529 1779 5599 diligentibus
1816 5525 2088 5594 episc0pis
2148 5539 2347 5577 convc-

855 5648 872 5676 ε
911 5628 1149 5686 niautur,
1187 5640 1251 5679 ne
1286 5625 1389 5678 hoc
1416 5622 1597 5676 laeere
1628 5618 1899 5673 differant.
1932 5618 2108 5681 Quare
2137 5618 2181 5668 si
2213 5616 2349 5669 intra

853 5738 870 5768 ι
914 5719 1205 5773 terminum
1247 5732 1337 5771 sex
1399 5716 1666 5770 mensium
1701 5727 1728 5764 a
1766 5711 1854 5765 die
1907 5710 2063 5779 hujus
2118 5722 2353 5763 conven-

2437 611 2600 659 γοντα
2638 595 2847 647 δίκαιον
2881 595 3025 663 ἔχειν
3066 595 3361 647 ἐπίσκοπον
3395 594 3487 646 ἐπὶ
3508 594 3620 661 λαῷ
3648 609 3777 653 τινι,
3824 590 3982 641 δυνα-

2435 683 2554 749 τείᾳ
2578 682 2834 748 χρῆσθαι,
2872 684 2962 732 καὶ
3002 683 3327 750 ἐπέρχεσθαι
3381 684 3584 743 αὑτοῖς,
3633 680 3883 748 βούλεται
3922 674 3980 728 δέ

2437 772 2516 832 είς
2539 772 2721 840 κρίσιν
2750 775 3061 823 ἐπισκόπων
3104 774 3361 837 κατάγειν
3418 772 3514 839 τὴν
3559 770 3837 833 ὑπόθεσιν,
3889 768 3984 821 καὶ

2436 858 2605 919 οὕτως
2654 861 2897 927 ἐκνικᾷν,
2955 860 2984 909 ὃ
3032 860 3198 911 οἴεται
3271 858 3549 926 διαφέρειν
3603 861 3667 925 τῇ
3717 856 3985 923 ἐκκλησίᾳ

2440 947 2626 1001 αὑτοῦ.
2659 949 2719 999 Et
2746 949 2802 1000 δὲ
2840 948 3041 1018 ἐπέλθῃ
3067 966 3147 1009 τις
3178 951 3289 1009 τοῖς
3324 948 3470 1007 λαοῖς
3496 950 3607 1007 τοῖς
3638 946 3741 998 ὑπὸ
3798 944 3985 1012 ἐτέρου

2438 1040 2736 1089 ἐπισκόπου
2787 1039 3191 1105 κατεχομένοις,
3246 1038 3354 1089 εἴτε
3417 1038 3692 1106 βούλονται
3742 1036 3903 1087 αὑτὸν
3940 1035 3987 1084 ei

2438 1126 2558 1177 λαοὶ
2580 1128 2776 1178 ἐκεῖνοι
2820 1126 2961 1193 ἐχειν
2995 1126 3309 1187 ἐπίσκοπον,
3384 1127 3490 1177 εἴτε
3552 1125 3625 1193 μὴ
3684 1123 3984 1190 βούλονται.

2446 1215 2755 1266 ἐκπεσεῖται
2792 1216 2884 1266 τοῦ
2917 1216 3119 1267 οίκείου
3144 1216 3374 1278 δικαίου,
3400 1214 3763 1281 ζημιούμενος
3818 1213 3877 1262 τὸ
3900 1212 3988 1262 δα-

2440 1307 2663 1375 ναστείᾳ
2695 1306 3009 1373 ἀφαιρεθὲν,
3045 1305 3183 1357 ὥστε
3207 1307 3311 1356 κᾶν
3331 1305 3533 1356 δίκαιον
3565 1306 3649 1355 ἐπ’
3685 1304 3877 1368 ἐκείνῳ
3906 1299 3983 1351 εἷα

2438 1411 2551 1462 χεν,
2580 1396 2844 1447 ἀπολέσαι
2872 1396 3022 1447 αὑτό.
3056 1396 3117 1446 Ei
3145 1396 3203 1447 δέ
3243 1394 3335 1446 καί
3377 1411 3541 1457 τινεῖ,
3613 1394 3769 1462 φησι,
3833 1391 3992 1442 τοῦτο

2445 1485 2740 1552 ἐποίησαν*
2790 1485 2966 1546 τοῦτο,
2999 1480 3183 1547 ποῖονς
3228 1484 3288 1535 τὸ
3332 1484 3479 1552 παρά
3508 1484 3819 1535 ἐπισκόπων
3874 1497 3989 1548 κρι-

2441 1574 2595 1640 θῆναι
2627 1574 2877 1642 περὶτοῦ
2908 1574 3347 1641 ἀναζητουμένου
3393 1572 3545 1634 λαοῦ,
3603 1574 3649 1623 εί
3713 1572 3788 1639 μὴ
3832 1572 3992 1638 μέχρι

2441 1664 2679 1731 πέρατος
2704 1666 2799 1729 τῆς
2827 1665 3133 1724 ὑποθέσεως
3180 1665 3461 1730 ἐνέμειναν
3504 1662 3583 1730 τῷ
3631 1662 3990 1729 δικαστηρίῳ,

2439 1753 2550 1804 ἀλλ’
2584 1753 2661 1804 ἐτι
2693 1754 3165 1822 φιλονεικουμὲνου
3200 1758 3291 1805 καὶ
3324 1754 3677 1820 δικαζομένου
3716 1751 3811 1803 τοῦ
3858 1752 3993 1818 πρα-

2440 1859 2650 1909 γματος
2677 1843 2733 1894 ἐν
2755 1843 2863 1894 τῶν
2889 1843 2981 1895 δύο
3011 1843 3191 1910 μερῶν
3216 1845 3423 1910 ἀποστῇ
3465 1841 3557 1894 τοῦ
3587 1842 3995 1911 ἐκκκλησιαστι-

2439 1930 2536 1981 κοῦ
2562 1932 2939 1999 δικαστηρίου,
2978 1933 3071 1983 καὶ
3098 1931 3283 1998 ἔφοδον
3325 1934 3525 2002 ποιήσῃ
3554 1932 3692 1985 κατὰ
3715 1931 3811 1983 τοῦ
3845 1935 3993 1985 ἐκνι-

2439 2022 2686 2087 κωμένου
2716 2019 2866 2081 λαοῦ,
2902 2022 3120 2073 κάκεῖνο
3146 2024 3455 2073 ἐκπεσεῖται
3479 2021 3572 2073 τοῦ
3606 2022 3732 2073 ίδίου
3759 2022 3993 2073 δικαίου.

2440 2112 2547 2162 Καὶ
2587 2112 2657 2179 μή
2687 2126 2790 2173 τις,
2837 2113 3021 2176 φησὶν,
3088 2112 3282 2163 ἐαυτὸν
3340 2112 3665 2181 κολακεύσῃ,
3721 2111 3844 2163 ἀντὶ
3874 2111 3994 2173 τοῦ,

2440 2200 2717 2270 ἀπατήσῃ.
2761 2197 2825 2249 Ἦ
2859 2198 2966 2266 γὰρ
2990 2200 3243 2268 κολακεία
3272 2202 3456 2268 ἀπάτη
3487 2202 3653 2259 ἐστὶν,
3678 2199 3829 2251 οὐδὲν
3852 2199 3997 2263 ύγιές

2440 2287 2533 2338 τοῦ
2569 2285 2951 2348 κολακεύοντος
3014 2286 3283 2353 λέγοντος,
3317 2287 3451 2339 ἀλλὰ
3478 2287 3651 2338 πάντα
3682 2288 3816 2355 πρὶς
3839 2287 3999 2355 χάριν

2444 2376 2535 2427 καὶ
2572 2374 2868 2443 θεραπείαν
2900 2375 2992 2427 τοῦ
3021 2376 3471 2443 κολακευομένου,
3504 2378 3594 2445 Μή
3623 2393 3705 2439 τις
3752 2372 3867 2440 οὖν,
3898 2394 4000 2444 φη-

2448 2467 2575 2529 σ“ιν,,
2610 2465 2799 2515 ἐαυτὸν
2830 2465 3104 2531 ἀπατήσῃ,
3134 2465 3214 2515 ὅτι
3255 2466 3319 2516 ἐκ
3348 2465 3439 2516 τοῦ
3467 2464 3859 2532 πρωτεύοντος,
3883 2466 3999 2533 ἦτοι

2444 2548 2538 2600 τοῦ
2578 2550 2977 2618 μητροπολίτου
3009 2551 3107 2616 τῆς
3141 2550 3429 2617 ἐπαρχίας,
3464 2553 3763 2621 γράμματα
3790 2551 3999 2613 ἐὲαύεν,

2446 2639 2813 2707 ἐπιτρέποντα
2844 2639 2989 2707 αύτῷ
3021 2638 3120 2707 τὴν
3145 2639 3238 2691 τοῦ
3270 2640 3437 2693 τόπου
3470 2641 3815 2710 κατάσχεσιν.
3879 2640 4001 2691 Εῐτε

2447 2730 2554 2797 γὰρ
2584 2730 3039 2799 ἐχειγράμματα,
3083 2733 3192 2784 εἴτε
3216 2734 3314 2785 οὐκ
3364 2732 3497 2801 ἔχει,
3530 2735 3578 2784 εί
3616 2734 3689 2801 μὴ
3734 2733 3828 2785 τοῦ
3871 2749 4003 2783 κατ·

2448 2820 2658 2887 έχοντος
2687 2820 2777 2869 τὸν
2814 2821 2941 2871 λαὸν
2975 2822 3064 2873 τὸν
3100 2823 3461 2895 ἐκνικώμενον
3496 2822 3647 2873 λάσοι
3679 2823 4006 2891 γράμματα,

2448 2910 2515 2960 δι’
2539 2903 2611 2960 ὧν
2637 2910 2938 2977 φανήσεται
2988 2914 3127 2962 κατὰ
3168 2912 3393 2980 γνώμην
3446 2914 3653 2965 ἐκείνου
3716 2913 4009 2981 εἰρηνικῶς

2451 2996 2739 3065 κατασχὼν
2773 3000 2870 3064 τὴν
2920 2998 3277 3067 διαφέρουσαν
3314 3001 3459 3066 αὐτῷ
3490 3003 3805 3070 ἐκκλησίαν,
3843 3005 4011 3054 ἐκπε-

2456 3089 2625 3139 σεῖται
2648 3086 2739 3138 τοῦ
2763 3087 2970 3139 δικαίου
3015 3088 3180 3140 αὐτοῦ
3209 3106 3221 3118 ο
3264 3092 3358 3141 ἐὰν
3388 3092 3441 3144 δὲ
3498 3094 3591 3144 καὶ
3620 3096 3647 3145 ό
3683 3094 4011 3161 ἐναγόμενος

2452 3178 2816 3247 ἀντεναγάγῃ,
2846 3180 3145 3243 τουτέστιν,
3172 3182 3582 3251 ἀνταιτιάσηται
3612 3184 3704 3235 τὸν
3724 3186 4009 3251 ἐνάγοντα,

2451 3263 2535 3315 ἵνα
2568 3264 2662 3315 καὶ
2690 3264 2829 3337 αὕτη
2863 3268 2895 3335 ή
2934 3266 3185 3329 ὑπόθεσις
3213 3270 3499 3337 περατωθῇ
3555 3271 3853 3340 κρινόντων
3891 3274 4013 3323 ἐπι-

2452 3355 2686 3409 σκόπων.
2726 3358 2788 3408 Oi
2817 3358 2871 3409 δὲ
2910 3360 3182 3426 κρίνοντες
3214 3360 3245 3428 ἢ
3284 3363 3434 3429 παρά
3489 3363 3584 3414 τοῦ
3640 3365 4012 3432 πρωτεύοντος

2450 3442 2781 3512 δοθήσονται,
2811 3446 2843 3514 ἢ
2885 3450 3023 3498 κατὰ
3062 3448 3365 3501 συναίνεσιν
3390 3450 3497 3502 τῶν
3524 3452 3809 3504 ἀντιδίκων
3834 3455 4018 3506 ἐπιλε-

2452 3538 2730 3603 γήσονται.

2450 3626 2667 3679 ΑΡΙΣΤ.
2714 3645 2730 3675 ι
2763 3628 2967 3695 Μηδεὶς
3009 3630 3184 3699 ἐαυτῷ
3234 3632 3512 3685 ἐκδικείτω
3559 3634 3618 3685 τὸ
3647 3634 4012 3703 νομτξὸμενον

2527 3734 2545 3765 ι
2583 3716 2880 3785 διαφέρειν,
2936 3720 3050 3771 ἀλλ’
3081 3719 3369 3774 ἐπίσκοποι
3414 3725 3768 3791 κρινέτωσαν,
3803 3726 3837 3793 ἢ
3870 3722 3965 3786 οὓς
3988 3728 4016 3777 ό

2529 3828 2545 3858 ι
2585 3809 2879 3877 πρωτεύων
2910 3810 3094 3875 δώσει,
3127 3812 3158 3881 ἢ
3198 3814 3246 3864 ot
3277 3814 3641 3878 γειτονοῦντες
3666 3818 3730 3867 ἐκ
3758 3815 4015 3867 συναινέ-

2527 3918 2544 3947 ε
2584 3916 2715 3960 σεως
2738 3918 2751 3931 ·
2779 3904 2805 3953 ὁ
2826 3901 2880 3951 δέ
2912 3902 3061 3969 παρὰ
3086 3901 3180 3952 τοῦ
3224 3903 3594 3971 πρωτεύοντος
3622 3905 3858 3971 γράμμα
3887 3906 4018 3973 περὶ

2530 4009 2546 4038 ε
2590 3990 2685 4041 τοῦ
2718 3993 3013 4058 κατασχεῖν
3045 3990 3223 4042 λαϐὼν
3247 3993 3437 4043 ἐαυτὸν
3467 3992 3767 4045 κολακεύει.
3810 4011 3830 4043 ε

2532 4078 2601 4129 Et
2636 4096 2719 4141 τις
2758 4081 3048 4142 ἐπίσκοπος
3097 4082 3264 4133 οἴεται
3314 4082 3462 4150 ἐχειν
3514 4082 3721 4137 δίκαιον
3765 4084 3861 4137 ἐπί
3910 4102 4018 4139 τινι

2455 4170 2721 4237 παροικίᾳ
2774 4171 2902 4238 παρ’
2932 4172 3119 4238 ἐτέρου
3154 4172 3455 4223 ἐπισκόπου
3493 4173 3834 4242 κατεχομένη
3855 4211 3872 4237 ,
3903 4175 4017 4234 τοῖς

2456 4261 2789 4327 προσφόροις
2831 4260 2980 4329 αὐτῷ
3020 4261 3335 4322 ἐπισκόποις
3362 4261 3565 4328 ὀφείλει
3595 4262 4018 4331 προσέρχεσθαι,

692 4422 694 4425 τ
795 4357 1057 4410 accedere
1091 4358 1272 4419 debet,
1304 4364 1358 4409 et
1391 4355 1535 4407 litem
1578 4356 1626 4407 ei
1684 4355 1962 4407 intendere
1991 4370 2003 4404 :
2038 4368 2141 4406 non
2169 4360 2348 4403 autem

2384 4362 2427 4416 ι)
2458 4352 2705 4417 καὶπερὶ
2736 4350 2927 4402 τούτου
2973 4350 3275 4417 διεγκαλεῖν
3297 4366 3310 4379 ·
3369 4352 3429 4403 οὐ
3477 4352 3583 4421 μὴν
3625 4352 4018 4421 αύτεκδίκητον

688 4431 694 4437 ’
721 4457 724 4460 ‘
796 4460 954 4497 suum
989 4460 1108 4497 esse
1146 4444 1392 4505 ultorem,
1429 4451 1483 4494 et
1516 4457 1638 4495 cum
1668 4442 1986 4493 auctoritate
2016 4441 2201 4493 conari
2229 4454 2350 4505 pos-

2455 4440 2723 4505 γίνεσθαι,
2786 4440 2879 4491 καὶ
2938 4439 3274 4501 αὑθεντικῶς
3338 4442 3635 4507 κατασχεῖν
3698 4439 4017 4508 πειρᾶσθαι,

2455 4535 2591 4600 ὅπερ
2623 4531 2795 4583 οἴεται
2829 4530 2976 4599 αὐτῷ
3021 4530 3320 4596 διαφέρειν.
3386 4531 3449 4581 Ei
3499 4529 3557 4580 δὲ
3589 4530 3683 4581 καὶ
3711 4530 4022 4598 γράμματα

2455 4623 2591 4692 λάϐῃ
2646 4620 2889 4688 περὶτοῦ
2923 4623 3214 4688 κατασχεῖι
3258 4619 3350 4672 τὸν
3405 4620 3548 4685 λαὸν,
3592 4621 3684 4672 τὸν
3712 4620 3802 4687 ὑρ⁹
3831 4620 4023 4687 ἐτέρου

2458 4711 2825 4779 κατεχόμενον
2870 4710 3190 4772 ἐπισκόπου,
3244 4710 3433 4761 ἐαυτὸν
3492 4710 3697 4777 ἀπατᾷ.
3744 4709 3880 4760 Οὐδὲ
3915 4709 4024 4777 γὰρ

2457 4797 2777 4864 ὠφεληθήσε
2797 4797 2888 4848 ταί
2926 4814 2981 4847 τι
3006 4794 3067 4859 ἐξ
3102 4797 3289 4861 αὑτοῦ,
3340 4801 3389 4849 et
3426 4800 3498 4867 μὴ
3527 4801 3554 4849 ό
3585 4798 3831 4865 κατέχων
3860 4798 4025 4849 αὑτὸν

2457 4890 2744 4959 εἰρηνικῶς
2776 4888 2992 4957 θελήσει
3041 4890 3367 4959 ἀποστῆναι,
3418 4891 3450 4959 ἢ
3486 4892 3818 4953 δικαστικῶς
3855 4907 4025 4960 μετα·

2459 4981 2766 5049 κινηθῆναι.

3031 5071 3262 5125 ΚΔΝΩΝ
3291 5071 3459 5129 PKB’.

2464 5183 2479 5215 t
2513 5164 2644 5233 Περὶ
2661 5164 2769 5215 τῶν
2793 5164 3144 5230 ἀμελούντων
3168 5164 3285 5217 τῶν
3308 5165 3491 5227 αὐτοῖς
3517 5168 3833 5235 ἀνηκόντων
3855 5168 4024 5224 λαῶν.

2531 5272 2549 5302 ι
2605 5252 2837 5321 Ὁμοίως
2865 5254 3078 5321 ἤρεσεν,
3134 5255 3222 5305 ἵνα
3280 5256 3477 5315 οἵτινες
3527 5254 3727 5324 δήποτε
3763 5257 4027 5324 ἀμελοῦσι

2535 5362 2552 5394 ι
2590 5344 2697 5394 τῶν
2726 5345 2903 5395 τόπων
2929 5345 3037 5397 τῶν
3083 5344 3395 5411 ἀνηκόντων
3423 5349 3487 5415 τῇ
3527 5346 3706 5398 αὐτῶν
3758 5347 4021 5419 καθέδρᾳ,

2535 5454 2552 5486 t
2594 5434 2728 5499 πρὸς
2780 5434 3007 5495 τούτους
3043 5436 3298 5502 κερδᾶναι
3330 5438 3409 5498 εις
3442 5438 3540 5505 τὴν
3575 5438 3877 5504 καθολικὴν
3905 5441 4028 5491 ἐνό-

2538 5547 2554 5576 t
2596 5543 2755 5595 τητα,
2795 5528 3135 5595 ἐγκληθῶσιν
3168 5529 3276 5579 ἀπὸ
3316 5528 3424 5580 τῶν
3456 5529 3815 5595 γειτνιώντων
3842 5532 4026 5591 αὺτοῖς

2534 5640 2550 5671 ι
2589 5621 2863 5688 ἐπιμελῶν
2894 5621 3206 5673 ἐπισκόπων
3236 5622 3367 5690 περὶ
3394 5622 3487 5673 τοῦ
3518 5625 3591 5689 μὴ
3618 5622 4030 5674 ἀναϐάλλεσθαι

2534 5732 2551 5762 ι
2594 5712 2754 5765 τοῦτο
2782 5710 3006 5780 πρᾶξαι.
3038 5712 3126 5765 Διὸ
3154 5712 3248 5766 ὲάν
3277 5712 3427 5775 ἐντὸς
3471 5715 3806 5783 προθεσμίας
3841 5714 4031 5781 μηνῶν
