4224 6440
256 419 364 478 393

1252 424 1333 485 ΙΝ
1370 427 1533 488 CAN.
1564 428 1781 489 CXX”
1807 426 2014 487 CONC.
2043 428 2131 487 CA
2145 426 2420 486 RTHAG.

3378 416 3481 480 395

327 548 348 582 ι
389 529 449 595 ἓξ
475 531 582 584 ἀπὸ
618 532 716 601 τῆς
752 534 963 602 ἡμέρας
988 540 1087 605 τῆς
1125 540 1254 609 περὶ
1308 539 1500 593 τούτου
1562 540 1815 594 συνελεύ-
1846 547 1890 602 Α

1814 547 1890 602 ηΑ
1997 558 2014 591 ι
2061 542 2223 593 tionis
2258 540 2389 594 nihil
2431 536 2727 600 eﬂeccrint.
2778 538 2826 593 ei
2888 537 3163 604 deinceps,
3217 535 3307 604 qui
3365 534 3482 587 illos

334 641 354 671 ε
396 638 533 685 σεως
559 623 726 692 μηδὲν
757 622 1021 689 ἁνύσωσι,
1052 628 1131 697 τῷ
1163 628 1451 698 δυναμένῳ
1483 631 1667 683 λοιπὸν
1696 630 1820 681 τού-

329 731 351 763 ε
392 729 519 775 τους
564 714 824 783 κερδᾶναι
864 718 1359 785 προσκυρωθῶσιν·
1401 719 1573 782 οὕτως
1611 720 1817 789 μέντοι,

331 821 352 855 s
394 804 501 867 ἵνα,
524 804 617 857 ἑὰν
646 806 878 870 ικεῖνος,
910 808 1044 877 πρὸς
1068 808 1127 860 ὃν
1170 808 1477 862 δείκνυνται
1517 812 1739 879 ἀνήκειν
1772 815 1821 865 oi

333 913 354 944 s
396 895 649 961 τοιοῦτοι,
680 898 996 967 εξεπίτηδες
1026 900 1116 952 διά
1156 917 1274 953 τινα
1304 902 1615 969 οἰκονομίαν
1643 903 1822 967 ἔδοξεν

326 1004 347 1037 ι
388 986 636 1054 ἀμελεῖν,
678 988 837 1040 τοῦτο
896 990 1004 1040 τῶν
1053 991 1350 1059 αίρετικῶν
1391 993 1818 1061 ἐπιλεξαμινων,

331 1093 352 1125 ε
393 1075 535 1129 ὥστε
574 1078 856 1147 ἀθορύϐως
909 1080 1104 1141 αὐτοὺς
1163 1082 1607 1149 παραδέξασθαιο
1643 1086 1735 1135 καὶ
1765 1088 1823 1137 ὲν

327 1181 346 1212 ι
389 1166 628 1235 τοσούτῳ
671 1169 703 1235 ἡ
738 1168 901 1220 αὐτοῦ
950 1170 1242 1239 ἐπιμέλεια
1296 1171 1400 1223 ὑπὸ
1451 1173 1639 1242 ἑτέρου
1686 1190 1822 1243 προσ

328 1273 348 1305 s
391 1256 623 1325 ελήφθη,
664 1251 808 1330 ᾗτινι
838 1260 886 1309 sl
918 1261 1320 1328 κατεχρήσατο,
1353 1262 1479 1322 τοὺς
1510 1262 1707 1324 αὐτοὺς
1735 1264 1822 1314 αι-

330 1362 350 1395 ε
394 1349 641 1414 ρετικοὺς
678 1349 842 1401 πλέον
890 1350 1176 1413 ἐκάκιζενο
1230 1350 1420 1403 τούτου
1458 1352 1659 1418 μεταξὺ
1703 1354 1823 1405 επι-

330 1452 351 1485 s
398 1437 616 1489 σκόπων
663 1440 956 1508 κρινόντων
1002 1440 1529 1509 διαγινωσκομένου,
1573 1444 1623 1494 ol
1668 1442 1821 1494 τόποι

327 1543 347 1575 ι
389 1529 455 1595 τῇ
507 1526 673 1580 αὑτοῦ
719 1529 955 1598 καθέδρᾳ
988 1530 1539 1584 ἁποκατασταθῶσιν.
1589 1532 1711 1584 Τῶν
1763 1532 1821 1585 δὲ

329 1632 350 1664 s
393 1618 685 1685 κρινόντων
729 1619 1044 1671 επισκόπων
1080 1622 1144 1672 tat
1191 1620 1464 1691 διαφόρων
1508 1621 1678 1674 ὄντων
1725 1625 1821 1675 επ-

325 1723 345 1754 ε
392 1706 619 1772 αρχιῶν,
676 1708 888 1769 ἐκεῖνος
942 1710 970 1759 ό
1019 1708 1324 1778 πρωτεύων
1376 1710 1504 1773 τοὺς
1558 1710 1821 1773 δικαστὰς

324 1816 343 1846 ι
384 1795 567 1857 δώσει,
624 1791 831 1859 οὗτινος
872 1798 932 1849 ὲν
964 1801 1028 1867 τῇ
1065 1798 1218 1869 χώρᾳ
1269 1802 1298 1852 ὁ
1353 1802 1517 1863 αὐτὸς
1582 1802 1819 1872 ὑπάρχει

325 1904 342 1935 ι
386 1886 574 1949 τόπος,
636 1889 763 1955 περὶ
815 1882 875 1941 οὗ
928 1866 1343 1956 φιλονεικενίται.
1395 1892 1521 1945 Ἐὰν
1574 1893 1632 1946 δὲ
1858 1866 1896 1919 Β

323 1993 345 2028 ε
389 1978 577 2046 κοινὴν
610 1977 913 2030 συναίνεσιν
938 1980 1189 2045 γείτονας
1220 1981 1582 2046 ἐπιλέξωνται
1601 1986 1817 2051 κριτὰς,

327 2087 346 2116 ε
387 2070 421 2137 ῆ
458 2064 539 2131 εἷς
572 2068 797 2139 ἑπιλεγῇ
828 2070 858 2137 ἦ
893 2072 1079 2139 τρετςο
1112 2072 1206 2123 καὶ
1228 2074 1326 2124 ἐὰν
1346 2074 1499 2141 τρεῖς
1527 2074 1820 2137 επιλέξωνο

325 2178 344 2209 s
387 2161 548 2227 ται,ῆ
583 2163 647 2230 τῇ
703 2160 811 2213 τῶν
836 2161 974 2214 ὅλων
1005 2160 1171 2233 ψήφῳ
1205 2162 1747 2233 ιξακολουθήσουσιν,
1784 2166 1816 2235 ἢ

318 2269 337 2299 ε
385 2253 449 2319 τῇ
483 2250 590 2303 τῶν
611 2251 723 2303 δύο.
772 2270 791 2303 s

314 2340 519 2391 BAAE.
566 2340 749 2394 ’Δλλοι
805 2344 904 2412 μὶν
968 2345 1288 2409 εξελάόοντο
1334 2346 1426 2399 τὸν
1479 2348 1681 2405 κανόνα
1739 2350 1818 2411 εἰς

243 2431 588 2492 ὶπισκόπους
607 2430 823 2498 ἀμελῶς
854 2433 1271 2505 διατιθεμένους
1300 2438 1392 2489 tut
1426 2439 1491 2505 τῇ
1530 2438 1813 2507 ικδικήσει

241 2521 355 2573 τῶν
415 2519 733 2590 ἀνηκόντων
792 2524 934 2576 κατὰ
971 2524 1294 2578 δεσποτείαν
1331 2529 1455 2590 ταῖς
1499 2526 1819 2598 ικκλησίαις

240 2608 426 2663 αὐτῶν
448 2610 670 2663 τόπων·
729 2611 841 2680 εγὼ
890 2614 949 2667 δδ
993 2617 1131 2687 πρὸς
1173 2616 1272 2687 τὴν
1319 2617 1671 2671 δπιτίτλωσιν
1720 2617 1817 2671 τοῦ

242 2702 471 2763 κανόνος
503 2702 823 2771 ιρμηνεύων
856 2704 1043 2769 αὐτὸν,
1075 2706 1221 2774 φημὶ
1254 2708 1335 2759 ὅτι
1366 2707 1530 2775 ἧρεσε
1557 2709 1670 2768 τοῖς
1708 2708 1819 2764 Πα-

237 2790 464 2859 τράσιν,
495 2790 583 2844 ἵνα
610 2830 626 2856 ,
656 2793 751 2845 εὰν
778 2793 1075 2847 ὶπίσκοποί
1099 2812 1246 2859 τινες
1270 2795 1517 2865 ἀμελῶσι
1543 2797 1638 2850 τοῦ
1670 2798 1819 2853 διδάο

239 2895 398 2932 σκειν
430 2880 559 2942 τοὺς
593 2881 653 2933 ὲν
681 2883 800 2942 ταῖς
834 2882 1073 2950 ινορίαις
1117 2883 1321 2950 αὐτῶν,
1363 2885 1477 2938 εἴτε
1509 2886 1818 2956 κερδαίνειν

236 2974 332 3031 τὰς
370 2969 555 3039 ψυχὰς
597 2969 844 3036 τούτων,
897 2971 1185 3041 ὀφείλωσιν
1238 2976 1323 3038 είς
1376 2976 1477 3045 τὴν
1522 2976 1817 3047 καθολικὴν

235 3066 497 3133 ἑνότητα,
526 3053 691 3135 ἤγουν
710 3068 790 3129 εἰς
812 3066 909 3137 τὴν
938 3068 1158 3137 ετησίαν
1178 3068 1416 3134 σύνοδον,
1439 3069 1813 3136 ιγκαλεῐσθαι,

2003 647 2019 679 ι
2055 630 2223 696 possit
2270 627 2609 691 lucrifacere,
2663 628 3007 697 assignentur
3037 645 3051 680 :
3090 626 3167 679 sic
3202 632 3406 683 tamen,
3437 622 3480 674 si

2007 737 2023 770 ι
2060 720 2166 785 ille,
2217 720 2282 773 ad
2310 734 2467 786 quem
2504 718 2539 772 ii
2575 718 2847 789 pertinere
2875 717 3254 777 ostenduntur,
3293 715 3358 768 de
3405 713 3487 766 in-

1998 827 2015 858 ι
2052 809 2256 863 dustria
2290 818 2504 877 propter
2535 807 2769 874 aliquam
2820 805 3180 860 meonomiam
3217 804 3485 873 negligere

1996 918 2010 949 ι
2052 900 2197 953 visus
2219 900 2311 964 sit,
2342 913 2465 952 cum
2494 898 2595 952 hoc
2621 897 2937 951 maluissent
2963 896 3220 957 ltmretiei,
3251 906 3306 945 ιιι
3338 895 3486 962 ipsos

2005 1011 2023 1042 ι
2060 993 2263 1059 absque
2297 994 2407 1047 ullo
2434 993 2660 1058 strepitu
2696 993 3007 1059 acciperet;
3038 999 3093 1043 et
3129 990 3333 1043 interea
3370 985 3486 1052 ejus

2010 1100 2028 1132 ι
2066 1080 2347 1150 diligentia
2379 1083 2447 1135 ab
2471 1079 2577 1133 alio
2610 1087 2883 1147 praventa
2916 1077 3017 1141 sit;
3053 1091 3154 1143 qua
3192 1074 3408 1141 quidem
3442 1070 3485 1123 si

2012 1190 2030 1221 ι
2072 1187 2201 1225 usus
2225 1180 2390 1232 esset,
2423 1170 2571 1237 ipsos
2600 1168 2883 1222 haereticos
2911 1164 3083 1232 magis
3107 1166 3173 1215 ad
3226 1160 3484 1227 improbi-

2014 1281 2030 1313 ι
2069 1274 2231 1316 tatem
2266 1264 2546 1315 incitasset
2575 1278 2589 1314 :
2614 1275 2681 1314 eo
2712 1260 3179 1327 interjudicantcs
3209 1252 3492 1321 episcopos

2010 1372 2027 1403 ι
2056 1354 2292 1421 cognito,
2318 1352 2436 1405 loca
2464 1353 2580 1418 ejus
2602 1350 2711 1404 sedi
2747 1348 3128 1403 restituantur.‘
3153 1342 3283 1397 Cum
3307 1354 3489 1395 aurem

2013 1462 2030 1493 ι
2062 1444 2371 1512 judicantes
2406 1441 2641 1511 episcopi
2684 1442 2793 1495 sint
2818 1456 2882 1495 ex
2916 1439 3145 1492 diversis
3178 1435 3491 1504 pruritu-iis.

2015 1553 2031 1584 ι
2064 1536 2266 1600 primas
2298 1533 2612 1600 illejudices
2648 1532 2815 1593 dabit,
2860 1530 2913 1583 in
2961 1529 3115 1596 cujus
3146 1527 3363 1594 regione
3408 1534 3494 1576 est

2003 1642 2020 1672 ι
2061 1623 2209 1675 locus
2244 1623 2335 1676 ille
2376 1622 2440 1674 de
2470 1635 2579 1689 quo
2607 1619 2969 1673 contenditur.
3010 1614 3103 1667 Sin
3138 1624 3314 1665 autem
3346 1626 3493 1663 cou-

2008 1734 2025 1765 ι
2063 1715 2212 1767 murti
2270 1729 2537 1767 consensu
2594 1712 2800 1765 \‘lClttOS
2830 1708 3038 1778 judices
3093 1704 3378 1774 elegerint,
3410 1701 3491 1754 vel

2003 1824 2022 1856 ι
2057 1820 2193 1857 unus
2244 1805 2495 1873 eligatur,
2558 1802 2638 1855 vel
2688 1814 2836 1857 tres:
2871 1811 2925 1854 ct
2979 1800 3021 1853 si
3070 1809 3181 1850 tres
3213 1795 3489 1862 tlegcrint,

2004 1916 2020 1947 ι
2057 1899 2142 1949 vel
2166 1897 2407 1949 omnium
2472 1893 2795 1949 sententiain
2858 1901 3178 1959 sequentur,
3224 1886 3305 1942 vel
3353 1886 3492 1937 dus-

2005 2004 2022 2037 ι
2060 1999 2197 2038 rum.
2240 2002 2257 2034 ε

1992 2340 2187 2397 BALS.
2209 2341 2311 2395 Alii
2358 2341 2573 2410 quidem
2619 2349 2945 2412 acceperunt
2988 2353 3253 2393 eanonem
3281 2338 3347 2392 de
3376 2337 3491 2406 cpi-

1920 2432 2125 2503 scopis,
2154 2432 2246 2501 qui
2288 2431 2625 2502 negligenter
2651 2445 2711 2486 se
2755 2439 2950 2500 gerunt
2989 2430 3042 2484 in
3078 2432 3143 2484 iis
3177 2428 3332 2494 locis,
3368 2442 3488 2496 quat

1916 2521 2040 2593 jure
2070 2522 2291 2577 dominii
2316 2520 2382 2576 ad
2412 2521 2676 2577 ecclesias
2716 2536 2844 2577 suas
2880 2526 3173 2591 pertinent,
3207 2520 3489 2574 vindican-

1920 2616 2027 2670 dis.
2080 2612 2194 2685 Ego
2251 2627 2398 2679 vero,
2442 2612 2741 2669 secundum
2798 2612 3023 2667 canonis
3086 2612 3297 2667 titulum
3363 2626 3485 2665 eum

1922 2706 2308 2773 interpretans,
2372 2705 2513 2769 dico,
2604 2705 2747 2773 quod
2791 2703 3045 2759 Patribus
3078 2702 3299 2771 placuit,
3357 2702 3485 2755 utsi

1918 2798 2156 2868 episcopi
2201 2798 2369 2867 aliqui
2419 2796 2693 2866 negligant
2753 2809 2848 2850 eos
2894 2796 3092 2849 docere
3137 2796 3228 2862 qui
3272 2795 3325 2847 in
3372 2794 3487 2847 suis

1920 2898 2046 2944 sunt
2067 2887 2416 2951 dimeesibns,
2450 2896 2509 2941 ut
2536 2901 2725 2942 eorum
2750 2888 2963 2940 animas
2990 2885 3353 2950 lnerifaeiant,
3389 2885 3483 2938 de-

1919 2977 2047 3032 bent
2080 2978 2148 3031 ad
2169 2976 2487 3031 catholicam
2514 2976 2797 3040 unionem,
2823 2990 2915 3031 seu
2946 2976 3013 3028 ad
3059 2989 3292 3029 annuam
3324 2990 3486 3044 syno-

1919 3070 2044 3124 dum
2071 3069 2309 3135 evocari,
2334 3084 2429 3125 seu
2467 3067 2810 3133 denuntiari,
2857 3082 2886 3121 a
2918 3067 3110 3122 vicinis
3141 3066 3486 3136 diligentibus

240 3155 415 3224 ἤγουν
473 3156 952 3226 παραγγίλλεσθαι
1017 3159 1171 3228 παρὰ
1232 3157 1344 3211 τῶν
1392 3160 1882 3241 γειτνιαζόντωνρ

1834 3178 1882 3241 c
1917 3157 2208 3228 episcopis,
2241 3172 2310 3211 ne
2330 3157 2438 3211 sint
2460 3157 2739 3222 socordes,
2772 3156 2869 3211 sed
2894 3171 3053 3211 suum
3097 3157 3349 3226 populum
3386 3160 3482 3209 do-

232 3245 520 3314 επιμελῶν
557 3247 872 3301 ἐπισκόπων
909 3248 1039 3319 περὶ
1070 3248 1165 3301 τοῦ
1212 3250 1290 3319 μὴ
1330 3250 1632 3321 ῥᾳθυμεῖν,
1670 3252 1809 3308 ἀλλὰ

230 3336 513 3390 διδάσκειν
543 3338 632 3391 τδν
658 3338 749 3390 ὑπ’
778 3340 977 3402 αὐτοὺς
1008 3340 1163 3392 λαόν.
1218 3340 1344 3393 Ἐὰν
1368 3341 1424 3394 δὲ
1457 3342 1595 3411 μετὰ
1622 3346 1687 3396 τὸ
1713 3360 1809 3411 γε·

232 3428 427 3481 νισθαι
451 3428 554 3497 τὴν
587 3429 971 3497 παραγγελίαν
1028 3432 1088 3482 οὐ
1118 3430 1490 3501 διορθωθῶσιν
1517 3435 1566 3485 οί
1598 3436 1810 3503 ἐπιφω-

230 3518 491 3586 νηθέντες
521 3520 614 3571 καὶ
646 3526 725 3581 είς
750 3519 1109 3575 διδασκαλίαν
1128 3522 1633 3593 ὲπαγρυπνήσωσιν
1656 3525 1810 3589 ius;

232 3608 423 3675 μηνῶν
491 3606 572 3671 ἐξ,
642 3609 829 3662 ἔκτοτε
892 3611 1207 3680 ὀφείλουσιν
1263 3615 1312 3665 οἱ
1367 3614 1598 3667 τοιοῦτοι
1649 3616 1807 3669 τόποι

231 3698 686 3767 προσκυροῦσθαι
732 3702 903 3772 ἑτέρῳ
957 3706 1323 3776 πλησιοχὼρῳ
1359 3708 1645 3777 ὲπισκόπῳ
1670 3746 1686 3773 ,
1726 3708 1806 3779 τῷ

226 3788 515 3859 δυναμένῳ
538 3791 760 3855 τούτους
788 3796 1069 3862 κερδᾶναι,
1099 3797 1269 3866 ἡγουν
1304 3797 1394 3852 διὰ
1413 3797 1512 3867 τῆς
1540 3800 1803 3854 διδασκα-

229 3878 349 3940 λίας
381 3880 801 3938 οἰκειώσασθαι.
838 3885 964 3937 Ἐὰν
1003 3886 1059 3939 δὲ
1088 3889 1115 3939 ὁ
1144 3888 1467 3953 ἐπίσκοπος,
1496 3890 1525 3942 δ
1553 3890 1659 3960 πρὸ
1681 3891 1805 3945 τού·

226 3987 319 4023 του
347 3971 454 4037 τὴν
482 3975 743 4042 cautim:
777 3977 995 4047 ἐνορίαν
1023 3979 1188 4047 ἔχων.
1223 3979 1357 4051 λέγῃ
1390 3981 1481 4035 διά
1503 3999 1626 4035 τινα
1653 3983 1804 4037 οικο-

228 4062 426 4130 νομίαν
459 4062 739 4131 ἀμελῆσαι
767 4063 862 4117 τοῦ
886 4066 1166 4123 διδάσκειν
1196 4069 1289 4122 τὸν
1310 4072 1367 4122 ἐν
1394 4071 1535 4140 αὐτῇ
1558 4070 1707 4137 λαὸν,
1726 4071 1803 4135 ὡς

225 4154 392 4223 τυχὸν
421 4154 531 4206 τῶν
566 4156 627 4206 ὲν
667 4156 849 4230 ἐκείνῃ
905 4158 1073 4211 ὄντων
1121 4161 1416 4231 αἱρετικῶν
1457 4161 1803 4231 θελησάντων

224 4248 393 4315 χωρίς
424 4263 569 4309 τινος
604 4247 827 4317 ἐλέγχου
860 4252 1287 4321 ἐπιστραφῆναι,
1317 4253 1407 4305 καὶ
1440 4254 1802 4319 ἀξιωσάντων

227 4336 619 4405 σεσιγημινως
650 4339 743 4391 τὸν
771 4339 930 4407 λόγον
960 4341 1060 4410 τῆς
1080 4340 1339 4411 ἀληθείας
1365 4343 1798 4413 παραδέξασθαι,

1913 3258 2093 3305 eeant.
2116 3249 2210 3302 Sin
2232 3258 2411 3302 autem
2443 3256 2729 3318 postquam
2766 3247 2906 3301 facta
2935 3249 3097 3301 fuerit
3145 3248 3481 3301 denuntiatio

1912 3339 2236 3410 interpellati
2276 3355 2383 3395 non
2413 3339 2776 3409 corrigantur,
2794 3354 2895 3395 nec
2916 3340 3179 3394 doctrinm
3206 3341 3485 3407 invigilent

1913 3434 2051 3487 intra
2085 3448 2177 3488 sex
2200 3446 2456 3496 menses;
2491 3443 2621 3486 tunc
2653 3431 2821 3502 656
2847 3431 3045 3486 debent
3068 3433 3330 3497 ejusmodi
3368 3433 3479 3484 lora

1910 3522 2001 3576 alii
2029 3521 2204 3576 vicino
2219 3523 2475 3591 episcopo
2500 3521 2787 3589 assignari,
2815 3521 2905 3591 qui
2943 3523 3223 3591 possitcos
3259 3522 3480 3577 Iucriiao

1909 3626 2057 3676 cere,
2093 3626 2186 3666 seu
2220 3625 2314 3677 per
2337 3610 2642 3666 doctrinam
2664 3611 2767 3664 sibi
2810 3612 3108 3665 familiares
3153 3613 3394 3666 reddere.
3423 3611 3478 3664 Si

1908 3713 2088 3759 autem
2114 3702 2427 3771 episcopus,
2459 3704 2548 3771 qui
2602 3714 2727 3757 ante
2798 3703 2943 3756 hunc
2998 3706 3242 3757 eamdem
3296 3707 3482 3758 habuit

1908 3793 2209 3857 dimcesim,
2237 3791 2382 3846 dicat
2410 3792 2712 3847 mcenomia
2745 3791 2919 3860 aliqua
2944 3802 3001 3846 et
3031 3793 3262 3862 quodam
3299 3795 3480 3848 consi-

1907 3884 1979 3938 lo
2022 3898 2081 3939 se
2129 3883 2383 3954 populum
2443 3898 2603 3938 suum
2670 3884 2867 3938 docere
2923 3885 3230 3961 negligere;
3296 3894 3480 3953 utpote

1906 3979 2049 4047 quod
2077 3976 2344 4043 haeretici,
2373 3977 2465 4046 qui
2502 3976 2555 4031 in
2578 3991 2640 4032 ea
2684 3976 2826 4032 forte
2854 3986 3003 4041 sunt,
3035 3977 3202 4032 velint
3224 3979 3341 4032 sine
3372 3980 3476 4033 ulla

1909 4069 2337 4136 reprehensione
2366 4069 2633 4132 converti,
2663 4078 2718 4122 et
2750 4082 2964 4137 :equum
3010 4080 3270 4124 censeant
3301 4080 3357 4124 ut
3388 4086 3476 4125 ve-

1904 4160 2087 4215 ritatis
2144 4161 2409 4215 rationem
2463 4161 2628 4214 tacite
2684 4160 3022 4228 suscipiant;
3074 4170 3129 4215 et
3186 4170 3475 4232 propterea

1904 4251 2099 4305 docere
2151 4252 2393 4320 ttegligit,
2445 4265 2512 4305 ne
2555 4266 2620 4305 ea
2668 4261 2829 4305 utens
2870 4252 3155 4306 haereticos
3197 4255 3369 4322 magis
3402 4256 3471 4307 ad

1907 4340 2307 4409 improbitatem
2333 4341 2543 4404 incitet,
2568 4352 2624 4395 ut
2647 4342 2735 4411 qui
2760 4344 3087 4412 reprehendi
3109 4358 3248 4413 aegre
3272 4345 3469 4406 ferant.

223 4432 317 4480 καὶ
355 4430 449 4483 διὰ
483 4430 645 4482 τοῦτο
685 4432 960 4501 ἀμελῆσαι
1005 4437 1108 4503 τῆς
1161 4434 1531 4497 διδασκαλίας,
1577 4436 1662 4488 ινα
1722 4435 1797 4504 μὴ
1834 4501 1855 4504 Α

1834 4501 1855 4504 Α
1905 4442 1960 4485 et
1994 4432 2097 4486 hoc
2127 4430 2303 4500 ipsum
2338 4433 2406 4486 ab
2436 4432 2709 4501 episcopis
2739 4447 2924 4487 verum
2956 4434 3232 4500 cognitum
3270 4434 3426 4489 fuerit
3456 4451 3470 4489 :

223 4519 655 4589 καταχρώμενος
684 4522 855 4592 ταύτῃ
900 4524 1027 4583 τοὺς
1056 4501 1370 4592 αἱρετικοὺς
1426 4522 1684 4576 επιπλίον
1715 4501 1796 4586 είς
1829 4501 1874 4556 D

1829 4501 1874 4556 θ
1905 4523 1973 4577 ad
2007 4523 2257 4577 eumdem
2289 4523 2601 4593 episcopum
2638 4526 2789 4594 regio
2838 4535 3159 4579 revertetur.
3207 4526 3340 4590 Quia
3374 4542 3473 4582 au-

222 4612 426 4664 κακίαν
454 4612 734 4683 παροξύνῃ
790 4613 879 4666 διὰ
930 4615 1058 4685 τοὺς
1108 4614 1365 4682 ιλέγχους
1400 4614 1797 4685 ύσριοπαθοῦνο

220 4717 320 4763 τας
343 4741 357 4763 ,
405 4703 507 4754 καὶ
541 4681 731 4756 τοῦτο
759 4704 892 4757 αὐτὸ
938 4681 1412 4777 έιαγνωσθῇπαρ⁹
1442 4681 1757 4761 επισκόπων
1778 4724 1791 4738 ·

219 4796 722 4864 ἁντιστραφήσεται
754 4798 787 4866 ἡ
818 4797 1002 4868 ενορία
1065 4798 1203 4868 πρὶς
1242 4799 1334 4852 τὸν
1382 4801 1546 4853 αὐτὸν
1573 4802 1796 4855 ιπίσκο·

220 4902 345 4938 πον.
382 4886 539 4937 Ἐπεὶ
585 4884 641 4937 δὲ
669 4886 817 4947 είκδς
850 4882 920 4954 ἦν
949 4889 1129 4941 εἰπεῖν
1154 4905 1326 4953 τινας,
1374 4891 1527 4955 Τίνες
1572 4892 1792 4945 δικάσαι

218 4976 501 5044 ὀφείλουσι
533 4974 633 5044 τὴν
660 4975 917 5045 τοιαύτην
947 4972 1245 5044 ”ύπόθεσιν;
1285 4979 1495 5050 ὥρισαν
1536 4983 1587 5035 οἱ
1614 4984 1793 5037 Πατι-

222 5086 313 5139 ρες
368 5068 613 5128 εκείνους
665 5067 905 5122 δίδοσθαι
934 5068 1201 5133 δικαστὰς
1258 5073 1594 5137 ἐπισκόπους
1642 5076 1793 5146 παρά

217 5161 315 5213 τοῦ
350 5158 728 5229 πρωτεύοντος
755 5160 855 5230 τῆς
882 5161 1158 5232 ἰπαρχίας
1192 5163 1311 5235 ἦτοι
1337 5164 1433 5218 τοῦ
1459 5168 1792 5237 μητροπολί-

217 5269 338 5316 του,
368 5252 470 5315 οὓς
505 5254 572 5306 ἂν
624 5254 784 5316 αὐτὸς
812 5256 971 5326 ὁρίσῃ
995 5297 1010 5321 ,
1076 5258 1171 5311 ἆτε
1234 5260 1329 5312 καὶ
1361 5258 1459 5311 τοῦ
1491 5262 1656 5312 τόπου
1687 5261 1791 5312 ὑπὸ

214 5345 314 5415 τὴν
369 5344 645 5413 ἐπαρχίαν
676 5343 872 5397 τούτου
908 5346 1278 5420 διακειμένου.
1325 5350 1451 5404 Ἐὰν
1488 5350 1545 5405 δὲ
1572 5351 1620 5403 ol
1659 5350 1795 5420 περὶ

215 5439 315 5505 τῆς
350 5435 570 5503 ὲνορίας
606 5434 962 5505 δικαζόμενοι
992 5438 1350 5504 ιπιλέεωνται
1405 5440 1666 5506 δικαστὰς
1725 5441 1789 5494 ἐκ

214 5526 484 5595 γειτόνων
520 5526 881 5591 ἐπισκόπους,
935 5526 1009 5597 μὴ
1044 5528 1274 5591 πολλοὺς
1326 5528 1787 5596 ὶὶιιλεγέσθωσαν,

210 5617 326 5669 ἀλλ’
360 5615 391 5686 ἤ
420 5615 517 5667 ἕνα
549 5614 775 5687 ἢτρεῐς.
807 5616 870 5668 Et
906 5617 1130 5689 μὲνγὰρ
1151 5614 1231 5682 εἷς
1256 5618 1505 5687 ἑπιλεγῇ,
1529 5623 1593 5690 τῇ
1621 5621 1788 5692 ψήφῳ

209 5708 428 5763 ἐκείνου
469 5705 696 5773 ἕψονται
715 5721 731 5735 ⁸
765 5707 985 5775 αἱρετὸς
1008 5707 1115 5777 γὰρ
1145 5707 1222 5760 ὢν
1249 5710 1506 5777 δικαστὴς
1534 5711 1785 5781 ἐκκλήτῳ

206 5809 303 5877 οὐχ
367 5805 728 5858 ὑποπεσεῖται
756 5821 769 5834 ·
822 5805 870 5857 εί
916 5802 973 5857 δὲ
1019 5807 1165 5875 τρεῖς
1211 5806 1367 5870 εἰσιν,
1422 5807 1453 5878 ἢ
1503 5806 1782 5879 σύμψηφοι

468 5899 742 5960 ΙἈτιιοι.
777 5901 895 5961 Gn.
927 5900 1304 5962 CXXXVI".

1906 4624 2012 4667 tem
2060 4613 2357 4668 verisimile
2400 4626 2515 4668 erat
2555 4616 2734 4669 dicere
2786 4615 3014 4683 aliquos,
3069 4618 3296 4682 Quinam
3336 4621 3474 4675 hanc

1908 4719 2129 4759 causam
2178 4703 2423 4770 judicare
2476 4704 2716 4758 debent?
2782 4716 3093 4760 statuerunt
3139 4706 3352 4772 Patres,
3383 4726 3475 4766 eos

1902 4795 2184 4862 episcopos
2219 4795 2335 4847 dari
2392 4794 2607 4863 judices
2659 4810 2689 4848 a
2740 4795 2970 4865 primate
3016 4799 3329 4865 provincias,
3374 4815 3472 4853 seu

1906 4885 2345 4954 metropolitano,
2386 4900 2522 4954 quos
2561 4885 2666 4956 ipsi
2698 4888 2871 4941 visum
2926 4886 3114 4952 fuerit,
3145 4896 3327 4956 utpote
3348 4904 3467 4944 cum

1904 4978 1950 5031 is
1974 4977 2124 5031 locus
2162 4977 2297 5032 situs
2343 4977 2415 5030 sit
2446 4977 2499 5031 in
2542 4977 2658 5048 ejus
2690 4978 2987 5046 provincia.
3032 4977 3125 5032 Sin
3160 4989 3342 5033 autem
3377 4981 3468 5048 qui

1906 5068 1973 5122 de
2010 5068 2229 5137 regione
2250 5070 2607 5135 contendunt,
2639 5084 2701 5122 ex
2744 5071 2938 5126 vicinis
2962 5071 3230 5140 episcOpis
3260 5072 3470 5141 judices

1898 5156 2183 5225 elegerint,
2217 5172 2321 5212 non
2370 5158 2567 5212 multos
2597 5156 2815 5226 eligant,
2854 5158 2946 5211 sed
2977 5172 3164 5219 unum,
3198 5162 3280 5210 vel
3327 5165 3463 5211 tres.

1900 5246 1968 5303 Et
2007 5250 2054 5303 si
2095 5265 2235 5304 unus
2264 5248 2483 5319 quidem
2515 5249 2722 5303 electus
2744 5248 2929 5312 fuerit,
2968 5249 3112 5303 illius
3142 5251 3465 5303 sententiam

1897 5354 2196 5413 sequentur
2225 5358 2242 5409 ;
2281 5358 2402 5397 cum
2426 5341 2497 5395 sit
2516 5340 2658 5394 enim
2694 5340 3102 5411 electusjudex,
3132 5343 3186 5395 in
3208 5357 3328 5396 eum
3360 5357 3466 5394 non

1898 5437 2042 5490 cadit
2092 5433 2383 5504 appellatio
2418 5450 2431 5488 :
2462 5434 2544 5489 sin
2591 5443 2772 5488 autem
2836 5434 2946 5488 sint
3000 5444 3128 5499 tres,
3173 5432 3254 5487 vel
3308 5442 3467 5486 erunt

1896 5528 2221 5594 concordes,
2249 5536 2515 5581 eteorum
2562 5526 2831 5580 sententia
2876 5526 3183 5580 necessario
3224 5525 3462 5586 Valebit,

1898 5620 1981 5676 vel
2020 5620 2371 5683 dissentient,
2405 5626 2457 5672 et
2508 5618 2746 5688 plurium
2789 5618 2989 5672 valebit
3043 5618 3334 5672 sententia.
3372 5618 3468 5669 At-

1895 5728 1999 5780 que
2032 5714 2119 5765 bic
2154 5712 2373 5781 quidem
2431 5726 2601 5765 canon
2644 5712 2723 5765 sic
2754 5726 2848 5766 eos
2896 5714 3070 5780 punit,
3111 5711 3201 5780 qui
3229 5726 3333 5764 nou
3367 5709 3466 5763 du-

1897 5814 2021 5858 cent
2049 5804 2151 5859 sibi
2179 5802 2452 5875 subjectos
2476 5807 2721 5876 populos.
2739 5802 3223 5871 Quinquagesitnus
3244 5810 3463 5857 octavus

2910 5894 2980 5957 l3
