4224 6440
774 413 881 474 395

2050 415 2325 478 TIIEOD.
2369 416 2456 475 ΒΑ
2467 417 2763 477 LSAMON

3889 412 3996 475 396

780 534 961 578 autem
1004 536 1177 575 canon
1210 531 1523 578 sanctorum
1566 525 1932 592 apostolorum
1964 526 2041 580 sic
2074 543 2331 595 expresse
2365 536 2404 588 Α
2437 529 2441 574 i

2437 526 2694 588 ἔσονται,
2754 528 2844 579 καὶ
2890 527 2950 590 ἐξ
3012 526 3255 595 ἀνάγκης
3319 528 3349 593 ὴ
3400 527 3577 594 ψῆφος
3632 525 3809 578 αὐτῶν
3859 541 3961 594 κρα

774 616 903 669 dicit
936 631 950 666 :
984 612 1279 681 Episcopus
1330 615 1407 668 vel
1444 615 1721 684 presbyter
1767 616 1858 683 qui
1892 616 2095 669 clerum
2122 616 2203 671 vel
2233 632 2327 685 po-

781 705 965 775 pulum
1000 706 1240 775 negligit,
1271 716 1327 760 et
1359 720 1453 760 eos
1500 706 1754 774 pietatem
1795 720 1903 760 non
1937 708 2112 771 docet,
2148 722 2332 777 segreo

776 806 975 863 getur:
1012 799 1065 852 in
1103 797 1347 851 socordia
1394 806 1571 853 autem
1618 812 1962 867 permanens,
2008 797 2328 867 deponatur.

778 888 845 941 Et
874 888 1002 941 mibi
1033 888 1201 956 magis
1223 888 1434 941 videtur
1455 889 1755 943 servandus
1782 903 1954 944 canon
1982 888 2327 957 apostolicus.

773 976 1022 1046 Iniquum
1080 978 1223 1031 enim
1274 988 1379 1042 est,
1430 990 1651 1046 propter
1683 979 1919 1046 episcopi
1954 978 2329 1047 negligentiam

772 1069 1139 1136 episcopatum
1192 1070 1258 1122 ad
1287 1083 1347 1122 se
1385 1068 1689 1134 pertinente
1721 1069 1939 1137 regione
1964 1070 2191 1137 privari.
2224 1069 2328 1123 Sed

772 1160 847 1220 id,
879 1160 1023 1227 quod
1080 1158 1131 1211 in
1200 1159 1495 1227 apostolico
1534 1173 1741 1211 canone
1789 1159 2008 1223 dicitur,
2041 1158 2153 1223 ﬁet,
2186 1168 2329 1227 post-

772 1264 935 1316 quam
965 1249 1219 1316 episcopo
1240 1250 1615 1302 denuntiatum
1644 1248 1824 1311 fuerit,
1852 1258 1908 1301 ut
1930 1250 2041 1302 vult
2085 1250 2169 1303 hic
2196 1264 2329 1317 pne-

772 1350 899 1389 sens
925 1352 1118 1389 canon.
1160 1336 1290 1401 Qum
1322 1348 1499 1389 autem
1539 1338 1591 1391 in
1631 1339 1880 1406 praesenti
1917 1352 2123 1391 canone
2155 1338 2329 1391 conti-

768 1434 963 1477 nentur
1005 1442 1100 1495 pro
1155 1428 1561 1495 dispensatione
1592 1429 1643 1480 in
1684 1428 1804 1481 aliis
1845 1442 2059 1494 quoque
2083 1427 2244 1493 justis
2276 1436 2328 1480 et

766 1516 1122 1570 rationalibus
1149 1521 1328 1571 causis
1361 1520 1570 1586 act-ipe.
1615 1516 1731 1569 Non
1762 1518 1905 1570 enim
1931 1518 2210 1585 negligens
2240 1532 2325 1570 re-

764 1606 1040 1672 putabitur
1070 1609 1379 1676 episcopus,
1416 1609 1507 1675 qui
1540 1617 1783 1675 aegrotat,
1813 1607 1892 1660 vel
1923 1608 2013 1673 qui
2060 1607 2113 1659 in
2152 1608 2323 1671 majo-

764 1694 914 1747 ribus
955 1696 1135 1749 causis
1188 1697 1570 1751 ecclesiasticis
1628 1708 1897 1750 versatur.
1946 1695 2085 1764 Lege
2112 1707 2167 1749 et
2202 1711 2324 1749 can.

763 1782 868 1836 105
914 1784 1193 1851 μτωεοιιιὶιι
1221 1786 1429 1853 synodi,
1482 1787 1571 1853 qui
1621 1786 1924 1853 liujusmodi
1963 1786 2321 1853 negligentem

2434 618 2607 683 τήσει,
2672 618 2702 685 ἦ
2757 618 3199 686 μερισθήσονται,
3276 617 3367 670 καὶ
3422 617 3681 686 κρατήσει
3726 615 3907 666 λοιπον
3964 614 3995 681 ὴ

2432 704 2541 757 τῶν
2599 704 2857 758 πλειόνων
2909 706 3107 775 ψῆφος.
3176 707 3284 758 Καὶ
3346 701 3499 767 οὗτος
3571 706 3669 773 μέν
3731 706 3761 757 ὁ
3816 704 3996 757 κανὼν

2431 796 2572 849 οὕτω
2617 797 2835 860 κολάζει
2897 799 3019 859 τοὺς
3072 798 3147 867 μὴ
3187 797 3534 858 διδάσκοντας
3578 797 3718 858 τοὺς·
3752 796 3842 847 ὑπ’
3892 797 3996 849 αὗ-

2429 890 2552 949 τοῦς
2603 886 2766 949 λαούς
2793 905 2806 919 °
2866 890 2894 940 ό
2942 888 2999 940 δὲ
3047 886 3128 956 νη¹
3164 886 3341 941 κανὼν
3391 887 3499 940 τῶν
3556 889 3726 954 ἁγίων
3756 887 3993 940 ἀποστό-

2430 975 2536 1028 λων
2560 977 2725 1046 φησὶν
2744 977 2887 1030 οὕτω
2912 977 3089 1047 ῥητῶς
3109 994 3123 1008 ο
3166 978 3495 1038 Ἐπίσκοπος
3542 979 3576 1047 ἢ
3622 977 3997 1045 πρεσϐύτερος

2431 1067 2653 1135 ἀμελῶν
2680 1068 2774 1120 τοῦ
2804 1068 3005 1136 κλήρου
3039 1068 3070 1137 ἢ
3112 1069 3205 1120 τοῦ
3258 1068 3410 1133 λαοῦ,
3446 1070 3541 1121 καὶ
3593 1068 3670 1138 μὴ
3718 1067 3994 1119 παιδεύων

2428 1158 2621 1217 αὐτοὺς
2671 1156 2768 1227 τὴν
2789 1157 3087 1221 εὐσέϐειαν,
3117 1157 3491 1227 ἀφοριζέσθω·
3523 1157 3803 1226 ἐπιμένων
3847 1158 3902 1208 δὲ
3928 1159 3994 1224 τῇ

2430 1246 2690 1317 ῥᾳθυμίᾳ,
2723 1248 3109 1318 καθαιρείσθω.
3142 1251 3250 1303 Καὶ
3275 1250 3424 1303 δοκεῖ
3474 1267 3565 1319 μοι
3600 1250 3799 1318 μᾶλλον
3848 1251 3997 1314 ὀφεί-

2428 1337 2540 1389 λειν
2573 1341 2793 1407 κρατεῖν
2822 1339 2890 1393 τὰ
2940 1339 3034 1393 τοῦ
3067 1340 3424 1393 ἀποστολικοῦ
3487 1342 3728 1401 κανόνος.
3778 1340 3998 1392 Ἀδικον

2426 1428 2535 1496 γάρ
2554 1430 2670 1481 ἐστι
2691 1430 2781 1482 διὰ
2810 1430 2909 1500 τὴν
2933 1432 3192 1501 ἀμέλειαν
3215 1430 3309 1483 τοῦ
3334 1431 3634 1483 ἐπισκόπου
3668 1429 3966 1498 στερηθῆνο
3982 1448 3998 1479 ι

2425 1517 2522 1587 τὴν
2554 1520 2859 1590 ἐπισκοπὴν
2883 1520 2983 1590 τῆς
3007 1520 3513 1599 ἁνηκούσηςυταύτῃ
3541 1521 3781 1589 ἐνορίας.
3847 1521 3998 1586 Πλὴν

2426 1608 2521 1661 καὶΙ
2552 1610 2617 1661 τα
2647 1610 2740 1662 τοῦ
2762 1610 3119 1663 ἀποστολικοῦ
3163 1612 3383 1673 κανόνος
3424 1611 3710 1679 γενήσεται
3761 1612 3898 1677 μετὰ
3937 1614 4000 1659 τὸ

2426 1696 2870 1764 παραγγελθῆναι
2924 1699 3013 1749 τὸν
3061 1698 3359 1749 ἐπίσκοπον
3408 1698 3547 1749 κατὰ
3604 1696 3695 1748 τὸν
3757 1696 3999 1763 παρόντα

2427 1786 2642 1840 κανόνα.
2683 1788 2760 1839 Ta
2784 1787 2839 1839 δέ
2860 1787 2937 1857 τῷ
2966 1788 3193 1857 παρόντι
3228 1787 3408 1839 κανόνι
3435 1787 3801 1855 περιεχόμενα
3832 1787 3998 1855 χάριν

760 1872 1071 1940 episcopum
1116 1876 1514 1927 communionis
1560 1877 1887 1943 privatione,
1928 1883 2318 1943 consequenter
2348 1849 2394 1908 Β
2422 1897 2441 1930 ο

2422 1881 2730 1945 οἰκονομίας
2755 1849 2984 1931 ἐκλαϐοὖ
3010 1849 3102 1931 καὶ
3125 1880 3203 1938 είς
3245 1878 3436 1945 ἐτέρας
3488 1849 3739 1944 εὐλόγους
3793 1849 3995 1939 αίτίας.

760 1962 903 2015 dicto
936 1966 1128 2017 canoni
1160 1965 1474 2031 apostolico,
1509 1966 1721 2021 multat.

758 2051 1241 2125 ἐκκλησιαστικαῖς
1307 2058 1547 2125 μείζοσιν
1597 2057 2049 2127 ἐνασχολούμενος
2104 2058 2441 2114 ὑποθέσεσιν.

2422 1969 2494 2019 Ού
2524 1971 2630 2037 γὰρ
2647 1969 2849 2038 ἀμελὴς
2904 1969 3283 2038 λογισθήσεται
3330 1972 3356 2022 ό
3392 1969 3688 2029 ἐπίσκοπος
3739 1967 3934 2031 νοσῶν,
3962 1969 3995 2034 ἢ

2520 2060 2817 2127 ’Δνάγνωθι
2880 2062 2972 2114 καί
3032 2062 3123 2113 τὸν
3190 2062 3483 2113 ἑκατοστὸν
3532 2063 3713 2129 τρίτον
3800 2061 3997 2110 κανὸια

755 2146 857 2213 τῆς
886 2146 1160 2214 παρούσης
1187 2148 1425 2209 συνόδου,
1468 2148 1831 2216 ἀκοινωνησία
1887 2146 2318 2211 καταδικάζοντα
2356 2148 2445 2200 τὸν
2494 2150 2729 2203 τοιιῦτον
2792 2150 2972 2219 ἀμελῆ
3032 2151 3332 2204 ἐπίσκοπον
3380 2151 3685 2213 ἀκολούθως
3740 2151 3818 2219 τῷ
3892 2153 3995 2219 ρη-

760 2242 904 2293 θέντι
928 2238 1268 2307 ἀποστολικῷ
1301 2238 1504 2292 κανόνι.

831 2330 1082 2388 ΖΟΣὲΛΒ.
1118 2331 1174 2385 Si
1208 2332 1298 2399 qui
1346 2332 1607 2399 episc0pi,
1664 2331 1838 2399 inquit
1880 2346 2073 2397 canon,
2113 2331 2226 2385 loca
2256 2333 2321 2383 ad

758 2441 887 2480 suas
919 2423 1180 2479 ecclesias
1210 2424 1511 2490 spectantia
1542 2422 1840 2491 negligant,
1872 2436 1971 2475 nec
1998 2420 2066 2477 de
2096 2422 2162 2476 iis
2188 2424 2325 2476 ret-i-

761 2516 973 2586 piendis
1011 2524 1104 2568 aut
1144 2513 1485 2567 vindicandis
1531 2513 1816 2577 laborent,
1872 2527 1937 2567 ea
1978 2514 2043 2567 de
2074 2528 2132 2567 re
2181 2515 2323 2581 apud

759 2608 1045 2676 synodum,
1082 2620 1245 2675 quam
1294 2606 1520 2659 unitatis
1568 2605 1851 2659 catholica:
1904 2606 2142 2666 nomine,
2181 2607 2322 2674 quod

763 2700 883 2751 tidci
911 2699 1122 2752 vinculo
1163 2698 1214 2750 in
1257 2712 1420 2749 unum
1465 2700 1618 2765 quasi
1663 2712 1861 2764 corpus
1896 2696 2168 2765 adscripta
2227 2699 2321 2761 sit,

758 2789 1069 2854 explicavit,
1103 2803 1130 2840 a
1162 2789 1357 2841 vicinis
1393 2788 1668 2857 episcopis
1710 2798 2055 2842 accusentur.
2091 2788 2243 2853 Quod
2276 2791 2321 2843 si

760 2891 853 2931 sex
902 2878 969 2931 ab
1010 2877 1357 2931 accusatione
1417 2877 1698 2930 mensibus
1742 2876 1818 2928 rei
1874 2880 2096 2945 agenda:
2146 2879 2325 2932 adhuc

761 2967 1174 3029 indormientes,
1204 2967 1319 3020 loca
1358 2967 1605 3020 ecclesiis
1629 2966 1743 3019 suis
1776 2967 1997 3020 minime
2034 2981 2322 3035 recupera-

761 3058 956 3120 verint,
979 3072 1040 3111 ea
1061 3057 1240 3119 alteri,
1272 3058 1362 3124 qui
1406 3055 1749 3120 lucrifacere,
1790 3056 1894 3110 hoc
1930 3064 2035 3119 est,
2072 3056 2175 3110 sibi
2208 3055 2326 3109 vin-

2496 2331 2741 2386 ZQNAP.
2787 2330 2911 2383 Ἐάν
2951 2348 3096 2396 τινες
3142 2334 3449 2399 ἐπίσκοποι,
3499 2335 3661 2403 φησιν
3714 2337 3741 2388 ό
3796 2335 3996 2399 κανὼν,

2425 2423 2667 2491 ἁμελῶσι
2701 2423 2807 2474 τῶν
2833 2423 3013 2475 τόπων
3038 2421 3147 2474 τῶν
3182 2423 3492 2493 ἀνηκόντων
3524 2428 3642 2486 ταῖς
3678 2427 4000 2494 ἐκκλησίαις

2424 2512 2624 2575 αὐτῶν,
2657 2510 2793 2580 πρὸς
2822 2510 2881 2563 τὸ
2929 2510 3125 2571 αὐτοὺς
3168 2511 3445 2579 κερδᾶναι,
3515 2514 3634 2565 ἀντὶ
3679 2515 3797 2577 τοῦ,
3856 2514 3999 2566 ὥστε

2424 2605 2620 2665 αὐτοὺς
2644 2602 2925 2667 ἐκνικῆσαι
2956 2602 3049 2654 καὶ
3087 2600 3252 2670 ἐχειν,
3289 2602 3375 2654 ἵνα
3398 2602 3715 2656 αίτιαθῶσιν
3762 2609 3843 2666 είς
3901 2609 3998 2675 τὴν

2426 2693 2720 2760 καθολικὴν
2760 2692 2988 2761 ἑνότητα
3015 2694 3091 2753 είς
3116 2693 3217 2762 τὴν
3271 2692 3488 2746 σύνοδον
3515 2693 3714 2763 δηλαδὴ
3740 2695 3839 2763 τὴν
3863 2698 4002 2764 ήνιυ-

2430 2785 2595 2851 μέλην
2625 2786 2688 2852 τῇ
2730 2782 2988 2851 καθολικῇ
3036 2784 3235 2847 πίστει,
3264 2785 3632 2852 ἐγκαλούντων
3656 2788 3837 2848 αὐτοῖς
3873 2790 4004 2855 περὶ

2424 2874 2613 2925 τούτου
2634 2875 2737 2923 τῶν
2755 2872 3107 2938 γειτνιώντων
3124 2878 3234 2936 τοῖς
3245 2878 3429 2937 τόκοις
3446 2877 3783 2932 ἐπισκόπων.
3801 2878 3898 2929 Ἐὰ
3914 2902 3929 2927 .·
3946 2879 4003 2931 δέ

2427 2964 2759 3024 αίτιαθέντες
2774 2963 2921 3025 ἐντὸς
2938 2964 3120 3031 μηνῶν
3135 2964 3194 3029 ’ἐξ
3214 2967 3351 3033 μετὰ
3366 2967 3601 3017 αἰτίασιν
3612 2967 3890 3035 ψηφιζομέ
3902 2987 4004 3020 »ων

2427 3053 2577 3105 οὐδὲν
2602 3053 2871 3105 ἁνύσωσιν
2902 3054 2981 3115 εις
3010 3054 3292 3123 ἐκδίκησιν
3325 3054 3431 3106 τῶν
3463 3056 3830 3124 διαφερόντων
3880 3062 4004 3117 ταῖς

758 3148 942 3201 dicare
966 3147 1159 3214 possit,
1181 3147 1658 3213 adjudicabuntur.
1690 3144 1886 3200 Verum
1945 3144 1989 3198 si
2037 3147 2319 3214 episcopus
2348 3128 2389 3183 ε’
2422 3145 2441 3194 ἐ

2422 3144 2736 3205 ἐκκλησίαις
2748 3142 2925 3195 αὐτῶν
2946 3142 3335 3214 ῥᾳθυμοῦντες,
3352 3147 3909 3215 προσκυρωθήσ,νται
3928 3148 4005 3216 τῷ

759 3241 826 3293 ad
861 3252 1016 3306 quem
1044 3236 1131 3290 illa
1158 3238 1453 3307 pertinent,
1474 3251 1578 3290 non
1610 3236 1954 3305 negligentia,
1981 3238 2075 3289 sed
2093 3235 2321 3289 consilio

758 3331 936 3397 p0tius
968 3337 1024 3383 et
1060 3330 1126 3382 de
1167 3328 1436 3382 industria
1477 3327 1761 3382 confestim
1815 3327 2093 3395 repetendi
2131 3341 2319 3380 curam

758 3421 1018 3487 seposuit,
1049 3422 1173 3489 quia
1202 3419 1343 3473 forte
1375 3420 1443 3473 ab
1474 3420 1541 3473 iis
1571 3419 1842 3488 episc0pis
1870 3435 1934 3473 ea
1967 3418 2086 3472 loca
2118 3419 2326 3473 detine-

758 3512 976 3573 bantur,
1010 3512 1099 3578 qui
1134 3526 1256 3564 cum
1288 3510 1752 3573 haereticis-ssent,
1788 3523 1851 3562 ea
1889 3509 2220 3571 conditione,
2257 3524 2324 3562 ne

757 3603 880 3672 quis
912 3616 1006 3656 eos
1038 3601 1146 3655 ulla
1174 3600 1417 3655 molestia
1460 3600 1714 3663 alliceret,
1746 3600 2003 3655 Ecclesia
2038 3600 2322 3653 catholicas

757 3709 818 3750 se
850 3696 1235 3764 adiunxerant,
1272 3710 1333 3750 ac
1362 3710 1428 3750 eo
1458 3706 1744 3763 pr0pterea
1793 3695 2077 3749 remissius
2127 3702 2325 3760 agente

756 3786 876 3849 ejus
911 3793 1092 3853 partes
1138 3784 1275 3839 alter
1310 3785 1627 3853 praeripuit;
1667 3793 1777 3837 tum
1821 3784 1934 3837 loca
1976 3785 2088 3849 illa,
2139 3801 2196 3839 re
2228 3798 2323 3852 per

755 3876 1039 3945 episcopos
1068 3877 1302 3944 cognita,
1345 3876 1391 3931 ei
1423 3877 1490 3930 ad
1543 3890 1703 3944 quem
1761 3877 2032 3944 pertinent
2072 3878 2325 3945 episcopo

759 3966 1131 4018 restituantur.
1177 3963 1311 4021 Nam
1343 3964 1390 4018 si
1424 3980 1487 4018 ea
1515 3965 1800 4033 episcopus
1834 3965 2132 4027 vindicare,
2168 3980 2231 4019 ac
2256 3967 2323 4019 ab

762 4052 1053 4119 haereticis,
1084 4067 1113 4105 a
1152 4053 1348 4121 quibus
1376 4054 1783 4115 detinebantur,
1822 4052 2033 4121 eripere
2068 4052 2323 4108 festinas-

761 4151 878 4206 set;
922 4140 1134 4209 pejores
1166 4155 1259 4195 eos
1312 4140 1666 4209 proculdubio
1723 4139 1994 4196 effecisset
2046 4151 2210 4211 atque
2257 4145 2323 4195 ad

759 4234 1081 4299 pravitatem
1122 4246 1439 4299 morumque
1486 4231 1897 4301 perversitatem
1930 4230 2160 4301 amplius
2192 4245 2324 4284 cono

758 4323 1004 4375 citasaet.
1046 4320 1147 4385 Qui
1198 4328 1379 4373 autem
1425 4320 1527 4372 bac
1556 4320 1623 4372 de
1653 4334 1709 4372 re
1758 4328 2117 4388 cognoscant,
2144 4334 2173 4372 a
2210 4320 2322 4387 pri-

756 4424 903 4465 matc
936 4413 1249 4480 provinciae,
1282 4411 1435 4478 cujus
1464 4412 1515 4462 in
1551 4410 1757 4463 ditione
1788 4410 1939 4463 locus
1968 4420 2074 4475 est,
2116 4412 2323 4477 episco-

758 4502 811 4567 pi
839 4502 1049 4567 judices
1094 4499 1384 4550 dabuntur.
1419 4497 1571 4561 Quod
1600 4497 1645 4550 si
1690 4497 1926 4562 ipsimet,
1961 4500 2050 4563 qui
2086 4496 2227 4550 inter
2264 4512 2322 4551 sc

757 4591 1081 4659 disceptant,
1112 4586 1310 4657 eligere
1346 4588 1627 4651 voluerint,
1662 4600 1755 4639 aut
1783 4602 1971 4649 unum,
2003 4600 2179 4641 canon
2222 4588 2320 4651 ait,

756 4690 849 4732 aut
880 4689 991 4735 tres
1022 4690 1171 4734 certe
1196 4678 1585 4733 controversia:
1614 4679 1849 4736 arbitros
1894 4688 2155 4732 statuant.
2188 4678 2323 4731 Nam

756 4772 802 4823 si
839 4786 978 4824 unus
1014 4770 1220 4823 electus
1250 4770 1339 4833 sit,
1375 4768 1575 4822 valebit
1605 4770 1725 4837 ejus
1759 4769 2026 4822 sententia
2048 4806 2065 4832 ,
2112 4783 2235 4822 cum
2269 4768 2321 4819 iu

752 4862 915 4932 657
932 4862 1169 4929 judicem
1199 4860 1428 4913 electum
1455 4875 1562 4913 nou
1598 4861 2066 4928 caditappellatio.
2105 4858 2200 4913 Sin
2223 4875 2325 4913 an-

756 4962 864 5004 tem
890 4963 999 5004 tres
1029 4948 1250 5014 fuerint,
1289 4947 1370 5000 vel
1396 4947 1535 5001 idem
1564 4961 1749 5001 omnes
1767 4952 2088 5011 decernent,
2124 4962 2187 5001 ac
2226 4962 2322 5001 eo-

758 5056 877 5093 rum
911 5040 1116 5105 judicio
1149 5038 1459 5093 necessario
1488 5036 1620 5091 stari
1673 5039 1975 5105 oportebit,
2007 5041 2088 5092 vel
2110 5039 2182 5092 ita
2211 5037 2325 5089 dis-

757 5132 1017 5195 sentient,
1038 5140 1097 5185 ut
1117 5132 1250 5184 duos
1272 5138 1454 5183 tamen
1492 5130 1631 5182 inter
1649 5142 1710 5183 se
1730 5130 2038 5192 convenire,
2072 5144 2179 5182 uno
2206 5139 2326 5181 tan-

758 5226 1034 5277 tummodo
1075 5222 1438 5287 discrepante,
1478 5233 1703 5273 necesse
1726 5219 1820 5283 sit,
1854 5233 1917 5271 ac
1944 5229 2073 5272 tunc
2112 5234 2325 5287 quoque

756 5316 811 5367 id
842 5314 985 5382 quod
1019 5313 1200 5381 plures
1233 5309 1581 5379 probaverint
1611 5310 1948 5363 retinebitur.

754 5494 983 5549 ABIST.
1027 5513 1043 5545 ι
1080 5493 1180 5559 Qui
1210 5492 1275 5546 ad
1311 5505 1370 5545 se
1400 5490 1727 5559 pertinentia
1757 5491 2033 5559 negligant
2057 5503 2320 5543 aomonc-

835 5604 851 5635 ι
900 5595 1060 5637 antur
1090 5602 1104 5637 ε
1140 5585 1268 5637 etsi
1321 5582 1453 5635 nihil
1488 5584 1626 5634 intra
1670 5597 1765 5635 sex
1815 5597 2029 5638 incuses
2070 5583 2320 5646 fecerint,

841 5695 859 5727 ι
894 5677 968 5737 ei,
1010 5676 1099 5742 qui
1156 5674 1475 5727 lucrifacere
1541 5683 1733 5739 potest,
1802 5674 2201 5739 atljtldlCClllut'.
2265 5674 2320 5726 Si

838 5786 859 5821 ε
896 5780 1073 5821 autem
1124 5767 1460 5821 meonoanice
1506 5766 1862 5833 neglexerml,
1918 5779 1981 5819 ue
2032 5766 2318 5821 ίιιυῖυιιεοε

2427 3231 2708 3301 δυναμένῳ
2735 3233 2989 3302 κερδᾶναι
3008 3234 3226 3299 αὐτοὺς,
3253 3235 3527 3288 τουτέστιν
3550 3237 3856 3303 ἐκνικῆσαι.
3880 3237 4005 3288 Ἐὰν

2423 3323 2478 3375 δὲ
2502 3325 2530 3375 ό
2552 3325 2866 3386 ἐπίσκοπος,
2889 3317 2933 3391 ᾧ
2961 3324 3160 3392 ἀνῆκον
3185 3326 3235 3377 οί
3256 3326 3435 3390 τόποι,
3490 3326 3549 3378 οὐ
3580 3326 3667 3378 διὰ
3703 3327 4004 3396 ρᾳθυμίαν,

2425 3413 2559 3468 ἀλλὰ
2579 3414 2645 3467 δι’
2666 3415 2975 3482 οίκονομίαν
2996 3414 3365 3484 ὑπερετίθετο,
3387 3416 3513 3479 ἴσως
3533 3417 3642 3469 τῶν
3666 3422 4005 3486 κατεχόντων

2424 3504 2552 3565 τοὺς
2602 3504 2799 3566 τόπους
2852 3505 3140 3574 αἱρετικὼν
3183 3506 3495 3559 ἐπισκόπων
3569 3508 3883 3561 ἐωθέντων
3938 3512 4007 3577 τῇ

2425 3592 2685 3661 καθολικῇ
2726 3593 3021 3660 Ἐκκλησία
3044 3593 3137 3645 ἐπὶ
3201 3596 3492 3664 συμφωνίᾳ
3544 3595 3637 3647 τοῦ
3698 3597 4008 3663 ἀθορύϐους

2424 3683 2617 3745 αὐτοὺς
2651 3683 3059 3751 διατηρηθῆναι,
3095 3682 3188 3735 καὶ
3234 3683 3320 3737 διὰ
3353 3685 3510 3737 τοῦτο
3573 3686 4006 3755 ὑπερτιθεμένου

2423 3772 2520 3839 τὴν
2548 3772 2827 3841 ἐκνίκησιν
2856 3771 2948 3823 τοῦ
3001 3772 3299 3826 ἐπισκόπου
3361 3774 3661 3843 προέλαϐεν
3712 3776 3896 3838 ἄλλος,
3956 3779 4006 3829 οι

2422 3861 2576 3911 τόποι
2603 3858 2680 3929 τῷ
2710 3861 3013 3931 ἐπισκόπῳ,
3041 3854 3085 3929 ᾧ
3109 3862 3381 3931 διέφερον,
3428 3864 4003 3932 ἁποκαταστήσονται,

2425 3953 2741 4004 ἐπισκόπων
2802 3952 2929 4020 περὶ
2974 3952 3165 4005 τούτου
3214 3952 3707 4020 διαγινωσκόντων.
3781 3956 3844 4007 Et
3897 3962 4006 4026 γὰρ

2424 4042 2757 4093 ἐσπούδασεν
2795 4043 2822 4094 ὁ
2852 4042 3150 4104 ἐπίσκοπος
3176 4044 3462 4111 ἐκνικῆσαι
3494 4046 3617 4104 τοὺς
3644 4046 3846 4107 τόπους
3892 4048 4005 4099 ἀπὸ

2422 4132 2530 4183 τῶν
2566 4132 2900 4201 κατεχόντων
2932 4133 3128 4195 αὐτοὺς
3151 4134 3464 4201 αίρετικῶν,
3491 4135 3651 4187 πλέον
3698 4136 3764 4187 ἂν
3823 4138 4008 4189 ἐκάκι-

2425 4222 2514 4283 ζεν
2548 4219 2762 4286 αὐτοὺς,
2795 4222 2915 4274 ἀντὶ
2950 4221 3067 4285 τοῦ,
3110 4223 3356 4290 χείρονας
3380 4222 3445 4274 ἂν
3474 4225 3728 4291 ἐποίησεν
3780 4227 4001 4287 αὐτοὺς,

2426 4312 2519 4364 καὶ
2543 4313 2620 4374 είς
2646 4310 2867 4364 πλείονα
2908 4312 3107 4366 κακίαν
3137 4312 3392 4381 ἠρέθισεν
3454 4314 3536 4368 ἄν.
3581 4312 3717 4376 Τοὺς
3755 4316 3812 4368 δέ
3875 4320 4005 4385 περὶ

2426 4402 2614 4455 τούτου
2650 4402 2941 4467 μέλλοντας
2968 4404 3357 4473 διαγνωμονεῐν
3394 4405 3724 4468 ἐπισκόπους
3785 4408 3813 4457 ό
3854 4424 4004 4477 πρω-

2426 4492 2595 4545 τεύων
2627 4494 2724 4561 τῆς
2753 4493 3019 4562 ἐπαρχίας
3044 4494 3227 4559 δώσει,
3251 4490 3366 4566 ἐνῇ
3399 4498 3428 4548 ό
3465 4498 3834 4566 ἐκνικώμενος
3889 4502 4006 4553 διαὶ⁴

2429 4600 2600 4636 κειται
2629 4585 2812 4645 τόπος.
2845 4584 2976 4637 Ἐὰν
2997 4583 3053 4637 δέ
3074 4587 3122 4636 oi.
3153 4589 3280 4654 περὶ
3314 4588 3421 4638 τῶν
3476 4590 3657 4641 τόπων
3710 4590 4001 4659 δικαζόμε-

2426 4676 2679 4726 νοιαὺτοὶ
2714 4675 3068 4738 ἐπιλέξωνται
3103 4676 3386 4743 δικαστὰς,
3441 4677 3473 4747 ἢ
3519 4673 3601 4741 εἷς
3644 4679 4003 4745 ἐπιλεγέσθω,

2427 4764 2590 4831 φησιν
2646 4766 2674 4815 ό
2737 4764 2936 4831 κανὼν,
2969 4765 3000 4834 η
3031 4768 3199 4835 τρεῖς.
3232 4766 3291 4819 El
3339 4768 3442 4835 μὲν
3495 4770 3604 4839 γὰρ
3638 4764 3716 4831 εἷς
3748 4770 4001 4838 imitari,

2425 4859 2492 4925 τῇ
2521 4855 2686 4924 ψήφῳ
2713 4856 2920 4907 ἐκείνου
2944 4857 3164 4925 ἕψονται
3188 4875 3202 4889 ·
3237 4859 3456 4928 αἱρετὸς
3484 4861 3588 4929 γὰρ
3619 4859 3695 4911 ὢν
3743 4860 4005 4930 δικαστὴς

2426 4950 2677 5018 ἐκκλήτῳ
2706 4950 2804 5018 οὐχ
2834 4950 3190 5003 ὑποπεσεῖται
3218 4966 3232 4980 ·
3268 4954 3316 5003 εί
3337 4952 3395 5003 δέ
3420 4954 3567 5020 τρεῖς
3596 4955 3753 5014 είσιν,
3791 4955 3825 5023 ἢ
3863 4955 4005 5021 σύμ-

2425 5040 2598 5109 ψηφοι
2631 5042 2861 5106 Εσονται,
2893 5042 2986 5092 καὶ
3008 5040 3069 5103 ἐξ
3107 5041 3353 5109 ἀνάγκης
3377 5043 3411 5110 ἡ
3438 5040 3617 5110 ψῆφος
3651 5043 3834 5095 αὐτῶν
3864 5061 4006 5113 κρα-

2426 5136 2603 5202 τήσει,
2635 5132 2667 5203 ἢ
2696 5134 3124 5204 μερισθήσονται
3157 5136 3213 5185 αι
3240 5133 3454 5201 γνῶμαι
3499 5134 3697 5200 αὐτῶν,
3746 5134 3821 5198 ὡς
3877 5141 4004 5199 τοὺς

2430 5226 2530 5292 μὲν
2557 5224 2648 5275 δύο
2675 5224 3147 5292 ὁμογνωμονῆσαι,
3186 5226 3276 5276 τὸν
3332 5223 3377 5276 δ’
3410 5224 3594 5292 ἕτερον
3637 5224 3804 5294 ἄλλης
3849 5228 4006 5291 γενέ-

2429 5316 2553 5367 σθαι
2580 5315 3084 5384 βισγνώσεως,“καὶ
3134 5318 3398 5386 κρατήσει
3441 5317 3625 5370 λοιπόν
3682 5317 3789 5369 τῶν
3850 5319 4007 5371 πλει-

2428 5409 2562 5459 όνων
2586 5411 2615 5477 ἡ
2643 5409 2842 5477 ψῆφος.

2420 5553 2427 5559 _
2498 5501 2719 5553 ΑΡΙΣΤ.
2762 5520 2779 5551 ι
2820 5502 2882 5553 Οἱ
2909 5502 3016 5553 τῶν
3050 5502 3360 5571 ἀνηκόντων
3408 5501 3739 5571 ἀμελοῦντες
3798 5504 4009 5573 ὑπομι-

2438 5609 2454 5641 ι
2498 5592 2933 5658 μνησκέσοωσαν
2974 5610 2985 5621 ·
3037 5595 3135 5643 καὶ
3168 5595 3217 5644 εί
3278 5591 3447 5661 μηίἐν
3488 5592 3641 5654 ἐντὸς
3706 5592 3897 5660 μηνῶν
3949 5594 4009 5656 ἒξ

2436 5701 2454 5732 ι
2503 5684 2781 5748 sedeone,
2831 5684 2908 5751 τῷ
2978 5682 3263 5752 δυναμένῳ
3329 5684 3589 5751 κερδΞναι
3662 5686 4008 5753 προσκυρού-

2434 5793 2452 5824 ι
2488 5775 2720 5828 σθωσεν.
2787 5775 2847 5827 ΕΞ
2908 5776 3093 5845 μέντοι
3154 5775 3512 5842 οἰκονομικῶς
3587 5774 4007 5845 κατημέλησαν,
