4224 6440
245 430 351 492 397

1237 422 1319 482 IN
1354 421 1519 486 CAN.
1557 419 1804 481 CXXIII
1844 418 2055 478 CONC.
2095 418 2473 478 CARTHAG.

3356 415 3461 477 398

249 554 270 589 ε
308 536 453 589 ὥστε
497 534 571 603 μὴ
649 528 1036 600 προσερεθίσαι
1063 526 1190 591 τοὺς
1240 526 1636 597 αίρετίζοντας,
1710 528 1803 579 καὶ
1835 532 1878 585 Α
1915 552 1917 567 ι

1791 531 1803 577 t
1835 532 1878 585 Α
1915 543 1933 575 ι
1973 526 2273 589 irritarent,
2324 536 2380 580 et
2412 528 2514 582 hoc
2563 538 2840 597 appareat,
2875 530 3142 599 episcopis
3193 530 3306 584 sive
3360 532 3459 585 da-

246 646 270 680 s
308 626 470 678 τοῦτο
500 621 706 690 δειχθῇ,
751 618 1049 689 κρινόντων
1100 616 1437 683 έπισκόπων,
1464 617 1573 669 τῶν
1628 617 1659 686 ἢ
1719 618 1805 670 δο-

246 732 269 767 ε
316 713 522 767 θέντων
552 710 584 780 ἢ
642 707 1032 773 έπιλεγέντων,
1060 706 1129 774 τῇ
1155 704 1397 776 καθέδρᾳ
1427 705 1635 758 τούτων
1666 707 1806 759 ἁπο-

249 824 272 854 ε
318 800 797 855 καθιστάσθωσαν.
843 815 863 848 s

324 892 603 960 Ἕάνιτ.νες
620 889 727 943 τῶν
754 874 1067 941 tuto-atdva
1088 886 1197 940 τῶν
1214 886 1520 957 ἀνηκόντων
1537 884 1721 938 τόπων
1741 887 1808 954 τῇ

238 985 423 1041 αὐτῶν
448 983 685 1051 καθέδρᾳ
714 979 1051 1049 ἁμελήσωσι,
1079 979 1172 1032 καὶ
1193 978 1631 1047 ὑπομνησθέντες
1657 974 1813 1046 παρὰ

238 1074 354 1127 τῶν
380 1073 734 1140 γειτνιώντων
760 1071 942 1132 αύτοῖς
974 1070 1291 1123 έπισκόπων
1323 1067 1623 1137 έπιμελῶν,
1668 1068 1813 1121 ὥστε

238 1161 588 1231 διεγερθῆναι
616 1160 696 1222 είς
730 1157 792 1211 τδ
840 1158 1110 1219 παντοίως
1165 1156 1403 1211 σπεῦσαι
1443 1157 1571 1218 τοὺς
1631 1158 1811 1209 έκείσε

239 1253 406 1313 ὄντας
434 1249 746 1320 αίρετικοὺς
782 1248 1158 1318 μεταστρέψαι
1191 1248 1328 1317 πρὸς
1347 1247 1449 1318 τὴν
1476 1246 1814 1316 ὀρθοδοξίαν,

243 1346 342 1397 καὶ
376 1343 525 1405 me;
557 1341 744 1410 μηνῶν
794 1336 855 1404 ιε
889 1340 1035 1411 μετὰ
1074 1340 1173 1411 τὴν
1216 1339 1457 1393 αίτίασιν
1539 1337 1694 1390 οὐδέν
1758 1353 1811 1389 τι

242 1434 545 1495 ἁνύσωσιν,
576 1430 700 1485 ἀλλ’
727 1434 787 1485 έν
815 1432 885 1502 τῇ
933 1431 1072 1500 αὐτῇ
1132 1428 1361 1499 μείνωσι
1412 1426 1815 1495 καταφρονήσει

239 1525 341 1577 καὶ
362 1524 607 1594 ῥᾳθυμίᾳ
637 1540 654 1555 ο
683 1524 857 1594 ἑτέρῳ
882 1522 1191 1591 ῑπισκύπῳ,
1248 1518 1327 1589 τῷ
1360 1518 1643 1586 δυναμένῳ
1692 1514 1817 1569 τού-

242 1629 375 1674 τους
400 1614 680 1682 κερδᾶναι,
729 1612 1312 1682 προσκυρωθήσονται.
1369 1610 1433 1662 EI
1483 1606 1667 1678 μέντοι
1696 1606 1815 1659 κατ’

243 1705 564 1773 οἰκονομίας
593 1705 749 1772 λόγον
775 1705 836 1757 ού
867 1704 1232 1772 διανέστησαν
1285 1701 1423 1772 πρὸς
1469 1698 1814 1769 ἐπιμέλειαν,

1914 633 1933 665 ε
1961 618 2029 669 tis
2067 618 2180 670 sive
2201 618 2389 673 electis
2426 618 2736 688 iudicibus,
2801 634 2986 674 eorum
3051 622 3320 677 cathedra
3374 634 3459 674 re-

1913 722 1931 754 ε
1965 705 2273 759 stituantur.
2313 724 2332 756 ι

1982 882 2038 935 Si
2068 883 2159 951 qui
2183 886 2418 953 episcopi
2449 885 2563 939 loca
2594 884 2661 940 ad
2688 899 2816 941 suas
2836 886 3125 944 cathedras
3149 889 3469 957 pertinentia

1915 971 2184 1041 neglectui
2217 974 2523 1041 habuerint,
2566 986 2622 1030 et
2673 991 2705 1030 a
2742 977 2936 1033 vicinis
2968 979 3081 1034 suis
3134 980 3474 1049 diligentibus

1916 1062 2177 1117 admoniti
2211 1064 2498 1134 episcopis,
2533 1074 2589 1119 ut
2614 1080 2822 1120 summa
2846 1082 2948 1137 ope
2971 1069 3272 1125 niterentur
3300 1070 3471 1125 hare-

1916 1155 2072 1219 ticos,
2102 1157 2194 1224 qui
2235 1156 2308 1209 ibi
2348 1166 2495 1219 sunt,
2530 1156 2596 1210 ad
2640 1155 2799 1211 Iidem
2840 1160 3193 1214 orthodoxam
3250 1176 3476 1216 conver-

1914 1253 2053 1311 tere,
2077 1257 2131 1301 et
2170 1248 2309 1300 intra
2351 1262 2445 1301 sex
2484 1262 2702 1303 menses
2730 1262 2853 1317 post
2886 1251 3310 1306 admonitionem
3343 1253 3475 1307 nihil

1914 1339 2136 1393 omnino
2164 1339 2460 1405 ell‘ecerint,
2487 1343 2585 1394 sed
2606 1340 2657 1394 in
2687 1341 2874 1395 eodem
2908 1342 3151 1411 neglectu
3185 1343 3481 1398 manserint

1917 1438 1971 1483 et
2002 1430 2208 1485 desidia
2240 1448 2254 1485 :
2293 1431 2385 1485 alii
2418 1432 2694 1501 episcopo,
2718 1434 2811 1502 qui
2839 1449 2901 1489 ea
2938 1435 3259 1491 lucrifacere
3282 1443 3485 1504 potest,

1919 1519 2318 1589 adjudicentur.
2349 1521 2405 1577 Si
2444 1536 2625 1579 autem
2670 1525 2825 1595 juxta
2873 1528 3361 1584 administrationis
3395 1546 3483 1583 ra-

1916 1611 2142 1676 tionem,
2174 1627 2234 1668 se
2262 1615 2332 1669 ad
2376 1614 2706 1685 diligentiam
2737 1634 2846 1672 non
2894 1620 3202 1675 excitarunt
3246 1636 3311 1675 ne
3346 1621 3485 1674 forte

1920 1704 2208 1762 hereticos
2240 1706 2307 1761 ad
2361 1708 2621 1776 majorem
2682 1710 3013 1780 proritarent
3068 1713 3483 1782 impudentiam,

244 1797 337 1850 ἵνα
377 1797 605 1867 μὴτοὺς
656 1797 966 1866 αἱρετικοὺς
1027 1796 1157 1857 ῐσως
1243 1794 1381 1863 πρὸς
1432 1793 1816 1861 ἀναισχυντίαν
1850 1868 1879 1871 _

1792 1809 1816 1845 ν
1850 1868 1879 1871 _
1922 1793 2014 1847 sed
2049 1803 2107 1849 nt
2134 1795 2249 1866 ipse
2273 1796 2417 1852 ducti
2444 1813 2540 1853 eos
2564 1800 2823 1867 patientia
2866 1803 3048 1871 potius
3074 1810 3130 1856 et
3171 1803 3460 1871 longanimi

249 1890 478 1960 μείζονα
523 1888 869 1956 διεγείρωσιν
897 1903 913 1919 ο
968 1884 1182 1946 ἀλλ’ὡς
1227 1884 1540 1947 έλπίζοντες
1620 1884 1819 1947 αὐτοὺς
1849 1868 1892 1926 Β

1814 1902 1819 1944 ;
1849 1868 1892 1926 Β
1921 1892 2031 1937 tate
2051 1884 2394 1955 lucrifacere,
2426 1890 2773 1957 quieverunt,
2812 1868 3114 1946 et'interim
3144 1893 3234 1947 alii
3263 1868 3482 1961 quidam

246 1979 376 2049 μεθ’
404 1979 683 2048 ὑπομονῆς
717 1977 922 2045 μᾶλλον
950 1976 1044 2028 καὶ
1111 1975 1496 2045 μακροθυμίας
1541 1974 1823 2043 κερδᾶναι,

244 2070 540 2137 ἡσύχασαν
568 2082 586 2098 ⁸
621 2068 715 2118 καὶ
747 2068 806 2116 έν
832 2063 913 2132 τῷ
954 2061 1157 2133 μεταξὺ
1187 2062 1365 2133 ἕτεροί
1392 2079 1536 2125 τινες
1570 2062 1677 2115 τῶν
1703 2064 1823 2115 έπι-

244 2159 473 2211 σκόπων
524 2157 625 2227 τὴν
700 2154 1023 2225 έπιμέλειαν
1104 2153 1286 2207 αὐτῶν
1360 2153 1661 2223 προέλαϐον
1730 2154 1822 2207 καὶ

252 2247 769 2319 προσέκυρώθησαν
809 2249 837 2301 ε
856 2246 1056 2311 κείνοις
1090 2246 1200 2300 τῶν
1226 2246 1520 2316 αίρετικῶν
1539 2248 1587 2300 οί
1641 2246 1819 2311 τύποι,

243 2338 523 2394 καὶτοῦτο
571 2339 784 2409 δειχθῇ,
827 2337 1128 2408 κρινόντων
1191 2337 1530 2403 έπισκόπων,
1600 2336 1709 2391 τῶν
1782 2338 1817 2409 ἢ

246 2432 404 2502 παρὰ
422 2431 518 2484 τοῦ
554 2431 931 2501 πρωτεύοντος
960 2428 1295 2497 δοθέντων,ἢ
1323 2427 1454 2497 παρ’
1489 2428 1819 2501 ἀμφοτέρων

243 2522 355 2577 τῶν
386 2521 706 2573 έπισκόπων
749 2519 1137 2586 έπιλεγέντων,
1164 2518 1240 2581 ὼς
1289 2517 1380 2571 διὰ
1419 2519 1680 2588 τοιαύτην
1737 2522 1819 2575 ol-

1918 1975 2155 2044 episcopi
2187 1976 2525 2045 diligentiam
2557 1994 2743 2035 eorum
2785 1981 3169 2051 anticiparunt,
3230 1994 3285 2037 et
3313 1985 3483 2038 bare-

1921 2064 2154 2119 ticorum
2190 2066 2306 2121 loca
2338 2068 2405 2123 iis
2449 2069 2755 2135 adiudicata
2791 2083 2937 2136 sunt,
2971 2073 3152 2129 ethoc
3179 2075 3477 2136 evincatur,

1914 2156 2284 2225 iudicantibus
2322 2158 2610 2230 episcopis,
2644 2161 2729 2217 vel
2771 2178 2798 2215 a
2830 2163 3066 2231 primate
3121 2164 3282 2225 datis,
3309 2165 3391 2219 vel
3422 2166 3489 2219 ab

1924 2245 2189 2301 ambobus
2215 2248 2484 2320 episcopis
2530 2251 2741 2317 electis,
2785 2254 2927 2322 quod
2962 2264 3182 2323 propter
3213 2254 3372 2308 talem
3414 2255 3491 2308 ni-

1927 2338 2124 2395 mirum
2153 2344 2517 2397 mconomiam
2566 2345 2982 2401 instructionem
3014 2360 3201 2400 eorum
3254 2347 3489 2418 neglige-

1923 2428 2095 2484 bant:
2131 2430 2436 2487 istiusmodi
2473 2434 2591 2490 loca
2626 2435 2901 2493 cathedra:
2965 2451 3152 2495 eorum
3184 2438 3379 2493 iterum
3409 2453 3494 2494 ro-

1928 2522 2250 2581 stituantur.

244 2615 514 2686 κονομίαν
545 2614 645 2683 τῆς
682 2613 1030 2678 διδασκαλίας
1051 2613 1213 2685 δῆθεν
1239 2612 1421 2668 αὐτῶν
1490 2614 1776 2685 ἠμέλησαν
1806 2632 1820 2648 ’
1854 2618 2320 2673 ἀποκαταστῶσιν
2344 2621 2500 2685 αὖθις
2521 2625 2587 2693 τῇ
2611 2622 2853 2693 καθέδρα
2922 2622 3104 2677 αὐτῶν
3147 2625 3197 2676 oi
3263 2623 3493 2677 τοιοῦτοι

241 2711 428 2763 τόποι.

792 2798 1028 2854 ΚΔΝΩΝ
1060 2798 1237 2852 PKI".

328 2912 349 2945 ε
390 2894 517 2946 Ὅτι
558 2893 658 2944 ούκ
689 2891 899 2961 ὀφείλει
933 2890 1045 2960 (39)
1102 2890 1211 2941 τῶν
1269 2888 1680 2957 ἐπιλεγομένων
1742 2888 1819 2939 δι-

250 3004 272 3039 ε
308 2984 536 3039 καστῶν
565 2985 598 3052 ἡ
620 2983 818 3051 γνώμη
834 2980 1258 3045 ἐξουθενασθαι.
1301 2978 1433 3031 ’Δπδ
1446 2978 1503 3030 δὲ
1536 2977 1644 3030 τῶν
1668 2977 1824 3030 δικα-

252 3095 275 3131 ε
324 3076 495 3139 στῶν,
521 3074 629 3128 τῶν
655 3073 801 3126 κατὰ
836 3072 1024 3139 κοινὴν
1071 3072 1382 3124 συναίνεσιν
1439 3069 1823 3136 έπιλεγέντων,

254 3189 274 3223 ε
322 3169 405 3238 μὴ
438 3166 643 3231 nam
676 3162 1047 3219 ἐκκαλεῖσθαι.
1107 3163 1297 3224 Ὅστις
1346 3162 1404 3214 δὲ
1450 3160 1650 3231 δήποτε
1693 3161 1829 3212 ἀπο-

253 3281 273 3313 ε
315 3258 566 3330 δειχθείη
598 3258 690 3312 διὰ
723 3254 1041 3327 μονατονίαν
1080 3252 1155 3324 μὴ
1193 3252 1370 3305 θέλειν
1391 3253 1506 3314 τοῖς
1546 3249 1826 3312 δικασταῖς

249 3371 271 3404 ε
309 3349 713 3420 πειθαρχῆσαι,
759 3345 919 3401 τοῦτο
987 3343 1276 3415 γινώσκων
1355 3342 1385 3394 ὁ
1444 3344 1545 3411 τῆς
1601 3338 1827 3409 πρώτης

255 3460 274 3493 ι
313 3439 600 3509 καθέδρας
627 3439 926 3498 ἐπίσκοπος
953 3436 1115 3488 δώσει
1157 3434 1484 3507 γράμματα,
1550 3430 1691 3484 ὥστε
1721 3446 1828 3499 μη-

253 3549 271 3581 ι
319 3530 453 3583 δένα
483 3528 591 3582 τῶν
626 3527 947 3581 έπισκόπων
989 3523 1138 3594 αύτῷ
1192 3521 1545 3590 κοινωνῆσαι,
1612 3518 1718 3581 ἕως
1764 3510 1827 3571 οὗ

253 3637 273 3670 ε
312 3616 689 3686 πειθαρχήσῃ.
728 3634 747 3666 s

321 3708 526 3760 ΒΑΛΣ.
553 3706 739 3776 Σαφης
767 3707 796 3758 ὁ
838 3702 1040 3758 κανών.
1064 3704 1372 3773 Διορίζεται
1411 3703 1518 3772 γὰρ
1557 3703 1632 3773 μὴ
1660 3703 1829 3754 έκκα-

249 3799 469 3853 λεῖσθαί
509 3816 631 3851 τινα
658 3798 802 3851 κατὰ
832 3797 931 3866 τῆς
962 3795 1148 3866 ψήφου
1173 3794 1280 3847 τῶν
1334 3793 1392 3853 ἐξ
1424 3791 1685 3861 έπιλογῆς
1720 3789 1830 3845 τῶν

255 3890 447 3959 μερῶν
493 3890 830 3951 δικαζόντων
864 3889 1177 3940 ἐπισκόπων
1212 3901 1223 3913 ·
1258 3884 1352 3937 τδν
1381 3884 1437 3936 δέ
1466 3882 1625 3936 τοῦτο
1659 3884 1821 3952 80d)-

254 3998 453 4045 σαντα,
485 3978 860 4049 ἀκοινωνησίᾳ
902 3973 1334 4047 κατακρίνεσθαι
1375 3973 1528 4043 παρὰ
1553 3973 1645 4026 τοῦ
1682 3989 1831 4042 πρωο

252 4072 535 4135 τεύοντος,
564 4071 735 4139 ἠγουν
764 4069 857 4121 τοῦ
880 4067 1301 4138 μητροπολίτου.
1326 4064 1513 4117 Ταῦτα
1544 4062 1638 4117 τοῦ
1670 4062 1835 4116 κανό-

256 4178 345 4225 νος
383 4160 788 4229 ὃιοριζομένου,
813 4158 961 4219 τινὲς
1004 4156 1102 4225 μὲν
1130 4152 1285 4209 εἶπον
1354 4153 1514 4207 τοῦτο
1587 4151 1834 4219 γίνεσθαι

254 4249 577 4311 ικολούθως
604 4248 681 4318 τῷ
705 4248 770 4299 ιθ¹
804 4263 930 4313 κεφ.
956 4244 1050 4298 τοῦ
1079 4244 1123 4313 β’
1149 4244 1334 4295 τίτλου
1369 4241 1464 4294 τοῦ
1520 4239 1563 4303 ζ’
1599 4240 1833 4309 βιϐλίου,

2465 2795 2695 2851 CANON
2731 2796 2966 2853 CXXIII.

1932 2904 1952 2937 ε
1998 2884 2150 2952 Quod
2188 2900 2295 2940 non
2349 2889 2505 2941 debet
2566 2888 2861 2942 electorum
2917 2889 3163 2958 judicum
3224 2890 3493 2943 sententia

2010 2993 2031 3027 ε
2067 2976 2218 3029 nihili
2256 2976 2439 3044 pendi.
2469 2977 2508 3029 Α
2538 2975 2820 3045 judicibus
2856 2987 3062 3043 autem,
3092 2980 3182 3047 qui
3222 2980 3493 3032 communi

2004 3083 2026 3117 ι
2062 3080 2332 3121 consensu
2369 3066 2525 3120 electi
2557 3075 2681 3120 sunt
2715 3082 2823 3121 non
2871 3067 2995 3121 licet
3049 3069 3336 3136 appellare.
3367 3068 3499 3132 Qui-

2010 3173 2032 3208 ι
2066 3170 2280 3225 cunque
2339 3172 2465 3211 vero
2511 3169 2765 3212 ostensus
2815 3156 2981 3212 fuerit
3043 3166 3261 3228 propter
3320 3159 3496 3228 pervi-

2006 3247 2258 3301 ccaciam
2322 3247 2462 3301 nolle
2528 3247 2810 3315 judicibus
2878 3262 3101 3317 parere,
3158 3251 3260 3304 hoc
3319 3250 3499 3305 sciens

2006 3355 2025 3389 ι
2068 3337 2258 3407 prima
2284 3339 2432 3391 sedis
2479 3338 2788 3406 episcopus,
2846 3338 2993 3391 dabit
3032 3340 3265 3401 litteras,
3298 3349 3355 3391 nt
3383 3339 3499 3391 nul-

2011 3443 2030 3479 ι
2064 3428 2145 3483 lus
2185 3430 2233 3482 ei
2273 3428 2555 3497 episcopus
2588 3427 2952 3482 communicet
2977 3429 3151 3483 donec
3179 3430 3440 3497 paruerit.
3470 3446 3490 3480 ι

2005 3690 2202 3746 BALS.
2236 3692 2430 3746 Clarus
2464 3698 2551 3746 est
2576 3704 2774 3746 canon.
2811 3690 3013 3747 Statuit
3036 3694 3201 3757 enim,
3234 3695 3522 3748 netninem'

1935 3781 2209 3851 appellare
2238 3781 2435 3836 debere
2457 3782 2720 3836 adversus
2777 3783 3098 3837 sententiam
3130 3783 3502 3852 episcoporum

1943 3873 2037 3942 qui
2080 3888 2145 3928 ex
2192 3874 2428 3942 partium
2486 3873 2748 3929 electione
2792 3873 3035 3940 judicant
3083 3914 3096 3927 .
3150 3888 3271 3927 eum
3325 3885 3503 3929 autem

1936 3964 2027 4033 qui
2070 3964 2170 4017 hoc
2215 3962 2429 4028 fecerit,
2491 3965 3066 4019 excommunicatione
3102 3964 3504 4020 condeninaria

1936 4059 2166 4126 printate
2210 4070 2304 4111 seu
2362 4055 2804 4123 metmpolitano.
2867 4054 3156 4125 Ηωοιοιιηι
3212 4072 3239 4108 a
3299 4072 3507 4111 canone

1937 4147 2343 4211 decernantur,
2394 4147 2649 4200 dixerunt
2702 4147 2918 4214 quidem
2964 4149 3203 4201 nonnulli
3250 4148 3349 4202 hoc
3394 4148 3508 4203 ﬁeri

1938 4247 2335 4306 consequenter
2374 4238 2536 4306 capiti
2572 4237 2635 4291 l9
2684 4238 2770 4293 tit.
2819 4238 2853 4292 2
2878 4239 2997 4293 libri
3027 4255 3120 4304 \‘ll,
3167 4241 3308 4309 quod
3332 4242 3461 4295 dicit
3493 4260 3506 4271 ·

267 4340 337 4411 »ᾧ
362 4340 583 4407 λέγοντι
615 4354 630 4368 ο
672 4338 733 4391 '0
754 4336 975 4408 αίρετδς
995 4335 1265 4405 δικαστὴς
1301 4335 1364 4386 τδ
1422 4330 1617 4385 δοκοῦν
1687 4330 1837 4402 αὐτῷ

1941 4329 2224 4384 Electitius
2264 4330 2451 4398 judes,
2485 4332 2627 4399 quod
2679 4331 2781 4385 sibi
2825 4332 3059 4394 videtur,
3099 4333 3362 4399 decernit,
3409 4351 3508 4397 nec

256 4431 589 4502 ψηφίζεται,
638 4428 734 4482 καὶ
792 4428 851 4481 οὐ
922 4425 1384 4497 πολυπραγμονεῖ
1435 4421 1536 4494 τὴν
1594 4420 1838 4492 ψῆφονδ

1941 4429 2139 4490 praetor
2169 4420 2333 4475 ullam
2385 4422 2450 4475 de
2485 4421 2603 4484 ejus
2644 4422 2911 4476 sententia
2958 4438 3144 4477 curam
3190 4426 3349 4495 gerit.
3383 4425 3508 4488 Mihi

259 4523 521 4593 πραίτωρ
547 4539 563 4552 ο
604 4521 734 4590 ἐμοὶ
761 4519 819 4573 δὲ
856 4519 1008 4572 δοκεῖ
1038 4518 1114 4588 μὴ
1130 4516 1263 4585 περὶ
1305 4514 1565 4569 τοιούτων
1602 4513 1837 4583 αἱρετῶν
1871 4543 1914 4600 D

1871 4522 2125 4600 Dantem
2165 4513 2398 4576 videtur,
2452 4527 2553 4565 non
2598 4513 2663 4567 de
2726 4514 2999 4582 ejusmodi
3060 4515 3315 4570 electitiis
3367 4519 3508 4586 loqui

254 4612 539 4669 διδάσκειν
565 4614 662 4667 τδν
687 4612 892 4667 κανόνα
916 4627 931 4642 ·
960 4608 1187 4673 τούτους
1214 4608 1325 4677 γὰρ
1349 4608 1494 4671 δόσις
1526 4605 1834 4677 προστίμου

256 4706 558 4774 καθίστησι
612 4702 902 4765 δικαστὰς,
974 4700 1197 4756 ίδιώτας
1253 4700 1451 4762 ὂντας·
1507 4698 1644 4751 ἀλλὰ
1704 4694 1835 4766 περὶ

257 4798 582 4850 έπισκόπων
614 4793 851 4864 ἑχόντων
908 4790 1299 4845 δικαιοδοσίαν.
1357 4787 1513 4842 Εῐναι
1551 4788 1612 4842 δι
1663 4787 1834 4843 ιδικδν

254 4887 423 4940 τοῦτο
454 4888 536 4949 είς
559 4885 658 4949 τὰς
688 4882 1153 4954 ἑκκλησιαστικὰς
1177 4881 1468 4943 ὑποθέσεις
1517 4879 1612 4933 καὶ
1640 4881 1832 4949 μόνας,

256 4977 453 5045 ὥσπερ
495 4976 591 5029 καὶ
612 4974 751 5028 ἄλλα
805 4973 998 5028 πολλὰ.
1061 4975 1124 5024 Οί
1178 4971 1292 5042 γὰρ
1356 4971 1631 5024 πολιτικοὶ
1679 4968 1835 5038 νόμοι

1942 4620 2240 4673 canonent;
2266 4620 2441 4673 pmnae
2462 4606 2607 4661 enim
2644 4607 2791 4660 datio
2834 4621 2928 4661 eos
2968 4607 3183 4677 judices
3208 4611 3509 4672 constituit,

1944 4713 2064 4752 cum
2094 4699 2203 4753 sint
2230 4699 2461 4776 privati,
2497 4698 2590 4754 sed
2633 4699 2699 4753 de
2742 4699 3033 4767 episcopis,
3076 4701 3166 4768 qui
3204 4702 3401 4755 habent
3428 4703 3513 4771 jn-

1946 4790 2365 4844 risdictionem:
2430 4804 2550 4845 esse
2605 4799 2785 4844 autem
2847 4791 2948 4845 hoc
3013 4791 3506 4846 ecclesiasticarum

1941 4895 2253 4945 causarum,
2286 4896 2585 4950 earumque
2631 4880 2869 4935 solarum
2933 4882 3231 4951 proprium,
3289 4883 3430 4937 sicut
3460 4896 3514 4938 et

1946 4972 2115 5027 multa
2176 4972 2304 5025 alia.
2366 4970 2536 5041 Leges
2585 4972 2731 5026 enim
2765 4971 2956 5026 civiles
3005 4973 3074 5026 ab
3121 4974 3269 5028 omni
3331 4976 3514 5044 judice

260 5068 408 5122 κατὰ
437 5064 644 5128 παντὸς
673 5063 938 5118 δικαστοῦ
986 5063 1345 5117 έκκαλείσθαι
1386 5060 1720 5133 έκχωροῦσι,
1740 5060 1843 5115 κᾶν

1841 5080 1843 5096 ν
1946 5062 2220 5131 appellare
2247 5063 2583 5130 permittunt,
2612 5063 2823 5117 etiamsi
2888 5062 3009 5132 quis
3036 5079 3100 5117 ex
3132 5064 3365 5131 partium
3395 5069 3509 5124 ele-

259 5158 320 5225 έε
353 5156 617 5226 ὶπιλογῆς
642 5154 753 5209 τῶν
779 5156 963 5226 μερῶν
984 5154 1223 5225 κατέστη
1254 5170 1341 5217 τις
1365 5153 1652 5225 δικαστής.

331 5246 581 5303 ΖΩΝΔΡ,
648 5247 777 5301 Ἐὰν
854 5245 1000 5299 κατὰ
1046 5246 1235 5317 κοινὴν
1291 5246 1521 5318 γνώμην
1582 5253 1632 5304 oi
1685 5251 1845 5323 δίκην

1943 5156 2124 5210 ctione
2151 5155 2482 5208 constitutus
2518 5153 2701 5208 fuerit.

2013 5243 2270 5299 ZONAR.
2297 5242 2353 5297 Si
2394 5244 2604 5314 judices
2627 5244 2900 5297 communi
2928 5259 3193 5300 consensu
3224 5246 3507 5316 elegerint,

266 5341 491 5413 έχοντες
518 5338 659 5407 πρὸς
692 5336 960 5408 ἀλλήλους
994 5338 1379 5409 αίρετίσωνται
1420 5339 1710 5405 δικαστὰς,
1740 5344 1842 5397 οὐκ

1944 5340 2032 5409 qui
2067 5339 2311 5409 litigant;
2344 5337 2424 5392 eis
2455 5338 2522 5391 ab
2564 5338 2777 5391 illorum
2828 5339 3097 5391 sententia
3134 5338 3201 5393 ad
3255 5340 3390 5396 alios
3422 5342 3513 5411 ju-

1500 5435 1668 5498 Guil.
1700 5437 2035 5518 Beveregii
2068 5443 2257 5497 noue.

338 5535 603 5607 (59"017‘
627 5532 1011 5607 abnegatam.
1042 5531 1125 5607 Ad
1168 5533 1315 5607 hunc
1359 5533 1523 5607 etiam
1574 5550 1840 5607 canonem
1950 5540 2061 5592 suis
2091 5554 2194 5591 non
2218 5537 2600 5607 obtemperant,
2642 5541 2691 5587 et
2718 5532 2783 5586 de
2808 5532 3063 5607 episcopis
3087 5549 3202 5607 non
3258 5538 3517 5604 recipies-

271 5609 325 5662 in
346 5602 546 5661 codice
572 5602 1011 5657 Amerbacliiano
1037 5605 1141 5658 sub
1196 5604 1395 5658 scholii
1448 5606 1670 5660 nomine
1721 5608 1837 5661 haec

262 5678 542 5745 logUntur,
568 5672 843 5745 ﬂepljcthv
864 5674 953 5745 μὴ
980 5673 1437 5745 πειθαρχούντωνο
1476 5678 1586 5738 τοῖς
1613 5678 1835 5741 οίκείοις

262 5743 609 5807 έτὲισκόποις,
640 5743 735 5813 κα).
756 5744 885 5812 περὶ
904 5743 1222 5795 ἐπισκόπων
1262 5748 1338 5813 μὴ
1371 5744 1676 5813 δεχομένων
1707 5749 1833 5809 τοὺς

262 5811 734 5882 ἁποόληθένταςῆ
776 5811 1198 5880 ἀκοινωνήτους.
1237 5811 1538 5879 ἱππίου
1577 5817 1829 5878 episcopis

1947 5610 2087 5662 tibus
2139 5609 2331 5677 ejectos
2377 5605 2456 5659 ecl
2514 5604 3020 5659 excommunicatos.
3087 5601 3283 5677 verum
3342 5601 3518 5676 neque

1943 5673 2272 5804 itocdscliolii
2316 5690 2513 5732 nomen
2570 5682 2829 5739 meretur,
2889 5687 3067 5743 neque
3145 5673 3270 5729 huic
3324 5673 3523 5734 cationi

1943 5764 2048 5804 nua
2090 5758 2194 5803 rat.

1939 5764 2194 5819 quaerat.
