4224 6440
759 364 860 427 399

1997 357 2265 419 THEOD.
2311 348 2706 418 BALSAMON

3870 348 3976 413 ιοο

759 473 904 525 dices
953 466 1276 537 provocandi
1330 480 1433 521 non
1469 466 1689 520 dabitur
1725 465 1976 520 facultas.
2012 466 2164 532 Quod
2222 467 2303 520 lex
2339 473 2383 529 Α
2413 467 2427 518 l

2297 484 2303 520 :
2339 473 2383 529 Α
2413 466 2625 530 ἐξέσται
2657 465 2838 525 αὐτοῖς
2869 460 3218 517 ἐκκαλεῖσθαι
3264 461 3405 518 κατὰ
3427 461 3522 534 τῆς
3552 461 3735 533 ψήφου
3765 463 3965 516 αὐτῶν.

758 556 968 629 quoque
993 558 1167 613 civilis
1192 556 1286 611 lib.
1332 571 1423 621 vn,
1458 556 1540 610 tit.
1572 556 1604 610 '5
1649 571 1749 624 cap
1797 555 1829 609 9
1877 554 2085 610 Basilic.
2118 560 2189 610 ita
2220 557 2312 611 de-

761 650 955 715 cernit,
996 650 1182 703 dicens
1212 667 1225 701 :
1284 647 1566 701 Electitius
1601 646 1763 715 judex
1794 660 1855 700 ex
1895 662 2046 715 arqno
2070 658 2123 700 et
2153 649 2311 709 bono,

756 742 899 810 quod
938 740 1037 795 sibi
1089 740 1322 803 videtur,
1372 739 1592 803 statuit;
1637 752 1806 806 neque
1838 738 1889 791 in
1936 738 2047 805 ejus
2082 750 2314 791 senten—

761 835 890 887 tiam
932 832 1147 887 curiose
1178 843 1370 899 prretor
1406 829 1646 896 inquirit.
1687 827 1835 893 Quod
1868 842 1994 881 vero
2047 828 2195 879 addit
2225 842 2313 880 ca-

764 921 892 987 non,
946 921 1207 990 ejusmodi
1239 929 1353 984 est,
1414 930 1469 972 nt
1518 919 1560 972 si
1602 919 1723 985 quis
1756 918 2027 980 nimirum,
2062 918 2140 970 sui
2176 917 2311 983 juris

759 1030 823 1067 ac
853 1012 1135 1067 sententiae
1167 1010 1391 1062 nimium
1422 1019 1580 1062 tenax
1614 1016 1771 1076 atque
1804 1006 2139 1075 pra‘l'ractus,
2168 1007 2311 1071 judi-

758 1104 911 1157 cibus
944 1115 1048 1154 non
1087 1100 1327 1163 obediat,
1359 1097 1541 1166 prima
1571 1096 1715 1151 sedis
1757 1096 2037 1163 episc0pns
2089 1095 2311 1162 reliquis

758 1190 1024 1262 episcopis
1056 1189 1248 1242 litteris
1275 1187 1572 1249 denuntiet,
1602 1193 1660 1240 ut
1689 1185 1757 1239 ab
1778 1184 1891 1251 ejus
1915 1185 2306 1248 communione,

758 1280 1015 1348 quamdiu
1048 1279 1136 1332 ille
1158 1292 1345 1345 parere
1373 1278 1722 1338 recusaverit,
1756 1274 2078 1327 abstineant.

755 1374 921 1444 658
954 1369 1174 1424 AlllST.
1232 1386 1251 1419 ε
1289 1366 1457 1421 Judex
1502 1368 1569 1419 ab
1612 1366 1868 1417 ambabus
1936 1362 2175 1432 partibus
2202 1362 2311 1416 ειη-

1097 1477 1116 1510 ε
1153 1467 1271 1511 ctus
1311 1455 1540 1509 recusari
1578 1467 1679 1505 non
1720 1460 1910 1517 potest.
1946 1472 1965 1502 ι

834 1555 946 1608 Nec
1003 1550 1237 1621 epismpi
1308 1562 1405 1600 nec
1463 1545 1644 1598 clerici
1706 1543 1977 1597 communi
2043 1556 2327 1596 consensu-

760 1647 1041 1714 episropns
1065 1640 1273 1709 judices
1312 1636 1592 1702 eligentes,
1624 1642 1677 1686 et
1726 1634 1792 1685 ab
1815 1631 2139 1699 iisjndicati,
2175 1646 2305 1685 con-

2415 558 2587 610 Τοῦτο
2620 556 2674 608 δέ
2700 554 2794 607 καὶ
2840 555 2869 607 6
2918 554 3199 617 πολιτικὸς
3244 553 3406 624 νόμος
3432 552 3577 606 οὕτω
3620 553 3864 616 θεσπίζει
3912 555 3969 606 ἐν

2416 645 2607 717 βιϐλίῳ
2630 643 2697 708 ζ’,
2725 643 2890 713 τίτλῳ
2916 643 2963 713 β’
3002 644 3196 713 κεφαλ.
3249 642 3313 697 ιθ⁹
3381 642 3591 711 λέγων’
3636 641 3698 696 '0
3749 644 3970 713 αίρετδς

2414 736 2673 805 δικαστὴς
2696 736 2758 788 τδ
2778 734 2971 788 δοκοῦν
2995 734 3145 801 αὑτῷ
3167 734 3484 803 ψηφίζεται,
3544 734 3639 786 καὶ
3687 733 3750 786 οὐ
3806 732 3972 785 πολυ-

2416 828 2729 897 πραγμονεῖ
2760 825 2859 896 τὴν
2910 825 3092 893 ψῆφον
3134 827 3163 878 6
3200 825 3468 896 πραίτωρ.
3529 818 3662 875 Εἶτα
3697 823 3894 887 ἐπάτει
3945 823 3973 874 6

2414 916 2595 969 κανών
2618 933 2629 947 ’
2667 917 2858 978 Ὅστις
2880 914 2939 967 δέ
2967 916 3056 969 διά
3095 917 3434 984 μονοτονίαν,
3490 915 3663 981 ἧγουν
3746 916 3969 981 ίσχυρο-

2414 1006 2773 1077 γνωμοσύνην
2839 1006 2873 1075 ἢ
2939 1005 3339 1074 ἀναισχυντίαν,
3387 1005 3446 1056 οὐ
3501 1004 3785 1071 πειθαρχεῖ
3862 1003 3974 1061 τοῖς

2421 1097 2729 1159 δικασταῖς,
2801 1097 2829 1147 6
2883 1098 2983 1165 τῆς
3054 1096 3273 1164 πρώτης
3354 1092 3621 1161 καθέδρας
3673 1092 3973 1152 ἐπίσκοπος

2412 1187 2703 1240 ἐντελεῖται
2759 1185 2848 1240 διὰ
2930 1185 3273 1255 γραμμάτων
3332 1186 3445 1247 τοῖς
3509 1184 3832 1245 ἐπισκόποις
3893 1181 3973 1251 μὴ

2411 1277 2839 1346 συγκοινωνῆσαι
2879 1275 3049 1345 αὐτῷ,
3103 1276 3206 1339 ἕως
3257 1270 3321 1329 οὗ
3356 1275 3757 1345 πειθαρχήσῃ..

2408 1367 2633 1420 ΔΡΙΣΤ.
2665 1385 2685 1420 s
2730 1366 2789 1420 '0
2819 1367 2883 1419 ἐκ
2912 1366 3019 1420 τῶν
3073 1365 3167 1419 δύο
3233 1365 3416 1435 μερῶν
3469 1364 3712 1435 αίρεθεὶς
3779 1364 3975 1434 κριτὴς

2917 1472 2937 1506 ε
2972 1454 3422 1524 ἀπαράγραπτος.
3462 1472 3479 1503 ι

2480 1544 2615 1599 Οὔτε
2639 1544 2928 1600 ἐπίσκοποι
2965 1546 3090 1599 οὔτε
3111 1545 3383 1615 κληρικοὶ,
3439 1545 3580 1598 κατά
3634 1540 3821 1612 κοινὴν
3848 1557 3976 1593 συν-

2409 1633 2616 1687 αίνεσιν
2648 1634 2908 1697 δικαστὰς
2935 1634 3264 1697 ἐπισκόπους
3289 1630 3689 1699 ἐπιλεξάμενοι.
3719 1632 3815 1684 καὶ
3846 1629 3979 1699 παρ’

762 1751 840 1793 tra
886 1750 1071 1790 eorum
1112 1732 1430 1786 sententiam
1470 1724 1737 1795 appellare
1797 1731 2014 1791 possunt
2062 1738 2076 1774 :
2114 1731 2168 1775 et
2208 1721 2306 1775 hoc
2408 1739 2430 1776 ε

2305 1741 2306 1769 1
2408 1725 2592 1786 αὐτοῖς
2666 1722 2968 1793 κριθέντες,
3032 1724 3172 1777 κατὰ
3245 1721 3345 1789 τῆς
3409 1722 3735 1788 ἀποφάσεως
3790 1720 3973 1771 αὐτᾶν

758 1844 863 1882 non
898 1827 987 1879 liic
1045 1834 1273 1886 tantum,
1311 1822 1403 1875 sed
1452 1829 1505 1873 et
1551 1817 1604 1871 in
1648 1814 1765 1869 aliis
1817 1811 2092 1882 praesentis
2124 1811 2310 1881 synodi
2340 1797 2426 1868 Bt

2308 1851 2310 1863 ι
2340 1797 2385 1856 Β
2413 1815 2667 1870 δύνανται
2693 1814 3039 1868 ἐκκαλεῖσθαι
3065 1830 3080 1844 ·
3115 1814 3207 1866 καὶ
3237 1812 3393 1866 τοῦτο
3420 1813 3519 1864 οὐκ
3583 1810 3817 1863 ἐνταῦθα
3871 1808 3976 1878 μό-

755 1917 1053 1974 canonibus
1081 1916 1355 1969 decretum
1378 1912 1495 1966 fuit.

1292 2088 1518 2146 CANON
1541 2086 1778 2143 CXXIV.

764 2202 783 2238 ι
831 2184 1206 2253 Utepiscopus
1237 2181 1329 2251 qui
1379 2180 1647 2250 prapriam
1679 2176 1951 2231 ditesesim
1993 2169 2310 2234 contemnit,

840 2292 860 2326 ε
892 2274 1135 2345 privetur
1165 2270 1562 2325 communione.
1597 2266 1651 2321 Si
1682 2266 1735 2319 in
1786 2261 2082 2319 matriculis
2110 2274 2204 2313 seu
2258 2258 2311 2310 in

840 2380 859 2415 ε
893 2359 1161 2415 cathedris
1190 2357 1477 2427 episc0pus
1525 2353 1797 2423 negligens
1848 2348 2008 2404 fuerit
2057 2346 2312 2399 adversus

839 2471 859 2505 ι
896 2450 1203 2515 haereticos,
1262 2449 1671 2500 admoneatura
1724 2440 1916 2493 vicinis
1973 2434 2315 2505 diligentibus

841 2557 864 2594 ι
899 2537 1205 2607 episcopis:
1238 2542 1293 2588 et
1338 2532 1385 2587 ei
1430 2530 1645 2600 propria
1698 2526 2012 2582 ostendatur
2044 2519 2313 2591 negligen-

834 2648 860 2683 s
901 2633 997 2694 tia,
1031 2628 1097 2683 ad
1154 2627 1255 2681 hoc
1279 2638 1345 2679 ne
1367 2620 1767 2677 excusationem
1803 2614 2022 2670 habeat.
2053 2611 2109 2666 Si
2136 2619 2313 2663 autem

843 2738 865 2773 ε
906 2734 936 2775 a
971 2732 1079 2790 quo
1105 2718 1189 2771 die
1204 2713 1565 2771 commonitus
1597 2708 1781 2775 fuerit,
1801 2706 1945 2761 intra
1977 2719 2071 2761 sex
2105 2713 2317 2757 menses

859 2830 879 2863 ι
923 2810 975 2864 in
1002 2807 1190 2864 eadem
1225 2804 1499 2875 provincia
1538 2802 1738 2871 degens
1764 2840 1779 2866 ,
1834 2812 1939 2852 non
1987 2811 2193 2857 eorum,
2224 2792 2315 2863 qui

850 2919 875 2952 τ
912 2897 1107 2954 debent
1132 2895 1198 2949 ad
1222 2891 1540 2949 catholicam
1573 2889 1826 2943 unionem
1847 2885 2109 2949 converti,
2128 2895 2311 2938 curam

852 3011 873 3045 ι
898 2989 1118 3063 gesserit
1147 3004 1160 3042 :
1184 3001 1303 3041 cum
1323 2998 1392 3039 eo
1415 2997 1524 3037 non
1574 2979 2020 3041 oommunicetur,
2055 2974 2225 3029 donec
2258 2972 2311 3027 id

849 3103 871 3136 ε
915 3078 1237 3151 impleverit.
1270 3076 1328 3131 Si
1355 3082 1531 3129 autem
1560 3080 1845 3125 exsecutor
1866 3067 1920 3121 in
1948 3068 2012 3122 iis
2045 3066 2177 3122 locis
2208 3078 2314 3118 non

855 3193 872 3228 ι
910 3172 1161 3237 adfuerit,
1194 3169 1443 3240 episcopo
1470 3178 1536 3221 ne
1571 3160 1963 3220 adscribatur.»

832 3440 1023 3497 BALS.
1057 3439 1116 3494 ln
1144 3448 1348 3494 canone
1382 3433 1477 3488 121
1542 3431 1676 3488 satis
1727 3423 2040 3497 scripsimus
2085 3424 2151 3480 de
2204 3421 2318 3491 epi-

767 3537 944 3603 scopis
991 3532 1080 3601 qui
1133 3529 1330 3583 nullam
1363 3539 1545 3579 curam
1589 3529 1779 3592 gerunt
1807 3519 2163 3574 docendorum
2188 3528 2317 3570 suo-

766 3639 885 3678 rum
915 3623 1233 3692 populorum
1270 3634 1286 3675 :
1321 3616 1385 3670 de
1411 3614 1603 3682 quibus
1630 3624 1865 3680 praesens
1906 3621 2116 3676 quoque
2146 3619 2317 3659 canon

762 3715 912 3776 dicit,
972 3709 1242 3777 adjiciens
1302 3709 1698 3770 consequenter
1748 3699 1945 3753 canoni
2001 3694 2318 3765 apostolico,

760 3796 1301 3857 excommunicationi
1357 3792 1551 3861 subjici
1602 3805 1699 3845 eos
1739 3790 1827 3857 qni
1880 3798 1999 3858 post
2039 3786 2320 3841 denuntia-

767 3896 967 3945 tionem
1002 3888 1126 3942 illos
1149 3887 1341 3939 docere
1362 3881 1663 3951 negligunt,
1698 3879 1787 3948 qui
1814 3878 1867 3930 in
1895 3876 2192 3929 matriculis
2221 3888 2317 3928 seu

763 3982 903 4034 inter
961 3969 1339 4033 catliedrartim
1395 3984 1617 4025 suarum
1671 3977 1761 4022 aut
1806 3965 2155 4021 ecclesiarum
2196 3962 2316 4031 jura

761 4081 905 4133 sunt,
972 4067 1275 4121 haereticos.
1331 4062 1386 4115 Si
1428 4072 1607 4114 autem
1661 4065 1964 4119 exsecutor,
2024 4054 2217 4122 inquit,
2250 4054 2316 4107 ab

761 4161 1012 4230 episcopo
1042 4154 1369 4217 admonitus,
1400 4162 1456 4205 ut
1486 4148 1551 4204 ad
1584 4149 1756 4203 locum
1786 4147 2089 4210 accederet,
2117 4153 2169 4198 et
2202 4144 2315 4197 lia:-

764 4251 959 4304 rcticos
991 4255 1225 4309 voearet,
1281 4243 1383 4297 hoc
1414 4256 1520 4295 non
1575 4238 1802 4302 fecerit,
1840 4236 2013 4305 culpa-
2051 4251 2154 4288 non
2215 4233 2317 4286 erit

764 4340 937 4395 amnis
962 4340 1262 4407 episcopus.
1299 4334 1391 4387 Est
1420 4332 1561 4386 enim
1593 4331 1695 4383 hoc
1722 4342 1937 4397 quoque
1984 4324 2320 4379 rationabilis

2410 1919 2522 1966 νον,
2553 1901 2688 1954 ἀλλὰ
2706 1902 2797 1955 καὶ
2826 1903 2882 1954 ἐν
2914 1901 3118 1971 ἐτέροις
3149 1901 3334 1955 κανόσι
3368 1903 3465 1970 τῆς
3509 1898 3787 1968 παρούσης
3818 1896 3975 1950 συνό-

2410 1994 2502 2047 δου
2528 1992 2763 2063 ὡρίσθη.

2950 2084 3185 2140 KANQN
3211 2082 3381 2139 PKA'.

2417 2189 2440 2228 ε
2477 2174 2639 2228 Ὥστε
2677 2176 2769 2229 τὸν
2836 2175 3282 2245 καταφρονοῦντα
3335 2177 3433 2242 τῆς
3485 2173 3621 2236 ίδῖας
3653 2172 3977 2241 διοικήσεως

2491 2282 2511 2317 ε
2559 2266 2855 2319 ἐπίσκοπον
2885 2266 3193 2336 στερεῖσθαι
3218 2265 3317 2334 τῆς
3371 2264 3681 2325 κοινωνίας.
3741 2262 3870 2315 Ἐάν
3912 2262 3973 2313 ἐν

2492 2374 2508 2408 ι
2554 2358 2665 2421 τοϊς
2696 2356 3024 2426 ματρικίοις,
3060 2357 3229 2427 ἦγουν
3253 2358 3312 2409 ἐν
3342 2354 3466 2416 ταῖς
3501 2353 3824 2424 καθέδραις,
3860 2353 3976 2406 ἐπί·

2490 2465 2508 2498 ε
2553 2464 2753 2510 σκοπος
2778 2448 2986 2517 ἀμελὴς
3013 2448 3235 2518 γένηται
3284 2450 3427 2504 κατά
3484 2448 3594 2501 τῶν
3656 2443 3977 2515 αίρετικῶν,

2491 2554 2509 2588 ε
2550 2536 2925 2607 ὑπόμνησθείη
2971 2537 3079 2591 ἀπὸ
3106 2538 3469 2605 γειτνιώντων
3515 2538 3832 2591 ἐπισκόπων
3856 2539 3978 2589 ἐπι-

2493 2646 2510 2681 ι
2560 2629 2760 2698 μελῶν,
2788 2618 2886 2682 καὶ
2921 2629 3267 2700 ὁποδειχθείη
3299 2630 3452 2700 αὑτῷ
3485 2632 3518 2697 ἡ
3575 2630 3681 2683 ίδία
3708 2626 3978 2698 περιφρό-

2493 2738 2512 2772 ε
2555 2735 2709 2789 νησις
2746 2720 2882 2789 πρὸς
2910 2720 2971 2771 τὸ
3004 2728 3082 2791 μη
3120 2720 3261 2789 ἔχειν
3289 2720 3605 2789 ἀπολογίαν.
3640 2720 3764 2771 Ἐὰν
3797 2718 3856 2770 δέ
3883 2716 3979 2785 ἀφ’

2495 2828 2513 2862 ι
2549 2805 2616 2881 ἦς
2656 2811 2867 2881 ἡμέρας
2902 2810 3250 2880 ὑπομνησθῇ,
3288 2812 3440 2872 ἐντὸς
3474 2810 3659 2881 μηνῶν
3703 2808 3762 2875 ἐξ
3800 2810 3858 2860 ἐν
3896 2810 3964 2876 τῇ

2499 2923 2517 2956 ι
2558 2905 2695 2975 αὐτῇ
2726 2904 2963 2975 ἐπαρχίᾳ
2985 2904 3211 2973 διάγων,
3247 2903 3321 2974 μὴ
3346 2903 3454 2956 τῶν
3478 2902 3806 2971 ὀφειλόντων
3838 2901 3979 2971 πρὸς

2496 3014 2515 3048 s
2553 2999 2651 3066 τὴν
2711 2996 3003 3069 καθολικὴν
3080 2997 3306 3067 ἐνότητα
3386 2996 3789 3067 διαστραφῆναι
3883 2992 3984 3062 τὴν

2497 3106 2517 3141 ε
2558 3088 2818 3157 φροντίδα
2870 3089 3209 3157 ποιήσηται·
3251 3087 3328 3159 τῷ
3359 3086 3585 3157 τοιούτῳ
3640 3086 3718 3156 μὴ
3755 3102 3984 3153 συγκοι-

2495 3197 2514 3230 ‹
2556 3179 2788 3249 νωνηθῇ,
2822 3180 2924 3241 ῑως
2960 3175 3021 3234 οὗ
3072 3180 3227 3231 τοῦτο
3254 3177 3538 3249 πληρώσῃ.
3571 3178 3633 3231 El
3670 3177 3725 3231 δέ
3758 3179 3786 3230 6
3822 3176 3983 3241 ἐπεξ-

2499 3289 2519 3321 s
2556 3269 2826 3339 εργαστὴς
2887 3271 2965 3331 είς
2996 3270 3121 3331 τοὺς
3180 3268 3376 3335 αὐτοὺς
3407 3269 3607 3330 τόπους
3664 3267 3739 3337 μὴ
3804 3282 3983 3337 παρα-

2494 3380 2511 3413 ι
2552 3360 2794 3430 γένηται,
2825 3358 2899 3427 τῷ
2917 3358 3203 3427 ἐπισκόπῳ
3230 3358 3305 3428 μὴ
3341 3360 3643 3429 ἐπιγραφῇ.
3678 3356 3697 3409 ἱ

2488 3452 2683 3505 ΒΑΛΣ.
2728 3451 2815 3503 Ἐν
2843 3449 2919 3520 τῷ
2948 3447 3070 3518 ρκα¹
3099 3450 3283 3502 κανόνι
3324 3450 3632 3520 ἀρκούντως
3658 3448 3986 3517 ἐγράψαμεν

2421 3545 2549 3612 περὶ
2580 3541 2688 3593 τών
2723 3541 3068 3610 ἀμελούντων
3095 3541 3414 3593 ἐπισκόπων
3475 3541 3575 3610 τῆς
3629 3540 3985 3602 διδασκαλίας

2420 3634 2528 3687 τῶν
2563 3634 2656 3686 ὑπ’
2690 3632 2887 3693 αὐτοὺς
2921 3630 3065 3683 λαῶν
3091 3647 3106 3662 ο
3144 3632 3275 3700 περὶ
3319 3625 3393 3684 ὧν
3444 3631 3538 3683 καὶ
3582 3628 3773 3699 παρὼν
3806 3629 3989 3681 κανών

2426 3735 2582 3787 φησι,
2648 3718 3072 3787 προστιθέμενος
3156 3718 3463 3781 ἀκολούθως
3515 3717 3593 3786 τῷ
3646 3717 3989 3786 ἀποστολικῷ

2421 3810 2605 3861 κανόνι
2624 3808 2913 3877 ἀφορισμῷ
2931 3809 3322 3876 ἀκοινωνησίας
3341 3807 3849 3861 καθυποεάλλεσθαι
3864 3808 3989 3868 τοὺς

2422 3898 2559 3964 μετᾶ
2591 3897 2964 3966 παραγγελίαν
2988 3895 3325 3966 ἀμελοῦντας
3377 3897 3470 3949 τοῦ
3504 3897 3780 3949 δ.δίσκειν
3853 3894 3983 3957 τοὺς

2422 3990 2481 4040 ἐν
2537 3992 2650 4050 τοῖς
2688 3988 3020 4058 ματρικίοις,
3056 3988 3223 4057 ήγουν
3244 3990 3356 4049 τοῖς
3384 3986 3612 4049 δικαίοις
3660 3985 3767 4037 τών
3823 3986 3976 4037 καθε-

2419 4077 2559 4147 δρῶν
2585 4077 2703 4147 ἦτοι
2730 4078 2839 4131 τῶν
2874 4078 3185 4147 ἐκκλησιῶν
3213 4076 3414 4141 αὐτῶν,
3441 4076 3606 4139 όντας
3641 4077 3982 4146 αῐρετικοὺς.

2422 4164 2483 4217 Εί
2521 4166 2597 4228 δὲ,
2626 4166 2812 4235 φησιν,
2843 4168 2870 4218 6
2898 4167 3327 4234 ἐπεξεργαστὴς,
3360 4166 3685 4234 ἐπιτραπεὶς
3717 4167 3871 4234 παρὰ
3893 4166 3983 4217 τοῦ

2422 4254 2727 4306 ἐπισκόπου
2758 4254 2899 4308 κατὰ
2931 4257 3094 4307 τόπον
3125 4254 3422 4323 ἀφικέσθαι
3471 4254 3564 4305 καὶ
3610 4254 3983 4321 μετακαλέσα-

2425 4345 2551 4397 σθαι
2580 4345 2708 4407 τοὺς
2736 4346 3067 4415 αίρετικοὺς,
3110 4345 3171 4398 οὐ
3206 4346 3424 4414 ποιήσει
3452 4344 3632 4407 τοῦτο,
3669 4345 3988 4397 ἀηταιτὶα-

764 4446 945 4493 causa,
983 4431 1123 4485 sicut
1153 4425 1345 4489 morbi,
1387 4434 1439 4477 et
1468 4429 1697 4476 catena.
1742 4418 1832 4472 Est
1863 4426 2042 4470 autem
2089 4430 2315 4469 exsecu-
2349 4451 2432 4510 Β.

2349 4451 2401 4510 D
2426 4451 2515 4497 τος
2541 4435 2694 4488 ἔσται
2722 4435 3089 4498 όέπίσκοπος.
3132 4436 3288 4487 Ἐστι
3324 4436 3432 4502 γαρ
3481 4437 3578 4486 καὶ
3637 4434 3797 4486 τοῦτο
3833 4435 3983 4485 alsia

768 4535 872 4585 tor,
902 4521 984 4572 vel
1017 4518 1249 4584 regionis
1293 4515 1582 4574 exarcbus,
1635 4511 1725 4579 qui
1769 4508 1893 4561 talia
1948 4505 2320 4570 administrat,

767 4609 848 4661 vel
874 4609 1217 4675 magisu'utus
1246 4601 1501 4671 regionis,
1528 4598 1618 4667 qui
1650 4599 1699 4650 in
1730 4601 1897 4649 rebus
1921 4593 2188 4661 ejusmodi
2232 4608 2328 4646 nec

766 4713 918 4753 cesse
967 4696 1126 4750 habet
1176 4693 1429 4763 episcopo
1478 4704 1632 4757 Opem
1668 4678 1843 4749 l'c’rre,
1879 4696 1931 4738 et
1966 4686 2137 4749 magis
2164 4699 2325 4751 quam

769 4788 1017 4844 delensor
1068 4784 1319 4854 regionis,
1378 4783 1441 4835 de
1492 4793 1600 4848 quo
1651 4778 1827 4843 agitur
1876 4778 1927 4832 in
1978 4773 2328 4841 nonagesimo

768 4880 996 4947 septimo
1030 4888 1233 4928 canone
1272 4871 1551 4941 praesentis
1584 4869 1798 4937 synodi.

844 5074 1090 5132 ZONAR.
1128 5071 1265 5128 Suos
1293 5072 1571 5141 episcopos
1604 5066 1893 5123 Donatista:
1924 5077 2135 5135 quoque
2166 5061 2331 5115 liabe-

774 5170 922 5228 liant,
947 5177 1179 5233 suasque
1212 5159 1544 5223 matriculas,
1566 5158 1665 5211 hoc
1687 5166 1768 5211 est
1800 5156 2030 5218 tabulas,
2058 5154 2112 5207 in
2136 5151 2330 5219 quibus

772 5276 857 5323 ea,
892 5271 1010 5325 quae
1044 5256 1107 5307 ad
1146 5255 1380 5323 ipsorum
1407 5250 1666 5305 ecclesias
1696 5246 2027 5317 spectabant,
2060 5243 2329 5311 descripta

776 5351 1204 5404 continerentur.
1238 5341 1293 5396 Si
1327 5342 1445 5410 quis
1479 5341 1640 5409 igitur
1666 5337 1999 5392 ortliodoxus
2024 5334 2329 5403 episcopus,

768 5438 1055 5493 cathedras
1078 5438 1145 5489 ab
1175 5432 1439 5488 ltmreticis
1468 5440 1774 5499 occupatas,
1810 5428 2027 5495 locaque
2053 5425 2106 5478 in
2145 5437 2331 5477 eorum

776 5529 1072 5583 inatriculis
1099 5526 1387 5594 descripta,
1427 5537 1743 5592 recuperare
1796 5519 2110 5588 neglexerit,
2141 5531 2238 5570 nec
2267 5515 2331 5569 de

777 5624 840 5675 iis
876 5620 1221 5681 laburaverit,
1256 5616 1346 5685 qui
1387 5616 1452 5669 ad
1505 5612 1799 5667 Ecclesium
1838 5611 2159 5663 catholicam
2208 5622 2335 5662 con-

773 5715 904 5771 tit-tit
931 5714 1153 5779 debent,
1192 5691 1339 5766 illum
1380 5724 1407 5763 a
1440 5708 1630 5763 vicinis
1662 5704 1931 5774 episcopis
1958 5718 2019 5759 ea
2052 5706 2116 5757 de
2153 5715 2209 5755 re
2244 5715 2331 5755 ca-

2426 4524 2648 4591 εῠλογος
2670 4524 2831 4576 ὁποία
2861 4526 2893 4593 η
2923 4523 3022 4589 τῆς
3055 4523 3211 4574 νόσου
3246 4522 3340 4573 καὶ
3371 4522 3426 4572 at
3479 4520 3683 4572 λοιπαί.
3727 4519 3989 4587 Ἐπεξερο

2428 4616 2634 4683 γαστὴς
2658 4616 2713 4668 δέ
2735 4617 2880 4666 ἐστιν
2911 4615 2943 4683 ἢ
2979 4615 3005 4667 6
3057 4616 3321 4683 ἐγχώριος
3380 4610 3605 4679 ἔξαρχος
3664 4612 3711 4662 '6
3766 4610 3989 4662 τοιαῦτα

2428 4704 2747 4772 οίκονομῶν,
2784 4704 2814 4772 ἢ
2845 4707 2872 4757 6
2901 4704 3085 4773 ἄρχων
3116 4704 3210 4771 τῆς
3240 4704 3446 4771 χώρας,
3477 4704 3505 4754 6
3554 4700 3689 4769 πρὸς
3742 4698 3990 4767 ἀνάγκης

2430 4794 2567 4861 ἔχων
2600 4792 2811 4862 βοηθεῖν
2842 4793 2920 4862 τῷ
2950 4794 3236 4862 ἐπισκόπῳ
3263 4794 3319 4842 ἐν
3350 4791 3635 4851 τοιούτοις,
3670 4789 3764 4841 καὶ
3789 4790 3994 4857 μᾶλλον

2430 4880 2464 4950 ἢ
2486 4884 2513 4933 6
2544 4884 2805 4950 ἐγχώριος
2841 4881 3075 4945 ἐκδικος,
3108 4883 3136 4933 6
3168 4879 3499 4949 δηλούμενος
3526 4880 3583 4930 ἐν
3634 4878 3712 4947 τῷ
3767 4879 3853 4942 κζ’
3893 4893 3991 4931 κα·

2431 4973 2545 5025 νόνι
2577 4973 2675 5040 τῆς
2699 4970 2983 5043 παρούσης
3040 4971 3286 5025 συνόδου.

2502 5063 2747 5117 ΖιλΝΑΡ.
2769 5064 2880 5115 Καὶ
2916 5062 3251 5121 ἐπισκόπους
3290 5061 3453 5123 ίδίους
3484 5054 3632 5129 εἶχον
3694 5061 3745 5111 οί
3780 5065 3995 5111 Δονατι·

2434 5152 2580 5215 σταὶ,
2612 5154 2704 5204 καὶ
2735 5152 3019 5221 ματρίκια,
3051 5150 3219 5220 ἤγουν
3275 5150 3624 5218 ἁπογραφᾶς,
3658 5147 3769 5199 τῶν
3808 5148 3995 5213 διαφε-

2436 5240 2636 5311 ρόντων
2670 5242 2790 5302 ταῖς
2822 5239 3142 5308 ἐκκλησίαις
3173 5237 3370 5293 αὐτῶν.
3405 5239 3569 5303 Λέγει
3618 5232 3711 5289 οὖν
3736 5236 3763 5288 6
3806 5235 3993 5288 κανὼν

2433 5333 2534 5393 ὅτι,
2564 5330 2657 5383 ἐὰν
2682 5331 2982 5390 ἐπίσκοπος
3007 5327 3288 5399 ὀρθόδοξος
3315 5328 3491 5396 ἀμελή
3504 5343 3568 5399 σῃ
3585 5326 3871 5394 ἐκνικῆσαι
3893 5329 3996 5387 τὶς

2435 5419 2699 5487 καθέδρας
2717 5418 2825 5472 τῶν
2838 5416 3153 5487 αίρετικῶν,
3172 5416 3266 5469 καὶ
3282 5418 3347 5469 τὰ
3368 5419 3424 5467 ἐν
3444 5418 3553 5477 τοϊς
3576 5414 3885 5485 ματρικίοις
3904 5414 4003 5467 αὑ-

2438 5511 2570 5575 τῶν,
2594 5509 2689 5563 καὶ
2725 5508 2799 5578 μη
2818 5510 3074 5578 φροντίσῃ
3097 5508 3204 5559 τών
3226 5507 3545 5574 ὀφειλόντων
3578 5507 3714 5571 πρὶς
3744 5504 3842 5574 τὴν
3860 5504 3999 5557 καθ-

2437 5603 2619 5672 ολικὴν
2638 5600 2968 5670 Ἐκκλησίαν
2999 5598 3430 5670 ἐπιστραφῆναι,
3456 5597 3538 5650 ἵνα
3574 5598 4007 5666 ὑπομιμνησκη-

2438 5712 2520 5747 ται
2537 5693 2666 5763 περὶ
2686 5691 2874 5745 τούτου
2892 5694 2955 5745 ἐκ
2974 5691 3078 5746 τών
3109 5689 3363 5758 γειτόνων
3388 5689 3727 5752 ἐπισκόπων,
3750 5688 3841 5738 καὶ
3867 5685 4006 5755 μετά
