4224 6440
786 426 817 490 πί
826 426 893 491 03

2021 427 2125 487 ΤΗ
2132 426 2299 485 ΕΟΙ).
2337 425 2738 487 BALSAMON

3893 423 4005 489 404

782 537 922 606 quod
956 535 1073 590 illos
1100 533 1355 589 Ecclesia:
1378 534 1661 589 catholica:
1690 534 2095 589 communicare
2126 542 2351 598 asserat,
2382 528 2431 589 Α

2382 528 2431 589 Α
2456 541 2581 602 τοὺς
2611 539 2918 607 αἱρετικοὺς
2936 540 2999 608 τῇ
3014 537 3277 605 καθολικῇ
3305 533 3621 605 Ἐκκλησία,
3641 532 3735 585 καὶ
3758 531 3845 585 δια
3862 531 4022 585 τοῦτο

784 636 1173 698 proptereaque
1216 626 1632 680 vindicationem
1660 627 1919 681 bonorum
1955 628 2068 694 ipse
2100 626 2351 697 neglexe-

784 719 891 784 rit;
930 732 991 772 ac
1022 732 1213 787 postea
1249 718 1517 772 mendacii
1565 719 1847 773 convictus
1900 719 2017 783 fuit,
2062 733 2182 772 cum
2230 717 2350 772 illos

782 810 865 864 vel
896 809 1046 865 nullo
1089 812 1270 874 modo,
1308 810 1393 863 vel
1426 819 1573 864 certe
1601 826 1707 865 non
1738 812 1852 882 ejus
1880 811 2132 875 scientia,
2166 812 2219 866 id
2247 820 2347 872 est,

783 915 881 955 nec
912 900 1031 970 ipso
1065 901 1344 955 laborante
1379 916 1477 955 nec
1511 902 1744 968 sciente,
1794 904 2228 957 communicasse
2282 903 2351 957 sit

780 999 1117 1058 compertum
1144 1008 1157 1045 :
1186 991 1498 1061 episcopatu
1527 1007 1741 1062 quoque
1766 994 2087 1063 privabitur,
2116 995 2217 1049 hoc
2242 1002 2347 1057 est,

779 1081 1099 1149 deponetur.

778 1172 1004 1227 ARIST.
1051 1192 1070 1224 t
1117 1175 1217 1239 Qui
1248 1178 1648 1231 communicare
1677 1177 1829 1252 dicit,
1868 1191 2028 1246 quem
2065 1190 2168 1231 non
2201 1190 2350 1231 com-

936 1282 955 1315 ι
996 1266 1271 1319 munieare
1300 1268 1465 1333 novit,
1505 1268 1821 1337 episcopatu
1856 1270 2123 1337 privatur.
2164 1287 2184 1321 ι

849 1352 1173 1425 Quicunque
1213 1357 1496 1427 cpiscopus
1546 1358 1860 1413 Donatistas
1904 1360 1971 1414 ad
2028 1360 2348 1415 catholicam

780 1444 1071 1502 Ecclesium
1110 1467 1217 1506 non
1260 1468 1556 1508 conversos
1588 1455 1756 1518 novit,
1793 1454 1836 1509 si
1871 1456 1937 1509 iis
1982 1458 2351 1510 communica-

781 1540 940 1603 verit,
978 1541 1160 1593 (licens
1192 1557 1288 1598 eos
1323 1544 1389 1598 ad
1434 1545 1793 1598 orthodoxam
1840 1544 2001 1599 ﬁdem
2062 1560 2351 1601 conversos

778 1639 896 1682 eSse
935 1648 946 1682 :
981 1630 1120 1696 talis,
1168 1645 1225 1684 ut
1264 1632 1332 1685 de
1385 1637 1767 1690 communione
1819 1652 2005 1691 eorum
2052 1635 2348 1700 mentiens,

779 1728 832 1772 et
865 1720 1163 1776 Εοι-ιοεὶυιη
1196 1723 1286 1777 Dei
1314 1726 1608 1795 decipiens,
1638 1728 1741 1781 erit
1779 1727 2079 1797 depositus.

1307 1904 1537 1959 CANON
1581 1907 1816 1962 CXXVI.

784 2010 802 2040 ε
843 1991 915 2043 De
950 1994 1276 2063 presbyteris
1298 2005 1349 2049 et
1379 1995 1610 2061 clericis,
1638 2007 1696 2052 ut
1735 2014 1837 2053 non
1867 2002 2136 2069 appellent
2156 2001 2258 2056 nisi
2286 2004 2353 2055 ad

857 2099 875 2131 ι
920 2082 1156 2150 synodos
1210 2084 1425 2140 Africae.
1459 2086 1722 2143 Similiter
1763 2090 1968 2159 placuit
2021 2102 2079 2145 ttt
2128 2094 2353 2162 presby-

857 2188 873 2221 ι
914 2171 1037 2235 teri,
1068 2173 1305 2239 diaconi,
1336 2185 1389 2230 et
1421 2177 1617 2248 reliqui
1659 2179 1947 2236 inferiores
1982 2181 2193 2246 clerici,
2224 2184 2267 2236 si
2299 2184 2353 2237 in

853 2279 872 2312 ι
916 2260 980 2316 iis
1009 2277 1146 2331 quas
1172 2263 1373 2320 habent
1404 2270 1605 2335 causis,
1650 2271 1716 2325 de
1752 2272 2096 2342 prOpriorum
2139 2274 2354 2341 episca-

855 2371 872 2402 ‹
916 2367 1110 2421 porum
1148 2357 1418 2411 sententia
1438 2367 1763 2427 querantur,
1795 2362 1957 2416 vicini
1990 2363 2231 2431 episcopi
2261 2378 2356 2418 eos

857 2462 877 2495 ι
920 2446 1169 2511 audiant,
1196 2454 1251 2501 et
1278 2464 1397 2518 quae
1438 2449 1576 2505 inter
1598 2467 1691 2506 eos
1714 2460 1839 2506 sunt
1860 2454 2150 2509 terminent
2175 2454 2233 2520 ii,
2262 2454 2353 2523 qui

856 2557 874 2590 ‹
919 2538 986 2593 ab
1011 2539 1144 2609 ipsis
1171 2554 1237 2595 ex
1266 2542 1610 2612 propriorum
1662 2546 2041 2615 episcoporum
2084 2561 2355 2602 consensu

855 2650 873 2668 ο
921 2642 1321 2689 assumuntur:
1360 2635 1443 2688 sin
1485 2648 1667 2691 autem
1716 2639 1878 2692 etiam
1925 2640 1996 2693 ab
2047 2639 2129 2695 eis
2174 2640 2354 2709 appel-

853 2737 874 2771 ι
915 2719 1030 2775 lare
1059 2721 1350 2789 voluerint,
1380 2739 1447 2777 ne
1488 2724 1775 2794 appellent,
1840 2727 1945 2782 nisi
1994 2728 2062 2782 ad
2115 2728 2356 2799 synodos

852 2831 873 2865 ι
914 2812 1134 2879 Africa,
1172 2815 1255 2869 vel
1288 2815 1355 2868 ad
1380 2830 1600 2871 surum
1637 2819 2038 2885 provinciarum
2072 2821 2349 2889 primates.

851 2925 869 2956 r
912 2906 1014 2973 Qui
1044 2922 1173 2962 vero
1209 2909 1276 2961 atl
1306 2909 1674 2963 transmarina
1705 2909 1821 2965 loca
1862 2912 2136 2981 appellare
2164 2912 2352 2968 volue-

852 3018 868 3047 ε
911 2999 1003 3062 rit,
1040 3014 1069 3052 a
1112 2998 1261 3054 nullo
1292 2998 1343 3053 in
1381 2999 1560 3056 Africa
1585 3001 1651 3056 ad
1680 3003 2119 3059 communionem
2155 3004 2353 3060 admit-

851 3106 869 3139 t
912 3100 1071 3143 tatur.
1116 3109 1138 3145 ι.

848 3362 1044 3419 BALS.
1076 3362 1271 3419 Dicunt
1307 3363 1520 3431 Patres,
1562 3368 1706 3437 quod
1753 3367 1799 3421 si
1838 3368 2016 3435 quivis
2060 3368 2290 3423 clericus
2318 3384 2346 3422 a

776 3456 993 3525 proprio
1020 3457 1277 3528 episcopo
1301 3461 1697 3514 condemnatus
1736 3460 1920 3521 fuerit.
1971 3470 2026 3514 et
2071 3471 2349 3530 gravetur,

777 3566 880 3604 non
912 3551 1071 3605 debet
1098 3552 1163 3605 ad
1194 3551 1419 3605 alterius
1442 3553 1736 3619 provincia:
1775 3553 2066 3625 synodum,
2098 3567 2217 3622 qua!
2268 3562 2353 3606 est

776 3640 989 3709 longius
1012 3641 1281 3710 appellare
1308 3658 1323 3706 ;
1358 3644 1449 3697 sed
1479 3642 1786 3697 vicinorum
1831 3645 2220 3712 episcoporum
2252 3658 2350 3695 au-

774 3730 1035 3784 dientiam
1067 3730 1393 3799 implorare;
1427 3733 1591 3786 etiam
1626 3747 1745 3787 cum
1794 3748 2061 3787 consensu
2104 3734 2226 3800 ejus
2258 3732 2351 3801 qui

772 3822 938 3892 660
961 3822 1336 3877 condemnavit
1369 3839 1513 3889 eum,
1544 3826 1782 3895 episcopi
1838 3825 2039 3878 scilicet
2095 3826 2199 3879 sui.
2255 3825 2350 3878 Sin

774 3926 953 3966 autem
989 3928 1178 3967 eorum
1207 3928 1441 3983 quoque,
1480 3915 1547 3968 ad
1570 3931 1709 3983 quos
1740 3917 2051 3985 appellavit,
2083 3919 2353 3971 sententia

773 4007 821 4058 ci
861 4005 1165 4073 displiceat,
1203 4014 1310 4059 non
1338 4006 1501 4061 debet
1553 4009 1616 4060 ad
1670 4007 2069 4062 transmarinas
2118 4010 2356 4078 synodos

776 4094 1066 4163 appellare,
1090 4110 1208 4163 qua:
1239 4094 1424 4149 Romae
1452 4096 1663 4151 scilicet
1693 4098 1866 4162 tiunt;
1908 4098 2000 4150 sed
2036 4099 2101 4148 ad
2138 4098 2327 4164 pmpin

777 4184 1017 4252 quiores,
1048 4200 1240 4251 nempe
1270 4186 1336 4239 ad
1387 4187 1622 4255 synodos
1652 4187 1875 4250 Africae,
1906 4188 1987 4239 vel
2030 4188 2097 4239 ad
2130 4189 2352 4253 provin-

776 4276 985 4330 ciarum
1021 4276 1466 4345 metropolitanos
1493 4292 1679 4331 eorum
1715 4279 1805 4346 qui
1854 4280 2090 4347 primum
2139 4280 2352 4346 jutlicn-

776 4378 904 4421 runt
931 4369 1331 4436 episcoporum.
1364 4368 1420 4423 Si
1452 4372 1574 4437 quis
1602 4372 2120 4438 autemprmtcrltaec
2140 4370 2349 4436 fecerit,

772 4460 1361 4515 exconnnunicationis
1424 4461 1804 4531 segregatione
1878 4463 2349 4515 contletnnabitur.

772 4549 907 4603 Nota
935 4566 1065 4621 ergo
1094 4566 1157 4605 ex
1186 4552 1284 4606 Itoc
1308 4554 1559 4623 praesenti
1586 4568 1814 4616 canOne,
1842 4555 1982 4622 quod
2010 4569 2350 4616 consequen-

775 4652 857 4695 ter
898 4642 1000 4709 legi
1036 4643 1182 4696 civili
1224 4641 1418 4697 Patres
1448 4660 1663 4714 quoque
1695 4658 2082 4699 concesserunt
2128 4645 2208 4696 bis
2258 4660 2352 4712 τνρ-

775 4734 972 4801 pellare
1000 4748 1095 4787 eos
1149 4734 1237 4802 qui
1269 4727 1714 4789 condemnamur.
1750 4735 1885 4789 Notn
1919 4746 2172 4802 praeteteu
2210 4738 2349 4801 quovl

774 4835 1021 4895 tempore
1056 4827 1340 4896 praesentis
1374 4827 1564 4897 synodi
1599 4843 1702 4882 nan
1742 4827 2015 4881 habebunt
2041 4827 2355 4896 metmpoli.

771 4917 924 4973 litani
957 4920 1062 4974 tale
1088 4919 1179 4989 jus
1211 4920 1263 4974 in
1314 4934 1442 4974 suos
1478 4922 1763 4989 episcopos
1803 4920 2017 4988 illisque
2075 4918 2352 4986 subjectos

773 5010 1024 5072 clericos.
1062 5012 1219 5080 quale
1257 5028 1400 5066 nunc
1444 5014 1663 5067 habent.
1701 5014 1957 5066 Poterant
1990 5014 2133 5064 enitn
2167 5008 2353 5062 clerici

773 5099 840 5153 ab
888 5101 1153 5170 cpisc0pis
1194 5102 1540 5155 condemnati
1601 5102 1907 5156 vicinorum
1972 5103 2349 5169 t‘plscttpnrttttl

773 5191 1103 5245 audientiam
1127 5194 1401 5262 appellare
1435 5211 1448 5247 :
1480 5198 1620 5263 quod
1663 5210 1805 5247 nunc
1843 5210 1948 5249 non
1990 5194 2348 5257 admittetur;

773 5292 1056 5352 propterea
1116 5286 1261 5354 quod
1313 5287 1366 5339 in
1426 5297 1614 5355 quarta
1679 5288 1888 5357 synodo
1948 5287 2348 5353 provinciarum

774 5376 1164 5443 tnctropolilzus
1196 5379 1469 5446 provisum
1520 5378 1615 5433 sit.
1672 5384 1805 5431 (Lum
1844 5388 2024 5431 autem
2076 5377 2161 5429 lex
2207 5376 2352 5428 dicat

772 5480 869 5519 eos
895 5466 1036 5531 laedi,
1069 5468 1159 5537 qui
1190 5470 1253 5524 ad
1288 5471 1741 5549 ittcompetetttettt
1795 5472 2031 5540 judicent
2085 5482 2348 5538 promta-

770 5556 902 5625 rint,
955 5575 1192 5627 prmsens
1231 5577 1407 5619 canon
1444 5566 1699 5619 damnum
1735 5566 1800 5620 ad
1830 5562 2348 5621 excommunicatio-

768 5662 895 5704 ncm
919 5654 1177 5708 extendit.

2374 3195 2421 3258 C

2452 629 2724 698 ἀμελῆσαι
2763 626 2924 689 αὐτὸς
2950 627 3045 696 τῆς
3074 627 3433 695 έκνικήσεως,
3496 625 3692 694 ἐλεχθῇ
3719 624 3776 677 δὶ
3829 620 4022 691 ψευδό·

2454 736 2618 789 μενος
2674 717 2750 788 μὴ
2798 717 3252 784 κοινωνησάντων
3310 716 3417 768 τῶν
3466 716 3777 785 αἰρετικῶν,
3832 714 3865 783 ἢ
3907 729 4024 766 κοι-

2451 811 2808 879 νωνησάντων
2871 808 2972 880 μὲν
3020 809 3177 872 ’ίσως.
3233 808 3307 877 μὴ
3360 807 3666 877 συνειδήσει
3714 805 3770 859 δὲ
3833 803 4022 867 αὐτοῦ,

2451 903 2573 956 ἀντὶ
2623 902 2718 955 τοῦ
2776 900 2851 972 μὴ
2909 900 3110 962 εἰδότος
3162 900 3328 953 αὑτοῦ
3396 899 3531 969 μηδὲ
3593 898 4020 957 σπουδάσαντος,

2452 997 2546 1047 καὶ
2594 992 2695 1062 τῆς
2741 992 3051 1061 ἐπισκοπῆς
3100 992 3441 1057 ἐκπεσεῖται,
3493 991 3661 1060 ἤγουν
3692 985 4025 1057 καθαιρεθή-

2453 1102 2625 1139 σεται.

2451 1178 2677 1231 ΑΡΙΣΤ.
2719 1196 2737 1228 ι
2785 1177 2844 1230 ’0
2876 1176 3048 1229 εἰπὼν
3074 1174 3417 1234 κοινωνικὸν.
3448 1174 3507 1226 δν
3541 1169 3685 1226 οἶδεν
3709 1170 4017 1238 ἀκοινώνη-

2879 1287 2899 1319 ε
2928 1285 3039 1329 τον,
3067 1265 3507 1319 ἀποεπισκόπου.
3544 1282 3563 1315 ι

2527 1362 2719 1426 Ὅστις
2754 1362 3061 1420 ιπίσκοπος
3110 1361 3237 1421 τοὺς
3267 1355 3600 1418 Δονατιστάς
3633 1349 3740 1407 οἶδε
3772 1349 4025 1423 πρὺςτὴν

2457 1455 2758 1526 καθολικὴν
2806 1453 3143 1522 Ἐκκλησίαν
3174 1451 3248 1521 μὴ
3276 1447 3754 1516 ὑποστρέψαντας,
3811 1447 3859 1497 εἰ
3895 1460 4027 1509 συγ-

2456 1549 2777 1617 κοινωνήσει
2847 1548 3054 1608 αὐτοῖς,
3106 1544 3283 1610 λέγων
3351 1542 3487 1610 πρὸς
3558 1539 3657 1604 τὴν
3708 1535 4029 1605 όρθοδοξίαν

2458 1639 2835 1711 μεταστρέψαι
2867 1639 3089 1702 αὐτοὺς,
3120 1639 3148 1691 ό
3166 1636 3412 1696 τοιοῦτος
3435 1632 3509 1693 ὡς
3535 1630 3875 1699 ψευδόμενος
3901 1628 4030 1694 περὶ

2454 1735 2551 1802 τῆς
2586 1733 2877 1793 κοινωνίας
2899 1730 3102 1791 αὐτῶν,
3136 1728 3229 1781 καὶ
3269 1728 3365 1796 τὴν
3413 1721 3743 1790 Ἐκκλησίαν
3770 1717 3864 1770 τοῦ
3892 1714 4029 1769 Θεοῦ

2455 1826 2774 1895 ἀπατήσας,
2809 1823 2964 1876 ἔσται
2994 1821 3215 1890 καθῃρη
3228 1820 3405 1888 μένος.

2954 1912 3185 1967 ΚΑΝΩΝ
3233 1908 3426 1977 PKQ".

2462 2032 2480 2065 ι
2524 2011 2660 2082 Περί
2680 2009 3074 2078 πρεσϐυτέρων
3130 2004 3224 2057 καὶ
3258 1994 3562 2070 κληρικῶν,
3598 1998 3684 2049 ἴνα
3735 1995 3811 2064 μὴ
3858 1995 4030 2045 ἑκκα-

2532 2121 2553 2156 c
2586 2102 2811 2166 λῶνται,
2844 2100 2893 2153 εἰ
2921 2099 2995 2169 μὴ
3016 2097 3153 2165 πρὸς
3203 2095 3303 2158 τὰς
3323 2094 3423 2162 τῆς
3468 2089 3736 2160 Ἀφρικῆς
3752 2086 4030 2147 συνόδους.

2532 2212 2551 2245 ι
2609 2190 2841 2261 Ὁμοίως
2874 2189 3096 2260 ἦρεσεν,
3122 2186 3207 2239 ἵνα
3238 2180 3626 2252 πρεσϐύτεροι,
3648 2178 3909 2234 διάκονοι,
3939 2172 4034 2227 καὶ

2532 2303 2551 2336 t
2592 2286 2641 2337 οἰ
2665 2283 2851 2336 λοιποὶ
2884 2280 3195 2350 κατώτεροι
3254 2273 3535 2346 κληρικοὶ,
3596 2271 3655 2324 ὲν
3696 2265 3784 2331 αἷς
3834 2269 4035 2335 ἔχωσιν

2533 2396 2551 2428 t
2598 2376 2829 2437 αἰτίαις.
2860 2374 2955 2427 ἰὰν
2981 2372 3113 2442 περί
3152 2370 3251 2438 τῆς
3280 2368 3465 2438 ψήφου
3516 2365 3643 2429 τοὺς
3679 2362 3847 2424 ἰδίους
3879 2361 4032 2411 ’ἑπι-

2535 2487 2553 2521 ι
2595 2468 2836 2528 σκόπους
2871 2464 3221 2531 μέμφωνται,
3256 2462 3303 2513 οἰ
3343 2458 3689 2527 γειτνιῶντες
3738 2451 4031 2506 έπίσκοποι

2531 2581 2551 2615 ι
2589 2557 2799 2616 τούτων
2853 2556 3261 2625 ἀκροάσωνται,
3316 2552 3413 2605 καὶ
3458 2549 3525 2601 τὰ
3579 2545 3784 2618 μεταξὺ
3826 2542 4034 2595 τούτων

2530 2672 2549 2705 ι
2587 2649 2982 2719 περατώσωσιν
3032 2647 3080 2699 οἰ
3141 2644 3272 2714 παρ’
3341 2640 3521 2695 αὐτῶν
3585 2636 3730 2693 κατὰ
3782 2634 4034 2688 συναινε-

2530 2767 2548 2800 t
2590 2764 2675 2799 σιν
2724 2744 2833 2797 τῶν
2889 2742 3035 2796 ἰδίων
3088 2738 3275 2793 αὐτῶν
3312 2735 3636 2790 ἐπισκόπων
3675 2726 4037 2800 προσλαμϐα-

2529 2857 2549 2890 ι
2588 2841 2808 2908 νόμενοι
2833 2852 2847 2868 ο
2880 2837 2976 2888 ἐὰν
3004 2835 3061 2888 δὲ
3114 2832 3211 2887 καὶ
3261 2831 3358 2883 ἀπ’
3387 2828 3566 2881 αὐτῶν
3628 2821 4036 2877 ἐκκαλέσασθαι

2528 2950 2547 2982 ι
2587 2929 2915 3000 θελήσωσιν,
2954 2928 3029 2996 μὴ
3077 2923 3508 2980 ἐκκαλέσωνται,
3560 2919 3609 2981 εἰ
3643 2916 3717 2985 μὴ
3765 2915 3908 2985 πρὸς
3939 2912 4040 2974 τὰς

2531 3044 2550 3076 ι
2590 3025 2689 3093 τῆς
2725 3022 2992 3092 Ἀφρικῆς
3011 3018 3279 3080 συνόδους,
3301 3016 3334 3085 ἢ
3355 3013 3489 3082 πρὸς
3506 3010 3629 3072 τοὺς
3654 3005 4040 3077 πρωτεύοντας

2525 3131 2543 3165 t
2579 3112 2689 3165 τῶν
2726 3110 2872 3163 ἰδίων
2921 3107 3101 3161 αὐτῶν
3135 3102 3435 3172 ἐπαρχιῶν.
3492 3101 3635 3169 ῐῖρὺς
3663 3099 3721 3150 δὲ
3764 3096 3834 3148 τὰ
3865 3094 4042 3162 πέραν

2533 3224 2551 3254 ι
2587 3203 2687 3269 τῆς
2758 3200 3031 3266 θαλάσσης
3077 3194 3451 3263 ό-βουλόμενος
3516 3186 3897 3248 ἐκκαλεῖσθαι,
3932 3183 4043 3237 ἀπὸ

2531 3293 2787 3363 «μηδενὸς
2816 3292 2872 3342 ἑν
2908 3289 3145 3357 ’Λφρικῇ
3183 3283 3394 3353 δεχθείη
3422 3284 3500 3343 εἰς
3536 3283 3852 3335 κοινωνίαν.
3882 3296 3901 3328 ι

2531 3384 2728 3437 ΒΑΛΣ.
2762 3380 2929 3433 Φασίν
2958 3379 3009 3431 οἰ
3038 3376 3281 3443 Πατέρες
3307 3374 3409 3432 ὅτι.
3450 3373 3546 3424 ἐὰν
3576 3370 3847 3438 οἰοσδήτις
3904 3365 4042 3436 κλη·

2457 3478 2611 3547 ρικδς
2657 3471 3030 3540 καταδικασθῇ
3086 3468 3243 3537 παρὰ
3294 3465 3388 3519 τοῦ
3445 3464 3651 3517 οἰκείου
3708 3461 4039 3525 ἐπισκόπου,

2454 3567 2549 3620 καὶ
2600 3564 2923 3635 βαρύνηται,
2973 3560 3074 3611 οὐκ
3118 3556 3327 3624 ὀφείλει
3386 3555 3522 3623 πρὸς
3575 3550 3795 3603 σύνοδον
3844 3547 4043 3616 ἐτέρας

2458 3654 2731 3724 ἐπαρχίας
2761 3651 3099 3721 πορρωτέρω
3127 3648 3294 3700 οὖσαν
3326 3642 3679 3697 ἐκκαλεῖσθαι
3700 3657 3714 3670 ·
3742 3638 3880 3691 ἀλλὰ
3911 3640 4043 3689 ἁνα-

2458 3747 2744 3801 καλεῖσθαι
2775 3743 2875 3813 τὴν
2896 3741 3004 3793 τῶν
3026 3738 3388 3807 γειτνιώντων
3417 3733 3727 3787 ἐπισκόπων
3744 3728 4043 3797 ἀκρόασιν,

2458 3840 2550 3891 καὶ
2596 3838 2735 3906 μετὰ
2782 3820 3144 3892 συναινέσεως
3194 3827 3290 3882 τοῦ
3345 3825 3815 3884 καταδικάσαντος
3874 3821 4041 3873 αὐτὸν

2458 3933 2664 3983 οἰκείου
2692 3929 3019 3980 ἐπισκόπου.
3067 3925 3194 3977 Ἐὰν
3222 3922 3278 3975 δὲ
3297 3922 3393 3974 καὶ
3424 3921 3519 3972 ἰπὶ
3541 3920 3611 3988 τῇ
3640 3916 3748 3970 τῶν
3776 3914 4041 3968 τοιούτων

2462 4019 2836 4089 ὲκκλητορίων
2892 4018 3171 4087 ὰποφᾴσει
3230 4012 3641 4081 ἀπαρέσκηται.
3699 4011 3800 4062 οὐκ
3834 4007 4044 4075 ὀφείλει

2461 4112 2598 4181 πρὸς
2632 4112 2730 4171 τὰς
2757 4109 2933 4179 πέραν
2952 4107 3051 4175 τῆς
3075 4106 3356 4175 θαλάσσης
3374 4103 3631 4164 συνόδους
3663 4099 4043 4163 ἐκκαλεῖσθαι,

2458 4202 2555 4264 τὰς
2595 4204 2653 4255 ὲν
2698 4200 2889 4269 Ῥώμῃ
2936 4198 3160 4266 δηλαδὴ,
3221 4195 3359 4250 ἀλλὰ
3419 4187 3557 4264 πρὸς
3600 4194 3705 4259 τὰς
3756 4192 4045 4260 ὲγγυτέρω

2456 4295 2646 4355 ούσα·.
2688 4294 2858 4360 ἠγουν
2885 4291 2917 4359 ἦ
2952 4290 3087 4361 πρὸς
3119 4288 3217 4352 τὰς
3245 4289 3343 4357 τῆς
3392 4288 3658 4357 Ἀφρικῆς
3703 4284 3976 4344 συνόδους.
4007 4282 4041 4346 ἢ

2461 4388 2598 4458 πρὸς
2630 4385 2756 4446 τοὺς
2783 4381 3189 4452 μητροπολίτας
3218 4378 3327 4430 τῶν
3362 4378 3645 4446 ἐπαρχιῶν
3671 4376 3782 4428 τῶν
3806 4376 4042 4445 πρώτως

2460 4478 2761 4547 κρινάντων
2781 4473 3117 4526 ἐπισκόπων.
3146 4472 3205 4523 Εἰ
3224 4470 3278 4522 δὲ
3302 4469 3452 4539 παρὰ
3478 4467 3651 4520 ταῦτά
3674 4484 3757 4529 τις
3778 4468 4025 4533 ποιήσει,

2464 4567 2759 4639 ἀφορισμῷ
2778 4564 3177 4632 ἀκοινωνησίας
3203 4562 3698 4630 κατακριθήσεται.
3727 4558 4048 4627 Σημείωσαε

2461 4660 2683 4713 οὓνάπὸ
2716 4657 2811 4710 τοῦ
2859 4657 3129 4723 παρόντος
3183 4653 3408 4713 κανόνος
3452 4652 3535 4703 ὅτι
3592 4648 3905 4709 ἀκολούθως
3959 4645 4037 4716 τῷ

2462 4751 2727 4821 πολιτικῷ
2750 4752 2901 4818 νόμῳ
2936 4749 3030 4800 καὶ
3055 4748 3104 4798 οἰ
3132 4745 3375 4814 Πατέρες
3403 4741 3755 4811 ἐξεχώρησαν
3774 4741 3855 4802 δῒς
3878 4743 4046 4793 ἑκκα-

2459 4845 2671 4899 λεῖσθαι
2702 4842 2826 4903 τοὺς
2853 4836 3410 4905 καταδικαζομένους.
3463 4835 3583 4886 Ἔτι
3618 4833 3925 4903 σημείωσαι
3953 4832 4038 4885 ὅτι

2462 4937 2605 4991 κατὰ
2635 4935 2725 4988 τὸν
2757 4933 2952 5001 καιρὸν
2979 4930 3076 4998 τῆς
3096 4927 3379 4999 παρούσης
3413 4927 3635 4979 συνόδου
3672 4925 3772 4977 οὐκ
3798 4918 3947 4993 εἰχον
3990 4925 4043 4979 οἱ

2461 5026 2868 5098 ’μητροπολῖται
2913 5021 3139 5075 τοιαῦτα
3171 5020 3356 5072 δίκαια
3386 5016 3529 5071 κατὰ
3580 5017 3689 5069 τῶν
3714 5014 4039 5067 ἐπισκόπων

2461 5118 2767 5174 αὐτῶνκαί
2819 5116 2928 5168 τῶν
2964 5116 3057 5167 ὑπ’
3111 5114 3313 5174 αὐτοὺς
3380 5108 3683 5180 κληρικῶν,
3721 5105 3810 5161 οἷα
3861 5108 4046 5175 έχουσι

2467 5211 2728 5277 σήμερον.
2774 5205 3065 5258 ’ἰιδύναντο
3113 5203 3224 5270 γὰρ
3249 5202 3301 5254 οἰ
3336 5201 3486 5270 παρὰ
3516 5198 3833 5251 ἐπισκόπων
3872 5213 4042 5249 κατα-

2462 5299 2811 5368 δικαζόμενοι
2829 5295 3086 5365 κληρικοὶ
3107 5293 3206 5364 τὴν
3236 5291 3345 5345 τῶν
3372 5290 3790 5358 γειτνιαζόντων
3820 5289 4047 5341 ἐπισκό-

2463 5411 2582 5445 πων
2623 5390 3019 5444 ἀνακαλεῖσθαι
3052 5387 3321 5456 ἀκρόασιν
3344 5400 3359 5417 ο
3382 5386 3519 5453 ὅπερ
3545 5382 3746 5453 ἀρτίως
3773 5383 3833 5433 ού
3862 5398 4045 5450 παρα-

2459 5481 2786 5550 δεχθήσεται
2820 5478 2908 5530 διὰ
2965 5478 3061 5546 τὴν
3110 5475 3414 5545 γενομένην
3461 5474 3781 5540 οἰκονομίαν
3819 5474 3900 5535 εἰς
3944 5472 4043 5536 τὰς

2462 5576 2573 5627 τῶν
2596 5573 2886 5641 ἐπαρχιῶν
2939 5568 3306 5640 μητροπόλεις
3357 5566 3500 5619 κατὰ
3548 5566 3649 5633 τὴν
3699 5565 3739 5617 δ’
3794 5564 4042 5616 σύνοδον.

2465 5665 2574 5717 Τοῦ
2625 5663 2679 5715 δὲ
2742 5663 2910 5732 νόμου
2973 5662 3223 5729 λέγοντος
3286 5656 3621 5729 βλάπτεσθαι
3689 5659 3812 5717 τοὺς
3878 5658 4043 5708 ἑκκιο

2466 5756 2804 5825 λεσαμένους
2868 5755 2948 5815 εἰς
3014 5753 3364 5822 ἁπρόσιρορον
3418 5748 3699 5817 δικαστὴν,
3761 5750 3788 5801 6
3852 5744 4044 5818 παρὼν

2469 5845 2646 5899 κανὼν
2687 5846 2781 5915 τὴν
2814 5844 3021 5914 βλάϐην
3060 5845 3139 5906 εἰς
3187 5843 3584 5912 ἀκοινωνησίαν
3619 5837 3933 5903 ἐξε’σὰ6;το.
