4224 6440
223 404 331 465 405

1217 401 1286 456 ΙΝ
1327 400 1490 457 CAN.
1538 399 1629 457 CX
1646 400 1805 460 XVII
1832 401 2041 463 CONC.
2077 404 2451 465 CAR'I‘HAG.

3370 405 3477 469 406

291 516 540 569 ΖΩΝΛΡ.
573 516 711 575 Τοὺς
765 514 1062 580 κληρικοῦς
1115 512 1222 565 τῶν
1284 510 1590 581 ἐκκλησιῶν
1648 512 1805 573 δίκας

1982 516 2232 571 ZONAR.
2270 517 2340 571 Ut
2371 519 2576 583 clerici,
2613 520 2702 589 qui
2737 520 3138 577 ecclesiasticas
3169 522 3220 575 in
3258 537 3317 577 se
3344 525 3481 577 luvi-

221 612 448 673 ἔχοντας
483 605 617 676 πρὸς
672 606 933 672 ἀλλήλους
977 606 1128 672 παρὰ
1188 594 1297 664 τοῖς
1346 603 1690 667 ἐπισκόποις,
1720 596 1801 663 οἷς

224 700 572 757 snam-.111,
606 695 923 757 δικάζεσθαι
953 696 1201 763 διάςςοροι
1230 695 1455 757 κανόνες
1504 694 1798 762 ὡρίσαντο.

232 789 296 841 'U
320 790 375 840 δέ
407 788 593 857 παρὼν
624 788 805 839 κανὼν
832 786 960 855 περὶ
1006 788 1293 853 ἐκκλήτων
1328 787 1672 856 θεσμοθετεῖ,
1710 788 1803 840 καί

223 899 394 948 φησιν
422 882 525 940 ὅτι,
576 880 668 931 ἐὰν
701 879 1130 947 ἀπαρέσκιυνται
1162 882 1225 948 τῇ
1256 880 1420 949 ψήφῳ
1448 880 1557 931 τῶν
1588 880 1806 933 ἐπισκε-

227 989 347 1024 πων
380 974 559 1025 αὐτῶν
584 974 633 1023 οἰ
661 972 787 1039 παρ’
827 972 1014 1032 αὐτοῖς
1051 971 1409 1041 δικασάμενοι
1452 972 1726 1041 κληρικοι,
1754 973 1804 1024 οἰ

225 1062 607 1127 γειτονοῦντες
660 1063 954 1113 ἐπίσκοποι
1023 1061 1234 1113 τούτων
1292 1062 1669 1127 ἀκροάσονται,
1716 1064 1807 1114 καὶ

222 1152 742 1219 διαγνωμονήσουσι
792 1152 1045 1221 περὶτῆς
1071 1152 1281 1221 ψήφου,
1313 1153 1361 1204 εἰ
1404 1152 1553 1205 ἐστιν
1607 1155 1808 1206 ἀνεπι-

223 1248 464 1314 σφαλής.
504 1248 759 1301 Ἔσονται
795 1247 852 1298 δὲ
889 1245 1267 1317 ἐκκλητάριοι,
1316 1245 1512 1307 οἵτινες
1558 1245 1624 1299 ἂν
1657 1246 1808 1315 παρὰ

222 1341 335 1393 τῶν
373 1339 752 1407 δικαζομένων
802 1337 1100 1401 ἐπιλεγῶσι
1158 1337 1295 1390 κατὰ
1360 1338 1667 1391 συναίνεσιν
1714 1336 1808 1389 τοῦ

222 1430 532 1483 ἐπισκόπου
559 1429 761 1483 αὐτῶν.
808 1427 936 1481 Ἐὰν
966 1428 1021 1480 δὲ
1072 1430 1227 1497 καὶὴ
1270 1429 1381 1480 τῶν
1432 1430 1810 1497 ἑκκληταρίων

222 1523 549 1576 ἐπισκόπων
599 1523 878 1588 ἁπόιξασις
951 1522 1265 1591 ἀπαρέσκῃ,
1349 1524 1501 1589 παρὰ
1574 1524 1689 1584 ταῖς
1754 1523 1811 1574 ἐν

234 1617 480 1683 ’Δφρικῇ
513 1614 753 1674 συνόδοις
797 1612 1286 1683 δοκιματθήσεται,
1351 1615 1445 1665 καὶ
1501 1615 1653 1684 παρὰ
1701 1616 1811 1676 τοῖς

219 1708 577 1775 πρωτεύουσι
613 1705 721 1759 τῶν
764 1705 1066 1775 ἐπαρχιῶν⁶
1103 1707 1273 1775 ἤγουν
1312 1706 1427 1765 τοῖς
1454 1705 1811 1774 προκαθημέ-

221 1819 335 1861 νοις
367 1800 480 1851 τῶν
503 1799 700 1855 ἄλλων.
762 1799 824 1851 Εἰ
847 1798 904 1850 δέ
931 1815 1037 1861 τις,
1101 1799 1257 1867 φησι,
1313 1796 1601 1867 βουληθείη
1637 1798 1812 1865 πέραν

1911 625 2026 663 cent
2055 611 2457 669 controversias
2512 612 2730 675 habent,
2764 611 2832 665 ab
2861 612 3018 682 ipsis,
3059 615 3255 682 quibus
3304 615 3481 686 subji-

1912 702 2127 754 ciuntur
2191 702 2464 770 episcopis
2508 700 2857 770 iudicentur,
2919 702 3153 771 plurium
3215 719 3481 761 canonum

1911 792 2135 847 decreto
2162 794 2517 848 constitutum
2569 803 2673 850 est.
2709 793 2822 849 Hoc
2860 810 2991 850 vero
3030 813 3236 854 canone
3263 800 3329 853 de
3357 816 3485 870 pro-

1914 888 2296 941 vocationibus
2329 887 2608 951 statuitur,
2651 896 2707 941 ut
2737 888 2782 942 si
2821 888 3073 943 nimirum
3106 892 3484 959 episcOporunI

1913 992 2132 1031 suorum
2157 979 2362 1047 judicio
2393 978 2666 1051 litigantes
2690 979 2877 1034 clerici
2907 988 3051 1035 stare
3080 982 3268 1047 nolint,
3302 998 3329 1036 a
3361 983 3486 1037 vici-

1915 1072 2001 1124 nis
2023 1072 2291 1140 episcopis
2322 1073 2634 1138 audiantur,
2665 1088 2729 1127 ae
2753 1073 2821 1128 ab
2849 1074 2930 1130 eis
2957 1076 3235 1129 sententiae
3259 1076 3489 1143 aequitas

1918 1163 2287 1217 exatninetur.
2317 1162 2541 1218 Iudices
2572 1179 2737 1233 porro
2765 1166 2854 1219 isti
2882 1166 3288 1234 provocationis
3328 1183 3355 1220 a
3388 1167 3489 1220 liti-

1918 1254 2191 1320 gantibus,
2230 1269 2335 1309 non
2389 1256 2510 1310 sine
2553 1256 2794 1327 episcopi
2858 1268 3039 1313 tamen
3081 1259 3487 1326 approbatione.

1917 1346 2248 1414 deligentur.
2277 1346 2431 1413 Quod
2468 1348 2513 1403 si
2540 1348 2653 1416 ipsa
2699 1363 2918 1417 quoque
2947 1349 3324 1418 episcoporum
3363 1365 3491 1404 sen-

1920 1438 2110 1500 tentia,
2139 1438 2203 1492 ad
2236 1454 2373 1508 quos
2399 1454 2783 1506 provocavere,
2823 1454 2928 1494 non
2946 1441 3291 1505 satisfecerit,
3315 1441 3378 1493 ad
3400 1456 3489 1510 sy-

1919 1531 2091 1585 nodus
2130 1532 2180 1585 in
2233 1533 2414 1587 Africa
2466 1533 2744 1588 habendas
2782 1548 2944 1588 causa
2992 1532 3284 1593 referetur,
3336 1541 3495 1601 atque

1920 1624 1986 1677 ad
2012 1624 2419 1692 provinciarum
2473 1626 2753 1691 primates,
2798 1626 2889 1693 qui
2943 1626 3148 1679 scilicet
3196 1624 3317 1678 aliis
3372 1639 3495 1677 cum

1922 1716 2249 1769 auctoritate
2282 1716 2524 1781 praefecti
2561 1728 2709 1772 sunt.
2748 1717 2803 1771 Si
2839 1718 2962 1786 quis
3009 1728 3190 1771 autem
3217 1716 3283 1770 ad
3317 1726 3495 1771 trans-

1920 1808 2128 1861 marina
2158 1807 2383 1877 judicia,
2411 1810 2511 1863 hoc
2541 1819 2646 1872 est,
2681 1810 2747 1863 ad
2800 1810 2965 1863 italia:
2992 1811 3296 1877 episcopos.
3326 1809 3407 1862 vel
3433 1810 3498 1864 ad

222 1895 325 1959 τῆς
360 1892 646 1959 θαλάσσης
675 1891 1109 1953 ἐκκαλέσασθαι,
1155 1893 1326 1959 ἧγουν
1370 1890 1509 1959 πρὸς
1553 1893 1681 1954 τοὺς
1713 1892 1812 1960 τῆς

1925 1897 2084 1953 italiae
2112 1901 2377 1970 s‘ynodum
2406 1916 2701 1968 provocare
2724 1901 2875 1963 velit,
2912 1915 2940 1954 a
2977 1899 3384 1967 communione,
3414 1900 3499 1955 in-

238 1984 484 2046 Ἰταλίας
517 1982 856 2041 ἐπισκόπους
889 1983 984 2034 καὶ
1016 1982 1115 2051 τὴν
1164 1983 1283 2034 ἐκεῖ
1316 1981 1558 2044 σύνοδον,
1588 1982 1821 2035 ἀκοινώ-

226 2093 415 2144 νητος,
474 2075 660 2146 φησὶν,
706 2076 823 2145 ῆτω
870 2074 1025 2144 παρὰ
1060 2078 1128 2143 τῇ
1185 2075 1391 2143 συνόδῳ
1451 2074 1553 2141 τῆς
1624 2074 1813 2143 ’Δφριο

228 2171 357 2232 κῆς.

225 2267 460 2320 ΔΡΙΣΤ.
538 2285 556 2316 ι
598 2267 981 2339 Πρεσδύτερος
1034 2268 1128 2320 καὶ
1184 2267 1459 2330 διάκονος,
1514 2266 1823 2336 ἐπιμεμφό-

307 2377 326 2409 ‹
372 2376 527 2427 μενοι
570 2361 883 2429 ἑπισκόπῳ,
919 2359 1165 2425 γείτοσιν
1192 2357 1519 2421 ἐπισκόποις
1570 2358 1823 2424 ἐγκαλεί-

311 2471 329 2501 ι
366 2467 591 2503 τωσαν·
643 2452 779 2504 ἀλλὰ
831 2452 906 2521 μὴ
966 2452 1027 2504 τὸ
1077 2449 1318 2518 πέλαγος
1377 2450 1817 2519 διαπεράτωσαν.

309 2562 327 2593 ε
387 2544 774 2609 Ἀκοινὼνητοι
814 2543 922 2610 γὰρ
953 2543 1251 2596 εσονταιέν
1296 2543 1565 2611 Ἀφρικῇ.
1619 2560 1639 2592 ι

298 2634 480 2687 Τοῦτο
538 2634 636 2687 καὶ
703 2636 759 2687 ἐν
832 2637 910 2705 τῷ
963 2634 1197 2704 εἰκοστῷ
1265 2634 1438 2704 ὀγδόῳ
1493 2636 1679 2687 κανόνι
1724 2635 1823 2702 τῆς

233 2726 525 2794 παρούσης
554 2726 774 2778 συνόδου
812 2727 1048 2795 ὡρίσθη.
1091 2727 1153 2780 τὸ
1185 2729 1259 2796 μή
1288 2744 1411 2779 τινα
1444 2724 1824 2796 πρεσϐύτερον

232 2818 578 2886 ἦδιέικονον.
620 2818 771 2887 παρὰ
816 2816 913 2870 τοῦ
968 2817 1102 2871 ἰδίου
1160 2819 1465 2871 ἐπισκόπου
1528 2818 1828 2871 καταδικα-

233 2908 459 2969 σθέντα,
512 2909 603 2960 καὶ
636 2910 735 2977 τὴν
786 2910 972 2975 κρίσιν
999 2950 1008 2958 .
1033 2909 1513 2978 ἐπιμεμφόμενον,
1547 2908 1644 2960 καὶ
1683 2908 1827 2961 κατὰ

234 3002 452 3069 ταύτης
512 3003 868 3055 ἐκκαλεῖσθαι
922 3003 1273 3073 βουλόμενον,
1319 3006 1381 3057 τὸ
1426 3004 1665 3072 πέλαγος
1724 3005 1826 3073 τῆς

246 3094 527 3162 Ἀζρικῆς
573 3095 863 3163 διαπερᾶν,
903 3099 996 3148 καὶ
1032 3099 1162 3167 περὶ
1200 3100 1409 3167 ταύτης
1444 3099 1545 3165 τῆς
1602 3099 1827 3167 Ῥώμης

236 3186 676 3256 προσέρχεσθαι,
730 3187 866 3240 ἀλλὰ
926 3190 1041 3250 τοῖς
1091 3189 1337 3255 γείτοσιν
1401 3187 1654 3251 ἐγκαλεῖν
1701 3188 1825 3240 ἐπι-

239 3280 497 3340 σκόποις.
533 3280 627 3330 καὶ
662 3281 794 3347 παρ’
850 3280 1034 3342 αὐτοῖς
1061 3279 1369 3348 γυμνάζειν
1398 3280 1498 3348 τὴν
1535 3278 1821 3346 ἔκκλητον*

244 3373 293 3421 εἰ
345 3370 408 3421 δὲ
442 3370 538 3438 μὴ.
591 3369 955 3439 ἀκοινώνητον
1004 3366 1144 3422 εἶναι
1200 3371 1256 3421 ἐν
1286 3369 1546 3437 Ἀφρικῇ.
1580 3368 1749 3420 Τοῦτο
1771 3368 1827 3420 δὲ

240 3462 519 3529 ῖκωλύοη,
570 3461 645 3523 ὼς
692 3459 871 3530 οἶμαι,
931 3463 1020 3515 διά
1067 3479 1127 3514 τε
1183 3462 1309 3523 τοὺς
1347 3460 1491 3513 κατὰ
1547 3460 1827 3511 θάλασσαν

240 3554 554 3615 κινδύνους,
576 3556 665 3606 καὶ
688 3554 750 3606 τὺ
780 3537 854 3625 μὴ
886 3554 1181 3623 συντριϐὰς
1213 3552 1547 3620 ὑφίστασθαι
1572 3552 1668 3604 καὶ
1702 3568 1828 3603 και-

243 3651 516 3717 νοτομίας
537 3647 604 3699 τὰ
635 3647 780 3717 μέρη
814 3648 901 3699 διὰ
926 3647 1025 3717 τὴν
1052 3648 1140 3699 ἐπὶ
1172 3646 1330 3715 ξένης
1356 3643 1577 3715 μακρὰν
1630 3643 1832 3712 ἀποδη-

246 3739 403 3807 μίαν.

790 3828 1024 3883 ΚΛΜΝ
1052 3826 1228 3881 ΡΚΖ’.

248 3942 267 3974 ι
305 3924 445 3992 Περὶ
506 3922 795 3992 παρθένων
857 3921 1071 3991 μικρῶν
1157 3920 1239 3973 ἔτι
1318 3919 1423 3989 μὴν
1486 3916 1831 3971 καλυπτέων.

322 4034 340 4065 ι
396 4014 634 4085 Ὁμοίως
660 4017 884 4085 ἤρεσεν,
927 4016 1016 4067 ἵνα
1050 4014 1413 4089 όστισδήποτε
1447 4011 1557 4065 τῶν
1603 4008 1839 4062 ἐπισκό-

323 4127 342 4159 ε
394 4125 532 4169 πων,
561 4109 627 4159 δι’
662 4110 910 4176 ἀνάγκην
948 4108 1050 4178 τῆς
1082 4107 1423 4175 παρθενικῆς
1480 4103 1836 4177 σωφροσύνης

325 4220 343 4251 ι
390 4203 843 4272 κινδυνευούσης,
873 4205 963 4255 ὅτε
998 4202 1295 4273 ἢὲραστὴς
1332 4199 1615 4269 δυνατὸςῆ
1653 4196 1838 4266 ἅρπαξ

331 4315 348 4345 ι
388 4311 474 4357 τις
510 4295 657 4347 ἐστὶν
688 4298 745 4348 ἐν
782 4295 1007 4364 ὑποψία,
1041 4295 1072 4363 ἢ
1107 4296 1187 4346 ἔτι
1227 4293 1331 4364 μὴν
1362 4293 1467 4345 ὑπό
1500 4308 1647 4353 τινος
1676 4290 1842 4342 θανα-

331 4406 349 4439 ι
389 4385 636 4455 τηφόρου
660 4385 906 4438 κινδύνου
943 4382 1092 4452 αὕτη
1130 4382 1312 4436 ἔσεται
1339 4380 1619 4451 νυχθεῖσα,
1657 4392 1841 4445 παρα-

334 4497 351 4529 ι
399 4476 717 4529 καλούντων
747 4477 779 4545 ἦ
814 4476 921 4528 τῶν
955 4475 1164 4541 γονέων
1202 4473 1396 4541 αὐτῆς,
1432 4465 1567 4541 ἢῶν
1592 4472 1656 4538 τῇ
1678 4484 1843 4537 φρον-

340 4589 358 4621 ι
400 4569 507 4621 τίδι
533 4568 840 4631 ἀνάκειται,
872 4566 964 4619 διὰ
993 4567 1055 4618 τὸ
1089 4567 1165 4636 μὴ
1206 4564 1381 4635 χωρὶς
1433 4562 1527 4615 τοῦ
1562 4562 1841 4651 σχήματος
1872 4592 1919 4651 D

328 4680 345 4710 ι
384 4657 767 4724 τελειωθῆναι,
842 4656 1060 4726 καλύψῃ
1133 4654 1490 4727 παρθένονῆ
1566 4650 1840 4719 ἐκάλυψεν

330 4771 349 4801 σ
395 4750 554 4813 ἐντὸς
616 4748 810 4817 κείρας
886 4747 1150 4801 ἐνιαυτῶν
1226 4746 1597 4807 εἰκοσιπέντε,
1677 4742 1843 4812 μηδέν

336 4862 353 4895 ι
398 4844 493 4893 τὸν
508 4840 757 4894 τοιοῦτον
778 4839 955 4910 βλάψῃ
976 4856 1041 4893 πε
1053 4840 1105 4909 pi.
1134 4837 1331 4893 τούτου
1357 4836 1450 4891 τοῦ
1472 4833 1711 4909 ἀριθμοῦ
1734 4834 1845 4887 τῶν

339 4955 357 4986 ι
399 4934 669 4987 ἐνιαυτῶν
700 4932 1113 4986 κατασταθείσα
1154 4932 1430 4995 σύνοδος.»

331 5025 533 5079 ΒΑΛΣ.
569 5024 974 5094 Καθιεροῦσθαι
1004 5024 1102 5092 μέν
1134 5024 1443 5095 παρθένους
1483 5025 1844 5098 διαλαμϐάνει

257 5123 284 5177 ό
315 5121 477 5180 ἕκτος
512 5117 692 5170 κανὼν
724 5119 823 5186 τῆς
878 5116 1166 5188 παρούσης
1222 5118 1466 5183 συνόδου,
1518 5120 1617 5173 καὶ
1667 5120 1695 5171 ό
1739 5121 1843 5191 μδο,

256 5212 403 5265 ὥστε
439 5214 495 5263 ἐν
532 5212 597 5279 τῇ
642 5209 890 5281 ἁρμοδίῳ
944 5212 1134 5282 ἡλικίᾳ
1193 5212 1287 5264 καὶ
1334 5212 1682 5275 διακονίσσας
1718 5212 1847 5265 καθ·

260 5303 513 5359 ἵστασθαι
534 5302 728 5365 αὑτάς.
760 5303 1353 5373 Μετασχηματίζεσθαι
1372 5303 1425 5356 δέ
1448 5303 1557 5357 ἀπὸ
1580 5303 1671 5355 τοῦ
1701 5319 1846 5373 παρ-

254 5396 407 5457 όντος
469 5395 693 5455 κανόνος
742 5392 1089 5463 μανθάνομεν
1142 5395 1281 5463 μετὰ
1316 5395 1409 5447 τὸν
1461 5393 1540 5447 κε’
1578 5395 1847 5450 ἐνιαυτόν.

260 5486 400 5540 Φασὶ
433 5486 546 5555 γὰρ
578 5488 624 5538 οἱ
642 5486 908 5555 Πατέρες,
934 5486 1047 5548 ἵνα,
1073 5484 1169 5538 ἐὰν
1196 5487 1497 5548 ἐπίσκοπος
1522 5487 1552 5548 ἢ
1580 5486 1845 5553 ἐκάλυψε,

252 5580 502 5631 τουτέστι
527 5580 990 5648 μετεσχημάτισε,
1020 5581 1287 5649 παρθένον
1316 5579 1518 5631 ἀνατεθ
1531 5582 1685 5633 εἷσαν
1704 5580 1845 5651 Θεῷ,

263 5672 296 5742 ἢ
329 5671 569 5740 καλύψει
601 5671 711 5742 πρὸ
760 5674 861 5743 τῆς
892 5673 1105 5744 κείρας,
1146 5674 1317 5744 ἤγουν
1354 5673 1461 5742 πρὸ
1490 5673 1588 5741 τῆς
1628 5672 1848 5742 ἡλικίας

261 5764 375 5817 τῶν
432 5771 510 5817 κε’
568 5766 833 5818 ἐνιαυτῶν
889 5766 1078 5834 (τυχὸν
1126 5768 1234 5836 γὰρ
1304 5765 1734 5818 ἐπεδουλεύσατο
1782 5768 1847 5836 τῇ

261 5857 593 5929 σωφροσύνῃ
644 5858 851 5929 ταύτης
878 5860 1115 5929 ἐραστὴς
1150 5859 1459 5929 δννατὸς,ἣ
1493 5856 1850 5911 ὑπωπτεύετο

1923 1993 2064 2059 quit,
2090 1992 2152 2047 in
2190 1993 2389 2049 Africae
2420 1994 2629 2063 synodo
2656 1993 3001 2049 excludatur.

1925 2263 2153 2320 ARIST.
2191 2286 2209 2319 ι
2256 2266 2548 2339 Presbyter
2601 2278 2656 2324 et
2709 2270 2996 2337 diaconus,
3027 2271 3118 2341 qui
3151 2270 3217 2325 de
3246 2271 3509 2340 episcopo

2003 2376 2021 2408 t
2060 2374 2158 2413 suo
2191 2372 2623 2429 conqueruntur,
2659 2362 2726 2417 ad
2754 2362 2962 2418 vicinos
3003 2365 3287 2432 episcopos
3322 2364 3504 2432 appelv

2007 2468 2024 2500 ι
2072 2452 2183 2506 lent
2223 2469 2236 2506 :
2273 2461 2329 2506 at
2373 2468 2523 2508 mare
2559 2469 2625 2510 ne
2657 2455 2955 2526 trajiciant.
3010 2455 3066 2509 lu
3113 2454 3297 2511 Africa
3352 2456 3502 2511 enim

2004 2562 2021 2595 ι
2060 2546 2709 2604 excotttmunicabuntur.
2752 2568 2771 2602 ι

2007 2640 2121 2695 lioc
2149 2651 2201 2694 et
2228 2640 2278 2695 in
2320 2643 2580 2697 vicesimo
2611 2651 2804 2697 octavo
2862 2643 3054 2713 synodi
3090 2644 3373 2712 praesentis
3415 2658 3506 2697 ca-

1928 2749 2069 2789 none
2103 2734 2384 2789 decretum
2417 2742 2545 2795 est;
2582 2743 2641 2787 ut
2692 2734 2875 2788 nullus
2908 2736 3220 2804 presbyter,
3261 2742 3354 2787 aut
3384 2734 3504 2787 dia—

1928 2841 2122 2889 conus,
2150 2841 2176 2878 a
2226 2840 2325 2880 suo
2358 2825 2618 2895 episcopo
2661 2824 3080 2885 condemnatus.
3147 2835 3200 2878 et
3244 2824 3506 2893 judicium

1928 2916 2371 2985 reprehendens,
2442 2925 2496 2971 et
2547 2926 2735 2971 contra
2783 2916 2917 2970 illud
2976 2916 3244 2985 appellare
3297 2916 3509 2982 volens,

1931 3009 2127 3064 Africae
2186 3010 2404 3079 pelagus
2454 3018 2721 3071 transeat,
2779 3018 2831 3061 et
2886 3008 3003 3077 ejus
3055 3010 3222 3076 gratia
3280 3008 3505 3060 Romam

1929 3098 2088 3154 adeat
2120 3118 2133 3153 :
2163 3098 2257 3153 sed
2292 3099 2356 3151 ad
2387 3100 2592 3152 vicinos
2639 3098 2929 3165 appellabit
2964 3097 3273 3164 episcopos,
3332 3104 3389 3149 et
3442 3095 3509 3147 iis

1934 3192 2308 3260 appellationis
2335 3205 2555 3244 causam
2597 3190 2856 3260 indicabit
2893 3206 2907 3241 :
2939 3190 3021 3243 sin
3058 3188 3254 3252 minus,
3291 3202 3510 3242 etcom-

1932 3286 2263 3338 municatum
2293 3296 2413 3337 esse
2442 3282 2495 3336 in
2532 3280 2733 3336 Africa.
2775 3282 2891 3335 Hoc
2920 3292 3096 3335 autem
3128 3281 3352 3334 vetitum
3385 3279 3507 3343 fuit,

1931 3386 1990 3430 ut
2019 3377 2236 3446 opinor,
2270 3382 2322 3430 et
2348 3384 2574 3445 prepter
2627 3373 2794 3428 maris
2854 3373 3114 3441 pericula,
3149 3382 3203 3427 et
3238 3382 3294 3426 ut
3328 3381 3511 3442 partes

1931 3469 2247 3522 vexationes
2298 3478 2354 3521 et
2414 3466 2791 3520 innovatioues
2854 3481 2958 3518 non
3008 3465 3359 3522 sustinerent.
3418 3480 3514 3533 per

1934 3559 2280 3627 longinquam
2344 3559 2410 3611 ad
2470 3557 2745 3627 regionem
2814 3563 3057 3609 cxteram
3119 3554 3512 3623 peregrinatio-

1936 3665 2081 3704 ncm.

2455 3829 2680 3885 CANON
2721 3827 2983 3883 CXXVII.

1946 3943 1962 3977 I
2006 3924 2081 3979 De
2113 3924 2295 3991 parvis
2353 3923 2652 3991 virginibus
2708 3921 2883 3975 adhuc
2942 3920 3204 3975 t'elaodis.
3258 3918 3518 3973 Similiter

2018 4034 2037 4067 ι
2075 4015 2274 4085 placuit
2302 4025 2362 4069 ut
2415 4014 2666 4082 quisquis
2703 4012 2987 4080 episcopus
3023 4020 3243 4079 propter
3282 4011 3520 4065 necessi-

2019 4126 2035 4159 t
2078 4116 2242 4162 talem
2271 4106 2549 4177 virginalis
2588 4104 2863 4173 pudicitia!
2899 4104 2949 4157 in
2997 4103 3295 4171 periculum
3355 4102 3523 4155 addu-

2018 4218 2035 4251 ι
2075 4208 2196 4263 oue,
2233 4198 2454 4268 quando
2488 4197 2570 4251 vel
2600 4205 2795 4265 potens
2825 4202 3041 4248 amator
3067 4194 3149 4247 vel
3205 4202 3392 4262 raptor
3423 4191 3524 4244 ali-

2020 4310 2038 4342 ι
2080 4292 2202 4360 quis
2252 4298 2539 4360 suspectus
2596 4286 2783 4351 fuerit,
2817 4284 2900 4339 vel
2931 4285 3043 4354 ipsa
3092 4285 3251 4339 etiam
3308 4292 3527 4352 propter

2022 4398 2040 4433 ι
2081 4380 2418 4438 mortilerum
2456 4379 2672 4448 aliquod
2716 4374 3016 4444 periculum
3049 4382 3372 4442 compuncta
3408 4371 3527 4425 fuc-

2023 4492 2041 4525 ι
2081 4475 2172 4538 rit,
2205 4471 2619 4539 adhortantibus
2656 4470 2743 4523 vel
2809 4467 2927 4537 ejus
2963 4466 3300 4537 parentibus,
3332 4463 3413 4519 vel
3462 4464 3531 4518 iis

2023 4584 2043 4617 ε
2088 4564 2178 4633 qui
2210 4564 2327 4633 ejus
2356 4577 2544 4617 curant
2570 4566 2787 4630 gerunt,
2826 4566 2885 4612 ut
2914 4572 3020 4612 non
3055 4557 3171 4611 sine
3196 4556 3379 4610 habitu
3410 4568 3529 4607 uto-

2026 4677 2042 4709 t
2088 4657 2301 4725 riatur,
2371 4653 2630 4710 velaverit
2681 4652 2947 4723 virginem
3002 4650 3087 4705 vel
3145 4648 3338 4702 velavit
3389 4648 3531 4701 intra

2023 4750 2402 4805 «vicesimum
2487 4746 2743 4817 quintum
2820 4742 2996 4798 aetatis
3060 4755 3308 4805 annum;
3398 4737 3532 4792 nihil

2029 4858 2049 4891 ‹
2087 4854 2209 4894 eum
2246 4837 2404 4892 iazdet
2448 4836 2518 4892 de
2544 4850 2609 4891 eo
2635 4848 2899 4889 annorum
2956 4844 3184 4886 numero
3237 4830 3533 4884 constituta

2023 4950 2041 4982 ε
2087 4929 2345 5001 synodus.
2391 4947 2408 4979 ι

2020 5021 2215 5077 BALS.
2253 5021 2573 5078 Consecrari
2610 5020 2826 5089 quidem
2849 5018 3090 5089 virgines
3122 5025 3316 5072 tractat
3344 5027 3530 5071 sextus

1950 5130 2120 5172 canon
2155 5115 2439 5184 prmsentis
2464 5113 2674 5184 synodi.
2707 5118 2762 5166 et
2790 5110 3245 5181 quadragesimus
3275 5122 3526 5180 quartus,

1953 5219 2007 5262 ut
2037 5208 2088 5263 in
2125 5207 2465 5262 convenienti
2502 5214 2659 5260 aetate
2685 5205 2816 5275 ipsa:
2844 5206 3007 5259 etiam
3054 5204 3373 5259 diaconissaa
3400 5217 3530 5257 con-

1952 5302 2248 5355 stituantur
2283 5319 2296 5354 :
2331 5299 2571 5353 habitum
2604 5299 2764 5369 661
2812 5307 2993 5353 autem
3051 5312 3265 5351 sumere
3296 5306 3416 5366 post
3442 5296 3530 5349 vi-

1952 5395 2213 5449 cesimum
2260 5395 2505 5461 quintum
2539 5409 2739 5446 annum
2775 5408 2802 5446 a
2842 5393 3091 5463 prmsenti
3129 5407 3336 5445 canone
3367 5390 3529 5444 disci-

1954 5503 2092 5542 mus.
2124 5488 2311 5541 Dicunt
2344 5488 2487 5540 enim
2510 5486 2720 5552 Patres,
2749 5493 2805 5541 ul
2827 5486 2870 5541 si
2895 5486 3183 5555 episcopus
3208 5486 3288 5539 vel
3315 5484 3532 5545 velavit,

1956 5581 2058 5635 hoc
2105 5591 2209 5645 est,
2262 5580 2439 5634 induit
2499 5580 2765 5649 virginem
2816 5579 2926 5633 Deo
2985 5587 3385 5643 consecratam,
3451 5576 3537 5630 vel

1955 5675 2177 5741 velabit,
2242 5683 2368 5726 ante
2422 5681 2637 5728 nitatem
2731 5673 2919 5744 viginti
2979 5672 3215 5742 quinth
3272 5686 3537 5724 annorum

1960 5766 2121 5838 (forte
2148 5768 2290 5822 enim
2330 5767 2447 5835 ejus
2481 5767 2754 5834 pudicitiae
2804 5765 3167 5821 insidiabatur
3195 5776 3386 5835 potens
3436 5762 3538 5817 alio

1959 5858 2101 5929 quis,
2134 5857 2215 5915 vel
2252 5857 2549 5930 periculum
2606 5866 2724 5915 crat
2767 5874 2834 5916 ne
2890 5866 3176 5929 raperetur
3221 5859 3286 5914 ab
3331 5855 3536 5928 aliquo,
