4224 6440
780 398 888 467 415

2030 408 2130 467 ΤΗ
2141 405 2306 465 ΕΟΙ).
2350 402 2745 463 BALSAMON

3909 391 4006 455 ιιι

778 514 857 565 νει
892 516 1063 583 turpis
1092 517 1222 572 lucrl
1251 527 1577 588 captaturcs,
1614 528 1668 574 et
1709 523 1799 590 qtti
1845 522 2131 585 accipiunt,
2165 531 2218 573 ut
2261 520 2339 572 Vel
2372 519 2415 573 Α

2455 518 2516 580 ὓς
2556 517 2689 586 γυνὴ
2730 516 2823 567 καὶ
2867 514 3083 584 ἄνηϐος,
3129 512 3221 567 καὶ
3253 511 3420 571 ἄλλοι,
3464 508 3537 570 ὡς
3570 505 3807 567 ἐνόπλως
3851 521 4009 571 στρτ-

777 614 1055 671 accusent,
1080 608 1161 661 vel
1194 624 1297 664 non
1327 620 1602 670 accusent,
1627 620 1680 665 et
1703 612 1794 681 qui
1816 614 1948 667 duas
1977 613 2350 668 accusationes

777 695 1040 750 adversus
1088 699 1220 753 alios
1282 700 1714 766 inscripserunt,
1768 702 1857 757 alii
1911 712 2129 773 propter
2190 716 2345 756 suam

777 786 1161 855 conditionem,
1222 800 1278 843 ut
1314 792 1491 846 liberti
1535 803 1925 861 patronorum;
1974 782 2060 846 alii
2121 801 2339 861 propter

778 876 1061 932 calumnia:
1107 881 1494 949 suspicionem,
1524 893 1582 936 ut
1615 883 1703 952 qui
1745 882 1934 936 falsum
1986 882 2347 937 testimonium

777 964 1060 1033 dixerunt;
1092 969 1179 1021 alii
1208 979 1422 1037 prepter
1460 982 1849 1040 paupertatem,
1885 981 1941 1023 ut
1987 985 2213 1039 quorum
2264 968 2344 1022 fa-

777 1054 1003 1109 cultates
1029 1059 1413 1126 quinquaginta
1465 1076 1658 1115 aureos
1695 1077 1801 1116 non
1839 1061 2105 1116 valebant.
2143 1060 2217 1113 Hi’
2249 1075 2345 1112 au-

780 1152 886 1199 tem
918 1161 1104 1200 omnes
1132 1152 1374 1216 proprius
1412 1152 1633 1217 injurias
1680 1162 1735 1205 et
1760 1162 2110 1220 cognatorum
2146 1150 2344 1205 caedem

779 1236 1026 1302 persequi
1049 1252 1155 1288 non
1181 1246 1444 1293 vetantur.
1476 1240 1594 1293 Filii
1627 1248 1803 1293 autem
1832 1250 1884 1293 et
1915 1240 2088 1295 liberti
2119 1254 2149 1293 a
2196 1248 2349 1305 patre

777 1321 859 1374 vel
900 1323 1092 1378 liberto
1125 1329 1461 1395 possessione
1497 1329 1546 1382 vi
1590 1329 1749 1399 eiecti
1790 1346 1891 1385 non
1921 1340 2142 1398 possunt
2182 1331 2250 1387 de
2295 1331 2346 1385 vi

773 1410 1037 1479 judicium
1064 1431 1299 1480 movere,
1332 1418 1424 1472 sed
1457 1429 1623 1487 agunt
1654 1420 1720 1473 de
1751 1412 2110 1489 recuperanda
2137 1434 2349 1487 posses-

782 1502 954 1556 sione.
981 1506 1113 1557 Nam
1143 1516 1195 1559 et
1238 1507 1377 1560 filius
1414 1508 1673 1562 adversus
1705 1521 1927 1562 matrem
1956 1509 2023 1563 de
2070 1508 2349 1579 supposito

779 1602 930 1658 partu
982 1596 1111 1662 agit.
1164 1610 1228 1647 eo
1277 1600 1416 1665 quod
1463 1612 1566 1650 non
1604 1598 1766 1651 habet
1811 1599 2144 1653 cohteredem
2176 1637 2193 1662 ,
2242 1614 2344 1651 non

781 1694 909 1734 vero
930 1698 1046 1736 eam
1073 1683 1191 1755 falsi
1215 1695 1455 1739 accusat.
1488 1686 1678 1740 Mimos
1716 1697 1892 1741 autem
1920 1688 2037 1743 illos
2071 1688 2221 1750 dicit,
2253 1688 2342 1756 qui

779 1786 1037 1838 personas
1081 1775 1324 1839 induunt,
1358 1792 1634 1830 servorum
1681 1778 1837 1837 forte,
1880 1778 1958 1831 vel
2015 1777 2343 1833 mulierum:

780 1877 883 1915 non
913 1875 1088 1916 autem
1113 1880 1301 1920 omnes
1332 1867 1665 1936 tbymelicos.
1703 1867 1779 1920 Illi
1803 1870 1965 1933 enim,
1992 1869 2081 1936 qui
2114 1875 2344 1922 tractant
2378 1846 2419 1901 Β

779 1952 1135 2005 instrumenta
1159 1956 1383 2021 musica,
1410 1956 1559 2010 bona!
1592 1964 1719 2009 sunt
1745 1957 2183 2011 existimationis.
2210 1954 2341 2008 Tur-

780 2042 1003 2108 pitudini
1043 2059 1221 2097 autem
1271 2056 1395 2099 sunt
1441 2049 1682 2113 obnoxii,
1722 2048 2013 2103 secundum
2061 2062 2345 2111 canonem,

780 2132 1000 2187 lenones
1031 2137 1119 2211 qui
1154 2139 1528 2191 meretricibus
1563 2149 1823 2203 przesuut,
1854 2148 1909 2192 et
1945 2138 2030 2191 alii
2059 2138 2343 2206 ejusmodi.

779 2221 1015 2275 lnfames
1050 2238 1178 2276 vero
1216 2233 1342 2279 sunt
1374 2241 1494 2279 cum
1527 2227 1644 2280 aliis
1678 2236 1730 2279 et
1784 2228 2022 2282 bestiarii
2074 2231 2164 2297 qui
2208 2244 2348 2283 mer-

778 2314 961 2365 cedem
989 2315 1276 2382 accipiunt,
1300 2323 1358 2368 ut
1383 2324 1755 2385 pugnentcum
1779 2318 1988 2382 bell-tis,
2012 2328 2065 2373 et
2085 2335 2180 2388 pro
2202 2321 2349 2375 lucro

779 2403 943 2455 vitam
974 2419 1124 2458 suam
1157 2406 1487 2473 projiciunt;
1525 2402 1830 2461 nou'autem
1862 2408 1959 2474 illi,
2002 2410 2090 2477 qui
2133 2411 2347 2464 virtutis

781 2497 1112 2549 ostentanda:
1128 2498 1299 2565 gratia
1329 2507 1643 2552 concertant
1665 2515 1789 2553 cum
1823 2498 2028 2554 bestiis.
2057 2498 2175 2552 Non
2205 2501 2345 2554 enim

781 2586 941 2646 actio.
969 2587 1061 2640 sed
1092 2588 1253 2641 animi
1308 2590 1639 2657 propositum
1688 2591 1773 2645 hic
1827 2590 2091 2661 punitnr':
2133 2590 2254 2659 quia
2292 2602 2347 2645 et

781 2674 882 2743 ipsi
912 2690 1064 2746 reges
1094 2689 1333 2746 pugnant
1371 2695 1490 2734 cum
1527 2680 1733 2736 bestiis.

852 2975 1103 3029 ZONAR.
1159 2975 1265 3030 Nec
1312 2991 1566 3032 accusare
1612 2977 1777 3043 servi,
1839 2992 1935 3033 nec
1987 2980 2351 3034 testimonium

782 3064 980 3128 dicere,
1027 3080 1126 3119 nec
1170 3068 1269 3120 alia
1302 3067 1544 3135 quaedam
1591 3084 1845 3122 exercere
1895 3070 2097 3129 legibus
2130 3072 2354 3139 permit-

2448 610 2749 679 τευόμενοι,
2802 608 2949 663 ἄλλοι
2994 608 3070 668 ὡς
3119 607 3398 675 ἄρχοντες,
3442 602 3587 656 ἄλλοι
3629 600 3705 660 ὦς
3749 599 3936 667 ἄτιμοι
3977 596 4008 665 ἢ

2448 698 2877 769 αἰσχροκερδεῖς,
2910 697 3001 750 καὶ
3026 696 3390 764 λαμϐάνοντες
3419 693 3509 746 ἐπὶ
3531 690 3609 761 τῷ
3638 687 4010 758 κατηγορῆσαι

2447 790 2482 858 ἢ
2508 792 2581 859 μὴ
2600 775 2992 858 κατηγορῆσαι,
3020 788 3112 840 καὶ
3134 786 3182 839 οῖ
3204 787 3295 840 δύο
3318 784 3649 854 κατηγορίας
3671 780 3793 835 καθ’
3810 781 4013 845 ἐτέρων

2448 879 2893 947 ἐγγραψάμενοιο
2940 878 3090 931 ἄλλοι
3131 876 3222 928 διὰ
3270 874 3370 943 τὴν
3422 872 3628 943 αἵρεσιν
3681 870 3886 929 αὐτῶν.
3938 869 4014 931 ὡς

2446 969 2799 1036 ἀπελεύθεροι
2825 968 2930 1021 τῶν
2953 967 3249 1034 πατρὼνων
3273 981 3287 996 ο
3323 965 3471 1018 άλλοι
3502 963 3569 1015 δι’
3597 961 3832 1028 ὑποψίαν
3858 974 4017 1012 συκο-

2448 1060 2697 1129 φαντίας,
2758 1059 2833 1121 ὠς
2893 1060 2938 1111 ul
3002 1053 3655 1126 ψευδομαρτυρήσαντες·
3718 1048 3873 1101 ἄλλοι
3926 1046 4017 1101 διά

2448 1154 2662 1214 πενίαν,
2721 1150 2796 1212 ὡς
2856 1149 2933 1219 μὴ
2993 1148 3206 1217 ἔχοντες
3265 1144 3603 1211 πεντήκοντα
3660 1139 4015 1209 νομισμάτων

2446 1243 2651 1296 οὐσίαν.
2691 1234 2853 1295 Οὗτοι
2888 1240 2947 1293 δέ
2989 1239 3188 1299 πάντες
3240 1234 3559 1303 ἐγκλήματα
3594 1231 3700 1284 ἴδια
3734 1230 3826 1283 καὶ
3856 1228 4017 1297 φόνον

2450 1332 2729 1401 συγγενῶν
2766 1331 2998 1383 ἐκδικεῖν
3027 1328 3301 1382 δύνανται.
3348 1324 3539 1380 Παῖδες
3567 1322 3624 1374 δέ
3658 1323 3747 1375 καὶ
3781 1317 4016 1372 άττελεὺο

2449 1424 2596 1492 θεροι
2632 1423 2817 1492 βιαίως
2847 1421 3018 1490 νομῆς
3050 1418 3403 1485 ἐκϐληθέντες
3436 1414 3586 1484 παρὰ
3616 1410 3711 1464 τοῦ
3746 1409 3954 1475 πατρὸς
3981 1406 4016 1477 ἢ

2446 1516 2541 1567 τοῦ
2572 1514 2873 1584 πάτρωνος,
2901 1512 2961 1564 τδ
2989 1511 3086 1582 μέν
3119 1510 3368 1577 ἔγκλημα
3398 1507 3495 1575 τῆς
3527 1504 3645 1575 βίας
3674 1502 3735 1555 οὗ
3762 1502 4017 1555 δύνανται

2446 1608 2617 1658 κινεῖν
2640 1620 2654 1635 ·
2685 1606 2764 1666 εἰς
2793 1603 2849 1655 δέ
2878 1604 2939 1657 τὸ
2968 1601 3257 1655 ἀναλαϐεῖν
3275 1598 3371 1669 τὴν
3395 1599 3564 1667 νομὴν
3592 1593 3822 1648 κινοῦσι.
3853 1592 3965 1645 Καὶ
3990 1592 4020 1642 ό

2449 1696 2564 1758 υἱὸς
2599 1694 2707 1764 γάρ
2736 1693 2880 1750 κατὰ
2912 1694 3116 1763 μητρὸς
3148 1690 3273 1760 περί
3306 1686 3693 1757 ὑποϐολιμαίου
3726 1685 3899 1746 κινεῖ,
3930 1682 4019 1736 διά

2446 1788 2505 1841 τὸ
2549 1788 2625 1859 μὴ
2674 1790 2822 1855 σχεῖν
2849 1784 3013 1839 αὐτὸν
3045 1778 3479 1851 συγκληρονόμον
3499 1817 3515 1843 ,
3555 1777 3616 1831 οὐ
3657 1778 3766 1847 μὴν
3799 1775 3860 1830 τὸ
3892 1774 4021 1843 περὶ

2448 1876 2922 1947 πλαστογραφίας.
2957 1874 3173 1943 Μίμους
3219 1870 3401 1941 μέντοι
3432 1869 3673 1930 ἐκείνους
3702 1867 3862 1933 λέγε,
3898 1866 4023 1925 τοὺς

2447 1970 2766 2039 προσωπεῖα
2791 1964 3210 2033 ὑποδυομένους,
3234 1960 3435 2014 δούλων
3458 1959 3625 2026 τυχὸν
3649 1958 3682 2027 ἢ
3713 1957 3805 2009 καὶ
3834 1972 4023 2023 γυναι-

2447 2060 2579 2121 κῶν,
2612 2060 2705 2111 καὶ
2739 2057 2812 2126 μὴ
2842 2056 3048 2115 πάντας
3077 2053 3202 2113 τοὺς
3230 2053 3328 2120 τῆς
3355 2049 3621 2119 θυμέλης.
3658 2047 3886 2118 Ἐκεῖνοι
3912 2044 4021 2112 γὰρ

2446 2151 2497 2204 οἰ
2554 2151 2622 2203 τά
2681 2145 2913 2217 μουσικά
2974 2144 3181 2213 ὄργανα
3252 2140 3749 2212 μεταχειριζόμενοι
3804 2138 4016 2205 ἐντιμοί

2451 2244 2614 2296 εἰσιν.
2654 2239 2989 2310 Αἰσχρότησι
3018 2238 3074 2291 δέ
3105 2234 3500 2307 ὐποϐἐϐληνται
3532 2231 3675 2285 κατὰ
3704 2230 3793 2283 τὸν
3822 2227 4029 2283 κανόνα

2447 2334 2498 2386 οἰ
2545 2330 2878 2402 προαγωγοὶ.
2933 2329 2982 2383 οῖ
3037 2324 3415 2398 πορνευουσῶν
3468 2323 3878 2392 προϊστάμενοι,
3930 2316 4031 2371 καὶ

2448 2425 2628 2494 ἕτεροι
2665 2421 2913 2476 τοιοῦτοι.
2951 2417 3056 2473 Καὶ
3084 2418 3269 2487 ἄτιμοι
3296 2416 3352 2470 δέ
3383 2417 3489 2469 εἰσι
3520 2414 3617 2467 σὺν
3644 2413 3825 2472 ἄλλοις
3856 2408 3953 2461 καὶ
3977 2410 4025 2461 οῖ

2450 2513 2810 2584 θηριομάχοι,
2844 2514 2892 2565 οἰ
2930 2510 3120 2581 μισθὸν
3152 2508 3528 2577 λαμϐάνοντες
3556 2505 3715 2575 χάριν
3745 2501 3839 2555 τοῦ
3865 2500 4026 2554 ⁴πολε-

2454 2609 2625 2677 μῆσαι
2648 2604 2855 2674 θηρίον,
2887 2602 2981 2655 καὶ
3002 2603 3094 2655 διά
3119 2599 3307 2669 κέρδος
3332 2597 3430 2668 τὴν
3452 2595 3658 2649 οἰκείαν
3681 2591 4029 2663 προδιδόντες

2452 2700 2621 2767 ζωὴν,
2651 2698 2710 2752 οὐ
2745 2696 2852 2767 μὴν
2876 2696 2925 2747 οἰ
2950 2692 3039 2747 διά
3063 2692 3324 2755 ἐπίδειξιν
3349 2686 3600 2759 ἀνδρείας
3627 2681 4027 2757 θηριομαχοῦν-

2450 2808 2559 2854 τες.
2590 2791 2665 2844 Οὐ
2700 2789 2808 2858 γάρ
2851 2788 2885 2856 ἠ
2916 2784 3132 2856 πρᾶξις.
3182 2780 3317 2835 ἀλλὰ
3353 2781 3387 2850 ἡ
3438 2770 4035 2849 πρωίρεσιςεένταῦθα

2454 2884 2770 2946 κολάζεται·
2806 2880 2887 2933 ὅτι
2928 2878 3024 2931 καὶ
3057 2873 3299 2945 βασιλεῖς
3328 2866 3781 2940 Θηριομαχοῦσιν.

2524 2973 2770 3027 ΖΩΝΑΡ.
2805 2971 2869 3024 Ol.
2903 2968 3080 3022 δοῦλοι
3119 2967 3231 3026 τοῖς
3263 2964 3450 3031 νόμοις
3497 2956 3861 3029 άπρόσδεκτοί
3892 2957 4033 3009 εἰσιν

2456 3065 2535 3126 είς
2560 3064 2619 3116 τδ
2646 3060 2869 3127 ἀνάγειν
2893 3058 2924 3128 ἢ
2960 3057 3257 3129 μαρτυρεῖν
3284 3052 3378 3106 καὶ
3404 3053 3480 3114 εἰς
3499 3050 3661 3118 ἕτερα
3691 3065 3705 3079 ’
3736 3049 3784 3101 οἰ
3815 3048 3870 3100 δὲ
3900 3048 4035 3100 άπε-

785 3165 1008 3211 tnntur:
1056 3156 1231 3209 liberti
1264 3172 1415 3221 vero,
1448 3158 1583 3210 alios
1615 3159 1828 3226 quidem
1880 3160 1931 3213 in
1975 3162 2233 3226 judicium
2278 3163 2351 3215 rei
2380 3159 2423 3215 C

2456 3154 2703 3223 λεύθεροι
2736 3150 2878 3205 κατὰ
2922 3148 3018 3219 μέν
3050 3147 3222 3203 ἄλλων
3258 3144 3511 3197 δύνανται
3560 3141 3774 3207 ἐνάγειν
3809 3140 3906 3191 καὶ
3946 3140 4035 3204 ἐγ-

784 3260 999 3313 quoque
1023 3248 1272 3313 capitalis
1294 3262 1484 3301 vocare
1509 3257 1731 3317 possunt
1758 3265 1771 3312 ;
1811 3264 1915 3301 non
1950 3260 2122 3303 tamen
2156 3267 2270 3312 eos,
2316 3267 2345 3305 a

784 3338 977 3403 quibus
1030 3339 1363 3401 manumissi,
1393 3351 1483 3391 aut
1513 3355 1698 3393 eorum
1728 3340 1946 3403 liberos,
1988 3356 2085 3394 nec
2117 3342 2180 3394 ad
2212 3356 2348 3410 quos

786 3428 1096 3481 haereditate
1121 3438 1435 3493 patrouatns
1459 3432 1577 3496 jura
1615 3445 1926 3497 pervenere.
1958 3430 2048 3483 Est
2082 3447 2206 3484 vero
2252 3447 2347 3501 pa-

786 3525 1028 3570 trouatus
1074 3516 1258 3570 Latina
1289 3520 1475 3582 dictio,
1501 3534 1526 3568 a
1555 3517 1757 3573 Graecis
1799 3534 2015 3588 quoque
2064 3529 2346 3587 usurpata,

784 3622 905 3675 qua!
942 3608 1029 3675 jus
1077 3609 1344 3676 quoddam
1381 3610 1717 3663 auctoritatis
1755 3610 1806 3662 in
1842 3608 2000 3663 alium
2059 3623 2120 3661 ac
2175 3607 2351 3661 tutelte

787 3700 1004 3753 indicat.
1043 3700 1225 3766 Neque
1253 3701 1417 3767 igitur
1449 3716 1637 3754 servus
1671 3703 1737 3753 ad
1777 3700 2009 3769 episcopi
2050 3714 2139 3750 aut
2166 3699 2349 3753 clerici

785 3791 1183 3844 accusationem
1210 3806 1381 3844 Callon
1426 3792 1683 3855 admittit,
1728 3806 1827 3845 nec
1865 3800 2236 3847 accusatorum
2282 3788 2351 3841 li-

785 3885 985 3955 bet-tog,
1021 3899 1116 3937 nec
1152 3885 1359 3948 aliquos
1382 3884 1536 3945 alios,
1571 3884 1664 3952 qui
1715 3883 1890 3949 legum
1935 3883 2170 3936 civilium
2215 3892 2350 3936 cott-

784 3975 1153 4026 stitntionibus
1182 3972 1248 4025 ab
1278 3975 1629 4028 accusatione
1656 3972 1917 4028 criminali
1945 3982 2218 4037 arcentur,
2258 3988 2352 4026 ne-

784 4081 888 4131 que
921 4064 1171 4126 infames,
1205 4064 1390 4132 quales
1413 4074 1538 4119 sunt
1570 4064 1743 4127 mimi,
1775 4064 1978 4134 quique
2008 4080 2129 4118 eum
2162 4064 2353 4119 beSIiis

788 4169 1027 4228 pugnant
1064 4159 1143 4211 vel
1176 4159 1267 4226 qni
1300 4157 1673 4225 gladiatoriam
1703 4164 1959 4211 exercent
1988 4194 2003 4209 .
2035 4155 2136 4210 Per
2161 4156 2354 4210 mimos

785 4264 912 4303 vero
951 4247 1195 4302 scenicos
1236 4261 1424 4299 omnes
1467 4245 1749 4310 intellexit,
1775 4260 1999 4312 quorum
2020 4260 2083 4300 cx
2107 4259 2351 4308 numero,

782 4342 873 4410 qui
900 4340 1112 4407 quidem
1139 4348 1417 4405 spectante
1443 4340 1765 4406 imperatore
1786 4338 1919 4392 artis
1943 4352 2055 4390 sute
2079 4336 2351 4403 specimen

782 4434 969 4493 edunt,
1005 4432 1210 4485 honesti
1243 4447 1269 4481 a
1320 4430 1525 4494 legibus
1557 4429 1974 4482 existimantur:
2009 4428 2099 4496 qui
2137 4441 2261 4480 vero
2297 4426 2350 4479 in

786 4526 901 4577 foro
955 4538 1135 4576 coram
1183 4523 1431 4589 imperita
1485 4521 1826 4573 multitudine
1872 4519 2026 4572 ludos
2070 4516 2350 4580 exhibent,
2387 4500 2427 4553 ο

786 4615 1014 4669 infames
1040 4614 1327 4667 ducuntur.
1366 4611 1624 4665 Similiter
1670 4620 1724 4663 et
1773 4610 1807 4662 ii
1843 4608 1934 4679 qui
1993 4623 2115 4661 cum
2167 4607 2353 4660 bestiis

784 4714 1042 4773 pugnant,
1078 4703 1169 4769 qui
1200 4702 1360 4765 etiam
1412 4696 1697 4753 venatores
1731 4699 2005 4761 dicuntur,
2039 4706 2098 4750 ut
2144 4705 2199 4749 et
2245 4696 2359 4764 gla-

786 4798 1068 4861 diatores;
1107 4795 1149 4847 si
1182 4794 1397 4860 quidem
1431 4792 1762 4846 fortitudinis
1790 4791 2122 4846 ostentandae
2143 4789 2357 4857 gloria:-

784 4902 887 4955 que
909 4885 1281 4953 c0ntparanda'
1324 4882 1501 4936 studio
1530 4882 1813 4935 bestiarios
1842 4889 2007 4946 agunt
2037 4889 2131 4933 aut
2158 4879 2360 4947 gladia-

786 4988 953 5041 tores.
983 4978 1125 5032 nulla
1160 4978 1284 5030 hinc
1327 4989 1420 5029 eos
1450 4974 1672 5027 honoris
1700 4972 1910 5040 jactura
1960 4972 2308 5039 consequitur
2340 4984 2355 5021 :

784 5074 869 5127 sin
928 5071 1174 5124 mercede
1218 5066 1498 5129 conducti,
1552 5064 1846 5133 ignominia
1890 5073 2168 5115 notantur.
2224 5060 2355 5113 Nam

784 5138 1088 5231 quicunque.
1114 5163 1234 5214 vita:
1259 5176 1369 5215 sua:
1396 5158 1542 5213 haud
1567 5172 1816 5226 parcens,
1846 5170 1962 5209 eam
1994 5154 2166 5224 pretio
2195 5169 2359 5206 vena-

788 5257 887 5309 Ictn
920 5254 1098 5311 habet.
1134 5264 1480 5319 mortemque
1529 5266 1689 5304 causa
1730 5248 1863 5301 int-ri
1904 5247 2202 5302 ccutetnnit
2229 5262 2243 5309 ;
2267 5244 2358 5313 qui

791 5347 903 5401 fieri
950 5354 1146 5415 potest,
1176 5344 1337 5415 665
1374 5354 1430 5396 ut
1463 5339 1855 5396 existimationi
1903 5355 2011 5391 sua:
2059 5338 2361 5406 honorique

789 5439 1018 5509 parcat?
1054 5438 1157 5491 Sed
1192 5451 1364 5505 neque
1406 5435 1674 5490 haereticis
1723 5442 1818 5485 aut
1859 5431 2161 5485 infidelibus
2200 5444 2359 5481 accu-

2455 3243 2828 3314 κληματικῶς,
2852 3240 2991 3295 κατά
3020 3240 3075 3292 δὲ
3098 3238 3206 3290 τῶν
3232 3233 3612 3304 ἐλευθερωτῶν
3638 3231 3840 3291 αὐτῶν,
3867 3230 3903 3299 ἢ
3927 3229 4033 3281 τῶν

2455 3337 2663 3390 παίδων
2695 3334 2896 3392 αὐτῶν.
2930 3332 2963 3400 ἦ
2994 3330 3101 3382 τῶν
3125 3327 3479 3397 κληρονόμων
3504 3325 3611 3376 τῶν
3642 3324 3875 3389 ἐχόντων
3912 3319 4030 3371 κατ’

2456 3429 2635 3483 αὐτῶν
2666 3422 2985 3494 πατρωνικὰ
3017 3421 3199 3474 δίκαια
3230 3418 3289 3471 οὐ
3324 3418 3602 3470 δύνανται.
3648 3414 3711 3466 Ἡ
3747 3409 4031 3480 παροινία

2454 3520 2513 3572 δέ
2553 3517 2835 3587 Ῥωμαῖκὴ
2858 3511 2991 3567 οὖσα
3021 3512 3164 3576 λέξις
3190 3510 3285 3562 καῖ
3313 3505 3761 3573 ἐξελληνιζομινη
3796 3518 4037 3569 προστα-

2459 3610 2548 3661 σία
2598 3608 2822 3659 νοεῖται.
2877 3603 3017 3657 Οὔτε
3069 3600 3163 3653 οὖν
3198 3598 3417 3658 δούλους
3456 3596 3669 3664 δέχεται
3707 3590 4038 3659 κατηγορεῖν

2456 3697 2771 3751 ἐπισκόπων
2805 3696 2898 3750 καί⁵
2931 3690 3214 3761 κληρικῶν
3258 3689 3286 3740 ὸ
3322 3685 3532 3741 κανὼν.
3583 3682 3705 3735 οὔτε
3738 3679 4038 3734 ἀπελευθέ-

2461 3806 2585 3859 ρους
2618 3788 2780 3849 ἰδίους
2803 3785 2910 3839 τῶν
2937 3766 3454 3850 κατηγορουμένων,
3483 3775 3605 3828 οὕτε
3638 3774 3785 3835 τινας
3820 3772 4032 3832 ἄλλους,

2456 3880 2549 3946 οὒς
2599 3882 2646 3933 οἰ
2691 3875 2959 3931 πολιτικοὶ
3006 3873 3163 3941 νόμοι
3214 3869 3543 3937 κατηγορεῖν
3596 3863 3898 3917 κωλύουσιν
3950 3862 4043 3915 ἐπ⁸

2457 3974 2816 4042 ἐγκλήμασιν,
2844 3966 2967 4019 οὗτε
2997 3963 3243 4031 ἀτίμους,
3274 3955 3385 4012 οἷον
3418 3958 3612 4026 μίμους
3647 3962 3738 4007 καὶ
3767 3953 4037 4021 θηριομάο

2458 4082 2584 4135 χους
2607 4062 2639 4131 ἢ
2666 4058 3027 4130 μονομάχους.
3049 4053 3146 4106 Διὰ
3167 4052 3222 4104 δὲ
3251 4050 3359 4103 τῶν
3388 4048 3573 4117 μίμων
3601 4048 3724 4107 τοὺς
3748 4046 4040 4113 σκηνικοὺς

2462 4134 2668 4215 πάντας
2696 4150 2968 4220 ἐδήλωσεν
2989 4188 3004 4211 ,
3039 4139 3114 4198 ὧν
3152 4146 3200 4196 οῖ
3237 4143 3369 4212 ptui,
3399 4140 3649 4199 εἰωθότες
3680 4135 3914 4194 ἐνώπιον
3946 4134 4037 4188 τοῦ

2461 4243 2725 4317 βασιλέως
2780 4240 2851 4293 τὰ
2905 4236 3115 4291 ἐαυτῶν
3170 4229 3577 4317 ἐνδείκνυσθαιή
3602 4227 4045 4296 ἐπιτηδεύματα,

2460 4308 2666 4404 ἐντιμοι
2699 4333 2811 4391 τοῖς
2843 4329 3029 4397 νόμοις
3060 4323 3406 4391 λογίζονται·
3437 4321 3486 4372 οῖ
3518 4308 3577 4372 δὲ
3608 4320 3665 4371 ἐν
3696 4316 4045 4386 πανηγύρεσι

2462 4429 2554 4481 καὶ
2583 4423 2904 4491 δημοτικοῖς
2934 4415 3281 4472 συνελεύσεσι
3306 4413 3588 4475 παίζοντες
3612 4410 3798 4477 άτιμοι
3825 4408 4040 4478 κρίνον-

2456 4529 2572 4566 ται·
2632 4511 2834 4581 ὁμοίως
2895 4509 2987 4560 καὶ
3042 4508 3090 4558 οἰ
3144 4502 3493 4573 Θηριομάχοι,
3556 4498 3606 4550 οῖ
3659 4501 3753 4550 καὶ
3809 4498 4040 4563 κυνηγοί

2456 4604 2833 4673 ὀνομάζονται,
2865 4601 2959 4651 καὶ
2990 4595 3445 4667 μονομαχοῦντες,
3480 4592 3529 4644 εἰ
3561 4591 3658 4660 μὲν
3682 4587 3750 4642 δι’
3781 4588 4043 4654 ἐπίδειξιν

2454 4695 2706 4766 ἀνδρείας
2748 4694 2843 4745 καὶ
2864 4691 3019 4758 δόξης
3042 4688 3219 4758 ἔρωτα
3256 4683 3683 4754 θηριομαχοῦσιν
3726 4684 3757 4748 ἢ
3797 4697 4041 4750 μονομαο

2454 4788 2664 4859 χοῦσιν,
2696 4783 2935 4855 ἐπίτιμοι
2956 4779 3114 4834 εἰσινο
3136 4778 3256 4831 εἰδὲ
3277 4777 3363 4859 διά
3387 4775 3596 4845 μισθὸν,
3617 4774 3824 4840 ἄτιμοι.
3856 4771 3917 4823 '0
3935 4774 4042 4840 γάρ

2452 4858 2549 4947 τῆς
2563 4880 2766 4938 οἰκεὶας
2785 4873 2927 4946 ζωῆς
2948 4874 3021 4943 μὴ
3040 4858 3373 4939 φειδόμενος,
3397 4867 3531 4920 άλλά
3551 4863 3742 4933 μιτθοῦ
3760 4862 4041 4933 προδιδοὺς

2454 4969 2647 5039 αὐτὴν,
2689 4967 2783 5019 καὶ
2810 4966 3043 5018 Οανάτου
3084 4962 3171 5014 διὰ
3197 4959 3385 5027 κέρδος
3419 4952 3792 5023 καταφρονῶν.
3835 4952 3954 5013 πῶς
3979 4952 4044 5003 ἂν

2457 5062 2555 5129 τῆς
2578 5058 2780 5118 οἰκείας
2819 5056 3065 5123 φείσεται
3089 5052 3406 5121 ὑπολήψεως
3431 5064 3448 5112 ;
3484 5045 3731 5101 άλλόὐδδ
3748 5044 4044 5112 αἰρετικοῖς

2460 5153 2494 5221 ἦ
2530 5150 2778 5212 ἀπίστοις
2800 5146 2982 5200 δίδωσι
3006 5145 3348 5213 κατηγορεῖν.
3381 5140 3442 5194 Εἰ
3482 5139 3537 5191 δὲ
3566 5137 3697 5200 ἰδίας
3739 5138 3788 5190 οἰ
3812 5136 4044 5189 τοιοῦτοι

2463 5244 2640 5307 αἰτίας
2673 5242 2876 5312 ἔχουσι,
2903 5238 2997 5291 καὶ
3029 5237 3154 5305 περὶ
3180 5233 3383 5287 τούτων
3404 5232 3674 5298 ἐνάγουσι,
3706 5228 4044 5298 προσδεχθή-

2467 5352 2670 5397 σονται,
2722 5333 2827 5387 κᾶν
2870 5328 2989 5384 κατ’
3032 5327 3343 5381 ἐπισκόπων
3382 5324 3415 5392 ἢ
3466 5322 3740 5392 κληρικῶν
3784 5321 4042 5388 ἐνάγωσι.

2464 5429 2545 5481 Τά
2598 5426 2738 5479 αὐτὰ
2797 5423 2854 5475 δέ
2908 5418 3201 5490 διορίζεται
3270 5414 3365 5467 καὶ
3422 5417 3451 5468 ὀ
3497 5414 3651 5477 ἕκτος
3708 5410 3888 5465 κανὼν
3947 5410 4044 5474 τῆς

790 5546 910 5586 sare
936 5534 1114 5583 datum
1135 5540 1237 5584 est.
1263 5528 1364 5594 Qui
1390 5539 1562 5582 tamen
1587 5540 1796 5588 onun-s,
1826 5525 1871 5578 si
1900 5524 2096 5591 aliquid
2130 5523 2363 5576 habeant

2466 5520 2723 5589 δευτέρας
2750 5514 2989 5569 συνόδου.
3030 5508 3431 5580 Ἀναγνωστέον
3454 5505 3545 5559 καὶ
3566 5505 3633 5557 τὰ
3657 5504 3713 5555 ἐν
3740 5502 3940 5571 ἐκείνῳ
3956 5515 4047 5568 για

794 5622 1011 5690 primum
1044 5621 1449 5682 contratersizn,
1499 5637 1562 5676 ac
1591 5620 1658 5674 de
1691 5634 1754 5675 ea
1786 5617 1887 5671 sibi
1934 5615 2193 5685 judicium
2243 5614 2358 5666 dari

2469 5613 2779 5681 γραμμένα.

791 5720 1157 5782 velint,ct’am
1181 5722 1734 5789 adversuscpiscopm
1772 5728 1824 5772 et
1867 5716 2094 5771 clericos
2134 5715 2438 5769 autlicutur.
2495 5709 2688 5763 Eadem
2764 5715 2947 5762 sextus
3012 5717 3227 5774 quoque
3307 5696 3555 5756 secundm
3606 5690 3795 5765 synodi
3873 5698 4050 5744 canon

800 5818 985 5874 edicit.
1026 5817 1101 5873 Tu
1130 5836 1246 5893 qua:
1279 5821 1328 5877 iu
1354 5834 1474 5876 eum
1504 5819 1704 5887 scripta
1736 5822 1856 5871 sunt
1889 5812 2022 5867 ride.
