4224 6440
256 430 363 496 417

1249 435 1329 496 ΙΝ
1368 437 1529 499 CAN.
1566 434 1801 498 CXXXI
1840 438 2046 499 CONC.
2110 439 2483 502 CARTHAG.

3371 445 3477 508 418

270 544 508 601 ’ΔΡΙΣἸἈ
548 562 567 598 ε
605 547 712 599 Καὶ
756 548 783 599 6
813 546 1017 611 δοῦλος,
1048 546 1143 600 καὶ
1185 548 1214 599 6
1245 548 1624 619 ἀπελεύθερος,
1668 552 1762 602 καὶ
1791 552 1819 601 6
1848 556 1889 609 Α
1920 553 1938 603 1

1806 552 1819 601 i
1848 556 1889 609 Α
1920 549 2141 604 ABIST.
2173 570 2191 603 1
2228 552 2290 605 Et
2318 568 2527 617 servus,
2556 563 2608 607 et
2636 554 2879 617 libertus,
2907 564 2959 609 et
2986 554 3074 624 qui
3101 567 3225 609 ante
3250 570 3474 613 accusa-

338 655 356 686 1
394 638 896 706 προκατηγορηθεὶς
936 637 1025 688 επί
1060 656 1111 691 τι
1148 639 1258 690 τῶν
1284 639 1343 691 οὐ
1379 640 1817 709 προσδεχομένων

336 744 355 777 1
394 725 472 795 τῷ
506 727 767 796 δημοσίῳ,
802 728 897 779 καὶ
930 729 960 779 6
994 730 1175 797 μῖμος,
1212 731 1305 781 καὶ
1339 729 1368 781 6
1399 730 1631 805 ⁴Ἕλλην,
1670 732 1761 784 καὶ
1790 732 1819 784 6

339 832 361 867 1
400 817 696 885 ιιίρετικδς,
731 817 824 867 καὶ
853 819 881 870 6
924 816 1193 880 Ἰουδαῖος.
1236 835 1255 869 ι

328 910 405 962 06
441 908 521 962 61!
547 909 910 973 ἀνεξετάστως
935 912 1031 973 τὰς
1063 911 1200 964 κατὰ
1231 914 1538 966 ἐπισκόπων
1567 912 1600 983 ἢ
1631 913 1818 981 κληρι-

258 997 373 1049 κῶν
417 997 747 1067 κατηγορίας
792 997 825 1065 η
868 998 1170 1066 μαρτυρίας
1212 998 1637 1069 προσδέχεσθαι·
1683 1000 1817 1054 άλλά

254 1088 573 1155 ἀνακρίνειν
619 1088 741 1148 τοὺς
795 1088 1227 1156 κατηγοροῦντας
1281 1088 1314 1159 ἢ
1369 1090 1813 1159 μαρτυροῦντας,

253 1177 429 1229 ὁποῖοί
462 1179 567 1228 είσι
599 1176 737 1229 κατὰ
771 1178 860 1229 τὸν
884 1177 1039 1229 ῑκτον
1070 1178 1267 1230 κανόνα
1300 1178 1397 1246 τῆς
1429 1180 1487 1232 tv
1520 1181 1813 1235 Κωνσταν-

251 1264 557 1317 τινουπόλει
608 1266 826 1319 συνόδου
853 1280 869 1297 ³
918 1268 1012 1319 καί
1057 1267 1106 1318 εί
1162 1266 1259 1334 μὶν
1302 1267 1394 1320 16v
1439 1268 1551 1338 βίον
1601 1270 1814 1338 ιχουσιν

251 1356 562 1424 ἄμεμπτον,
594 1358 685 1409 καὶ
717 1358 815 1425 τὴν
843 1357 1136 1426 θρησκείαν
1165 1357 1463 1426 ὀρθόδοξον,
1495 1360 1811 1430 προσίεσθαι

250 1445 449 1507 αὐτούς
467 1460 483 1477 ·
512 1448 558 1498 εί
586 1446 643 1501 66
668 1448 702 1516 ἢ
729 1447 903 1500 δοῦλοί
931 1448 1066 1500 είσιν
1100 1442 1265 1516 (οὗτοι
1293 1450 1402 1518 γὰρ
1435 1452 1527 1502 καὶ
1567 1450 1675 1503 61:6
1704 1450 1811 1503 τῶν

247 1534 546 1588 πολιτικῶν
568 1537 748 1605 νόμων
768 1537 885 1591 0666
910 1538 1030 1592 καθ’
1048 1538 1373 1608 οίουδήτινος
1392 1542 1811 1610 ίγκληματικῶς

257 1624 290 1692 ἢ
327 1626 684 1695 χρημτικῶς
710 1664 727 1691 ,
774 1626 985 1694 δνάγειν
1024 1627 1058 1697 ἢ
1100 1630 1394 1697 μαρτυρεῖν
1426 1629 1721 1698 δύνανται),
1775 1632 1807 1701 ἢ

245 1716 601 1782 ἀπελεύθεροι
648 1719 768 1771 ῐδιοι
820 1718 913 1772 τοῦ
964 1720 1439 1789 κατηγορουμένου
1491 1720 1807 1790 (κωλύονται

245 1806 356 1875 γὰρ
392 1807 485 1858 καὶ
512 1799 657 1859 οὗτοι
688 1806 796 1860 ἀπὸ
823 1808 998 1876 νόμων
1030 1810 1166 1862 κατὰ
1190 1808 1298 1861 τῶν
1326 1808 1805 1880 ἐλευθερωσάντων

243 1896 443 1958 αὐτοὺς
466 1895 554 1949 61:‘
578 1897 887 1966 εγκλήμασι
916 1900 1235 1969 μαρτυρεῖν,
1264 1899 1351 1952 διὰ
1379 1900 1440 1952 16
1460 1901 1804 1955 ἁπαιτείσθαι

244 1984 454 2053 τιμίους
481 1988 575 2039 καὶ
603 1986 789 2055 ἁγίους
816 1987 941 2051 τοὺς
974 1988 1261 2057 πάτρωνας
1298 1988 1496 2055 αὐτῶν,
1528 1990 1647 2060 ἦτοι
1681 1993 1804 2054 τοὺς

242 2074 631 2145 ὶλευθερωτάς,
666 2075 1075 2148 λογίζεσθαι),ἢ
1109 2081 1677 2151 προκατηγορηθεντες
1708 2086 1802 2136 aut

240 2165 317 2232 μὴ
368 2167 732 2235 προφανέντος
769 2166 1067 2235 ἁνεύθυνοι,
1099 2168 1132 2238 ἢ
1179 2170 1235 2222 iv
1262 2170 1504 2241 δημοσίῳ
1536 2188 1801 2239 κατακρι-

240 2256 421 2317 θέντες
450 2256 804 2327 δικαστηρίῳ,
828 2260 922 2312 καὶ
951 2261 1115 2330 μήπω
1138 2260 1247 2314 61:6
1275 2261 1558 2333 βασιλικῆς
1581 2264 1802 2332 161971-

240 2349 357 2410 6t'6;
384 2348 462 2410 είς
484 2348 583 2418 τὴν
606 2349 810 2402 οίκιίαν
832 2351 1111 2420 ἐπιτιμίαν
1134 2354 1627 2418 άποκαταστάντες,
1653 2356 1686 2425 ἢ
1712 2358 1801 2409 τδν

239 2439 353 2507 βίον
381 2439 701 2510 ίφύσριστον
732 2442 940 2512 εχοντες
962 2484 977 2507 ,
1008 2443 1084 2507 ὡς
1110 2448 1287 2513 μῖμοι,
1320 2446 1416 2499 καὶ
1448 2447 1692 2515 σκηνικοί
1716 2461 1732 2477 ⁸
1764 2448 1797 2517 ἢ

239 2529 335 2597 τῆς
357 2530 627 2599 ήμετίρας
648 2532 938 2602 θρησκείας
957 2534 1105 2597 ὄντες
1128 2534 1415 2606 ἀλλότριοι,
1441 2537 1512 2597 ὡς
1537 2538 1797 2603 Ἰουδαῖοι,

237 2620 504 2688 αίρετικοε
535 2638 591 2673 τε
628 2625 721 2675 καὶ
755 2622 1013 2694 Ἕλληνες
1040 2641 1052 2655 ·
1083 2628 1142 2679 οὐ
1180 2628 1684 2699 παραδεχθήσονται
1717 2634 1797 2695 είς

237 2710 624 2777 κατηγορίανῆ
656 2712 736 2773 είς
761 2712 1067 2783 μαρτυρίαν
1089 2716 1399 2770 ιπισκόπων
1424 2717 1455 2787 ἢ
1483 2719 1757 2788 κληρικῶν
1779 2738 1795 2755 ο

235 2798 320 2850 616
352 2800 412 2851 τὸ
444 2800 610 2869 μηδέν
640 2819 690 2854 τι
719 2803 913 2865 αὐτοὺς
940 2806 1122 2874 ῑτερον
1148 2807 1395 2861 σπεύδειν
1426 2810 1457 2877 ἢ
1490 2811 1796 2880 μῶμονκαὶ

234 2889 425 2943 σπίλον
452 2893 571 2953 ταῖς
615 2891 915 2962 ὑπολήψεσι
949 2897 1284 2967 προσάπτειν
1318 2898 1424 2952 τῶν
1453 2900 1640 2970 ίερίων
1659 2941 1674 2966 ,
1706 2904 1798 2956 καὶ

238 2980 473 3049 ταραχάς
509 2982 733 3050 ίπάγειν
758 2986 823 3054 τῇ
867 2986 1181 3057 Ἐκκλησία.

802 3076 1036 3129 ΚΔΝΩΝ
1066 3078 1236 3133 PAA'.

1994 659 2012 691 1
2045 649 2129 693 tur
2147 642 2324 711 aliquo
2344 657 2526 697 eorum
2551 644 2834 696 criminum
2863 645 2933 697 oh
2972 659 3088 711 qua:
3109 645 3175 697 ad
3207 646 3472 713 publicum

1993 750 2011 783 1
2039 731 2295 798 judicium
2325 749 2425 787 non
2456 733 2775 797 admittitur,
2799 744 2850 787 et
2894 735 3105 798 mimus,
3136 743 3188 787 et
3231 732 3472 798 Graecus.

1993 839 2011 872 1
2042 832 2093 875 et
2124 821 2423 887 hereticus,
2446 832 2500 876 et
2526 822 2761 876 ludam.
2802 842 2820 874 ι

1986 909 2099 963 Non
2146 920 2355 979 oportet
2408 914 2773 968 accusationes
2822 925 2878 969 et
2936 916 3233 971 testimonia
3282 929 3467 972 contra

1915 1001 2195 1069 episcopos
2230 1002 2309 1055 vel
2339 1004 2564 1058 clericos
2603 1005 2719 1058 sine
2744 1008 3136 1061 examinatione
3177 1010 3418 1074 accipere
3449 1026 3466 1066 :

1914 1088 2007 1141 sed
2037 1098 2373 1145 accusatores
2398 1094 2511 1145 sive
2544 1100 2706 1147 testes
2740 1096 3068 1157 examinare,
3107 1096 3293 1164 quales
3334 1098 3460 1161 sint,

1908 1176 2058 1246 juxta
2090 1190 2297 1232 sutum
2337 1181 2522 1248 synodi
2554 1180 3149 1251 Constantinopolitanze
3177 1200 3467 1244 canonem.

1912 1268 1977 1321 Et
1999 1272 2041 1323 si
2079 1272 2289 1337 quidem
2324 1271 2426 1323 vita
2455 1273 2561 1326 sint
2595 1273 2864 1341 inculpati.
2905 1285 2959 1328 et
2996 1278 3249 1343 religione
3273 1280 3465 1332 ortho.

1911 1359 2060 1421 doxi,
2093 1373 2186 1415 eos
2222 1362 2504 1417 admittere
2534 1381 2548 1417 :
2574 1364 2654 1417 sin
2696 1374 2871 1417 autem
2915 1365 2997 1418 vel
3038 1368 3177 1421 servi
3235 1367 3345 1421 sint
3386 1368 3461 1438 (hi

1910 1450 2051 1502 enim
2081 1464 2110 1501 a
2137 1450 2337 1517 legibus
2376 1452 2604 1519 politicis
2626 1460 2815 1506 contra
2844 1455 3111 1510 nemiuem
3152 1458 3369 1509 omnino
3409 1457 3462 1510 in

1909 1552 2096 1603 causa,
2142 1540 2223 1593 vel
2268 1538 2535 1595 criminali
2574 1542 2656 1597 vel
2701 1544 3028 1611 pecuniaria,
3063 1548 3461 1601 accusationem

1909 1623 2048 1680 ferre
2072 1638 2162 1679 aut
2188 1630 2547 1683 testimonium
2574 1631 2701 1685 dare
2733 1632 2996 1700 possunt),
3034 1633 3115 1686 vel
3152 1636 3461 1688 manumissi

1907 1716 2106 1784 prolirii
2141 1719 2371 1772 accusati
2408 1719 2461 1788 (a
2491 1720 2695 1787 legibus
2735 1722 2873 1775 cuitu
2894 1732 2947 1775 et
2995 1722 3082 1775 isti
3116 1724 3464 1788 prohibentur

1906 1818 2091 1860 contra
2114 1822 2205 1861 eos
2258 1814 2345 1877 qui
2389 1811 2534 1878 Ipsos
2574 1812 3016 1870 manumiserunt.
3051 1812 3104 1865 in
3148 1813 3463 1867 criminibus

1912 1902 2271 1956 testimonium
2300 1903 2426 1957 dare
2443 1940 2461 1966 ,
2488 1904 2611 1973 quia
2638 1905 2943 1969 requiritur,
2966 1914 3023 1958 ut
3055 1914 3311 1974 patronos
3333 1921 3461 1961 suos

1910 2002 1965 2046 ct
2012 1991 2326 2047 liberatores
2377 1994 2717 2053 honorandos
2758 2003 3078 2064 unctusque
3102 1996 3453 2059 existiment).

1912 2084 1990 2136 vel
2021 2096 2175 2136 antea
2215 2086 2445 2138 accusati
2487 2092 2540 2137 et
2588 2085 2898 2140 innocentes
2949 2102 3053 2141 non
3085 2086 3215 2153 visi,
3269 2088 3350 2141 vel
3403 2090 3456 2141 in

1909 2176 2116 2244 publico
2136 2178 2469 2232 condemnati
2496 2179 2714 2246 judicio,
2740 2187 2793 2232 et
2824 2180 3053 2231 nondum
3080 2184 3145 2232 ah
3169 2180 3458 2247 imperato-

1909 2265 1985 2318 ria
2019 2265 2362 2320 beneficentia
2390 2267 2456 2319 ad
2481 2268 2742 2335 integrum
2771 2280 2925 2319 suum
2951 2274 3147 2320 statum
3182 2268 3415 2321 rest'tuti
3439 2308 3453 2325 ,

1907 2355 1987 2408 vel
2010 2355 2168 2409 vitam
2188 2357 2621 2411 contumeliosam
2640 2366 2877 2426 agentes,
2912 2366 2970 2410 ut
2996 2359 3141 2410 mimi
3163 2369 3213 2410 et
3234 2358 3399 2411 secuit
3417 2358 3453 2420 i,

1908 2451 2002 2497 aut
2029 2459 2056 2495 a
2082 2454 2261 2498 nostra
2296 2444 2549 2515 religione
2587 2445 2749 2499 alieni
2772 2484 2787 2508 .
2812 2457 2870 2499 ut
2897 2444 3084 2509 Judaei,
3108 2446 3366 2511 haeretici,
3400 2458 3454 2500 et

1906 2530 2109 2587 Graeci:
2150 2536 2214 2587 ad
2247 2536 2618 2604 episcOporum
2668 2546 2761 2589 aut
2794 2536 3110 2591 clericorum
3159 2538 3454 2591 accusatio-

1907 2638 2026 2677 nem
2055 2624 2167 2679 sive
2220 2626 2576 2679 testimonium
2611 2642 2716 2682 non
2766 2626 3137 2690 admittentur,
3173 2638 3451 2695 prolitvrea

1902 2715 2045 2783 quod
2083 2718 2167 2768 isti
2220 2718 2351 2770 nihil
2376 2718 2518 2771 aliud
2566 2718 2620 2771 in
2672 2720 2851 2772 animo
2902 2718 3098 2771 habent
3141 2727 3195 2772 et
3238 2730 3451 2777 conatu,

1901 2820 2061 2873 quam
2085 2807 2358 2861 infamiam
2387 2820 2438 2862 et
2469 2808 2728 2863 maculam
2755 2813 3090 2863 sacerdotum
3113 2809 3454 2879 opiuIOnibns

1902 2895 2132 2966 alligare,
2154 2906 2207 2951 et
2239 2897 2487 2955 Eclcesia
2512 2900 2936 2969 perturbationes
2959 2902 3151 2956 ali‘t‘rre

2414 3098 2641 3156 CANON
2674 3097 2906 3153 CXXXI.

232 3176 254 3211 1
292 3160 411 3215 Ἵνα
439 3164 468 3216 6
497 3166 624 3262 περὶ
654 3167 770 3262 ἑνὸς
799 3167 1137 3262 ἔγκληματρς
1163 3171 1436 3236 ἀποδείξαι
1467 3174 1541 3243 μὴ
1571 3177 1798 3244 δυνάμε⁸
1826 3200 1871 3262 C

1784 3213 1798 3223 -
1826 3200 1871 3262 ο
1905 3205 1925 3239 1
1968 3188 2039 3243 lit
2062 3188 2149 3256 qui
2170 3201 2332 3241 unum
2364 3189 2564 3241 crimen
2595 3188 2823 3253 probare
2855 3203 2959 3241 ttou
2991 3197 3183 3257 potest,
3226 3191 3291 3244 ad
3321 3192 3452 3245 a'tt'-

303 3267 323 3300 1
365 3267 455 3313 νος
488 3252 624 3320 πρὸς
660 3253 844 3322 ιτερον
874 3255 950 3325 μὴ
984 3255 1252 3326 είσδεχθῇ.
1293 3257 1523 3327 ὀμοίως
1553 3263 1749 3333 ἢρεσεν
1775 3304 1791 3330 ,

302 3358 321 3391 1
367 3341 455 3393 ἵνα
516 3344 909 3414 όσακισδηποτε
965 3346 1248 3417 κληρικοίς
1305 3350 1412 3402 61:5
1471 3354 1793 3422 κατηγόρων

300 3448 321 3482 1
362 3432 529 3487 πολλὰ
562 3434 879 3505 ἐγκλήματα
905 3436 1309 3491 ὑποσάλλωνται
1330 3479 1344 3503 ,
1380 3441 1473 3492 καὶ
1505 3442 1563 3494 ιν
1596 3443 1653 3505 ἑξ
1691 3444 1790 3496 αὑ-

298 3538 320 3572 ε
363 3521 493 3585 τῶν,
545 3525 673 3591 περὶ
728 3518 789 3576 οὗ
832 3525 1046 3591 πρῶτον
1091 3527 1363 3597 ίπράχθη,
1409 3530 1790 3600 ἀποδειχθῆναι

298 3628 317 3655 1
360 3612 461 3663 οὐκ
509 3613 766 3682 ἠδυνήθη,
818 3615 953 3683 πρὸς
997 3616 1062 3668 τὰ
1106 3615 1265 3669 λοιπά
1319 3622 1455 3686 μετὰ
1500 3619 1671 3672 ταῦτα
1713 3622 1789 3690 μὴ

299 3717 319 3748 1
364 3700 783 3769 προσὰχθῶσιν.
819 3722 838 3753 1

290 3788 493 3843 ΒΔΛΣ.
540 3792 893 3862 Ἕνεστήσατό
926 3810 1007 3856 τις
1047 3796 1275 3867 διάφορα
1304 3798 1622 3869 ἐγκλήματα
1651 3802 1789 3855 κατά

216 3894 364 3941 τινος
398 3879 690 3951 ἱερωμένου
708 3921 725 3947 ,
768 3888 861 3938 καὶ
891 3888 1192 3955 ιγύμνασεν
1230 3891 1293 3941 ὲκ
1322 3890 1426 3941 τῶν
1456 3890 1663 3943 πολλῶν
1689 3892 1746 3944 ιν
1768 3910 1784 3925 θ

221 3972 298 4039 μὴ
330 3970 581 4037 δυνηθεὶς
608 3972 665 4025 66
694 3971 851 4025 τοῦτο
883 3976 1159 4043 ἀποδεῖξαι
1186 4020 1197 4041 ,
1229 3980 1485 4047 ἠϐούλετο
1512 3985 1787 4053 γυμνάσαι

214 4061 284 4111 16
315 4059 481 4116 λοιπά
506 4082 521 4096 ·
556 4064 720 4132 φησὶν
753 4061 844 4118 οὖν
876 4067 904 4117 6
936 4066 1117 4119 κανὼν
1148 4068 1227 4120 ὅτι
1256 4074 1283 4122 ό
1310 4070 1545 4135 τοιοῦτος
1566 4074 1787 4143 611696-

214 4157 408 4217 δεκτός
439 4157 577 4218 ἐστι,
610 4154 787 4220 ζητῶν
815 4154 1275 4225 κατεξετασθῆναί
1298 4174 1346 4209 τι
1375 4160 1563 4229 ἓτερον
1590 4164 1685 4230 ἀφ’
1710 4159 1785 4217 ὧν

216 4244 524 4315 προέθετο·
580 4246 673 4295 καὶ
715 4242 937 4306 είκότως
970 4242 1128 4296 τοῦτο
1171 4246 1321 4315 παρὰ
1370 4248 1477 4300 τῶν
1526 4252 1783 4320 Πατίρων

211 4332 447 4403 ὡρίσθη.
508 4331 567 4385 ’0
610 4331 714 4400 γὰρ
754 4330 829 4399 μὴ
872 4331 1157 4394 ἀποδείξας
1194 4331 1222 4383 6
1266 4334 1526 4403 προέθετο
1571 4337 1783 4405 πρῶτον

211 4424 471 4491 ἔγκλημα
494 4460 509 4483 ,
548 4420 840 4474 κάντεῦθεν
871 4422 1287 4486 καταδικασθεὶς
1312 4463 1327 4487 ,
1361 4426 1392 4493 ἢ
1424 4426 1625 4493 Ξφθασι
1654 4428 1777 4481 δοῦ..

212 4533 301 4569 ναι
342 4514 626 4582 ἐγγραφάς
657 4528 671 4543 ·
700 4515 795 4567 καὶ
828 4514 1122 4582 ὑφίσταται
1144 4516 1211 4567 τά
1239 4520 1338 4585 τῆς
1369 4519 1782 4585 ταυτοπαθείας,
1819 4520 1857 4572 ο

218 4607 392 4675 ἧγουν
437 4602 759 4673 άτιμοῦται,
808 4604 1000 4657 καὶτὰ
1049 4604 1211 4658 λοιπὰ
1257 4607 1457 4676 πάσχει
1504 4610 1604 4661 ὅσα
1632 4613 1726 4663 καὶ
1757 4614 1785 4666 6

208 4695 616 4765 κατηγορηθεὶς
651 4695 843 4765 ιμελλε
875 4698 1069 4750 παθεῖν
1094 4716 1108 4731 ο
1140 4700 1187 4751 εί
1220 4700 1265 4753 6‘
1300 4700 1367 4754 ἂν
1399 4704 1783 4773 κατεδικάσθη,

208 4788 306 4839 καὶ
343 4786 433 4838 διά
461 4784 618 4838 τοῦτο
660 4787 956 4855 γυμνάζειν
994 4781 1399 4857 ίγκληματικὸν
1432 4794 1784 4863 δικαστήριον

206 4880 271 4929 οὐ
323 4875 552 4928 δύναται
592 4876 693 4946 ήδη
738 4878 1033 4945 άτιμωθείς
1060 4895 1073 4908 ·
1121 4880 1154 4951 ἢ
1208 4881 1309 4933 οὐκ
1361 4881 1559 4949 ἔφθασε
1601 4883 1783 4939 δοῦναι

206 4966 534 5035 ἐγγραφὰς,
592 4967 685 5019 καὶ
733 4966 895 5020 πάλιν
950 4968 1240 5038 άτιμοῦται
1291 4974 1366 5035 ὡς
1420 4974 1779 5043 συκοφάντης.

207 5058 359 5125 Πλὴν
417 5054 575 5108 τοῦτό
617 5072 677 5107 τε
724 5057 819 5109 καὶ
875 5060 904 5110 6
960 5059 1151 5129 παρὼν
1199 5062 1378 5114 κανὼν
1423 5063 1606 5133 χώραν
1647 5065 1781 5134 ἕχει,

202 5150 283 5211 ὠς
336 5144 515 5216 οἶμαι,
561 5148 690 5201 ὅταν
737 5148 766 5198 6
816 5148 1050 5213 δικάζων
1095 5154 1441 5222 ἀποφήνηται
1494 5156 1632 5209 κατὰ
1685 5174 1780 5208 eu-

205 5242 512 5307 κοφαντίαν
549 5239 879 5308 προτεθῆναι
913 5241 1039 5310 περὶ
1072 5242 1166 5295 τοῦ
1205 5244 1691 5308 καταδικασθέντος
1722 5246 1781 5298 16

202 5328 442 5397 πρώτως
463 5328 695 5399 λαληθὲν
723 5330 997 5401 ἔγκλημα.
1019 5334 1078 5385 El
1106 5332 1214 5402 γάρ
1239 5334 1542 5404 διαγνωσθῇ
1570 5336 1651 5389 ὅτι
1680 5336 1782 5390 οὐκ

200 5421 528 5490 ἀπεδείχθη,
581 5424 702 5474 ιπεὶ
757 5422 859 5475 οὐκ
907 5422 1197 5493 ἀτιμοῦται
1261 5427 1290 5478 6
1342 5427 1777 5495 καταδικασθεὶς,

200 5512 389 5573 καλῶς
440 5511 525 5565 ἵνα
568 5513 824 5583 γυμνάπη
886 5515 981 5568 καὶ
1031 5514 1218 5586 ῑτερον
1267 5515 1521 5585 ιγκλημα
1562 5518 1655 5586 ἀφ’
1704 5513 1780 5573 ὧν

200 5601 493 5670 προέθετο.
559 5602 669 5654 Καὶ
721 5602 994 5671 ἀνάγνωθι
1036 5605 1232 5675 κεφάλ.
1287 5612 1319 5659 ι’
1363 5606 1457 5660 τοῦ
1501 5615 1547 5662 α’
1596 5608 1776 5663 τίτλου

199 5690 294 5743 τοῦ
329 5688 375 5755 ξ’
418 5689 665 5759 βιϐλίου,
711 5692 888 5760 λόγον,
915 5695 1071 5749 Κατὰ
1118 5700 1264 5767 τρεῖς
1312 5699 1547 5768 τρόπους
1599 5702 1632 5771 η
1688 5717 1778 5753 συο

200 5781 475 5851 κοφαντία
516 5780 748 5851 γίνεται,
799 5784 890 5839 καὶ
931 5785 1173 5857 τριπλῶς
1224 5789 1257 5858 η
1300 5788 1658 5857 ίπεξίλευσις.
1707 5791 1774 5846 'll

1961 3297 1981 3332 1
2015 3295 2132 3334 rum
2160 3281 2291 3345 [non
2333 3279 2665 3333 admittatur.
2692 3276 2952 3334 Similiter
2979 3283 3181 3348 placuit
3205 3295 3262 3337 ut
3312 3300 3448 3352 quo.

1968 3390 1982 3423 1
2026 3372 2335 3438 ticscunque
2364 3371 2576 3424 clericis
2616 3373 2683 3424 ab
2707 3373 3109 3425 accusatoribus
3141 3373 3308 3426 multa
3337 3375 3448 3428 cri-

1961 3480 1978 3513 1
2012 3462 2150 3515 tnina
2174 3460 2376 3528 objecta
2408 3459 2626 3523 fuerint,
2649 3470 2704 3515 et
2724 3476 2887 3513 unum
2910 3476 2973 3515 ex
2999 3461 3085 3524 iis,
3108 3461 3176 3515 de
3199 3477 3305 3531 qun
3333 3469 3446 3533 pri-

1962 3572 1981 3603 1
2022 3568 2161 3606 mum
2192 3564 2364 3607 aetum
2395 3562 2498 3615 est,
2542 3552 2761 3621 probari
2806 3566 2909 3606 non
2941 3555 3193 3622 potuerit,
3224 3554 3289 3607 ad
3322 3558 3445 3610 reii-

1965 3662 1983 3695 1
2015 3660 2118 3713 qua
2155 3659 2259 3697 non
2286 3643 2652 3698 admittuntur.
2698 3672 2717 3695 υ

1952 3819 2142 3875 BALS.
2175 3819 2441 3874 Adversus
2471 3830 2739 3875 sacratum
2772 3820 3053 3889 quemdam
3079 3822 3288 3876 diversa
3320 3824 3440 3893 quis

1885 3910 2105 3963 crimina
2138 3909 2385 3972 intendit,
2409 3919 2462 3961 et
2488 3924 2553 3962 ex
2573 3910 2750 3962 multis
2772 3925 2934 3962 unum
2963 3914 3299 3963 trac.andutn
3325 3927 3443 3967 sus-

1885 4000 2023 4067 cepit
2062 4016 2078 4053 :
2110 4015 2229 4057 cum
2261 4002 2358 4054 hoc
2392 4012 2568 4054 autem
2617 4002 2845 4070 probare
2878 4018 2981 4056 non
3019 4006 3269 4072 potnt-rit,
3312 4007 3437 4059 reli—

1885 4102 1989 4155 qua
2023 4100 2236 4156 quoque
2272 4087 2485 4156 aggredi
2522 4089 2710 4140 voluit.
2751 4088 2886 4141 Dicit
2927 4104 3055 4157 ergo
3100 4105 3270 4144 canon
3316 4107 3435 4144 eum

1886 4193 1990 4232 non
2018 4192 2135 4232 esse
2164 4180 2575 4243 admittendum,
2595 4182 2717 4233 dum
2746 4182 2855 4233 vult
2876 4181 2944 4234 de
2962 4181 3065 4235 alio
3091 4196 3121 4234 e
3151 4185 3439 4250 prapositis

1884 4270 2069 4333 quwri,
2100 4277 2156 4320 et
2211 4268 2309 4323 hoc
2345 4270 2537 4322 merito
2565 4285 2592 4322 a
2625 4269 2871 4325 Patribus
2900 4273 3178 4327 deﬁnitum
3208 4284 3309 4328 est.
3334 4276 3435 4341 Qui

1883 4355 2023 4409 enim
2061 4356 2655 4434 primumpropositum
2700 4360 2903 4413 crimen
2949 4376 3051 4415 non
3085 4364 3350 4430 probavit,
3385 4378 3438 4419 ct

1884 4459 1948 4497 ex
1977 4460 2041 4497 eo
2075 4446 2188 4512 ip.o
2239 4456 2322 4499 est
2346 4448 2754 4511 condemnatus,
2790 4452 2868 4504 vel
2894 4453 3037 4505 dcdit
3067 4454 3211 4519 prius
3247 4456 3439 4508 inscri-

1886 4537 2143 4604 ptionem,
2177 4546 2231 4588 et
2268 4536 2381 4604 lege
2418 4540 2630 4591 talionis
2661 4541 2896 4606 punitus,
2940 4544 3143 4597 scilictt
3186 4546 3246 4598 fit
3302 4545 3439 4599 infa-

1887 4627 2006 4692 mis,
2033 4637 2087 4679 et
2125 4627 2324 4695 reliqua
2358 4630 2715 4700 patitur,quaa
2742 4635 2901 4687 etiam
2952 4635 3061 4700 ille,
3093 4637 3181 4705 qui
3226 4651 3441 4691 accusa-

1887 4724 1970 4769 tus
2002 4726 2101 4780 est,
2133 4728 2252 4772 erat
2281 4733 2534 4787 passurus
2570 4738 2584 4773 :
2617 4722 2698 4774 sin
2724 4731 2903 4776 autem
2925 4734 3006 4779 est
3029 4728 3439 4791 condemnatuo,

1883 4804 2156 4859 criminale
2181 4813 2460 4874 propterea
2518 4808 2779 4875 judicium
2822 4827 3034 4866 movere
3086 4828 3188 4867 non
3243 4826 3437 4882 potest,

1884 4904 1943 4946 ttt
1967 4895 2057 4961 qui
2080 4896 2149 4947 sit
2172 4894 2414 4961 infamis;
2438 4898 2518 4950 vel
2547 4900 2697 4966 prius
2723 4901 3124 4967 inscriptionem
3145 4919 3248 4957 non
3271 4906 3438 4962 dedit.

1882 4992 1938 5038 et
1969 5000 2152 5040 rursus
2201 4985 2257 5039 lit
2292 4986 2530 5047 infamis.
2570 4999 2626 5041 ut
2654 4990 3028 5047 calumniator.
3060 4992 3162 5047 Sed
3190 4995 3275 5047 hic
3305 5011 3439 5063 prav-

1882 5089 2008 5129 sens
2040 5076 2252 5144 quidem
2291 5091 2463 5132 canon
2492 5088 2621 5133 tunc
2659 5080 2830 5135 locutu
2873 5084 3050 5149 habet,
3082 5096 3136 5137 ιιι
3168 5086 3438 5149 existimo,

1881 5165 2093 5231 quando
2130 5164 2293 5231 jttdex
2336 5169 2697 5235 pronuntiarit
2758 5171 2982 5235 crimen,
3030 5174 3093 5227 de
3139 5190 3246 5243 quo
3292 5177 3439 5242 prius

1881 5262 2057 5307 actum
2075 5262 2177 5319 est,
2205 5253 2367 5310 fuisse
2383 5257 2737 5311 condemnato
2753 5261 3130 5329 sycnphantice
3148 5263 3435 5330 obiectum.

1882 5344 1937 5397 Si
1965 5346 2109 5399 enim
2149 5346 2411 5413 prolatum
2448 5348 2629 5413 fuerit,
2666 5364 2769 5403 non
2800 5366 2922 5405 esse
2976 5355 3279 5419 probatum,
3312 5356 3437 5423 quia

1878 5432 2269 5489 condemnatus
2294 5449 2399 5488 non
2434 5436 2490 5488 fit
2520 5438 2767 5504 infamis;
2797 5450 2938 5495 recte
2967 5442 3195 5498 alterum
3224 5461 3439 5517 quoque

1879 5520 2082 5574 crimen
2102 5536 2311 5588 eorum,
2331 5539 2450 5593 qua:
2472 5526 2689 5596 objecit,
2719 5543 3088 5600 persequetur.
3114 5535 3253 5605 Lege
3276 5548 3440 5605 taput

1879 5612 2140 5665 decimum
2179 5612 2335 5681 ptitni
2365 5616 2501 5670 tituli
2544 5622 2859 5689 sexagesimi
2909 5623 3049 5687 libri,
3083 5629 3221 5693 quod
3252 5626 3385 5682 dicit
3419 5644 3433 5681 :

1879 5700 2072 5757 Tribus
2121 5705 2295 5759 tnodis
2342 5706 2401 5760 fit
2439 5708 2728 5776 calumnia,
2780 5721 2832 5766 ct
2878 5715 3155 5783 triplicitcr
3201 5719 3433 5776 vindicta

1876 5793 2123 5852 sumitur.
2156 5795 2248 5851 Vel
2291 5797 2433 5854 enim
2477 5800 2833 5859 calumniatur
2876 5805 3162 5877 quispiam.
3215 5820 3271 5865 ut
3316 5812 3438 5871 ﬂetu
