4224 6440
242 414 346 480 421

1217 424 1297 484 ιΝ
1336 424 1502 485 CAN.
1540 424 1806 484 CXXXII
1835 426 2038 485 CONC.
2088 426 2464 487 CARTHAG.

3364 424 3480 494 t2?

244 532 509 601 δημοσίαν
559 531 819 597 ἐξέτασιν.
866 530 1150 587 Dianam
1197 536 1254 588 δέ
1305 538 1465 600 εἰσιν,
1514 538 1579 599 ἃς
1628 536 1799 590 δοῦλοι
1826 543 1912 600 Α(

1826 543 1874 600 Α
1901 540 2172 607 degentes.
2208 539 2339 593 Cum
2368 546 2546 590 autem
2576 553 2811 606 praesens
2864 553 3036 592 canon
3071 539 3219 617 dicat
3242 554 3335 594 eos
3383 537 3474 610 qui

243 619 460 673 ποιοῦσι
486 622 737 692 δεσπότῃ,
768 623 863 675 καὶ
890 622 1245 695 ἀπελεύθεροι
1275 629 1389 688 τοῖς
1420 628 1688 695 πάτρωσι,
1716 630 1810 680 καὶ

245 710 454 780 μίσθιοι
499 714 612 774 τοῖς
652 714 1082 783 μισθωσαμένοις
1132 716 1261 785 παρ’
1299 718 1482 779 αὐτοῖς
1511 718 1808 784 διάγοντες.

244 801 353 855 Τοῦ
381 802 439 853 δὲ
470 804 734 872 παρόντος
766 806 986 867 κανόνος
1012 807 1264 872 λέγοντος
1298 810 1422 870 τοὺς
1453 810 1680 877 ἥττονας
1704 809 1811 860 τῶν

243 894 309 943 ιδ’
325 893 363 942 έ·
389 892 583 943 ιαυτῶν
602 894 674 961 μὴ
700 898 1014 963 μαρτυρεῖν,
1039 897 1171 949 ἀλλὰ
1195 897 1321 959 τοὺς
1344 899 1596 950 έπέκεινα
1620 898 1810 950 τούτου

241 983 337 1033 τοῦ
376 985 591 1051 χρόνου,
634 984 728 1035 καὶ
774 984 865 1037 τοῦ
911 985 960 1038 κ’
989 992 1124 1054 ζκεφ.
1167 988 1263 1040 τοῦ
1314 987 1363 1039 α’
1391 989 1525 1039 τίτλ.
1571 988 1666 1040 τοῦ
1719 994 1804 1040 κα¹

242 1070 455 1138 βιϐλίου
478 1071 723 1138 λέγοντος
759 1074 901 1129 οὕτω
935 1077 1116 1145 ρητῶς
1138 1093 1153 1109 ο
1200 1078 1261 1131 '0
1296 1080 1598 1146 κατήγορος
1632 1079 1694 1130 οὐ
1721 1079 1810 1130 δύο

240 1178 400 1215 ναται
429 1163 610 1215 καλεῖν
634 1166 711 1225 εἰς
743 1165 1048 1234 μαρτυρίαν
1070 1166 1161 1217 τὸν
1184 1166 1452 1234 δημοσίως
1476 1168 1810 1237 κατηγοροῦ-

240 1268 433 1320 μενον,
467 1251 590 1304 οὔτε
620 1255 709 1305 τὸν
736 1254 932 1321 ἥττονα
965 1256 1072 1306 τῶν
1109 1254 1309 1306 είκοσιν
1341 1254 1477 1306 έτῶν
1497 1270 1511 1283 ⁸
1545 1255 1808 1325 ἰρωτήσει

243 1357 323 1401 τις
346 1383 358 1401 ,
393 1341 510 1393 Τίνι
547 1342 834 1409 προσέχειν
865 1342 1192 1410 όφείλομεν;
1224 1344 1329 1393 Καὶ
1374 1343 1516 1394 δοκεί
1551 1358 1641 1409 μοι
1677 1343 1813 1410 μᾶλ-

240 1432 329 1482 λον
358 1430 435 1501 τῷ
458 1431 627 1499 νόμῳ.
653 1432 747 1493 Εἰς
770 1433 878 1501 γὰρ
907 1433 1213 1502 μαρτυρίαν
1241 1431 1656 1501 έγκληματικῆς
1682 1434 1810 1484 ὑπο·

238 1521 441 1581 θέσεως
482 1522 706 1589 όήττων
734 1522 843 1573 τῶν
882 1521 1086 1574 εἴκοσιν
1122 1523 1382 1575 ένιαυτῶν
1426 1523 1519 1575 καὶ
1555 1522 1809 1575 έπέκεινα

235 1611 347 1661 τῶν
388 1609 448 1662 ιδ’
472 1612 675 1680 χρόνων
714 1612 971 1682 ὑπάρχων
994 1614 1114 1666 ,οὐκ
1152 1613 1270 1666 εστι
1306 1613 1701 1684 παραδεκτέοςτ
1734 1613 1810 1677 ὡς

241 1700 378 1768 μηδὲ
410 1699 640 1770 βεϐηκὸς
679 1702 818 1769 ἔχων
848 1703 1125 1773 φρόνημα.
1172 1705 1325 1756 Ἐστι
1370 1704 1425 1756 δὲ
1460 1706 1553 1756 καὶ
1587 1708 1615 1758 ό
1649 1706 1809 1773 νόμος

237 1791 383 1842 κατά
408 1791 542 1844 πολὺ
576 1793 1031 1860 μεταγενέστερος
1058 1792 1151 1845 τοῦ
1189 1795 1430 1864 κανόνος,
1463 1797 1553 1847 διὰ
1578 1796 1639 1848 τὺ
1671 1796 1807 1861 μετὰ

1916 630 2462 697 suntqnatuordecim
2499 630 2653 682 annis
2679 630 2930 692 minores,
2965 645 3068 681 non
3103 633 3285 685 dicere
3315 635 3471 685 testi-

1911 720 2174 781 monium,
2196 720 2289 773 sed
2317 734 2409 773 eos
2430 720 2519 785 qui
2554 729 2678 771 sunt
2711 719 2847 771 ultta
2880 720 3021 771 illam
3048 730 3291 783 atatem;
3318 732 3371 775 et
3400 725 3475 776 vi-

1910 808 2167 861 cesimum
2192 816 2349 876 caput
2376 808 2531 874 primi
2566 807 2703 858 tituli
2734 807 2824 859 lib.
2854 822 2942 858 xxi
2996 809 3141 860 dicat
3167 822 3419 876 expresse
3451 828 3468 865 :

1909 896 2028 949 Non
2056 906 2229 964 potest
2263 906 2543 948 accusator
2580 910 2777 947 vocare
2834 894 2888 947 in
2936 897 3295 949 testimonium
3350 914 3472 952 eum

1911 987 2000 1055 qui
2039 986 2247 1052 publice
2289 992 2591 1044 accusatur,
2627 998 2723 1035 nec
2756 997 2877 1034 eum
2911 984 3001 1051 qui
3043 992 3129 1036 est
3171 986 3343 1036 minor
3392 988 3472 1035 vi-

1911 1076 2044 1144 ginti
2096 1075 2252 1126 annis
2284 1090 2297 1125 :
2332 1074 2602 1141 rogaverit
2635 1072 2900 1139 quispiam
2923 1113 2936 1135 ,
2975 1074 3102 1139 quid
3139 1074 3206 1126 sit
3252 1089 3477 1142 sequen-

1910 1166 2059 1219 dum.
2095 1163 2159 1214 Et
2187 1162 2312 1213 mihi
2343 1160 2553 1213 videtnr
2580 1162 2661 1213 lex
2694 1174 2817 1213 esse
2861 1163 3030 1227 magis
3071 1161 3338 1227 sequenda
3376 1178 3391 1215 :
3422 1161 3474 1213 ln

1913 1255 2269 1307 testimonium
2305 1252 2445 1303 enim
2468 1264 2644 1303 cauete
2682 1250 2997 1311 criminans,
3035 1252 3123 1317 qui
3177 1252 3350 1301 minor
3392 1261 3477 1303 est

1911 1344 2095 1412 viginti
2133 1343 2310 1404 annis,
2360 1341 2482 1392 licet
2514 1342 2582 1393 sit
2621 1342 2789 1403 maior
2838 1342 3240 1407 quatuonlecim
3299 1344 3477 1403 annis,

1913 1448 2016 1485 non
2041 1432 2143 1484 erit
2171 1431 2570 1487 adntittendns:
2623 1442 2678 1482 ut
2714 1433 2802 1498 qui
2832 1448 2927 1484 nec
2954 1432 3162 1482 linnnm
3190 1430 3475 1497 jtldiClum,

1912 1538 2011 1578 nec
2033 1522 2206 1575 adhuc
2231 1529 2566 1575 constantem
2591 1521 2924 1588 prudentiam
2946 1521 3156 1573 habeat.
3182 1520 3275 1572 Est
3302 1533 3475 1573 autem

1911 1614 1992 1667 lex
2018 1625 2224 1666 canone
2255 1610 2423 1663 multo
2450 1610 2750 1678 posterior;
2786 1624 2849 1662 eo
2876 1610 3015 1678 quod
3051 1612 3207 1678 longo
3236 1619 3476 1678 tempore

1911 1714 2033 1771 post
2078 1682 2217 1755 hanc
2259 1703 2521 1770 synodum
2551 1700 2603 1751 in
2641 1699 2995 1755 Basilicorum
3028 1701 3305 1767 repetitam
3338 1715 3476 1768 pra:-

1913 1794 2191 1847 lectionem
2226 1790 2310 1843 ille
2332 1799 2581 1856 receptus
2623 1791 2715 1842 sit.
2750 1790 2887 1857 Lege
2926 1801 3231 1843 sanetornnt
3264 1800 3482 1848 aposto-

238 1882 468 1967 χρόνους
517 1882 741 1946 πολλοῦς
798 1885 896 1951 τῆς
953 1862 1231 1955 παροὺτης
1281 1886 1500 1938 συνόδου
1550 1886 1806 1955 δεχθῆναι
1842 1862 1881 1914 Β

1550 1886 1806 1955 δεχθῆναι
1842 1862 1881 1914 Β
1910 1888 2080 1939 lorum
2115 1882 2570 1952 septuagesimum
2600 1882 2851 1948 quintum
2896 1896 3182 1935 tationem.

237 1974 428 2026 τοῦτον
470 1976 548 2035 εἰς
597 1975 694 2043 τήν
728 1974 835 2027 τῶν
878 1975 1177 2028 Βασιλικῶν
1220 1976 1610 2047 ἀνακάθαρσιν.
1651 1976 1949 2042 Ἀνάγνωθι
1984 1975 2093 2025 τῶν
2120 1973 2293 2039 ἁγίων
2323 1968 2638 2022 ἀποστόλων
2672 1969 2873 2023 κανόνα
2918 1982 3011 2024 οε¹.

302 2068 555 2124 ΖΩΝΑΡ.
581 2069 837 2132 Εἰπόντες
858 2072 908 2122 οἰ
929 2073 1025 2139 τῆς
1051 2072 1268 2125 συνόδου
1303 2074 1429 2141 περὶ
1461 2072 1804 2152 κατηγόρων⁹

233 2160 329 2213 νῦν
361 2164 458 2215 καὶ
499 2164 623 2230 περί
651 2162 940 2230 μαρτύρων
966 2162 1338 2216 διατάττονται
1359 2203 1373 2227 ,
1401 2164 1495 2214 καί
1524 2150 1655 2230 φασι
1682 2150 1805 2223 τοὺς

232 2251 609 2319 κωλυομένους
647 2253 1066 2318 ἑγκληματικῶς
1096 2253 1331 2317 ένάγειν,
1367 2251 1501 2319 μηδὲ
1548 2253 1625 2313 εἰς
1667 2268 1806 2320 μαρ-

230 2340 429 2408 τυρίαν
455 2340 864 2407 προσδέχεσθαι.
889 2342 997 2393 Καὶ
1018 2342 1145 2402 τοὺς
1171 2340 1559 2411 προσδέχεσθαι
1585 2341 1641 2392 δέ
1664 2341 1807 2408 ὀφεί-

230 2433 425 2493 λοντας
454 2432 528 2501 μὴ
559 2431 791 2501 ἀνήσους
822 2426 977 2485 εἶναι.
1007 2432 1070 2483 οι
1095 2432 1201 2500 γὰρ
1233 2431 1396 2501 μήπω
1416 2432 1506 2483 τὸν
1537 2432 1597 2483 ιδ’
1624 2433 1807 2483 ἐνιαυ-

230 2526 324 2577 τὶν
385 2524 484 2592 τῆς
537 2523 753 2592 ἡλικίας
803 2524 984 2575 αὐτῶν
1036 2522 1338 2589 προϐάντες
1396 2520 1587 2591 ἄνησοί
1640 2523 1799 2573 εἰσιν.

244 2614 493 2682 ’Δνήεοις
514 2614 592 2675 δὲ,
619 2612 699 2675 οἷς
720 2618 885 2682 μήπω
905 2616 964 2667 τὸ
991 2615 1245 2683 φρόνημα
1273 2615 1563 2682 σταθηρδν,
1593 2630 1799 2682 μαρτυ-

234 2706 350 2771 ρεῖν
382 2706 441 2754 οὺ
494 2704 798 2770 δοθήσεται.
849 2703 990 2755 Ἀλλ’
1022 2703 1143 2755 οὐδὲ
1177 2705 1485 2762 οἰκειακοϋς
1518 2705 1799 2772 μάρτυρας

228 2796 323 2845 τὸν
387 2793 693 2861 κατήγορον
753 2796 1094 2861 παραγαγεῖν
1144 2794 1375 2845 δίδωσιν.
1425 2794 1701 2845 Οἰκειακοί
1728 2793 1796 2859 ἰδέ

229 2886 391 2945 εἰσιν,
427 2882 479 2934 oi.
532 2884 596 2932 ὲκ
647 2881 741 2933 τοῦ
787 2884 936 2936 οἴκου
985 2882 1261 2935 αὑτοῦοού
1316 2886 1523 2942 πάντας
1568 2884 1624 2934 δὲ
1671 2890 1797 2945 τοὺς

226 2972 507 3032 τοιούτους
588 2970 890 3024 κωλύουσιν
937 2975 999 3025 ὀἱ
1068 2977 1216 3041 νόμοι
1290 2978 1605 3045 μαρτυρεῖν,
1662 2974 1800 3027 ἀλλά

226 3081 404 3125 τινας,
470 3063 640 3131 ήγουν
696 3061 1046 3126 ὐπεξουσίους
1103 3065 1268 3118 αὑτοῦ
1316 3067 1408 3119 τοῦ
1463 3067 1801 3137 παράγοντος

1973 2062 2223 2117 ZONAR.
2259 2063 2547 2131 Postquam
2590 2062 2656 2116 de
2693 2062 3099 2117 acettsatoribus
3124 2062 3331 2129 _synudi
3375 2059 3480 2114 Pa-

1906 2165 2013 2208 tres
2042 2156 2306 2216 dixerunt,
2348 2154 2415 2207 de
2448 2155 2671 2209 testibus
2708 2168 2922 2222 quoque
2967 2162 3231 2213 statuunt,
3268 2167 3329 2203 ac
3358 2166 3473 2214 eus,

1903 2247 1992 2313 qui
2030 2260 2285 2298 accusare
2320 2246 2689 2313 prohibentur,
2741 2260 2769 2296 ιι
2807 2245 3114 2297 tesumonio
3149 2258 3361 2311 quoque
3391 2243 3477 2293 di-

1904 2336 2074 2390 cendo
2278 2334 2677 2402 arcerijubent.
2702 2335 2779 2388 Ad
2805 2336 2917 2388 hate
2944 2335 3246 2402 iutpubetes
3264 2345 3479 2400 quoque

1904 2429 2171 2497 rejiciunt,
2192 2430 2281 2497 qui
2310 2439 2559 2497 quartum
2587 2432 2850 2483 decimum
2894 2430 3141 2484 videlicet
3181 2431 3356 2483 aetatis
3386 2444 3481 2478 at.-

1903 2534 2026 2571 num
2052 2535 2154 2572 non
2179 2535 2491 2585 excessere;
2522 2521 2737 2589 quibus,
2782 2538 2904 2575 cmn
2948 2522 3144 2576 mentis
3176 2520 3479 2574 constantia

1900 2611 2058 2672 desit,
2082 2613 2369 2664 testimonii
2394 2626 2605 2679 quoque
2627 2613 2834 2667 dicendi
2867 2615 3001 2666 ratio
3026 2615 3164 2665 haud
3187 2612 3478 2667 constabit.

1903 2701 2009 2754 Sed
2036 2717 2207 2771 neque
2230 2704 2553 2755 domesticos
2576 2713 2739 2757 testes
2763 2706 3085 2771 producendi
3120 2714 3361 2771 puteatas
3390 2720 3479 2754 ar:-

1899 2796 2130 2845 cusatori
2151 2794 2272 2845 data
2310 2803 2411 2846 est.
2447 2794 2581 2845 Sunt
2610 2806 2736 2845 vero
2766 2795 3041 2845 domestici
3068 2803 3253 2855 testes,
3283 2795 3371 2859 qui
3410 2808 3477 2845 ιι

1901 2882 2069 2949 ipsius
2093 2886 2423 2937 accusatoris
2462 2884 2621 2937 domo
2671 2884 2935 2951 prodeunt
2965 2900 2978 2935 :
3008 2884 3095 2947 qui
3154 2894 3326 2935 tamen
3372 2899 3419 2933 ns
3445 2896 3478 2934 tt

1901 2987 2087 3027 omnes
2113 2975 2473 3028 testimonium
2506 2974 2690 3029 dicere
2733 2974 2939 3042 legibus
2972 2975 3344 3041 prohibentur,
3381 2973 3474 3025 sed

1901 3062 2064 3131 aliqui
2084 3074 2311 3129 tantum,
2332 3065 2365 3119 ii
2391 3066 2773 3135 nimirum,qui
2798 3067 2940 3133 ipsos
2966 3066 3307 3132 producentis
3326 3075 3479 3130 potu:-

225 3152 429 3212 αὐτοὺς
482 3154 517 3221 ή
584 3150 931 3219 ὑποχειρίους
990 3154 1246 3218 εὐτελεῖς,
1313 3155 1407 3206 καὶ
1466 3158 1870 3229 spectatres-0

1826 3171 1870 3229 ς
1904 3154 2030 3207 Stati
2058 3155 2293 3218 obnoxii,
2332 3156 2519 3209 aliisve
2559 3156 2807 3224 subiecti,
2836 3155 2967 3207 Viles
3001 3164 3147 3215 Sunt,
3189 3155 3381 3221 quibus
3425 3161 3478 3204 «ι

227 3244 354 3296 σθαι
396 3245 747 3312 δυναμένους,
793 3246 886 3297 καὶ
905 3245 955 3296 εἰ
985 3244 1061 3314 μὴ
1097 3245 1365 3297 πείθοιντο
1385 3246 1797 3313 κολαζομένους.

225 3338 289 3387 Εἰ
306 3335 363 3386 δὲ
387 3335 653 3401 ἀξιόλογοι
672 3330 783 3387 εἰεν
804 3334 1124 3404 ὑποχείριοι,
1148 3330 1260 3387 οἷον
1283 3336 1467 3403 ἰερεῖς,
1491 3335 1522 3403 ἢ
1540 3336 1797 3400 διάκονοι,

226 3428 260 3494 ἡ
288 3426 696 3494 γραμματικοὶ,
732 3426 825 3479 καῖ
858 3427 972 3477 ὅσοι
1005 3427 1179 3493 ὅμοιοι
1210 3426 1441 3490 τούτοις,
1476 3426 1799 3497 οὐκ-ἀπρόσ-

222 3516 406 3568 δεκτοι
439 3516 654 3568 ἔσονται
683 3516 817 3585 πρὸς
851 3514 1186 3586 μαρτυρίαν.

224 3696 452 3751 ΔΡίΣΤ.
486 3715 504 3747 ι
526 3696 633 3748 Καὶ
658 3695 686 3746 ό
714 3696 788 3765 μὴ
818 3693 1076 3747 ένιαυτῶν
1105 3695 1533 3762 δεκατεσσάρων.
1562 3712 1584 3745 a

298 3874 413 3926 Kal.
443 3868 597 3934 οὗτος
626 3874 706 3934 εἰς
737 3871 1042 3942 μαρτυρίαν
1074 3870 1291 3932 άδεκτος
1313 3871 1399 3924 διὰ
1428 3871 1527 3941 τήν
1556 3869 1655 3940 τῆς
1685 3872 1795 3941 ήλι-

224 3968 354 4028 κίας
406 3966 687 4017 ἀτέλειανο
732 3965 812 4015 δεῖ
860 3966 966 4031 γὰρ
1013 3963 1100 4014 τὸν
1156 3962 1534 4033 μαρτυροῦντα
1582 3965 1678 4014 σὺν
1723 3961 1802 4030 τῷ

224 4062 451 4125 ἔντιμον
480 4058 573 4108 καὶ
602 4055 877 4125 ὀρθόδοξον
916 4050 1056 4107 εῖναι
1089 4055 1185 4107 καὶ
1217 4054 1589 4123 σταθηρότητα
1621 4054 1766 4122 ἔχειν
1786 4069 1801 4082 ·

223 4154 252 4200 ό
288 4148 343 4199 δὲ
374 4145 575 4214 άνηόος
607 4143 892 4211 ὀλισθηρός
931 4147 1047 4194 εστι
1082 4141 1183 4209 τὴν
1216 4142 1474 4194 διάνοιαν.
1506 4140 1578 4192 Τὸ
1606 4141 1662 4193 δὲ
1691 4139 1809 4193 δεύ-

222 4254 391 4305 τερον
419 4236 561 4303 θέμα
589 4234 679 4285 τοῦ
712 4232 1175 4284 ἑπτακαιδεκάτου
1206 4232 1505 4299 κεφαλαίου
1534 4231 1627 4283 τοῦ
1659 4233 1809 4300 πρώ-

226 4346 323 4381 του
355 4327 539 4379 τίτλου
577 4324 671 4376 τοῦ
704 4324 949 4375 εἰκοστοῦ
990 4329 1037 4375 α’
1067 4321 1273 4391 βιδλίου
1295 4363 1311 4388 ,
1345 4324 1463 4375 οὐδὲ
1494 4324 1583 4376 τὸν
1606 4324 1806 4393 ήττονα

224 4417 339 4469 τῶν
396 4415 600 4467 εἴκοσιν
646 4414 783 4466 έτῶν
836 4415 917 4475 εἰς
985 4412 1290 4481 μαρτυρίαν
1343 4412 1481 4466 κατά
1531 4427 1672 4475 τινος
1726 4414 1814 4466 ἐπ’

225 4506 543 4577 ἐγκλήμασι
577 4501 965 4572 παραδέχεται.

227 4619 248 4650 ι
307 4598 367 4651 ⁸0
415 4599 717 4666 κατήγορος
770 4598 835 4648 εκ
886 4594 983 4647 τοῦ
1045 4595 1176 4648 ἰδίου
1217 4594 1366 4646 οἴκου
1414 4594 1696 4664 μάρτυρας
1747 4595 1809 4647 οὐ

834 4705 853 4738 ι
890 4685 1199 4754 καθίστησι.
1228 4704 1245 4737 ι

298 4777 370 4828 Αἰ
402 4776 677 4829 οἰκειακαὶ
707 4777 1008 4847 μαρτυρίαι
1038 4774 1337 4844 ἀπόϐλητοι
1370 4776 1460 4829 καὶ
1487 4775 1595 4828 άπὸ
1630 4776 1811 4843 νόμων

223 4869 341 4922 εἰσί
365 4883 381 4899 '
415 4868 552 4939 φησὶ
580 4868 689 4939 γὰρ
715 4870 777 4921 τὸ
811 4867 894 4939 κα’
931 4868 1223 4934 κεφάλαιον
1251 4868 1344 4921 τοῦ
1382 4868 1601 4937 πρώτου
1633 4868 1810 4921 τίτΑου

218 4958 326 5013 τοῦ
368 4965 455 5011 κα¹
497 4938 702 5028 βιδλίου
748 4938 925 5028 ρητιῦς
952 4958 1178 5011 ίοῦπωσί
1204 4975 1220 4990 ο
1278 4959 1336 5011 '0
1389 4966 1695 5029 κατήγορος
1737 4960 1813 5013 οἰ-

220 5051 490 5110 κειακοὺς
520 5048 684 5101 αὑτοῦ
716 5049 997 5119 μάρτυρας
1030 5050 1091 5102 οὐ
1123 5047 1347 5103 δύναται
1376 5050 1646 5120 παράγειν
1666 5066 1680 5081 ·
1717 5051 1813 5103 καὶ

216 5145 284 5195 τὸ
318 5146 396 5193 κε’
430 5138 725 5205 κεφάλαιον
762 5138 856 5190 τοῦ
883 5139 1047 5192 αὐτοῦ
1073 5140 1253 5191 τίτλου
1284 5140 1376 5193 καί
1401 5138 1627 5209 βιϐλίου,
1655 5140 1728 5202 ὡς
1756 5142 1811 5193 αἰ

217 5232 505 5286 οἰκειακαὶ
548 5229 848 5299 μαρτυρίαι
879 5229 1389 5300 άτοοδοκιμάςονται.
1425 5231 1721 5301 Μάρτυρες
1755 5231 1812 5285 δὲ

216 5324 536 5383 οἰκειακοὺς
557 5321 769 5389 νοήσεις
793 5320 917 5383 τοὺς
941 5321 1043 5373 ὑπὸ
1066 5321 1314 5386 έξουσίαν
1337 5323 1478 5383 τινὸς
1505 5321 1809 5388 τελοῦντας,

218 5418 325 5467 καὶ
353 5411 689 5480 δυναμένους
722 5411 1151 5481 προστάττεσθαι
1179 5412 1311 5483 παρ’
1335 5413 1531 5467 αὐτοῦ’
1564 5415 1613 5467 οἱ
1638 5414 1812 5467 τοιοῦ-

215 5522 307 5558 τοι
338 5501 451 5570 γάρ
479 5501 603 5553 οὔτε
628 5501 769 5570 ὑπὲρ
803 5502 990 5566 αὑτοῦ,
1014 5504 1049 5575 ή
1081 5506 1199 5557 κατ’
1230 5506 1413 5571 ἄλλου,
1447 5507 1816 5578 κατηγοροῦν-

218 5613 317 5659 τος
344 5593 515 5648 αὐτοῦ
539 5635 556 5658 ,
580 5595 657 5657 εἰς
692 5597 999 5665 μαρτυρίαν
1026 5597 1579 5669 παραδεχθήσονταιῆ
1607 5601 1692 5653 ἐπ’
1722 5603 1814 5669 εγ-

229 5687 559 5756 κληματικῇ
587 5685 621 5757 ἢ
670 5687 765 5738 hct
795 5691 1107 5759 χρηματικῇ
1141 5690 1396 5745 αἰτιάσει.
1429 5692 1487 5744 Ei
1518 5693 1573 5747 δὲ
1624 5693 1811 5761 ἕτερός

218 5795 308 5843 τις
333 5777 546 5845 ἐνάγει,
603 5776 698 5828 καὶ
727 5774 978 5846 βούλεται
1010 5779 1174 5833 ἄλλου
1224 5781 1470 5851 οἰκειακῇ
1531 5782 1810 5852 μαρτυρία

1906 3244 2183 3311 imperari,
2201 3256 2254 3298 et
2273 3244 2375 3300 nisi
2401 3248 2624 3315 imperio
2642 3257 2884 3313 pareant,
2911 3260 3065 3313 paena
3088 3244 3250 3309 indigi
3279 3252 3473 3310 potest.

1904 3330 2038 3385 Nam
2065 3335 2107 3386 si
2132 3333 2497 3389 honestiorem
2528 3334 2580 3387 in
2624 3333 2825 3388 familia
2856 3334 3031 3387 locum
3062 3332 3357 3392 obtineant,
3394 3342 3479 3381 ut—

1906 3434 2029 3489 pote
2057 3428 2386 3489 sacerdotes,
2418 3428 2650 3488 diaconi,
2679 3426 2761 3478 vel
2794 3425 3151 3493 grammatici,
3176 3431 3228 3477 et
3253 3423 3480 3489 quiem.—

1905 3528 2010 3584 que
2037 3517 2196 3585 hujus
2225 3518 2458 3586 generis,
2485 3532 2513 3571 a
2543 3516 2850 3571 testimonio
2878 3516 3102 3570 dicendo
3136 3529 3473 3582 nequaquam

1904 3607 2258 3660 exclttdeutur

1901 3697 2127 3752 ARIST.
2189 3717 2208 3751 ε
2264 3699 2329 3753 Ει
2393 3702 2482 3771 qui
2553 3715 2725 3755 annos
2781 3700 3187 3769 quatuordecim
3244 3699 3480 3752 nuntium

2497 3811 2513 3842 ι
2549 3794 2830 3860 transegit.
2876 3810 2893 3841 ι

1971 3877 2041 3933 Et
2072 3880 2157 3933 hic
2206 3882 2269 3933 ad
2336 3884 2697 3935 testimonium
2754 3897 2856 3935 non
2921 3890 3004 3934 est
3064 3879 3473 3946 admittendus,

1906 3984 2125 4039 propter
2157 3975 2333 4027 aetatis
2366 3971 2851 4042 intperfectionem.
2889 3970 3102 4026 Testem
3136 3975 3278 4025 enim
3318 3987 3482 4038 opor-

1907 4071 2002 4124 tet,
2040 4078 2144 4116 non
2179 4073 2386 4116 tantum
2432 4066 2583 4117 bonae
2620 4079 2742 4117 esse
2783 4063 2939 4117 fama:
2986 4072 3042 4116 et
3068 4064 3431 4117 orthodoxam
3465 4103 3481 4127 ,

1908 4154 2000 4205 sed
2036 4162 2089 4207 et
2124 4154 2473 4207 stabilitatem
2507 4154 2708 4207 habere
2740 4170 2755 4206 :
2782 4166 2832 4206 at
2865 4154 2953 4222 qui
2986 4156 3318 4221 pubertatem
3353 4170 3483 4206 non-

1909 4240 2299 4311 dutn_attigit,
2353 4242 2555 4311 judicio
2613 4244 2854 4297 lubricus
2901 4255 3005 4297 est.
3054 4244 3122 4296 At
3181 4243 3480 4297 secundum

1913 4332 2087 4385 thema
2124 4350 2241 4401 cap.
2277 4336 2339 4388 l'i
2379 4336 2463 4389 tit.
2495 4336 2519 4388 1
2564 4336 2657 4391 lib.
2689 4339 2815 4403 ut,"
2855 4352 2950 4390 nec
2980 4338 3165 4406 viginti
3201 4337 3357 4388 annis
3388 4335 3485 4388 mi-

1912 4438 2096 4477 norem
2125 4425 2189 4476 ad
2216 4425 2583 4478 testimonium
2637 4437 2822 4478 contra
2849 4427 3156 4495 quempiam
3208 4426 3263 4479 itt
3314 4441 3479 4479 eausa

1843 4493 1886 4547 υ
1915 4514 2181 4568 criminati
2215 4515 2451 4569 dandum
2485 4516 2744 4570 admittit.

1918 4624 1936 4656 ε
1974 4606 2297 4673 {Accusator
2344 4620 2373 4659 e
2430 4606 2644 4675 propria
2689 4608 2846 4659 domo
2901 4614 3069 4661 testes
3160 4620 3268 4659 non
3345 4620 3472 4674 pro-

2553 4714 2571 4746 ι
2630 4696 2797 4750 ducit.
2841 4714 2860 4748 ι

1982 4787 2308 4842 Testimonia
2344 4786 2642 4841 domestica
2681 4788 2845 4840 etiam
2880 4802 2909 4839 a
2948 4788 3152 4856 legibus
3199 4798 3325 4841 sunt
3365 4788 3489 4855 reji-

1920 4879 2131 4933 cit‘nda.
2168 4878 2301 4931 Nam
2361 4894 2481 4947 cap.
2536 4880 2599 4931 2i
2648 4879 2788 4933 tiLi
2844 4877 2938 4932 llb.
2980 4894 3069 4934 ιιι
3119 4880 3196 4933 sic
3232 4896 3491 4948 expresse

1913 4970 2044 5023 dicit
2082 4988 2096 5023 :
2125 4971 2422 5023 Accusator
2459 4969 2787 5025 domesticos
2830 4985 2960 5024 suos
2986 4980 3151 5024 testes
3177 4988 3280 5024 non
3310 4983 3487 5039 putest

1917 5059 2215 5128 producere
2268 5075 2283 5111 :
2340 5068 2393 5111 et
2451 5072 2573 5126 esp.
2630 5057 2700 5110 9.5
2753 5057 2993 5127 ejusdem
3051 5059 3185 5111 tituli
3238 5068 3291 5113 et
3340 5060 3488 5121 libri.

1915 5150 2055 5218 quod
2112 5148 2419 5204 testimonia
2474 5148 2774 5203 domestica
2827 5148 3223 5216 improbantur.
3291 5149 3487 5203 Ta-stes

1914 5247 2091 5292 autem
2111 5239 2435 5292 domesticos
2461 5236 2746 5306 intelligas,
2774 5238 2864 5306 qni
2901 5240 3150 5306 potestati
3200 5241 3489 5307 cujuslibet

1921 5326 2149 5396 Sttbjecti
2186 5339 2335 5391 sunt,
2374 5338 2429 5381 et
2456 5329 2652 5397 quibus
2681 5330 2795 5396 ipse
2827 5329 3080 5382 mandare
3110 5336 3283 5396 potest
3310 5345 3323 5380 :
3356 5329 3493 5382 tales

1913 5420 2078 5482 enim,
2112 5435 2209 5473 nec
2234 5434 2331 5487 pro
2364 5434 2449 5484 eo,
2483 5434 2579 5473 nec
2606 5428 2796 5474 contra
2830 5420 2989 5473 alium
3010 5458 3027 5484 ,
3061 5435 3127 5472 eo
3150 5431 3441 5475 accusante
3470 5460 3486 5483 ,

1917 5511 1969 5565 in
1998 5512 2359 5564 testimonium
2391 5510 2737 5579 recipientur,
2794 5511 2847 5564 in
2878 5526 3039 5565 causa
3093 5510 3174 5564 vel
3215 5511 3487 5565 crintinali

1916 5601 1997 5654 vel
2032 5599 2372 5669 pecuniaria.
2411 5598 2468 5653 Si
2501 5601 2636 5655 alius
2683 5610 2864 5655 autem
2915 5601 3179 5670 quispiam
3231 5611 3488 5666 accuset,

1916 5704 1971 5745 et
2002 5692 2139 5746 alius
2172 5691 2473 5745 domestico
2504 5692 2811 5746 testimonio
2842 5693 2917 5746 uti
2968 5693 3161 5756 vellet,
3198 5708 3311 5747 non
3363 5712 3490 5763 pit)-

1928 5784 2160 5839 bibctur.
2207 5780 2338 5839 Nam
2373 5797 2440 5839 ex
2474 5798 2581 5838 una
2614 5783 2772 5842 domo
2796 5793 2970 5850 poteSt
3001 5797 3049 5839 et
3088 5792 3242 5853 pater
3276 5799 3322 5839 e.
3351 5787 3493 5835 “LUJ
