4224 6440
738 404 847 468 623

1990 394 2267 459 THEOD.
2310 390 2710 452 BALSAMON

3859 385 3961 449 626

733 526 826 590 qui
857 529 939 575 est
968 521 1067 573 sub
1098 526 1384 587 potestate,
1410 526 1462 568 et
1491 517 1594 570 duo
1619 514 1709 567 filii
1744 512 1941 568 fratres
1992 514 2153 567 simul
2190 515 2292 567 sub
2324 516 2365 571 Α
2397 528 2401 578 1

2324 516 2365 571 Α
2397 506 2721 579 χρήσασθαι,
2764 504 2825 556 οὐ
2892 502 3215 557 κεκώλυται.
3286 502 3419 555 Ἀπὸ
3477 507 3584 570 γὰρ
3632 501 3749 564 ἐνὸς
3822 503 3970 555 οῐκου

737 621 1023 678 potestate,
1053 608 1133 662 vel
1161 619 1349 661 contra
1385 608 1619 673 aliquem
1667 605 1747 656 vel
1779 618 1877 672 pro
1907 602 2087 670 aliquo
2141 603 2298 657 testi-

740 697 979 751 monium
1025 696 1226 759 dicere,
1260 708 1313 748 ut
1344 710 1464 763 cap.
1492 694 1558 746 l5
1587 692 1824 761 ejusdem
1859 690 1973 755 lib.,
2008 690 2091 747 tit.
2126 693 2145 744 l
2204 692 2297 745 lib.

740 800 830 841 ιιι
856 786 1064 840 statuit.

1263 1041 1489 1096 CANON
1522 1038 1803 1095 LAXXIII.

746 1159 765 1192 ι
803 1139 875 1192 De
907 1138 1178 1206 epismpo.
1212 1137 1299 1203 qui
1327 1152 1446 1186 enm
1469 1148 1497 1184 a
1528 1132 1907 1184 communione
1934 1126 2182 1188 removit,
2210 1126 2301 1193 qui

815 1248 835 1281 ι
877 1230 975 1283 sibi
1009 1229 1105 1280 soli
1142 1226 1413 1295 pr0prium
1462 1225 1667 1277 crimen
1702 1220 1981 1274 Confessus
2011 1230 2111 1270 est.
2140 1217 2303 1270 Sinti-

809 1340 829 1373 ι
870 1321 990 1373 liter
1012 1318 1209 1387 placuit
1243 1328 1321 1381 ut,
1348 1317 1392 1369 si
1433 1315 1719 1382 episc0pns
1767 1312 1909 1363 dicat
1942 1311 2170 1376 aliquem
2203 1307 2303 1361 sibi

814 1430 833 1463 ι
876 1410 973 1464 soli
1010 1406 1283 1476 proprium
1317 1405 1520 1458 crimen
1572 1418 1693 1455 esse
1737 1400 2048 1453 confessum
2076 1435 2092 1459 ,
2124 1407 2175 1451 et
2220 1397 2306 1449 ille

814 1522 832 1553 ι
875 1510 1053 1569 neget,
1082 1514 1146 1553 ne
1172 1497 1444 1551 existimet
1472 1494 1755 1562 episcOpns
1783 1493 1833 1544 id
1877 1490 1939 1543 ad
1983 1504 2133 1543 suam
2164 1488 2306 1553 inju-

815 1612 834 1644 ι
879 1594 1013 1647 riam
1046 1590 1334 1659 pertinere,
1371 1589 1512 1656 quod
1542 1586 1592 1638 ei
1632 1584 1728 1639 soli
1760 1583 1890 1637 fides
1915 1598 2018 1635 non
2042 1580 2302 1632 habetur:

815 1704 834 1736 ι
868 1681 1077 1737 etiamsi
1131 1680 1357 1747 propria
1396 1676 1737 1731 conscientia:
1769 1671 2021 1741 scrupulo
2054 1672 2193 1723 dicat
2249 1683 2306 1722 se

813 1794 831 1826 ι
865 1772 1004 1826 nolle
1024 1772 1094 1833 ei,
1128 1770 1217 1837 qui
1247 1776 1424 1837 negat,
1454 1763 1877 1819 communicare.
1912 1782 1931 1814 ε

811 1950 1007 2005 BALS.
1043 1947 1113 2003 Ut
1143 1958 1226 2002 est
1258 1946 1572 2009 verisimile,
1602 1945 1815 2013 quidem
1849 1945 2039 2008 laicus,
2072 1944 2154 1997 vel
2196 1943 2306 1997 cle-

742 2043 887 2095 ricus
934 2039 1147 2106 proprio
1174 2038 1428 2105 episcopo
1481 2033 1760 2087 confessus
1784 2044 1867 2087 est
1908 2035 1973 2089 de
2002 2036 2181 2101 aliquo
2202 2048 2232 2087 ε
2254 2049 2314 2089 se

738 2131 1027 2183 commisso
1061 2138 1298 2194 peccato.
1335 2125 1536 2177 Etcum
1560 2139 1721 2177 causa
1760 2124 1968 2191 publice
1998 2134 2115 2178 acta
2143 2134 2308 2188 esset,

740 2220 831 2288 qui
864 2219 1255 2272 confessionem
1292 2216 1505 2283 quidem
1540 2212 1738 2267 fecerat
1765 2215 1969 2267 crimen
2030 2214 2309 2266 inficiaba-

741 2321 863 2373 tur;
890 2310 1168 2376 episcopus
1189 2316 1363 2359 autem
1393 2320 1514 2357 eum
1556 2304 1934 2368 redarguebat.
1970 2302 2035 2355 Et
2072 2304 2193 2355 ideo
2214 2318 2311 2354 vo-

740 2400 885 2452 lebat
910 2414 1050 2457 eum,
1084 2399 1173 2465 qui
1207 2395 1490 2448 confessus
1554 2393 1714 2445 fuerit
1754 2430 1769 2455 ,
1803 2391 1978 2461 puniri
2010 2435 2021 2455 ,
2054 2402 2309 2462 tanquam

737 2489 827 2559 qui
856 2489 1028 2555 ipsum
1056 2486 1249 2553 injuria
1283 2483 1581 2546 affecisset;
1614 2497 1677 2536 eo
1706 2484 1848 2549 quod
1901 2497 2009 2534 non
2051 2492 2312 2535 annueret

741 2581 825 2641 iis,
870 2594 985 2646 qua:
1019 2579 1083 2629 ab
1116 2578 1230 2643 ipso
1270 2574 1609 2627 dicebantur.
1643 2570 1782 2625 Dicit
1813 2586 1941 2640 ergo
1970 2586 2165 2633 canon,
2192 2572 2307 2639 epi-

739 2684 957 2738 Scoputn
991 2668 1186 2734 injmia
1223 2682 1329 2719 non
1357 2665 1518 2724 allici,
1556 2666 1599 2717 si
1640 2664 1770 2714 fides
1798 2662 1870 2714 illi
1903 2676 2005 2713 non
2057 2662 2310 2714 adhibea-

738 2772 829 2815 tnr
861 2760 957 2813 soli
980 2759 1200 2821 dieenti,
1232 2772 1350 2809 eum
1378 2796 1393 2820 ,
1432 2756 1521 2822 qui
1579 2765 1869 2807 accusatur
1896 2794 1911 2815 ,
1946 2754 2149 2806 crimen
2199 2752 2303 2807 sibi

737 2850 1093 2917 deposuisse:
1126 2846 1340 2901 etiamsi
1378 2846 1523 2899 dicat
1554 2846 1837 2911 episcopus
1862 2885 1876 2907 ,
1902 2841 2035 2896 Nolo
2070 2858 2192 2896 eum
2241 2842 2309 2895 ad

737 2938 1173 2993 communionem
1205 2935 1510 2997 admittere,
1548 2949 1670 2986 eum
1705 2949 1817 2986 mea
1845 2934 1897 2986 in
1941 2948 2004 2988 eo
2032 2936 2312 2989 οοιιειὶιιη-

739 3030 813 3083 tia
838 3028 1181 3091 offendatur,
1236 3036 1521 3094 prOpterea
1584 3024 1727 3092 quod
1784 3024 1989 3077 crimen
2030 3024 2309 3078 confessus

2397 599 2618 650 δύναται
2669 594 2761 648 καὶ
2819 595 3019 663 πατὴρ,
3071 594 3168 645 καὶ
3205 592 3318 655 υίὸς
3364 591 3699 656 ὑπεξούσιος.
3749 593 3845 645 καὶ
3886 591 3979 645 δύο

2400 686 2807 750 συνυπεξούσιοι
2834 686 2940 737 υἱοὶ
2977 684 3197 751 ἀδελφοὶ
3233 683 3327 735 καὶ
3357 683 3502 735 κο.τὰ
3537 697 3679 743 τινος
3715 681 3815 734 καὶ⁵
3838 681 3979 750 ὑπέρ

2398 797 2539 841 τινος
2582 778 2877 847 μαρτυρεῖν
2906 792 2920 808 ο
2950 774 3026 837 ὡς
3056 774 3116 827 τδ
3146 772 3632 835 πεντεκαιδέκατον
3686 771 3979 838 κεφάλαιον

2398 865 2493 922 τού
2515 866 2677 921 αὑτοῦ
2697 864 2912 935 πρώτου
2940 863 3117 916 τίτλου
3143 863 3233 917 τοῦ
3257 861 3503 915 εἰκοστοῦ
3531 860 3744 931 πρώτω
3773 860 3981 930 βιϐλίου

2400 958 2772 1027 διαλαμϐάνει.

2962 1046 3201 1103 ΚΑΝΩΝ
3249 1043 3417 1098 PM".

2410 1158 2428 1191 t
2473 1142 2607 1211 Περὶ
2645 1144 2946 1196 ἐπισκόπου
2980 1142 3073 1193 τοῦ
3113 1139 3221 1194 ἀπὸ
3255 1134 3535 1194 κοινωνίας
3576 1130 3855 1192 ποιοῦντος
3896 1130 3987 1183 τὸν

2482 1250 2501 1285 ι
2541 1232 2691 1301 αύτῷ
2750 1235 2895 1302 μόνῳ
2949 1233 3009 1285 τὸ
3060 1232 3190 1284 [διον
3249 1226 3498 1295 ἔγκλημα
3553 1224 3985 1292 ὁμολογήσαντα.

2482 1341 2500 1374 ι
2551 1322 2779 1392 Ὁμοίως
2818 1324 3014 1393 ήρεσεν
3066 1320 3173 1385 ἵνα,
3227 1319 3322 1371 ἐάν
3359 1333 3487 1369 ποτε
3522 1315 3818 1374 ἐπίσκοπος
3853 1313 3988 1380 λέγῃ

2484 1430 2504 1463 ι
2544 1415 2667 1465 τινὰ
2701 1412 2850 1482 αὐτῷ
2895 1413 3039 1479 μόνῳ
3072 1412 3131 1462 τὸ
3166 1409 3297 1461 [διον
3344 1407 3597 1475 ἔγκλημα
3625 1406 3987 1473 ὁμολογήσαι,

2484 1522 2504 1557 ι
2549 1507 2643 1557 καὶ
2676 1507 2879 1566 ἐκεῖνος
2909 1506 3174 1575 ἀρνεῖται,
3219 1503 3294 1570 μὴ
3323 1500 3609 1568 λογίσηται
3634 1501 3664 1550 6
3689 1499 3988 1557 ἐπίσκοπος

2481 1613 2500 1647 ι
2535 1598 2618 1660 είς
2666 1596 2802 1648 ἰδίαν
2841 1595 2997 1663 ὖόριν
3041 1592 3361 1654 συντείνειν,
3399 1592 3482 1644 ὅτι
3516 1589 3675 1649 αὐτὸς
3721 1591 3879 1654 μόνος
3922 1587 3984 1637 ού

2486 1706 2505 1740 ι
2542 1687 2896 1740 πιστεύεται·
2919 1688 2967 1738 εί
3001 1687 3095 1737 καὶ
3129 1683 3205 1752 τῷ
3236 1680 3541 1748 est»;th
3567 1682 3663 1748 τῆς
3702 1680 3837 1740 ιδίας
3870 1694 3993 1731 συν-

2486 1796 2504 1828 ι
2543 1778 2798 1847 ειδήσεως
2832 1776 2978 1843 λέγει
3019 1774 3095 1844 μὴ
3144 1774 3318 1826 θέλειν
3365 1774 3551 1826 ἑαυτὸν
3594 1773 3869 1825 κοινωνεῖν
3911 1770 3992 1839 τῷ

2487 1888 2506 1920 ι
2543 1869 2878 1937 ἀρνουμένῳ.
2907 1885 2926 1917 ι

2484 1958 2675 2010 ΒΑΛΣ.
2722 1958 2809 2017 Ὠς
2840 1955 3006 2020 εοικε,
3034 1958 3115 2017 τὶς
3150 1952 3332 2014 λαῖκὺς
3366 1952 3400 2023 ἢ
3435 1953 3527 2005 καί
3557 1952 3813 2020 κληρικδς
3850 1950 3989 2014 ἐξω·

2418 2048 2755 2117 μολογήσατο
2789 2046 2866 2115 τῷ
2902 2046 3016 2114 ιδίῳ
3049 2047 3333 2111 ἐπισκόπῳ
3371 2044 3498 2110 περί
3524 2056 3670 2103 τινος
3705 2042 3795 2093 ὑπ’
3822 2038 3988 2093 αὑτοῦ

2412 2140 2754 2209 πραχθέντος
2792 2137 3209 2207 ἁμαρτήματος.
3244 2135 3352 2185 Καὶ
3380 2132 3706 2199 λαληθείσης
3733 2130 3833 2198 τῆς
3862 2130 3994 2185 ὐπο-

2411 2232 2608 2291 θέσεως
2649 2230 2739 2280 ἐπὶ
2771 2227 2974 2289 κοινοῦ,
3008 2229 3037 2278 6
3079 2226 3177 2294 μὶν
3206 2226 3305 2293 τὴν
3337 2222 3724 2291 ἐξομολόγησιν
3758 2220 3994 2288 ποιησὰ-

2413 2335 2573 2391 μενος
2616 2321 2834 2388 ήρνεῖτο
2875 2317 3206 2385 τὸέγκλημα
3230 2330 3247 2347 ⁸
3293 2316 3321 2367 6
3363 2314 3421 2365 δέ
3458 2314 3750 2373 ἐπίσκοπος
3793 2312 3992 2381 ήλεγχε

2408 2408 2613 2463 τοῦτον.
2643 2408 2734 2460 Διὸ
2760 2408 2853 2461 καὶ
2878 2408 3036 2478 ήθελε
3065 2408 3155 2459 τὸν
3187 2404 3723 2475 ἐξομολογησάμενον
3747 2419 3996 2471 τιμωρη-

2410 2498 2568 2567 θῆναι
2606 2498 2680 2560 ὡς
2716 2496 2976 2566 ὑϐριστὴν
3007 2496 3198 2560 αὑτοῦ,
3237 2495 3327 2548 διὰ
3367 2494 3442 2563 μὴ
3467 2494 3783 2547 κατανεύειν
3810 2495 3891 2556 εις
3924 2493 3993 2544 τὰ

2410 2591 2674 2659 λεγόμενα
2713 2589 2861 2658 παρὰ
2896 2586 3109 2640 τούτου.
3148 2587 3315 2655 Φησὶν
3344 2580 3437 2638 οὖν
3469 2586 3496 2637 6
3537 2584 3715 2637 κανὼν
3756 2584 3841 2635 ὅτι
3892 2583 3994 2634 οὐκ

2411 2681 2554 2733 εστιν
2587 2681 2741 2749 ὕϐρις
2780 2678 2871 2731 τοῦ
2912 2678 3209 2731 ἐπισκόπου
3248 2677 3309 2729 τι
3343 2677 3419 2745 μή
3456 2673 3802 2728 πιστεύεσθαι
3828 2673 3992 2725 αὐτὸν

2411 2771 2506 2820 καὶ
2545 2770 2702 2832 μόνον
2739 2767 2965 2832 λέγοντα
3001 2764 3330 2817 καταθέσθαι
3362 2763 3448 2815 ἐπ’
3477 2763 3625 2832 αὐτῷ
3651 2762 3712 2813 τὸ
3740 2762 3995 2828 ἔγκλημα⁵

2409 2859 2500 2911 τὸν
2547 2856 3054 2928 κατηγορούμενον·
3087 2855 3189 2907 κᾶν
3228 2856 3363 2923 λέγῃ
3390 2857 3416 2906 6
3449 2853 3742 2914 ἐπίσιοττος
3772 2855 3879 2915 ὅτι,
3917 2853 3992 2903 0εὸ

2414 2949 2551 3002 θέλω
2578 2946 2970 3017 προσδέξασθαι
2996 2944 3157 2997 αὑτὸν
3183 2944 3263 3004 είς
3302 2942 3605 3005 κοινωνίαν,
3642 2941 3998 3001 σκανδαλιζο-

2418 3041 2581 3106 μένης
2612 3034 2698 3088 ἐπ’
2744 3034 2890 3103 αὑτῷ
2936 3034 3033 3103 τῆς
3065 3033 3419 3100 συνειδήσεώς
3456 3048 3593 3100 μου,
3622 3030 3709 3083 διὰ
3754 3030 3853 3099 τὴν
3884 3030 4001 3094 ἐξοο

742 3135 848 3179 est.
881 3122 1237 3190 lnterrogabit
1281 3131 1458 3174 autem
1487 3118 1750 3186 quispiam
1782 3159 1795 3181 ,
1829 3132 1949 3170 cum
1984 3130 2155 3169 canOn
2206 3132 2308 3169 non
2340 3150 2382 3207 ο

2340 3150 2382 3207 c
2419 3129 2711 3199 μολόγησιν
2744 3126 2839 3178 τοῦ
2886 3126 3301 3194 ἁμαρτήματος.
3355 3123 3651 3192 Ἐρωτήσει
3678 3122 3733 3173 δέ
3766 3138 3851 3181 τις
3872 3159 3888 3182 ,
3926 3120 3999 3180 ὡς

737 3230 859 3271 esse
891 3214 1285 3268 admittendum
1318 3214 1480 3265 ducat
1509 3210 1744 3278 episCttpi
1772 3209 2159 3271 testimonium,
2187 3218 2301 3261 lan-

739 3319 901 3372 quam
928 3305 1086 3358 unins
1111 3303 1351 3356 hominis
1378 3342 1393 3365 ,
1439 3302 1734 3354 secundum
1774 3300 1943 3368 legem
1975 3315 2092 3367 quae
2126 3300 2256 3353 dicit
2291 3314 2307 3357 ι

740 3396 858 3451 Non
891 3394 1058 3464 668
1107 3402 1190 3446 est
1250 3392 1407 3444 unius
1466 3389 1854 3442 admittendum
1907 3390 2307 3451 testimonium,

736 3488 951 3543 etiamsi
980 3487 1047 3539 sit
1073 3494 1291 3537 senator
1327 3500 1339 3535 :
1377 3482 1694 3535 andieturne
1729 3480 2036 3548 episcopus,
2058 3489 2311 3546 tanquam

740 3582 816 3643 ei,
848 3579 942 3648 qtti
973 3588 1282 3637 accusatur,
1325 3584 1470 3627 recte
1513 3588 1615 3625 non
1648 3573 2072 3633 communicatis,
2096 3580 2312 3638 propter

740 3666 1157 3730 confessionem,
1196 3680 1262 3716 an
1294 3662 1439 3715 non?
1468 3661 1696 3715 Salutio.
1739 3660 1864 3712 bl.hi
1896 3660 2105 3713 videtur
2150 3660 2311 3727 quod,

744 3755 964 3809 etiamsi
995 3768 1180 3806 revera
1212 3752 1491 3804 confessus
1522 3759 1603 3802 est
1631 3789 1644 3811 ,
1679 3748 1767 3813 qui
1814 3755 2125 3810 accusatur,
2152 3760 2215 3796 ex
2250 3759 2314 3797 eo

742 3849 859 3900 Solo
886 3862 990 3897 non
1026 3842 1219 3910 poterit
1254 3842 1539 3909 episcopus
1572 3855 1693 3892 eum
1739 3854 1765 3891 a
1803 3838 2178 3891 communione
2224 3852 2315 3905 se:

741 3953 952 4007 parare,
985 3946 1040 3987 ut
1072 3936 1159 4003 qni
1190 3950 1291 4003 non
1346 3933 1416 3986 sit
1456 3932 1843 3985 condemnatus
1876 3947 1889 3982 :
1925 3930 1969 3983 si
2004 3939 2183 3981 autem
2215 3928 2313 3981 hoc

741 4030 950 4089 fecerit,
1001 4026 1177 4096 utqui
1231 4026 1347 4079 sine
1383 4026 1590 4077 ratione
1637 4023 1905 4075 hominem
1963 4036 1993 4072 α
2048 4020 2311 4087 spirituali

738 4137 771 4175 ο
793 4121 1115 4172 mtmunione
1137 4116 1494 4185 scparaverit,
1523 4112 1863 4182 separabitur
1897 4121 1950 4164 et
1986 4111 2098 4177 ipse
2131 4126 2157 4161 a
2196 4125 2311 4163 ma-

736 4209 1122 4278 joriantistite,
1155 4220 1238 4268 eo,
1268 4204 1357 4273 qui
1398 4204 1678 4257 confessus
1700 4212 1784 4255 est
1807 4244 1821 4265 ,
1871 4200 2137 4254 absoluto.
2182 4198 2312 4251 Nota

740 4317 869 4370 ergo
912 4308 1234 4369 pra'seutetn
1270 4310 1533 4350 canonem
1564 4306 1781 4363 propter
1814 4294 2091 4363 episcopos
2120 4305 2170 4347 et
2201 4306 2315 4345 mo-

742 4396 970 4455 nachos,
1003 4391 1091 4458 qui
1123 4398 1467 4457 peccatorum
1503 4387 1779 4441 hominum
1816 4383 2184 4440 c0nfessiones
2218 4400 2315 4435 an-

2410 3220 2501 3274 τού
2528 3220 2743 3281 κανόνος
2763 3217 3138 3287 ἁπαράδεκτον
3155 3215 3507 3283 λογιζομένου
3538 3214 3636 3283 τὴν
3661 3212 3755 3264 τού
3780 3213 4003 3265 ἐπισκό-

2412 3329 2513 3363 που
2553 3308 2887 3379 μαρτυρίαν,
2927 3309 3002 3369 ὡς
3036 3305 3325 3377 ἀνθρώπου
3357 3307 3507 3367 ἐνὶς,
3542 3306 3682 3358 κατὰ
3710 3305 3802 3356 τὸν
3836 3306 4003 3373 νόμον

2409 3407 2501 3453 τὸν
2553 3403 2799 3467 λεγοντα,
2859 3400 3008 3462 Ἐνδς
3053 3399 3328 3469 μαρτυρία
3362 3398 3463 3450 οὐκ
3513 3396 3628 3449 ἐστι
3668 3397 3854 3465 δεκτη,
3898 3394 4005 3447 κᾶν

2413 3492 2771 3560 συγκλητικός
2822 3493 2991 3554 ἐστιν,
3030 3490 3427 3559 ἀκουσθήσεται
3479 3488 3508 3540 6
3557 3489 3877 3553 ἐπίσκοπος,
3927 3486 4005 3547 ὡς

2412 3584 2652 3649 εὐλόγως
2689 3582 2764 3651 μὴ
2796 3580 3171 3647 συγκοινωνῶν
3195 3579 3272 3648 τῷ
3303 3579 3763 3647 κατηγορουμένῳ
3786 3577 3876 3630 διᾶ
3901 3579 4002 3644 τὴν

2412 3671 2816 3741 ἐξομολόγησιν,
2849 3669 2881 3738 ἢ
2913 3670 3024 3737 μή;
3060 3670 3270 3731 Λύσις.
3321 3668 3476 3736 Ἐμοὶ
3498 3668 3642 3719 δοκεῖ
3673 3666 3770 3729 ὡς,
3803 3664 3906 3718 κᾶν
3936 3667 4002 3733 τῇ

2416 3762 2641 3829 ἀληθείᾳ
2672 3759 3120 3828 ἐξωμολογήσατο
3155 3761 3181 3812 6
3216 3758 3691 3827 κατηγορούμενος
3712 3797 3728 3821 ,
3758 3758 3869 3810 ἀπὸ
3902 3760 3999 3825 μό-

2414 3871 2503 3907 νου
2536 3852 2725 3904 τούτου
2769 3852 2827 3902 οὐ
2863 3850 3148 3918 δυνήσεται
3197 3850 3360 3903 αύτέν
3404 3850 3637 3918 χωρίσαι
3675 3848 3773 3917 τῆς
3806 3866 4004 3902 κοινω-

2416 3944 2531 4002 νίας
2586 3942 2615 3992 6
2668 3942 2999 4001 ἐπίσκοπος,
3060 3939 3135 4000 ὡς
3202 3939 3335 4007 μηδὲ
3395 3938 3895 3991 καταδικασθέντω
3954 3941 4004 3989 εί

2413 4033 2467 4084 δὲ
2498 4032 2655 4085 τοῦτο
2684 4033 2919 4101 ποιήσει,
2952 4032 3027 4092 ὡς
3059 4030 3371 4096 ἁνευλόγως
3397 4029 3632 4098 χωρίσας
3666 4030 3758 4081 τὸν
3787 4029 4006 4098 ἄνθρωο

2415 4140 2515 4175 πον
2539 4124 2643 4174 ἀπὸ
2678 4122 2774 4190 τῆς
2808 4121 3186 4190 πνευματικῆς
3242 4120 3562 4183 κοινωνίας,
3600 4118 4004 4189 χωριτθήσεται

2418 4216 2510 4265 καὶ
2540 4213 2698 4274 αὐτὸς
2730 4211 2833 4263 ὑπὸ
2860 4210 2950 4264 τοῦ
2987 4210 3235 4279 μείζονος
3266 4209 3592 4278 ἀρχιερέως,
3616 4205 3710 4259 τού
3741 4207 4005 4275 ἐξομολο-

2416 4304 2728 4372 γησαμένου
2763 4301 3043 4371 λυομένου.
3070 4300 3386 4369 Σημείωσαι
3408 4298 3499 4350 τὸν
3527 4296 3765 4366 παρόντα
3796 4297 4001 4348 κανόνα

2417 4394 2504 4446 διὰ
2535 4395 2657 4454 τοὺς
2689 4392 3019 4452 ἐπισκόπους
3061 4392 3305 4452 καὶτοὺς
3339 4386 3664 4457 δεχομένους
3692 4385 4004 4455 ἀνθρώπων

742 4483 918 4545 diunt,
949 4490 1002 4533 et
1029 4479 1399 4534 testimonium
1426 4477 1611 4531 ferunt
1647 4477 1905 4528 adversus
1937 4488 2051 4537 eos,
2082 4475 2170 4541 qni
2226 4473 2309 4525 di-
2345 4478 2386 4531 Ι)

2345 4478 2386 4531 Ι)
2417 4483 2708 4551 λογισμοὺς
2764 4483 3049 4550 μοναχοὺς,
3103 4480 3197 4532 καὶ
3246 4477 3660 4550 μαρτυροῦντας
3699 4477 3843 4528 κατὰ
3892 4476 4004 4528 τῶν

742 4584 938 4627 enutur
964 4572 1156 4626 fecisse
1202 4572 1344 4640 apud
1400 4570 1544 4639 ipsos
1611 4566 2007 4621 confessionem
2050 4565 2313 4619 criminis.

744 4666 897 4731 Quod
931 4673 1111 4716 autem
1147 4677 1252 4715 non
1306 4672 1389 4714 est
1437 4660 1826 4717 admittendum
1870 4658 2029 4710 unius
2078 4658 2315 4710 testimo-

745 4757 916 4816 nium,
952 4753 1067 4822 lege
1088 4753 1249 4805 etiam
1286 4764 1546 4804 canonem
1584 4748 1651 4801 75
1698 4756 2010 4808 sanctorum
2046 4745 2315 4813 apostolo-

746 4860 887 4898 rum.
923 4845 1312 4897 b.:nt-tissitntts
1351 4842 1565 4910 quidem
1594 4850 1738 4892 certe
1792 4836 2091 4906 patriartba
2147 4836 2315 4887 domi-

744 4951 845 4988 nus
874 4934 1043 4986 Lucas
1082 4930 1659 4986 exeomumnieationis
1704 4946 1879 4999 pomze
1921 4927 2150 4996 subjecit
2198 4942 2314 4979 tnu-

746 5026 967 5079 nasterti
996 5024 1337 5092 Gerotrophii
1369 5024 1677 5093 prafectum
1704 5061 1721 5089 ,
1750 5021 1840 5090 qui
1888 5020 2065 5074 fuerat
2102 5018 2317 5072 archie-

743 5119 994 5186 piscopus
1016 5112 1312 5177 Heracleae,
1348 5115 1487 5180 quod
1533 5113 1637 5167 tale
1688 5112 2051 5167 testimonium
2111 5113 2316 5165 tulisset

743 5226 771 5260 a
797 5213 1002 5260 lversus
1031 5221 1188 5260 suum
1226 5206 1559 5273 spiritualem
1600 5205 1790 5259 filium.

816 5296 1069 5351 ZONAR.
1104 5297 1365 5362 Quamvis
1399 5297 1681 5365 episcopus
1704 5295 1930 5363 alicujus
1979 5309 2039 5348 se
2064 5293 2315 5357 crimina,

744 5391 814 5443 ob
838 5402 956 5457 qua
987 5388 1032 5441 is
1057 5388 1439 5441 communione
1464 5386 1757 5440 movendus
1789 5398 1893 5449 est,
1920 5385 2089 5453 ipsius
2110 5382 2319 5437 confes-

743 5486 894 5534 sione
955 5480 1273 5548 cognovisse
1331 5477 1593 5543 aflinnet,
1661 5480 1751 5547 qui
1813 5490 1992 5532 tamen
2050 5476 2316 5546 ejusmodi

743 5567 1016 5636 quidpiam
1068 5565 1373 5621 confessum
1408 5583 1467 5622 se
1513 5582 1635 5622 esse
1682 5578 1865 5637 neget;
1912 5568 2009 5621 soli
2069 5569 2318 5635 episcopo

747 5660 797 5711 in
830 5674 891 5712 ea
922 5673 979 5711 re
1015 5656 1149 5711 fides
1183 5672 1291 5711 non
1323 5658 1629 5713 habebitur.
1660 5659 1843 5729 Neque
1886 5676 2043 5722 vero,
2072 5660 2318 5728 inquiunt

744 5748 951 5816 Patres,
988 5750 1041 5806 iu
1073 5764 1138 5807 eo
1170 5748 1422 5820 injuriam
1444 5751 1545 5805 sibi
1579 5752 1693 5807 fleri
1714 5753 2000 5822 epismpns
2021 5753 2316 5814 existimet,

2415 4573 2720 4641 λεγομένων
2771 4574 2995 4642 ποιήσαι
3046 4572 3182 4641 πρὸς
3228 4569 3431 4631 αὐτοὺς
3472 4567 3861 4637 ἐξομολόγησιν
3906 4565 4005 4620 τοῦ

2415 4664 2830 4733 ἁμαρτήματος.
2862 4664 2984 4715 Ὀτι
3014 4662 3069 4714 δέ
3098 4661 3319 4723 ἄδεκτός
3349 4661 3499 4712 ἐστιν
3528 4661 3560 4727 ή
3596 4656 3687 4711 τοῦ
3717 4657 3832 4720 ἐνὸς
3863 4674 4006 4727 μαρ-

2413 4756 2597 4824 τυρία,
2652 4755 2925 4821 ἀνάγνωθι
2974 4756 3067 4806 καὶ
3118 4754 3212 4807 τὸν
3264 4759 3335 4806 οε¹
3394 4753 3591 4805 κανόνα
3649 4750 3758 4803 τῶν
3829 4750 4003 4816 ἁγίων

2417 4846 2749 4898 ἀποστόλων.
2798 4846 2855 4897 '0
2889 4841 3073 4915 μέντοι
3123 4844 3423 4911 ἁγιώτατος
3461 4841 3801 4911 πατριάρχης
3837 4840 4003 4908 κυρὸς

2417 4938 2628 4995 Λουκᾶς
2669 4936 2932 5005 ἐπιτιμίῳ
2975 4932 3428 5003 ἀλειτουργησίας
3479 4930 3858 4984 καθυπεὸαλλε
3905 4931 3999 4981 τὸν

2417 5025 2824 5094 καθηγούμενον
2858 5026 2955 5093 τῆς
2989 5026 3157 5094 μονῆς
3184 5024 3276 5077 τοῦ
3316 5026 3679 5096 γηροτρόφου,
3714 5022 3807 5073 τὸν
3836 5036 4000 5087 γεγο-

2414 5117 2540 5169 νότα
2573 5116 2999 5185 ἀρχιεπίσκοπον
3032 5116 3399 5185 Ἡρακλείας,
3428 5114 3671 5168 τοιοῦτόν
3701 5130 3753 5165 τι
3785 5128 3997 5181 μαρτυ-

2420 5207 2659 5276 ρήσαντα
2695 5208 2838 5257 κατὰ
2860 5205 3233 5273 πνευματικοῦ
3258 5207 3445 5267 παιδὸς
3472 5203 3661 5262 αὐτοῦ.

2487 5296 2727 5349 ΖΩΝΑΡ.
2780 5295 2896 5349 Κᾶν
2947 5296 3245 5359 ἐπίσκοπος
3296 5296 3432 5367 λέγῃ
3492 5294 3996 5364 ἐξομολογήσασθαι

2416 5385 2565 5453 αὑτῷ
2595 5402 2720 5435 τινα
2749 5384 3053 5455 ἁμάρτημα
3092 5385 3323 5454 χωρίζον
3352 5384 3513 5437 αὑτὸν
3549 5388 3647 5453 τῆς
3678 5385 3998 5450 κοινωνίας,

2415 5482 2443 5533 6
2470 5479 2525 5531 δέ
2564 5477 2814 5547 ἀρνῆται,
2846 5475 3020 5541 λέγων
3050 5475 3124 5545 μὴ
3161 5478 3336 5527 εἰπεῖν
3371 5474 3520 5545 αὐτῷ
3550 5476 3791 5529 τοιοῦτον
3823 5477 4004 5545 ἁμάρ-

2415 5587 2588 5640 τημα,
2640 5568 2700 5619 οὑ
2755 5566 3173 5635 πιστευθήσεται
3227 5566 3387 5634 μόνος
3440 5568 3468 5618 ό
3516 5566 3842 5629 ἐπίσκοπος.
3892 5567 4004 5620 Καὶ

2416 5663 2597 5723 τοῦτο,
2632 5660 2798 5727 φασὶν
2824 5660 2870 5710 oi
2900 5658 3163 5728 Πατέρες,
3195 5658 3271 5729 μὴ
3292 5656 3592 5725 λογιζέσθω
3612 5658 3691 5729 τῷ
3720 5660 4006 5728 ἐπισκόπει)

2421 5758 2501 5817 εἷς
2561 5752 2741 5821 ὓϐριν,
2804 5752 2886 5803 ότι
2941 5750 2999 5802 ού
3064 5750 3379 5805 πιστεύεται
3438 5751 3621 5820 μόνος,
3673 5752 3769 5804 καὶ
3818 5750 4005 5805 λοιπὸν
