4224 6440
250 425 356 490 425

1254 410 1528 475 IN.CAN.
1570 406 1853 471 CXXXIV
1886 404 2092 467 CONC.
2146 405 2525 466 CARTHAG.

3361 403 3469 460 626

246 539 614 607 ἀναγκάζεται
678 537 1060 605 συγκοινωνεῖν
1121 532 1345 599 ικείνῳ,
1411 528 1515 581 κᾶν
1576 526 1707 595 λεγη
1774 525 1803 576 6
1831 524 1914 580 At

1797 543 1803 573 ι
1831 524 1878 580 Δ
1906 520 2045 585 quod
2074 521 2177 575 soli
2216 522 2316 575 sibi
2350 534 2454 573 non
2474 518 2775 579 credatur,
2800 516 3055 587 quodque
3097 514 3149 568 in
3190 522 3465 583 posterum

247 630 542 689 ιπίσκοπος
569 629 650 679 ὅτι
684 628 759 678 Οὐ
790 625 926 677 θέλω
962 620 1355 692 προσδέξασθαι
1388 616 1549 671 αὑτὸν
1581 616 1658 675 είς
1689 629 1802 665 κοι-

246 717 474 777 νωνίαν,
516 714 999 781 σκανδαλιζημίνης
1030 712 1116 763 επ*
1148 709 1295 777 αὐτῷ
1321 708 1416 775 τῆς
1454 700 1805 770 συνειδήσεώς

251 823 378 875 μου.
431 805 756 873 Σκινδαλμδν
785 806 892 872 γὰρ
924 803 957 871 ἢ
999 802 1060 853 τὸ
1102 798 1390 852 σκάνδαλον
1414 795 1627 862 νοητέον
1655 792 1687 860 ἢ
1715 791 1807 842 τὸν

248 892 477 961 θόρυόον
505 894 604 960 τῆς
632 891 983 959 συνειδήσεως
1010 888 1407 959 θορυϐουμένης
1436 883 1528 935 καὶ
1552 888 1807 949 ταραττο-

251 982 421 1051 μένης
447 982 534 1035 διὰ
558 984 653 1049 τὴν
678 981 1061 1050 ἐξομολόγησιν
1087 978 1181 1032 τοῦ
1220 977 1633 1047 ἁμαρτήματος·

250 1153 474 1204 ΔΡΙΣΤ.
525 1170 544 1203 ι
582 1154 770 1220 Λέγων
805 1154 1099 1213 επίσκοπος
1134 1152 1216 1203 ὅτι
1261 1148 1335 1201 Τὸ
1376 1146 1626 1215 ῐγκλημα
1668 1142 1809 1196 κατά

343 1261 357 1293 ι
404 1247 571 1315 μόνας
601 1247 628 1296 6
655 1244 823 1306 πέλας
856 1261 945 1312 μοι
970 1242 1341 1312 ὡμολόγησεν,
1373 1241 1423 1291 εἰ
1454 1239 1483 1289 6
1513 1236 1677 1295 πέλας
1708 1235 1812 1302 ἀρ’

328 1358 349 1391 ε
385 1341 575 1399 νεῖται,
606 1335 702 1387 οὐκ
734 1332 1009 1395 εῠπιστος.

327 1451 399 1505 Οὐ
428 1449 533 1519 χρὴ
562 1445 908 1499 πιστεύεσθαι
929 1440 1011 1512 τῷ
1026 1445 1312 1511 ἑπισκόπῳ
1334 1440 1542 1507 λέγοντι
1566 1438 1639 1497 ὡς
1660 1435 1813 1489 Κατὰ

258 1543 423 1610 μόνας
449 1544 475 1592 6
502 1540 646 1591 δεῖνα
676 1536 933 1605 κληρικδς
962 1534 1212 1603 ἐγκλημά
1244 1550 1332 1602 μοι
1353 1530 1685 1601 ὡμολόγησε,
1721 1527 1815 1579 καὶ

252 1633 341 1686 διὰ
384 1631 540 1683 τοῦτο
586 1631 619 1698 ἢ
669 1627 763 1680 τοῦ
820 1623 1027 1694 βαθμοῦ
1077 1624 1109 1693 ἢ
1166 1625 1266 1693 τῆς
1316 1620 1596 1681 κοινωνίας
1652 1616 1815 1670 αὑτὸν

251 1724 528 1790 άπείργω.
571 1721 632 1771 Ei
673 1719 780 1787 γὰρ
826 1718 1073 1786 ἀρνεῖται
1119 1716 1344 1777 ἐκεῖνος,
1384 1711 1442 1763 ὃν
1481 1708 1815 1778 ὁμολογῆσαι

254 1813 428 1875 λέγει,
460 1811 559 1862 οὐκ
588 1807 789 1874 ὀφείλει
822 1804 1203 1867 καταδικάζειν
1236 1803 1396 1855 αὑτὸν
1426 1800 1459 1870 ἢ
1498 1800 1633 1853 ίδίαν
1659 1798 1817 1867 ὓϐριν

252 1904 413 1956 τοῦτο
435 1898 763 1965 λογίζεσθαι,
788 1900 870 1949 ὅτι
900 1896 1059 1958 αὐτὸς
1089 1896 1150 1946 οὐ
1185 1891 1505 1945 πιστεύεται
1534 1890 1711 1959 μόνος.

827 2048 1061 2105 ΚΔΝΩΝ
1087 2046 1257 2102 ΡΛΔ⁹.

258 2211 279 2245 ε
322 2193 444 2245 Ἵνα
489 2190 584 2259 μὴ,
627 2188 699 2251 ὡς
735 2187 915 2255 ἔτυχε,
956 2184 1080 2237 τινὰ
1124 2182 1361 2254 στερήσῃ
1401 2180 1497 2249 τῆς
1542 2176 1823 2239 κοινωνίας

330 2300 352 2333 ε
391 2283 703 2340 ἐπίσκοπος.
748 2278 863 2343 Ἐφ’
895 2278 1018 2328 ὅσον
1045 2273 1122 2342 τῷ
1143 2270 1508 2341 ἀφωρισμινῳ
1535 2268 1610 2339 μὴ
1636 2282 1821 2319 κοινω-

332 2392 353 2424 ε
388 2374 470 2423 νεῖ
502 2374 529 2423 6
569 2370 698 2430 ῖδιος
728 2370 1019 2428 ἐπίσκοπος
1040 2407 1055 2430 ,
1089 2363 1166 2433 τῷ
1198 2362 1343 2432 αὑτῷ
1370 2361 1649 2426 επισκόπῳ
1677 2356 1824 2410 ἄλλοι

332 2484 352 2516 ε
395 2464 469 2532 μὴ
519 2460 1033 2529 συγκοινωνήσουσιν
1079 2455 1398 2507 επίσκοποι·
1440 2450 1579 2503 ὥστε
1627 2448 1825 2519 μᾶλλον

335 2572 355 2604 ε
397 2548 909 2621 παραφυλάττεσθαι
930 2546 1021 2599 τδν
1050 2545 1346 2597 επίσκοπον
1375 2539 1451 2610 μὴ
1477 2538 1655 2605 λέγειν
1684 2537 1827 2589 κατά

336 2664 356 2696 ε
393 2660 558 2708 τινος,
589 2644 725 2710 ὅπερ
750 2638 1082 2703 ἀποδείξεσιν
1112 2634 1327 2703 ἐλέγξαι
1358 2633 1492 2702 παρ’
1526 2632 1735 2701 ἑτέροις
1763 2627 1825 2681 οὐ

335 2754 356 2787 ι
393 2734 633 2787 δύναται.
663 2750 683 2783 ι

329 2846 604 2898 ΒΛΛΣ.Ὃ
632 2841 1050 2913 παμσιώπησεν
1077 2842 1105 2893 6
1136 2838 1403 2909 άνῶτερος
1439 2835 1642 2896 κανὼν.
1675 2826 1829 2894 οὗτος

261 2936 604 3006 προήνεγκεν
624 2937 700 2991 είς
725 2930 972 2998 φανερόν.
1002 2929 1073 2981 Τὸ
1096 2926 1150 2979 δὲ
1183 2924 1251 2996 ἦν
1282 2928 1367 2991 τὸ,
1403 2925 1529 2977 Ἐὰν
1563 2926 1637 2992 μη
1670 2920 1831 2991 θελή-

264 3025 385 3094 σῃδ
442 3023 735 3078 ἐπίσκοπος
795 3017 1117 3087 κοινωνῆσαι
1187 3014 1266 3081 τῷ
1338 3014 1469 3082 παρ’
1513 3009 1677 3064 αὑτοῦ
1726 3011 1831 3079 ἀφ’

264 3114 558 3183 ορισθέντι,
587 3111 662 3174 ὡς
686 3109 936 3177 ιγκλημά
953 3126 1003 3161 τι
1026 3107 1171 3177 αὑτῷ
1196 3105 1631 3176 ἐξαγορεύσαντι,
1661 3103 1713 3155 τί
1740 3102 1831 3155 επὶ

264 3173 344 3272 sip
384 3173 605 3267 τοιούτῳ
649 3173 931 3268 ὶπισκόπῳ
977 3173 1262 3268 γενήσεται
1303 3173 1605 3261 άνευλόγως
1642 3192 1832 3261 άφορί-
1858 3173 1905 3238 (Ξ

268 3309 425 3345 σαντι
458 3292 551 3344 καὶ
590 3291 693 3356 πρὸ
735 3290 1026 3357 καταδίκης
1060 3290 1150 3340 τὸν
1180 3286 1492 3355 άνθρωπονς
1534 3283 1670 3353 Φησὶ
1699 3281 1829 3349 γοῦν

266 3387 350 3439 ὃτι
398 3387 492 3437 ἐὰν
531 3382 763 3452 ἀφορίσῃ
805 3382 928 3432 τινὰ
969 3378 1293 3445 ἁνευλόγως,
1335 3375 1420 3445 ἐφ’
1471 3376 1595 3428 ὅσον
1640 3375 1828 3444 καιρὸν

267 3479 475 3536 ἐκεῖνος
507 3476 565 3527 οὐ
590 3475 833 3525 κοινωνεῖ
859 3471 938 3541 τῷ
969 3469 1335 3538 ἀφορισθέντι,
1371 3466 1504 3537 μηδὲ
1530 3465 1721 3533 ἐκείνῳ
1753 3463 1830 3533 τῷ

268 3566 588 3635 ἀφορίσαντι
624 3564 845 3632 δηλαδὴ,
887 3561 1215 3614 κοινωνῶσιν
1255 3560 1300 3611 oi
1338 3558 1487 3612 ἄλλοι
1522 3556 1828 3609 ἐπίσκοποι.

279 3656 507 3721 Ἐπαγει
541 3654 594 3705 δὲ
642 3654 734 3705 καὶ
763 3651 859 3719 τὴν
889 3651 1091 3715 αἰτίαν,
1124 3650 1211 3701 ἵνα
1255 3648 1331 3718 μὴ
1360 3649 1543 3715 ταχεῖς
1572 3647 1663 3698 καὶ
1702 3646 1834 3697 άπερ-

274 3746 559 3813 ρίσκεπτοι
574 3737 674 3796 ὦσι
704 3743 838 3811 πρὸς
854 3741 1193 3812 κατηγορίας
1220 3743 1312 3793 καὶ
1341 3739 1476 3807 πρὸς
1509 3735 1831 3806 ἀφορισμδν,

272 3837 368 3888 καὶ
414 3837 489 3906 μὴ
519 3837 661 3888 κατά
698 3851 858 3889 τινων
888 3835 1118 3901 λέγωσιν
1161 3832 1197 3887 θ.
1235 3830 1443 3899 ἐλέγξαι
1472 3830 1532 3884 οὐ
1562 3828 1832 3882 δύνανται.

274 3929 386 3981 Καὶ
414 3928 524 3979 ἀπὸ
566 3927 663 3996 μὶν
694 3925 788 3977 τοῦ
826 3926 1091 3995 παρόντος
1122 3923 1341 3983 κανόνος
1375 3921 1517 3976 οὕτω
1550 3918 1835 3984 κολάζεται

271 4021 301 4070 6
327 4018 632 4083 άνευλόγως
653 4016 915 4085 ἀφορίσας
937 4015 1254 4076 ἐπίσκοπος.
1285 4014 1427 4081 Ἐγὼ
1445 4012 1501 4065 δὲ
1527 4010 1726 4080 νομίζω
1753 4009 1834 4062 ὅτι

273 4108 334 4159 οὑ
405 4106 563 4173 μόνον
621 4104 793 4158 ταῦτα
852 4104 993 4157 οὕτω
1051 4101 1447 4173 κολασθήσεται
1512 4104 1541 4155 ό
1595 4098 1837 4159 τοιοῦτος

273 4190 593 4258 ἐπίσκοπος,
616 4194 750 4247 ἀλλὰ
771 4195 865 4246 καὶ
890 4193 981 4246 τοῦ
1007 4193 1293 4260 άνευλόγου
1311 4192 1502 4245 τούτου
1533 4188 1835 4261 άφορισμοῦ

274 4286 599 4356 λαληθέντος
633 4286 783 4356 παρὰ
814 4283 1018 4355 μείζονι
1048 4286 1310 4354 ἀρχιερεῖ,
1340 4286 1368 4335 6
1392 4284 1492 4352 μὲν
1527 4281 1838 4353 άφορισθεὶς

274 4377 575 4447 λυθήσεται
604 4376 697 4428 τοῦ
728 4375 1057 4445 ἁφορισμοῦ,
1086 4375 1114 4429 6
1142 4376 1199 4427 δι
1230 4374 1494 4444 ἀφορίσας
1522 4371 1839 4443 τιμωρηθή-

1914 611 2056 665 illius
2099 611 2532 665 communionem
2614 608 2898 661 admittere
2956 619 3177 661 necesse
3232 604 3467 667 habeat;

1912 701 2159 769 quamvis
2188 701 2256 754 ab
2283 715 2342 753 ea
2375 698 2865 754 communicatione
2905 711 2962 750 se
3013 696 3287 750 abstinere
3335 692 3471 746 velle

1914 791 2263 857 proﬁteatur,
2305 806 2371 845 et
2420 804 2593 858 eaque
2652 787 3041 843 conscientiam
3072 801 3221 840 suam
3271 784 3469 839 od‘endi

1913 892 2188 937 causetur.
2222 880 2320 935 llic
2341 881 2484 935 enim
2512 896 2604 949 per
2633 880 2978 947 σκινδαλμδν,
3011 887 3103 931 aut
3134 877 3471 941 scandalum,

1916 980 2009 1024 aut
2034 971 2381 1025 conscientia
2413 970 2750 1024 confessione
2786 969 2952 1021 auditi
2983 966 3243 1021 facinoris
3287 966 3475 1020 conci-

1920 1070 2041 1115 tatae
2068 1075 2131 1115 ac
2158 1062 2487 1130 perturbata
2520 1060 2807 1114 tumultum
2840 1058 3105 1127 intellige.

1918 1147 2139 1203 ARIST.
2182 1166 2201 1200 ι
2237 1148 2498 1218 Episcopo
2526 1147 2744 1210 dicenti,
2777 1147 2918 1215 quod
2961 1148 3167 1199 crimen
3197 1145 3329 1198 mibi
3375 1144 3477 1198 soli

1994 1260 2014 1293 ε
2045 1241 2251 1295 vicinus
2273 1237 2551 1294 confessus
2574 1244 2679 1302 est,
2711 1238 2757 1292 si
2784 1237 2994 1292 vicinus
3026 1236 3319 1305 negaverit,
3348 1235 3480 1291 title:

1996 1351 2015 1385 ι
2056 1349 2160 1389 non
2186 1345 2270 1390 est
2302 1335 2459 1389 facile
2492 1334 2756 1387 habenda.
2801 1353 2820 1385 ι

1990 1442 2147 1500 Fides
2175 1445 2428 1513 episcopo
2455 1459 2560 1499 non
2601 1454 2685 1500 est
2736 1444 2984 1498 habenda
3047 1444 3277 1505 dicenti,
3337 1444 3478 1511 qnod

1924 1539 2156 1593 clericus
2185 1540 2453 1609 quispiam
2492 1539 2622 1593 mibi
2653 1538 2753 1593 soli
2782 1539 2982 1592 crimen
3009 1534 3284 1591 confessus
3299 1544 3403 1599 est,
3428 1543 3482 1587 et

1924 1630 1993 1685 ob
2019 1630 2072 1683 id
2101 1632 2268 1697 gradu
2300 1640 2393 1683 aut
2424 1630 2801 1683 communione
2833 1644 2954 1682 eum
3008 1641 3185 1681 arceo.
3234 1626 3289 1679 Si
3336 1626 3479 1679 enim

1925 1734 2082 1789 ncgat
2112 1724 2220 1787 ille,
2254 1736 2412 1791 quem
2456 1721 2760 1777 confessum
2791 1734 2910 1775 esse
2952 1721 3116 1782 dicit,
3170 1732 3276 1771 non
3325 1717 3485 1770 debet

1926 1832 2044 1871 eum
2072 1818 2469 1882 condemnare;
2518 1826 2611 1868 aut
2670 1828 2730 1869 se
2771 1812 2969 1881 injuria
3021 1812 3270 1865 aﬂectum
3295 1806 3483 1863 existi-

1924 1924 2091 1973 mare,
2122 1908 2261 1977 quod
2296 1906 2396 1976 ipsi
2420 1905 2517 1960 soli
2546 1919 2653 1959 non
2692 1904 2973 1959 adhibetur
3014 1902 3165 1957 lides.

2407 2063 2635 2120 CANON
2666 2061 2954 2119 CXXXIV.

1931 2222 1948 2253 ι
1987 2201 2066 2256 Ne
2093 2202 2375 2269 episcopus
2409 2208 2610 2253 temere
2642 2197 2946 2266 quempiam
3009 2194 3182 2263 privet
3233 2205 3488 2246 commu-

2002 2312 2021 2344 ε
2062 2292 2240 2345 nione.
2283 2288 2550 2354 Quamdiu
2609 2294 2888 2353 segregat!)
2955 2297 3061 2338 non
3131 2280 3491 2336 communicat

2004 2400 2022 2432 ι
2060 2380 2304 2451 proprius
2353 2379 2655 2447 episcopus,
2704 2374 2878 2430 e’idem
2937 2372 3190 2442 episcopo
3244 2369 3332 2424 alii
3384 2384 3487 2421 non

2004 2491 2023 2523 ι
2055 2468 2529 2526 communicabunt
2588 2463 2823 2535 Episcopi
2879 2480 2894 2517 :
2945 2472 3007 2516 ut
3073 2460 3246 2529 magis
3301 2468 3491 2513 caveat

2007 2579 2027 2613 ι
2063 2560 2363 2631 episcopus,
2404 2572 2469 2612 ne
2498 2557 2753 2610 adversus
2794 2553 3025 2623 aliquem
3055 2553 3197 2606 dicat
3224 2550 3275 2604 id
3298 2591 3313 2615 ,
3347 2550 3490 2618 quod

2003 2672 2021 2705 ι
2056 2649 2394 2707 documentis
2418 2646 2644 2717 probare
2673 2644 2810 2714 apud
2839 2645 2975 2698 alios
3001 2658 3106 2697 non
3140 2650 3333 2710 potest.
3362 2658 3380 2693 ι

2004 2851 2194 2908 BALS.
2224 2849 2375 2917 Quod
2406 2847 2652 2917 superior
2689 2858 2861 2900 canon
2912 2840 3335 2912 pratermiserat
3360 2878 3373 2901 ,
3410 2838 3495 2891 hic

1932 2947 1983 3000 in
2013 2953 2253 3014 apertum
2290 2940 2526 3011 protulit.
2575 2937 2633 2992 Id
2665 2945 2846 2991 autem
2878 2942 2994 2989 erat
3025 2949 3040 2988 :
3084 2932 3138 2987 Si
3164 2930 3332 2985 noluit
3376 2930 3495 2998 epi-

1932 3052 2126 3105 scopus
2149 3035 2197 3089 ei
2233 3032 2637 3087 communicare
2676 3028 2767 3097 qui
2805 3041 2832 3079 a
2865 3040 2922 3079 se
2952 3032 3262 3093 segregatus
3291 3030 3405 3085 est,
3438 3032 3497 3074 ut

1933 3129 2023 3198 qui
2059 3127 2156 3197 ipsi
2190 3123 2406 3193 aliquod
2440 3121 2645 3174 crimen
2697 3118 2893 3172 dixerit
2923 3133 2937 3169 :
2971 3115 3098 3183 quid
3149 3115 3195 3166 ei
3251 3113 3341 3167 liet
3380 3113 3497 3178 cpi-

1936 3232 2118 3285 scopo,
2148 3217 2236 3286 qui
2272 3213 2471 3282 injuria
2503 3221 2629 3264 ante
2659 3206 3161 3263 condemnationem
3213 3202 3486 3257 hominem

1937 3304 2275 3377 segregavit?
2308 3304 2445 3357 Dicit
2470 3316 2617 3370 ergo,
2648 3298 2789 3369 quod
2819 3298 2863 3351 si
2897 3297 3129 3366 aliquem
3171 3293 3366 3359 injuria
3400 3307 3485 3345 se-

1937 3400 2221 3470 gregavit,
2270 3394 2522 3461 quamdiu
2580 3392 2667 3454 ei,
2722 3388 2814 3458 qui
2865 3396 3175 3456 segregatus
3218 3392 3339 3447 est,
3386 3398 3493 3436 non

1937 3489 2317 3549 communicat,
2355 3500 2452 3539 nec
2493 3482 2593 3546 illi,
2624 3480 2715 3549 qui
2759 3477 3061 3548 segregavit
3108 3476 3353 3539 scilicet,
3405 3475 3496 3527 alii

1938 3577 2412 3636 communicabunt
2442 3572 2702 3645 episcopi.
2733 3568 3017 3638 Subjungit
3048 3567 3452 3631 etiamcausam
3479 3605 3495 3628 ,

1940 3686 2005 3725 ne
2037 3668 2338 3738 pracipites
2391 3666 2501 3721 sint
2542 3673 2595 3717 et
2626 3658 3012 3715 inconsiderati
3055 3657 3108 3711 in
3153 3655 3499 3709 accusatione

1939 3769 1993 3816 et
2039 3757 2322 3828 indiget-da
2343 3753 2711 3825 segregatione
2742 3758 2833 3805 :et
2884 3748 3181 3807 ne-dicant
3240 3744 3499 3799 adversus

1942 3849 2170 3919 aliquos,
2194 3862 2312 3917 qua:
2348 3846 2577 3916 probare
2611 3857 2715 3896 non
2747 3848 2993 3910 possunt.
3033 3839 3099 3893 Et
3154 3852 3181 3889 a
3239 3835 3495 3909 praesenti

1942 3941 2155 4012 quidem
2184 3953 2390 3993 canone
2428 3938 2507 3991 sic
2534 3936 2753 4004 punitur
2788 3933 3069 4000 episcOpus
3098 3968 3112 3993 .
3168 3928 3257 3997 qui
3299 3927 3498 3995 injuste

1943 4030 2263 4103 segregavit.
2301 4029 2411 4097 Ego
2437 4038 2616 4081 antem
2648 4024 2921 4089 existimo,
2944 4022 3084 4091 quod
3110 4021 3155 4075 is
3190 4019 3499 4088 episcopus,

1943 4139 2047 4180 non
2080 4123 2250 4177 solum
2279 4120 2357 4173 sic
2387 4119 2641 4187 punietur
2664 4156 2681 4182 ,
2724 4115 2817 4169 sed
2857 4121 2911 4167 et
2957 4112 3095 4166 dicta
3128 4109 3499 4179 segregatione

1945 4213 2132 4284 majori
2160 4211 2391 4266 antistiti
2422 4208 2686 4276 exposita,
2717 4206 2762 4259 is
2801 4204 3039 4273 quidem,
3066 4201 3156 4270 qui
3190 4209 3273 4255 est
3314 4213 3497 4268 aegre.

1944 4315 2119 4373 gains,
2155 4320 2181 4357 a
2212 4303 2579 4371 segregatione
2610 4299 2849 4351 solvetur
2888 4312 2902 4349 :
2946 4293 3039 4363 qui
3090 4302 3268 4345 autem
3321 4304 3502 4359 segre-

1945 4396 2117 4464 gavit,
2158 4392 2409 4461 punietur
2435 4388 2723 4444 secundum
2752 4384 3037 4440 Jnstiniani
3075 4381 3336 4436 novellam
3359 4421 3375 4446 ,
3408 4395 3500 4434 seu

278 4483 435 4519 σεται
457 4467 600 4517 κατὰ
619 4464 717 4535 τὴν
752 4466 1170 4518 Ίουστινιάνειον
1216 4464 1451 4533 Νεαρὰν,
1476 4463 1592 4534 ἦτοι
1618 4462 1755 4515 κατὰ
1780 4462 1838 4514 τὸ
1871 4509 1917 4565 D
1945 4510 1946 4518 η

1832 4481 1838 4508 ⁵
1871 4509 1917 4565 υ
1945 4462 2238 4541 secundum
2288 4482 2604 4535 vicesimum
2634 4487 2887 4547 quartum
2932 4482 3091 4542 caput
3136 4470 3301 4541 669
3342 4470 3500 4540 primi

279 4559 358 4612 κδ’
388 4558 582 4626 κεφάλ.
615 4557 707 4610 τοῦ
732 4563 779 4610 α’
809 4557 985 4608 τίτλου
1012 4555 1106 4608 τοῦ
1141 4554 1189 4623 Υ
1216 4555 1444 4624 βιϐλίου,
1476 4554 1504 4607 6
1532 4557 1619 4607 καὶ
1648 4556 1703 4608 tv
1726 4555 1843 4608 δια-

279 4650 467 4718 φόροις
518 4649 704 4700 κανόσι
736 4646 1107 4716 κατεστρώθη,
1152 4647 1244 4698 καὶ⁵
1281 4646 1420 4698 κατὰ
1451 4645 1540 4698 τὸν
1569 4645 1610 4698 δ’
1644 4646 1845 4698 κανόνα

280 4740 381 4809 τῆς
401 4739 444 4800 ζ’
474 4738 714 4793 συνόδου.
743 4739 853 4793 Καὶ
872 4736 1139 4806 ἀνάγνωθι
1164 4737 1255 4789 τὸν
1273 4735 1510 4791 τοιοῦτον
1538 4736 1731 4788 κανόνα
1753 4736 1847 4789 καὶ

284 4832 382 4901 την
415 4828 629 4897 Νεαρὰν
649 4829 1119 4898 καταστρωθεῖσαν
1140 4829 1219 4891 είς
1237 4828 1333 4899 τὴν
1347 4829 1637 4899 ἑρμηνείαν
1658 4828 1843 4894 αὑτοῦ,

285 4923 377 4975 καὶ
402 4920 496 4972 τὸν
530 4915 589 4974 ιδ’
625 4920 824 4973 κανόνα
850 4918 947 4985 τῆς
972 4919 1031 4971 ὲν
1059 4918 1291 4987 Σαρδικῇ
1326 4919 1565 4973 συνόδου.

352 5030 600 5087 ΖΩΝΑΡ.
641 5033 705 5084 Ὀ
766 5032 1187 5103 παρεσιώπησεν
1228 5035 1257 5086 6
1309 5033 1563 5102 ἀνωτέρω
1640 5050 1844 5098 κανων,

282 5124 437 5190 οὗτος
462 5128 797 5198 προήνεγκεν
828 5126 905 5188 είς
938 5125 1189 5194 φανερόν.
1222 5126 1294 5179 Τὸ
1319 5125 1376 5179 δὲ
1399 5121 1467 5197 ἦν
1488 5126 1571 5191 τὸ,
1618 5126 1741 5180 Ἐὰν
1769 5128 1845 5198 μὴ

285 5221 467 5289 θέλῃό
497 5221 791 5277 ἐπίσκοπος
842 5216 1173 5285 κοινωνῆσαι
1206 5216 1284 5283 τῷ
1332 5220 1459 5287 παρ’
1519 5216 1684 5272 αὐτοῦ
1743 5220 1847 5287 άφ-

286 5310 579 5379 ορισθέντι,
624 5309 697 5371 ὡς
743 5307 992 5377 ἔγκλημά
1038 5326 1086 5361 τι
1131 5305 1278 5379 αὖτῷ
1316 5308 1756 5379 ὲξαγορεύσαντι,
1791 5312 1842 5363 τί

280 5403 408 5470 περὶ
446 5400 539 5451 τοῦ
560 5399 800 5452 τοιούτου
826 5400 1308 5470 οἰκονομηθήσεται
1340 5418 1357 5467 ;
1402 5403 1538 5470 Φησὶ
1586 5400 1714 5469 γοῦν
1737 5401 1840 5466 ὅτι,

280 5497 376 5545 ἐὰν
404 5491 651 5562 άφορίσῃ
707 5493 829 5545 τινά
852 5493 912 5544 οὐ
940 5492 1187 5556 δικαίως,
1215 5493 1299 5559 ἐφ’
1330 5493 1455 5545 ὅσον
1485 5495 1675 5560 καιρὸν
1704 5495 1841 5545 ἐκεῖ·

279 5602 367 5647 νος
386 5587 447 5637 οὐ
465 5585 709 5637 κοινωνεῖ
728 5583 802 5653 τῷ
830 5584 1193 5653 άφορισθέντι,
1217 5584 1347 5653 μηδὲ
1366 5584 1576 5655 ἐκείνῳ,
1610 5584 1685 5653 τῷ
1710 5585 1844 5654 ἀφο-

285 5673 726 5747 ρίσαντιδηλαδὴ,
746 5675 1068 5730 κοινωνῶσιν
1084 5677 1130 5727 oi
1150 5675 1295 5730 ἄλλοι
1320 5676 1627 5731 ἐπίσκοποι·
1646 5678 1840 5746 ἐπάγει

282 5771 336 5825 δι
375 5769 470 5823 καὶ
501 5767 602 5836 τὴν
651 5767 848 5832 αἰτίαν,
878 5768 966 5822 ῐνα
998 5771 1071 5841 μὴ
1096 5773 1279 5840 ταχεῖς
1321 5771 1415 5823 καὶ
1442 5772 1837 5841 ἀπερίσκεπτοι

563 5860 832 5924 Persen.
863 5863 976 5923 Gn.
1027 5864 1413 5929 CXXXVIII.

1950 4574 2088 4629 tituli
2122 4574 2261 4627 tertii
2288 4571 2431 4635 libri,
2460 4570 2601 4638 quod
2624 4570 2789 4622 etiam
2842 4566 2897 4620 in
2934 4563 3160 4619 diversis
3204 4560 3503 4615 canouibus

1946 4666 2107 4719 situm
2145 4672 2263 4726 est;
2292 4671 2344 4714 et
2370 4660 2661 4714 secundum
2696 4666 2948 4725 quartum
2979 4666 3239 4706 canonem
3264 4648 3503 4718 septimae

1946 4752 2157 4823 synodi.
2191 4750 2256 4805 Et
2285 4749 2399 4817 lege
2427 4748 2571 4801 hunc
2600 4757 2857 4799 canonem
2915 4751 2969 4793 et
3016 4738 3290 4793 Novellam
3343 4736 3500 4790 sitam

1946 4844 2000 4898 in
2028 4844 2146 4912 ejus
2179 4840 2652 4910 interpretatione;
2687 4844 2741 4890 et
2774 4847 2893 4887 can.
2934 4830 2998 4885 ιι
3047 4828 3245 4885 sardic.
3290 4825 3499 4895 synodi.

2018 5041 2267 5098 ZONAR.
2295 5040 2449 5107 Quod
2483 5038 2701 5093 silentio
2746 5049 2997 5106 superior
3040 5046 3211 5086 canon
3262 5033 3495 5087 texerat,

1945 5136 2035 5189 hic
2064 5135 2116 5188 in
2156 5140 2402 5201 apertum
2444 5128 2688 5199 protulit.
2714 5127 2771 5183 id
2802 5135 2983 5180 autem
3033 5130 3154 5177 erat
3198 5115 3503 5188 ejusmodi;

1948 5221 2003 5276 Si
2045 5221 2178 5276 nolit
2222 5220 2510 5290 episc0pus
2534 5219 2584 5272 ei
2638 5214 3078 5278 communicare,
3132 5225 3290 5279 quem
3349 5206 3504 5276 quasi

1945 5313 2172 5369 crimina
2233 5310 2335 5379 ipsi
2380 5312 2688 5365 confessum
2717 5306 3042 5377 segregavit,
3073 5303 3204 5375 quid
3241 5300 3365 5357 huic
3404 5298 3505 5367 ipsi

1944 5406 2199 5473 episcopo
2232 5401 2367 5455 lict?
2403 5400 2710 5469 Respondet
2762 5398 2947 5467 igitur,
2986 5395 3131 5468 quod
3177 5393 3224 5449 si
3272 5394 3504 5460 aliquem

1945 5496 2136 5564 injuria
2170 5497 2499 5566 segregavit,
2531 5493 2773 5564 quandiu
2822 5492 2895 5558 ei,
2924 5489 3017 5561 qui
3053 5496 3366 5557 segregatus
3396 5492 3503 5544 est.

1945 5590 2060 5658 ipse
2090 5602 2195 5641 non
2232 5588 2637 5652 communicat;
2670 5600 2771 5639 nec
2800 5583 2876 5638 illi
2908 5581 3157 5637 videlicet
3187 5578 3277 5647 qui
3312 5586 3505 5644 segre-

1944 5681 2092 5751 gavit
2135 5680 2226 5735 alii
2280 5680 2519 5749 episcopi
2593 5675 3117 5740 communicabunt;
3172 5681 3505 5738 causamque

1945 5784 2203 5845 praeterea
2258 5772 2563 5837 subnectit;
2595 5786 2662 5826 ne
2688 5771 2739 5825 in
2769 5769 3117 5825 accusatione
3170 5760 3503 5833 segregatio-

3126 5858 3194 5924 14
