4224 6440
747 368 840 433 431
1980 355 2249 417 ssnon.
2286 351 2678 416 nussum
3848 347 3955 418 ωε

837 507 852 537 r
906 484 1047 540 nioni
1093 486 1371 537 restitutus
1401 488 1501 534 est.
1530 477 1743 531 Primus
1773 475 1918 531 enim
1942 475 2295 544 coepiscopus
2325 483 2371 538 Α
2476 490 2494 523 ι

2288 487 2295 525 ι
2325 483 2371 538 Α
2476 490 2494 523 ι
2542 470 2722 535 τονίας
2767 468 2992 538 καὶτῆς
3018 468 3414 539 ἀκοινωνησίας
3452 469 3545 525 καὶ
3591 468 3956 539 προκλήσεως

843 598 857 626 ι
903 584 1087 630 noster
1115 570 1363 627 Urbanus
1394 568 1583 634 Siccae,
1609 566 1865 636 quidquid
1888 573 2005 620 erat
2031 580 2060 616 a
2089 579 2147 619 se
2175 577 2300 618 cor-

838 685 855 715 ε
896 664 1194 730 rigendum,
1241 662 1358 714 sine
1411 658 1749 711 dubitatione
1782 654 2040 709 correxit.
2074 652 2139 705 Et
2176 653 2300 720 quia

829 779 844 806 ε
882 754 1265 809 ecclesiastica:
1297 750 1412 818 paci
1440 747 1672 816 etquieti
1694 785 1710 811 ,
1739 762 1845 799 non
1878 745 2049 799 solum
2082 746 2135 798 in
2164 758 2301 811 pra-

831 866 850 896 ε
882 861 1028 909 sens,
1071 846 1161 898 sed
1195 844 1246 896 in
1271 840 1512 893 futurum
1549 840 1712 891 etiam
1754 848 1984 904 tempus,
2016 836 2303 903 providen-

829 960 846 989 ι
884 940 1006 992 dum
1038 946 1158 1001 est;
1185 934 1440 1003 quoniam
1493 931 1660 984 multa
1703 928 1970 997 ejusmodi
2004 939 2301 995 praecesse~

835 1055 849 1083 ι
890 1043 1034 1095 runt,
1066 1040 1176 1084 uta
1203 1028 1493 1091 similibus,
1538 1026 1621 1077 vel
1661 1024 1823 1077 etiam
1848 1021 2214 1091 gravioribus,
2248 1020 2303 1072 iit

833 1146 849 1174 ε
893 1132 1162 1193 posterum
1196 1113 1518 1173 caveamus:
1549 1115 1772 1184 placuit,
1822 1122 1879 1166 ut
1934 1112 2173 1165 Siccensi
2205 1110 2304 1163 Ec-

835 1236 851 1265 r
891 1214 1054 1269 clesia
1104 1220 1385 1266 moveatur
1428 1208 1712 1277 presbyter
1743 1205 2016 1275 Apiarius,
2049 1203 2097 1257 ei
2156 1201 2304 1254 scili-

843 1328 860 1359 ε
904 1319 989 1363 cet
1036 1318 1249 1361 servato
1294 1306 1487 1373 gradus
1539 1302 1623 1355 sui
1653 1303 1884 1365 uouere;
1925 1308 1980 1352 et
2029 1298 2303 1363 accipiens

848 1420 863 1451 ι
908 1400 1202 1456 secundum
1235 1410 1472 1451 canones
1502 1393 1805 1461 epistolam,
1841 1390 2153 1455 ubicunque
2175 1384 2301 1438 alibi

843 1511 860 1543 ι
892 1493 1119 1545 voiuerit
1154 1500 1206 1541 et
1245 1489 1497 1555 potuerit,
1536 1484 1833 1552 presbyteri
1884 1479 2114 1533 cilicium
2145 1478 2307 1531 obeat

847 1603 863 1634 ε
897 1592 951 1637 et
992 1594 1142 1635 sacra
1204 1579 1457 1632 celebret.
1501 1574 1652 1640 Quod
1680 1571 1894 1639 quidem
1934 1571 2034 1637 ipsi
2063 1569 2301 1637 Apiario,

848 1695 865 1726 ι
909 1689 1030 1728 cum
1062 1672 1113 1724 id
1143 1668 1375 1738 propriis
1404 1666 1601 1719 litteris
1641 1663 1941 1732 petivisset,
1969 1661 2173 1726 absque
2196 1656 2303 1709 ulla

852 1786 869 1817 ι
910 1763 1214 1819 diﬂicultate
1255 1756 1640 1813 concessimus.
1674 1755 1972 1821 Antequam
2010 1760 2186 1803 autem
2218 1746 2300 1800 vel

2474 583 2493 617 ι
2541 569 2747 635 ἀνεφοὶη
2771 566 2831 619 οὐ
2858 566 3016 634 μόνον
3034 567 3101 635 τῇ
3120 566 3187 617 ἐν
3203 564 3357 636 Σίκῃ,
3382 566 3518 618 ἀλλά
3541 565 3637 618 καὶ
3652 567 3717 633 τῇ
3738 566 3795 617 ἐν
3811 564 3959 634 πάσῃ

2479 677 2495 708 ι
2544 660 2609 726 τῇ
2642 656 2872 725 ’Δφρικῇ
2908 656 3171 725 ἐκκλησίᾳ
3198 655 3257 706 οὐ
3289 657 3483 724 μικρὸν
3510 655 3803 708 σκάνδαλον
3828 659 3959 721 περὶ

2478 768 2507 800 ι’
2544 751 2762 801 πάντων
2806 740 2883 799 ὧν
2912 746 3191 815 ἐπλανήθη
3250 745 3579 815 συγγνώμην
3609 746 3862 814 αἰτήσας,
3890 746 3955 813 τῇ

2479 858 2497 891 ι
2546 840 2799 908 κοινωνίᾳ
2862 824 3231 904 ἀποκατέστη.
3276 838 3500 907 Πρῶτος
3546 837 3654 905 γὰρ
3684 837 3713 887 ό
3741 834 3963 888 συνεπί-

2480 952 2498 983 ‹
2548 946 2744 993 σκοπος
2779 931 2932 999 ἡμῶν
2964 928 3236 998 Οὐρϐανὸς
3264 929 3291 980 ό
3323 929 3420 997 τῆς
3452 929 3640 998 Σῐκης.
3668 924 3874 997 ὅσονῆν
3906 929 3964 979 ἐν

2480 1041 2498 1075 ι
2543 1022 2690 1091 αὐτῷ
2745 1022 3098 1090 διορθωτέον,
3164 1021 3545 1089 ἀναμφιϐόλως
3591 1019 3961 1088 διωρθώσατο.

2472 1133 2489 1165 ε
2537 1114 2752 1182 Ἐπειδὴ
2783 1114 2835 1165 δὲ
2858 1114 2949 1181 τῆς
2976 1113 3429 1183 ἐκκλησιαστικῆς
3450 1116 3672 1183 εἰρήνης
3707 1112 3802 1165 καὶ
3835 1114 3962 1180 ἡσυ-

2481 1224 2498 1257 ι
2540 1206 2663 1275 χίας
2716 1206 2775 1257 οὐ
2825 1206 2984 1275 μόνον
3034 1204 3169 1272 πρὸς
3194 1206 3253 1256 τὸ
3276 1205 3468 1274 παρὸν,
3492 1204 3627 1256 ἀλλὰ
3657 1206 3750 1257 καὶ
3785 1206 3869 1265 είς
3906 1202 3967 1252 τὸ

2477 1317 2494 1349 ι
2540 1297 2666 1364 ἐξῆς
2700 1297 2805 1349 ἔδει
2861 1298 3117 1365 πρόνοιαν
3146 1298 3495 1366 ποιήσασθαι,
3547 1295 3629 1347 ὅτι
3657 1294 3830 1345 πολλὰ
3858 1310 3967 1345 τοι.

2488 1408 2505 1441 ι
2552 1389 2688 1442 αὔτα
2712 1390 3113 1458 προηγήσαντο,
3143 1388 3288 1447 ὅπως
3313 1388 3419 1439 ἀπὸ
3444 1388 3551 1437 τῶν
3573 1388 3741 1453 ὁμοίω
3760 1406 3771 1427 ο
3808 1384 3840 1453 ἢ
3876 1384 3969 1434 καὶ

2479 1495 2498 1531 ι
2538 1478 2847 1548 βαρυτέρων
2863 1479 2968 1531 τῶν
2991 1478 3123 1547 μετὰ
3140 1477 3305 1530 ταῦτα
3322 1473 3967 1545 προσφυλαξὼμεθωῆρεο

2482 1589 2500 1623 ι
2547 1573 2803 1639 σενήμῖν,
2823 1572 2980 1621 τναὲκ
3008 1572 3102 1638 τῆς
3116 1572 3171 1622 ἐν
3200 1570 3332 1640 Σίκῃ
3357 1568 3678 1636 Ἐκκλησίας
3702 1567 3971 1631 ἀποκινηο

2486 1680 2503 1713 ε
2550 1662 2616 1731 θῇ
2658 1665 2682 1714 6
2706 1662 3069 1731 πρεσϐύτερος
3087 1662 3384 1728 ’Δπιάριος,
3400 1660 3803 1728 φυλαττομένης
3826 1653 3969 1725 αὐτῷ

2481 1771 2498 1804 ι
2540 1753 2780 1820 δηλονότι
2809 1753 2904 1817 τῆς
2933 1753 3097 1820 τιμῆς
3128 1752 3221 1806 τοῦ
3246 1752 3456 1821 βαθμοῦ
3490 1743 3687 1803 αὐτοῦ’·
3709 1751 3804 1801 καὶ
3831 1749 3969 1814 λαμο

852 1877 869 1906 ε
906 1857 1021 1924 ipsa
1077 1866 1239 1905 causa
1281 1849 1351 1902 ita
1383 1847 1649 1909 finiretur,
1681 1843 1822 1897 inter
1855 1843 1980 1906 alia,
2028 1853 2147 1907 qua:
2171 1835 2306 1890 assi-
2338 1853 2382 1909 Β
2486 1860 2503 1893 ι

2300 1853 2382 1909 ’Β
2486 1860 2503 1893 ι
2550 1841 2729 1924 ϐἀνων
2760 1841 2899 1893 κατά
2956 1842 3080 1903 τοὺς
3126 1843 3355 1902 κανόνας
3396 1838 3706 1907 ἐπιστολὴν,
3737 1836 3968 1904 ὁπουδή-

845 1965 863 1998 ι
905 1945 1023 1999 duis
1074 1939 1553 2007 disceptationibus
1596 1930 2148 2000 versubamus,67l
2186 1942 2309 1980 cum

845 2057 861 2088 ι
905 2038 1015 2106 ipsa
1075 2035 1211 2087 ratio
1269 2029 1583 2098 postularet,
1617 2036 1674 2079 ut
1718 2040 1745 2078 a
1772 2023 2033 2076 fratribus
2079 2017 2305 2083 nostris,

838 2147 857 2180 ι
894 2126 1149 2181 Faustino
1196 2122 1513 2188 coepiscopo
1549 2126 1756 2179 nostro,
1812 2122 1865 2169 et
1886 2114 2063 2167 Asello
2097 2123 2149 2166 et
2178 2111 2311 2164 Phi-

832 2238 849 2270 ι
886 2220 1030 2286 lippo
1063 2211 1412 2283 presbyteris,
1447 2218 1773 2276 peteremus,
1818 2212 1877 2258 ut
1918 2200 2305 2258 ecclesiasticis

831 2328 847 2359 ι
881 2308 1015 2361 actis
1042 2305 1315 2365 alierrent,
1371 2300 1415 2352 si
1463 2297 1587 2366 quid
1612 2299 1690 2349 eis
1743 2302 1885 2347 esset
1939 2291 2309 2353 commissum,

835 2419 853 2450 ε
886 2399 1025 2467 quod
1065 2410 1164 2448 una
1190 2393 1467 2447 nobiscum
1526 2397 1669 2442 esset
1697 2386 1996 2455 agendum;
2058 2380 2311 2436 nonnulla

822 2511 839 2541 ι
870 2489 1088 2558 quidem
1160 2485 1276 2537 sine
1334 2481 1553 2549 scriptis
1618 2478 1799 2532 verbis
1849 2474 2121 2545 persecuti
2164 2480 2308 2526 sunt.

836 2596 854 2629 ι
888 2578 1019 2633 Cum
1058 2585 1233 2629 autem
1260 2586 1359 2626 nos
1374 2570 1800 2639 postulassemus
1817 2564 2311 2625 commonitorium,

830 2689 850 2722 ι
892 2668 1033 2737 quod
1060 2669 1126 2720 ab
1156 2666 1234 2719 eis
1266 2664 1320 2717 in
1368 2661 1586 2729 scriptis
1647 2658 2040 2737 proferebatur,
2084 2655 2137 2708 id
2186 2667 2311 2723 pro-

833 2776 852 2811 r
890 2736 1191 2818 duxerunt;
1220 2754 1365 2821 quod
1402 2769 1431 2804 ιι
1464 2750 1618 2804 nobis
1655 2736 1871 2812 lectum,
1904 2748 2037 2799 aetls
2055 2755 2313 2813 praeterea

840 2867 857 2899 ι
896 2848 1159 2901 insertum
1216 2852 1318 2908 est,
1352 2856 1469 2909 qua:
1529 2841 1697 2892 etiam
1748 2840 1811 2891 ad
1848 2854 1939 2890 vos
1998 2853 2090 2905 per
2132 2852 2227 2890 eos
2260 2836 2312 2888 in

835 2960 858 2993 ο
893 2940 1174 3010 praesentia
1210 2934 1474 2987 feruntur.
1515 2929 1572 2983 In
1599 2944 1705 2998 quo
1730 2940 1963 2997 quatuor
1993 2929 2059 2981 ab
2088 2928 2167 2980 eis
2213 2940 2308 2979 no-

832 3047 850 3080 ι
889 3029 1093 3082 biscum
1132 3026 1333 3091 agenda
1367 3022 1568 3074 inserta
1601 3030 1787 3081 erant;
1818 3034 1983 3072 unum
2022 3019 2089 3070 de
2130 3016 2315 3085 appel-

835 3139 854 3172 ι
892 3120 1184 3173 latiOuibus
1213 3116 1591 3183 episcoporum
1626 3116 1690 3165 ad
1752 3112 2005 3165 [tentante
2057 3109 2315 3164 Ecclesia:

835 3231 852 3265 ι
896 3212 1267 3272 sacerdotem;
1293 3208 1611 3271 secundum,
1644 3222 1709 3260 ne
1746 3205 1985 3274 episcopi
2014 3204 2083 3256 ad
2140 3183 2386 3257 comi-'3

836 3322 854 3354 ι
884 3313 1051 3355 tatum
1078 3312 1282 3353 temere
1314 3300 1661 3365 navigarent;
1722 3297 1938 3348 tertium
1992 3304 2193 3357 autem,
2263 3302 2318 3343 ut

833 3413 852 3446 ι
884 3394 1319 3463 presbyterorum
1346 3400 1396 3443 et
1428 3390 1775 3442 diacouorum
1804 3402 1979 3439 causae
2009 3401 2039 3437 a
2078 3384 2319 3437 ﬁnitimis

832 3507 851 3539 ι
884 3487 1149 3555 episcopis
1175 3482 1630 3542 examinareutur,
1686 3480 1729 3533 si
1773 3494 1801 3530 a
1858 3477 2091 3545 propriis
2120 3484 2321 3527 temere

840 3596 857 3627 ε
896 3575 1283 3629 communione
1315 3572 1444 3624 moti
1514 3570 1753 3623 fuerint:
1785 3576 2039 3635 quartum
2100 3566 2166 3617 de
2220 3559 2323 3615 Ur-

836 3687 851 3718 ι
887 3667 1296 3734 ba-noepiscopo
1360 3660 1900 3723 excommmiicaudo,
1951 3656 2037 3711 vel
2095 3654 2319 3708 Romam

843 3772 860 3804 ι
897 3755 1134 3816 citando,
1181 3752 1285 3804 nisi
1346 3764 1466 3818 quae
1514 3748 1711 3813 corrigi
1768 3753 2000 3813 oportet,
2062 3745 2317 3811 corrigat.

835 3863 854 3896 ε
891 3845 967 3899 Ει
993 3844 1190 3913 quibus
1228 3841 1479 3895 omnibus
1512 3839 1577 3892 de
1612 3838 1785 3904 primo
1805 3846 1858 3889 et
1898 3833 2085 3895 tertio,
2132 3833 2182 3885 id
2217 3839 2319 3892 est,

841 3957 859 3988 ε
890 3945 945 3990 ut
996 3936 1155 3989 liceat
1196 3932 1467 4001 episcopis
1521 3928 1743 3981 Romam
1794 3926 2089 3994 appellare,
2150 3934 2206 3977 es
2264 3930 2321 3974 ut

845 4045 863 4080 ι
893 4039 1068 4081 causa:
1116 4024 1438 4078 clericorum
1497 4022 1564 4074 ab
1618 4019 1856 4087 ipsarum
1906 4015 2316 4085 provinciarum

849 4114 1162 4186 repiscopis
1221 4113 1496 4173 ﬁniantur,
1557 4121 1701 4161 anno
1746 4106 2081 4176 praecedente
2124 4102 2321 4156 nostris

851 4231 867 4263 ι
911 4222 1125 4278 quoque
1185 4204 1381 4258 litteris
1437 4201 1617 4254 eidem
1671 4196 1993 4252 venerandae
2046 4194 2321 4247 memoria:

839 4324 855 4355 ι
888 4301 1103 4356 Zosimo
1122 4298 1375 4364 episcopo
1393 4294 1532 4346 datis
1550 4293 1836 4347 ostendere
1849 4288 2237 4351 studuimus,ut
2258 4300 2321 4339 ea

840 4414 858 4446 ι
892 4394 1005 4447 sine
1030 4390 1133 4441 ulla
1161 4388 1303 4440 illius
1328 4385 1520 4450 injuria
1552 4382 1937 4450 aliquantisper
1958 4391 2319 4439 servaremus,

843 4504 861 4537 ι
899 4487 1068 4538 donec
1096 4481 1328 4533 Nicaeum
1353 4476 1541 4544 synodi
1598 4477 1935 4527 decretorum
1991 4470 2130 4521 facta
2177 4480 2322 4524 esset

843 4596 861 4629 ι
889 4574 1185 4643 inquisitio.
1216 4569 1281 4623 Et
1312 4584 1457 4623 nunc
1480 4587 1506 4620 ιι
1534 4575 1624 4619 tua
1662 4565 1951 4617 sanctitate
1976 4564 2230 4627 petimus,
2266 4572 2325 4613 ut

841 4687 859 4721 ι
888 4664 1157 4734 quomodo
1195 4677 1256 4716 ea
1285 4677 1312 4713 a
1343 4659 1589 4712 Patribus
1629 4655 1818 4709 Niciam
1867 4658 2007 4707 facta
2036 4664 2185 4715 sunt,
2242 4665 2321 4704 sic

844 4776 863 4808 ι
900 4772 961 4810 ea
994 4771 1024 4808 a
1052 4754 1205 4807 nobis
1234 4751 1533 4811 servari,et
1567 4748 1676 4801 illic
1720 4750 1857 4812 apud
1898 4760 1991 4797 vos
2042 4758 2161 4811 quae
2198 4751 2327 4797 sunt.

850 4866 867 4899 ι
903 4848 952 4900 iu
988 4848 1102 4914 ipso
1135 4842 1546 4896 commonitorio
1598 4839 1768 4904 posita
1810 4836 2049 4887 exerceri
2106 4832 2277 4886 facias
2309 4849 2323 4886 :

852 4958 869 4991 ι
897 4940 996 4992 hoc
1036 4945 1141 4999 est,
1201 4944 1259 4985 ut
1312 4931 1358 4984 si
1406 4930 1688 4998 episcopus
1714 4936 1998 4978 accusatus
2052 4925 2237 4987 fuerit,
2272 4932 2327 4976 et

841 5049 859 5081 ι
896 5024 1203 5095 congregati
1241 5023 1476 5091 ejusdem
1500 5021 1789 5088 provincia:
1816 5018 2053 5085 episcopi
2090 5033 2209 5071 eum
2240 5015 2327 5082 ju-

848 5138 866 5171 ι
900 5119 1217 5176 dicaverint,
1251 5122 1303 5165 et
1331 5126 1359 5164 e
1392 5127 1489 5164 suo
1512 5113 1679 5177 gradu
1712 5110 2079 5172 depOsuerint,
2112 5110 2327 5173 quando

841 5229 857 5260 ι
894 5207 1161 5276 appellare
1202 5205 1367 5257 visum
1404 5200 1582 5263 fuerit,
1616 5213 1667 5250 et
1697 5201 1762 5250 ad
1808 5201 2177 5251 beatissimum
2215 5196 2324 5249 lio-

842 5317 859 5349 ι
893 5311 1062 5352 inuitae
1093 5295 1346 5347 Ecclesia
1368 5296 1671 5358 episc0putu
1721 5289 2067 5353 confugerit;
2120 5290 2162 5339 si
2200 5303 2322 5339 eum

848 5413 863 5443 ε
909 5406 1026 5445 esse
1056 5390 1377 5442 audiendqu
1406 5386 1697 5447 censuerit,
1725 5384 2037 5451 justumquc
2073 5396 2192 5435 esse
2231 5383 2327 5433 du-

846 5502 864 5533 ι
904 5482 1061 5546 xerit,
1089 5491 1144 5532 ut
1170 5489 1453 5531 renovetur
1492 5478 1777 5545 judicium,
1826 5476 2068 5528 ﬁnitimis
2116 5474 2327 5539 episco-

853 5596 872 5625 ε
910 5575 1010 5643 pis,
1030 5582 1087 5626 et
1117 5574 1167 5625 in
1202 5572 1500 5640 propinqua
1537 5568 1809 5636 provincia
1847 5564 2153 5619 constitutis
2190 5563 2326 5616 scri-

850 5685 865 5717 ι
908 5665 1029 5719 bore
1053 5665 1322 5741 dignetur,
1345 5672 1400 5715 ut
1434 5664 1529 5729 ipsi
1550 5662 1725 5712 omnia
1751 5657 2031 5725 diligenter
2050 5654 2326 5721 inquirant

849 5778 875 5811 ε
909 5770 960 5814 et
990 5775 1053 5815 ex
1086 5757 1342 5813 veritatis
1365 5754 1468 5810 ﬁde
1503 5753 1713 5808 ﬁniant.
1753 5748 1847 5806 Sin
1878 5758 2057 5805 autem
2118 5747 2184 5818 is,
2230 5744 2324 5816 qui

2490 1952 2508 1985 ι
2553 1909 2679 1986 ὧτε
2704 1933 2935 2001 ἀλλαχοῦ
2963 1932 3246 2002 βουληθείη
3282 1933 3374 1985 καὶ
3401 1932 3673 1999 δυνηθείη,
3696 1930 3775 1997 τῷ
3798 1928 3970 1993 καθή-

2486 2044 2505 2077 r
2551 2042 2697 2078 κοντι
2731 2025 2823 2077 τοῦ
2851 2024 3246 2094 πρεσϐυτερίου
3275 2024 3657 2091 λειτουργήσῃ.
3688 2022 3868 2088 Ὅπερ
3894 2016 3971 2086 τῷ

2487 2134 2506 2167 ε
2550 2115 2698 2185 αὐτῷ
2755 2115 3024 2183 ’Δπιαρίῳ
3092 2114 3160 2165 δι’
3212 2116 3431 2167 οίκείων
3490 2112 3838 2181 γραμμάτων
3897 2109 3971 2159 at-

2487 2225 2505 2258 ι
2550 2210 2774 2277 τήσαντι
2820 2209 2985 2277 χωρίς
3020 2224 3166 2267 τινος
3212 2206 3533 2273 δυσχερείας
3600 2204 3968 2273 συνεχωρήσαι

2487 2318 2507 2352 ε
2555 2317 2674 2369 μεν.
2743 2301 2855 2370 Πρὸ
2914 2298 3007 2353 τοῦ
3062 2300 3117 2351 δέ
3157 2298 3190 2367 ἢ
3234 2299 3381 2351 αἰτία
3435 2296 3572 2359 αὕτη
3622 2296 3699 2365 τῷ
3748 2296 3971 2362 τοιούτῳ

2488 2412 2507 2445 r
2556 2394 2751 2463 πέρατι
2810 2391 3110 2461 παραδοθῇ,
3175 2389 3377 2459 μεταξὺ
3407 2389 3514 2443 τῶν
3579 2387 3774 2450 ἄλλων,
3814 2388 3976 2439 ἅτινα

2490 2500 2508 2534 ι
2552 2482 2820 2551 διηνεκέσι
2862 2480 3215 2547 διαγνώσεσιν
3278 2481 3681 2549 ἀνεστρέφομεν
3714 2519 3728 2541 ,
3805 2475 3974 2529 αὐτοῦ

2489 2591 2506 2623 ι
2550 2572 2641 2623 τοῦ
2704 2572 2861 2639 λόγου
2912 2572 3334 2639 ἀπιιτήσαντος,
3381 2570 3522 2621 ὥστε
3583 2572 3696 2632 τοῖς
3775 2569 3977 2635 ἐκκλη-

2492 2684 2509 2716 r
2552 2664 2843 2723 σιαστικοῐς
2871 2664 3270 2731 πεπραγμένοι,
3330 2661 3562 2730 ζητῆσαι
3621 2662 3765 2729 ἡμᾶς
3828 2662 3977 2727 παρὰ

2490 2773 2507 2805 ι
2552 2755 2660 2807 τῶν
2719 2753 2963 2819 ἀδελφῶν
3025 2754 3182 2821 ἡμῶν
3251 2753 3548 2805 Φαυστίνου
3606 2751 3702 2804 τοῦ
3760 2768 3976 2803 συνεπι-

2491 2865 2507 2897 ι
2551 2846 2771 2908 σκόπου,
2828 2845 2919 2897 καὶ
2972 2844 3234 2896 Φιλίππου
3283 2842 3375 2894 καὶ
3432 2842 3677 2897 Ἀσελλου
3710 2842 3818 2893 τῶν
3842 2837 3977 2909 συμ-

2490 2958 2509 2991 ι
2557 2938 2939 3008 πρεσϐυτέρων
2977 2976 2993 3001 ,
3052 2937 3141 2990 ἵνα
3205 2936 3613 3005 προενέγκανσιν
3670 2934 3726 2989 ετ
3779 2946 3830 2985 τι
3888 2933 3977 3002 δή-

2496 3048 2514 3080 (
2554 3046 2680 3081 ποτε
2710 3026 2779 3099 ἦν
2820 3032 2999 3092 αὐτοῖς
3032 3031 3147 3099 ἅμα
3180 3030 3309 3098 ἡμῖν
3354 3030 3626 3097 πρακτέον
3657 3022 3977 3099 ἐπιτραπέν,

2496 3139 2513 3171 ι
2560 3119 2681 3173 τινὰ
2717 3121 2815 3190 μέν
2844 3122 3108 3189 ἀγράφως
3153 3122 3240 3174 διὰ
3283 3121 3456 3186 λόγων
3492 3119 3977 3189 ἐπεξειργάσαντο*

2501 3230 2519 3263 r
2562 3212 2719 3281 ἡμῶν
2763 3213 2819 3264 δέ
2884 3214 3305 3281 ἀπαιτησάντων
3348 3214 3486 3281 ὅπερ
3534 3212 3865 3279 ἐπεφέροντο
3893 3210 3978 3276 εἴ·

2500 3322 2518 3355 ι
2555 3320 2765 3373 γραφον
2796 3308 3231 3374 κομμονιτόριον,
3263 3305 3420 3357 τοῦτο
3454 3308 3789 3374 προήγαγονο
3822 3305 3978 3373 ὅπερ,

2500 3415 2517 3445 ι
2561 3395 2912 3460 ἀναγνωσθέν
2962 3396 3089 3464 παρ’
3158 3396 3352 3464 ημῶν,
3405 3398 3513 3457 τοῖς
3571 3398 3978 3462 πεπραγμένοις

2497 3501 2515 3533 ε
2553 3484 2635 3536 ἔτι
2664 3484 2770 3555 μὴν
2802 3485 3057 3554 ἐνετάγη,
3078 3485 3188 3545 τοῖς
3222 3486 3313 3536 καὶ
3349 3486 3484 3552 πρὸς
3528 3485 3671 3552 ὑμᾶς
3702 3484 3769 3536 δι’
3800 3485 3979 3536 αὐτῶν

2500 3594 2517 3624 ε
2559 3575 2655 3626 ἐπὶ
2685 3573 2779 3626 τοῦ
2829 3574 3097 3637 παρόντος
3157 3573 3501 3644 φερομένοις.
3556 3574 3643 3625 Ἐν
3670 3568 3713 3639 ᾧ
3740 3573 3981 3642 τέσσαρα

2500 3686 2517 3719 ι
2560 3668 2739 3727 αὐτοῖς
2766 3682 2886 3718 τινα
2912 3665 3029 3733 ἃμα
3059 3665 3189 3731 ἡμῖν
3234 3665 3483 3733 πρακτέα
3534 3665 3891 3735 ἐνετάγησαν·
3925 3664 3982 3717 ἐν

2502 3778 2520 3810 r
2564 3758 2689 3827 περὶ
2747 3756 3025 3822 ἐγκλήτων
3060 3756 3375 3806 ἐπισκόπων
3402 3755 3537 3823 πρὸς
3584 3756 3675 3807 τὸν
3707 3757 3805 3823 τῆς
3858 3757 3982 3809 Ῥω-

2504 3867 2521 3899 ι
2563 3846 2733 3916 μαίων
2778 3844 3102 3912 Ἐκκλησίας
3151 3844 3299 3913 ίερέα
3325 3861 3339 3873 ·
3392 3843 3645 3915 δεύτερον
3676 3847 3762 3897 ἵνα
3798 3848 3892 3900 ἐπὶ
3922 3847 3983 3899 τδ

2502 3958 2521 3991 ι
2563 3938 2854 4007 κομιτᾶτον
2884 3936 3196 3996 ἐπίσκοποι,
3225 3934 3300 3998 ὡς
3333 3934 3513 4004 ἐτυχε,
3543 3934 3619 4005 μὴ
3648 3936 3979 3988 πλεύσωιτιν⁸

2504 4047 2522 4081 ι
2560 4030 2740 4098 τρίτον
2788 4026 3038 4096 περὶτοῦ
3079 4028 3174 4087 τὰς
3206 4027 3385 4089 αἰτίας
3439 4026 3548 4079 τῶν
3600 4026 3984 4097 πρεσϐυτέρων

2504 4140 2522 4172 ι
2561 4121 2653 4173 καὶ
2718 4119 2977 4171 διακόνων
3026 4116 3304 4185 ζητεῖσθαι
3372 4117 3524 4187 παρά
3583 4120 3695 4179 τοῖς
3764 4120 3983 4187 ὁμόροις

2503 4228 2521 4260 ι
2567 4210 2905 4272 ἐπισκόποις,
2958 4206 3053 4259 ἐὰν
3106 4209 3169 4259 ἐκ
3204 4207 3311 4259 τῶν
3346 4207 3494 4260 ίδίων
3552 4208 3658 4259 ἀπὸ
3696 4210 3980 4271 κοινωνίας

2502 4318 2520 4351 ι
2569 4300 2852 4368 προπετῶς
2894 4298 3175 4364 γένωνται·
3206 4297 3486 4364 τέταρτον,
3517 4298 3645 4367 περὶ
3698 4298 3981 4364 υύρϐανοῦ

2504 4410 2522 4443 ι
2557 4391 2653 4443 τοῦ
2691 4389 2995 4441 ἐπισκόπου
3055 4386 3543 4455 ἁποκοινωνητέου,
3586 4388 3617 4457 ἢ
3651 4387 3730 4439 ἐτι
3784 4390 3893 4457 μὴν
3927 4391 3983 4440 ἐν

2501 4501 2519 4534 ι
2578 4480 2760 4549 Ῥώμῃ
2792 4480 3041 4548 κλητέου,
3089 4479 3135 4528 εί
3164 4477 3237 4545 μὴ
3278 4478 3343 4529 τὰ
3379 4477 3661 4543 ὀφείλοντα
3688 4478 3984 4548 διορθωθῆ-

2505 4590 2523 4623 ι
2562 4588 2648 4624 ναι
2675 4568 3053 4638 διορθώσηται.
3086 4563 3177 4628 Ἐξ
3203 4559 3278 4617 ὧν
3314 4566 3530 4617 πάντων
3560 4568 3685 4634 περὶ
3714 4568 3809 4620 τοῦ
3834 4568 3985 4638 πρώ-

2505 4679 2524 4713 ι
2559 4677 2654 4712 του
2703 4658 2793 4709 καὶ
2850 4654 3056 4724 τρίτου,
3104 4651 3249 4705 τοῦτ’
3296 4652 3467 4716 ἐστιν,
3523 4655 3609 4705 ἵνα
3638 4654 3847 4717 ἔξεστιν
3908 4661 3985 4719 εἰς

2508 4770 2526 4804 ο
2581 4747 2801 4817 Ῥώμην
2831 4748 2945 4807 τοῖς
2998 4744 3319 4805 ἐπισκόποις
3365 4744 3736 4808 ἐκκαλεῖσθαι,
3779 4748 3872 4798 καὶ
3904 4748 3985 4799 ὅτι

2506 4855 2524 4889 ε
2563 4838 2618 4889 αι
2643 4838 2749 4888 τῶν
2784 4832 3057 4902 κληρικῶν
3085 4833 3253 4883 αἰτίαι
3307 4832 3455 4897 παρά
3512 4835 3622 4892 τοῖς
3654 4832 3759 4884 τῶν
3815 4835 3985 4903 ἐπαρο

2504 4946 2522 4979 ι
2565 4928 2694 4996 χιὼν
2735 4926 2914 4978 αὐτῶν
2980 4924 3305 4982 ἐπισκόποις
3364 4922 3727 4991 περατῶνται.
3788 4925 3890 4994 ήδη
3932 4930 3986 4977 ὲν

2505 5036 2523 5070 ι
2561 5019 2637 5087 τῷ
2689 5016 3013 5084 προλασόντι
3076 5013 3304 5080 ἐνιαυτῷ
3352 5012 3676 5081 γράμμασιν
3736 5014 3816 5065 ἔτι
3882 5017 3985 5083 μὴν

2504 5127 2521 5159 ι
2567 5107 2857 5177 ἡμετέροις
2912 5102 3210 5169 πεμφθεῖσι
3243 5101 3321 5169 τῷ
3370 5102 3520 5170 αὑτῷ
3549 5102 3649 5169 τῆς
3676 5118 3983 5174 προσκυνη.

2503 5216 2520 5249 ι
2567 5198 2664 5264 τῆς
2690 5198 2906 5264 μνήμης
2932 5192 3167 5259 Ζωσίμιμ
3206 5190 3284 5258 τῷ
3321 5192 3607 5259 ἐπισκόπῳ
3642 5194 3984 5246 ἐσπουδάσα-

2503 5308 2521 5339 ι
2570 5305 2667 5356 μεν
2712 5284 3027 5354 ἐμφανίσαι,
3086 5283 3169 5334 [va
3197 5282 3368 5333 ταῦτα
3400 5286 3568 5353 χωρίς
3606 5299 3719 5335 τινο
3776 5283 3983 5352 ὓϐρεως

2504 5399 2521 5431 ι
2561 5378 2723 5432 αυτοῦ
2753 5380 2884 5445 πρὸς
2912 5375 3089 5440 ὀλίγον
3134 5374 3479 5441 φυλάξωμεν,
3524 5375 3626 5436 ἕως
3655 5374 3714 5427 οὗ
3760 5377 3983 5445 ζήτησις

2504 5490 2521 5522 ι
2566 5471 2786 5536 γένηται
2817 5468 2923 5518 τῶν
2954 5468 3096 5535 ὅρων
3123 5470 3218 5533 τῆς
3271 5466 3329 5516 ἐν
3359 5465 3565 5535 Nimia
3600 5467 3840 5520 συνόδου.
3880 5470 3981 5520 Καὶ

2505 5581 2522 5614 ι
2562 5563 2654 5613 νῦν
2683 5561 2737 5611 δέ
2768 5559 2875 5610 ἀπὸ
2910 5560 3007 5625 τῆς
3037 5558 3134 5626 σῆς
3179 5556 3475 5625 αἰτούμεθα
3511 5558 3838 5627 ἁγιωσύνης,
3878 5560 3983 5625 ἵνα,

2510 5672 2527 5704 ι
2576 5652 2633 5704 ὃν
2665 5653 2865 5722 τρόπον
2897 5650 3067 5701 ταῦτα
3112 5651 3175 5701 τὰ
3196 5650 3256 5700 ἐν
3288 5647 3491 5718 Νικαίᾳ
3521 5650 3628 5700 απὸ
3673 5650 3780 5701 τῶν
3816 5651 3988 5702 ﬂati-

2505 5764 2522 5795 ι
2566 5762 2673 5814 ρων
2706 5742 3089 5813 ἐπράχθησαν,
3129 5741 3298 5804 οὓτως
3343 5742 3483 5795 αὺτά
3512 5741 3645 5806 παρ’
3687 5742 3844 5807 ἡμῶν
3888 5760 3990 5806 φυο
