4224 6440
248 406 367 464 ηδ

1220 410 1307 471 ΙΝ
1348 410 1512 473 CAN.
1542 405 1807 475 CXXXV
1837 411 2045 476 CONC.
2069 413 2441 479 CARTHAG.
3377 424 3480 485 434

340 533 359 563 ε
402 514 671 584 λαχθῆναι
699 518 955 589 ποιήσῃς·
1012 520 1103 574 καὶ
1129 522 1317 575 αὐτόθι
1362 524 1495 594 παρ’
1526 525 1654 594 ὑμῖν
1676 526 1742 578 τά
1773 528 1831 579 ιν
1860 533 1903 589 Α

1813 533 1903 589 pA
2011 544 2032 579 ε
2068 542 2289 583 causam
2345 526 2558 584 suam'a
2608 529 2874 599 principio
2928 528 3100 585 audiri
3152 537 3324 601 rogat,
3384 548 3481 587 sna

336 625 354 657 ι
393 606 473 676 τῷ
514 608 667 677 αύτῷ
705 611 935 679 κείμενα
990 616 1399 685 κομμονιτορίῳ
1443 618 1824 687 γυμνασθῆναι

333 717 353 750 ι
398 701 654 770 ποιήσῃς·
688 702 831 756 τοῦτ’
869 703 1035 769 Ιστιν,
1087 706 1184 760 εὰν
1233 707 1537 770 ἀπίσκοπος
1592 727 1825 780 κατηγο-

337 800 355 844 t
400 786 564 861 ρηθῇ,
590 795 684 847 καὶ
706 794 755 848 oi
802 797 1145 862 συνελθόντες
1176 801 1475 856 ιπίσκοποι
1510 806 1611 874 τῆς
1653 804 1825 873 αὐτῆς

330 900 355 932 ε
396 882 669 953 ἀπαρχίας
728 885 979 955 κρίνωσι,
1027 888 1126 943 καὶ
1164 892 1239 943 ἐκ
1290 893 1385 945 τοῦ
1419 894 1629 963 βαθμοῦ
1658 896 1824 951 αὐτοῦ

332 991 353 1025 ε
400 974 711 1028 καθελωσιν
752 977 937 1039 αὐτὸν,
996 980 1125 1033 όταν
1166 982 1291 1053 δόξῃ
1336 986 1707 1051 ικκαλείσθαι,
1732 988 1827 1041 καὶ

332 1080 354 1115 ε
393 1064 532 1133 πρὸς
551 1067 643 1118 τδν
671 1069 1095 1137 μακαριώτατον
1119 1073 1221 1143 τῆς
1264 1074 1555 1144 Ῥωμαίων
1599 1079 1826 1148 Ἐκκλη-

334 1172 357 1207 ε
395 1156 519 1219 σίας
557 1158 860 1212 ιπίσκοπον
914 1164 1229 1233 καταφύγῃ·
1278 1166 1372 1219 ίάν
1421 1167 1605 1240 συνίδῃ
1663 1170 1827 1224 αὑτὸν

335 1260 355 1295 ι
397 1244 759 1315 ἀκουσθῆναι,
786 1249 882 1302 καὶ
904 1250 1117 1306 δίκαιον
1167 1252 1474 1325 λογίσηται,
1507 1258 1647 1313 ὥστε
1698 1261 1828 1313 ἀνα-

335 1353 353 1385 ι
392 1336 663 1406 νεωθῆναι
718 1338 821 1409 τὴν
862 1341 1066 1409 κρίσιν,
1112 1346 1321 1414 γράψαι
1372 1348 1689 1420 καταξιὼση
1710 1353 1827 1415 τοῖς

331 1448 351 1480 ε
395 1430 455 1480 ἐν
479 1431 543 1499 τῇ
573 1430 761 1501 ὀμόρῳ
805 1433 899 1486 καὶ
944 1434 1251 1508 ιγγεζούσῃ
1279 1440 1518 1509 ἀπαρχίᾳ
1545 1441 1827 1496 καθεστῶ-

332 1538 352 1571 ι
397 1536 483 1573 σιν
534 1522 882 1587 δπισκόποις,
937 1525 1029 1578 ἵνα
1068 1527 1227 1581 αὐτοὶ
1292 1532 1472 1584 πάντα
1547 1533 1825 1602 επιμελῶς

330 1628 351 1662 s
395 1611 807 1682 ἀναζητήσωσι,
826 1615 921 1669 καὶ
945 1618 1088 1671 κατά
1106 1619 1210 1689 τὴν
1237 1620 1423 1673 πίστιν
1447 1622 1546 1691 τῆς
1570 1622 1829 1691 ἀληθείας

333 1722 352 1755 ε
397 1704 810 1775 περατώσωσιν.
887 1708 1016 1762 Ἒάν
1050 1710 1109 1763 δδ
1158 1712 1254 1765 καὶ
1293 1714 1321 1767 ό
1362 1715 1699 1783 παρακαλῶν
1728 1719 1828 1787 τὴν

331 1814 369 1847 ι’
392 1795 575 1849 αἰτίαν
595 1798 760 1851 αὑτοῦ
780 1800 984 1854 ἄνωθεν
999 1803 1336 1873 ἀκουσθῆναι
1360 1804 1467 1877 ίδίᾳ
1485 1807 1658 1876 ίκεσίᾳ
1677 1811 1830 1878 κινήο
1860 1856 1904 1917 Β

348 1909 366 1917 -
408 1907 471 1917 _
505 1888 597 1917 -λη
634 1889 952 1917 οη--....ιιι-Λ--
983 1897 1241 1917 a,r~_-_,
1330 1900 1355 1917 ι
1448 1901 1461 1917 a
1601 1902 1627 1915 -ν
1706 1904 1721 1917 ι
1797 1904 1825 1916 ο

345 1909 366 1940 ε
405 1907 474 1959 σῃ
505 1888 597 1942 τὸν
634 1889 952 1961 Ῥωμαϊκὸν
981 1897 1303 1963 ιπίσιιοπον,
1330 1900 1416 1953 ἵνα
1446 1901 1511 1955 ὲκ
1534 1902 1629 1956 τοῦ
1661 1904 1826 1957 αὐτοῦ

338 1998 358 2029 ε
396 1978 637 2048 πλευροῦ
662 1983 1032 2054 πρεσϐύτερον
1066 1987 1448 2060 daemon,”
1484 1995 1549 2061 τῇ
1600 1992 1822 2064 θεουσίᾳ

335 2088 354 2120 ε
398 2069 546 2123 τοῦτ’
598 2071 726 2125 ἐστι
775 2074 869 2128 τοῦ
916 2077 1241 2141 ἐπισκόπου,
1295 2081 1348 2134 τί
1398 2082 1634 2154 βουληθῇ
1660 2084 1756 2137 καὶ
1777 2086 1831 2138 τί

334 2180 355 2213 ε
396 2163 581 2233 κρίνῃ.
606 2165 713 2217 Καὶ
735 2167 831 2219 εὰν
852 2166 1157 2241 ψηφίσηται
1183 2176 1311 2235 τοὺς
1341 2175 1659 2243 ὀφείλοντας
1688 2179 1831 2245 μετὰ

330 2268 357 2300 ε
401 2252 511 2304 τῶν
547 2254 866 2309 ιπισκόπων
904 2260 1183 2327 παρόντας
1220 2265 1425 2334 κρίναι,
1469 2265 1689 2336 ἔχοντας
1730 2268 1832 2338 τὴν

338 2363 358 2395 ι
404 2346 691 2401 αὐθεντίαν
726 2349 893 2403 αὐτοῦ
949 2352 1007 2419 ἒξ
1038 2347 1099 2408 οὗ
1132 2356 1548 2428 ἀπεστάλησαν,
1582 2361 1747 2414 ’ἔσται
1772 2357 1831 2416 δν

336 2455 356 2485 ε
404 2438 472 2505 τῇ
515 2438 697 2507 κρίσει
748 2440 937 2497 αὑτοῦ·
971 2445 1068 2497 ιὰν
1114 2446 1172 2500 δὲ
1210 2450 1302 2501 καὶ
1330 2452 1600 2523 πιστεύσῃ
1641 2453 1833 2523 ἀρκεῖν

337 2544 358 2573 ε
399 2526 527 2589 τοῦς
592 2529 930 2595 ἐπισκόπους
981 2536 1120 2601 πρὸς
1164 2537 1227 2590 τὸ
1294 2543 1613 2609 περατῶσαι
1642 2543 1709 2597 τὰ
1736 2544 1832 2598 τοῦ

340 2633 360 2665 ε
416 2617 768 2686 πράγματος.
806 2623 1010 2695 ποιήσῃ
1038 2627 1177 2698 ὅπερ
1202 2628 1289 2699 τῷ
1334 2636 1630 2705 σοφωτάτῳ
1684 2635 1835 2705 αὐτῷ

341 2722 359 2754 ε
401 2705 587 2777 συνίδῃ
624 2707 973 2780 βουλεύματι.
1014 2716 1249 2787 Ὁμοίως
1294 2722 1423 2791 περὶ
1450 2724 1835 2795 πρεσϐυτέρων

342 2815 361 2847 ι
412 2799 506 2884 καὶ
535 2799 818 2866 διακόνων,
850 2804 946 2857 ἐάν
967 2824 1050 2868 τις
1092 2809 1390 2874 ἐπίσκοπος
1440 2812 1675 2882 ὀργίλος,
1700 2815 1837 2884 ὅπερ

338 2906 361 2939 ε
403 2883 550 2943 εἶναι
603 2891 705 2943 οὐκ
742 2892 967 2959 ὀφείλει,
1002 2896 1209 2966 ταχέως
1265 2897 1297 2968 ἢ
1354 2903 1601 2969 τραχέως
1640 2883 1835 2974 κινηθῇ

340 2996 363 3031 ε
404 2980 549 3033 κατά
611 2983 986 3054 πρεσϐυτέρου
1038 2988 1071 3058 ἢ
1130 2986 1381 3043 διακόνου
1427 2991 1581 3056 ίδίου,
1624 2995 1836 3047 καὶ¹θεο

343 3089 365 3120 ι
408 3071 563 3139 λήσοι
600 3072 789 3125 τοῦτον
819 3074 884 3127 ὲκ
911 3075 1027 3143 «ἧς
1057 3076 1193 3140 ίδίας
1226 3080 1465 3149 ἐξορίσαι
1509 3083 1827 3154 ἑκκλησίσςη

343 3181 362 3214 ι
407 3165 742 3234 προνοητέον
791 3165 965 3233 tactv,
1001 3168 1087 3221 ῐνα
1144 3169 1219 3241 μὴ
1249 3172 1507 3237 ἀναιτίως
1538 3176 1835 3231 καταδικα-
1868 3208 1915 3269 G

342 3270 362 3301 ι
403 3251 575 3323 σθῇἢ
626 3254 873 3328 ἀπολέσῃ
925 3255 1025 3327 τὴν
1076 3259 1381 3316 κοινωνίαν.
1438 3264 1555 3318 Καὶ
1602 3266 1773 3335 ἐχέτω
1812 3270 1842 3323 δ

340 3362 365 3397 ε
411 3342 701 3414 ικόληθεὶς
724 3346 976 3411 ἐξουσίαν
1004 3350 1319 3420 προσελθεῖν
1376 3355 1489 3417 τοῖς
1554 3357 1839 3429 ὀμοροῦσι,

344 3454 363 3487 ι
401 3436 497 3488 καὶ
524 3438 558 3505 ἡ
588 3437 739 3492 αίτία
769 3440 932 3494 αὐτοῦ
966 3442 1227 3513 ἀκουσθῇ,
1275 3443 1373 3497 καὶ
1421 3445 1843 3519 ιπιμελόστερον

347 3543 366 3575 ι
410 3523 645 3595 ζητηθῇ·
676 3528 757 3580 ὅτι
798 3529 901 3582 οὐκ
937 3531 1144 3599 ὀφείλει
1172 3534 1576 3603 παρακαλοῦντι
1624 3540 1777 3607 αὐτῷ
1809 3542 1842 3611 ἡ

343 3630 362 3661 ε
406 3612 675 3682 ἀκρόασις
704 3617 1027 3686 ἀρνηθῆναιο
1087 3619 1342 3683 κάκεῖνος
1372 3621 1429 3675 δὲ
1464 3623 1493 3676 ὀ
1521 3625 1842 3691 ἐπίσκοπος,

344 3723 364 3755 ι
405 3706 495 3776 όῆ
544 3706 773 3771 δικαίως
833 3708 867 3778 ἢ
924 3709 1126 3775 ἀδίκως
1177 3712 1447 3779 ικδαλὼν,
1505 3715 1845 3783 ἀνεξικάκως

349 3812 369 3846 ε
407 3797 773 3863 καταδέξηται
831 3802 900 3855 τά
947 3802 1043 3856 τοῦ
1098 3804 1429 3874 πράγματος
1464 3806 1841 3879 ἑξετισθῆναι,

344 3904 364 3937 ι
412 3887 499 3940 ῐνα
521 3888 555 3958 ἢ
582 3891 802 3961 κυρωθῇ
836 3891 867 3961 ἢ
890 3892 1153 3965 διορθωθῇ
1187 3896 1219 3965 ἡ
1244 3898 1439 3968 γνώμη
1468 3899 1845 3958 αὐτοῦ.Ταῦτα

346 3998 365 4031 ι
410 3980 655 4048 δηλονότι
686 3984 790 4045 ἕως
824 3984 920 4051 τῆς
944 3986 1250 4055 παρουσίας
1299 3988 1406 4041 τῶν
1462 3991 1844 4060 ἀληθεστάτων

344 4088 365 4121 ε
406 4070 689 4140 ἐξὲμπλων
715 4075 814 4140 τῆς
867 4076 925 4130 ιν
959 4076 1162 4149 Νικαίᾳ
1196 4080 1416 4135 συνόδου
1446 4085 1561 4146 τοῖς
1595 4101 1846 4156 πεπραγ-

345 4180 366 4212 ε
417 4163 599 4229 μόνοις
668 4164 1057 4235 ἐνεδλήθησαν·
1116 4170 1277 4225 ἀτινα
1333 4172 1430 4226 εάν
1458 4174 1593 4238 lusi,
1634 4175 1694 4228 δν
1718 4176 1836 4247 τρόο

350 4270 368 4302 ι
413 4268 515 4306 πον
548 4258 606 4307 ιν
634 4256 782 4324 αύτῷ
814 4257 891 4323 τῷ
920 4261 1325 4332 κομμονιτορίῳ
1370 4264 1710 4334 περιέχεται,
1766 4268 1845 4338 τῷ

344 4363 364 4394 ε
404 4346 538 4414 ἡμῖν
579 4347 666 4399 διὰ
716 4348 826 4422 τῶν
878 4351 1301 4406 ἀποσταλέντων
1354 4355 1599 4425 ἀδελφῶν
1653 4361 1717 4413 εκ
1745 4359 1845 4429 τῆς

348 4454 368 4486 ι
408 4437 778 4505 άποστολικῆς
804 4439 1076 4511 καθέδρας
1126 4443 1540 4512 ἔμφανισθίντι,
1589 4449 1685 4501 καὶ
1711 4450 1843 4520 παρ’

2002 620 2444 689 (supplicatione
2470 620 2769 675 Romanum
2790 622 3099 688 episcopum
3153 622 3403 687 moverit,
3425 633 3485 677 ut

1997 728 2017 762 a
2053 724 2116 765 ex
2173 713 2393 780 proprio
2442 726 2541 766 suo
2591 712 2759 767 latere
2808 712 3197 781 presbyterium
3262 714 3481 778 mittat;

2003 819 2022 853 ι
2058 801 2162 854 erit
2194 801 2245 854 in
2301 810 2573 871 potestate
2621 802 2861 873 episcopi
2924 803 3052 871 quid
3086 806 3214 858 velit
3262 811 3315 857 et
3354 805 3485 873 quid

1994 910 2013 944 ι
2049 891 2277 962 iudicet.
2317 891 2380 947 Et
2408 893 2455 948 si
2506 895 2780 956 statuerit,
2825 894 3045 962 quinam
3101 893 3333 965 debeant
3364 910 3486 949 cum

1998 998 2017 1032 ι
2057 979 2328 1049 episcopis
2391 990 2689 1049 prasentes
2736 982 3011 1052 judicare,
3060 981 3322 1038 habentes
3370 983 3487 1052 ejus

1998 1088 2017 1121 ε
2054 1072 2430 1126 auctoritatem
2463 1088 2491 1126 a
2520 1089 2627 1142 quo
2661 1074 2809 1129 missi
2869 1084 3019 1136 sunt,
3110 1073 3225 1141 eius
3288 1075 3490 1143 judicio

2003 1178 2024 1213 ι
2060 1158 2432 1229 relinquetur:
2493 1161 2577 1215 sin
2639 1172 2818 1215 autem
2886 1159 3182 1216 crediderit
3246 1160 3491 1214 sumcere

2002 1269 2021 1303 ι
2060 1252 2341 1322 episcopos
2360 1254 2425 1307 ad
2464 1252 2756 1309 ﬁniendum
2791 1254 3086 1323 negotium,
3149 1253 3313 1307 faciat
3347 1254 3492 1322 quod

2004 1358 2025 1391 ε
2054 1342 2462 1409 sapientissimo
2498 1356 2597 1396 suo
2630 1344 2869 1397 concilio
2891 1343 3062 1396 visum
3111 1341 3294 1396 fuerit.
3332 1342 3496 1396 Simi-

2001 1448 2020 1481 ι
2056 1430 2178 1484 liter
2202 1431 2265 1484 de
2305 1432 2639 1501 presbyteris
2668 1442 2723 1487 et
2750 1433 2997 1488 diaconis
3027 1450 3041 1496 ;
3096 1432 3153 1488 Si
3188 1434 3316 1503 quis
3374 1434 3493 1501 epi-

2008 1538 2029 1572 ι
2061 1535 2253 1589 scopus
2284 1522 2757 1592 iracundus,'quod
2782 1539 2900 1579 esse
2922 1540 3026 1579 non
3050 1525 3233 1586 debet,
3250 1524 3497 1579 celeriter

2007 1629 2026 1663 ι
2064 1622 2157 1665 aut
2191 1627 2381 1682 aspere
2402 1618 2662 1670 adversus
2696 1619 3069 1685 presbyterum
3098 1616 3181 1670 vel
3209 1615 3495 1677 diaconum

2008 1719 2026 1754 ι
2059 1717 2216 1757 suum
2250 1714 2427 1759 motus
2458 1706 2641 1771 fuerit,
2698 1716 2752 1760 et
2806 1708 2937 1761 velit
2980 1722 3103 1761 etim
3159 1721 3247 1768 ex,
3274 1705 3494 1775 propria

2006 1811 2025 1845 s
2066 1793 2308 1849 Ecclesia
2340 1811 2657 1866 segregare;
2687 1798 3079 1865 providendum
3122 1807 3229 1860 est,
3254 1812 3319 1851 ne
3376 1797 3496 1848 sine

2009 1906 2038 1935 ι
2067 1900 2227 1940 causa
2261 1887 2676 1951 condemnetur,
2703 1887 2788 1941 vel
2817 1886 3007 1955 perdat
3026 1888 3494 1942 communionem.

2018 1996 2037 2029 ι
2068 1977 2135 2031 Ει
2158 1978 2205 2032 is
2225 1980 2317 2046 qui
2344 1978 2553 2047 ejectus
2575 1988 2683 2042 est,
2722 1988 3045 2046 potestatem
3094 1980 3292 2034 habeat
3346 1994 3503 2033 acce-

2011 2086 2029 2120 s
2068 2068 2225 2123 dandi
2262 2070 2327 2123 ad
2362 2070 2642 2133 ﬁnitimos,
2674 2080 2727 2124 et
2756 2086 2916 2125 causa
2978 2072 3094 2137 ejus
3145 2071 3417 2133 audiatur,
3446 2080 3501 2124 et

2014 2181 2033 2213 ι
2078 2162 2391 2231 diligentius
2447 2164 2812 2226 examinetur.
2868 2165 2989 2233 quia
3055 2180 3161 2218 non
3234 2165 3397 2219 debet
3455 2166 3505 2220 ei

2019 2269 2037 2304 ι
2070 2253 2283 2322 roganti
2318 2253 2576 2307 auxilium
2600 2254 2893 2323 denegari:
2934 2256 3023 2310 ille
3069 2268 3249 2310 autem
3294 2258 3505 2323 episco-

2013 2362 2033 2395 ι
2066 2358 2187 2411 pus,
2212 2344 2302 2413 qui
2341 2345 2613 2411 sivejuste
2647 2346 2977 2415 siveinjuste
2998 2347 3177 2418 eiecit.
3210 2348 3509 2402 toleranter

2014 2454 2032 2488 ι
2066 2435 2203 2490 feret
2234 2453 2346 2492 rem
2400 2438 2728 2503 examinari,
2770 2449 2825 2491 ut
2886 2439 2968 2491 vel
3020 2440 3380 2494 conﬁrmetur
3425 2440 3507 2494 vel

2020 2548 2039 2582 ι
2068 2530 2514 2599 corrigaturejus
2540 2533 2833 2588 sententia.
2868 2531 2994 2587 Haec
3045 2533 3277 2600 scilicet,
3331 2550 3505 2604 usque

2017 2626 2134 2674 «ad
2212 2623 2557 2690 presentiam
2627 2626 3038 2681 verissimorum
3113 2626 3503 2697 exemplarium

2015 2733 2033 2766 ε
2075 2715 2305 2770 Nicena:
2320 2717 2531 2787 synodi,
2562 2718 2699 2772 actis
2730 2719 2936 2774 inserta
2968 2730 3123 2775 sunt:
3144 2736 3263 2787 qua:
3288 2721 3505 2790 quidem

2012 2826 2030 2858 ι
2064 2808 2106 2861 si
2136 2808 2269 2870 illic,
2300 2811 2648 2876 quomodo-in
2687 2810 2803 2877 ipso
2859 2813 3277 2867 cotnmonitorio
3332 2814 3512 2868 conti-

2019 2915 2041 2948 ε
2076 2908 2252 2964 netur,
2282 2898 2428 2969 quod
2459 2901 2617 2955 nobis
2648 2916 2744 2971 per
2769 2901 2967 2958 fratres
2998 2919 3025 2957 a
3064 2908 3192 2959 sede
3212 2906 3511 2973 apostolica

2025 3006 2044 3039 ι
2084 2988 2281 3045 missos
2325 3002 2609 3046 ostensum
2674 3003 2781 3058 est,
2839 2995 2981 3064 apud
3046 3010 3143 3050 vos
3191 3010 3403 3066 quoque
3459 2998 3512 3052 in

2019 3099 2036 3132 ι
2077 3082 2266 3137 eodem
2298 3085 2491 3140 ordine
2522 3085 2574 3139 in
2616 3085 2765 3140 italia
2822 3097 3134 3156 servantur,
3190 3103 3289 3144 nos
3316 3106 3512 3146 eorum

2025 3191 2055 3223 ιΔ
2090 3188 2428 3243 nequaquam
2464 3176 2784 3232 meminisse
2807 3179 3077 3245 volumus,
3127 3182 3211 3236 vel
3264 3197 3370 3237 non
3403 3183 3517 3235 suf-

2025 3283 2043 3316 s
2076 3264 2219 3319 l'erre
2247 3267 2659 3332 contendimus;
2688 3268 2853 3339 672
2879 3271 2972 3325 sed
3023 3272 3322 3337 credimus,
3367 3275 3514 3341 quod

2020 3375 2039 3409 ι
2073 3357 2361 3427 adiuvante
2385 3357 2597 3413 Domini
2628 3362 2722 3415 Dei
2754 3363 2926 3416 nostri
2978 3365 3378 3430 misericordia,
3423 3374 3513 3418 tua

2019 3467 2037 3501 ι
2076 3450 2366 3504 sanctitate
2392 3448 2651 3505 Romana
2676 3451 2936 3508 Ecclesia:
2968 3458 3313 3523 praesidente,
3368 3457 3513 3510 hunc

2021 3559 2040 3592 ι
2071 3541 2331 3610 deinceps
2359 3550 2558 3596 metum
2585 3558 2698 3597 non
2720 3547 3105 3615 suscipiemus.
3138 3546 3518 3602 Servabuntur

2010 3649 2040 3699 _¢
2078 3642 2258 3686 autem
2302 3635 2465 3687 etiam
2502 3650 2637 3705 erga
2676 3652 2794 3701 nos,
2828 3652 2948 3706 quze
2975 3639 3134 3695 nobis
3185 3657 3401 3711 quoque
3436 3654 3516 3698 ta-

2018 3724 2320 3779 scentibus
2383 3729 2588 3782 servari
2641 3730 2839 3784 debent
2897 3732 3188 3789 dilectione
3229 3731 3513 3790 fraterna:

2017 3834 2037 3868 ι
2066 3828 2185 3882 quae
2208 3831 2306 3885 pro
2339 3819 2601 3886 sapientia
2647 3829 2701 3873 et
2744 3821 2977 3889 justitia,
3012 3838 3174 3892 quam
3225 3824 3319 3879 tibi
3369 3828 3517 3881 dedit

2025 3922 2043 3957 ι
2073 3903 2408 3968 Altissimus.
2444 3906 2558 3974 ipse
2587 3922 2805 3977 quoque
2833 3909 3005 3964 sentis
3026 3913 3231 3965 servari
3273 3912 3471 3966 debere
3500 3953 3515 3977 ,

2020 3997 2112 4051 «εἰ
2154 3998 2295 4053 forte
2352 3997 2512 4053 aliter
2562 4013 2620 4053 se
2681 3997 2921 4055 habeant
2983 4015 3218 4056 canones
3286 4000 3518 4059 Nicaeum

2026 4105 2046 4140 ι
2087 4088 2305 4157 synodi.
2344 4087 2453 4143 Nos
2480 4090 2648 4156 enim,
2690 4090 2862 4158 quiin
2908 4092 3088 4161 plures
3144 4093 3312 4148 libros
3376 4095 3517 4149 inci-

2022 4198 2041 4232 ι
2082 4181 2293 4245 diutus,
2344 4197 2623 4250 nunquam
2677 4184 2902 4253 legimus
2929 4186 2983 4240 in
3043 4187 3196 4241 libris
3234 4187 3515 4252 Romanis,

2023 4289 2041 4323 ι
2082 4270 2135 4325 in
2162 4272 2425 4342 synodum
2456 4271 3227 4343 Nicmnam,quemadmodum
3283 4277 3335 4329 in
3382 4294 3520 4345 prte-

2011 4379 2034 4415 ε
2075 4363 2221 4418 dioto
2281 4366 2697 4419 commonitorio
2762 4366 2963 4421 istbinc
3024 4370 3335 4424 transmissi
3364 4382 3513 4425 sunt:

2016 4464 2248 4509 stamen
2296 4457 2421 4524 quia
2451 4456 2539 4510 bic
2563 4457 2614 4509 in
2662 4458 2970 4513 nnllolibro
3025 4457 3217 4514 Graeco
3276 4463 3391 4515 base
3432 4462 3518 4514 in-

348 4543 367 4578 ι
404 4526 535 4592 ύμῖν
587 4530 654 4598 τῇ
708 4529 844 4600 αὐτῇ
887 4530 1037 4595 τάξει
1090 4533 1149 4586 ιν
1200 4535 1404 4606 Ἰταλίᾳ
1463 4540 1843 4607 φυλάττονται,
1870 4567 1923 4627 υ

1870 4567 1923 4627 D
2024 4559 2042 4593 ι
2081 4542 2265 4597 veniae
2314 4544 2631 4612 potuimus,
2690 4561 2752 4599 ex
2811 4546 3072 4602 Ecclesiis
3126 4549 3515 4613 Orientalibus,

352 4637 372 4670 ι
412 4618 665 4688 οὐδαμῶς
721 4624 815 4675 καὶ
872 4625 1034 4693 ἡμεῖς
1084 4626 1195 4681 τῶν
1240 4628 1499 4684 τοιούτων
1535 4634 1842 4704 μεμνῆσθαι

346 4729 366 4762 ε
414 4709 737 4780 βουλόμεθα,
781 4712 942 4783 ἢούχ
986 4716 1281 4787 ὑποφέρειν
1322 4721 1674 4793 ἔπειγόμεθα,
1707 4726 1846 4782 ἀλλά

346 4822 366 4852 ε
408 4802 739 4871 πιστεύομεν
796 4804 876 4858 ὅτι
935 4806 1259 4876 βοηθοῦντος
1288 4811 1383 4865 τοῦ
1413 4814 1597 4879 ιλίους
1638 4819 1843 4888 Κυρίου

346 4910 369 4943 ε
410 4891 505 4944 τοῦ
540 4891 675 4945 Θεοῦ
710 4894 893 4963 ἡμῶν,
922 4898 1019 4966 τῆς
1055 4898 1156 4966 σῆς
1195 4902 1507 4971 ἁγιωσύνης
1564 4909 1845 4975 προεστώ-

348 5000 368 5032 ε
414 4999 513 5052 σης
561 4985 659 5052 τῆς
697 4985 1015 5057 Ῥωμαῖκῆς
1048 4989 1611 5062 Ἐκκλησίας,ὀύκέτι
1660 4999 1845 5052 λοιπὸν

348 5092 369 5124 ε
409 5074 798 5144 ὑπομείνωμεν
825 5078 915 5130 τὸν
942 5080 1104 5146 φόὸον
1146 5082 1357 5138 τοῦτον.
1396 5088 1712 5159 Φυλαχθῶσι
1782 5092 1841 5146 δι

349 5186 369 5219 s
417 5167 547 5237 περὶ
588 5170 734 5239 ἡμᾶς
761 5171 917 5225 ἅτινα
947 5176 1043 5227 καὶ
1075 5174 1150 5245 μὴ
1172 5175 1477 5233 λαλούντων
1510 5184 1540 5253 ή
1552 5182 1667 5249 μῶν
1693 5184 1845 5252 ὀφει-

352 5278 372 5310 ε
406 5259 561 5313 lavat
593 5260 939 5331 φυλαχθῆναι
991 5266 1255 5338 ἀδελφικῇ
1282 5270 1496 5348 ἀγάπῃ,
1527 5273 1670 5345 ἅπερ
1700 5275 1844 5329 κατά

351 5366 369 5399 ι
412 5348 513 5415 τὴν
556 5351 747 5418 σοφίαν
774 5353 869 5405 καὶ
898 5353 1273 5425 δικαιοσύνην,
1304 5360 1374 5430 ἦν
1426 5379 1509 5414 σοι
1533 5364 1561 5416 ὀ
1584 5364 1844 5433 ’Υψιστος

349 5459 370 5490 ε
413 5440 749 5511 ἐδωρήσατο,
781 5444 874 5496 καὶ
907 5445 1067 5509 αὐτὸς
1089 5448 1171 5500 ἔτι
1206 5450 1313 5521 μὴν
1346 5456 1577 5525 συνορᾷς
1607 5456 1843 5524 ὀφείλειν

350 5550 368 5582 ι
412 5532 776 5602 φυλαχθῆναι,
802 5537 896 5589 ἐὰν
922 5538 1082 5606 τυχὸν
1114 5540 1345 5606 ἀλλοίως
1380 5544 1573 5614 ἔχωσιν
1608 5549 1656 5605 oi
1684 5548 1842 5601 κανό-

346 5642 366 5673 ι
418 5638 507 5686 νες
536 5624 637 5693 τῆς
663 5625 720 5676 ὲν
748 5625 950 5698 Νικαίᾳ
987 5630 1229 5687 συνόδου.
1295 5632 1487 5703 Ἡμεῖς
1528 5639 1636 5709 γὰρ
1692 5638 1839 5691 πλείο

348 5736 367 5764 ε
412 5731 560 5778 στοις
597 5718 912 5788 ἐντυχόντες
946 5720 1190 5789 βιϐλίοις,
1224 5725 1464 5794 οὐδαμοῦ
1525 5729 1841 5801 ἀνέγνωμεν

348 5825 366 5856 ε
406 5809 486 5869 είς
514 5807 614 5879 τὴν
661 5811 720 5864 ιν
752 5809 953 5884 Νικαίᾳ
1010 5814 1227 5871 σύνοδον
1282 5818 1340 5873 ἐν
1378 5819 1707 5892 Ῥωμαϊκοῖς
1762 5822 1838 5894 βι-

2015 4654 2035 4687 ι
2073 4635 2162 4690 ubi
2208 4635 2322 4706 ipsa
2384 4637 2605 4693 decreta
2668 4639 2979 4695 authentica
3031 4641 3289 4697 dicuntur
3338 4644 3517 4698 adimo

2023 4746 2040 4777 ε
2072 4742 2231 4795 posse
2264 4728 2518 4794 inveniri,
2558 4730 2623 4783 ad
2651 4745 2749 4784 nos
2782 4732 2871 4785 illa
2904 4732 3105 4789 deferri
3165 4735 3321 4790 valde
3373 4737 3519 4791 desi-

2021 4820 2347 4875 tderamus.
2412 4821 2596 4887 Quare
2664 4833 2812 4878 tuam
2875 4825 3038 4881 etiam
3106 4830 3514 4885 venerationem

2020 4928 2040 4962 s
2081 4926 2351 4979 rogamus,
2396 4922 2457 4965 ut
2496 4914 2609 4981 ipse
2661 4925 2925 4983 praeterea
2978 4918 3219 4973 scribere
3270 4920 3513 4988 digneris

2022 5020 2041 5053 ι
2077 5002 2141 5054 ad
2174 5002 2384 5055 illarum
2420 5006 2653 5071 partium
2701 5007 2991 5073 antistites,
3046 5010 3097 5064 id
3162 5022 3270 5075 est,
3327 5015 3518 5068 Antio-

2023 5112 2041 5146 ι
2074 5096 2292 5161 cliente,
2350 5096 2731 5151 Alexandrinae
2784 5109 2840 5153 et
2884 5100 3517 5169 Constantinopolitanm

2012 5204 2030 5237 ι
2062 5184 2343 5250 Ecclesiae,
2372 5195 2428 5241 et
2456 5186 2521 5240 ad
2548 5186 2704 5252 alios,
2732 5188 2777 5244 si
2805 5192 3206 5246 tuaesanctitatl
3244 5193 3512 5263 videatur,

2023 5297 2043 5329 ε
2077 5288 2134 5332 ut
2149 5277 2293 5333 illinc
2309 5280 2373 5332 ad
2392 5294 2490 5335 nos
2510 5279 2743 5335 Nicaeam
2762 5282 3225 5353 sanctisﬁPatribus
3236 5289 3516 5344 constituti

2021 5387 2040 5421 ι
2085 5384 2321 5425 canones
2368 5373 2691 5438 mittantur;
2726 5383 2779 5428 te
2829 5377 3101 5445 pmcipue
3155 5378 3257 5433 hoc
3314 5379 3519 5433 beneﬂ-

2026 5479 2045 5512 ι
2084 5460 2228 5514 cium
2305 5459 2737 5518 Occidentalibus
2788 5466 3041 5521 omnibus
3086 5467 3346 5524 Ecclesiis
3421 5470 3513 5531 Dei

2024 5567 2043 5600 ι
2086 5550 2288 5605 auxilio
2319 5551 2651 5608 conferente.
2682 5554 2819 5617 Ouls
2870 5558 3013 5611 enim
3076 5560 3279 5615 dubitat
3331 5576 3517 5622 esens-

2026 5659 2043 5692 ι
2082 5642 2251 5710 plaria
2281 5644 2470 5712 synodi
2506 5642 2697 5700 Nicaeae
2720 5660 3059 5715 congregata:
3091 5654 3371 5707 verissima
3387 5668 3513 5710 esse

2023 5751 2040 5783 ι
2083 5734 2133 5787 in
2164 5733 2545 5804 Graecis,qu:e
2578 5752 2607 5791 a
2635 5747 2743 5792 tam
2797 5740 3032 5795 diversis
3089 5744 3222 5799 locis
3274 5756 3329 5799 et
3376 5747 3511 5799 insi-

2023 5842 2041 5875 ι
2079 5826 2269 5895 gnibus
2302 5826 2506 5885 Grecis
2560 5830 2815 5889 Ecclesiis
2875 5835 3160 5904 deportata
3215 5847 3269 5894 et
3314 5838 3515 5895 collata
