4224 6440
791 376 894 439 ί35

2014 381 2287 442 THEOD.
2330 382 2563 442 BALSA
2572 383 2626 441 M
2631 381 2731 443 ΟΝ

3891 373 3996 437 436

838 506 855 535 ε
885 487 1263 541 consentiunt?
1326 486 1477 552 Quod
1515 488 1726 555 quidem
1779 488 1946 542 donec
1982 488 2180 543 factum
2207 488 2357 553 fueg

2401 547 2403 551 ν
2506 508 2524 540 ι
2567 491 2756 554 ὀλίοις,
2784 488 2844 543 ὃν
2871 488 3071 557 τρόπον
3106 488 3165 541 ἑν
3217 485 3296 558 τῷ
3327 446 3680 557 προλεχθέντι
3728 501 3994 553 κομμονι-

841 595 858 623 ε
898 577 988 637 rit,
1039 591 1158 643 qua:
1206 577 1256 628 in
1320 577 1465 629 dicto
1500 577 1912 631 commonitorio
1963 578 2119 631 nobis
2160 578 2319 631 allata

842 684 857 714 ι
892 674 1031 729 sunt,
1074 668 1139 719 de
1169 665 1621 747 appellationibus
1670 668 2045 736 episcoporum
2095 669 2161 720 ad
2213 666 2322 722 Ro-

838 774 855 803 ε
894 770 1063 808 mana:
1087 755 1346 810 Ecclesia:
1375 757 1734 820 sacerdotem,
1764 767 1817 810 et
1846 759 1912 811 de
1959 759 2138 811 causis
2163 758 2324 811 cleri—

842 865 859 895 ι
898 862 1105 909 corum,
1138 862 1259 916 qua:
1310 849 1506 901 debent
1553 863 1581 899 a
1641 863 1863 902 suarum
1916 850 2319 917 provinciarum

838 954 854 983 ι
890 936 1158 1003 episcopis
1178 935 1343 998 finiri,
1372 950 1470 989 nos
1493 938 1654 988 etiam
1673 944 1984 991 servaturos
2008 937 2325 1004 profitemur

842 1045 858 1073 ε
903 1040 1072 1093 usque
1106 1026 1171 1077 ad
1203 1027 1571 1092 probationem
1596 1044 1608 1078 :
1637 1037 1689 1079 et
1736 1035 1970 1080 vestram
2031 1027 2324 1079 beatitudi-

840 1134 856 1163 ι
901 1129 1040 1176 nem,
1071 1114 1176 1168 Deo
1206 1116 1435 1177 volente,
1463 1116 1616 1169 nobis
1639 1115 1705 1168 ad
1743 1116 1843 1169 hoc
1880 1116 2137 1169 auxilium
2186 1116 2324 1170 latu-

839 1224 856 1253 ε
896 1218 1006 1257 ram
1035 1205 1379 1258 confidimus.
1430 1202 1655 1272 Reliqua
1680 1212 1879 1268 autem,
1904 1220 2025 1274 quae
2052 1204 2104 1258 in
2136 1218 2321 1259 nosua

838 1313 855 1342 ε
884 1292 1089 1361 synodo
1120 1301 1237 1344 acta
1263 1301 1318 1345 ct
1346 1290 1664 1344 confirmata
1698 1302 1845 1357 sunt,
1890 1292 2019 1360 quia
2074 1294 2319 1359 praedicti

838 1402 854 1431 ε
891 1381 1089 1435 fratres
1132 1382 1301 1435 nostri
1352 1381 1646 1436 Faustinus
1686 1384 2059 1451 coepiscopns,
2118 1383 2316 1453 Philip-

840 1493 857 1523 ε
892 1490 988 1543 pus
1020 1483 1071 1528 et
1127 1473 1339 1528 Asellus
1366 1474 1689 1542 presbyteri,
1722 1489 1907 1529 secum
1966 1474 2239 1539 deferunt,
2278 1477 2322 1530 si

840 1583 857 1615 ι
886 1564 1039 1617 vobis
1068 1563 1242 1617 visum
1293 1562 1480 1626 fuerit,
1546 1577 1606 1616 ea
1656 1572 1854 1616 vestra:
1876 1564 2157 1618 sanctitati
2200 1577 2322 1618 nota

834 1675 851 1705 ι
884 1654 1099 1709 facient.
1130 1654 1196 1708 Et
1220 1655 1659 1723 subscripserunt
1686 1672 1700 1720 ;
1756 1654 2017 1710 Dominus
2042 1667 2223 1712 noster
2272 1666 2325 1711 te

814 1764 857 1794 »ε
891 1745 1121 1799 nobisin
1159 1745 1351 1799 multos
1403 1760 1576 1800 annos
1646 1756 1956 1810 conservet,
2012 1748 2324 1803 beatissime

2499 600 2518 632 ι
2555 581 2717 649 τορὶῳ
2768 579 2993 646 αὐτόθεν
3036 578 3440 649 ἀπεστάλησαν·
3478 578 3651 644 ὅμως,
3678 572 3872 652 πέπειδὴ
3902 576 3994 627 έν-

2501 691 2517 721 ι
2555 671 2727 725 ταῦθα
2756 672 2835 734 είς
2879 670 3029 746 ούδὲν
3061 669 3266 740 βιϐλίον
3314 667 3549 739 Γραικὸν
3576 664 3749 720 ταῦτα
3798 664 3984 733 εὑρεῖν

2505 782 2523 813 ε
2561 762 2925 830 ἠδυνήθημεν,
2969 764 3034 813 ἑκ
3080 760 3187 815 τῶν
3233 758 3588 813 ’Δνατολικῶν
3631 755 3991 823 Ἐκκλησιῶν,

2499 873 2516 903 ε
2559 853 2689 906 ἑνθα
2714 854 2966 920 λέγονται
2990 853 3059 906 τὰ
3092 854 3233 906 αὐτὰ
3278 852 3607 920 ψηφίσματα
3635 847 3894 903 δύνασθαι
3927 846 3994 901 τὰ

2503 961 2521 993 ι
2568 942 2863 996 αὑθεντικὰ
2910 942 2991 996 ἑτι
3043 943 3151 1011 μὴν
3196 940 3511 1011 εὑρεθῆναι,
3565 939 3695 1016 ἡμίν
3759 952 3993 1004 προσεν-

2500 1049 2518 1081 ι
2572 1032 2792 1101 εχθῆναι
2821 1032 2991 1085 ταῦτα
3015 1030 3220 1099 μᾶλλον
3271 1027 3567 1097 ποθοῦμεν.
3612 1024 3705 1077 Διδ
3750 1026 3850 1096 καὶ
3894 1024 3993 1093 τὴν

2503 1141 2521 1173 ι
2569 1124 2665 1191 σὴν
2696 1122 3104 1192 σεϐασμιότητα
3133 1118 3508 1187 δυσωποῦμεν,
3540 1117 3629 1170 ινα
3653 1109 3858 1185 Ῡρὰψαι
3897 1115 3995 1169 καὶ

2498 1232 2516 1263 ι
2562 1214 2722 1276 αὐτὸς
2751 1213 2832 1267 ἑτι
2866 1213 2972 1284 μὴν
3018 1211 3367 1282 καταξιὼαῃς
3406 1208 3542 1278 πρὸς
3594 1209 3719 1269 τοὺς
3770 1205 3995 1258 ἑκείνων

2504 1322 2519 1353 ι
2563 1302 2667 1355 τῶν
2702 1304 2883 1372 μερῶν
2916 1305 3101 1372 ίερεῖς,
3145 1300 3290 1355 τοῦτ’
3337 1300 3481 1361 lett,
3542 1298 3640 1365 τῆς
3698 1297 3757 1350 ἑν
3787 1296 3997 1365 Ἀντιο-

2510 1410 2527 1444 ι
2576 1392 2699 1464 χείᾳ
2744 1393 3093 1459 Ἐκκλησίας,
3144 1378 3240 1445 καὶ
3273 1391 3371 1458 τῆς
3425 1382 3845 1454 ’Δλεξανδρεωη
3902 1382 3998 1437 καὶ

2503 1500 2521 1532 t
2562 1484 2657 1552 τῆς
2690 1485 2747 1536 ἑν
2778 1468 3373 1545 Κωνσταντίνουπόλει,
3420 1480 3516 1533 καὶ
3569 1478 3751 1538 ἄλλοις
3776 1476 3857 1541 δὶ,
3890 1476 3990 1528 ἑὰν

2506 1591 2526 1624 ι
2572 1577 2822 1643 παραστῇ
2857 1576 2923 1644 τῇ
2962 1572 3355 1646 σῇηάτιωσύνῃ,
3414 1572 3562 1634 ὅπως
3594 1567 3815 1653 ἑκεῖθεν.
3863 1568 3999 1635 πρὸς

2501 1684 2519 1716 ⁸
2560 1666 2706 1735 ἡμᾶς
2731 1665 2780 1738 οι
2800 1666 2858 1718 ἑν
2887 1665 3091 1736 Νικαίᾳ
3137 1664 3291 1734 παρὰ
3351 1663 3460 1717 τῶν
3520 1661 3697 1730 ἁγίων
3743 1660 4002 1725 Πατέρων

2502 1773 2519 1806 ι
2570 1756 2876 1823 όρισθέντες
2906 1755 3136 1811 έλθωσιν
3174 1756 3420 1820 κανόνες,
3472 1752 3569 1807 σοῦ
3622 1751 3747 1806 κατ’
3783 1750 4035 1818 ἑξαίρε-’

839 1858 855 1888 ι
896 1837 1081 1891 frater.
1114 1836 1561 1903 Subseripserunt
1585 1852 1802 1905 quoque
1833 1838 2081 1907 Alypius,
2130 1840 2313 1909 Angn-
2350 1860 2357 1914 ι

2503 1863 2521 1895 t
2567 1863 2657 1898 τον
2710 1846 2810 1915 τὴν
2852 1847 3172 1917 εὐεργεσίαν
3228 1846 3434 1913 ταύτην
3460 1844 3661 1906 πάσαις
3689 1844 3813 1903 ταῖς
3842 1842 4002 1892 Δυτιο

836 1946 853 1977 ι
881 1927 1076 1992 stinns,
1103 1926 1398 1989 Possidius,
1431 1923 1689 1985 Marinus,
1714 1935 1766 1979 et
1787 1926 1966 1980 caeteri
1987 1928 2244 1996 episcopi.
2280 1947 2299 1980 ι

2497 1952 2514 1984 t
2560 1937 2681 1995 καῖς
2723 1934 3067 2004 Ἐκκλησίαις
3098 1938 3166 2005 τῇ
3204 1934 3297 1988 τοῦ
3342 1934 3547 2006 Κυρίου
3598 1924 3818 2001 βοηθείᾳ
3882 1946 4005 1981 συν-

837 2039 854 2069 ι
902 2023 1235 2086 εισάγοντος.
1299 2018 1395 2075 Τίς
1458 2018 1567 2087 γὰρ
1651 2018 1978 2086 ἀμφιϐάλλει
2028 2021 2094 2071 τὰ
2154 2020 2242 2074 ῐσα
2306 2023 2645 2093 ἀληθέστατα
2701 2021 2840 2081 εἶναι
2881 2028 2938 2080 ἑν
3003 2027 3258 2098 Γραικοίς
3309 2029 3405 2095 τῆς
3466 2027 3523 2078 ἑν
3590 2022 3796 2092 Νικαίᾳ
3868 2037 4001 2072 συν-

845 2129 865 2163 ⁶
907 2110 1289 2179 αθροισθείσης
1330 2109 1548 2161 συνόδου
1587 2108 1744 2163 ἆτείνει
1777 2108 1884 2160 ἀπὸ
1911 2108 2079 2171 οὕτως
2134 2112 2404 2182 διαφόρων
2442 2117 2619 2169 τόπων
2676 2116 2772 2170 καὶ
2838 2117 3126 2187 ἑπισήμων
3190 2116 3444 2186 Γραικῶν
3494 2111 3801 2180 ἑκκλησιῶν
3824 2126 4001 2177 προσ-

834 2224 850 2254 ε
897 2202 1187 2271 ενεχθὲντα
1251 2203 1345 2256 καὶ
1401 2203 1762 2271 συγκριθέντα
1786 2204 2324 2277 όμονοοῦσιν;⁹οπερ
2398 2209 2503 2271 ἕως
2531 2202 2593 2262 οὗ
2626 2210 2873 2279 γένηται,
2938 2212 3007 2265 τὰ
3067 2211 3126 2265 ἑν
3187 2210 3268 2280 τῷ
3356 2205 3707 2279 προλεχθέντι
3789 2217 4005 2271 κομμο-

830 2322 847 2351 ι
896 2298 1114 2367 νιτορίῳ
1172 2299 1304 2368 ἡμῖν
1354 2299 1809 2369 προσενεχθέντα.
1867 2301 1996 2368 περὶ
2047 2302 2156 2353 τῶν
2225 2304 2361 2371 πρὸς
2421 2304 2514 2358 τὸν
2578 2306 2676 2376 τῆς
2713 2307 3026 2375 Ῥωμαῖκῆς
3108 2305 3436 2373 Ἐκκλησίας
3508 2303 3657 2372 ίερέα
3713 2299 3997 2369 ἑκκλήτων

833 2405 851 2436 ι
898 2387 1006 2441 τῶν
1033 2388 1373 2449 ἐπισκόπων,
1441 2386 1703 2455 καὶπερὶ
1765 2389 1872 2440 τῶν
1931 2389 2124 2443 αἰτιῶν
2169 2390 2277 2444 τῶν
2343 2394 2620 2464 κληρικῶν
2679 2396 2788 2449 τῶν
2854 2396 3193 2465 όφειλουσῶν
3241 2392 3611 2465 περατοῦσθαι
3684 2390 3836 2462 παρὰ
3898 2394 4009 2450 τοίς

831 2500 849 2533 ι
896 2482 1005 2534 τῶν
1069 2483 1217 2535 ίδίων
1295 2482 1476 2536 αὑτῶν
1522 2483 1799 2552 ἑπαρχιῶν
1847 2486 2186 2549 ἐπισκόποις,
2275 2490 2435 2557 ἡμεῖς
2489 2490 2883 2559 εόμολογοῦμεν
2944 2492 3040 2545 καὶ
3106 2490 3443 2559 φυλάξοντας
3503 2487 3607 2548 ἕως
3661 2485 3761 2553 τῆς
3805 2487 3998 2537 ἑπικυ-

826 2594 843 2623 ε
893 2576 1135 2642 ρὼσεως,
1180 2576 1273 2626 καὶ
1331 2574 1430 2643 τὴν
1489 2575 1760 2644 ὑμετέραν
1828 2578 2229 2647 μακαριότητα,
2296 2554 2557 2646 ’θέλοντιξ
2615 2554 2709 2637 τοὺ
2772 2554 2933 2648 ὸεοῦ,
3000 2554 3137 2653 πρὸς
3202 2582 3364 2635 τοῦτο
3431 2581 3564 2648 ἡμῖν
3632 2578 4011 2647 βοηθήσουσαν

831 2684 847 2715 ι
888 2664 1215 2735 θαρροῦμεν.
1286 2664 1367 2718 Τὰ
1426 2665 1483 2719 δὲ
1548 2666 1730 2730 λοιπὰ,
1803 2666 1871 2719 τὰ
1934 2667 1991 2720 ἓν
2049 2670 2114 2739 τῇ
2166 2671 2416 2741 ἡμετέρᾳ⁵
2478 2675 2681 2745 συνόδῳ
2743 2674 3057 2744 πραχθέντα
3108 2675 3201 2729 καὶ
3256 2672 3649 2743 βεϐαιωθέντα,
3693 2668 3882 2738 ἐπειδὴ
3960 2660 4010 2720 of

828 2775 844 2803 ε
888 2757 1275 2826 προλεχθέντες
1329 2756 1548 2825 ἀδελφοὶ
1615 2758 1773 2825 ἡμῶν
1812 2759 2108 2823 Φαυστίνος
2174 2764 2202 2814 6
2269 2762 2691 2828 συνεπίσκοπος,
2751 2763 3020 2825 Φίλιππος
3090 2766 3187 2816 καὶ

3262 2762 3316 2815 ’Δ
3326 2760 3508 2823 σέλλος
3582 2762 3633 2812 ei
3704 2758 4010 2828 πρεσϐύτεο

831 2869 847 2896 ι
900 2865 1006 2915 ροι,
1092 2848 1215 2916 μεθ’
1281 2849 1493 2903 ἑαυτῶν
1548 2850 1924 2918 ἑπιφὲρονται,
2001 2853 2097 2905 ἑὰν
2160 2852 2564 2924 καταξιώσητε,
2642 2857 2861 2923 γνωστὰ
2926 2859 3215 2924 ποιήσουσι
3272 2856 3337 2922 τῇ
3409 2850 3653 2921 ὑμετέρᾳ
3706 2848 4009 2921 ἁγιωσύνῃ·

830 2961 847 2991 ι
898 2943 1004 2993 Καὶ
1073 2942 1421 3009 ὑπέγραψαν·
1482 2943 1511 2992 6
1579 2943 1783 3011 Κύριος
1837 2943 1995 3011 ἡμῶν
2070 2946 2297 3012 φυλάξοι

2379 2964 2440 3000 σε
2512 2950 2645 3017 ἡμῖν
2736 2950 2829 3002 ἑπὶ
2935 2949 3225 3009 πλείστους
3294 2946 3519 3017 χρόνους
3546 2985 3561 3009 ,
3592 2944 3595 2945 ⁷
3621 2942 4010 3014 μακαριώτατε

831 3057 849 3088 ‹
892 3037 1108 3105 ἀδελφέ.
1153 3036 1511 3104 ’Υπέγραψαν
1546 3036 1767 3105 ὁμοίως.
1798 3038 2069 3103 Ἀλόπιος,
2120 3039 2513 3107 Ἀὐγουστϊνος,
2557 3042 2884 3107 Ποσσείδιος,
2911 3043 3172 3110 Μαρῖνος.
3218 3040 3315 3092 καὶ
3353 3040 3401 3091 οι
3441 3039 3615 3091 λοιποὶ
3637 3037 3943 3091 ἑπίσκοποι.
3985 3054 4005 3087 s

825 3136 1018 3190 BALS.
1064 3133 1202 3187 Cum
1261 3133 1511 3187 Zosimus
1561 3146 1697 3201 papa
1750 3131 2047 3198 Romanus,
2111 3135 2202 3202 qui
2249 3135 2357 3205 ad,

2490 3135 2688 3191 ΒΔΛΣ.
2720 3135 2971 3203 Ζωσίμου
2998 3132 3092 3187 τοῦ
3125 3136 3331 3187 πάππα
3363 3131 3605 3203 Ῥώμης,
3628 3131 3724 3184 τοῦ
3752 3129 4010 3184 ἀποστεί-

758 3234 1069 3295 ντεςεηιειη
1090 3220 1352 3292 synodum
1379 3221 1585 3290 legatos
1613 3221 1856 3285 miserat,
1880 3232 2026 3275 esset
2051 3233 2322 3287 mortuus,

756 3314 1066 3370 Bonifacius
1096 3313 1213 3382 ejus
1245 3312 1365 3366 loco
1407 3310 1734 3365 constitutus
1776 3320 1886 3375 est,
1925 3312 1990 3365 ad
2018 3327 2179 3380 quem
2235 3328 2323 3382 sy—

757 3410 925 3462 nodus
959 3405 1171 3466 scribit,
1205 3418 1325 3471 quas
1356 3404 1408 3456 in
1434 3401 1549 3468 ipsa
1581 3411 1730 3469 gesta
1778 3412 1905 3457 sunt
1958 3401 2011 3455 in
2065 3417 2326 3470 compen-

755 3500 900 3550 uiinm
938 3497 1208 3563 redigens.
1250 3491 1501 3546 Declarat
1534 3500 1713 3543 autem
1739 3499 1794 3543 et
1825 3504 1944 3558 qua:
1976 3490 2044 3544 de
2104 3492 2325 3559 Apiario

754 3589 1067 3656 presbytero
1108 3592 1228 3636 acta
1264 3581 1501 3643 fuerant,
1560 3587 1723 3647 atque
1746 3580 1909 3633 etiam
1947 3595 2041 3635 eos
2081 3592 2325 3635 servatu-

757 3693 844 3732 ros
897 3676 1293 3745 appellationes
1337 3686 1457 3741 qnze
1515 3672 1843 3739 petebantur
1896 3670 1963 3724 ad
2024 3670 2323 3726 Romanam

758 3769 1080 3831 Ecclesiam,
1122 3766 1295 3821 donec
1330 3763 1474 3818 allati
1510 3762 1716 3818 fuerint
1746 3776 2009 3825 canones,
2054 3762 2145 3831 qui
2179 3778 2207 3817 a
2231 3762 2325 3817 Ni-

755 3872 901 3911 caena
928 3855 1134 3927 synodo
1163 3852 1295 3909 editi
1328 3852 1496 3906 fuere.

883 4033 1137 4091 ZONAR.
1168 4032 1270 4099 Qui
1304 4032 1475 4085 Roma
1510 4029 1660 4084 missi
1715 4029 1876 4099 legati
1900 4029 1966 4083 ad
1994 4030 2130 4103 banc
2151 4046 2310 4099 syno-

760 4132 883 4183 dum
909 4139 1233 4189 convenere,
1266 4138 1494 4195 quorum
1523 4122 1841 4175 nominatim
1873 4121 2097 4190 epistola
2136 4116 2357 4177 menti?

761 4222 859 4283 nit,
886 4234 914 4272 a
939 4218 1154 4271 Zosimo
1179 4228 1314 4283 papa
1350 4210 1598 4266 Romano
1621 4212 1772 4264 missi
1809 4212 2053 4268 fuerant:
2088 4213 2177 4282 qui
2201 4226 2324 4266 cum

757 4314 962 4365 interea
992 4308 1134 4362 diem
1161 4320 1317 4359 suum
1376 4302 1622 4366 obiisset,
1683 4302 1736 4354 in
1800 4302 1917 4369 ejus
1951 4302 2131 4357 locum
2160 4301 2323 4357 Boni-

755 4408 925 4459 [ιεὶιιε
977 4401 1235 4458 suffectus
1317 4406 1429 4453 est:
1488 4396 1555 4449 ad
1607 4396 1768 4461 quem
1828 4394 2065 4465 synodus
2113 4395 2323 4451 litteras

2426 3228 2618 3286 λαντος
2674 3226 3056 3295 τοποτηρητὰς
3128 3228 3209 3288 είς
3265 3224 3363 3295 τὴν
3431 3222 3713 3291 παροῦσαν
3764 3220 4007 3284 σύνοδον,

2428 3316 2877 3386 τελευτήσαντος,
2912 3315 2942 3367 6
2975 3315 3293 3383 Βονιφάτιος
3339 3313 3479 3384 πρὸς
3516 3312 3606 3365 τὸν
3636 3311 3843 3364 ἑκείνου
3885 3309 4009 3379 θρό-

2425 3424 2516 3462 νον
2544 3408 2807 3475 κατέστη,
2845 3406 2980 3477 πρὸς
3008 3406 3066 3459 δν
3092 3409 3124 3476 ὴ
3153 3406 3375 3470 σύνοδος
3405 3406 3630 3474 γράφει,
3659 3401 4008 3469 αναφέρουσα

2426 3496 2497 3551 τὰ
2521 3498 2580 3549 ἑν
2609 3499 2748 3567 αὐτῇ
2780 3496 3093 3566 πραχθέντα
3138 3498 3259 3549 κατ’
3288 3495 3585 3563 ἑπιτομήν.
3620 3491 3928 3561 ﬂamonio!
3949 3491 4006 3541 ἃ

2427 3585 2522 3638 καὶ
2551 3586 2621 3637 τὰ
2648 3587 2779 3655 περὶ
2807 3584 2905 3637 τοῦ
2940 3584 3229 3655 ’Δπιαρίου
3272 3583 3369 3635 τοῦ
3421 3582 3818 3653 πρεσῦυτέρου·
3868 3580 4008 3632 ἀλλὰ

2430 3674 2537 3745 μὴν
2594 3676 2687 3728 καὶ
2738 3673 2801 3726 τὸ
2853 3674 3088 3743 φυλάξαι
3149 3674 3246 3737 τὰς
3300 3672 3437 3743 πρδς
3505 3671 3843 3740 Ἐκκλησίαν
3896 3669 3999 3737 τῆς

2440 3766 2657 3833 Ῥώμης
2714 3766 3056 3835 ζητουμένας
3102 3764 3427 3834 ἑκκλήτους,
3463 3765 3659 3832 μέχρις
3701 3761 3768 3815 ἂν
3806 3777 4006 3826 προκο-

2432 3858 2698 3929 μισθῶσιν
2725 3859 2774 3910 οί
2804 3858 2956 3927 παρὰ
2986 3856 3088 3926 τῆς
3117 3857 3175 3911 ἑν
3201 3856 3409 3927 Νικαίᾳ
3441 3854 3663 3909 συνόδου
3684 3852 4003 3915 ἑκτεθέντες

2428 3954 2675 4013 κανόνες.

2498 4040 2738 4095 ΖΩΝΔΡ.
2772 4042 2835 4095 Ol
2867 4041 3152 4103 σταλέντες
3192 4042 3255 4093 ἑκ
3302 4038 3527 4108 Ῥώμης
3577 4036 3712 4108 πρὸς
3753 4035 3853 4105 τὴν
3906 4035 4003 4089 σύ-

2427 4131 2573 4184 νοδον
2606 4131 2809 4202 ταύτην
2827 4132 3226 4200 τοποτηρηταὶ,
3249 4125 3324 4183 ὧν
3359 4131 3497 4201 πρὸς
3525 4130 3700 4197 ὄνομα
3727 4129 4005 4197 μέμνηται

2430 4220 2779 4292 quamn],
2816 4220 2969 4290 παρὰ
3002 4222 3257 4289 Ζωσίμου
3285 4219 3381 4273 τοῦ
3412 4220 3613 4272 πάππα
3651 4217 3748 4286 τῆς
3782 4216 4005 4286 Ῥώμης

2427 4310 2750 4380 ἐστάλησαν·
2777 4310 2987 4364 ἑκείνου
3018 4311 3078 4363 δὲ
3111 4312 3173 4363 ἑν
3217 4310 3296 4379 τῷ
3351 4312 3501 4378 μέσῳ
3551 4309 4000 4376 τελευτήσαντος,

2428 4402 2456 4452 6
2481 4399 2799 4466 Βονιφᾶτιος
2836 4400 2917 4459 είς
2945 4398 3037 4450 τὸν
3087 4397 3297 4450 ἑκείνου
3357 4395 3551 4466 θρόνον
3608 4396 3998 4463 ἁντικατέστη,

755 4496 939 4558 mittit,
967 4504 1194 4561 quaeque
1214 4498 1333 4543 acta
1357 4486 1685 4552 decretaque
1732 4483 1963 4551 fuerant:
2012 4488 2165 4540 brevi
2201 4501 2320 4541 ser-

2401 4521 2402 4524 η
2430 4486 2567 4556 πρὸς
2603 4487 2662 4539 6v
2691 4489 2726 4556 η
2762 4485 2978 4547 σύνοδος
3031 4485 3261 4552 γράφει,
3308 4481 3655 4553 ἀναφέρουσα
3678 4482 3751 4535 τὰ
3777 4483 3836 4533 ἑν
3861 4482 3999 4551 αὐτῇ

756 4584 933 4641 monis
962 4580 1283 4651 compendio
1306 4588 1362 4633 et
1390 4566 1627 4642 concise,
1677 4590 1804 4639 non,
1864 4576 2319 4643 quemadmodum

753 4688 902 4748 gesta
929 4676 1163 4734 fuerant,
1190 4672 1346 4738 longo
1367 4662 1633 4722 oratiOnis
1660 4667 1867 4722 ambitu
1915 4682 1980 4723 ac
2027 4670 2318 4723 verborum

756 4766 1050 4822 involucris
1079 4762 1505 4829 circuitioneque
1532 4757 1717 4815 refert.
1754 4758 2013 4814 Nuntiare
2051 4773 2211 4828 porro
2261 4773 2319 4813 se

755 4877 873 4928 quae
900 4859 1179 4925 atriusque
1209 4852 1379 4922 partis
1412 4868 1678 4907 consensu
1712 4859 1914 4907 statuta
1974 4852 2189 4906 fuerant
2231 4866 2321 4921 sy-

756 4953 925 5005 nodus
947 4948 1165 5003 asserit.
1220 4944 1456 5013 Uterque
1489 4953 1667 4997 antem
1703 4944 1767 4996 de
1821 4944 2028 4998 duobus
2060 4942 2318 5010 intelligi-

756 5054 867 5095 tur.
906 5038 1162 5101 Proinde,
1185 5046 1238 5091 et
1260 5038 1349 5104 qui
1384 5036 1592 5106 synodo
1623 5035 1845 5087 aderant
1876 5035 1928 5088 in
1963 5037 2097 5088 duas
2131 5044 2316 5102 partes

754 5134 956 5187 divisos
980 5132 1143 5184 fuisse
1162 5128 1400 5182 indicant
1424 5145 1439 5193 ;
1464 5126 1687 5180 alteram
1713 5126 1953 5193 quidem,
1983 5140 2102 5194 quae
2130 5127 2325 5179 Africae

754 5226 1074 5292 episcopos;
1106 5222 1329 5275 alteram
1359 5234 1510 5281 vero.
1549 5233 1669 5288 qua:
1700 5216 1869 5272 Rama
1928 5218 2127 5271 missos
2183 5219 2324 5288 lega-

755 5332 837 5371 tos
866 5315 1315 5382 complecteretur
1350 5330 1363 5365 :
1414 5309 1544 5377 Quae
1586 5310 1766 5380 igitur,
1809 5310 2079 5377 inquiunt,
2128 5308 2320 5363 utrius-

755 5424 857 5476 que
888 5408 1061 5478 partis
1092 5403 1322 5459 consilio
1355 5402 1575 5457 decreta
1610 5412 1759 5467 sunt,
1791 5416 1853 5454 ea
1890 5402 1973 5455 bis
2004 5401 2098 5455 tibi
2128 5402 2320 5457 litteris

756 5502 1111 5554 declaramus.
1151 5494 1402 5563 Apiarios
1431 5493 1502 5547 ob
1536 5492 1778 5561 quaedam
1820 5491 2047 5545 crimina
2081 5492 2149 5544 ab
2199 5492 2317 5559 epi-

759 5592 927 5655 ,ρορῖε
970 5588 1166 5643 Africae
1215 5594 1549 5654 segregatus,
1612 5581 1837 5637 Romam
1885 5581 2159 5651 profectus
2210 5592 2313 5638 est.

757 5684 811 5735 ιη
844 5679 1080 5734 Africam
1112 5691 1275 5747 porro
1338 5675 1597 5730 remissus
1643 5688 1673 5728 a
1725 5672 1887 5744 873
1924 5687 2080 5741 papa,
2164 5687 2224 5726 ea
2263 5674 2314 5726 in

757 5774 949 5836 suibus
979 5771 1324 5829 aberravcrat
1354 5766 1661 5826 conﬁtetur.
1692 5765 1946 5833 Quaedam
1977 5766 2121 5823 enim
2163 5764 2313 5822 illum

2430 4576 2761 4647 πραχθέντα,
2794 4577 2891 4628 καὶ
2928 4574 3379 4644 οίκονομηθέντα,
3426 4574 3695 4642 ἀναφέρει
3737 4572 3793 4624 δὲ
3825 4570 3999 4625 ταῦτα

2427 4667 2514 4720 διὰ
2581 4667 2829 4738 βραχέων
2870 4666 2991 4719 ἀντὶ
3026 4666 3119 4718 τοῦ
3175 4669 3476 4734 συντόμως,
3510 4664 3603 4716 καὶ
3633 4666 3691 4715 ἑν
3734 4664 3996 4733 ἑπιτομῇ,

2426 4757 2486 4807 οὑ
2531 4756 2637 4825 μὴν
2660 4756 2734 4819 ὡς
2781 4754 3137 4825 ἑπράχθησαν
3190 4755 3281 4807 διὰ
3318 4755 3700 4823 μακρηγορίας
3727 4754 3821 4805 καὶ
3876 4755 3999 4804 ἑπι-

2423 4849 2737 4916 τεταμένων
2785 4846 3159 4913 κυλισμάτων,
3217 4845 3385 4913 ἦγουν
3443 4840 3672 4915 μακρῶν
3732 4842 3997 4911 περιόδων

2427 4940 2519 4992 καὶ
2569 4938 2805 5007 στροφῆς
2862 4937 3055 5003 λόγων.
3133 4934 3454 5005 ’Λναφέρειν
3515 4934 3572 4987 δὲ
3613 4934 3761 5001 λέγει
3808 4934 3875 4985 τὰ
3929 4935 3993 5001 τῇ

2428 5034 2706 5099 ἑκατέρων
2761 5029 2985 5098 ὁμονοίᾳ
3041 5027 3451 5097 περατωθέντα.
3502 5026 3576 5078 T6
3627 5023 3683 5077 δὲ
3715 5024 3995 5094 ἑκατέρων

2426 5121 2519 5175 ἐπὶ
2546 5122 2640 5174 δύο
2673 5123 2895 5173 νοεῖται.
2934 5120 3027 5183 Εἰς
3065 5119 3159 5173 δύο
3197 5117 3290 5171 οὖν
3330 5118 3521 5188 μοίρας
3552 5116 3647 5169 καὶ
3694 5109 3839 5170 οὗτοι
3869 5116 3994 5177 τοὺς

2428 5216 2523 5283 τῆς
2554 5214 2768 5265 συνόδου
2794 5212 3005 5264 διεῖλον·
3038 5211 3173 5279 μίαν
3205 5210 3303 5279 μὲν
3336 5211 3435 5277 τὴν
3488 5209 3597 5261 τῶν
3624 5206 3685 5271 ἑξ
3719 5207 3988 5275 Ἀφρικῆς

2427 5306 2756 5367 ἑπισκόπων,
2776 5304 2967 5372 ἑτέραν
2988 5304 3049 5361 δὲ
3081 5302 3180 5373 τὴν
3207 5302 3315 5355 τῶν
3343 5303 3408 5354 ἑκ
3441 5299 3659 5369 Ῥώμης
3690 5299 3993 5351 σταλέντων

2423 5395 2830 5467 τοποτηρητῶν.
2884 5395 2953 5447 ’Δ
2985 5393 3137 5463 γοῦν,
3192 5392 3353 5462 φησι,
3380 5390 3515 5461 παρ’
3552 5390 3831 5461 ἑκατέρων
3882 5388 3994 5441 τῶν

2435 5490 2615 5559 μερῶν
2664 5487 2999 5559 ᾠκονόμητο,
3069 5483 3277 5555 φανερά
3334 5500 3434 5555 σοι,
3477 5479 3859 5551 παριστῶμεν.
3931 5480 3991 5533 '0

2440 5581 2717 5649 ’Δπιὰριος
2748 5579 2837 5633 διά
2864 5595 2987 5631 τινα
3020 5578 3319 5646 αίτιάματα
3341 5572 3657 5644 ὰφορισθεὶς
3684 5572 3838 5641 παρὰ
3878 5571 3990 5625 τῶν

2423 5675 2479 5726 ἑν
2502 5672 2735 5741 ’Δφρικῇ
2766 5670 3104 5732 ἑπισκόπων,
3153 5666 3399 5735 ἀπῆλθεν
3430 5666 3511 5725 είς
3548 5651 3788 5731 Ῥώμην.
3828 5660 3989 5712 ’Δνα-
4024 5687 4029 5690 -

2422 5764 2691 5828 τεμφθεὶς
2717 5762 2771 5816 δι
2803 5761 2950 5825 παρὰ
2979 5758 3073 5812 τοῦ
3107 5757 3307 5811 πάππα
3354 5756 3433 5819 είς
3459 5753 3748 5819 Ἀφρικὴν,
3781 5751 3993 5819 ὡμολό-
