4224 6440
240 427 335 494 Ml
1195 430 1279 491 IN
1302 430 1470 490 CAN.
1506 428 1762 494 CXXXV
1797 427 2009 491 CONC.
2041 429 2418 495 CARTHAG.
3368 438 3475 495 442

313 563 329 595 t
374 543 526 595 πόλει
578 542 678 611 τῆς
724 541 995 605 Βιθυνίας,
1035 544 1101 614 τῇ
1160 541 1405 615 ὑμετέρᾳ
1448 542 1642 614 ἀγάπῃ
1672 539 1884 598 ἀπε-Δ

1832 539 1884 598 Δ
1987 559 2006 591 t
2042 557 2161 610 qua:
2195 544 2461 614 Bithynia:
2492 544 2622 600 urbs
2653 553 2761 609 est,
2791 544 3009 609 habita,
3044 552 3242 601 vestra
3300 544 3476 600 chari-

308 651 327 683 ε
376 650 465 685 στε
477 634 688 700 ἱλαμεν.
723 650 743 684 s

1987 650 2007 684 ι
2038 634 2132 687 tati
2163 635 2428 690 misimus.
2456 653 2474 687 ι

504 724 771 780 Ἀττικοῦ
816 728 1538 791 Κωνσταντινουπόλεως.

1387 729 1538 791 istnc.
2337 727 2503 780 Attici
2554 726 3055 795 Constantinopolis.

247 834 261 865 ι
306 816 370 867 0i
420 817 514 883 τῆς
576 817 635 869 ἐν
687 816 887 886 Νικαίᾳ
944 818 1187 883 κανόνες,
1248 818 1430 882 καθὼς
1482 819 1631 887 παρὰ
1697 815 1809 873 τῶν

1805 833 1809 857 ν
1918 833 1938 868 ι
1983 815 2184 885 Synodi
2218 818 2452 873 Nicaeum
2496 833 2753 885 canones,
2808 818 3263 889 quemadmodum
3319 832 3347 871 a
3381 815 3473 870 Pa-

314 928 333 959 r
384 909 643 980 Πατέρων
698 910 1038 979 ὡρίσθησαν,
1094 911 1500 981 ἀπεστάλησαν,
1534 912 1805 982 ὠςέγρά-

1720 912 1805 968 »ά-
1991 927 2011 962 t
2046 910 2218 971 tribus
2242 912 2443 969 decreti
2467 920 2613 977 sunt,
2642 915 2949 979 mittuntur,
2983 919 3042 967 ut
3070 912 3388 981 scripsistis.

310 1019 330 1050 ι
370 1001 531 1069 eam.

245 1111 259 1143 t
313 1090 652 1159 Πιστεύομεν
686 1094 768 1154 εἰς
798 1092 894 1146 ινα
924 1094 1078 1158 Θεδν,
1115 1094 1337 1163 Πατέρα
1364 1096 1802 1164 παντοκράτορα,

1915 1109 1935 1143 t
1970 1089 2255 1146 Credimus
2286 1089 2339 1144 in
2371 1104 2537 1144 unum
2566 1090 2755 1152 Deum,
2786 1090 3001 1144 Patrem
3034 1089 3480 1157 omnipotentem,

313 1202 332 1234 ι
370 1183 584 1252 ὁρατῶν
601 1201 659 1235 τε
685 1185 777 1237 καὶ
799 1185 1048 1255 ἀοράτων
1072 1186 1321 1255 ποιητήν
1345 1184 1438 1238 καὶ
1452 1186 1531 1247 si;
1562 1186 1656 1239 Eva
1688 1186 1804 1239 Κύ-

2002 1200 2021 1233 ι
2060 1181 2351 1235 visibilium
2384 1181 2590 1247 pariter
2620 1190 2675 1235 et
2732 1180 3085 1235 invisibilium
3120 1180 3436 1235 Creatorem
3467 1197 3480 1233 :

313 1293 332 1325 ι
372 1292 485 1342 ρισν
500 1276 705 1344 Ἰησοῦν
717 1277 760 1328 Χ
770 1278 1066 1348 ριστὸν,τδν
1084 1278 1212 1331 Υιδν
1225 1276 1317 1330 τοῦ
1328 1275 1464 1331 Θεοῦ
1476 1279 1803 1347 γεννηθέντα

2001 1294 2019 1326 t
2056 1284 2109 1328 et
2146 1276 2197 1328 in
2229 1289 2391 1328 unum
2423 1274 2709 1328 Dominum
2733 1272 2920 1327 Jesum
2954 1274 3258 1338 Christum,
3279 1270 3479 1326 Filium

314 1383 331 1417 t
374 1368 437 1419 ἐκ
466 1366 558 1420 τοῦ
584 1370 786 1440 Πατρδς
808 1373 1095 1441 μονογενῆ,
1118 1372 1397 1425 τουτέστιν
1415 1372 1478 1423 ἐκ
1494 1370 1596 1439 τῆς
1618 1370 1803 1434 οὐσίας

1992 1386 2010 1419 ι
2047 1366 2163 1431 Dei,
2205 1376 2390 1421 natum
2422 1381 2487 1419 ex
2517 1365 2677 1421 Patre
2723 1366 3090 1435 unigenitum,
3142 1365 3249 1421 boe
3306 1375 3391 1422 est
3454 1378 3484 1417 e

311 1477 331 1509 ι
375 1459 471 1511 τοῦ
514 1462 753 1532 Πατρὺς,
791 1463 922 1516 Θεδν
968 1465 1031 1516 ἐκ
1059 1462 1216 1527 Θεοῦ,
1248 1462 1364 1532 φῶς
1388 1465 1452 1517 ἐκ
1474 1463 1806 1532 φωτδς,Θεὸν

2002 1476 2022 1508 ι
2061 1458 2367 1514 substantia
2412 1456 2611 1522 Patris,
2666 1456 2837 1512 Deum
2888 1472 2952 1511 es
3016 1456 3362 1522 Deo,lumen
3418 1470 3483 1509 ex

306 1567 327 1597 ε
374 1549 635 1619 ἀληθινὸν
658 1552 723 1605 ἐκ
746 1552 882 1606 Θεοῦ
900 1553 1177 1623 ἀληθινοῦο
1197 1553 1548 1622 γεννηθέντα,
1571 1554 1633 1606 οὐ
1653 1570 1808 1622 ποιη-

2001 1566 2019 1599 t
2053 1549 2279 1612 lumine,
2314 1548 2481 1603 Deum
2527 1563 2717 1603 verum
2762 1564 2827 1603 es
2875 1546 2987 1603 Deo
3035 1562 3189 1612 vero,
3240 1544 3486 1614 genitum

307 1658 326 1690 ι
373 1639 558 1693 θέντα·
616 1643 898 1712 δμοούσιον
944 1644 1021 1713 τῷ
1072 1645 1271 1715 Πατρίο
1320 1645 1389 1697 δι’
1433 1639 1494 1699 οὗ
1535 1647 1605 1698 τὰ
1634 1646 1808 1699 πάντα

1995 1659 2014 1693 ι
2045 1655 2148 1695 non
2206 1639 2431 1705 factum,
2464 1639 2977 1694 consubstantialem
3007 1638 3181 1698 Patri.
3204 1651 3300 1705 per
3325 1650 3486 1713 quem

312 1750 332 1782 ε
375 1733 618 1799 ἐγένετοο
645 1733 738 1786 τδν
780 1734 848 1787 δι’
878 1736 1028 1806 ἡμᾶς
1069 1736 1163 1789 καὶ
1193 1734 1292 1807 τὴν
1323 1737 1601 1807 ἡμετέραν
1630 1754 1808 1807 σωτη-

1986 1751 2005 1782 ε
2039 1732 2222 1787 omnia
2254 1731 2394 1785 facta
2431 1740 2597 1791 sunt:
2636 1731 2729 1801 qui
2752 1740 2976 1800 propter
3001 1746 3125 1797 nos,
3158 1740 3214 1784 et
3239 1736 3482 1784 nostram

315 1843 335 1875 ι
377 1824 502 1923 ρίαν
541 1825 894 1923 κατελθόντα,
948 1827 1324 1898 σαρκωθέντα,
1375 1830 1470 1882 καὶ
1537 1830 1809 1900 ἐνανθρω-
1837 1866 1881 1923 Β

1837 1866 1881 1923 Β
1996 1842 2015 1877 ι
2046 1824 2301 1888 salutem,
2358 1822 2663 1886 descendit,
2719 1822 3034 1875 incarnatus
3078 1829 3185 1887 est,
3215 1829 3272 1875 et
3326 1819 3489 1873 homo

314 1931 334 1964 ι
373 1915 648 1982 πήσαντα,
702 1915 966 1981 παθόντα,
1016 1918 1347 1981 ἀναστάντα,
1382 1919 1477 1972 καὶ
1512 1919 1807 1973 ἀνελθόντα
1837 1911 1880 1923 ’⁷

1837 1911 1880 1923 ’⁷
1998 1938 2015 1971 ι
2058 1918 2255 1983 laetus,
2292 1930 2487 1987 passus
2518 1924 2625 1978 est,
2660 1914 2988 1977 resurrexit,
3023 1921 3078 1968 et
3134 1913 3383 1967 ascendit
3428 1911 3484 1965 in

308 2022 328 2055 ε
369 2006 452 2063 εἰς
480 2004 606 2067 τοὺς
630 2004 912 2074 οὐρανοὺς,
936 2007 1036 2060 καὶ
1069 2010 1237 2061 πάλιν
1267 2010 1568 2080 ἐρχόμενον
1622 2011 1808 2080 κρῖναι

2003 2029 2023 2063 ι
2057 2011 2250 2075 caelos,
2283 2018 2337 2064 et
2370 2009 2564 2062 iterum
2596 2008 2777 2062 veniet
2798 2005 3044 2071 judicare
3070 2006 3220 2060 vivos
3252 2013 3308 2058 et
3334 2016 3479 2055 mor-

307 2111 331 2144 ε
378 2092 593 2157 ζῶντας
651 2108 746 2149 και
810 2096 1063 2166 νεκρούςι
1102 2098 1199 2150 καὶ
1237 2100 1319 2161 εις
1371 2098 1433 2151 τδ
1493 2098 1714 2165 Πνεῦμα
1748 2100 1810 2150 τὸ

1996 2122 2015 2156 ι
2060 2114 2215 2166 tuos;
2254 2110 2310 2156 et
2354 2102 2407 2153 in
2438 2100 2696 2165 Spiritum
2723 2109 2994 2153 sanctum.
3028 2096 3129 2163 Qui
3173 2106 3353 2149 autem
3397 2092 3484 2147 di-

308 2202 330 2233 ‹
374 2184 552 2251 άγιον.
611 2187 749 2249 Τοὺς
783 2186 839 2240 δέ
893 2189 1174 2256 λέγοντας,
1209 2185 1318 2243 Ἦν
1366 2190 1556 2259 καιρὸς
1594 2190 1683 2251 ὅτε
1710 2190 1807 2242 οὐκ

1983 2213 2001 2244 ι
2035 2203 2189 2255 cunt,
2234 2192 2375 2246 Erat
2402 2201 2613 2258 tempus
2644 2190 2858 2258 quando
2886 2202 2991 2241 non
3025 2194 3167 2249 erat,
3227 2194 3282 2240 et
3343 2184 3484 2247 quod

304 2296 326 2328 ε
375 2272 467 2347 ἦν,
494 2282 589 2331 καὶ
611 2280 693 2333 ὅτι
725 2280 820 2346 Ἐξ
848 2282 948 2335 οὐκ
967 2283 1135 2335 ὅντων
1184 2283 1423 2352 ἐγένετο,
1448 2284 1479 2353 ἢ
1524 2283 1582 2348 ἐξ
1613 2284 1804 2349 ἐτέρας

2001 2303 2020 2336 t
2060 2300 2126 2341 ex
2162 2299 2267 2337 non
2297 2283 2689 2337 exsistentibus
2752 2280 2924 2335 factus
2965 2290 3072 2345 est,
3128 2276 3213 2333 vel
3253 2291 3320 2332 ex
3379 2276 3484 2330 alia

307 2386 330 2418 ε
375 2369 750 2436 ὑποστάσεως,
800 2372 834 2442 ἢ
888 2374 1099 2440 οὐσίας,
1139 2374 1172 2445 ἢ
1217 2375 1474 2445 τρεπτὸν,
1506 2374 1539 2445 ἦ
1577 2374 1801 2427 ἀλλοιω-

1988 2397 2008 2430 ι
2047 2376 2349 2431 substantia
2384 2386 2477 2428 aut
2514 2374 2774 2439 essentia,
2804 2373 2888 2429 vel
2937 2372 3219 2427 mutabilis
3268 2382 3353 2429 est
3392 2381 3486 2426 aut

309 2480 330 2512 ε
376 2461 468 2515 τὸν
487 2464 578 2516 τὸν
608 2465 739 2520 Υἱδν
767 2465 859 2520 τοῦ
886 2467 1046 2521 θεοῦο
1068 2470 1194 2530 τοὺς
1237 2468 1509 2530 τοιούτους
1525 2468 1688 2523 άναθε
1698 2484 1773 2537 μα

1996 2492 2015 2527 ι
2046 2471 2421 2529 convertibilis
2448 2468 2543 2524 Dei
2568 2468 2770 2523 Filius:
2805 2466 2941 2521 tales
2979 2468 3242 2522 catholica
3274 2475 3330 2522 et
3352 2482 3484 2539 apo-

309 2572 329 2604 s
378 2556 518 2619 τίζει
548 2557 866 2628 ήκαθολικὴ
902 2561 997 2615 καὶ
1024 2562 1355 2634 άποστολικὴ
1404 2563 1721 2633 Ἐκκλησία.
1767 2578 1787 2612 s

1404 2563 1721 2633 Ἐκκλησία.
1767 2578 1787 2612 ι
2001 2583 2021 2617 ι
2054 2564 2245 2619 stolica
2274 2562 2517 2618 Ecclesia
2552 2561 2990 2615 anatltematizat.
3016 2576 3034 2610 ι

318 2647 451 2700 Ἰδοὺ
482 2649 578 2699 καὶ
606 2650 673 2703 τὰ
705 2650 796 2703 ῐσα
831 2651 927 2721 τῆς
955 2653 1011 2705 ἐν
1040 2652 1247 2726 Νικαῑᾳ
1277 2654 1520 2717 συνόδου⁹
1554 2654 1810 2723 άντιδλη·
1982 2660 1986 2712 1

1982 2659 2121 2713 Ecce
2147 2666 2202 2710 et
2242 2654 2572 2723 exemplaria
2610 2653 2800 2725 synodi
2829 2653 3062 2710 Nicena:
3116 2668 3238 2708 eum
3290 2653 3485 2709 arche-

236 2734 398 2788 θέντα
462 2738 601 2804 μετὰ
650 2738 760 2791 τῶν
807 2742 1250 2815 ἐναποκειμένων
1303 2746 1683 2818 πρωτοτύπων
1735 2748 1804 2815 τῇ

1910 2751 2053 2822 typis
2119 2750 2236 2804 sive
2274 2747 2680 2816 exemplaribus
2759 2746 3101 2817 primigeniis
3139 2746 3192 2800 in
3242 2745 3483 2800 Ecclesia

243 2827 551 2899 Ἐκκλησία
587 2832 982 2905 ’Δλεξανδρέων
1033 2838 1127 2890 καὶ
1168 2842 1235 2910 τῇ
1286 2839 1809 2895 Κωνσταντινουπό-
1908 2887 1911 2896 .

1908 2838 2275 2896 Alexandrina
2315 2840 2993 2907 etConstautinopolitana
3050 2839 3305 2908 repositis
3373 2839 3485 2892 col-

239 2927 397 2983 λεωςο
416 2921 511 2973 καὶ
536 2922 904 2990 βεδαιωθέντα
930 2930 1082 3000 παρὰ
1114 2929 1224 2984 τῶν
1251 2932 1570 2985 ἐπισκόπων
1604 2934 1805 2997 αὐτῶν,

1910 2932 2037 2999 lata,
2071 2935 2219 2989 etab
2275 2949 2463 2989 earum
2522 2935 2829 3002 episcopis,
2889 2934 3089 3005 Cyrillo
3147 2944 3204 2992 et
3280 2934 3486 2999 Attico,

242 3009 331 3063 τοῦ
358 3028 419 3063 τε
458 3013 725 3082 Κυρίλλου
754 3019 846 3072 καὶ
874 3018 969 3074 τοῦ
1014 3021 1287 3089 Ἀττικοῦ,
1309 3027 1375 3095 τῇ
1404 3024 1610 3095 συνόδῳ
1634 3024 1805 3095 ταύτῃ

239 3100 572 3155 ἐστάλησαν.
1337 3138 1345 3145 -

1404 3024 1610 3095 συνόδῳ
1634 3024 1805 3095 ταύτῃ
1908 3026 2235 3081 continuata
2282 3025 2410 3080 huic
2441 3026 2645 3081 svnodo
2678 3025 3056 3081 mittebantur.

239 3117 572 3171 εσταλησαν.

237 3215 514 3304 Ἀρχεται
656 3218 950 3304 ἐπιστολὴ
1008 3224 1118 3304 τῆς
1258 3228 1510 3304 Ἀφρικῇ
1537 3229 1806 3286 συνόδου
1836 3201 1878 3262 c

1836 3201 1878 3262 δ
1910 3225 2074 3298 675
2108 3224 2302 3295 Incipit
2326 3225 2542 3294 epistola
2575 3226 2766 3304 synodi
2786 3226 3055 3293 Africane
3071 3223 3138 3277 ad
3169 3222 3490 3279 Celestinum

376 3290 526 3353 πρὸς
566 3290 943 3349 Κελεστῐνονί
960 3290 1075 3364 τόγ’
1094 3290 1380 3353 ’.τάτταταῖ
1409 3290 1660 3370 meum.
1922 3290 2001 3298 ’⁷
2029 3290 2044 3297 ’

1251 3290 1380 3353 παῖ
1409 3290 1660 3370 Ῥῶμης.
1922 3290 2066 3298 ’⁷⁷
2227 3290 2238 3295 ⁷
2356 3290 2365 3294 ⁷
2472 3290 2669 3363 ραραίη
2720 3290 2919 3349 Roma.

312 3398 333 3430 ι
379 3382 622 3453 Δεσπότῃ
641 3386 908 3457 ἀγαπητῷ
930 3390 1023 3442 καὶ
1050 3392 1364 3460 τιμιωτάτῳ
1399 3392 1615 3461 ἀδελφῷ
1642 3393 1808 3447 Κελε-

1986 3404 2005 3439 ι
2049 3386 2276 3442 Domino
2325 3387 2521 3442 dilecto
2585 3401 2639 3441 et
2690 3387 2743 3442 in
2790 3388 2979 3458 primis
3041 3384 3335 3442 venerabili
3368 3382 3486 3438 fra—

236 3490 253 3521 ι
306 3474 471 3543 στίνῳ
504 3476 795 3547 Αὐρήλιος,
842 3483 1160 3546 Παλατῖνος,
1212 3485 1545 3547 Ἀντωνῖνος.
1581 3484 1804 3551 Τοῦτοςι

1922 3497 1941 3531 ι
1980 3480 2045 3534 tri
2105 3479 2379 3535 Celestino
2445 3480 2737 3543 Aurelius,
2802 3479 3105 3544 Palatinus,
3153 3479 3482 3541 Antoninus,

235 3583 255 3613 ι
304 3564 685 3634 ΣερσοῦςσΔέῖ,
746 3572 1030 3639 Τερέντιος
1066 3574 1160 3628 καὶ
1196 3577 1243 3628 oi
1270 3575 1447 3629 λοιποὶ
1469 3578 1516 3630 oi
1549 3578 1607 3629 ἐν
1659 3578 1805 3648 πάσῃ

1916 3590 1934 3623 ι
1964 3571 2160 3636 Tutus,
2210 3571 2563 3635 Servus-Dei,
2603 3572 2893 3627 Terentius
2948 3580 3003 3626 et
3058 3572 3265 3635 exteri,
3314 3570 3484 3638 quiin

236 3672 254 3703 ε
304 3660 372 3724 τῇ
404 3659 608 3728 συνόδῳ
637 3662 737 3729 τῆς
767 3664 1113 3733 Καρχηδόνος
1157 3667 1500 3739 εὑρεθέντις.

1916 3683 1935 3716 ι
1971 3664 2267 3719 universali
2325 3663 2743 3733 Carthaginensi
2796 3665 3006 3736 synodo
3039 3662 3428 3717 interfuerunt.
3462 3681 3482 3717 ι

237 3766 254 3795 ι
302 3746 598 3817 Ηύχόμεθα
632 3751 718 3804 τνα
743 3751 802 3804 ὃν
826 3754 1025 3821 τρόπον
1049 3758 1080 3818 ἡ
1132 3757 1197 3829 σὴ
1225 3759 1506 3825 άγιωσύνη
1538 3759 1662 3831 περὶ
1706 3758 1808 3828 τῆς

1916 3774 1934 3809 ι
1977 3757 2325 3827 Optarentus,
2371 3764 2430 3809 ut
2463 3759 2919 3825 quemadmodum
2965 3767 3055 3813 tua
3112 3758 3374 3811 sanctitas
3424 3756 3486 3811 de

310 3858 330 3891 ε
379 3844 678 3912 παρουσίας
707 3845 799 3899 τοῦ
816 3847 1099 3921 ’Δπιαρίου
1122 3852 1393 3924 χαρέντας
1423 3852 1567 3923 ὑμᾶς
1598 3851 1807 3922 ἐδήλω·

1995 3869 2014 3904 ι
2050 3850 2260 3920 Apiarii
2315 3851 2600 3920 praesentia
2654 3850 2865 3908 laetatos
2911 3866 3008 3907 vos
3070 3850 3261 3916 fuisse,
3299 3850 3481 3905 missis

310 3952 328 3984 ι
379 3949 460 3999 σε,
492 3938 833 4006 γραμμάτων
858 3941 1215 4011 πεμφθέντων
1242 3944 1328 3997 διὰ
1344 3942 1437 3997 τοῦ
1456 3944 1797 4017 συμπρεσδυ-

1985 3962 2005 3998 ι
2038 3959 2135 4016 per
2158 3943 2663 4015 compresbyterum
2711 3954 2955 3999 nostrum
3004 3942 3240 3999 Leonem
3289 3941 3489 3998 litteris

309 4044 329 4077 ι
378 4028 538 4097 τὲρου
556 4032 716 4099 ἡμῶν
737 4031 985 4098 ⁴λέοντος·
1008 4033 1149 4089 οὕτω
1165 4037 1259 4091 καὶ
1275 4038 1436 4108 ἡμεῖς
1454 4037 1660 4107 δμοίως
1681 4038 1810 4111 περὶ

2007 4055 2026 4090 ι
2069 4036 2412 4091 declaravit:
2474 4037 2550 4090 ita
2600 4044 2654 4092 et
2696 4052 2800 4092 nos
2846 4035 3097 4092 similiter
3129 4035 3194 4089 de
3238 4035 3484 4106 ejusdem

308 4142 327 4173 ι
377 4121 471 4176 τοῦ
527 4123 865 4195 καθαρισμοῦ
914 4126 1007 4180 τοῦ
1031 4128 1194 4183 αὐτοῦ
1250 4130 1319 4184 τά
1355 4131 1601 4203 παρόντα
1622 4132 1811 4203 γράμ-

1997 4146 2016 4180 t
2054 4129 2380 4199 purgatione
2412 4138 2710 4193 praesentes
2745 4128 2956 4183 litteras
2978 4142 3099 4183 cum
3136 4129 3332 4198 gaudio
3361 4128 3488 4181 mit-

307 4233 326 4265 ι
381 4231 529 4282 ματα
558 4216 693 4284 μετὰ
724 4218 899 4287 χαρᾶς
943 4216 1481 4291 άπεστείλαμεν.Ἠν
1509 4222 1617 4292 γάρ
1650 4222 1812 4293 δηλα-

2002 4230 2316 4276 iteremus.
2373 4219 2523 4274 Esset
2572 4219 2818 4290 profecto
2867 4230 2921 4275 et
2980 4230 3163 4274 nostra
3202 4228 3256 4275 et
3310 4228 3488 4275 vestra

308 4325 327 4357 ι
375 4306 443 4374 δὴ
481 4306 633 4376 καὶὴ
671 4308 918 4378 ἡμετέρα
956 4310 1103 4380 καὶὴ
1126 4313 1372 4382 ὑμετέρα
1396 4314 1676 4382 προθυμία
1709 4314 1809 4368 άσ-

2007 4332 2027 4365 ι
2071 4314 2329 4368 alacritas
2377 4312 2566 4376 tutior,
2616 4320 2665 4366 et
2700 4327 2800 4366 nec.
2835 4312 3240 4381 percontatoria
3278 4312 3486 4365 videre-

308 4417 327 4448 ι
378 4398 712 4466 φαλεστέρα,
769 4401 865 4452 καὶ
921 4402 1043 4454 οὐδὲ
1107 4404 1377 4475 πευστικὴ
1408 4406 1642 4477 ἐδόκειὴ
1677 4406 1809 4477 περὶ

2008 4425 2027 4459 ι
2073 4414 2182 4470 tur,
2214 4420 2333 4472 quae
2368 4406 2435 4458 de
2491 4419 2635 4457 nunc
2678 4404 2970 4467 audiendo,
3012 4418 3174 4470 quam
3208 4418 3328 4471 quae
3383 4414 3488 4455 tan-

308 4509 327 4540 ι
377 4488 473 4541 τοῦ
527 4490 711 4558 ἀκμὴν
768 4492 1059 4544 άκουστέου
1112 4494 1255 4564 ἥπερ
1328 4498 1404 4558 ὡς
1456 4499 1585 4567 περὶ
1639 4500 1806 4552 άκου·
1844 4547 1885 4567 ,ι

1844 4547 1885 4567 ἢ
2006 4517 2023 4550 ι
2062 4511 2222 4565 quam
2250 4498 2316 4550 de
2339 4496 2525 4551 audito
2564 4505 2938 4564 praecesserat.
2965 4495 3099 4551 Cum
3136 4511 3265 4564 ergo
3287 4498 3353 4548 ad
3393 4511 3488 4551 nos

309 4601 326 4631 ι
380 4547 1087 4651 σθέντος1πρσηγησαμένη.
1134 4547 1609 4657 ’Παραγενομ-όνου
1843 4547 1886 4602 D

1843 4547 1886 4602 ο
2010 4610 2026 4641 ι
2064 4591 2393 4644 accessisset
2437 4590 2819 4644 sanctissimus
2854 4589 3021 4643 frater
3046 4598 3101 4644 et
3131 4590 3488 4657 coepiscopus

311 4692 329 4723 ι
378 4673 512 4740 πρὸς
535 4673 681 4741 ἡμᾶς
713 4672 804 4726 τοῦ
850 4675 1159 4742 ἀγιωτάτου
1201 4677 1433 4746 ἀδελφοῦ
1464 4682 1559 4733 καὶ
1594 4699 1814 4735 συνεπιο

2010 4702 2029 4735 ι
2067 4691 2255 4736 ηοςιει·
2281 4664 2601 4747 Faustinus,
2631 4682 2900 4751 synodum
2935 4682 3251 4749 coegimus;
3283 4691 3336 4735 et
3370 4695 3486 4735 cre-

311 4784 329 4813 t
382 4764 591 4816 σκόπου
636 4765 796 4833 ἡμῶν
848 4768 1172 4830 Φαυστίνου,
1232 4770 1547 4841 συνήξαμεν
1596 4773 1813 4828 σύνοδον

2015 4795 2031 4827 ι
2068 4776 2306 4833 didimus
2340 4778 2514 4846 ipsum
2546 4787 2836 4845 propterea
2880 4791 3004 4830 cum
3065 4776 3155 4828 illo
3189 4791 3312 4829 esse
3362 4775 3490 4829 mis-

310 4874 329 4904 ι
382 4856 477 4907 καὶ
499 4856 900 4926 ἐπιστεύσαμεν
929 4858 1019 4912 διὰ
1048 4859 1205 4914 τοῦτο
1234 4863 1399 4915 αὑτὸν
1436 4864 1557 4930 μετ’
1602 4866 1810 4919 ἐκείνου

1807 4889 1810 4910 ›
2000 4888 2019 4920 ι
2058 4884 2201 4931 sum,
2230 4879 2287 4922 ut
2308 4870 2763 4938 quemadmodum
2795 4869 2966 4937 ipsius
2993 4868 3176 4922 studio
3209 4868 3475 4939 presbyte-

318 4965 337 4997 ι
386 4948 731 5016 πεμφθέντα,
746 4949 832 5002 ἵνα
854 4948 1041 5020 ὥσπερ
1058 4946 1212 5016 οὗτος
1228 4958 1293 5023 τῇ
1324 4956 1489 5009 αὑτοῦ
1516 4958 1716 5029 σπουδῇ
1735 4959 1812 5030 τῷ

2009 4978 2028 5011 ι
2071 4959 2151 5013 rio
2193 4969 2354 5014 antea
2402 4969 2522 5013 erat
2558 4960 2822 5023 redditus,
2857 4961 2936 5013 sic
2980 4970 3033 5012 et
3066 4974 3209 5013 nunc
3244 4958 3489 5024 ejusdem

313 5058 331 5088 ι
380 5039 764 5111 πρεσϐυτερίῳ
800 5042 1056 5112 ἀπεδόθη,
1083 5044 1338 5098 οὕτωκαὶ
1374 5046 1468 5099 νῦν
1497 5048 1698 5119 δυνηθῇ
1731 5050 1811 5120 τῷ

1994 5071 2011 5102 ι
2043 5066 2205 5121 opera
2232 5060 2415 5119 posset
2443 5068 2470 5105 a
2504 5060 2584 5106 tot
2607 5052 2930 5106 criminibus
2977 5052 3051 5106 illi
3099 5053 3150 5105 in
3176 5049 3488 5106 Tltabrace-

313 5149 330 5180 ι
388 5128 558 5181 αὐτοῦ
583 5130 735 5198 κόπῳ
753 5132 815 5181 ἐκ
828 5131 935 5182 τῶν
952 5133 1061 5185 ἀπὸ
1076 5134 1185 5186 τῶν
1202 5136 1260 5187 ἐν
1282 5135 1661 5205 Θαϐρακηναῖς
1682 5140 1811 5193 ὑπο-

2006 5162 2024 5195 ι
2062 5144 2151 5197 nis
2180 5142 2412 5211 objectis
2448 5145 2667 5214 purgari
2703 5163 2717 5199 :
2755 5146 2913 5215 eujns
2946 5154 3021 5199 tot
3072 5155 3127 5199 et
3164 5154 3270 5199 tam
3297 5161 3486 5215 magna

311 5245 328 5272 ι
377 5220 687 5289 ϐληθέντων
713 5221 985 5276 τοσούτων
1034 5225 1398 5296 ἐγκλημάτων
1432 5229 1807 5299 καταρθῆναιο

2011 5255 2028 5287 ι
2063 5236 2272 5289 scelera
2320 5245 2523 5289 nostra:
2566 5236 2753 5305 synodi
2812 5235 3103 5289 multitudo
3137 5250 3486 5304 percurrens,

314 5334 334 5364 ε
384 5306 597 5374 οὗτινος
627 5314 694 5365 τά
725 5314 964 5368 τοσαῦτα
1014 5318 1109 5371 καὶ
1136 5316 1280 5370 οὕτω
1323 5322 1653 5391 παμμεγέθη
1686 5324 1811 5375 ἀτο-

1992 5346 2009 5377 t
2047 5326 2297 5390 invenit,
2353 5334 2412 5380 ut
2479 5336 2532 5379 et
2593 5328 2878 5383 memorati
2936 5330 3341 5396 patrocinium,
3394 5344 3487 5397 po-

311 5428 327 5456 ε
376 5407 607 5473 πήματα
638 5405 670 5472 ἡ
702 5405 909 5473 πληθὺς
950 5408 1375 5477 καταδραμοῦσα
1407 5416 1507 5482 τῆς
1540 5416 1812 5484 ἡμετέρας

1995 5435 2011 5467 ι
2049 5416 2156 5470 tius
2201 5431 2365 5485 quam
2394 5416 2657 5482 judicium
2693 5456 2708 5479 ,
2766 5427 2822 5471 et
2881 5429 3133 5485 tanquam
3186 5418 3487 5482 defensoris

312 5516 331 5549 ι
383 5496 605 5549 συνόδου
659 5489 821 5566 εὗρεν
849 5500 928 5551 ὅτι
966 5501 1064 5553 ’καὶ
1096 5503 1189 5555 τοῦ
1224 5506 1685 5573 μνημονευθέντος
1714 5510 1811 5578 τὴν

1989 5528 2005 5557 ι
2046 5508 2307 5570 studium,
2348 5509 2527 5573 potius
2579 5524 2739 5575 quam
2778 5510 3074 5575 cognitoris
3107 5511 3373 5572 justitiam
3409 5514 3486 5565 vi-

315 5608 333 5640 t
383 5589 704 5657 πατρωνίαν
762 5592 962 5658 μᾶλλον
1014 5594 1156 5663 ἢπερ
1209 5599 1414 5665 κρίσιν,
1473 5599 1566 5650 καὶ
1609 5601 1704 5668 τὴν
1736 5601 1812 5663 ὡς

1995 5618 2012 5649 ι
2051 5599 2207 5652 cerit.
2262 5598 2502 5652 Primum
2533 5600 2678 5652 enim
2710 5602 3017 5670 totisynodi
3072 5602 3224 5656 valde
3268 5604 3484 5665 restitit.

312 5698 331 5729 ι
380 5680 597 5731 ἐκδίκου
662 5682 901 5751 σπουδὴν
957 5683 1156 5751 μᾶλλον
1190 5686 1335 5755 ἥπερ
1368 5687 1701 5756 διαγνώστω
1734 5691 1812 5743 δι-

1994 5712 2009 5742 ι
2048 5692 2231 5744 varias
2283 5692 2643 5746 contumelias
2705 5692 2963 5761 ingerens
2998 5732 3014 5756 ,
3077 5704 3329 5761 tanquam
3392 5695 3482 5765 qui

311 5790 329 5822 ι
377 5768 678 5841 καιοσύνην
713 5772 1129 5842 ύπερενίκησεν.
1158 5778 1378 5847 Πρῶτον
1400 5779 1499 5847 μὲν
1528 5781 1634 5852 γὰρ
1649 5784 1807 5836 ἀντέ-

1990 5803 2007 5835 t
2056 5767 2313 5838 Romanae
2400 5784 2655 5840 Ecclesia:
2720 5787 2999 5855 privilegia
3062 5788 3399 5852 defenderet,
3429 5799 3482 5845 et

304 5883 324 5916 ι
374 5880 477 5935 στη
509 5864 759 5936 μεγάλως
791 5867 939 5938 πάσῃ
968 5870 1035 5937 τῇ
1065 5868 1593 5944 συνόδςρ,διαφόρους
1626 5875 1809 5948 ὕϐρεις

1805 5897 1809 5935 τ
1999 5898 2015 5931 ι
2052 5879 2210 5935 vellet
2233 5878 2405 5950 ipsum
2430 5894 2457 5933 a
2487 5879 2641 5937 nobis
2664 5879 2715 5934 in
2748 5883 3185 5938 communionem
3215 5884 3425 5939 admitti
3457 5900 3473 5949 ;
