4224 6440
792 428 896 490 4ι3
2078 431 2351 491 ΪΗΕΟῙ).
2392 432 2460 489 Bl

2392 432 2786 490 BALSAMON
3917 433 4024 496 4H

869 561 887 590 ι
920 556 1082 608 quem
1121 550 1213 611 tua,
1267 542 1549 605 sanctitas,
1576 556 1701 596 cum
1730 541 2053 596 credidisset
2081 544 2357 611 appellare
2382 549 2431 605 Α

2353 562 2357 592 ε
2382 549 2431 605 Α
2537 561 2556 593 ι
2601 544 2896 610 ιπιφέριν,
2925 544 3124 596 ὡσανεὶ
3148 547 3214 596 τὰ
3243 544 3553 614 πριδιλέγια
3579 546 3675 613 τῆς
3709 545 4021 615 Ῥωμαῖκῆς

867 652 884 680 ε
919 633 1058 699 quod
1084 633 1304 701 quidem
1339 632 1574 699 probare
1624 647 1731 684 non
1758 632 1953 699 potuit,
1984 634 2348 687 communioni
2528 654 2535 679 ‹

2528 651 2547 681 ι
2609 634 2930 700 ἐκκλησίας
2978 636 3281 697 διεκδικῶν,
3341 637 3432 688 καὶ
3467 635 3635 687 θέλων
3683 638 3846 688 αὐτὸν
3881 639 4020 706 ¹παρ’

861 743 878 773 ι
930 725 1211 779 restituit:
1263 724 1365 778 hoc
1419 733 1596 777 tamen
1639 724 1689 776 ei
1735 736 1842 776 non
1891 725 2174 791 processit,
2206 726 2348 791 quod

2346 732 2348 773 ι
2530 741 2547 771 ι
2590 725 2745 790 ἡμῶν
2764 726 2841 782 ei;
2867 725 3148 775 κοινωνίαν
3176 723 3452 791 δεχθῆναι,
3482 724 3542 775 δν
3563 726 3595 792 ὴ
3626 726 3692 793 σὴ
3727 728 4014 796 ἁγιωσύνῃ

861 836 877 864 ι
912 816 1091 868 adhuc
1117 832 1180 869 ex
1208 826 1450 869 actorum
1500 815 1728 870 lectione
1764 815 1959 869 melius
2011 816 2347 885 cognoveris.
2528 844 2529 849 η

2528 830 2544 860 ι
2594 813 2926 864 πιστεύσασα
2989 814 3359 875 ἑκκαλεῐσθαι,
3419 814 3557 883 ὅπερ
3607 816 4017 879 ἀποδεῖξαιοὺκ

859 924 876 953 ι
918 904 1190 959 Triduano
1215 907 1359 959 enim
1391 915 1537 959 moto
1588 906 2110 974 lahorinsojudicio,
2156 907 2207 958 in
2242 920 2350 972 quo

2528 920 2545 949 ι
2596 903 2851 971 ἠδυνήθη.
2876 907 2940 971 τῇ
2976 905 3229 973 κοινωνίᾳ
3272 906 3611 957 ἀποδέδωκεν
3633 919 3650 933 °
3674 908 3822 974 ὅμως
3854 903 4021 976 ἦττον

863 1016 880 1044 ι
926 996 1164 1057 diversa,
1222 1010 1344 1063 qua:
1396 997 1445 1049 ei
1515 996 1953 1072 objicieliantur,
2012 996 2347 1049 aﬂlictissimi
2526 1016 2531 1037 ‹

2526 1011 2544 1041 ι
2602 994 2748 1060 αὐτῷ
2777 993 2934 1045 τοῦτο
2962 982 3255 1060 ἐξεγένετο,
3278 997 3414 1063 ὅπερ
3445 996 3527 1048 ἔτι
3555 997 3662 1066 μὴν
3684 1000 3749 1066 τῇ
3769 997 4019 1063 ἀναγνῶ-

859 1105 874 1132 .
915 1084 1314 1149 quarebamus.
1350 1085 1489 1136 Deus
1516 1085 1700 1152 justus
1738 1084 1924 1150 judex,
1954 1086 2108 1140 fortis
2131 1095 2187 1140 et
2220 1087 2347 1139 lon-
2525 1106 2527 1123 ι

2525 1099 2542 1129 ι
2591 1098 2672 1133 σει
2705 1100 2813 1134 των
2845 1086 3247 1152 πεπραγμένων
3270 1087 3592 1153 κρειττόνως
3619 1088 3821 1155 γνοίης.
3844 1089 4020 1158 τριη-

860 1192 878 1223 σ
918 1174 1175 1240 ganimis,
1221 1184 1278 1227 et
1306 1173 1614 1241 coepiscopi
1648 1176 1823 1228 nostri
1855 1174 2100 1228 Faustini
2133 1176 2347 1229 dilatio-
2522 1194 2528 1218 ι

2522 1190 2540 1220 ι
2586 1173 2753 1242 μέρου
2820 1177 3006 1241 μέντοι
3038 1176 3193 1242 δίκης
3237 1178 3330 1227 ὀπὶ
3387 1176 3589 1244 μόχθου
3674 1176 4016 1246 κινηθείσης,

864 1282 880 1309 σ
927 1277 1043 1324 nes,
1073 1272 1127 1315 et
1160 1262 1332 1329 ipsius
1391 1263 1596 1329 Apiarii
1651 1262 2001 1318 frustatorias
2028 1266 2081 1317 in
2112 1264 2345 1318 dicendo
2521 1282 2532 1311 ι

2521 1282 2540 1311 ε
2583 1265 2640 1314 ὲν
2669 1266 2777 1333 ὅσῳ
2804 1268 2871 1318 τά
2896 1266 3129 1334 διάφορα
3180 1268 3258 1335 τῷ
3280 1267 3429 1332 αὐτῷ
3453 1266 3834 1333 ὑποϐληθέντα
3885 1284 4018 1318 σον-

864 1374 880 1401 .
920 1355 1420 1420 tergiversationcs,
1472 1356 1673 1423 quibus
1706 1354 1946 1409 nefarias
2001 1370 2129 1410 suas
2184 1355 2346 1422 turpi-
2522 1372 2532 1401 ι

2522 1372 2541 1401 ι
2588 1354 2897 1421 τριὸὀμενοι
2930 1355 3250 1424 ἐζητοῦμεν.
3286 1360 3315 1408 ὀ
3347 1355 3481 1418 Θεδς
3507 1356 3535 1407 ὀ
3567 1356 3770 1417 δίκαιος
3799 1356 4017 1424 κριτὴς,

860 1463 876 1490 ι
920 1446 1129 1499 tudine:
1178 1445 1356 1500 velare
1409 1448 1732 1510 conabatur;
1773 1461 1970 1515 magno
2023 1447 2345 1512 compendio
2521 1464 2528 1492 ‹

2521 1462 2539 1493 ι
2582 1446 2608 1494 ὀ
2642 1446 2858 1513 ίσχυρὸς
2891 1449 2982 1499 καὶ
3038 1448 3411 1516 μακρόθυμος,
3466 1447 3567 1507 τάς
3621 1463 3681 1497 τε
3733 1448 4021 1516 καρολκὰς

862 1555 874 1577 υ
913 1537 1245 1602 amputavit;
1288 1536 1515 1591 molesta
1558 1539 1763 1591 scilicet
1812 1548 1866 1591 et
1898 1538 2055 1605 longe
2110 1536 2346 1590 fuetidis-
2521 1554 2530 1583 ι

2521 1552 2541 1583 ι
2581 1534 2674 1587 τοῦ
2719 1539 3116 1589 συνεπισκόπου
3173 1540 3331 1607 ἡμῶν
3393 1538 3715 1599 Φαυστίνου,
3780 1539 3877 1590 καὶ
3918 1537 4022 1600 τὰς

857 1643 876 1674 ι
917 1625 1049 1677 sima
1092 1623 1462 1680 obstinatione
1516 1641 1826 1694 compressa
1853 1666 1869 1689 ,
1931 1628 2345 1695 negationisque
2519 1645 2525 1670 ‹

2519 1642 2538 1672 ι
2582 1625 2908 1693 τριψεργίας
2932 1626 3026 1678 τοῦ
3056 1627 3219 1680 αὑτοῦ
3265 1627 3571 1693 Ἀπιαρίου,
3620 1623 3712 1689 αἷς
3756 1629 3860 1683 τὰς
3886 1629 4020 1680 ἀθε-

856 1733 874 1764 ι
912 1714 1267 1781 impudentia,
1311 1731 1406 1784 per
1428 1731 1588 1783 quam
1628 1727 1834 1769 tantum
1865 1718 2198 1785 voluptatum
2227 1732 2341 1771 ραι·
2519 1736 2524 1758 ε

2519 1730 2538 1760 ι
2586 1714 2772 1779 μίτους
2790 1715 2959 1765 αὑτοῦ
2984 1717 3354 1785 αἰσχρότητας
3393 1717 3743 1784 συγκαλύψαι
3781 1718 4020 1785 ἐπηρεί-

856 1822 875 1853 ι
917 1820 1041 1855 num
1073 1804 1305 1859 obruere
1354 1805 1589 1859 volebat.
1624 1806 1759 1859 Cum
1794 1808 1940 1859 enim
1992 1807 2133 1860 Deus
2161 1816 2343 1860 noster
2376 1868 2417 1922 Β
2518 1824 2524 1851 ι

856 1912 873 1922 ι
910 1896 1022 1922 Αἰ..-
1061 1897 1441 1922 ΔλαιρρῖΑ-ιΙξΑ-
1497 1897 1549 1922 ξ-
1588 1898 1865 1922 -..-..,.ιζ--
1911 1898 2215 1922 ΔΑΑΙ.--ἒ---ο
2292 1905 2339 1922 ,ι
2520 1916 2524 1922 λ

2376 1868 2417 1922 Β
2518 1822 2536 1853 ι
2583 1803 2723 1865 δετο,
2783 1807 2996 1876 μεγάλῃ
3041 1808 3304 1877 συντομία
3343 1808 3528 1876 ἔτεμε,
3583 1808 3683 1873 τῆς
3718 1808 4023 1885 σικχαντῆς

2520 1911 2537 1922 ι
2587 1894 2783 1922 2-1-IL
2817 1899 2907 1922 ..-Χ
2965 1898 3372 1922 ι.....ι-..,ι-..-
3416 1898 3683 1922 s------.a-
3735 1913 3990 1922 ..__.-._

854 1912 873 1944 ι
908 1896 1024 1962 ejus
1058 1897 1445 1950 conscientiam
1497 1897 1551 1950 in
1587 1898 1868 1965 angustias
1907 1898 2240 1955 deduxisset.
2290 1905 2344 1949 et
2377 1894 2417 1922 ¹³
2520 1918 2522 1933 ι

2377 1894 2417 1922 ¹³
2520 1911 2537 1941 ι
2586 1894 2784 1961 δηλαδὴ
2817 1899 2912 1947 καὶ
2962 1898 3372 1964 δυσωδεστέρας
3414 1898 3683 1965 ἐπιμονῆς
3735 1913 4024 1965 καταργηο

854 2006 871 2037 ι
909 2004 1029 2055 qua:
1062 1990 1275 2041 occulta
1326 1998 1482 2043 erant
1519 1990 1574 2042 in
1606 1992 1770 2043 corde
1811 2000 2052 2057 peccata,
2089 2000 2342 2056 tanquam

2522 2002 2540 2032 ι
2590 1984 2791 2049 θείσης,
2845 1988 2940 2038 καὶ
2995 1988 3092 2055 τῆς
3156 1990 3545 2055 ἀναισχυντίας
3574 1989 3672 2055 τῆς
3705 1992 4019 2057 ἀρνήσεως,

848 2094 869 2127 ι
909 2082 961 2131 in
990 2080 1279 2132 criminum
1317 2094 1475 2133 emno
1527 2081 1638 2147 jam
1669 2082 2054 2143 condemnata,
2091 2081 2344 2136 omnibus

2528 2093 2545 2124 ι
2592 2076 2659 2127 δι’
2709 2072 2777 2145 ἧς
2832 2078 2942 2129 τῶν
3019 2078 3291 2131 τοσούτων
3359 2079 3564 2147 ἡδονῶν
3615 2079 3707 2130 τὸν
3752 2078 4023 2149 βόρϐορον

843 2186 863 2219 ι
900 2170 1064 2222 etiam
1103 2170 1417 2223 hominibus
1446 2171 1804 2238 publicasset,
1856 2181 2081 2240 repente
2114 2171 2182 2225 ad
2215 2186 2345 2225 con-
2418 2238 2421 2241 _

2418 2238 2421 2241 _
2520 2182 2537 2212 ι
2587 2166 2835 2219 ἐϐούλετο
2863 2168 3254 2226 καταδυθίσαι.
3287 2168 3393 2220 Τοῦ
3427 2169 3533 2238 γὰρ
3568 2168 3701 2221 Θεοῦ
3732 2169 3892 2239 ἡμῶν
3918 2169 4021 2238 τὴν

852 2277 873 2311 ι
915 2261 1207 2315 fessionem
1260 2262 1502 2316 omnium
1550 2261 1652 2314 sibi
1688 2260 2018 2329 objectorum
2052 2261 2339 2315 criminum
2519 2285 2520 2297 ι

2519 2275 2537 2305 ι
2584 2258 2886 2327 συνείδησιν
2941 2260 3107 2313 αὐτοῦ
3154 2260 3685 2328 αενοχωρὴσαντος.
3736 2262 3831 2311 καὶ
3864 2260 3937 2313 τὰ
3960 2262 4020 2313 ιν

848 2368 867 2400 ι
907 2350 1277 2405 fraudulentus
1330 2351 1601 2405 inficiator
1657 2352 1838 2418 erupit
1864 2391 1879 2414 ,
1909 2361 1963 2404 et
2000 2352 2084 2403 vix
2125 2352 2341 2404 tandem

2516 2366 2535 2397 ι
2582 2351 2871 2419 τῇικαρδίᾳ
2900 2351 3138 2419 κρυπτὰ,
3183 2351 3260 2413 ὡς
3289 2353 3345 2403 ιν
3387 2351 3494 2403 ίλύῖ
3517 2350 3625 2403 τῶν
3647 2352 4020 2421 ἐγκλημάτων

851 2460 867 2491 ι
909 2441 1149 2494 omnium
1182 2442 1579 2495 incredibilium
1611 2442 1931 2508 probrorum
1962 2440 2079 2509 ipse
2099 2443 2339 2508 scipsum

2520 2458 2537 2489 ι
2581 2441 2679 2508 ηδη
2715 2442 3239 2510 καταδεδικασμινα.
3299 2444 3466 2494 πᾶσιν
3503 2442 3586 2493 ἔτι
3648 2441 3757 2509 μιν
3789 2444 3902 2504 τοῖς
3926 2442 4022 2493 ἀν-

848 2550 866 2580 ι
903 2547 997 2583 sua
1032 2541 1225 2600 sponte
1255 2533 1434 2601 arguit
1462 2548 1476 2595 ;
1510 2544 1565 2585 et
1601 2529 1772 2599 ipsam
1793 2532 2041 2582 similiter
2069 2546 2216 2597 spem
2244 2543 2343 2583 no-

2519 2550 2537 2580 s
2587 2532 2821 2599 θρώποις
2843 2532 3323 2601 δημοσιεύσαντος,
3352 2532 3637 2599 αἰφνιδίως
3686 2534 3769 2594 είς
3817 2534 4019 2599 ὁμολο-

844 2642 861 2672 σ
901 2637 1093 2687 stram,
1116 2624 1393 2692 euiipsnm
1418 2625 1867 2677 commiseramus
1884 2623 2263 2683 etorabamus,
2282 2632 2341 2675 ut

2521 2642 2538 2671 ι
2586 2622 2706 2687 τίαν
2740 2624 2956 2676 πάντων
2995 2623 3413 2692 ὐποδληθέντων
3456 2622 3603 2690 αὐτῷ
3644 2623 4021 2690 εγκλημάτων

848 2732 865 2763 ι
909 2729 937 2766 a
964 2725 1070 2766 tam
1100 2715 1363 2780 pudendis
1387 2714 1613 2767 maculis
1636 2721 1818 2780 posset
1842 2713 2079 2779 purgari,
2112 2726 2341 2765 conver-

2517 2730 2535 2761 ι
2588 2714 2615 2763 ὀ
2635 2712 2804 2774 δόλιος
2833 2712 3066 2781 ἀρνητδς
3097 2712 3382 2784 ὀξέρρηξε,
3403 2714 3497 2765 καὶ
3530 2714 3682 2782 μόλις
3709 2716 3841 2765 ποτε
3885 2716 4022 2783 περὶ

846 2826 863 2855 ι
911 2807 971 2858 tit
1000 2806 1053 2859 in
1082 2806 1259 2859 luctus
1292 2824 1303 2856 :
1338 2807 1439 2859 nisi
1466 2809 1607 2873 quod
1638 2806 1776 2858 hanc
1804 2816 2040 2857 nostram
2066 2806 2339 2857 tristitiam

2519 2820 2536 2851 ι
2586 2805 2803 2856 πάντων
2850 2805 2960 2857 τῶν
3004 2806 3286 2858 ἀπιθάνων
3331 2804 3553 2857 ὀνειδῶν
3626 2806 3817 2858 ἑκοντὶ
3850 2808 4021 2869 αὐτὸς

848 2918 864 2947 ι
909 2912 1016 2950 uno
1047 2912 1219 2963 eoque
1276 2897 1392 2949 solo
1438 2897 1634 2949 solatio
1681 2897 1964 2963 mitigavit,
2002 2895 2143 2961 quod
2172 2894 2338 2947 etiam

2517 2912 2534 2942 ι
2577 2894 2769 2946 ἑαυτὸν
2800 2896 3047 2963 ῆλεγεεν,
3073 2900 3162 2949 καὶ
3181 2896 3351 2964 αὐτὴν
3379 2898 3584 2965 δμοίως
3606 2897 3706 2966 τὴν
3736 2900 4021 2969 ἡμετέραν

852 3010 869 3039 ο
913 3007 1009 3045 nos
1077 3007 1104 3041 a
1187 2991 1439 3043 mmroris
1498 3001 1757 3057 perpetuo
1808 2991 1996 3042 labore
2054 2989 2334 3050 liberavit!,
2516 3004 2520 3024 <

2516 2998 2533 3029 ι
2583 2983 2792 3045 ἐλπίδα,
2843 2979 2985 3056 ᾗτινι
3039 2986 3131 3037 καὶ
3212 2985 3620 3053 ιπιστεύσαμεν
3668 2986 3856 3049 αὑτὸν,
3921 2990 4021 3041 καὶ

845 3102 862 3129 ι
902 3094 955 3133 et
1014 3082 1130 3135 suis
1180 3083 1519 3144 vulneribus,
1557 3082 1770 3134 etiamsi
1806 3082 2003 3134 inritus
2037 3090 2090 3133 et
2125 3081 2337 3146 propria

2519 3090 2536 3121 ι
2583 3073 2862 3139 ηὐχόμεθα
2887 3076 2951 3126 ἐκ
2976 3075 3083 3127 τῶν
3146 3075 3319 3137 οὕτως
3354 3077 3765 3143 ὀπαισχυντέων
3807 3079 4021 3131 σπίλων

849 3188 866 3219 ι
903 3174 1241 3236 repugnante
1302 3170 1640 3222 conscientia
1699 3171 2008 3233 confessus,
2068 3169 2408 3263 medelamc

2364 3206 2408 3263 ο
2520 3178 2538 3209 ι
2585 3160 2845 3215 δύνασθαι
2875 3162 3240 3232 καθαρθῆναι,
3280 3166 3648 3235 μετέστρεψεν
3680 3170 3761 3229 είς
3793 3186 4025 3236 στεναγ-

848 3280 865 3309 ι
903 3264 1339 3327 qualemcunque
1376 3260 1629 3328 providit,
1671 3260 1885 3313 domine
1918 3259 2106 3313 frater.
2138 3258 2193 3311 In
2224 3260 2335 3326 pri-
2365 3250 2407 3263 “

2365 3250 2407 3263 “
2518 3269 2536 3301 t
2588 3250 2719 3319 μούς
2743 3266 2756 3280 ⁸
2783 3255 2830 3305 εί
2862 3254 2937 3321 μὴ
2955 3255 3034 3306 ὅτι
3053 3255 3255 3322 ταύτην
3290 3256 3447 3323 ἡμῶν
3474 3258 3572 3326 τὴν
3599 3257 3780 3327 λύπην
3805 3261 3907 3330 μιᾷ
3924 3263 4014 3314 καλ

843 3370 860 3401 ι
900 3354 1000 3405 mis
1034 3367 1159 3418 ergo
1213 3350 1391 3404 ofﬁcio
1446 3350 1640 3404 debita:
1692 3351 2060 3403 venerationis
2092 3350 2333 3417 impleto,

2517 3358 2536 3389 ι
2580 3341 2711 3411 μόνῃ
2731 3344 3055 3413 παραμυθίᾳ
3081 3348 3481 3413 κατεπράϋνεν,
3503 3348 3584 3400 ὅτι
3620 3354 3714 3401 καὶ
3740 3351 3889 3417 ἡμᾶς
3923 3351 4019 3405 τοῦ

838 3461 855 3491 ι
898 3442 1167 3507 supplices
1204 3442 1459 3508 petimus,
1487 3456 1552 3493 ne
1582 3441 1839 3506 deinceps
1863 3441 1925 3492 ad
1948 3450 2158 3494 vestras
2176 3455 2336 3494 aures

2518 3450 2536 3480 ι
2584 3432 2817 3501 ὀδυρμοῦ
2836 3434 2929 3485 τοῦ
2962 3434 3242 3502 διηνεκοῦς
3272 3437 3519 3504 καμάτου
3584 3438 3883 3505 εὐλύτωσε,
3924 3444 4020 3495 καὶ

844 3552 861 3581 ι
901 3546 1014 3593 eos,
1043 3534 1132 3597 qui
1191 3531 1317 3583 hinc
1346 3531 1606 3593 veniunt,
1648 3529 1808 3581 facile
1838 3530 2140 3582 admittatis
2184 3548 2196 3583 :
2234 3544 2335 3583 nec

2518 3540 2537 3573 ι
2584 3526 2693 3583 τοῖς
2749 3523 2897 3583 ίδίοις
2936 3524 3248 3591 τραύμασιν
3295 3526 3593 3593 ὀτεδήποτε
3631 3529 3807 3593 ίασεν,
3842 3532 3891 3581 εί
3921 3533 4019 3585 καὶ

844 3640 860 3668 ι
904 3622 993 3688 qui
1048 3635 1075 3671 a
1137 3619 1296 3671 nobis
1356 3619 1810 3670 excommunicati
1849 3619 2067 3680 fuerint,
2106 3619 2156 3670 in
2187 3634 2333 3672 com-

2518 3632 2536 3663 ι
2584 3614 2850 3674 ἀκουσίως
2867 3615 3070 3675 καὶτῆς
3096 3615 3231 3677 ιδίας
3256 3616 3615 3685 συνειδήσεως
3639 3621 4019 3690 ἀντιμαχομέ-

845 3729 863 3760 ι
911 3711 1219 3762 munioncm
1281 3707 1461 3761 velitis
1521 3707 1661 3759 ultra
1723 3706 1987 3774 recipere.
2050 3706 2179 3759 Nam
2231 3709 2334 3761 hoc

2518 3724 2534 3755 ι
2584 3722 2677 3773 νης
2706 3703 3043 3771 ὁμολογήσας
3078 3707 3469 3775 προενοήσατο,
3503 3708 3657 3777 κύριε
3690 3711 3909 3777 ἀδελφέ.
3931 3713 4018 3767 Ἑν

842 3820 860 3852 ι
901 3816 1114 3869 quoque
1164 3801 1214 3854 in
1273 3798 1487 3853 Nicaeua
1561 3800 1766 3867 synodo
1818 3797 2094 3851 definitum
2148 3809 2330 3851 vestra

2518 3814 2534 3844 ι
2594 3796 2851 3863 προφάτῳ
2869 3796 3048 3846 τοίνυν
3071 3796 3162 3848 τοῦ
3186 3798 3518 3866 καθήκοντος
3536 3799 3633 3865 τῆς
3662 3801 4019 3872 ὀφειλομένης

842 3911 859 3937 ε
900 3891 1055 3944 facile
1107 3891 1347 3943 inveniet
1408 3890 1713 3943 beatitudo.
1769 3886 1822 3942 Si
1883 3888 2025 3941 enim
2078 3889 2237 3941 etiam
2266 3890 2331 3942 de

2518 3903 2534 3933 ι
2580 3886 2995 3953 προσκυνήσεως
3041 3886 3511 3955 ἐκπληρουμένου,
3550 3890 3891 3959 ίκετεύομεν,
3931 3895 4018 3945 ἵνα

844 4003 862 4031 ε
908 3981 1257 4035 inferioribus
1289 3981 1506 4034 clericis
1539 3988 1594 4034 et
1620 3980 1771 4034 laicis
1796 3979 1903 4032 illic
1936 3982 2145 4032 servari
2178 3979 2330 4033 vide-

2517 3995 2534 4025 ι
2583 3976 2673 4027 τοῦ
2696 3976 2879 4028 λοιποῦ
2907 3976 3040 4045 πρὸς
3057 3977 3154 4039 τὰς
3188 3979 3458 4049 ὑμετέρας
3476 3980 3645 4044 ἀκοὰς
3675 3982 3799 4045 τοὺς
3831 3987 4021 4039 ἐντεῦ-

842 4094 860 4120 ο
899 4084 1019 4136 tur;
1072 4072 1171 4124 hoc
1201 4070 1314 4121 vult
1348 4070 1517 4123 multo
1569 4069 1744 4137 magis
1772 4069 1932 4119 etiam
1962 4068 2027 4121 de
2065 4067 2333 4134 episcOpis

2519 4087 2537 4117 ι
2582 4069 2672 4119 θεν
2708 4071 3175 4135 παραγινομένους
3229 4070 3469 4139 εὐχερῶς
3517 4074 3592 4140 μὴ
3620 4076 4016 4145 προσδέχησθε·

839 4182 858 4211 ι
902 4162 1127 4215 servari.
1164 4160 1330 4229 676
1356 4158 1430 4214 Ne
1461 4174 1610 4227 ergo,
1649 4158 1741 4227 qui
1770 4158 1827 4211 in
1860 4157 2078 4225 propria
2109 4158 2329 4225 provin-

2515 4176 2533 4208 ι
2579 4158 2709 4225 μηδὲ
2736 4160 2861 4219 τοὺς
2892 4158 3019 4227 παρ’
3047 4160 3208 4226 ἡμῶν
3229 4160 3752 4229 ὀποκοινωνητέους,
3784 4168 3866 4228 είς
3906 4186 4018 4221 κοι-

802 4260 805 4263 ·
843 4274 859 4303 ι
896 4256 976 4306 cia
1010 4268 1038 4305 a
1071 4254 1454 4305 communione
1496 4252 1747 4319 suspensi
1783 4258 1928 4309 sunt.
1960 4262 1987 4300 a
2015 4258 2104 4301 tua
2129 4247 2334 4301 sancti-

2518 4269 2534 4299 ι
2586 4251 2783 4302 νωνίαν
2814 4250 2906 4302 τοῦ
2934 4250 3121 4303 λοιποῦ
3158 4251 3423 4319 θελήσητε
3476 4252 3754 4318 δέξασθαι.
3797 4258 4013 4329 Ἐπειδὴ

840 4365 857 4394 ο
898 4356 1024 4409 tate,
1061 4345 1237 4397 dedita
1266 4358 1455 4411 opera,
1506 4352 1560 4394 et
1594 4352 1650 4394 ut
1685 4355 1788 4392 non
1823 4348 2058 4407 oportet,
2088 4354 2330 4393 commu-

2514 4358 2531 4389 ι
2574 4340 2729 4392 τοῦτο
2757 4341 2849 4392 καὶ
2874 4343 2937 4410 τῇ
2972 4343 3028 4393 ἐν
3060 4341 3265 4409 Νικαίᾳ
3296 4342 3499 4410 συνόδῳ
3527 4344 3746 4412 ὁρισθὲν
3776 4348 4016 4416 εὐχεριὴ

839 4458 858 4489 ι
897 4438 1045 4491 nioni
1082 4436 1316 4490 restituti
1378 4432 1687 4487 videantur.
1746 4428 2197 4498 Presbyterorum
2230 4442 2329 4478 au-

2515 4450 2533 4480 t
2576 4430 2765 4499 εὕροιή
2796 4431 2860 4499 σὴ
2884 4431 3263 4499 σεδασμιότης.
3291 4432 3351 4483 El
3371 4432 3478 4499 γὰρ
3508 4436 3604 4486 καὶ
3631 4436 3758 4503 περὶ
3778 4440 4015 4487 κατωτέο

842 4552 857 4580 ι
893 4543 999 4583 tem
1050 4528 1301 4583 similiter
1362 4535 1417 4578 et
1473 4522 1921 4588 consequentium
2003 4517 2326 4570 clericorum
2367 4541 2413 4597 ο

2367 4541 2413 4597 D
2516 4540 2533 4569 ι
2583 4536 2692 4586 ρων
2718 4518 2996 4585 κληρικῶν
3040 4519 3132 4570 καὶ
3188 4519 3318 4585 περὶ
3375 4517 3582 4573 λαῖκῶν
3621 4522 3871 4587 φαίνεται
3902 4525 4017 4574 ἐκεῖ

834 4643 853 4671 ‹
896 4623 1240 4690 impudentes
1295 4619 1471 4683 fugas,
1536 4626 1592 4667 ut
1655 4625 1705 4665 te
1734 4611 1955 4680 dignum
2009 4618 2115 4671 est,
2151 4620 2332 4674 perse—

2513 4629 2529 4659 ι
2579 4606 3113 4676 παραφυλάττεσθαι,
3138 4607 3318 4677 πολλῷ
3351 4609 3553 4676 μᾶλλον
3574 4611 3729 4662 τοῦτο
3749 4613 3878 4680 περὶ
3896 4618 4014 4667 ἑπι-

835 4732 855 4761 ε
902 4726 1099 4779 quetttr
1162 4719 1251 4763 tua
1308 4708 1593 4762 sanctitas.
1644 4702 1779 4754 Nam
1830 4714 2004 4768 neque
2034 4714 2128 4766 per
2164 4697 2327 4749 ullum

2514 4717 2532 4747 ι
2581 4699 2794 4749 σκόπων
2842 4696 3089 4763 βούλεται
3124 4696 3651 4764 παραφυλαχθῆναι.
3690 4699 3783 4767 Μὴ
3809 4695 3906 4752 οὖν
3962 4703 4011 4752 οί

839 4821 858 4851 s
906 4803 1124 4855 Patrum
1180 4800 1457 4851 decretum
1513 4796 1613 4847 hoc
1671 4792 1936 4845 Africanae
1965 4789 2218 4843 Ecclesia
2249 4794 2329 4840 est

2510 4808 2528 4839 ι
2578 4792 2636 4840 ὲν
2666 4792 2730 4857 τῇ
2768 4787 2873 4851 ibi;
2905 4786 3148 4856 ἐπαρχίᾳ
3180 4786 3286 4839 ἀπὸ
3309 4786 3407 4854 τῆς
3443 4790 3730 4851 κοινωνίας
3779 4792 4015 4863 ἀναρτη-

839 4913 859 4943 ι
903 4891 1277 4955 prohibitum:
1327 4900 1381 4942 et
1436 4886 1671 4939 Nicanae
1725 4883 1915 4952 synodi
1952 4890 2177 4943 statuta,
2211 4878 2329 4933 sive

2514 4898 2530 4925 ι
2582 4877 2761 4936 θέντες
2817 4874 2968 4945 παρὰ
2995 4876 3093 4942 τῆς
3144 4875 3243 4942 σῆς
3293 4876 3631 4941 ἁγιωσύνης,
3688 4880 4012 4944 unoudaim',

842 5004 860 5033 ‹
898 4985 1124 5037 clericos
1154 4980 1427 5033 inferioris
1458 4978 1679 5045 gradus,
1712 4975 1823 5027 sive
1854 4973 2003 5040 ipsos
2028 4973 2328 5040 episcopos,

2511 4987 2527 5016 ι
2578 4969 2668 5019 καὶ
2700 4966 2883 5027 καθὼς
2940 4966 3014 5035 μὴ
3043 4966 3172 5035 χρὴ.
3225 4966 3466 5035 φανῶσιν
3512 4969 4014 5039 ἀποκαθιστάμενοι

844 5096 859 5123 s
906 5077 1142 5145 propriis
1173 5068 1603 5139 Metropolitanis
1661 5065 2007 5133 apertissime
2038 5062 2329 5115 commise-

2512 5082 2529 5111 ι
2576 5064 2641 5129 τῇ
2667 5059 2941 5127 κοινωνίᾳ.
3003 5059 3111 5111 Καὶ
3144 5059 3252 5141 τῶν
3280 5060 3673 5129 πρεσϐυτέρων
3709 5060 3767 5111 δὲ
3813 5062 4014 5126 ὁμοίως

840 5189 858 5218 s
902 5178 1044 5221 runt.
1096 5166 1383 5234 Sapienter
1417 5162 1559 5215 enim
1594 5170 1647 5212 et
1704 5159 1850 5225 juste
1896 5165 2286 5223 perspexerunt
2315 5191 2330 5215 ,

2512 5171 2527 5200 ι
2580 5152 2671 5201 καὶ
2727 5150 2834 5200 τῶν
2865 5149 3147 5215 ἑπομένων
3173 5147 3449 5218 κληρικῶν
3479 5152 3579 5211 τὰς
3612 5151 3849 5213 ἀναιδεῖς
3878 5154 4014 5203 ἀπο-

840 5282 859 5311 ε
903 5272 1235 5329 quaecunque
1264 5255 1465 5308 fuerint
1516 5259 1701 5304 exorta
1748 5250 1986 5315 negotia,
2025 5260 2085 5297 ea
2119 5246 2170 5297 iu
2202 5259 2332 5312 pro-

2516 5263 2532 5292 ι
2581 5244 2772 5310 φυγὰς,
2817 5243 2891 5303 ὼς
2922 5242 3067 5293 ἔστιν
3110 5257 3203 5293 σου
3240 5243 3410 5306 ἀξιον,
3447 5242 3739 5306 ἀποδιώξει
3786 5246 4016 5311 ὴάγιω-

838 5373 856 5403 ι
899 5350 1029 5418 priis
1063 5348 1191 5401 locis
1224 5344 1502 5399 terminari
1563 5341 1785 5393 debere.
1819 5338 2001 5403 Neque
2028 5336 2171 5388 enim
2207 5334 2329 5387 uni-

2517 5354 2533 5383 ι
2584 5334 2713 5401 σύνη
2954 5331 3169 5399 Ἐπειδὴ
3202 5334 3295 5381 καὶ
3330 5332 3390 5383 ού
3443 5331 3532 5382 διά
3564 5349 3710 5393 τινος
3750 5334 3877 5401 δρου
3910 5334 4016 5384 τῶν

841 5464 860 5494 ι
900 5442 1093 5507 cuique
1132 5436 1487 5507 providentiae
1541 5431 1730 5485 Sancti
1804 5430 2046 5494 Spiritus
2106 5426 2332 5494 gratiam

2514 5443 2530 5473 ι
2581 5422 2836 5488 Πατέρων
2853 5418 3010 5473 τοῦτο
3029 5418 3403 5487 ἀπηγόρευται
3424 5421 3489 5487 τῇ
3519 5420 3576 5469 ὲν
3616 5419 3852 5488 Ἀφρικῇ
3897 5420 4020 5472 Ἐκ-

843 5554 863 5585 ι
905 5537 1094 5588 deesse
1152 5536 1431 5599 putarunt,
1470 5542 1564 5593 per
1622 5538 1782 5592 quam
1814 5520 2023 5587 justitia
2070 5533 2097 5569 a
2128 5516 2331 5570 Christi

2518 5534 2534 5563 ι
2581 5513 2780 5582 κλησίᾳ
2802 5526 2813 5538 ·
2846 5512 2940 5563 καὶ
2970 5510 3036 5561 τὰ
3066 5510 3391 5576 ψηφίσματα
3433 5509 3529 5575 τῆς
3556 5511 3613 5561 ἐν
3661 5509 3869 5580 Νικαῐᾳ
3895 5528 4018 5571 συν-

846 5648 865 5678 ι
898 5625 1272 5681 sacerdotibus
1329 5631 1383 5675 ct
1444 5621 1655 5671 videtur
1689 5616 2000 5683 prudenter,
2027 5619 2079 5665 et
2110 5608 2335 5673 ﬁrmiter

2520 5627 2536 5655 ι
2584 5606 2724 5667 όδου,
2784 5602 2893 5654 είτε
2937 5602 3232 5669 κληρικοὺς
3299 5599 3395 5651 τοῦ
3456 5601 3773 5671 κατωτέρου
3808 5600 4015 5671 βαθμοῦ

848 5738 870 5769 ι
918 5729 1156 5779 tenetur,
1192 5716 1424 5769 maxime
1482 5712 1623 5777 quod
1691 5710 1852 5759 etiam
1888 5702 2180 5769 unicuique
2207 5715 2337 5753 con-

2521 5716 2536 5746 ι
2589 5698 2697 5748 εῐτε
2756 5693 2955 5752 αὐτοὺς
2990 5692 3115 5752 τοὺς
3163 5691 3524 5758 ἐπισκόπους,
3580 5695 3692 5754 τοῖς
3735 5693 3886 5755 ίδὶοις
3917 5708 4017 5761 μη-

849 5830 869 5863 v
911 5825 1121 5865 cessum
1147 5818 1247 5871 cst,
1275 5807 1317 5861 si
1350 5805 1398 5859 ci
1421 5805 1684 5863 videatur,
1712 5801 1775 5851 de
1804 5796 2043 5865 judicum
2071 5791 2335 5845 sententia

2530 5809 2547 5840 ι
2597 5786 2939 5856 τρπολὲταις
2984 5782 3340 5852 φανερώτατα
3364 5785 3747 5853 κατέπεμψαν.
3773 5785 4011 5846 Συνετῶς
