4224 6440
243 454 352 516 145

1250 453 1329 512 IN
1381 410 1543 513 CAN.
1573 452 1822 512 cxxxv
1855 452 2062 514 δοκε.
2099 428 2479 514 ΟᾹΗἸἮΑϐ.

3358 447 3460 507 446

318 579 338 609 ε
386 557 495 626 γάρ
542 558 633 610 καὶ
669 556 889 619 δικαίως
939 556 1199 619 συνεῖδεν,
1259 558 1617 624 ἀτιναδήποτε
1662 558 1805 626 πρά-

1990 577 2008 609 ε
2048 560 2115 611 ad
2152 562 2388 629 synodos
2438 558 2693 627 propriae_
2725 558 3033 625 provincire,
3065 558 3145 612 vel
3206 568 3463 623 praeterea

317 665 338 697 ι
387 663 570 714 γματα
639 646 943 711 ἀναφυῶσι,
1001 645 1177 697 ταῦτα
1203 645 1261 695 εν
1318 646 1429 706 τοῖς
1474 643 1623 705 ίδίοις
1662 644 1808 709 ὀφεί-

322 757 341 789 ι
391 739 504 789 λειν
532 736 897 806 περατοῦσθαι
932 736 1137 798 τόποις.
1167 735 1303 789 Οῠτε
1336 738 1444 804 γάρ
1476 736 1577 805 μιᾷ
1606 736 1809 805 ἑκάστῃ

319 848 336 878 ε
392 828 615 897 προνοίᾳ
674 826 1300 894 ἱλογίσαντο·ὲλλείπειν
1346 828 1445 896 τὴν
1484 827 1647 896 χάριν
1716 824 1809 878 τοῦ

321 936 342 969 ε
393 918 549 985 ἀγίου
571 918 901 985 Πνεύματος,
916 918 981 973 διῗ
997 912 1062 987 ἧς
1088 919 1119 985 ἡ
1138 916 1453 986 δικαιοσύνη
1469 920 1575 970 ἀπὸ
1590 919 1697 970 τῶν
1720 918 1811 971 τοῦ

328 1029 348 1060 ε
397 1010 635 1075 Χριστοῦ
704 1010 890 1079 ίερέων
950 1010 1045 1062 καὶ
1095 1008 1290 1078 ὁρᾶται
1351 1009 1660 1077 φρονίμως,
1717 1011 1813 1060 καὶ

322 1120 343 1147 ε
387 1103 683 1175 ,κατέχεται
747 1098 1025 1166 σταθερῶς
1054 1136 1067 1159 ,
1157 1098 1393 1165 μάλιστα
1440 1099 1521 1152 ὅτι
1592 1100 1684 1152 καὶ
1734 1100 1814 1151 ἐνὶ

324 1208 343 1253 ε
393 1191 608 1257 ἑκάστῳ
640 1188 1077 1258 συγκεχώρηται,
1112 1190 1206 1240 Liv
1254 1190 1506 1259 περὶτῆς
1527 1190 1681 1258 δίκης
1716 1191 1814 1259 τῆς

316 1297 341 1332 ε
387 1280 493 1332 τῶν
513 1280 852 1347 διαγνωστιῖΝ
888 1281 1199 1348 προΐσταται
1224 1280 1535 1352 αὐτῷπρδς
1553 1276 1651 1345 τὰς
1669 1284 1818 1334 συνό-

321 1389 339 1421 ι
389 1371 514 1431 δους
546 1371 642 1438 τῆς
675 1368 811 1431 ιδίας
842 1371 1193 1441 ιπαρχίας,ή
1240 1371 1317 1423 ιτι
1358 1370 1463 1441 μὴν
1509 1374 1589 1433 είς
1642 1373 1816 1424 οίκου·

323 1480 339 1510 ε
393 1459 623 1528 μενικὴν
679 1459 917 1523 σύνοδον,
970 1460 1339 1535 ἐκκαλεῖσθαι.
1410 1462 1574 1531 Ειημή
1600 1462 1707 1529 ἀρα
1737 1463 1818 1523 τίς

325 1570 350 1601 r
393 1552 562 1613 εστιν,
613 1550 761 1611 δστις
819 1551 1214 1614 πιστεύσειεἕῆ
1262 1552 1618 1621 ᾡτινιδήποτε
1646 1554 1809 1606 δύνα-

325 1658 344 1689 ι
397 1640 520 1695 σθαι
543 1640 631 1692 τὸν
650 1640 782 1692 Θεὸν
814 1640 969 1709 ήμῶν
996 1640 1095 1709 τῆς
1126 1631 1358 1711 κρίσεως
1384 1643 1685 1710 ἐμπνεῦσαι
1717 1644 1815 1712 τήν

323 1750 341 1781 ι
389 1732 756 1801 δικαιοσύνην,
786 1734 897 1793 τοῖς
929 1731 987 1783 δὲ
1048 1732 1441 1801 ἀναριθμήτοις
1495 1733 1573 1793 είς
1604 1732 1822 1786 σύνοδον

322 1839 343 1873 ε
396 1822 873 1891 συνηθροισμένοις
898 1822 1132 1888 ἱερεῦσιν
1162 1821 1467 1888 ἀρνεῖσθαι.
1492 1815 1615 1883 Πῶς
1634 1824 1689 1874 δὲ
1712 1822 1819 1889 ἀρα

326 1928 343 1959 ι
392 1909 583 1980 αὐτηή
605 1911 953 1979 περαματική
976 1912 1155 1980 κρίσις
1183 1910 1375 1979 βεϐαία
1396 1912 1581 1971 ἰσται,
1603 1912 1819 1981 πρὸς’ήν

270 2072 271 2075 η
325 2018 343 2047 ι
384 2000 496 2051 τῶν
522 2000 897 2068 μαρτύρωντά
929 2002 1200 2067 ἀναγκαῖα
1236 2002 1525 2066 πρόσωπα.
1545 2002 1577 2071 ἢ
1600 2002 1688 2054 διὰ
1718 2004 1818 2069 τὴν

328 2108 346 2137 ε
394 2093 493 2158 τῆς
521 2090 734 2157 φύσεως
774 2090 805 2156 ἢ
850 2091 944 2150 ,διὰ
974 2092 1072 2159 τήν
1134 2091 1223 2142 τοῦ
1271 2093 1471 2160 γήρου;
1514 2092 1817 2157 ἀσθένειαν,

320 2197 346 2230 ι
413 2180 447 2247 ἢ
494 2180 709 2242 πολλοῖς
734 2180 912 2239 ἀλλοις
933 2180 1317 2248 ὲμτιοδισμοῖς,
1334 2180 1613 2250 ἐνεχθῆναι
1639 2182 1713 2234 οὐ-
1730 2182 1822 2235 δύ-

324 2286 346 2319 ε
393 2287 571 2322 ναται.
597 2272 731 2339 Περὶ
747 2273 850 2337 γὰρ
869 2270 983 2329 τοῦ,
997 2272 1146 2334 τινάς
1164 2270 1363 2325 ὡσανεὶ
1394 2272 1457 2323 ἐκ
1477 2270 1570 2323 τοῦ
1588 2273 1819 2340 πλευροῦ

328 2378 349 2409 ι
392 2359 494 2428 τῆς
513 2361 609 2427 σῆς
640 2349 948 2431 ἁγιωσύνης
972 2362 1299 2430 πέμπεσθαι,
1322 2363 1547 2432 οὐδεμιᾷ
1566 2364 1673 2416 τῶν
1703 2367 1814 2417 Πα-

337 2468 355 2498 ι
402 2450 577 2518 τέρων
612 2451 813 2519 συνόδῳ
856 2451 1067 2521 ὁρισθὲν
1094 2452 1672 2523 εὐρίσκομεν.Έπειδὴ
1690 2456 1823 2525 ὅπερ

332 2559 351 2590 ε
402 2540 570 2593 πάλαι
608 2541 696 2593 διὰ
727 2542 822 2594 τοῦ
872 2542 1035 2595 αὐτοῦ
1068 2542 1463 2596 συνεπισκόπου
1508 2546 1663 2613 ήμῶν
1690 2547 1823 2599 Φαυ-

336 2652 353 2681 ε
408 2633 610 2695 στίνου,
631 2633 830 2685 ὡσανεὶ
850 2636 911 2685 ὲκ
942 2635 1005 2703 μέ
1016 2652 1140 2705 ρους
1159 2636 1254 2704 τῆς
1286 2638 1342 2687 έν
1358 2636 1561 2704 Νικαίᾳ
1585 2638 1824 2702 συνόδου,

326 2745 355 2775 4
402 2724 630 2777 αὐτόθεν
672 2725 995 2786 ἀπέσταλτο,
1050 2728 1255 2793 εννταϊς
1278 2727 1663 2796 ἀληθεστέρως
1689 2732 1827 2782 ἀπο-

338 2834 356 2864 ι
402 2816 643 2883 γραφαῖς
679 2815 775 2881 τῆς
808 2816 863 2868 ὲν
893 2816 1118 2883 Νικαίᾳ,
1152 2816 1331 2882 ἇσπερ
1376 2816 1675 2884 ἐδεξάμεθα
1722 2819 1827 2871 ἀπὸ

339 2934 359 2957 ι.
402 2905 499 2958 τ’ῦ
531 2907 831 2973 ἀγ.ωτάτου
862 2907 1142 2975 Κυρίλλου,
1178 2908 1273 2961 τοῦ
1304 2911 1401 2978 τῆς
1438 2909 1828 2979 Ἀλεξανδρέων

336 3016 356 3049 ε
403 2998 699 3066 ἐκκλησίας
751 3000 1151 3051 συνεπισκόπου
1208 2999 1387 3067 ήμῶν,
1413 3000 1507 3051 καὶ
1539 3002 1690 3069 παρὰ
1712 3000 1828 3068 τῶν

243 3133 248 3135 _
336 3109 357 3139 ε
402 3088 497 3142 τοῦ
525 3090 900 3159 προσκυνητοῦ
933 3090 1174 3143 Ἀττικοῦ
1193 3090 1284 3143 τοῦ
1308 3092 1367 3141 έν
1401 3086 1830 3145 Κωνσναντινου-

337 3201 356 3230 ε
404 3181 561 3233 πόλει
620 3183 944 3245 ἐπισκόπου,
968 3181 1308 3248 πεμφθείσας
1345 3183 1409 3234 ἐκ
1434 3181 1541 3234 τῶν
1578 3182 1827 3235 αὐθεντιο
1854 3186 1895 3241 C

331 3292 351 3323 ε
403 3273 517 3325 κῶν
540 3289 558 3304 ⁸
584 3273 788 3334 αἵτινες
812 3273 889 3324 ἔτι
922 3272 1027 3341 μὴν
1049 3272 1154 3341 πρὸ
1188 3271 1379 3324 τούτου
1411 3272 1500 3324 διά
1570 3272 1826 3324 ῗῐννοκεν-

334 3378 353 3409 ε
405 3360 521 3412 τίου
552 3360 643 3412 τοῦ
691 3361 1064 3428 πρεσϐυτέρου
1089 3362 1180 3413 καὶ
1203 3358 1523 3425 Μαρκέλλου
1574 3358 1666 3409 τοῦ
1700 3358 1828 3411 ὑπο-

333 3469 354 3502 ε
401 3451 673 3515 διακόνου,
708 3453 776 3504 δι’
806 3446 881 3503 ὧν
914 3452 1047 3521 πρὸς
1106 3452 1250 3520 ἡμᾶς
1281 3450 1411 3520 παρ’
1435 3449 1660 3503 ἐκείνων
1690 3451 1827 3504 ἀπε-

332 3561 352 3592 ε
403 3539 700 3609 στάλησαν,
732 3542 809 3609 τῷ
837 3543 935 3610 τῆς
980 3542 1365 3611 προσκυνητῖπ
1427 3543 1645 3611 μνήμης
1680 3540 1829 3592 Βονι-

331 3650 350 3680 ε
401 3632 577 3699 φατίῳ
632 3632 711 3697 τῷ
761 3634 1045 3701 ἑπισκόπῳ
1099 3630 1176 3700 τῷ
1208 3632 1653 3702 προηγησαμένῳ
1684 3632 1828 3700 ὑμᾶς

335 3740 354 3771 ι
404 3720 537 3787 παρ’
585 3722 745 3791 ήμῶν
807 3722 1244 3793 ὶεεπέμφθησαν,
1309 3722 1525 3774 τοιοῦτό
1584 3724 1637 3774 τί
1697 3739 1828 3775 ποτε

338 3830 358 3860 ε
404 3813 505 3864 οὐκ
569 3813 914 3883 ἠδυνήθημεν
986 3811 1183 3880 εὑρεῖν.
1252 3810 1617 3873 Ἐκσιδαστάς
1653 3811 1831 3863 τοίνυν

338 3920 359 3950 ε
407 3900 709 3971 κληρικοὶις
774 3903 937 3969 ὐμῶν
977 3901 1139 3973 τινῶν
1182 3901 1481 3954 αἰτούντων
1542 3903 1616 3970 μὴ
1648 3900 1829 3954 θέλετε

338 4014 358 4044 ε
406 3993 779 4056 ἀποστέλλειν,
807 3995 943 4063 μήτε
974 3995 1347 4062 παραχωρεῖν,
1390 3994 1477 4045 ἵνα
1496 3992 1588 4046 τὸν
1616 3993 1833 4045 καπνώ-

1987 668 2004 701 ι
2044 652 2207 703 etiam
2265 650 2328 703 ad
2383 650 2745 703 universalem
2810 649 3096 727 synodum,
3164 647 3465 717 appellare.

1987 761 2004 793 ι
2044 741 2155 795 Nisi
2186 745 2369 811 utique
2404 742 2474 795 sit
2507 741 2723 809 aliquis.
2756 742 2845 803 qui
2877 742 3081 801 credat,
3108 740 3462 805 unicuipiam,

1989 853 2007 885 ι
2039 835 2346 900 quicunque
2401 835 2445 886 is
2474 834 2563 896 sit,
2594 845 2749 898 posse
2774 832 2941 885 Deum
2995 840 3241 885 nostrum
3274 830 3465 899 iudicii

1989 923 2308 992 «justitiam
2389 920 2677 989 inspirare,
2738 921 3223 975 innumerabilibus
3287 930 3466 972 autem

1991 1032 2009 1065 ι
2040 1014 2409 1067 sacerdotibus
2459 1014 2511 1066 in
2560 1013 2819 1082 synodum
2853 1012 3196 1079 congregatis
3247 1024 3467 1075 negare.

1991 1126 2010 1160 ι
2052 1106 2332 1171 Quomodo
2356 1120 2485 1173 ergo
2538 1105 2752 1157 firmum
2785 1104 2889 1158 erit
2914 1104 3015 1155 boc
3047 1101 3472 1153 transmarinum

1992 1217 2011 1250 ι
2045 1197 2328 1266 judicium,
2363 1196 2429 1248 ad
2460 1196 2601 1261 quod
2661 1194 2877 1248 testium
2936 1191 3255 1253 necessarim
3291 1203 3475 1255 perso-

1996 1306 2015 1341 ι
2058 1301 2160 1348 nae,
2193 1286 2277 1340 vel
2332 1294 2548 1352 propter
2580 1295 2783 1336 natura:
2835 1281 2916 1335 vel
2950 1290 3166 1348 propter
3209 1278 3344 1332 senii
3378 1278 3449 1331 im

1985 1397 2003 1431 ι
2050 1378 2418 1440 becillitatem,
2479 1374 2561 1427 vel
2621 1383 2839 1440 propter
2892 1372 3052 1424 multa
3090 1370 3193 1423 alia
3242 1367 3476 1438 impedi-
3556 1424 3559 1425 ν

1997 1490 2017 1523 ε
2060 1480 2262 1533 menta,
2318 1468 2505 1521 deduci
2567 1480 2671 1519 non
2705 1464 2966 1530 possunt?
3000 1462 3128 1515 Nam
3158 1460 3224 1514 de
3258 1460 3478 1513 mitten-

1998 1581 2016 1613 ι
2058 1562 2140 1615 dis
2169 1557 2515 1627 quibusdam.
2551 1555 2713 1609 veluti
2740 1571 2767 1607 a
2820 1555 2987 1607 latere
3037 1560 3231 1604 vestra
3278 1549 3478 1603 sancti-

1994 1670 2014 1703 ι
2052 1652 2198 1714 tatis,
2230 1666 2257 1703 a
2292 1650 2435 1703 nulla
2477 1647 2698 1700 Patrum
2738 1645 2941 1715 synodo
2982 1642 3338 1695 constitutum
3388 1638 3478 1694 in-

2001 1763 2019 1794 ι
2061 1744 2322 1797 venimus.
2354 1742 2506 1807 Quod
2567 1739 2696 1793 olim
2756 1738 2898 1790 enim
2953 1749 3050 1802 per
3102 1735 3243 1788 lutnc
3303 1733 3480 1801 ipsum

2002 1847 2019 1879 ε
2054 1829 2432 1897 coepiscopum
2468 1837 2708 1880 nostrum
2752 1824 3096 1884 Faustinum,
3132 1832 3388 1889 tanquam
3416 1835 3479 1873 ex

1988 1939 2011 1971 ε
2038 1928 2193 1987 parte
2238 1919 2467 1973 Nicena:
2514 1916 2726 1988 synodi,
2778 1915 2977 1969 istbinc
3026 1914 3251 1966 missum
3286 1911 3481 1971 fuerat,

1999 2028 2016 2061 ι
2054 2014 2107 2062 In
2140 2010 2445 2062 verioribus
2481 2006 2707 2060 Nicaeum
2754 2005 2947 2073 synodi
2993 2002 3325 2068 repertoriis,
3362 2014 3482 2069 qua:

1996 2120 2014 2152 ι
2051 2116 2078 2154 a
2122 2100 2477 2154 sanctissimo
2537 2098 2737 2168 Cyrillo
2785 2094 3167 2149 Alexandrina:
3226 2090 3485 2146 Ecclesia:

1997 2210 2015 2243 ι
2054 2191 2399 2257 coepiscopo,
2430 2199 2483 2243 et
2514 2203 2543 2241 a
2575 2186 2885 2242 venerando
2942 2186 3121 2236 Attico
3168 2180 3483 2240 Constanti-

1999 2301 2019 2334 ε
2058 2281 2269 2350 nopolis
2298 2282 2572 2347 episcopo,
2614 2294 2677 2333 ex
2708 2276 3042 2331 authenticis
3072 2276 3235 2328 missa
3270 2274 3485 2337 accepi-

2000 2386 2023 2421 ι
2064 2384 2219 2431 mus;
2279 2384 2398 2436 qua:
2450 2368 2667 2436 quidem
2702 2368 2931 2421 antehac
2966 2381 3060 2434 per
3106 2364 3482 2418 Innocentium
3570 2419 3572 2424 _

2002 2480 2020 2514 ι
2058 2460 2427 2531 presbyterum
2459 2469 2512 2512 et
2566 2458 2876 2515 Marcellum
2933 2457 3347 2517 subdiaconum,
3388 2469 3485 2520 per

2019 2569 2037 2603 ι
2081 2564 2214 2621 quos
2243 2554 2308 2605 ad
2342 2567 2438 2604 nos
2467 2551 2532 2604 de
2566 2552 2673 2605 illis
2709 2551 2869 2603 missa
2897 2550 3143 2609 fuerant,
3166 2547 3486 2601 venerandae

2005 2662 2024 2694 ε
2064 2642 2338 2697 memoria:
2383 2641 2663 2703 Bonifacio
2696 2642 2951 2709 episcopo
3000 2638 3271 2693 decessori
3307 2644 3487 2689 vestro

2006 2749 2025 2782 ι
2061 2746 2089 2783 a
2122 2730 2276 2785 nobis
2324 2730 2592 2783 destinata
2630 2738 2756 2782 sunt
2789 2747 2802 2781 :
2853 2727 2986 2781 nihil
3036 2725 3298 2792 ejusmodi
3334 2725 3486 2782 inve-

2006 2840 2025 2872 ε
2059 2821 2178 2873 nire
2212 2819 2563 2887 potuerimus.
2592 2817 2949 2872 Exsecutores
2979 2832 3108 2886 ergo
3131 2827 3338 2871 vestros
3371 2815 3489 2867 cle-

2011 2929 2027 2961 ι
2070 2911 2209 2964 ricos
2250 2910 2559 2975 petentibus
2586 2909 2857 2978 aliquibus
2891 2924 2957 2961 ne
3012 2908 3195 2962 velitis
3246 2906 3486 2966 mittere,

2007 3020 2026 3052 ι
2066 3016 2164 3053 nec
2217 3000 2554 3067 permittere,
2592 3009 2650 3053 ut
2705 2999 2974 3052 fumosum
3037 2997 3222 3051 mundi
3286 2994 3490 3049 fastum
3590 2990 3591 2993 “

2006 3109 2024 3143 ι
2061 3089 2261 3145 Christi
2288 3088 2540 3144 Ecclesiae
2568 3089 2823 3143 inducere
2854 3088 3131 3141 videamur
3157 3104 3172 3151 ;
3208 3101 3327 3155 quae
3353 3086 3490 3138 sim-

2007 3202 2025 3235 r
2071 3184 2331 3253 plicitatis
2364 3183 2535 3237 lucem
2563 3193 2617 3237 et
2664 3183 2985 3235 humilitatis
3020 3182 3157 3234 diem
3216 3178 3372 3232 affert
3402 3178 3492 3239 iis.

2008 3291 2027 3323 ι
2058 3273 2147 3345 qui
2204 3271 2369 3325 Deum
2425 3272 2609 3325 videre
2659 3273 2902 3340 cupiunt.
2951 3271 3027 3323 De
3062 3268 3311 3322 deﬂendo
3346 3267 3490 3319 enim

2008 3381 2029 3415 ε
2064 3362 2301 3431 Apiario,
2324 3362 2433 3430 jam
2467 3377 2495 3415 a
2546 3362 2711 3415 fratre
2745 3372 2929 3416 nostro
2963 3361 3223 3414 Faustino
3250 3373 3347 3428 pro
3380 3361 3493 3410 suis

2010 3473 2028 3505 ι
2068 3454 2289 3506 nefariis
2321 3453 2574 3520 nequitiis
2603 3453 2807 3507 Christi
2840 3453 3082 3506 Ecclesia
3132 3463 3303 3509 moto,
3338 3450 3486 3501 solli-

2011 3560 2029 3593 ι
2069 3542 2160 3594 citi
2193 3556 2297 3593 non
2337 3556 2558 3606 smnus;
2613 3542 2752 3608 quod
2789 3554 2910 3593 eum
2942 3550 3137 3592 vestrae
3185 3536 3494 3591 sanctitatis

2012 3649 2029 3681 ι
2072 3630 2387 3698 probatione
2417 3620 2471 3683 et
2497 3632 2832 3686 correctione
2862 3632 2915 3684 in
2958 3630 3226 3684 servanda
3256 3628 3492 3679 fraterna

2017 3738 2036 3771 ι
2074 3721 2343 3773 cltnritate
2403 3718 2584 3775 Africa
2620 3738 2958 3791 nequaquam
2992 3722 3221 3789 amplius
3264 3720 3495 3773 sustine-

2016 3830 2033 3863 ι
2075 3812 2169 3865 bit.
2203 3812 2564 3879 Subscriptio.
2618 3813 2755 3866 Deus
2807 3822 2993 3865 noster
3030 3811 3371 3863 sanctitatem
3403 3826 3494 3863 ve-

2018 3920 2035 3952 ε
2078 3910 2245 3955 stram
2297 3902 2348 3955 in
2398 3901 2777 3971 longissimum
2831 3912 3046 3969 tempus
3075 3900 3370 3965 custodiat,
3401 3914 3495 3969 pro

2017 4012 2034 4044 ι
2077 3994 2231 4048 nobis
2258 4004 2524 4058 orantem,
2558 3996 2772 4048 domine
2797 3994 2985 4048 frater.
3017 4012 3035 4044 ι

333 4104 353 4138 ε
398 4086 463 4156 δη
497 4086 665 4155 τῦφον
705 4086 800 4139 τοῦ
836 4088 1041 4152 κόσμου
1071 4086 1316 4156 δόξωμεν
1350 4085 1595 4149 εἰσάγειν
1620 4087 1688 4154 τῇ
1718 4087 1814 4137 τοῦ
1889 4084 2127 4157 Χριστοῦ
2161 4085 2481 4154 Ἐκκλησία,
2542 4086 2663 4155 ἥτις
2724 4084 2783 4137 τὸ
2848 4085 2963 4154 φῶς
3023 4085 3124 4152 τῆς
3188 4084 3495 4149 ἁπλότητος

336 4196 356 4229 ι
408 4190 501 4249 και
563 4178 663 4245 τῆς
725 4175 1223 4243 ταπεινοφροσύνης
1273 4176 1374 4245 τήν
1438 4174 1656 4244 ἡμέραν
1740 4176 1850 4237 τοῖς
1916 4174 2009 4227 τὸν
2082 4174 2215 4226 Θεὸν
2267 4174 2395 4227 ίδεῖν
2453 4173 2811 4242 ἐπιθυμοῦσιν
2871 4174 3189 4242 προσφέρει.
3236 4171 3341 4223 Τοῦ
3390 4174 3496 4237 γὰρ

337 4286 358 4318 ι
409 4269 717 4338 κλαυσίμου

820 4268 1108 4337 Ἀπιαρίου
1180 4267 1281 4336 ήδη
1376 4266 1487 4317 ἀπὸ
1571 4264 1665 4319 τοῦ
1720 4266 1948 4336 ἀδελφοῦ
1994 4252 2180 4336 ήμῶν
2231 4266 2530 4320 Φαυστίνου
2588 4266 2731 4319 κατά
2814 4268 2914 4328 τάς
2984 4267 3115 4327 ίδίας
3210 4265 3497 4337 ἀθεμίτους

335 4380 353 4411 ι
403 4358 758 4429 ἀχρειοσύνας
796 4360 859 4411 ἑκ
916 4358 1013 4427 τῆς
1071 4355 1164 4409 τοῦ
1222 4353 1460 4425 Χριστοῦ
1533 4356 1854 4425 Ἐκκλησίας
1927 4355 2348 4425 ἀποκινηθέντος
2399 4356 2699 4424 ἀμέριμνοί
2768 4358 2976 4423 ἐσμεν·
3034 4358 3117 4409 ὅτι
3179 4356 3368 4424 τοῦτον
3430 4356 3495 4423 τῇ

276 4507 281 4512 _
336 4469 355 4500 ι
403 4450 600 4519 δοκιμῇ
620 4448 714 4501 καὶ
744 4447 1001 4518 ρυθμίσει
1036 4447 1134 4516 τῆς
1161 4444 1260 4512 σῆς
1306 4441 1616 4512 ἁγιωσύνης
1677 4444 1735 4496 ὲν
1802 4444 1878 4512 τῷ
1952 4443 2221 4507 σώζεσθαι
2308 4444 2407 4513 τὴν
2457 4444 2753 4512 ἀδελφικὴν
2817 4444 3039 4512 ἀγάπην
3099 4445 3408 4513 περαιτέρω
3463 4444 3496 4512 ή

336 4563 353 4592 ε
416 4541 650 4608 Ἀφρικὴ
696 4537 944 4607 οὐδαμῶς
1007 4534 1698 4607 ὑπομείνηὴύπογραφή.
1766 4533 1824 4587 'O
1899 4533 2030 4596 Θεὸς
2064 4533 2221 4603 ήμῶν
2289 4534 2388 4602 τήν
2457 4532 2765 4599 ἁγιωσύνην
2853 4532 3009 4601 ὐμῶν
3067 4535 3161 4587 ἐπὶ
3233 4537 3496 4607 μήκιστον

342 4656 359 4685 ε
405 4634 595 4702 χρόνον
650 4628 898 4695 φυλάξοι,
936 4627 1075 4696 ὑπὲρ
1129 4626 1285 4694 ήμῶν
1316 4626 1639 4694 εὐχομένην,
1669 4622 1826 4693 κύριε
1870 4625 2083 4692 ἀδελφέ.
2128 4644 2146 4676 ι

334 4725 534 4783 ΒΑΛΣ.
597 4721 703 4774 Τοῦ
773 4720 1059 4790 ’Δπιαρίου
1090 4716 1481 4788 ἀφορισθέντος
1515 4719 1579 4769 ὲκ
1636 4717 1733 4783 τῆς
1771 4717 1829 4770 ὲν

2005 4716 2201 4772 BALS.
2254 4718 2475 4786 Apiario
2524 4732 2553 4770 a
2618 4716 2825 4787 synodo
2874 4708 3131 4771 Africana
3193 4724 3493 4785 segregate.

276 4824 515 4891 Ἀφρικῇ
570 4815 815 4878 συνόδου,
852 4813 948 4866 καὶ
983 4812 1373 4882 προσελθόντος
1398 4810 1475 4878 τῷ
1508 4810 1706 4879 πάππα
1732 4812 1837 4863 Κε.

262 4915 497 4979 λεστίνῳ
530 4908 624 4961 καὶ
654 4906 906 4966 λυθέντος
931 4902 1025 4957 τοῦ
1086 4901 1416 4970 ἀφορισμοῦ,
1483 4903 1509 4951 ὁ
1541 4901 1835 4962 ἐπίσκοπος

260 5003 563 5060 ⁴Ι>αυεπτῖνος
593 4995 791 5064 ἐστάλη
846 4994 955 5046 σὺν
984 4990 1190 5058 ἐκείνῳ
1245 4992 1324 5051 είς
1362 4983 1683 5058 Καρχηδόνα
1716 4988 1835 5052 ἑξεο

257 5095 447 5147 τὰσων
475 5090 544 5141 τὰ
577 5086 717 5140 κατά
745 5084 932 5136 τούτου
962 5096 981 5115 ο
1009 5080 1263 5149 λυθείσης
1282 5079 1358 5132 ’δὲ
1378 5081 1472 5148 τῆς
1504 5079 1835 5142 ὑποθέσεως,

261 5180 550 5236 ἀπέστειλε
589 5177 661 5245 τῷ
708 5173 1007 5241 Κελεστίνῳ
1044 5173 1074 5240 ή
1120 5169 1334 5232 σύνοδος
1402 5168 1499 5237 τὴν
1549 5168 1835 5237 ἐπιστολήν

261 5274 498 5340 ταύτην.
529 5270 635 5321 Καὶ
695 5266 886 5334 πρῶτα
941 5263 1040 5333 μὲν
1070 5263 1329 5332 ᾐτιάσατο
1370 5262 1459 5313 τὸν
1516 5262 1833 5323 Φαυστῖνον,

260 5365 339 5426 ὡς
400 5361 731 5429 παραλόγως
779 5354 1200 5423 ἀντιποιηθέντα
1227 5352 1323 5405 τοῦ
1364 5354 1669 5423 ’Δπιαρίου.
1705 5349 1834 5405 Εἶτα

263 5456 555 5526 ἀπήγαγεν
614 5450 687 5512 ὼς
714 5448 822 5501 ἀπ’)
878 5444 1170 5515 ὁμολογίας
1204 5444 1296 5497 τοῦ
1344 5444 1626 5513 Ἀπριαρίου
1671 5443 1834 5512 ἐλύθη

263 5552 299 5618 ὴ
335 5544 597 5605 ὑπόθεσις
623 5555 638 5571 ⁸
672 5542 763 5591 καὶ
784 5538 1024 5590 ἱκέτευσε
1058 5536 1133 5605 μὴ
1160 5535 1397 5604 εὐχερῶς
1432 5532 1830 5603 προσδέχεσθαι

262 5642 359 5694 τὸν
394 5636 716 5690 Κελεστίνον
738 5632 860 5691 τοὺς
884 5628 1138 5695 λέγοντας
1160 5626 1300 5680 κατά
1327 5628 1425 5694 τῆς
1456 5626 1700 5689 συνόδου,
1736 5626 1828 5676 καί

266 5726 668 5800 ἀφορισθέντας
718 5720 849 5789 παρ’
894 5719 1082 5787 αὐτῆς.
1129 5719 1461 5789 Προσέθεντο
1494 5718 1576 5783 δὲ,
1603 5718 1677 5779 ὡς
1709 5716 1832 5768 οὐδὲ

262 5826 313 5879 οἱ
343 5827 403 5875 εν
434 5816 639 5884 Nasci;
670 5812 907 5884 Πατέρες
943 5810 1146 5881 ὥρισαν
1188 5808 1500 5881 πέμπεσθαι
1534 5808 1685 5879 παρά
1730 5806 1825 5861 τοῦ

1934 4795 2057 4863 αιιῆ
2078 4810 2122 4862 is
2158 4810 2223 4861 ad
2256 4823 2448 4876 papam
2486 4807 2824 4865 Celestinqu
2854 4810 3194 4871 accessisset,
3231 4820 3283 4860 et
3316 4792 3520 4874 segre:

1934 4900 2080 4968 gatio
2120 4899 2307 4959 soluta
2338 4909 2501 4965 esset,
2553 4898 2843 4952 Faustinus
2875 4914 2976 4951 una
3004 4916 3124 4953 cum
3159 4899 3249 4952 illo
3269 4898 3498 4951 Cartha-

1935 4991 2110 5061 ginem
2147 4992 2348 5046 missus
2403 4998 2504 5051 est,
2552 4990 2820 5059 negotium
2871 4990 2991 5056 ejus
3041 4990 3446 5043 examiunturus
3478 5006 3495 5041 :

1937 5083 2116 5135 decisa
2152 5090 2352 5159 autem.
2377 5096 2536 5135 causa
2579 5083 2723 5135 misit
2772 5084 3008 5151 synodus
3038 5081 3315 5135 Celestino
3352 5082 3496 5133 hanc

1936 5172 2337 5241 epistolam.Et
2392 5174 2626 5241 primum
2690 5174 2906 5241 quidem
2966 5174 3243 5226 accusavit
3279 5171 3497 5224 Fansti-
3590 5232 3595 5235 ν

1942 5280 2096 5328 num,
2129 5266 2268 5333 quod
2306 5266 2584 5331 Apiarium
2624 5275 2813 5330 prrcter
2861 5266 3122 5316 rationem
3158 5262 3499 5316 defenderet.

1942 5357 2143 5409 Deinde
2166 5352 2443 5423 subjunin
2471 5355 2609 5423 quod
2641 5370 2709 5409 ex
2737 5355 2937 5423 Apiarii
2958 5352 3302 5409 confessione
3331 5371 3493 5408 causa

1936 5446 2042 5500 fuit
2080 5447 2307 5510 decisa;
2378 5454 2434 5500 et
2464 5447 2638 5498 oravit
2698 5456 2755 5498 ut
2819 5462 2921 5500 non
2978 5445 3137 5500 facile
3193 5448 3497 5499 admitteret

1936 5534 2241 5587 Celestinus
2299 5548 2415 5595 eos,
2443 5534 2532 5602 qui
2569 5538 2830 5587 adversos
2889 5537 3149 5603 synodum
3206 5537 3413 5593 dicunt.
3443 5544 3497 5589 et

1940 5624 2008 5677 ab
2034 5638 2096 5675 ea
2142 5623 2408 5691 segregati
2452 5632 2595 5675 sunt.
2634 5622 2961 5689 Adjecerunt
3012 5633 3189 5675 autem
3220 5626 3363 5688 quod
3399 5634 3499 5673 nec

1939 5712 2129 5767 Patres
2152 5712 2379 5767 Nictenzn
2435 5712 2623 5782 synodi
2673 5720 2996 5775 statuerunt,
3035 5729 3061 5764 a
3092 5727 3225 5781 papa
3258 5714 3307 5765 in
3344 5711 3491 5764 Afri-

1938 5820 2056 5861 cam
2113 5802 2541 5872 ntitteudus,qui
2606 5815 2825 5857 causam
2884 5800 3040 5857 simul
3078 5814 3499 5871 cognoscerent,
