4224 6440
752 414 857 477 447

1998 426 2282 490 ΊἮΕΟΙ).
2315 431 2726 496 'BALSAMON

3876 435 3981 494 ιιε

748 536 803 618 et
842 541 940 582 nec
974 527 1076 583 hoc
1129 527 1405 586 invenitur
1434 532 1485 587 in
1530 534 1716 591 missis
1758 538 1825 592 ab
1855 540 2224 601 Alexandrino
2262 553 2314 601 et
2346 548 2392 605 Δ

2312 548 2392 605 ,Α
2420 547 2620 601 πάππα
2678 551 2760 613 είς
2798 549 3060 618 ’Δφρικὴν
3121 544 3605 617 συνδιαγνὼμονας
3630 562 3646 577 ·
3708 548 3805 601 καὶ
3862 549 3980 601 οὐδε

750 616 1355 687 Constantinopolitano
1388 624 1678 694 episcopis.

816 798 983 869 677
1009 800 1259 858 ZONAR.
1290 805 1425 859 Cum
1448 806 1701 877 Apiarius
1732 813 1801 866 ab
1833 814 2083 870 Africana
2107 823 2313 890 synodo

747 898 1057 958 segregatus
1093 894 1159 947 ad
1196 895 1522 952 Celestinum
1572 916 1762 970 papam
1799 906 2147 975 confugisset,
2188 925 2311 965 eum

732 978 1450 1055 Celestinussegregationis
1465 992 1678 1048 vinculo
1700 994 1964 1062 liberavit,
1984 1010 2179 1054 etcum
2199 1001 2309 1067 illo,

746 1071 835 1160 qui
862 1086 1079 1127 causam
1111 1077 1227 1140 ejus
1265 1094 1387 1133 cum
1418 1082 1668 1137 Africana
1703 1089 1909 1142 svnodo
1937 1102 2309 1160 cognosceret,

750 1158 1063 1217 Faustinum
1100 1168 1416 1239 episcopum
1447 1173 1952 1244 Carthaginiensem
2004 1158 2168 1238 misit.
2196 1158 2312 1251 Qua

745 1266 803 1305 re
833 1263 1126 1317 transacta.
1159 1261 1439 1327 epistolam
1467 1265 1604 1320 banc
1632 1271 1867 1338 synodus
1891 1271 1956 1325 ad
1983 1271 2310 1330 Celestinum

744 1343 912 1410 dedit,
946 1363 1049 1415 qua
1084 1349 1424 1415 Faustinum,
1471 1359 1615 1426 quod
1653 1359 1879 1429 Apiario
1921 1363 2132 1429 faverit,
2166 1368 2312 1435 ejus-

745 1449 848 1499 que
886 1448 1172 1503 patronum
1211 1456 1274 1496 ac
1308 1443 1671 1511 defensorem,
1708 1465 1811 1503 non
1850 1453 2086 1521 judicem
2117 1459 2311 1524 egerit,

747 1538 811 1579 ac
862 1529 1109 1585 advocati
1168 1536 1428 1601 studium,
1498 1553 1604 1593 non
1657 1544 1951 1609 cognitoris
2005 1547 2311 1616 aequitatem

744 1628 929 1686 aperte
962 1621 1234 1690 indicarit,
1271 1637 1326 1680 et
1355 1629 1502 1694 quod
1533 1632 1738 1701 synodo
1767 1647 1825 1686 se
1852 1636 2315 1694 adversarium-sit

746 1710 1044 1777 professus,
1070 1729 1168 1769 nec
1194 1731 1323 1771 vero
1354 1718 1479 1773 dum
1521 1734 1580 1774 se
1613 1720 1866 1777 Romanae
1902 1722 2158 1780 Ecclesia
2196 1729 2310 1795 pri-

2419 640 2734 707 εὑρίσκεται
2777 641 2939 695 τοῦτο
3004 643 3062 694 ἐν
3132 643 3246 703 τοῖς
3325 639 3622 710 πεμφθεΐσι
3678 641 3828 710 παρά
3885 639 3981 695 τοῦ

2430 719 2840 802 Ἆλεξανδρείας
2865 733 2961 787 καὶ
2995 732 3147 803 παρά
3196 732 3293 786 τοῦ
3342 730 3980 795 κωνσταντινουπόλεως.

2489 823 2734 877 ΖΩΝΔΡ.
2767 822 2887 877 Τοῦ
2930 823 3214 893 ’Δπιαρίου
3254 822 3636 893 ἀφορισθέντος
3675 824 3739 876 ἐκ
3795 820 3895 889 τῆς
3922 824 3983 876 ἐν

2432 911 2665 981 Ἀφρικῇ
2707 912 2950 975 συνόδου,
3016 912 3110 966 καὶ
3198 912 3590 982 προσελθόντος
3643 911 3722 982 τῷ
3773 913 3976 983 πάππα

2419 1001 2746 1072 Κελεστίνῳ,
2773 1002 3025 1067 λυθέντος
3066 1021 3126 1057 τε
3157 1004 3249 1057 τοῦ
3285 1003 3613 1075 ἀφορισμοῦ,
3661 1005 3702 1058 ό
3757 1005 3984 1058 ἐπίσκο-

2421 1111 2520 1153 πος
2548 1096 2841 1157 Φαυστίνος
2883 1095 3085 1165 ἐστάλη
3124 1097 3222 1149 σὺν
3266 1096 3460 1167 ἐκείνῳ
3513 1099 3594 1161 είς
3650 1097 3979 1167 Καρχηδόνα

2419 1185 2692 1251 ἐξετάσων
2715 1186 2783 1238 τὰ
2817 1186 2941 1238 κατ’
2972 1187 3180 1240 ἐκείνου
3212 1187 3350 1257 μετά
3380 1187 3481 1256 τῆς
3544 1188 3664 1242 ’ἐκεῖ
3742 1187 3985 1243 συνόδου.

2415 1273 2731 1341 Γενομένης
2761 1274 2816 1326 δέ
2845 1274 2945 1343 τῆς
3002 1274 3274 1344 πράξεως,
3338 1276 3622 1330 ἐπέστειλε
3677 1277 3757 1347 τῷ
3816 1278 3989 1331 Κελεο

2423 1364 2642 1434 στίνῳή
2680 1363 2900 1427 σύνοδος
2922 1363 3019 1435 τὴν
3048 1366 3594 1438 ἐπιστολὴνταύτην,
3644 1368 3713 1423 δι’
3757 1364 3830 1441 ἦς
3897 1372 3984 1422 αἱ-

2419 1451 2602 1503 τιᾶται
2677 1452 2769 1504 τὸν
2850 1453 3171 1519 Φαυσττνον,
3243 1456 3320 1518 ὥς
3370 1456 3817 1525 ἀντιποιούμενον
3889 1458 3987 1514 τοῦ

2433 1541 2718 1615 Ἀπιαρίου
2747 1546 2839 1597 καὶ
2865 1545 3178 1614 πατρωνίαν
3228 1546 3316 1600 ἐπ’
3371 1548 3523 1617 αὐτῷ
3590 1549 3990 1621 ἐνδειξάμενον,

2420 1631 2585 1700 ῆγουν
2611 1635 2971 1704 προστασίαν,
3004 1635 3281 1706 βοήθειαν,
3357 1638 3556 1692 ἀλλὀὐ
3615 1640 3815 1710 κρίσιν,
3895 1644 3994 1699 καὶ

2418 1725 2662 1795 σπουδὴν
2721 1728 3091 1794 ἐκδικοῦντος,
3156 1730 3277 1784 ἀλλ’
3312 1730 3374 1784 οὐ
3419 1730 3768 1803 δικαιοσύνην
3813 1732 3994 1797 διαγι-

742 1800 1061 1871 vilegiorum
1088 1803 1357 1860 vindicem
1386 1807 1714 1871 ostenderit,
1743 1824 1773 1862 a
1808 1812 2153 1867 contumeliis
2183 1827 2315 1881 quo-
2352 1885 2393 1895 n

2352 1885 2393 1895 κ
2424 1815 2725 1883 νὼσκοντος
2743 1821 2861 1889 ἦτοι
2894 1821 3228 1887 δικάζοντος,
3288 1824 3383 1878 καὶ
3448 1800 3843 1895 ἀνθιστάμενον
3921 1827 3990 1895 τῇ

746 1906 850 1985 que
876 1894 1196 1951 abstinuerit
1221 1898 1371 1964 (sunt
1396 1909 1573 1956 autem
1610 1903 1890 1971 privilegia
1918 1913 1973 1958 et
2000 1913 2321 1972 patronatus
2346 1885 2397 1941 Β

2346 1885 2644 1976 Βσυνόδῳ,
2698 1885 2791 1966 καλ.
2823 1913 2903 1975 είς
2939 1912 3127 1985 ὕϐρεις
3146 1885 3494 1985 χωρήσαντα,
3552 1916 3628 1980 ὥς
3683 1885 3874 1985 ’δῆθεν
3925 1885 3994 1971 τά

748 1981 1005 2038 Romana:
1051 1987 1163 2041 sive
1198 1989 1402 2045 Latina:
1439 1993 1645 2061 voces),
1676 1994 2026 2049 vehementer
2059 2004 2317 2063 accusat;

2423 2001 2520 2071 τῆς
2566 2001 2855 2071 Ῥωμαίων
2898 1981 3245 2075 Ἐκκλησίας
3281 1981 3605 2059 ἐκδικοῦντα
3669 1981 3989 2077 πρι-σιλέγια

746 2075 1020 2143 quodque,
1053 2087 1115 2132 ut
1142 2078 1186 2133 is
1208 2094 1237 2133 a
1264 2084 1469 2150 synodo
1500 2085 1567 2140 ad
1598 2087 2032 2141 communionem
2053 2090 2322 2143 admitte-

2423 2096 2543 2165 ἦτοι
2593 2096 2867 2165 προνόμια
2900 2096 3021 2163 (καὶ
3078 2099 3111 2167 ἡ
3160 2098 3443 2165 πατρωνία
3490 2096 3546 2151 δὲ
3580 2096 3673 2150 καὶ
3716 2075 3795 2151 ⁷τά
3864 2115 3994 2168 πρι-

746 2178 915 2229 retur,
967 2169 1130 2225 nimia
1186 2172 1533 2230 festinatione
1581 2178 1974 2246 approperarit.
2025 2177 2145 2231 Non
2196 2192 2321 2248 pro-

2422 2185 2654 2254 διλέγια,
2689 2187 2861 2252 λέξεις
2929 2187 3240 2258 Ῥωμαϊκαὶ
3267 2189 3387 2259 ἦτοι
3413 2187 3524 2241 τῶν
3582 2187 3827 2241 Λατίνων
3862 2188 3991 2257 εισι)

744 2259 913 2313 cessit
962 2271 1163 2328 tamen,
1212 2264 1307 2319 sed
1360 2264 1542 2327 Deus,
1593 2265 1836 2323 Faustini
1896 2270 2319 2334 cunctationem,

2423 2278 2516 2330 καὶ
2545 2278 2841 2332 σπεύδοντα
2866 2279 3120 2348 δεχθῆναι
3188 2279 3354 2334 αὐτὸν
3413 2279 3563 2348 παρὰ
3594 2282 3694 2347 τῆς
3748 2279 3994 2343 συνόδου,

746 2352 1062 2419 dilationes,
1112 2358 1495 2424 protelationes
1549 2360 1777 2424 scilicet,
1839 2360 2324 2433 frustratoriasque

2422 2367 2521 2420 οὐκ
2549 2369 2827 2435 ἐξεγένετο
2859 2369 3006 2437 αὐτῷ
3033 2386 3046 2401 ’
3078 2368 3211 2423 ἀλλά
3239 2372 3266 2423 ό
3290 2369 3423 2433 Θεὸς
3460 2370 3559 2432 τὰς
3584 2369 3861 2437 παρολκάς
3896 2367 3995 2422 τοῦ

745 2442 951 2510 Apiarii
981 2447 1472 2515 tergiversationes.
1502 2449 1607 2506 hoc
1633 2460 1737 2517 est,
1768 2453 2321 2522 procrastinationes,

2424 2458 2743 2525 Φαυστίνου,
2782 2461 2878 2525 τὰς
2905 2460 3196 2526 ἀναϐολὰς,
3237 2461 3362 2522 τοὺς
3415 2459 3869 2529 ὑπερσιδασμούς
3900 2459 3998 2528 δη-

745 2536 798 2591 in
833 2540 1065 2608 negotiis
1090 2540 1347 2609 gerendis
1379 2558 1611 2609 moram,
1655 2545 1834 2597 subito
1866 2545 2155 2610 dissolvit;
2202 2560 2323 2601 eam

2426 2546 2559 2617 λαδὴ
2586 2549 2679 2600 καὶ
2733 2550 2832 2611 τὰς
2868 2548 3195 2618 τριψεργίας
3240 2546 3336 2600 τοῦ
3384 2546 3688 2615 Ἀπιαρίου,
3751 2548 4000 2599 τουτέστι

745 2638 977 2685 mentem
1022 2632 1099 2686 illi
1150 2634 1443 2697 immitens,
1494 2644 1553 2689 ut
1595 2636 1804 2703 objecta
1850 2640 2077 2693 crimina
2124 2649 2320 2710 sponte

2424 2639 2526 2702 τὰς
2553 2639 2901 2710 ὑπερθέσεις,
2928 2640 3026 2703 τὰς
3051 2641 3144 2693 ἐπὶ
3211 2641 3326 2703 τοῖς
3359 2638 3538 2710 ἔργοις
3563 2638 3756 2707 τριϐὰς
3811 2639 4000 2691 συντόο

744 2720 1114 2778 conliteretur.
1142 2721 1257 2787 His,
1294 2724 1365 2777 ita
1400 2734 1458 2778 ut
1486 2734 1602 2779 acta
1630 2736 1776 2791 sunt,
1804 2728 1858 2780 in
1886 2729 2108 2796 epistola
2142 2730 2318 2798 expli-

2430 2746 2542 2799 μως
2573 2729 2821 2800 ἐξέτεμε,
2859 2731 3290 2800 παρασκευάσας
3346 2730 3511 2783 αὐτὸν
3556 2729 3891 2799 ὁμολογῆσαι
3932 2729 4002 2782 τά

746 2816 901 2879 eatis,
934 2817 1127 2872 deinde
1154 2816 1454 2886 subjiciunt
1486 2838 1500 2873 :
1536 2819 1644 2874 Nos
1674 2829 1725 2874 te
1749 2821 1837 2889 (ad
1869 2821 2200 2877 Celestinum
2228 2839 2327 2878 au-

2427 2820 2551 2873 κατ’
2581 2823 2745 2875 αὐτὸν
2770 2823 3114 2893 ἐγκλήματα.
3183 2821 3370 2875 Ταῦτα
3418 2821 3474 2874 δέ
3562 2822 3711 2884 ὅπως
3756 2821 4003 2888 ἐγένοντο

749 2916 854 2961 tem
900 2908 1077 2963 oratio
1130 2908 1423 2979 dirigitur),
1471 2910 1527 2965 in
1572 2927 1846 2983 precursu
1898 2914 2183 2979 orationis,
2222 2917 2326 2973 hoc

2426 2910 2766 2976 καταλέξασα
2814 2913 2845 2981 ἡ
2878 2894 3135 2981 ἐπιστολὴ
3176 2912 3368 2977 ἐπάγει
3405 2925 3423 2944 ⁶
3470 2910 3562 2965 Ἐν
3599 2912 3865 2980 προφάτῳ
3892 2911 4004 2963 τοί-

745 3008 849 3065 eat,
883 3002 1133 3069 prooemii
1166 3002 1308 3067 loco,
1332 3018 1393 3058 ex
1428 3004 1621 3059 merito
1648 3006 1912 3067 venerati,
1940 3022 2008 3062 ne
2037 3008 2090 3060 in
2116 3009 2203 3075 iis,
2227 3012 2323 3080 qui

2426 3018 2543 3064 νυν,
2580 3003 2701 3056 ἀντί
2725 3002 2822 3055 τοῦ
2850 3006 2907 3054 ἐν
2937 3003 3356 3075 πρωτολογίαις,
3385 3002 3446 3055 ἐν
3506 3001 3843 3070 προοιμίοις,
3904 3002 4005 3067 τὴν

746 3106 776 3145 a
824 3092 977 3146 nobis
1022 3096 1287 3163 segregati
1334 3106 1482 3160 sunt,
1530 3096 1882 3151 admittendis
1927 3097 2226 3153 faciliorem
2274 3110 2327 3156 te

2430 3094 2781 3163 ἀρμόζουσάν
2816 3112 2898 3147 σοι
2964 3096 3338 3165 προσκύνησιν
3391 3092 3732 3162 πληροῦντες
3800 3095 4002 3162 (ταῦτα

750 3185 1014 3253 ρτεειιεοε,
1073 3199 1207 3240 neve
1250 3186 1340 3255 qui
1380 3187 1432 3240 in
1479 3201 1575 3241 sua
1626 3187 1901 3256 provincia
1946 3190 2323 3247 communione
2350 3210 2394 3270 α

2350 3210 2394 3270 C
2428 3184 2483 3237 δὲ
2514 3186 2647 3255 πρδς
2677 3186 2767 3237 τὸν
2826 3187 3169 3255 Κεῖεστῖνον)
3236 3185 3553 3254 ίκετεύομεν
3608 3186 3683 3255 μὴ
3762 3186 4005 3255 εὐχερῶς

749 3274 930 3330 multa:
961 3276 1175 3330 nomine
1195 3277 1390 3345 privati
1416 3288 1562 3338 sunt,
1586 3291 1814 3345 propere
1844 3277 2007 3332 nimis
2034 3293 2099 3333 ac
2128 3279 2324 3335 festine

2428 3276 2821 3345 προσδέχεσθαι
2860 3277 2986 3339 τούς
3018 3277 3147 3344 παρ’
3188 3276 3342 3345 ἡμῶν
3372 3275 3707 3343 γινομένους
3768 3278 4006 3328 ἀκοινω-

742 3367 1111 3421 communioni
1148 3369 1426 3431 restitnas,
1463 3371 1834 3422 obsecramus.
1864 3367 1969 3423 Sed
2004 3378 2057 3423 et
2088 3371 2324 3440 presby-

743 3467 906 3523 teros,
935 3466 988 3512 et
1016 3459 1149 3513 alios
1187 3473 1218 3513 e
1250 3459 1420 3523 clero,
1450 3474 1570 3513 sese
1608 3474 1703 3526 per
1732 3459 2144 3528 imprudentiam,
2192 3461 2323 3513 abs-

742 3565 845 3619 que
879 3548 984 3603 ulla
1018 3550 1229 3616 scilicet
1272 3550 1411 3616 iusta
1448 3563 1634 3615 causa,
1683 3550 2048 3619 proripientes
2098 3551 2322 3619 expelli,

745 3642 966 3711 suisque
999 3643 1269 3709 episcopis
1304 3640 1491 3707 reddi;
1524 3641 1654 3709 quin
1702 3651 1755 3694 et
1799 3641 2030 3696 clericos
2075 3656 2265 3697 omnes
2297 3655 2326 3695 a

747 3747 845 3786 suo
876 3746 1145 3800 quemque
1170 3731 1427 3800 episcopo
1448 3730 1680 3796 iudicari
1708 3730 2005 3800 postulant.
2039 3731 2323 3786 Canonum

744 3824 931 3887 etiam,
962 3824 1051 3893 qui
1084 3822 1186 3877 hac
1221 3824 1286 3877 de
1334 3836 1392 3875 re
1420 3824 1475 3876 in
1518 3822 1731 3876 Nicena
1762 3824 1966 3893 synodo
1999 3822 2125 3877 editi
2162 3831 2309 3885 sunt,

747 3910 1043 3963 meminere
1075 3926 1090 3962 :
1123 3923 1294 3978 neque
1329 3924 1452 3963 vero
1481 3919 1536 3963 ut
1562 3910 1727 3979 aliqui
1756 3926 1787 3965 a
1816 3926 1963 3978 papa;
1992 3912 2176 3973 latere.
2209 3913 2312 3966 ho‘c

745 4009 849 4063 est,
881 3999 971 4068 qui
1010 3998 1085 4053 illi
1122 4000 1383 4069 dignitate
1420 4000 1677 4067 proximi,
1721 4015 1783 4056 ac
1818 4004 1957 4068 apud
2003 4018 2123 4056 eum
2148 4003 2330 4059 ilione-

745 4088 911 4142 stiore
956 4088 1073 4142 loco
1112 4089 1470 4154 haberentur,
1519 4088 2005 4160 familiaritateque
2053 4092 2328 4161 conjuncti

747 4187 943 4247 prater
992 4192 1219 4235 caeteros
1266 4180 1444 4235 forent
1496 4183 1809 4245 cognitores
1861 4197 1921 4236 ac
1974 4196 2331 4239 exsecutores

750 4272 1110 4337 mitterentur,
1158 4273 1210 4327 id
1248 4288 1421 4343 usque
1463 4273 1742 4329 decretmn
1781 4283 1999 4330 exstare
2034 4275 2325 4330 aﬂirmant.

749 4362 932 4432 Neque
960 4366 1141 4431 ’enim,
1197 4365 1371 4430 aiunt,
1425 4366 1626 4435 aliquid
1664 4366 1841 4421 simile
1888 4367 1943 4419 in
1990 4367 2079 4426 iis.
2112 4382 2229 4435 quae
2262 4369 2329 4423 ab

750 4458 1116 4514 Alexandrino
1162 4458 1371 4529 Cyrillo
1422 4466 1476 4514 et
1510 4458 2119 4526 Constantinopolitano
2152 4460 2329 4513 Attico

751 4551 815 4603 ad
847 4565 945 4605 nos
977 4550 1139 4605 missa
1178 4559 1326 4614 sunt,
1364 4550 1688 4604 invenimus.
1724 4548 1801 4602 Ne
1828 4550 2006 4605 velitis
2031 4550 2195 4619 igitur
2227 4551 2331 4605 isto
2363 4557 2407 4612 ι)

2153 4566 2195 4603 ιι·
2227 4551 2331 4605 isto
2363 4557 2407 4612 ι)
2438 4546 2819 4615 ἐντιμοτέρους
2847 4548 2943 4600 καὶ
2974 4546 3359 4617 ᾠκειωμένους
3420 4546 3595 4616 αὐτῷ.
3685 4546 3821 4599 Οὐδέ

751 4644 910 4711 modo
936 4656 1116 4711 agere,
1150 4656 1249 4695 nec
1295 4641 1472 4695 inanis
1506 4639 1688 4705 glorias
1721 4638 1946 4703 fastum,
1985 4640 2116 4693 fumi
2160 4643 2335 4695 instar

751 4742 1191 4797 evanescentem,
1217 4733 1514 4787 concedere
1542 4720 1799 4786 Ecclesia:
1823 4729 1915 4785 Dei
1946 4729 2155 4786 inferri.
2190 4731 2335 4787 Sim-

752 4827 967 4897 plicitas
1022 4839 1274 4893 namque,
1312 4826 1483 4888 aiunt,
1536 4831 1590 4877 et
1634 4822 1896 4878 demissio
1928 4824 2117 4889 animi,
2165 4824 2336 4878 instar

754 4916 910 4982 lucis,
946 4917 1030 4979 iis,
1065 4921 1155 4986 qui
1207 4914 1374 4968 Deum
1412 4913 1608 4968 intueri
1649 4915 1898 4983 cupiunt,
1936 4912 2094 4967 aﬂ'ert
2139 4913 2281 4967 diem
2320 4930 2333 4966 :

754 5009 855 5062 hoc
882 5018 984 5070 est,
1017 5007 1177 5060 veluti
1217 5004 1406 5060 diﬂ'usa
1443 5006 1532 5057 lux
1578 5005 1717 5058 diem
1750 5002 1937 5065 efﬁcit,
1970 5017 2034 5056 ac
2063 5018 2158 5073 per
2187 5017 2332 5068 eam,

751 5116 871 5171 qua:
922 5100 1175 5155 sensibus
1224 5099 1620 5166 percipiuntur,
1676 5096 1862 5151 videre
1910 5094 2086 5159 licet;
2143 5095 2333 5150 eodem

754 5192 912 5247 modo
934 5191 1251 5260 simplicitas
1273 5204 1337 5243 ac
1362 5189 1637 5243 humilitas
1658 5187 1830 5241 lucem
1856 5186 2328 5251 itnmittitanimo,

754 5300 855 5353 qua
889 5284 1193 5337 illustratus
1227 5282 1391 5335 Deum
1419 5282 1624 5343 videre,
1663 5282 1762 5334 hoc
1803 5287 1905 5343 est,
1939 5288 2197 5347 quantum
2235 5278 2335 5332 ho-

760 5377 891 5430 mini
925 5376 1007 5430 fas
1040 5384 1142 5435 cst,
1177 5388 1503 5442 cognoscere
1536 5381 1724 5441 queat.

2424 3370 2637 3437 νήτους,
2670 3366 2764 3419 καὶ
2792 3368 2919 3431 τοὺς
2946 3368 3003 3419 ἐν
3026 3370 3091 3436 τῇ
3126 3367 3363 3437 ἐπαρχίᾳ
3404 3366 3584 3420 αὐτῶν
3649 3366 4007 3435 ἐπιτιμηθέν·

2425 3476 2523 3521 τας
2551 3461 2938 3532 ἁκοινωνησίᾳ,
2975 3461 3051 3531 μὴ
3082 3461 3409 3523 σπουδαίως,
3434 3461 3557 3513 ἀντὶ
3610 3460 3704 3514 τοῦ
3765 3462 4005 3528 ταχέως,

2434 3551 2742 3619 συντόμως,
2772 3551 3254 3605 ἀποκαθίστασθαι
3290 3553 3443 3622 παρά
3474 3550 3568 3605 σοῦ
3599 3554 3665 3621 τῇ
3724 3551 4009 3618 κοινωνίᾳ.

2440 3642 2603 3695 Ἀλλὰ
2628 3644 2724 3695 καὶ
2763 3644 2891 3704 τοὺς
2966 3642 3373 3713 πρεσῦυτέρους
3448 3643 3544 3697 καὶ
3607 3643 3734 3705 τοὺς
3790 3642 4008 3702 λοιποὺς

2430 3731 2774 3802 κληρικοὺς,,
2834 3734 2963 3796 τοὺς
3038 3733 3451 3801 ἀποφεύγοντας
3512 3733 3769 3796 ἀναιδῶς,
3843 3734 4011 3803 ῆγουν

2429 3823 2609 3885 αἰτίας
2646 3823 2872 3890 εὐλόγου
2898 3823 3407 3893 χωρὶς,διὼκεσθαι
3440 3823 3684 3893 ζητοῦσι,
3739 3824 3837 3876 καὶ⁵
3878 3826 4006 3875 ἀποο

2430 3914 2791 3968 καθίστασθαι
2820 3917 2935 3976 τοῖς
2964 3915 3287 3973 ἐπισκόποις
3310 3915 3513 3977 αὐτῶν,
3558 3914 3695 3968 ἀλλά
3751 3915 3860 3984 μὴν
3916 3915 4011 3969 καὶ

2430 4003 2581 4074 παρὰ
2612 4006 2722 4066 τοῖς
2754 4003 3079 4066 ἐπισκόποις
3109 4003 3289 4057 αὐτῶν
3320 4002 3642 4065 δικάζεσθαι
3674 4005 3801 4066 τούς
3875 4003 4012 4073 κληο

2436 4092 2625 4164 ρικοὺς
2650 4091 2894 4145 αίτοῦσι.
2927 4091 3219 4162 Μέμνηται
3281 4090 3337 4143 δέ
3380 4093 3473 4143 καὶ⁵
3562 4091 3804 4143 κανόνων
3882 4090 4013 4161 περὶ

2431 4184 2638 4236 τούτων
2658 4184 2756 4253 τῆς
2779 4185 2836 4236 ἐν
2891 4182 3101 4252 Νικαίᾳ
3170 4184 3416 4246 συνόδου,
3446 4181 3543 4235 καὶ
3564 4181 3802 4251 οὐδαμοῦ
3823 4182 4013 4250 λέγου-

2440 4292 2525 4329 σιν
2560 4274 2849 4345 ὁρισθῆναι
2880 4274 3199 4343 πέμπεσθαι
3226 4273 3379 4343 παρά
3419 4272 3514 4326 τοῦ
3546 4274 3749 4326 πάππα
3806 4275 4014 4327 συνδια-

2435 4363 2727 4432 γνώμονας
2754 4364 2851 4417 καὶ
2878 4364 3211 4426 ἐκδιδαστὰς
3247 4366 3311 4415 ἐκ
3360 4361 3456 4415 τοῦ
3526 4362 3765 4433 πλευροῦ
3844 4363 4013 4416 αὐτοῦ

2432 4457 2553 4526 ῆτοι
2597 4456 2923 4523 ἐγγίζοντας
2954 4456 3274 4526 αὐτῷκατά
3337 4455 3434 4524 τὴν
3487 4457 3681 4523 τιμὴν,
3739 4455 3862 4508 ἀντὶ
3916 4455 4014 4508 τοῦ

3904 4546 4016 4617 γὰρ

2437 4638 2673 4707 εὕρομεν
2695 4656 2770 4703 τι,
2800 4639 2958 4707 φασὶ,
2992 4640 3238 4692 τοιοῦτον
3282 4639 3340 4691 ἐν
3370 4640 3484 4700 τοῖς
3516 4638 3849 4707 πε-μφθείσιν
3878 4640 4012 4706 ἡμῖν

2436 4727 2590 4797 παρὰ
2617 4726 2713 4779 τοῦ
2767 4726 3183 4793 ’Δλεξανδρείας
3233 4726 3514 4796 Κυρίλλου
3551 4729 3646 4779 καὶ
3704 4724 3801 4777 τοῦ
3859 4727 4014 4779 Κων-

2438 4819 2944 4881 σταντινουπόλεως
2991 4817 3264 4871 Ἀττικοῦ.
3301 4818 3393 4887 Μὴ
3445 4812 3542 4870 οὖν
3599 4816 3784 4869 θέλετε
3841 4816 4015 4870 ταῦτα

2437 4911 2632 4971 ποιεῖν.
2668 4908 2806 4979 μηδὲ
2838 4908 3194 4978 παραχωρεῖν
3242 4906 3336 4959 τὸν
3370 4904 3628 4975 καπνώδη
3678 4904 3847 4973 τῦφον
3906 4907 4015 4957 sie-

2438 4999 2667 5067 άγεσθαι
2703 5002 2768 5070 τῇ
2816 4998 3115 5069 Ἐκκλησία
3153 4995 3248 5049 τοῦ
3276 4994 3431 5059 Θεοῦ,
3457 4995 3555 5064 τὴν
3586 4996 3664 5059 ὡς
3701 4994 3907 5048 καπνὸν
3927 5013 4015 5050 τα·

2445 5094 2586 5164 χέως
2614 5091 2978 5161 διαλυομένην
3024 5090 3119 5142 καὶ
3158 5087 3569 5157 ἀφανιζομένην
3654 5087 3967 5152 κενοδοξίαν
4003 5105 4017 5120 ·

2440 5184 2523 5235 ὅτι
2572 5182 2762 5251 φασὶν,
2797 5181 2829 5249 ἡ
2869 5178 3108 5249 ἁπλότης
3142 5179 3238 5231 καὶ
3271 5180 3302 5241 ὴ
3340 5178 3692 5241 ταπείνωσις,
3749 5178 3822 5240 ὡς
3881 5179 4016 5245 φῶς,

2452 5274 2759 5344 προσφέρει
2780 5270 2880 5341 τὴν
2943 5270 3159 5341 ἡμέραν
3232 5273 3347 5333 τοῖς
3412 5270 3662 5323 θέλουσιν
3731 5271 3864 5323 ἰδεῖν
3930 5273 4016 5325 τὸν

2441 5364 2571 5418 Θεόν
2602 5380 2616 5395 ο
2641 5364 2809 5433 ῆγουν
2852 5362 2955 5425 ὅτι,
2978 5359 3168 5431 ὥσπερ
3200 5360 3262 5413 τὸ
3310 5361 3427 5428 φῶς
3457 5360 3675 5431 λάμπον
3711 5360 3811 5430 τὴν
3879 5361 4015 5430 ὴμέ-

759 5483 859 5536 ραν
891 5467 1054 5527 ποιεῖ,
1096 5466 1185 5518 καὶ
1215 5464 1398 5517 δίδωσι
1433 5464 1490 5516 τὸ
1509 5463 1646 5533 όρᾷν
1723 5461 1791 5513 τὰ
1844 5459 2103 5529 αἰσθητὰ,
2148 5456 2322 5521 οὕτως
2362 5458 2397 5527 ὴ
2426 5454 2668 5523 ἁπλότης
2694 5451 2789 5503 καὶ
2854 5452 2887 5519 ἠ
2954 5449 3423 5521 ταπεινοφροσύνῃ
3482 5449 3695 5504 δίδωσιν
3752 5449 4016 5521 ἐλλαμψιν

756 5571 833 5631 τῷ
866 5560 941 5629 νῷ
980 5561 1061 5620 είς
1086 5560 1146 5610 τὸ
1184 5559 1317 5629 esqu
1356 5558 1446 5609 τδν
1489 5556 1642 5621 Θεὸν,
1684 5554 1971 5607 τουτέστιν
2010 5554 2082 5615 ὠς
2109 5552 2331 5620 ἐφικτὸν
2374 5547 2711 5615 κατανοῆσαι
2742 5546 2925 5600 αὐτόν.

756 5653 984 5710 ARIST.
1024 5674 1041 5707 ι
1082 5656 1204 5720 Eos,
1235 5659 1378 5726 quia
1407 5657 1559 5709 nobis
1585 5652 2154 5713 excommunicantur,
2189 5659 2341 5718 post-

839 5768 855 5799 ι
897 5750 998 5804 bac
1046 5750 1098 5802 in
1151 5749 1581 5807 communionem
1634 5747 1921 5799 admittere
1976 5759 2043 5797 ne
2098 5743 2273 5797 velitis
2324 5760 2336 5795 :

839 5858 857 5893 ι
898 5839 1112 5911 quolct
1154 5839 1205 5893 in
1241 5838 1446 5909 synodo
1489 5835 1705 5892 Nicmua
1747 5836 2017 5890 decretum
2055 5841 2157 5887 cst.
2196 5832 2334 5888 Ecce

2448 5644 2671 5700 ΑΡΙΣΤ.
2709 5662 2727 5694 ι
2766 5643 2904 5704 Τοὺς
2930 5640 3241 5711 παρ’ήμῶν
3266 5637 3737 5707 ἀποκοινωνήτους
3778 5637 3862 5700 είς
3910 5655 4016 5693 κοι.

2524 5757 2540 5789 ι
2584 5737 2781 5789 νωνίαν
2801 5736 2861 5788 τὸ
2896 5734 3079 5787 λοιπὸν
3115 5734 3189 5804 μὴ
3223 5732 3491 5802 θελήσητε
3566 5728 3979 5800 παραδέξασθαι
4008 5747 4021 5761 σ

2518 5847 2534 5880 ι
2580 5828 2715 5899 ὅπερ
2737 5830 2828 5881 καὶ
2856 5830 2921 5899 τῇ
2952 5828 3008 5880 ἐν
3035 5826 3240 5896 Natale
3273 5822 3735 5894 suvdﬁtpﬂiptetat.
3755 5820 3891 5877 Ἰδοὺ
3918 5822 4016 5891 γάρ
