4224 6440
251 430 351 507 ίῖῦ

1221 436 1303 498 ΙΝ
1329 438 1493 499 CAN.
1531 434 1781 501 CXXXV
1820 440 2028 502 CONC.
2071 442 2444 507 CARTHAG.

3364 447 3467 511 450

313 571 330 603 ι
372 554 469 602 καὶ
488 546 787 618 ’Δπιάριος,
813 544 1017 615 δεχθεὶς
1033 547 1187 615 παρά
1209 564 1325 611 σου,
1341 549 1411 616 τῇ
1436 548 1638 617 συνόδῳ
1659 548 1816 601 ἀντέ-
1841 552 1893 612 Α

1805 552 1893 612 -Α
1995 569 2013 601 ε
2051 552 2191 605 enim
2217 562 2271 606 et
2298 553 2605 621 Appiarius,
2638 564 2667 605 a
2700 561 2749 607 te
2779 553 3063 618 admissus,
3096 558 3296 625 synodo
3322 557 3473 609 resti-

321 657 339 691 ε
390 654 512 709 στη,
530 638 622 690 καὶ
643 636 802 706 ὓϐριν
832 638 1127 706 ὑπήνεγκε,
1148 638 1245 689 καὶ
1267 637 1425 699 τέλος
1440 639 1809 708 μετεστράφη,

327 748 346 780 ι
392 729 488 781 καὶ
517 728 705 781 ἑαυτὸν
728 726 941 797 ἠλεγξε,
973 728 1281 798 καταλήξας
1305 730 1385 791 είς
1416 728 1805 798 στεναγμούς.»

321 820 615 889 Δεξάμενοι
653 821 702 873 οι
737 820 978 888 Πατέρες
1006 814 1155 873 οὗτοι
1185 821 1252 873 τὰ
1277 820 1371 873 ίσα
1414 823 1514 888 τῆς
1589 822 1648 871 έν
1713 820 1810 872 Νι-

253 914 393 981 καίᾳ
426 913 643 965 συνόδου
676 910 1023 980 άναμφίϐολά
1051 928 1108 963 τε
1143 913 1237 963 καὶ
1286 910 1651 980 ἀληθέστατα,
1719 911 1812 963 καὶ

254 1005 332 1071 μὴ
361 1003 617 1067 εὑρόντες
673 1002 732 1053 έν
794 1004 906 1063 τοῖς
957 1002 1178 1054 κανόσιν
1237 1001 1407 1069 αὐτῆς
1480 1002 1694 1070 ὁρισθὲν
1755 1002 1814 1054 τὸ

254 1094 405 1160 παρὰ
435 1095 636 1146 πάππα
672 1091 765 1145 τοῦ
802 1092 1113 1156 στέλλεσθαι
1165 1093 1447 1161 ὑπηρέτας
1504 1091 1691 1156 αὑτοῦ,
1720 1094 1815 1144 καὶ

248 1184 350 1247 τὰς
385 1185 682 1247 ικιιλήτους
704 1184 814 1235 τῶν
844 1184 1160 1236 επισκόπων
1191 1184 1225 1252 ἢ
1278 1184 1555 1254 κληρικῶν
1600 1184 1811 1252 γυμνά-

251 1276 445 1339 ζεσθαι
474 1277 603 1345 παρ’
630 1276 813 1338 αὐτοῖς
838 1290 855 1306 ο
895 1275 1141 1345 εγραψαν
1184 1276 1321 1345 πρὸς
1356 1276 1447 1328 τὸν
1497 1275 1815 1328 Κελεστίνον

250 1367 344 1418 τὸν
374 1368 606 1418 πάππαν
651 1366 893 1435 Ῥώμης,
925 1366 1124 1431 μηκέτι
1153 1367 1279 1425 τοὺς
1312 1368 1443 1435 παρ’
1468 1366 1651 1419 αὐτῶν
1680 1368 1815 1435 atpo-

252 1450 577 1520 ριζομένους
612 1452 850 1521 εὐχερῶς
909 1452 996 1522 δὴ,
1052 1453 1147 1505 καὶ
1202 1452 1389 1515 καθὼς
1429 1455 1488 1506 οὐ
1549 1454 1676 1522 χρὴ,
1736 1458 1815 1517 είς

252 1544 538 1596 κοινωνίαν
584 1542 975 1613 άπῦκαθιστᾲν,
1032 1546 1065 1614 ἢ
1104 1544 1199 1606 τὰς
1238 1544 1535 1614 έκκλήτους
1564 1545 1813 1613 δέχεσθαι

251 1636 361 1688 τῶν
388 1635 767 1703 έπισκόπωνῆ
817 1634 1115 1704 κληρικῶν,
1179 1634 1293 1687 τῶν
1354 1636 1432 1697 είς
1502 1634 1816 1703 καθαίρεσιν

254 1726 385 1793 παρ’
439 1725 617 1778 αὐτῶν
650 1726 1155 1778 καταδικασθέντων
1189 1740 1203 1754 ο
1270 1724 1365 1777 καὶ
1417 1725 1817 1795 πρεσϐυτέρους

1986 658 2005 691 ε
2044 645 2127 705 tit,
2154 654 2209 697 et
2236 644 2482 712 injuriam
2508 644 2708 705 attulit,
2735 652 2789 698 et
2812 646 3024 699 tandem
3049 660 3345 701 conversus
3367 657 3471 712 est,

1990 750 2008 781 ε
2046 742 2100 785 et
2128 734 2360 800 seipsum
2386 735 2750 802 reprehendit,
2780 736 3025 800 snspiriis
3052 736 3324 791 desinens.
3363 754 3397 788 »ε

1985 821 2172 877 Patres
2212 824 2267 877 lii
2296 824 2593 878 indubitata
2624 834 2678 877 et
2708 822 2989 879 verissima
3026 829 3212 895 synodi
3242 826 3473 882 Nlcaenaa

1914 915 2241 981 exemplaria
2282 916 2623 983 recipientes,
2666 916 2721 968 in
2755 916 3053 969 canonibus
3087 917 3227 970 illius
3259 933 3365 971 non
3397 920 3475 971 in-

1915 1006 2189 1059 venientes
2240 1006 2532 1069 decretum,
2581 1017 2636 1059 ut
2679 1021 2708 1059 a
2768 1022 2901 1075 papa
2957 1011 3301 1061 mitterentur
3350 1012 3466 1075 ejus

1918 1094 2171 1158 minisui,
2198 1102 2251 1147 et
2272 1095 2651 1163 episcoporum
2672 1104 2724 1147 et
2747 1096 3065 1148 clericorum
3093 1098 3475 1163 appellationes

1916 1183 2052 1250 apud
2088 1198 2178 1237 eos
2202 1194 2605 1249 exercerentur,
2645 1186 2711 1238 ad
2734 1185 3057 1239 Celestinum
3083 1185 3263 1240 Romae
3286 1201 3474 1255 papam

1915 1275 2269 1343 scripserunt,
2300 1286 2355 1327 ut
2383 1284 2565 1343 postea
2609 1278 2675 1329 ab
2712 1277 2846 1342 ipsis
2874 1287 3181 1345 segregatos
3225 1276 3402 1340 facile,
3427 1288 3478 1329 et

1917 1375 1975 1418 ut
2000 1382 2103 1418 non
2133 1369 2305 1428 decet,
2336 1368 2387 1418 in
2414 1368 2845 1421 communionem
2875 1382 2979 1420 n0n
3021 1370 3350 1429 restitueret,
3384 1382 3479 1419 nec

1917 1454 2291 1522 episcoporum
2321 1464 2413 1506 aut
2454 1454 2775 1508 clericorum
2814 1457 2881 1509 ab
2916 1458 3045 1523 ipsis
3085 1459 3147 1508 ad
3188 1457 3479 1522 depositio-

1918 1557 2042 1595 nem
2078 1542 2555 1596 condcmnatorutn
2598 1544 3013 1612 appellationem
3062 1547 3347 1614 reciperet,
3385 1562 3481 1599 nec

1918 1634 2263 1701 presbyteros
2289 1647 2415 1686 suos
2461 1634 2727 1697 mitteret;
2764 1645 2816 1687 et
2846 1637 2910 1689 iis
2952 1637 3328 1705 appellationis
3357 1652 3481 1691 exa-

1918 1724 2268 1778 minationem
2321 1724 2705 1789 committeret,
2753 1726 2845 1778 sed
2898 1736 2954 1779 ut
2995 1727 3476 1780 condetnnatorum

256 1816 423 1877 ἰδίους
456 1816 719 1882 στέλλειν,
748 1818 839 1869 καὶ
867 1816 967 1888 τὴν
1014 1818 1114 1885 τῆς
1149 1816 1416 1885 ἰκκλήτου
1489 1815 1814 1884 δοκιμασίαν
1838 1880 1884 1888 _
1922 1830 1924 1858 I

1813 1838 1884 1888 ι-
1922 1816 2295 1883 unusquisque
2343 1815 2411 1868 ad
2451 1816 2686 1885 propriae
2712 1817 3003 1884 provincia:
3042 1817 3273 1885 synodos
3302 1818 3481 1885 appel—

254 1906 570 1958 ἀνατιθέναι
621 1880 847 1969 αὐτοῖς·
920 1880 1317 1959 animum;
1360 1906 1468 1957 τῶν
1523 1880 1922 1959 καταδικα-ΒΙ

1808 1880 1886 1945 -Β
1916 1903 2072 1968 laret,
2094 1903 2149 1965 si.
2169 1903 2345 1968 vellet,
2378 1904 2459 1957 vel
2487 1904 2650 1958 etiam
2675 1904 2740 1957 ad
2768 1905 3023 1973 synodum
3056 1906 3476 1968 mcumenicam;

223 2031 226 2033 λ
254 1998 497 2049 σθέντων
530 1998 667 2067 πρὸς
697 1998 796 2059 τὰς
832 1997 1086 2059 συνόδους
1110 1997 1209 2066 τῆς
1244 1996 1380 2058 ιδίας
1410 1996 1683 2065 ἐπαρχίας
1718 1998 1811 2049 ὲκ-

252 2088 557 2151 καλείσθαι,
589 2091 637 2140 εί
669 2087 941 2157 βούλεται,
980 2088 1013 2155 ἢ
1041 2087 1120 2139 ἔτι
1156 2087 1264 2156 μὴν
1319 2087 1455 2154 πρὸς
1512 2088 1817 2156 οίκουμενι-

252 2178 356 2247 κὴν
382 2176 599 2229 σύνοδον
626 2192 640 2205 ·
674 2179 759 2229 ίνα
790 2181 863 2246 μὴ
889 2178 1155 2244 κοσμικὸν
1189 2177 1357 2245 τῦφον
1414 2180 1482 2245 τῇ
1528 2176 1622 2230 τοῦ
1678 2179 1815 2247 Χρι-

250 2268 379 2321 στοῦ
412 2266 707 2337 Ἐκκλησία
733 2268 975 2334 εἰσάγειν
992 2267 1138 2337 δόξῃ.
1160 2266 1523 2337 Παρέστησαν
1549 2267 1606 2319 δὲ
1635 2266 1813 2331 τοῦτο,

247 2361 309 2412 τδ
348 2360 416 2424 ἐξ
438 2358 612 2427 ἔργων
643 2357 821 2411 αὐτῶν
848 2360 942 2411 καὶ
968 2357 1125 2428 ὓϐριν
1153 2362 1275 2421 ταῖς
1320 2359 1668 2430 Ἐκκλησίαις
1714 2363 1814 2413 έπ-

254 2452 394 2517 άγον
424 2466 437 2482 ·
465 2450 555 2502 τὸν
589 2451 695 2518 γάρ
724 2450 1092 2521 πρεσϐύτερον
1154 2451 1456 2520 ’Δπιάριον,
1516 2452 1579 2502 ὲκ
1611 2453 1709 2520 τῆς
1760 2453 1816 2503 έν

250 2542 427 2613 Σίκκῃ
468 2541 792 2611 Ἐκκλησίας
821 2541 1214 2612 ἀποκινηθέντα
1247 2542 1313 2595 δι’
1336 2541 1587 2607 εὐλόγους
1616 2543 1814 2607 αίτίας,

248 2630 371 2687 εἶτα
400 2635 549 2705 αὐτῷ
578 2636 643 2705 δὴ
666 2635 741 2704 τῷ
794 2637 1102 2706 Κελεττίνῳ
1164 2637 1242 2706 τῷ
1304 2637 1524 2707 Ῥώμης
1584 2638 1816 2706 προσελ-

249 2727 435 2791 θόντα,
480 2731 573 2780 καὶ
604 2727 733 2797 παρ’
766 2727 930 2780 αὑτοῦ
961 2727 1241 2798 δεχθέντα,
1275 2730 1370 2781 καὶ
1424 2728 1561 2795 μετὰ
1591 2730 1819 2781 Φαυστί-

249 2834 343 2869 νου
377 2816 470 2869 τοῦ
502 2819 803 2871 ἐπισκόπου
834 2820 1092 2872 σταλέντα
1124 2820 1261 2889 πρὸς
1282 2819 1381 2887 τὴν
1412 2820 1699 2888 Ἀφρικὴν,
1725 2818 1817 2870 ἐπὶ

246 2907 322 2975 τῷ
349 2906 679 2978 ἀποδοθῆναι
715 2909 875 2961 αὐτὸν
908 2905 1061 2969 αὖθις
1092 2909 1169 2978 τῷ
1195 2905 1596 2979 πρεσϐυτερίῳ,
1629 2910 1819 2973 κατεξ-

249 2997 551 3066 ετασθῆναι
582 2998 641 3049 δὲ
686 2998 783 3053 καὶ
815 3000 883 3049 τὰ
904 2998 1033 3068 παρ’
1061 2999 1239 3052 αὐτῶν
1267 3000 1331 3067 δὴ
1368 2998 1476 3050 τῶν
1528 2998 1819 3068 Θαραϐρα-

250 3087 432 3155 κηνῶν
469 3088 589 3140 κατ’
620 3087 787 3141 αὑτοῦ
831 3088 1187 3158 ἐπενεχθέντα
1230 3089 1550 3157 ἔγκληματα
1575 3102 1590 3117 ·
1666 3090 1820 3140 ἀναι-

253 3181 613 3247 σχυντότερον
654 3180 843 3234 τοῦτον
876 3182 936 3232 τὸ
991 3180 1319 3243 σπουδαίως,
1348 3181 1443 3231 καὶ
1471 3180 1545 3241 ὡς
1571 3179 1669 3231 οὐκ
1689 3179 1815 3243 ἔδει,
1846 3220 1892 3279 c

248 3271 327 3331 είς
379 3274 672 3325 κοινωνίαν
726 3274 1135 3343 παραδεχθῆναι
1190 3273 1523 3340 κατέστησε,
1605 3273 1697 3323 καὶ
1748 3273 1814 3340 τῇ

248 3363 452 3431 συνόδῳ
483 3362 669 3433 ὕϐρεις
695 3366 990 3433 ἐπάγοντα,
1023 3365 1097 3427 ὡς
1133 3364 1207 3434 μὴ
1243 3364 1533 3433 δεχόμενον
1561 3362 1689 3430 παρ’
1720 3362 1819 3413 αὑ-

250 3456 371 3525 τῆς,
406 3457 497 3510 διὰ
520 3461 582 3511 τὸ
602 3459 730 3520 τοὺς
761 3458 1103 3527 κατηγόρους
1135 3458 1279 3509 κατὰ
1330 3455 1623 3525 πρόσωπον
1654 3452 1815 3505 αὑτοῦ

248 3546 527 3612 ίστασθαι,
554 3551 646 3601 καὶ
670 3549 993 3618 ἀπελέγχειν
1043 3549 1231 3610 αὑτὸν,
1264 3549 1357 3599 καὶ
1416 3547 1551 3615 μετά
1614 3545 1814 3606 πολλὰς

248 3638 559 3705 ἀντιλογίας
592 3641 684 3688 καὶ
747 3638 1135 3706 ἀναισχύντους
1164 3638 1421 3705 ἀρνήσεις
1484 3650 1813 3703 στενοχωρη-

1916 2008 1983 2046 ne
2016 1995 2325 2048 saecularem
2362 1994 2561 2047 fastum
2595 1996 2647 2048 in
2675 1994 2876 2047 Christi
2902 1994 3199 2047 Ecclesiam
3239 1996 3480 2048 introdu-

1919 2096 2043 2137 cere
2090 2084 2382 2139 videretur.
2434 2084 2539 2139 Sed
2587 2084 2715 2138 illud
2747 2088 2909 2138 etiam
2942 2086 3109 2155 678
3162 2087 3211 2139 in
3248 2088 3478 2141 medium

1916 2175 2304 2244 producebant,
2333 2179 2475 2243 quod
2507 2178 2910 2231 ex~istiusmodi
2948 2180 3206 2247 operibus
3240 2178 3477 2233 Ecclesia

1919 2266 2245 2319 contumelia
2277 2264 2601 2321 afﬁceretur.
2632 2267 2766 2321 Nam
2799 2269 3076 2335 Apiarinut
3107 2269 3479 2337 presbyterum

1920 2353 2088 2407 Siccae
2137 2354 2387 2410 Ecclesiae
2429 2358 2496 2411 ob
2526 2358 2700 2425 justas
2748 2372 2940 2411 causas
2987 2367 3244 2421 amotum,
3292 2360 3483 2414 deinde

1918 2446 1983 2499 ad
2013 2446 2181 2515 ipsum
2204 2446 2535 2501 Celestinum
2566 2444 2749 2503 Romae
2771 2450 3083 2518 episc0putn
3112 2452 3477 2515 accedentem,

1918 2547 1972 2591 et
2003 2537 2068 2590 ab
2117 2552 2182 2592 eo
2223 2548 2528 2607 acceptum,
2564 2550 2619 2594 et
2654 2555 2773 2593 cum
2813 2540 3072 2594 Faustino
3115 2543 3367 2609 episc0po
3415 2545 3480 2595 ad

1918 2628 2153 2681 Africam
2190 2628 2438 2692 missum,
2470 2638 2525 2681 ut
2555 2631 2891 2698 presbyterio
2923 2630 3035 2696 ipse
3071 2630 3266 2686 iterum
3297 2633 3483 2685 redde-

1921 2730 2092 2783 retur,
2124 2734 2240 2787 qua:
2271 2729 2449 2773 autem
2484 2722 2551 2774 ab
2581 2722 2710 2790 ipsis
2742 2716 3169 2777 Tliai'abrarenis
3200 2725 3246 2776 ei
3277 2726 3483 2793 objecta

1920 2807 2136 2861 fuerant
2170 2808 2397 2861 crimina
2448 2809 2915 2870 examinarentur,
2951 2808 3481 2876 impudetttissimum

1922 2898 2083 2953 istum
2114 2913 2364 2967 propere,
2392 2908 2446 2951 et
2489 2909 2545 2950 ut
2581 2914 2687 2952 non
2721 2899 3026 2967 oportebat,
3054 2901 3119 2952 ad
3151 2902 3485 2953 communio.

1919 3003 2045 3043 nem
2093 2988 2256 3055 recipi
2310 2989 2611 3052 constituit,
2663 2991 2825 3042 etiam
2878 2989 3083 3059 synodo
3130 2992 3485 3045 contumelias

1920 3080 2267 3147 alﬂigentem,
2299 3090 2356 3131 ut
2387 3081 2453 3133 ab
2483 3096 2543 3133 ea
2583 3094 2687 3133 non
2723 3093 3023 3149 acceptum,
3054 3096 3117 3134 eo
3148 3083 3287 3149 quod
3323 3096 3485 3137 accu-

1922 3182 2129 3225 satores
2169 3170 2285 3238 ejus
2315 3184 2494 3223 coram
2531 3170 2768 3232 stabant,
2804 3183 2857 3225 et
2898 3185 3019 3224 eum
3054 3172 3474 3235 convincebant,

1922 3264 2011 3330 qui
2046 3272 2159 3330 post
2202 3263 2399 3316 multas
2434 3263 2893 3315 c0ntradictiones
2928 3273 2981 3317 et
3017 3266 3357 3331 impudentes
3391 3265 3487 3317 de-

1923 3354 2254 3421 negationes,
2280 3355 2611 3421 argumentis
2637 3354 2841 3421 pariter
2871 3364 2923 3407 et
2954 3355 3166 3422 prapria
3197 3354 3485 3408 conscien-

1923 3442 1993 3494 tia
2044 3442 2097 3493 in
2154 3444 2424 3509 angustias
2482 3444 2825 3511 compulsus.
2893 3445 3117 3496 crimina
3175 3445 3222 3497 ei
3279 3445 3484 3510 objecta

1921 3530 2133 3600 publice
2177 3530 2473 3597 confessus,
2504 3541 2558 3585 et
2606 3534 2659 3586 iu
2701 3534 2929 3602 suspiria
2981 3550 3271 3591 conversus
3315 3548 3397 3590 est
3428 3551 3478 3593 cl

1922 3620 2208 3688 lacryutas.

249 3735 412 3788 θέντα
460 3732 567 3785 ὑπό
600 3749 657 3785 τε
712 3734 821 3786 τῶν
881 3734 1122 3801 ἐλέγχων
1170 3733 1262 3786 καὶ
1322 3732 1422 3801 τῆς
1476 3731 1616 3793 ιδίας
1686 3733 2066 3804 συνειδήσεως,
2102 3738 2339 3809 δημοσίᾳ
2409 3740 2821 3812 ὁμολογήσαντα
2874 3746 2944 3797 τά
3008 3744 3127 3798 κατ’
3155 3748 3315 3803 αὑτοῦ
3352 3767 3483 3821 προ-

255 3827 482 3882 τεθέντα
511 3826 857 3896 ἐγκλήματα,
917 3826 1014 3880 καὶ
1075 3827 1156 3890 είς
1216 3826 1572 3888 στεναγμοὺς·
1619 3828 2069 3896 μεταστραφέντα
2095 3830 2193 3896 καὶ
2219 3829 2450 3900 δάκρυα.

261 4061 362 4115 Ἐκ
402 4057 522 4111 τῶν
542 4053 929 4124 πραχθέντων
956 4052 1396 4122 ὑπομνημάτων
1423 4050 1822 4106 ὲνΚωνσταν-

318 4146 816 4212 τινουπολειπερι
840 4145 1124 4214 ’Δγαπίου
1174 4142 1273 4196 καὶ
1319 4141 1631 4209 Βαγαδίου,
1690 4144 1822 4197 ἐκα-

317 4241 493 4311 τέρου
543 4238 947 4308 ἀντεχομένου
980 4238 1088 4304 τῆς
1128 4232 1467 4300 ἐπισκοπῆς
1525 4236 1822 4304 Βόστρων.

255 4402 275 4434 ε
320 4382 447 4435 Ἐπὶ
470 4378 737 4439 ὑπατείας
763 4376 871 4429 τῶν
898 4374 1306 4430 εὐσεϐεστάτων
1325 4379 1423 4427 καὶ
1466 4373 1817 4442 θεοφιλεστά-

328 4493 348 4525 ε
398 4489 506 4526 των
546 4469 811 4540 βασιλέων
833 4466 990 4536 ημῶν
1013 4465 1245 4518 Φλαϐίου
1284 4464 1598 4535 Ἀρκαδίου,
1618 4464 1823 4532 Αὐγού-

327 4581 347 4614 ε
399 4579 527 4615 στου
549 4560 629 4629 τῷ
646 4558 834 4627 τρίτῳ,
860 4554 1209 4625 καὶὪνορίου
1226 4554 1303 4625 τῷ
1323 4555 1581 4625 δευτέρῳ,
1614 4554 1691 4623 τῷ
1714 4555 1817 4623 πρὸ

324 4670 344 4703 ε
393 4651 561 4721 τριῶν
583 4647 862 4700 καλανδῶν
905 4646 1275 4715 Ὀκτωϐρίων,
1312 4646 1371 4697 ἐν
1415 4644 1496 4713 τῷ
1546 4660 1817 4713 φωτιστη-

326 4762 345 4795 ε
396 4743 498 4812 ρίῳ
525 4742 623 4810 τῆς
649 4741 707 4791 έν
726 4738 1295 4791 Κωνσταντινουπόλει
1319 4737 1627 4804 ἁγιωτάτης
1696 4734 1817 4786 Ἐκ-

326 4854 346 4885 ε
396 4832 644 4901 κλησίας,
677 4828 1050 4883 καθεσθέντων
1079 4828 1185 4880 τῶν
1215 4829 1537 4892 ἁγιωτάτων
1597 4826 1820 4877 ἐπισκό-

326 4944 347 4977 s
397 4941 515 4976 πων
548 4921 855 4991 Νεκταρίου
888 4918 1529 4981 Κωνσταντινουπόλεως,
1560 4916 1817 4984 Θεοφίλου

330 5032 351 5067 ε
417 5011 852 5081 ’Δλεξανδρείας,
887 5008 1567 5077 ΦλαϐιανοῦἋντιοχείας,
1622 5007 1823 5061 Παλλα-

331 5125 350 5159 ε
400 5104 515 5157 δίου
550 5102 890 5170 Καισαρείας
915 5102 1335 5165 Καππαδοκίας,
1399 5100 1659 5152 Γελασίου
1682 5100 1820 5151 Και-

332 5218 351 5251 ε
406 5197 632 5265 σαρείας
657 5193 1041 5261 Παλαιστίνης,
1070 5193 1372 5262 Γρηγορίου
1418 5190 1660 5258 Νύσσης,
1691 5188 1819 5256 Ἀμ-

328 5310 346 5343 ε
396 5288 640 5357 φιλοχίου
674 5285 925 5347 Ἰκονίου,
965 5284 1177 5337 Παύλου
1222 5281 1589 5352 Ἡρακλείας,
1660 5280 1819 5349 Ἀρα-

330 5398 350 5431 s
399 5375 590 5429 ϐιανοῦ
636 5374 931 5443 Ἀγκύρας,
961 5375 1253 5441 ’Ἄμμωνος
1313 5369 1817 5439 Ἀδριανουπόλεως,

327 5491 347 5523 ι
404 5466 669 5536 Φαλερίου
694 5465 933 5535 Ταρσοῦ,
957 5465 1187 5519 Λουκίου
1222 5462 1597 5533 Ίερατιόλεως,
1644 5460 1821 5512 Ἐλπι-

328 5583 347 5616 ε
398 5563 514 5614 δίου
543 5561 888 5622 Λαοδικείας,
922 5556 1134 5611 Παύλου
1179 5553 1568 5623 ’Δλεξανδρῶν,
1603 5553 1821 5605 Διοσκό-

327 5672 347 5703 ε
400 5666 497 5723 pou
580 5649 1020 5719 Ἐρμουπόλεως,
1120 5644 1423 5713 Προϐατίου
1501 5642 1816 5709 Βερονίκης,

331 5763 350 5797 ε
402 5741 683 5810 Θεοδώρου
778 5738 1173 5807 Μοψουεατίας,
1259 5734 1415 5797 Βίζου
1475 5732 1817 5797 Σελευκείας,

329 5854 349 5889 ε
407 5832 715 5895 Ἐπαγώθου
746 5828 1299 5897 Μαρκιανουπόλεως,
1324 5825 1607 5896 Γεροντὶου
1638 5825 1819 5877 Κλαυ-

1930 4056 2012 4111 Ea:
2052 4062 2397 4115 monumentis
2429 4069 2667 4115 actorum
2700 4061 3155 4129 Constantinopoli
3193 4064 3256 4117 de
3281 4065 3481 4136 Agapr'o

2004 4158 2054 4203 et
2120 4149 2397 4220 Bagadt'o,
2471 4164 2685 4222 utroque
2756 4154 3049 4207 vindicatus
3129 4154 3483 4223 episcopatum

1992 4241 2217 4297 Rostra.

1926 4400 1942 4432 ι
1986 4383 2041 4436 In
2071 4384 2357 4437 consulatu
2396 4384 2925 4454 religiosissimorum
2956 4393 3009 4438 et
3046 4383 3139 4439 Dei
3166 4385 3477 4439 amantissi-

2002 4492 2020 4525 ι
2058 4488 2267 4528 morum
2321 4458 2706 4541 imperatorum
2768 4483 3072 4528 nostrorum
3126 4474 3205 4528 Fl.
3263 4475 3483 4529 Arcadii

1996 4580 2014 4614 ι
2052 4563 2281 4632 Augusti
2321 4564 2564 4625 tertium,
2597 4573 2651 4616 et
2695 4562 2911 4617 Honorii
2957 4565 3273 4627 secundum,
3323 4566 3386 4617 A.
3421 4564 3482 4617 D.

2003 4670 2019 4703 ι
2061 4655 2219 4708 tertio
2254 4653 2505 4707 calendas
2539 4652 2786 4709 Octobris
2824 4656 2873 4706 in
2907 4654 3228 4723 Baptisterio
3255 4658 3484 4711 sanctis-

2003 4758 2021 4791 ι
2061 4741 2210 4795 sima:
2252 4740 2865 4810 Consuntinopolitana:
2911 4743 3181 4807 Ecclesiae,
3240 4747 3483 4799 sedenti-

2008 4848 2026 4881 ι
2064 4831 2165 4885 b‘us
2197 4834 2556 4887 sanctissimis
2587 4835 2877 4901 episcopis,
2917 4834 3171 4888 Nectario
3208 4834 3483 4889 Constan-

2000 4940 2018 4973 ι
2061 4922 2430 4990 tinopolitano,
2465 4923 2766 4991 Titeopltilo
2804 4924 3186 4987 Alexandrino,
3223 4923 3485 4979 Flaviano

1997 5028 2016 5061 ι
2055 5012 2431 5077 Antiocheno,
2488 5010 2725 5065 Palladio
2792 5012 3046 5066 Caesarea:
3100 5012 3483 5082 Cappadocia,

2001 5120 2019 5152 ι
2056 5102 2270 5156 Gelasio
2301 5102 2562 5156 (ἐκδεῖραι
2605 5100 2923 5163 Palaestinae,
2974 5102 3234 5171 Gregorio
3282 5103 3486 5173 Nyssw,

2000 5213 2018 5245 ι
2059 5194 2433 5262 AntplnilOchio
2465 5192 2649 5254 Ιςοηίἰ,
2688 5194 2849 5250 Paulo
2884 5194 3177 5259 lleraclctr,
3215 5197 3487 5249 Arabiano

1997 5302 2015 5335 ι
2055 5287 2304 5354 Ancyrae,
2330 5286 2593 5338 Ammone
2615 5285 3009 5353 Adrianopoiis,
3037 5284 3284 5339 Plialetio
3308 5286 3483 5349 Tarsi,

2012 5394 2029 5425 ι
2069 5373 2237 5428 Lucio
2312 5374 2633 5441 Hierapolis,
2694 5375 2904 5442 Elpidio
2959 5376 3270 5437 Laodicaete.
3329 5378 3491 5431 Paulo

2002 5483 2021 5515 ι
2062 5464 2512 5527 Alexandrorum,
2552 5464 2806 5517 Dioscoro
2836 5464 3197 5533 Hermopolis,
3238 5466 3491 5521 Probatio

2001 5574 2020 5607 ε
2054 5554 2361 5619 Beronices,
2405 5553 2693 5609 Theodoro
2725 5554 3082 5619 Mapsuestize,
3130 5554 3255 5609 Bizo
3306 5555 3489 5610 Seleu-

1994 5665 2012 5697 ε
2052 5648 2167 5708 ciae,
2198 5645 2479 5716 Epugulhu
2523 5645 2955 5713 Marcianopolis,
3004 5644 3267 5700 Gerontio
3317 5645 3485 5698 Clau-

1997 5756 2015 5788 ε
2053 5737 2374 5805 dianopolis,
2420 5748 2474 5791 et
2512 5737 2638 5790 aliis
2672 5737 2897 5791 diversis
2944 5738 3233 5807 episcopis,
3281 5750 3333 5791 et
3371 5740 3490 5790 titti-

2000 5849 2017 5881 ι
2057 5844 2213 5887 verso
2258 5832 2450 5887 ordine
2492 5831 2853 5897 sacerdotali;
2886 5830 3169 5887 Nectarius
3203 5831 3488 5899 episcopns
