4224 6440
773 388 884 493 tsi

2036 428 2317 490 THEOD.
2352 426 2752 488 BALSAMON
3895 428 4006 490 452

866 564 885 595 ε
920 541 1544 611 Constantinopolitnnus
1572 541 1744 596 dixit:
1780 538 1976 595 Sancta
2009 542 2109 596 hac
2136 540 2347 611 synodo
2377 551 2421 605 Α
2528 560 2534 588 t

2342 551 2421 605 ›Α
2528 558 2546 591 ε
2590 538 3011 606 διανουπόλεως,
3047 540 3140 595 καὶ
3192 542 3396 612 ἑτέρων
3462 540 3734 612 διαφόρων
3784 542 4010 594 δπισκόη

864 654 882 685 ε
926 635 1014 687 Dei
1040 636 1209 699 gratia
1234 648 1416 687 rursus
1437 634 1487 686 in
1515 634 1615 687 hoc
1640 643 1828 686 sancto
1856 634 1974 686 loco
2001 642 2343 701 congregata,

861 743 878 775 ι
920 724 964 778 si
990 725 1176 777 eadem
1207 735 1518 778 sanetorum
1557 723 1777 777 fratrum
1813 732 1867 776 et
1904 722 1957 775 in
1997 722 2169 775 sacris
2199 735 2347 774 com-

862 832 881 865 ι
920 818 1289 869 ministrorum
1334 817 1572 885 synodus
1604 815 1678 866 ita
1717 821 1923 875 censet,
1974 813 2096 880 quia
2133 814 2348 866 adstare
2418 856 2425 862 .

856 923 875 956 ι
920 904 1075 959 video
1105 920 1219 967 eos,
1250 904 1340 975 qui
1361 906 1694 958 contendunt
1718 906 1785 959 de
1820 903 2201 958 Bostrenorum
2229 902 2348 970 epi-

865 1012 881 1043 ι
925 1004 1169 1061 scopatu,
1199 995 1401 1048 fratres
1426 1003 1642 1048 nostros
1666 992 1959 1062 Bagadium
1985 1002 2038 1045 et
2063 982 2346 1061 Agapiutn,

858 1101 877 1132 ε
917 1085 969 1136 hi
1003 1098 1095 1137 sua
1124 1085 1262 1138 inter
1282 1099 1341 1138 se
1366 1084 1725 1149 invicemjura
1751 1084 2005 1152 incipiant
2029 1096 2349 1151 proponere.

864 1191 881 1223 ι
920 1174 984 1225 Ει
1025 1185 1307 1243 postquam
1341 1174 1521 1242 aliqua
1556 1176 1625 1227 ab
1655 1176 1733 1227 eis
1764 1188 1859 1242 pro
1886 1175 1984 1227 hac
2026 1186 2187 1226 causa
2229 1179 2350 1225 acta

813 1248 815 1250 ’
866 1280 882 1313 ι
926 1275 1127 1329 essent,
1172 1271 1227 1317 et
1251 1265 1376 1317 dicti
1423 1263 1641 1333 Bagadii
1673 1263 2352 1331 depositionemaduobus

863 1374 881 1406 ι
925 1356 1055 1409 solis
1090 1354 1355 1422 episcopis
1387 1354 1497 1422 jam
1530 1362 1769 1422 tempore
1799 1353 1961 1421 hujus‘
1987 1352 2174 1422 synodi
2210 1359 2352 1404 mor-

862 1465 880 1496 ι
925 1447 1033 1499 luis
1064 1444 1259 1497 factam
1288 1454 1561 1497 ostensum
1586 1454 1733 1497 esset
1759 1460 1772 1507 ;
1801 1444 2104 1497 Arahianus
2124 1445 2351 1512 Ancyra:

866 1556 883 1587 ι
921 1538 1206 1603 episc0pus
1236 1535 1374 1588 dixit
1409 1553 1422 1587 :
1459 1534 1575 1589 Non
1609 1545 1829 1604 propter
1864 1534 2006 1587 hanc
2044 1535 2218 1596 litem,
2255 1533 2351 1587 sed

863 1647 880 1680 ι
914 1629 979 1681 de
1004 1639 1108 1679 tota
1131 1628 1381 1695 deinceps
1405 1628 1512 1680 vita
1539 1628 1587 1681 id
1608 1636 1873 1689 metuens,
1894 1640 2086 1693 precor
2108 1634 2351 1680 sanctam

863 1736 881 1769 ι
919 1716 1179 1787 synodum
1214 1726 1452 1770 statuere
1485 1731 1499 1768 :
1542 1716 1760 1770 Licetne
1790 1733 1819 1769 a
1849 1717 2057 1772 duobus
2087 1717 2352 1785 episcOpis

864 1826 881 1859 ι
920 1807 1035 1860 ﬁeri
1080 1807 1491 1874 depositionem,
1523 1823 1590 1860 an
1640 1823 1745 1862 non
1770 1808 1792 1861 ?
1822 1819 1875 1861 et
1901 1810 2126 1863 absente
2156 1818 2352 1862 metro-

864 1916 881 1947 ι
924 1900 1158 1965 politano
1187 1899 1330 1963 licet,
1364 1914 1431 1951 an
1460 1898 1607 1951 non?
1642 1899 1898 1953 Praesenti
1932 1901 2147 1968 quidem
2174 1913 2351 1954 causa:
2382 1873 2424 1928 Β

862 2010 878 2041 ι
919 1992 1053 2045 nihil
1097 2000 1181 2045 est
1215 1992 1526 2060 prtejudicii.
1561 1990 1764 2047 Vereor
1806 2003 2008 2057 autem,
2052 2007 2120 2047 ne
2162 2006 2228 2045 ex
2266 1993 2350 2046 his

862 2103 881 2137 ι
920 2086 1057 2139 actis
1116 2085 1280 2153 aliqui
1328 2093 1595 2154 potestate
1639 2097 1856 2152 accepta
1914 2085 2041 2139 talia
2094 2086 2347 2139 audeant.

862 2194 879 2226 ‹
922 2174 1070 2245 Rogo
1092 2191 1221 2245 ergo
1254 2190 1347 2229 vos
1383 2177 1727 2243 respondere.
1759 2173 2042 2231 Nectarius
2068 2178 2352 2244 episcopus

861 2289 880 2317 ε
917 2266 1550 2335 Constantinopolitanus
1572 2267 1708 2320 dixit
1734 2282 1748 2321 :
1778 2266 2008 2320 Pulchre
2038 2268 2206 2320 suasit
2236 2266 2353 2325 reii-

866 2378 882 2408 ε
918 2358 1253 2427 giosissimus
1276 2359 1557 2427 episcOpus
1576 2358 1879 2412 Arabianus
1912 2374 1925 2411 :
1951 2357 2198 2426 equidem
2227 2372 2349 2411 cum

863 2469 881 2499 ‹
920 2464 1017 2518 par
1044 2464 1206 2505 causa
1231 2451 1479 2504 accidere
1512 2450 1701 2517 possit,
1736 2452 2066 2515 praeteritum
2089 2463 2195 2503 non
2217 2462 2351 2503 con-

864 2559 883 2591 ε
924 2542 1267 2607 demnantes,
1291 2544 1431 2609 quod
1461 2539 1719 2608 deinceps
1747 2541 1983 2593 futurum
2009 2549 2093 2593 est
2120 2553 2353 2607 praemu-

859 2648 879 2681 ι
922 2633 1151 2685 niamus.
1203 2633 1509 2687 Arabiauus
1556 2633 1786 2701 Ancyrae
1830 2632 2113 2697 episcopus
2157 2630 2294 2682 dixit
2338 2648 2349 2682 :

861 2740 877 2767 ι
918 2720 971 2773 ld
1012 2723 1151 2790 quod
1186 2732 1268 2774 est
1297 2721 1653 2789 praeteritum,
1688 2721 1965 2773 beatorum
1999 2718 2240 2781 Patrum,
2262 2716 2351 2785 qui

861 2830 878 2862 ι
918 2810 1110 2865 Nicaea:
1160 2820 1549 2874 convenerunt,
1590 2811 1811 2865 damnat
1866 2808 2123 2880 synodus,
2162 2809 2356 2876 jubens

862 2921 879 2953 ι
920 2918 1025 2956 nou
1069 2918 1192 2957 esse
1237 2904 1519 2971 pauciores
1570 2903 1764 2966 tribus,
1804 2901 1893 2971 qui
1938 2902 2214 2965 ordinent,
2256 2916 2355 2957 nec

863 3010 880 3041 ε
920 2993 1140 3044 absente
1173 2991 1607 3059 metropolitano.
1636 2988 1710 3043 De
1735 2990 1919 3042 futuro
1946 2999 2126 3042 autem
2151 2992 2356 3042 veritus

864 3098 881 3131 ι
924 3081 1037 3133 haec
1068 3080 1414 3147 interrogavi.
1442 3076 1610 3131 Velim
1635 3092 1764 3147 ergo
1789 3093 1883 3131 vos
1910 3087 2097 3146 aperte
2119 3077 2354 3143 edicere,

864 3191 880 3222 ι
917 3183 971 3225 et
1000 3185 1097 3225 nec
1132 3185 1412 3239 suspense,
1449 3168 1615 3239 679
1650 3183 1747 3223 nec
1775 3169 1957 3231 dubie,
1994 3175 2051 3221 ut
2085 3183 2115 3222 a
2146 3168 2353 3222 duobus
2382 3201 2424 3257 ο

860 3285 876 3313 ι
920 3263 1251 3325 hominibus.
1287 3276 1386 3315 nec
1414 3261 1654 3315 ordinari
1686 3274 1785 3314 nec
1811 3260 2004 3327 deponi
2035 3259 2349 3329 episcopum

859 3373 877 3405 ι
918 3355 1097 3417 liceat,
1137 3354 1292 3421 juxta
1337 3351 1605 3405 Nicanam
1651 3350 1943 3421 synodum.
1986 3349 2051 3403 Et
2078 3360 2200 3419 post
2247 3351 2348 3405 alia

858 3464 875 3495 ε
917 3444 1250 3513 Theophilus
1289 3443 1572 3509 episcopus
1612 3440 1948 3495 Alexandria
2003 3440 2179 3505 dixit;
2246 3440 2352 3494 Ad-

864 3553 881 3584 ι
925 3550 1112 3589 versus
1140 3548 1252 3597 eos,
1283 3533 1376 3601 qui
1404 3538 1776 3592 excesserunt,
1814 3530 1925 3583 ﬁeri
1962 3546 2067 3585 non
2098 3542 2270 3601 potest
2299 3543 2355 3585 ut

859 3642 877 3673 ε
920 3622 1303 3692 indignationis
1339 3620 1602 3675 sententia
1644 3617 1892 3685 feratur;
1926 3623 2183 3689 quoniam
2216 3633 2351 3690 pra:-

864 3733 879 3764 ι
922 3724 1106 3767 sentes
1131 3728 1234 3766 non
1264 3713 1414 3767 fuere
1439 3710 1805 3767 condemnati.
1835 3710 1941 3764 Sed
1968 3711 2014 3766 si
2039 3712 2159 3780 quis
2180 3714 2351 3775 deiis,

861 3824 879 3856 ι
917 3804 1008 3874 qui
1056 3806 1108 3858 in
1163 3804 1404 3858 futurum
1454 3803 1647 3856 debent
1689 3804 1978 3870 deponere,
2019 3802 2349 3867 consideret,

862 3915 880 3945 ι
919 3894 1047 3947 mihi
1086 3894 1296 3946 videtur
1324 3906 1427 3944 non
1459 3893 1635 3945 solum
1673 3904 1783 3945 tres
1815 3890 2013 3945 debere
2057 3894 2347 3957 accedere;

858 4004 874 4035 ι
918 3987 1032 4048 sed,
1092 3988 1136 4037 si
1190 3983 1301 4036 lieri
1355 3983 1544 4048 possit,
1596 3996 1783 4036 omnes
1844 3983 2240 4051 provinciales,
2295 3995 2353 4036 ut

854 4094 876 4127 ι
920 4075 1213 4128 multorum
1273 4073 1540 4127 sententia
1609 4072 1915 4127 accuratior
1969 4076 2349 4131 condemnatio

859 4186 881 4215 ε
927 4167 1182 4221 reddatur
1213 4165 1353 4232 ejus,
1377 4164 1469 4231 qui
1494 4164 1688 4232 dignus
1715 4173 1800 4218 est
1829 4164 2045 4232 deponi,
2072 4167 2351 4232 praesentis

855 4278 878 4310 ε
918 4270 970 4312 et
994 4256 1241 4325 judicati.
1274 4253 1561 4308 Nectarius
1585 4255 1869 4324 episcopus
1900 4255 2356 4324 Constantinopo—

853 4370 875 4401 ‹
917 4352 1116 4402 litanus
1159 4345 1297 4401 dixit
1337 4362 1353 4401 :
1406 4345 1539 4400 Cum
1584 4347 1651 4401 de
1697 4347 1951 4414 legitimis
2003 4349 2264 4405 institutis
2297 4360 2350 4402 et

854 4461 875 4492 ι
914 4440 1145 4494 decretis
1197 4440 1397 4506 agitur,
1449 4454 1787 4508 consequens
1842 4450 1926 4493 est
1977 4457 2086 4494 non
2130 4456 2347 4513 propter

854 4551 875 4581 ε
914 4543 1265 4599 personarum
1290 4542 1483 4582 causas
1505 4529 1712 4597 aliquas
1732 4530 1860 4582 talia
1884 4531 2118 4584 decerni.
2143 4532 2344 4598 Quam-
2376 4523 2427 4582 D

855 4640 873 4674 ι
913 4623 1121 4684 ubrcm,
1155 4620 1293 4674 sicut
1318 4620 1695 4674 sanctissimus
1729 4620 2016 4689 episcopus
2047 4623 2348 4679 Arabianus

855 4733 875 4763 ι
918 4712 1168 4766 houtatus
1207 4720 1310 4773 est,
1364 4709 1544 4763 futura
1599 4710 1845 4764 stabilire
1890 4714 2114 4785 volens;
2160 4727 2350 4766 conse-

851 4822 876 4853 ο
914 4813 1143 4871 quenter
1169 4810 1221 4855 et
1253 4802 1486 4854 humane
1518 4801 1848 4854 sanctissimi
1884 4802 2120 4871 episcOpi
2170 4802 2348 4857 Theo-

854 4912 876 4943 ‹
917 4893 1044 4960 phili
1070 4893 1332 4945 sententia
1357 4893 1616 4955 decrevit,
1659 4908 1760 4945 nun
1788 4892 1949 4947 licere
1971 4895 2020 4947 in
2044 4905 2343 4963 posterum,

855 5004 875 5033 ε
914 4998 1012 5037 nec
1046 4998 1073 5033 a
1109 4982 1279 5035 tribus
1322 4982 1557 5050 quidem,
1603 4983 1800 5035 nedum
1844 4998 1871 5035 a
1919 4986 2146 5049 duobus,
2192 5002 2340 5053 eum,

853 5098 873 5127 ε
911 5076 1001 5144 qui
1044 5089 1167 5129 reus
1196 5076 1556 5134 examinator,
1596 5075 1788 5142 deponi
1825 5092 1838 5128 :
1877 5077 1968 5129 sed
2000 5078 2222 5145 majoris
2253 5094 2343 5149 sy-

854 5184 870 5215 ι
911 5166 1037 5219 nodi
1064 5174 1113 5219 et
1140 5164 1429 5233 provincia:
1462 5166 1839 5234 episcoporum
1875 5171 2165 5234 sententia,
2202 5172 2344 5226 sicut

855 5277 874 5308 ε
908 5259 1189 5327 apostolici
1237 5257 1495 5311 tleiiuiere
1527 5272 1781 5313 canones.
1822 5257 2107 5317 Flavianus
2140 5267 2345 5334 episco-

853 5368 870 5401 ι
912 5366 1011 5419 pus
1038 5349 1337 5403 Antiatinae
1364 5349 1500 5401 dixit
1526 5365 1541 5403 :
1572 5349 1703 5414 Quae
1727 5366 2094 5419 exposuerunt
2120 5360 2345 5411 sanctis-

852 5459 870 5490 ε
909 5444 1075 5493 simus
1119 5442 1403 5509 episcopus
1446 5440 1727 5497 Nectarius
1776 5455 1831 5497 et
1881 5447 2259 5503 sanctissimus
2289 5459 2344 5504 et

854 5550 871 5583 ι
908 5533 1274 5600 pientissimus
1297 5532 1627 5601 Theophilus
1648 5535 1956 5605 episcopus,
1983 5551 2164 5605 aperta
2193 5551 2338 5595 sunt.

847 5643 866 5676 ε
907 5625 967 5678 Et
1004 5640 1192 5679 omnes
1222 5626 1570 5680 ecclesiastici
1598 5625 1683 5680 his
1715 5629 2131 5695 acquiescimus.
2175 5650 2192 5683 ι
2298 5656 2301 5659 η

2526 648 2545 682 ι
2592 646 2732 695 πων,
2790 623 2891 685 ’καὶ
2940 632 3137 694 παντὸς
3201 632 3296 686 τοῦ
3372 619 3659 702 ίερᾶτείου,
3711 632 4008 700 Νεκτάρεος

2521 724 2882 803 «Μεπίσκοπος
2936 726 3568 806 Κωνσταντινουπόλεως
3638 722 3791 778 εἶπεν
3820 741 3835 755 ο
3888 724 4004 793 Τῆς

2522 831 2541 863 ι
2591 815 2752 880 ἀγίας
2774 815 2985 885 ταύτης
3016 818 3236 870 συνόδου
3259 818 3401 869 κατὰ
3422 816 3556 869 Θεοῦ
3588 818 3746 895 χάριν
3770 814 3933 867 πάλιν
3957 818 4011 867 ὲν

2484 953 2491 960 .
2521 923 2541 956 ι
2586 907 2663 975 τῷ
2681 907 2826 977 ’ἀγίῳ
2840 908 2989 977 τόπῳ
3010 909 3184 977 τούτῳ
3208 908 3644 978 συνειλεγμένης,
3662 909 3710 960 ει
3732 906 4013 971 δοκιμάζει

2523 1013 2540 1045 ι
2587 995 2622 1057 ἡ
2660 996 2798 1066 αὐτὴ
2827 997 2937 1051 τῶν
2961 997 3133 1063 ἀγίων
3154 998 3401 1066 ἀδελφῶν
3451 1004 3544 1049 καὶ
3587 996 4014 1065 σιλλειτουργῶω

2529 1103 2548 1134 ι
2599 1086 2840 1151 σύνοδος,
2868 1089 3058 1158 ἐπειδὴ
3090 1091 3187 1143 καὶ
3210 1088 3451 1150 ἑστῶτας
3474 1088 3587 1155 apo
3619 1090 3740 1149 τοὺς
3763 1088 4014 1158 διαφερο-

2523 1195 2542 1229 ι
2585 1178 2782 1246 μένους
2835 1180 2968 1251 πρὸς
3004 1182 3228 1251 ἑαυτους
3255 1180 3386 1249 περὶ
3415 1178 3515 1247 τῆς
3561 1178 3671 1231 τῶν
3704 1178 4016 1249 Βοοτρηνῶι

2523 1286 2541 1319 ι
2587 1249 2915 1340 ἐπισκοπῆς,
2944 1278 3069 1335 τοὺς
3092 1249 3356 1340 ἀδελφοὺς
3421 1270 3580 1340 ἡμῶν
3632 1268 3897 1337 Βαγαδίον
3931 1274 4020 1322 καὶ

2525 1378 2544 1411 ι
2596 1360 2859 1428 ’Δγάπιον
2929 1363 3039 1416 τῶν
3071 1364 3206 1435 πρὸς
3257 1363 3522 1433 ἀλλήλους
3586 1359 3917 1431 ἐνάρξασθαι
3946 1361 4019 1414 δι-

2523 1467 2543 1501 ε
2590 1452 2781 1506 καίων.
2807 1452 2914 1504 Καὶ
2952 1454 3089 1523 μετά
3115 1455 3178 1507 es
3211 1453 3517 1525 πραχθῆναί
3540 1452 3659 1504 τινα
3687 1449 3815 1520 παρ’
3841 1453 4022 1513 αὐτοῖς

2524 1558 2543 1592 ι
2586 1542 2749 1611 χάριν
2804 1546 2901 1610 τῆς
2928 1546 3101 1614 αὐτῆς
3130 1545 3462 1607 ὑποθέσεως,
3493 1542 3587 1595 καὶ
3617 1542 4020 1609 ἐμφανισθῆναι

2528 1650 2547 1683 ι
2591 1633 2913 1701 καθαίρεσιν
2976 1634 3073 1688 τοῦ
3134 1632 3397 1706 ῥηθέντος
3428 1639 3697 1709 Βαγαδίου
3724 1637 4021 1707 γενομένηκ

2527 1742 2546 1775 ι
2588 1725 2691 1776 ὑπὸ
2720 1724 2811 1778 δύο
2838 1728 2930 1778 καὶ
2964 1728 3141 1796 μόνων
3169 1730 3483 1784 ίπισκόπων
3505 1732 3613 1785 τῶν
3645 1733 3737 1783 καὶ
3771 1726 4018 1782 τετελευ-

2525 1833 2543 1862 ο
2586 1817 2831 1886 τηκότων
2878 1817 2981 1888 ἤδη
3015 1820 3155 1872 κατὰ
3184 1820 3278 1894 τὸν
3316 1823 3507 1891 καιρδν
3534 1822 3631 1893 τῆς
3661 1820 3835 1890 αὐτῆς
3874 1818 4025 1872 συνό-

2526 1923 2545 1957 ι
2593 1906 2684 1959 δου
2719 1923 2735 1939 ο
2777 1909 2831 1959 ’Δ
2843 1908 3097 1978 ρασιανδς
3123 1911 3420 1974 ἐπίσκοπος
3435 1912 3709 1983 ’Δγκύρας
3736 1907 3889 1965 εἶπεν
3917 1926 3931 1941 ·
3955 1910 4025 1961 Ov:

2526 2015 2546 2050 ί
2586 1999 2683 2067 τῆς
2709 1999 2990 2068 παρούσης
3014 2001 3179 2056 ἕνεκα
3201 2002 3379 2072 δίκης,
3403 2004 3538 2057 ἀλλά
3563 2003 3656 2057 τοῦ
3685 2002 3890 2071 ὑφεξῆς
3915 2000 4026 2069 βίοι

2529 2107 2548 2140 ι
2594 2090 2790 2152 παντὸς
2844 2090 3099 2155 δεδοικὼς
3124 2092 3301 2159 τοῦτο,
3332 2094 3470 2159 ἀξιῶ
3497 2096 3597 2164 τὴν
3628 2095 3787 2163 ἁγίαν
3813 2092 4029 2147 σύνοδοι

2530 2198 2548 2230 ι
2588 2180 2929 2251 διαλαλῆσαι,
2996 2178 3170 2248 ἔξεστι
3236 2185 3497 2253 γενέσθαι
3524 2187 3840 2254 καθαίρεσιν
3875 2185 4027 2252 παρα

2524 2289 2542 2323 ι
2587 2272 2681 2325 δύο
2711 2274 3050 2338 ἐπισκόπων,
3078 2276 3111 2346 ἢ
3136 2275 3198 2329 οὔ
3225 2294 3239 2343 ;
3295 2281 3389 2331 καὶ
3415 2278 3556 2332 κατὰ
3636 2277 3871 2339 ἀπόντος
3931 2292 4025 2346 μη·

2528 2383 2547 2415 ι
2586 2366 2908 2435 τροπολίτου
2931 2368 3163 2434 ἔξεστιν,
3200 2370 3231 2441 ἢ
3267 2370 3326 2425 οὔ
3359 2389 3372 2425 :
3398 2371 3563 2425 Οὐδὲν
3584 2361 3873 2441 πρόκριμα
3895 2373 4028 2441 πρὸς

2531 2470 2549 2503 ι
2597 2454 2696 2523 τὴν
2719 2455 3006 2524 παροῦσαν
3043 2458 3322 2515 ὑπόθεσιν.
3355 2462 3582 2516 Δίδοικα
3611 2462 3667 2516 δὲ
3698 2465 3799 2535 μὴ,
3828 2467 3897 2518 ἑκ
3925 2465 4028 2519 τῶν

2532 2563 2549 2595 ι
2594 2546 3007 2617 ὑπομνημάτων
3032 2550 3240 2605 τούτων
3270 2552 3415 2616 τινες
3437 2553 3723 2623 λαϐόμενοι
3751 2556 4029 2620 ἔξουσίας,

2530 2654 2547 2686 ι
2587 2636 2808 2690 τοιαῦτα
2829 2638 3199 2710 τολμήσωσιν.
3246 2643 3409 2710 Ἀξιῶ
3432 2639 3525 2697 οὖν
3579 2643 3725 2713 ὑμᾶς
3793 2648 4033 2715 ἀποκρί-

2531 2745 2549 2778 ι
2590 2729 2805 2783 νασθαι.
2834 2730 3141 2801 Νεκτάριος
3163 2734 3463 2797 ἐπίσκοπος
3516 2737 4030 2791 Κωνσταντινουπό-

2531 2836 2549 2869 t
2595 2819 2729 2883 λεως
2751 2817 2907 2875 εἷπεν
2934 2839 2947 2853 ·
2990 2823 3325 2889 Ἐπαινετῶς
3369 2828 3705 2898 εἰσηγήσατο
3734 2829 3761 2881 ό
3791 2829 4031 2883 εὐλαϐέ-

2532 2929 2550 2961 ι
2595 2928 2785 2974 στατος
2816 2914 3121 2977 ἐπίσκοπος
3172 2916 3497 2985 ’Δραϐιανός
3528 2934 3543 2949 ·
3575 2918 3634 2971 οὐ
3793 2898 4037 2989 δυναμέ-

2532 3018 2550 3051 ι
2589 3019 2687 3070 νης
2723 3003 2878 3072 δίκης
2910 3004 3312 3081 ἐξομοιοῦσθαι,
3339 3008 3399 3059 τὸ
3446 3009 3713 3077 παρελθὸν
3754 3012 3830 3079 μὴ
3862 3027 4037 3064 κατα-

2534 3108 2553 3140 (
2601 3092 2909 3159 κρίναντες,
2973 3096 3036 3146 τὸ
3061 3095 3188 3165 ἑξῆς
3229 3097 3675 3169 ἀσφαλισώμεθα.
3714 3102 4037 3170 Ἀρασιανδς

2533 3198 2551 3230 ι
2587 3182 2888 3245 ἐπίσκοπος
2917 3175 3214 3260 ’Ἀγκύρας
3252 3182 3376 3239 εἶπε
3404 3171 3520 3241 (Τὸ
3549 3189 3822 3259 παρελθὸν
3866 3194 3903 3260 ἡ
3931 3193 4033 3244 τῶν

2534 3288 2550 3320 ι
2601 3272 2897 3341 μακαρίων
2921 3258 3189 3343 Πατέρων
3216 3276 3326 3329 τῶν
3346 3279 3405 3330 ἐν
3432 3278 3643 3350 Νικαίᾳ
3695 3258 3919 3343 σύνσδος
3940 3300 4037 3333 κα-

2532 3379 2550 3413 ι
2592 3362 2856 3431 τακρίνει,
2893 3365 3243 3434 ηκελεύουσα
3276 3367 3350 3438 μὴ
3383 3370 3636 3435 ἐλάττους
3686 3368 3829 3426 εἶναι
3866 3374 4033 3443 τριῶν

2532 3471 2549 3503 ι
2587 3453 2712 3510 τοὺς
2740 3457 3381 3528 χειροτονοῦντας,μτ,δὶ
3411 3462 3643 3527 ἀπόντος
3694 3463 3787 3516 τοῦ
3823 3481 4030 3534 μητρο-

2532 3559 2550 3591 ι
2598 3540 2769 3595 λίτου.
2802 3543 2908 3596 Τοῦ
2938 3545 2996 3597 δὲ
3021 3546 3306 3615 μέλλοντος
3352 3549 3537 3605 ἓνεκεν
3586 3552 3845 3615 δεδοικὼς
3896 3555 4029 3621 εγὼ,

2532 3650 2550 3682 ι
2586 3632 2690 3701 τῆν
2714 3632 2981 3703 ἐρώτησιν
3006 3638 3370 3709 ἐποιησάμην.
3390 3641 3443 3693 Ἀ
3454 3640 3551 3706 ξιῶ
3568 3628 3659 3696 οὖν
3676 3645 3821 3713 ὑμᾶς
3845 3647 4033 3713 σαφῶς

2535 3741 2553 3774 ι
2593 3718 3059 3793 διαλαλῆσαι,καὶ
3105 3730 3243 3799 μήτε
3287 3733 3612 3803 ὴρτημιίνως
3659 3737 3801 3805 μήτε
3860 3739 4031 3806 ἀμφι·

2533 3833 2551 3864 ι
2587 3813 2779 3879 δόλως,
2797 3813 2937 3869 ὥστε
2963 3820 3042 3889 μὴ
3077 3819 3278 3884 ἐξεῖναι
3307 3823 3414 3875 ὑπὸ
3446 3822 3543 3877 δύο
3564 3824 3868 3895 ἀνθρώπων
3893 3829 4029 3895 μήτε

2527 3921 2544 3956 ι
2579 3908 2992 3974 χειροτονεῖσθαι
3015 3912 3152 3979 μήτε
3172 3912 3548 3984 καθαιρεῖσθαι
3568 3916 3882 3982 ἐπίσκοπον,
3906 3920 4027 3973 ἀκο-

2535 4012 2552 4043 ι
2598 3994 2805 4058 λούθως
2855 3999 2920 4067 τῇ
2971 3998 3029 4051 ὲν
3066 4000 3273 4077 Νικαία
3302 4004 3528 4073 συνόδῳ.
3557 4006 3665 4059 Καὶ
3716 4007 3839 4075 μεθ’
3868 4008 4028 4077 ἔτερα

2528 4102 2545 4133 ι
2584 4084 2845 4153 Θεόφιλος
2887 4089 3185 4163 ἐπίσκοπος
3222 4092 3642 4163 Ἀλεξανδρείας,
3676 4091 3865 4149 εἶπεν·
3904 4098 4027 4150 Ἐπὶ

2530 4192 2547 4223 ι
2587 4174 2701 4227 τῶν
2721 4176 3068 4231 ἀπελθόντων
3087 4180 3147 4232 οὐ
3174 4181 3396 4235 δυνατὸν
3414 4183 3596 4253 ψῆφον
3616 4184 3871 4255 ἰκφίρειν
3892 4188 4028 4252 ἀγα-

2530 4284 2547 4315 ι
2592 4269 2912 4333 νικτήσεως
2938 4285 2953 4300 ο
2987 4270 3286 4341 ιπειδήπερ
3310 4272 3385 4341 μὴ
3408 4260 3673 4343 παρόντες
3690 4276 4024 4344 κατεκρίθη-

2526 4376 2543 4408 ι
2584 4376 2703 4411 σαν.
2731 4360 2790 4413 Ei
2818 4360 3006 4431 μέντοι
3023 4377 3089 4431 γε
3113 4363 3242 4434 περὶ
3258 4361 3370 4418 τῶν
3385 4365 3688 4435 μελλόντων
3705 4367 3942 4419 διασκοπ
3976 4367 4025 4435 ir,

2526 4470 2543 4502 ι
2586 4470 2670 4515 τις
2723 4451 2833 4505 τῶν
2869 4453 3197 4522 ὀφειλόντων
3236 4456 3507 4523 καθελεῖν,
3539 4458 3784 4526 φαίνεταί
3828 4474 3922 4526 μοι
3956 4460 4025 4526 μὴ

2529 4560 2546 4593 ι
2590 4542 2749 4612 μόνον
2778 4545 2926 4611 τρεῖς
2952 4548 3207 4614 παρεῖναι
3230 4550 3550 4617 προσήκειν,
3584 4549 3699 4600 ἀλλ’
3723 4551 3771 4600 εἰ
3799 4548 4025 4602 δυνατὸν

2526 4651 2542 4684 ι
2587 4632 2715 4694 τοὺς
2734 4628 2942 4696 πάντας
2970 4636 3345 4706 ὲπαρχιιὶιτας,
3380 4638 3470 4692 ῐνα
3536 4641 3601 4707 τῇ
3658 4637 3766 4691 τῶν
3815 4639 4024 4691 πολλῶν

2524 4743 2541 4775 ι
2580 4723 2748 4793 ψήφῳ
2765 4724 3133 4795 ἀκριϐεστέρα
3151 4729 3184 4797 ἠ
3205 4730 3529 4798 κατάκρισις
3544 4729 3639 4783 τοῦ
3654 4729 3807 4793 ἀξίου
3824 4730 3919 4800 τῆς
3940 4749 4021 4785 κα.

2547 4832 2567 4866 ι
2603 4816 2901 4885 θαιρέσεως
2918 4816 3235 4887 δεικνύηται
3266 4820 3531 4889 παρόντος
3556 4824 3651 4875 καὶ
3671 4826 4020 4895 κρινομένου.

2534 4927 2551 4957 ε
2594 4908 2902 4977 Νεκτὰριος
3003 4910 3307 4974 ἐπίσκοπος
3353 4947 3367 4953 -
3401 4913 4020 4980 Κωνσταντινουπόλεως

2529 5016 2546 5049 ι
2587 4994 2747 5050 sim‘
2801 4991 3072 5067 Νομίμων
3154 5004 3495 5072 εἰσηγήσεων
3548 5007 3645 5058 καὶ
3714 5006 4021 5074 δογμάτων,

2526 5109 2545 5140 ι
2580 5093 3094 5160 πρυτανευομένων,
3151 5093 3452 5146 ἀκόλουθον
3474 5095 3536 5148 οὐ
3565 5095 3655 5148 διὰ
3712 5096 4021 5164 προσώπων

2527 5199 2544 5230 ι
2583 5180 2736 5242 τινὰς
2764 5181 2945 5243 αἰτίας
2966 5183 3033 5235 τὰ
3060 5183 3284 5235 τοιαῦτα
3316 5182 3759 5252 δογματίζεσθατ.
3782 5185 4023 5255 Τοιγαρο

2524 5291 2542 5324 ι
2579 5271 2697 5334 οὖν,
2754 5275 3013 5345 καθάπερ
3069 5276 3097 5327 ό
3138 5276 3444 5343 ἀγιώτατος
3492 5276 3795 5337 δπίσκσπος
3862 5278 4020 5344 Ἀρα-

2527 5386 2544 5415 ι
2594 5363 2778 5427 διανδς
2806 5368 3159 5436 εἰσηγήσατο,
3210 5368 3278 5421 τά
3307 5369 3573 5437 μέλλοντα
3618 5368 4019 5437 ἀσφαλίσασθαι

2531 5474 2548 5506 ι
2588 5454 2935 5525 βουλόμενος,
2966 5457 3273 5522 ἀκολούθως
3309 5460 3407 5511 καὶ
3433 5458 3835 5529 φιλανθρώπως
3866 5461 3899 5528 η
3930 5459 4021 5511 τοῦ

2544 5567 2561 5597 ι
2605 5549 2913 5615 ἀγιωτάτου
2955 5551 3256 5604 ἐπισκόπου
3288 5551 3551 5621 Θεοφίλου
3598 5553 3777 5621 ψῆφος
3840 5552 4023 5620 διωρί-

2537 5659 2553 5690 ι
2596 5642 2749 5703 σατο,
2786 5645 2861 5712 μὴ
2904 5643 3277 5712 χρῆναιπρδς
3331 5644 3394 5695 τδ
3423 5643 3572 5713 ἑξῆς,
3666 5643 3805 5713 μηδι
3872 5645 4023 5711 παρά

844 5738 861 5773 ⁸
900 5722 1085 5791 τριῶνν
1178 5722 1252 5789 μή
1326 5723 1406 5774 τοί
1458 5739 1520 5788 γε
1581 5723 1735 5791 παρὰ
1803 5724 1915 5783 δύο.
1970 5725 2060 5775 τὸν
2118 5728 2417 5786 ὑπεύθυνον
2471 5737 2895 5805 δοκιμαζόμενόν
2960 5738 3366 5809 καθαιρεῖσθαι,
3421 5740 3557 5791 ἀλλά
3614 5743 3722 5808 γὰρ
3780 5739 4025 5801 πλείονος

844 5837 861 5866 ι
901 5816 1119 5866 συνόδου
1181 5817 1345 5885 ψήφῳ
1384 5820 1478 5869 καὶ
1538 5818 1644 5870 τῶν
1678 5821 1771 5889 τῆς
1834 5821 2135 5891 ἐπαρχίας,
2196 5826 2377 5890 καθὼς
2420 5830 2511 5881 καὶ
2549 5831 2595 5881 oi
2649 5832 2999 5885 ἀποστολικοὶ
3050 5818 3284 5896 κανόνες
3317 5832 3660 5894 διωρίσαιιτο.
3723 5832 4027 5889 φλαδιανδς
