4224 6440
218 431 329 496 453

1206 434 1288 494 ΙΝ
1328 433 1495 493 CAN.
1535 424 1792 495 CXXXV
1832 433 2038 497 00Νο.
2076 433 2459 494 CARTHAG.

3364 422 3513 485 εδε

294 561 317 596 ε
366 543 665 605 ἐπίσκοπος
731 542 1057 614 ’Δντιοχείας
1165 538 1355 596 εἶπενο
1422 528 1602 609 “Amp
1654 542 1943 595 κατέθεντο
1985 545 2034 594 ot
2082 542 2231 611 περὶ-
2277 542 2369 594 τὸν
2411 540 2717 608 ἁγιώτατον
2785 543 3085 598 ιπίσκοπον
3155 541 3467 610 Νεκτάριον

272 654 293 688 ε
336 636 432 688 καὶ
464 634 555 687 τὸν
578 632 878 700 ἁγιώτατον
908 635 1001 686 καὶ
1034 631 1328 686 ὁσιώτατον
1348 631 1649 684 έπίσκοπον
1673 630 1953 698 Θεόφιλον,
1984 628 2139 697 δῆλα.
2177 632 2281 683 Καὶ
2316 631 2616 700 στέργομεν
2636 632 2836 697 πάντες
2860 635 2908 686 oi
2941 634 3403 703 έκκλησιαστικοί.
3442 649 3462 684 ε

266 724 468 779 ΒΔΛΣ.
504 724 611 778 Τοῦ
643 726 949 778 ἐπισκόπου
996 724 1249 793 Βόστρων
1286 722 1557 789 Βαγαδίου
1584 722 1776 773 καθαι-

1954 718 2158 775 BALS.
2220 722 2351 774 Cum
2406 720 2673 791 Bagadius
2730 722 3042 777 Bostrornm
3089 725 3379 794 episcOpus
3435 738 3464 777 a

200 819 454 889 ρεθέντος
497 817 651 888 παρά
676 817 770 870 δύο
796 817 1121 870 έπισκόπων
1177 817 1273 867 κοιλ⁸
1327 813 1671 883 μονομερῶς,
1694 812 1780 864 λό-

196 928 294 978 γος
318 910 544 975 ἐγένετο
599 910 753 978 παρά
777 912 843 979 τῇ
875 911 932 961 έν
956 904 1497 961 Κωνστανινουπόλει
1555 904 1779 974 συνόδῳ,

194 1004 325 1071 περὶ
357 1002 454 1054 τοῦ
484 1001 532 1053 εί
574 1001 754 1062 καλῶς
820 1001 1044 1069 γέγονεν
1096 1001 1128 1067 η
1183 998 1413 1064 τοιαύτη
1436 995 1779 1063 καθαίρεσις,

196 1093 651 1160 ἀντιποιουμένου
713 1090 808 1143 τοῦ
876 1089 1243 1160 ψηφισθέντος
1316 1087 1583 1155 ’Δγαπίου
1637 1087 1779 1155 ὑπὲρ

196 1184 298 1253 τῆς
334 1186 578 1252 κρίσεως
616 1200 632 1216 ·
674 1185 768 1235 καὶ
798 1180 1102 1250 διεγνώσθη
1135 1180 1495 1233 ἀκανόνιστον
1516 1174 1779 1243 εἶναιτὴν

198 1274 553 1339 καθαίρεσιν,
582 1272 659 1333 ὡς
693 1274 770 1343 μὴ
828 1271 1154 1340 ὀφειλόντων
1210 1269 1327 1331 δύο,
1373 1268 1511 1323 ἀλλά
1570 1267 1779 1319 πολλῶν

196 1368 392 1434 τηρεῖν
434 1366 505 1417 τὰ
541 1366 682 1417 κατά
709 1365 816 1416 τῶν
842 1363 1158 1416 ἐπισκόπων
1196 1361 1487 1429 λεγόμενα.
1572 1359 1644 1411 Σὺ
1721 1357 1779 1410 δὲ

194 1454 437 1522 γίνωσκε
464 1456 546 1508 δτι
584 1457 618 1525 ἡ
662 1453 888 1523 τοιαύτη
922 1454 1216 1521 διάγνωσις
1246 1454 1347 1507 οὑκ
1377 1452 1493 1520 ἔχει
1541 1452 1601 1502 τὸ
1624 1452 1778 1519 ἐνερ-

194 1548 291 1613 γὸν
322 1549 589 1615 σήμερον.
634 1547 767 1597 Ἀπὸ
796 1546 906 1614 γάρ
933 1542 1027 1597 τοῦ
1061 1542 1127 1612 ιβ’
1150 1543 1377 1605 κανόνος
1406 1542 1509 1612 τῆς
1540 1543 1598 1594 έν
1632 1542 1781 1609 Καρ-

194 1638 404 1709 θαγένη
444 1638 687 1701 συνόδου,
750 1636 1219 1707 μεταγενεστέρας
1248 1633 1415 1703 οὔσης
1452 1634 1591 1688 κατά
1622 1633 1777 1696 πολὺ,

192 1728 260 1779 τά
296 1732 442 1781 κατά
464 1729 573 1781 τῶν
613 1729 933 1783 ἐπισκόπων
998 1727 1389 1796 έγκληματικά
1443 1725 1780 1795 δικαστήρια

192 1818 348 1885 παρά
404 1818 616 1873 δώδεκα
642 1850 645 1853 -
673 1819 992 1871 ἐπισκόπων
1060 1817 1457 1886 γυμνάζονται.
1485 1818 1598 1870 Καὶ
1644 1817 1778 1870 ἀνα-

193 1910 367 1976 γνωθι
399 1913 493 1963 τὸν
516 1912 758 1964 τοιοῦτον
784 1912 1010 1964 κανόνα.
1044 1909 1285 1962 Γίνωσκε
1317 1910 1374 1962 δι
1439 1896 1548 1961 ὅτι
1590 1911 1625 1979 ἡ
1673 1909 1773 1977 μεν

1889 813 2098 867 duobus
2128 816 2258 867 solis
2292 815 2562 884 episcopis
2598 818 2873 884 depositus
2902 823 3067 878 esset,
3103 818 3358 886 agitatum
3384 823 3470 869 est

1889 904 1944 959 in
1988 909 2195 976 synodo
2232 906 2864 976 Constantinopolitana,
2915 925 2982 962 an
3025 924 3087 963 ea
3131 918 3276 963 recte
3324 908 3465 961 facta

1887 1002 2035 1049 esset
2064 996 2348 1063 depositio,
2381 999 2560 1049 electo
2595 1000 2803 1068 Agapio
2837 998 3097 1068 judicium
3150 1009 3335 1053 tuente
3370 1015 3382 1051 :
3414 1008 3470 1052 et

1889 1087 2296 1152 pronuntiatura
2325 1097 2409 1140 est
2455 1086 2844 1155 depositionem
2892 1105 2998 1143 non
3036 1090 3208 1144 fuisse
3235 1090 3468 1143 canoni-

1888 1186 2028 1237 cam,
2055 1177 2243 1243 'utpote
2279 1190 2401 1229 cum
2450 1192 2559 1231 non
2603 1178 2728 1241 duo,
2767 1180 2859 1233 sed
2896 1182 3048 1233 multi
3084 1184 3347 1235 deberent
3377 1196 3462 1243 ea,

1889 1279 2008 1333 qum
2058 1270 2316 1321 adversus
2363 1271 2649 1340 episcopos
2698 1274 2969 1339 dicuntur,
3017 1275 3333 1343 dijttdicare.
3383 1275 3463 1330 Tu

1888 1366 2069 1410 autem
2112 1360 2256 1413 scias
2300 1359 2441 1415 hanc
2474 1365 2909 1418 constitutionem
2956 1368 3062 1419 vim
3101 1382 3254 1421 suam
3304 1369 3466 1423 hodie

1889 1461 1997 1500 non
2034 1448 2303 1504 obtinere.
2348 1452 2396 1503 Δ
2428 1453 2745 1509 duodecimo
2796 1458 2939 1511 enim
2983 1473 3190 1513 canone
3234 1460 3465 1514 Cartha-

1890 1538 2153 1606 giniensis
2166 1544 2378 1611 synodi,
2402 1560 2521 1611 «pne
2539 1555 2622 1599 est
2647 1547 2816 1601 multo
2830 1552 3134 1619 posterior,
3160 1551 3462 1606 criminalia
3502 1542 3503 1545 “

1887 1628 2262 1697 episcoporum
2297 1632 2495 1700 judicia
2520 1649 2556 1687 ra
2592 1638 2871 1689 duodecim
2902 1639 3169 1707 episcOpis
3202 1655 3466 1695 exercen-

1890 1727 1999 1773 tur.
2028 1717 2093 1772 Et
2124 1720 2240 1789 lege
2287 1735 2408 1775 eum
2454 1737 2741 1778 canonem.
2791 1724 2946 1780 Scias
2978 1742 3128 1791 vero,
3172 1731 3315 1797 quod
3353 1731 3467 1785 haec

1888 1815 2106 1883 quidem
2144 1818 2391 1887 synodus
2420 1821 2522 1874 sub
2549 1820 2786 1876 Arcadio
2816 1824 3139 1892 imperatore
3170 1825 3312 1880 facta
3344 1838 3426 1881 est
3454 1845 3467 1881 :

1882 1906 2353 1978 Carthaginiensis
2398 1927 2548 1975 vero,
2595 1923 2852 1983 regnante
2901 1915 3469 1985 Theodosiojtmiore.

194 1999 417 2065 σύνοδος
449 2000 588 2072 αὕτη
650 2001 745 2054 tul
788 2000 1078 2072 Ἀρκαδίου
1126 1999 1223 2053 τοῦ
1288 1990 1556 2070 βασιλέως
1622 1999 1870 2067 γέγονεν,
1959 1998 2083 2069 ἡδὶ
2134 2000 2195 2053 έν
2216 2003 2550 2073 Καρχηδόνι,
2608 2004 2991 2074 βασιλεύοντος
3035 2008 3321 2062 Θεοδοσίου
3378 2011 3471 2064 τοῦ

200 2098 425 2168 μικροῦ.

262 2193 513 2247 ΖΩΝΑΡ.
555 2193 619 2245 Ἦ
644 2192 744 2263 μὶν
779 2190 1041 2256 ὑπόθεσις
1067 2190 1327 2262 ἐζητεῖτο
1354 2192 1485 2260 περὶ
1539 2189 1637 2260 τῆς
1676 2186 1783 2240 τῶν

1960 2182 2215 2240 ΖΟΝΔΒ.
2264 2186 2341 2241 De
2391 2187 2669 2245 Bostrensi
2720 2189 3047 2262 Episcopatu
3100 2197 3470 2250 controversia

195 2290 457 2358 Βόστρων
530 2287 861 2352 ἐπισκοπῆς,
917 2286 1013 2339 δύο
1079 2286 1282 2357 ταύτης
1382 2284 1783 2355 ἀντεχομένων,

210 2379 479 2447 ’Δταπίου
509 2385 603 2431 καὶ
633 2377 929 2445 Βαγαδίου.
963 2373 1075 2430 Ἦν
1134 2377 1235 2443 μὶν
1262 2378 1372 2448 γὰρ
1415 2376 1609 2446 πρώην
1664 2375 1785 2427 επί-

196 2488 405 2533 σκοπος
465 2473 523 2523 εν
561 2470 700 2539 αὑτῇ
730 2471 759 2521 ό
807 2468 1094 2537 Βαγάδιος,
1157 2470 1245 2523 διὰ
1288 2470 1346 2523 δέ
1403 2486 1554 2531 τινας
1603 2468 1783 2529 αἰτίας

197 2562 331 2631 παρ’
399 2559 718 2613 ἐπισκόπων
776 2559 878 2611 δύο
956 2544 1380 2630 καθαιρεθέντος
1442 2557 1631 2622 αὐτοῦ,
1688 2559 1783 2610 καὶ

193 2654 372 2707 ταῦτα
404 2654 666 2715 ἀπόντος,
701 2652 729 2703 ὁ
768 2651 1031 2721 ’Δγάπιος
1061 2652 1485 2721 κεχειροτόνητο
1552 2652 1632 2712 είς
1680 2649 1783 2717 τὴν

197 2736 463 2815 ῥηθεῖσαν
494 2745 842 2813 ἑπισκοπὴνο
898 2745 1090 2813 ᾐτιᾶτο
1136 2743 1192 2795 δέ
1245 2743 1342 2812 τὴν
1402 2741 1779 2811 καθαίρεσινό

196 2832 491 2899 Βαγάδιος.
530 2833 898 2901 ῐίροτεθείσης
932 2828 1025 2884 οὖν
1078 2833 1163 2893 είς
1212 2831 1275 2883 τὸ
1318 2832 1486 2899 μέσον
1512 2831 1612 2900 τῆς
1651 2848 1780 2883 συν⁴

194 2925 317 2977 ὁδου
348 2924 448 2991 τῆς
500 2922 837 2985 ὑποθέσεως,
898 2921 1221 2991 Ἀραὸιανδς
1286 2922 1563 2991 ’Δτκύρας
1624 2915 1781 2973 εἷπεν

195 2997 509 3067 51t035t&
549 3014 650 3082 τὴν
707 3010 993 3083 παροῦσαν
1045 3010 1305 3064 ὑπόθεσιν
1361 3012 1573 3082 ἐρωτῶ,
1644 3010 1781 3064 ἀλλά

195 3101 455 3161 δεδοικὼς
487 3102 617 3170 περὶ
646 3092 754 3151 τῶν
782 3098 933 3170 ἑξῆς,
967 3099 1054 3152 ῖνα
1091 3100 1168 3169 μὴ
1233 3100 1291 3152 ὲν
1341 3102 1495 3173 πάσῃ
1552 3099 1781 3171 τοιαύτῃ

194 3192 455 3245 ὑποθέσει
493 3192 762 3262 κρατήσῃ,
794 3192 872 3257 ὡς
934 3190 1115 3246 κανὼν
1176 3192 1237 3246 τδ
1310 3192 1630 3261 γενόμενον,
1684 3194 1779 3245 καὶ

193 3286 334 3349 ἀξιῶ
366 3289 467 3355 την
529 3284 759 3337 σύνοδον
832 3286 1029 3351 εἰπεῖν,
1084 3286 1135 3337 εί
1190 3284 1369 3352 ἔξεστι
1456 3283 1781 3355 καθαίρεσιν

193 3358 461 3444 γενέσθαι
514 3376 667 3445 παρὰ
733 3376 827 3429 δύο
879 3377 1219 3441 ἐπισκόπων,
1279 3380 1374 3429 καὶ
1450 3376 1550 3448 τὴν
1596 3376 1779 3445 ψῆφον

194 3471 468 3541 τοιαύτην
551 3468 672 3522 κατ’
705 3471 937 3533 ἀπόντος
988 3469 1231 3540 δοθῆναι.
1308 3468 1589 3538 Φοϐοῦμαι
1644 3469 1774 3536 γὰρ,

193 3566 355 3634 φησὶ,
412 3535 489 3632 μή
540 3579 687 3624 τινες
719 3546 894 3616 τά’έν
933 3566 1001 3632 τῇ
1060 3535 1321 3616 ὑποθέσει
1384 3535 1559 3633 ταύτῃ
1618 3564 1769 3633 εὑρί-
1804 3535 1848 3595 C

196 3670 419 3717 σκοντες
446 3653 818 3723 ὑπομνήματα
878 3654 1105 3707 τοιαῦτα
1155 3654 1423 3725 τολμῶσι.
1485 3656 1625 3723 Πρὸς
1681 3650 1775 3707 οὖν

196 3747 295 3816 τὴν
359 3746 628 3814 έρεώτησιν
684 3745 889 3817 ταύτην
941 3747 969 3799 ό
1034 3746 1445 3814 Ἀλεξανδρείας
1513 3745 1774 3814 Θεόφιλος

194 3838 538 3908 ἀπεκρίνατο
567 3838 671 3901 ὅτι,
733 3839 888 3910 Ἐπεὶ
919 3839 970 3891 οί
1034 3837 1127 3891 τὸν
1186 3837 1453 3905 Βαγάδιον
1509 3838 1777 3909 καθαιρή-

194 3945 392 3991 σαντες
436 3928 531 3981 δύο
563 3928 859 3985 ἐπίσκοποι
881 3930 982 3999 ἤδη
1022 3929 1340 3998 τεθνήκασι,
1383 3930 1508 3982 κατ’
1547 3929 1776 3983 ἐκείνων

191 4018 555 4088 ψηφίζεσθαι,
594 4020 668 4081 ὡς
703 4021 778 4089 μὴ
806 4020 986 4082 καλῶς
1062 4020 1434 4088 ποιησάντων,
1490 4023 1552 4073 οὑ
1624 4025 1729 4091 χρή
1760 4042 1773 4055 ·

194 4111 283 4162 ἵνα
318 4111 391 4176 μὴ
418 4110 515 4161 καὶ
546 4110 705 4177 ἡμεῖς
732 4110 1094 4177 αἰτιαθῶμεν,
1126 4109 1203 4173 ὡς
1238 4100 1313 4180 μὴ
1360 4112 1635 4179 παρόντας
1672 4113 1775 4165 αὑ-

189 4203 775 4272 τοὺςκατακρίναντες
805 4218 819 4231 ⁸
883 4204 1033 4265 ὅπως
1084 4202 1140 4255 δὲ
1190 4203 1251 4254 τὸ
1285 4202 1482 4271 μέλλον
1538 4204 1776 4272 ἀσφαλι-

193 4294 437 4361 σώμεθα,
464 4292 606 4346 ὥστε
639 4295 838 4363 μηκέτι
875 4294 1107 4347 τοιαῦτα
1157 4296 1429 4361 γίνεσθαι,
1473 4295 1621 4349 δοκεῖ
1658 4314 1773 4367 μοι,

192 4371 383 4454 ἱρησὶν,
405 4386 488 4438 ὅτι
515 4385 577 4437 ού
608 4387 768 4459 μόνον
822 4391 973 4455 τρεῖς
1007 4386 1294 4467 ,ἐνδέχεται
1344 4392 1601 4457 παρεῖναι
1655 4390 1777 4441 tm-

193 4480 431 4540 σκόπους
464 4478 557 4529 έπὶ
600 4477 922 4548 καθαιρέσει
947 4479 1276 4546 ἐπισκόπου,
1312 4480 1472 4545 ἀλλά,
1515 4482 1565 4532 εί
1618 4481 1779 4535 δυνα-

192 4574 307 4637 τὸν,
358 4573 455 4623 καὶ
508 4570 636 4633 τοὺς
711 4570 922 4634 πάντας
987 4571 1357 4641 έπαρχιώτας,
1438 4571 1607 4642 {now
1650 4573 1779 4643 τοὺς

192 4665 296 4733 τῆς
364 4663 634 4733 ἐπαρχίας
667 4663 884 4732 ἐκείνης
927 4664 1290 4729 έπισκόπους,
1329 4660 1442 4738 δινῇ
1482 4666 1577 4717 καὶ
1601 4665 1778 4733 ἡέπι-

196 4756 380 4826 σκοπὴ
411 4755 505 4807 τοῦ
564 4755 1001 4826 καθαιρουμένου
1066 4756 1361 4823 διάκειται,
1425 4758 1512 4811 ἵνα
1565 4756 1777 4811 πολλῶν

1888 2278 2221 2347 agitabatur,
2265 2295 2385 2335 cum
2421 2283 2528 2335 duo
2563 2283 2714 2336 illum
2768 2286 2893 2349 sibi,
2941 2287 3199 2341 nimirum
3235 2290 3472 2358 Agapins

1887 2378 1941 2422 et
1976 2367 2263 2437 Bagadius,
2309 2372 2666 2427 vindicarent.
2698 2374 2825 2430 Erat
2857 2379 2999 2431 enim
3029 2379 3185 2448 paulo
3220 2393 3345 2434 ante
3371 2378 3473 2431 Ba—

1886 2459 2077 2525 gadius
2110 2459 2255 2513 illius
2289 2461 2439 2513 urbis
2468 2462 2773 2532 cpiscopus,
2806 2465 2896 2519 sed
2931 2482 3050 2519 cum
3082 2470 3369 2526 nonnullas
3396 2472 3467 2525 ob

1886 2566 2081 2606 causas
2117 2568 2144 2604 a
2195 2553 2409 2607 duobus
2455 2556 2724 2623 episcopis
2774 2568 2921 2612 esset
2959 2559 3263 2629 depositus,
3312 2564 3471 2632 idque

1886 2643 1977 2697 illo
2012 2645 2256 2706 absente,
2304 2647 2543 2712 Agnpius
2598 2650 2885 2702 memorati
2935 2653 3279 2721 episcopatus
3317 2657 3471 2708 ordi-

1884 2747 2047 2789 natus
2072 2744 2151 2788 est
2179 2738 2488 2803 episc0pns.
2524 2736 2695 2791 Porro
2729 2740 3121 2809 depositionem
3149 2761 3304 2798 suam
3344 2749 3473 2801 vitio

1885 2826 2085 2879 factam
2137 2841 2260 2879 esse
2308 2826 2583 2895 liagadius
2624 2834 3002 2887 contendebat.
3049 2834 3183 2889 Cum
3221 2837 3386 2908 igitur
3421 2843 3470 2894 in

1884 2919 2065 2971 medio
2112 2917 2348 2971 concilio
2386 2920 2662 2986 proposita
2710 2932 2857 2975 esset
2888 2928 3289 2994 controversia,
3330 2932 3471 2985 Ara-

1884 3009 2076 3062 bianus
2108 3010 2339 3077 Ancyra:
2372 3010 2510 3063 dixit
2551 3028 2564 3068 :
2596 3010 2714 3065 Non
2744 3023 2852 3067 tam
2884 3016 2953 3069 ob
2986 3031 3307 3085 praesentem
3338 3038 3471 3076 cau-

1881 3115 1997 3155 sam
2030 3101 2336 3169 interrogo,
2370 3118 2529 3169 quam
2562 3105 2703 3173 quod
2737 3106 2787 3159 itt
2826 3118 3101 3176 posterum
3136 3124 3370 3167 metuam
3405 3130 3470 3171 ne

1881 3188 2023 3244 forte
2072 3192 2123 3244 in
2160 3192 2325 3245 simili
2378 3209 2542 3249 causa
2576 3197 2791 3264 quavis,
2830 3198 2880 3252 id
2936 3202 3080 3268 quod
3130 3216 3340 3272 gestum
3384 3216 3471 3261 est.

1884 3288 2143 3348 tanquam
2212 3284 2399 3354 rettjtla
2451 3286 2554 3337 vim
2611 3286 2889 3354 obtineat;
2944 3303 3106 3359 atque
3158 3309 3186 3345 a
3240 3296 3471 3350 c0ncilio

1881 3381 2041 3441 peto,
2079 3383 2136 3427 ut
2168 3375 2425 3439 declaret,
2464 3393 2591 3430 nutn
2628 3394 2655 3431 a
2691 3378 2903 3434 duobus
2938 3383 3209 3451 episcopis
3240 3385 3467 3456 deposi-

1882 3468 2081 3519 tionetn
2106 3466 2222 3521 ﬁeri
2252 3469 2431 3533 liceat,
2470 3480 2522 3523 et
2548 3472 2813 3540 ejusmodi
2843 3476 3170 3530 sententiam
3205 3478 3467 3533 adversus

1878 3558 2156 3610 absentem
2223 3560 2584 3627 pronuntiari.
2643 3557 2845 3615 Vereor
2906 3564 3071 3626 enim,
3128 3566 3335 3635 inquit,
3397 3584 3467 3622 ne

1879 3646 2020 3702 forte
2069 3649 2257 3717 aliqui,
2295 3665 2418 3704 cum
2456 3652 2508 3703 in
2563 3652 2720 3719 hujus
2756 3668 2937 3707 causa
2988 3665 3105 3708 acta
3142 3657 3459 3721 inciderint,

1880 3741 1985 3792 alia
2015 3740 2270 3793 audeant.
2300 3742 2379 3795 Ad
2408 3742 2544 3796 hanc
2572 3742 2735 3812 igitur
2758 3743 3237 3815 interrogationem
3269 3748 3449 3803 Theo-

1879 3832 2057 3903 philus
2136 3832 2538 3887 Alexandrinus
2628 3836 2959 3901 respondit:
3007 3835 3457 3907 Quandoquidem

1878 3924 2115 3993 episcopi
2164 3925 2292 3988 duo,
2329 3938 2359 3975 a
2391 3926 2587 3994 quibus
2643 3924 2919 3993 depositus
2977 3936 3062 3983 est
3107 3928 3397 3999 Bagadins.
3427 3946 3456 3983 e

1879 4012 2017 4068 vivis
2043 4025 2417 4076 excesserunt,
2454 4016 2504 4067 in
2530 4015 2769 4089 eoslerri
2801 4020 3151 4080 sententiam,
3177 4022 3317 4088 quod
3351 4036 3457 4075 non

1878 4116 2025 4160 recte
2059 4107 2289 4173 egerint,
2322 4108 2549 4159 minime
2594 4108 2887 4174 convenit;
2931 4125 2998 4162 ne
3031 4112 3166 4165 forte
3200 4129 3296 4166 nos
3326 4130 3462 4182 quo-

1877 4209 1982 4267 que
2011 4198 2491 4266 reprehendamus,
2523 4200 2664 4268 quod
2694 4200 2946 4258 absentes
2976 4204 3095 4257 illos
3119 4204 3459 4260 damnaveri-

1863 4305 1999 4344 ‘ntus
2044 4306 2058 4343 :
2092 4300 2153 4344 ut
2188 4300 2369 4344 autem
2410 4292 2463 4344 in
2504 4289 2742 4346 futurum
2794 4294 3208 4362 provideamus,
3242 4314 3310 4351 ne
3341 4314 3454 4352 amo

1878 4382 2019 4452 plius
2046 4383 2173 4437 talia
2203 4386 2447 4451 quaedam
2480 4385 2633 4448 llant,
2664 4387 2792 4439 mihi
2826 4386 3061 4453 videtur,
3098 4389 3311 4458 inquit,
3348 4406 3456 4445 non

1879 4486 1993 4531 tres
2023 4475 2307 4544 episcOpos
2356 4482 2567 4529 tantum
2600 4478 2794 4530 adesse
2842 4477 3039 4532 debere
3085 4482 3152 4533 ad
3190 4497 3354 4534 unum
3395 4486 3461 4537 de

1878 4568 2048 4638 gradu
2082 4568 2453 4636 dejiciendum
2486 4570 2804 4640 episeOpum
2834 4588 2858 4644 ς,
2879 4573 2973 4625 sed
3001 4612 3015 4635 ,
3047 4576 3089 4626 si
3124 4573 3236 4629 ﬁeri
3267 4578 3464 4644 possit,

1878 4658 2041 4711 etiam
2072 4672 2263 4711 omnes
2289 4659 2653 4726 provinciales
2688 4660 2802 4714 sive
2842 4642 3137 4727 provincia:
3166 4642 3309 4719 illius
3338 4667 3461 4733 epi-

1879 4763 2093 4820 scopos,
2126 4751 2180 4803 in
2219 4765 2323 4820 qua
2358 4751 2503 4804 illius
2547 4751 2900 4821 episcopatus
2945 4764 3025 4807 est
3058 4756 3217 4821 situs,
3252 4758 3344 4826 qui
3394 4761 3466 4813 de

194 4850 366 4903 ὄντων
399 4846 508 4899 τῶν
538 4846 855 4913 κρινόντων,
909 4849 1007 4901 καὶ
1045 4849 1530 4919 ἀποφαινομένων,
1572 4849 1771 4918 παρόν-

1881 4843 2048 4911 gradu
2081 4841 2377 4911 dejicitur;
2414 4852 2468 4895 ut
2513 4858 2635 4897 cum
2670 4844 2825 4897 multi
2876 4846 3456 4915 exstiterintjudices,

195 4955 286 5001 τος
326 4938 421 4990 καὶ
484 4935 650 4989 αὑτοῦ
712 4935 806 4988 τοῦ
885 4937 1237 5011 αίτιωμένου,
1306 4938 1679 5008 ἀκριϐεστέρα
1738 4941 1771 5010 η

197 5029 606 5100 κατακρίνουσα
635 5027 813 5098 ψῆφος
865 5028 957 5083 τὸν
1018 5028 1452 5100 καθαιρούμενον
1528 5031 1772 5101 γίνηται.

197 5124 275 5194 Τῇ
316 5121 448 5191 γοῦν
464 5119 658 5192 γνώμῃ
688 5122 859 5191 ταύτῃ
891 5122 983 5174 καὶ
1006 5122 1384 5191 όΝεκτάριος,
1442 5123 1539 5176 κιὶ
1581 5126 1610 5178 ὁ
1633 5125 1775 5177 Φλα-

198 5216 407 5278 6ιανὸς,
434 5215 530 5267 καὶ
561 5214 611 5266 οι
642 5212 823 5266 λοιποὶ
848 5216 944 5285 τῆς
988 5214 1210 5269 συνόδου
1277 5215 1615 5287 ηρέσθησαν.
1663 5217 1775 5270 Καὶ

199 5306 373 5359 ταῦτα
411 5307 509 5374 μεν
535 5307 583 5358 oi
615 5305 859 5377 Πατέρες
877 5300 1049 5362 οὗτοι.
1093 5304 1152 5359 Ὀ
1173 5306 1231 5360 δὲ
1260 5306 1561 5371 δωδέκατος
1590 5309 1771 5361 κανὼν

198 5392 298 5461 τῆς
340 5394 403 5444 εν
436 5390 765 5463 Καρθαγένη
803 5391 1045 5453 συνόδου,
1115 5396 1575 5463 μεταγενεστέρας
1604 5394 1772 5465 οὔσης

196 5485 350 5556 παρά
380 5484 590 5555 ταύτην
638 5486 739 5553 τὴν
768 5483 865 5538 ἐπὶ
922 5485 1229 5557 Νεκταρίου
1291 5487 1772 5555 συναθροισθεῖσαν

196 5578 356 5647 (αὕτη
398 5575 648 5653 μὲνυγάρ
708 5576 802 5629 επὶ
866 5577 1151 5648 Ἀρκαδιου
1214 5580 1475 5649 συνέστη,
1553 5580 1587 5649 η
1637 5579 1684 5631 δ’
1716 5581 1775 5633 έν

196 5668 537 5741 Καρθαγένῃ
596 5669 881 5723 Θεοδοσίου
925 5670 1018 5724 τοῦ
1089 5674 1289 5744 μικροῦ
1366 5670 1773 5742 βασιλεύοντος)

195 5762 535 5828 ιπισιόπου,
598 5763 761 5833 φησὶν
817 5765 876 5816 ιν
939 5764 1243 5835 ἐγκλήματι
1289 5765 1772 5835 κατηγορουμένου

197 5853 407 5909 δώδεκα
465 5855 801 5916 ἐπισκόπους
868 5854 1135 5922 δικάςειν,
1178 5857 1228 5908 εί
1277 5856 1351 5928 μὴ
1422 5856 1510 5909 διὰ
1572 5856 1771 5909 πολλὴν

1879 4949 1944 4989 ac
1978 4936 2305 4989 sententiam
2348 4934 2572 4988 tulerint
2626 4936 2896 5003 praesente
2933 4936 3057 5000 illo.
3093 4940 3185 5009 qui
3233 4955 3466 4995 accusa—

1880 5034 1988 5092 tur,
2037 5026 2280 5081 exactior
2306 5027 2475 5098 680
2506 5042 2567 5082 ac
2616 5027 2825 5081 ﬁrmior
2858 5032 3127 5086 sententia
3176 5035 3461 5093 reddatur.

1876 5133 1985 5189 qua
2014 5118 2304 5174 da'mnatur
2332 5122 2383 5184 is,
2407 5120 2498 5190 qui
2530 5121 2839 5190 deponitur.
2871 5121 3019 5179 Hanc
3050 5126 3211 5193 igitur
3244 5140 3463 5182 sentt-n-

1875 5214 2005 5266 tiam
2040 5221 2095 5266 et
2140 5209 2429 5267 Nectarins
2477 5220 2531 5267 et
2564 5211 2857 5269 Flavianus
2903 5226 2955 5272 et
3006 5220 3184 5272 caeteri
3218 5236 3281 5273 ex
3317 5236 3450 5275 coo-

1874 5304 2007 5383 cilio_
2033 5305 2427 5372 approbarunt.
2466 5308 2643 5376 Atque
2684 5306 2801 5362 haec
2849 5309 3066 5376 quidem
3114 5310 3201 5364 isti
3242 5310 3455 5366 Patres.

1874 5397 2235 5452 Duodecimus
2272 5407 2453 5452 autem
2488 5413 2663 5454 canon
2698 5399 2913 5455 concilii
2962 5400 3461 5472 Carthaginiensis,

1879 5490 2021 5559 quod
2060 5501 2301 5558 tempore
2351 5490 2623 5560 posterius
2665 5502 2749 5547 est
2796 5492 2901 5547 isto
2947 5490 3202 5548 Nectario
3240 5497 3466 5551 sedente

1880 5588 2211 5649 congregato
2255 5580 2491 5651 (quippe
2543 5597 2663 5636 cum
2716 5583 2820 5639 hoc
2870 5584 3175 5653 imperante
3220 5586 3465 5643 Arcadio

1878 5685 2125 5729 coactum
2146 5676 2215 5729 sit
2239 5690 2257 5740 ;
2281 5674 2733 5745 Carthaginiense
2768 5692 2899 5732 vero
2928 5676 3231 5733 Theodosio
3263 5683 3460 5735 minori

1882 5763 2217 5838 imperante)
2246 5767 2291 5820 si
2328 5766 2453 5838 quis
2484 5768 2796 5839 episcopus,
2844 5772 3044 5841 inquit,
3078 5773 3310 5843 alicujus
3343 5775 3459 5827 cri-

1882 5857 2042 5915 tuiuis
2074 5859 2247 5915 lactus
2281 5860 2353 5916 sit
2386 5875 2538 5927 rcus,
2569 5876 2600 5917 a
2630 5863 2913 5920 duodecim
2949 5866 3225 5937 episcopis
3248 5866 3464 5935 judice-
