4224 6440
742 412 845 472 439

2047 400 2329 465 ΤΗΕΟΙ).
2370 400 2767 465 BALSAMON

3898 399 4005 461 460

750 535 866 580 erat
898 536 1074 579 autem
1112 528 1320 593 Species
1364 530 1481 595 ejus
1527 537 1581 580 ut
1620 525 1818 595 fulgur,
1856 536 1905 579 et
1939 526 2316 589 'uidumcnlum
2352 535 2390 591 Α

2352 535 2390 591 Α
2421 529 2599 581 ὄάτων
2649 528 2715 596 τῇ
2767 520 3155 593 ἐπιφωσκούσῃ
3206 521 3284 582 είς
3338 519 3468 589 μίαν
3516 516 3830 581 Σαὸὁάτων,
3869 511 4000 588 ἦλθε

750 620 869 686 eius
915 618 1095 671 album
1137 630 1192 671 ut
1226 620 1335 670 uix.
1378 622 1421 669 Α
1457 618 1650 672 timore
1694 628 1876 671 autem
1917 618 2037 686 ejus
2071 619 2322 671 concussi

752 722 877 765 sunt
909 711 1004 779 qui
1026 712 1338 775 servabant,
1362 718 1416 762 et
1438 708 1565 764 tacti
1590 719 1717 765 sunt
1746 718 1805 764 ut
1830 710 2053 763 mortui.
2081 707 2321 778 Respon-

752 802 886 857 deus
917 813 1097 856 autem
1144 802 1389 871 angelus,
1431 802 1571 855 dixit
1620 802 1941 855 mulieribus
1979 799 2088 855 :Ne
2140 798 2325 855 timete

756 907 870 955 vos,
902 892 1019 945 scio
1054 892 1200 951 enim
1252 892 1401 960 quod
1451 889 1636 945 Jesum
1686 891 2004 947 cruciﬁxum
2036 891 2319 959 quaeritis:

758 997 861 1035 non
895 991 977 1035 est
1014 983 1101 1037 hic
1128 1000 1141 1035 :
1169 984 1471 1036 resurrexit
1500 982 1667 1049 enim,
1696 983 1839 1036 sicut
1868 982 2004 1035 dixit
2048 983 2087 1035 ί.
2130 980 2198 1033 Id
2222 997 2322 1034 au-

757 1085 856 1126 tem
887 1073 1024 1138 quod
1051 1073 1250 1123 dictum
1284 1080 1383 1135 est,
1411 1085 1656 1137 vespere,
1688 1071 1785 1123 alii
1810 1071 2022 1139 quidem
2048 1072 2316 1124 existima-

756 1164 880 1216 bunt
912 1163 1195 1215 secundum
1226 1164 1367 1216 verbi
1417 1163 1843 1215 communitatem
1891 1164 2194 1231 significare
2234 1179 2318 1216 ae—

758 1272 960 1319 sperum
996 1254 1252 1317 Sabbati;
1283 1254 1627 1323 sapientiores
1659 1263 1834 1306 autem
1876 1253 1930 1306 id
1964 1254 2323 1319 exaudientes,

758 1363 857 1399 non
886 1348 1004 1411 hoc,
1039 1347 1127 1398 sed
1162 1344 1479 1413 profundam
1531 1354 1731 1398 noctem
1775 1361 1886 1399 esse
1924 1346 2121 1406 dicent,
2156 1345 2327 1397 tardi—

757 1448 918 1490 tatem
940 1447 986 1490 ct
1013 1436 1225 1505 longum
1255 1445 1456 1504 tempus
1486 1451 1689 1504 vespere
1716 1436 2065 1504 significante.
2101 1433 2169 1487 Et
2187 1434 2325 1503 quod

759 1536 959 1579 noctem
1018 1526 1147 1577 dicit
1180 1535 1229 1577 ct
1264 1540 1365 1576 non
1406 1540 1691 1592 uesperam,
1738 1524 2046 1590 subjunxit:
2072 1521 2207 1575 Cum
2242 1523 2327 1576 lu-

760 1624 996 1673 cesceret
1033 1616 1085 1668 in
1114 1615 1342 1682 primam
1376 1613 1735 1669 hebdomadis
1762 1613 1942 1677 diem;
1976 1623 2025 1666 et
2061 1622 2325 1677 venerunt,

759 1706 1011 1771 nondum,
1052 1716 1108 1758 ut
1139 1706 1323 1774 reliqui
1352 1705 1555 1769 dicunt,
1591 1714 1831 1757 aromata
1871 1705 2110 1773 fatentes,
2134 1704 2223 1759 sed
2259 1704 2327 1756 ad

761 1798 1097 1866 spectandum
1139 1796 1472 1864 sepulcrum,
1527 1806 1575 1850 ct
1624 1797 1926 1848 invenerunt
1969 1796 2171 1862 factum
2218 1810 2329 1849 esse

2423 618 2615 687 Μαρία
2642 618 2675 686 ἡ
2699 612 3029 685 Μαγδαληνὴ
3060 613 3153 664 καὶ
3176 614 3208 681 ὴ
3242 611 3375 681 ἄλλη
3400 610 3589 680 Μαρία
3612 608 3886 679 θεωρῆσαι
3911 608 4003 661 τὸν

2424 709 2611 777 τάφον.
2640 708 2751 761 Kal.
2784 706 2893 759 ἰδοὺ
2920 703 3141 773 σεισμὸς
3164 702 3380 771 ἐγένετο
3413 700 3618 771 μέγαςο
3651 699 3879 768 ἄγγελος
3895 698 4004 770 γὰρ

2424 802 2629 871 Κυρίου
2672 798 2913 861 καταὸὰς
2962 796 3021 861 ἐξ
3060 793 3290 867 οὐρανοῦ
3328 791 3660 890 προσελθὼν,

2422 891 2514 942 τὸν
2552 889 2718 953 λίθον,
2766 888 2859 941 καὶ
2899 884 3133 956 ἐκάθητο
3166 883 3351 936 ἐπάνω
3388 880 3580 935 αὐτοῦ·
3612 875 3681 952 ἢν
3709 878 3767 933 δὲ
3808 880 3843 951 ή
3890 875 4002 933 ίδέἀ

2424 981 2589 1035 αὑτοῦ
2618 980 2693 1043 ὡς
2724 977 2999 1052 ἀστραπὴ,
3025 976 3119 1031 καὶ
3150 976 3210 1027 τὸ
3238 974 3438 1044 ἔνδυμα
3466 971 3629 1026 αὑτοῦ
3657 970 3848 1024 λευκὸν
3871 971 4005 1026 ὡσεὶ

2426 1073 2572 1145 χιών.
2624 1072 2755 1124 ’Δπὸ
2800 1071 2857 1123 δὲ
2889 1068 2982 1122 τοῦ
3032 1070 3197 1138 φόὸου
3230 1067 3418 1133 αὑτοῦ,
3470 1066 3793 1137 ἐσείσθησαν
3832 1071 3881 1118 ol
3911 1081 4009 1139 τη-

2429 1164 2669 1236 ροῦντες,
2705 1163 2798 1215 καί
2826 1160 3079 1228 ἐγένοντο
3110 1160 3245 1212 ὡσεὶ
3273 1158 3474 1229 νεκροί.
3523 1154 3867 1227 ’Δποκριθεὶς
3895 1154 3952 1207 δι
3978 1154 4007 1209 5

2426 1257 2652 1325 ἄγγελος
2686 1253 2805 1309 εἷπε
2835 1256 2956 1317 ταῖς
2987 1252 3234 1321 γυναιξί·
3266 1250 3357 1323 Μὴ
3391 1248 3639 1320 φοὸεῐσθι
3685 1249 3865 1318 ὑμεῖς,
3891 1243 4008 1303 οῖδα

2426 1348 2536 1418 γὰρ
2560 1347 2641 1398 ὅτι
2682 1343 2889 1415 Ἰησοῦν
2918 1343 3007 1396 τὸν
3032 1342 3447 1413 ἐσταυρωμένον
3474 1339 3708 1411 ζητεῖτε,
3735 1339 3837 1391 οὐκ
3860 1337 4008 1392 ἐστιν

2426 1431 2554 1492 ὧδε·
2584 1437 2791 1509 iﬁlqu
2818 1436 2927 1508 γὰρ
2960 1434 3141 1497 καθὼς
3185 1428 3324 1487 εἷπε.
3382 1432 3563 1487 Τοῦτο
3599 1430 3668 1483 δὲ
3700 1430 3763 1484 τὸ
3786 1430 4001 1500 λεχθὲν

2428 1529 2546 1597 ὀψὲ,
2582 1532 2634 1582 al
2657 1526 2774 1597 μέν
2806 1543 2966 1593 τινες
2993 1526 3303 1593 οἰήσονται
3344 1522 3496 1577 κατὰ
3539 1521 3654 1589 τὴν
3689 1522 4010 1587 κοινότητα

2428 1621 2534 1675 τοῦ
2552 1620 2819 1691 ῥήματος
2847 1620 2962 1689 τὴν
2986 1618 3250 1687 ἑσπέραν
3268 1616 3500 1684 δηλοῦν
3526 1615 3633 1669 τοῦ
3665 1612 3971 1667 Σαϐϐάτου
3988 1629 4004 1643 ο

2430 1718 2483 1768 ol
2509 1713 2577 1767 δὲ
2603 1712 2945 1783 σοφώτερον
2994 1710 3413 1776 ὲξακούοντες,
3466 1709 3535 1761 οὐ
3588 1706 3797 1760 τοῦτο’
3846 1704 4011 1760 ἀλλὰ

2429 1807 2617 1861 νύκτα
2672 1805 2927 1870 βαθεῖαν
2974 1802 3220 1873 ἐροῦσιν
3268 1802 3419 1856 εἶναι
3435 1818 3449 1831 ·
3512 1798 3863 1867 ,ϐραδύτητα
3910 1795 4008 1850 καὶ

761 1900 915 1942 terra
948 1896 1170 1950 motum,
1204 1896 1253 1941 et
1282 1888 1523 1956 angelum
1574 1903 1730 1953 super
1775 1886 2001 1953 lapidem
2042 1888 2325 1950 sedentem,
2359 1883 2429 1967 Β⁴

2359 1883 2400 1938 Β
2424 1898 2655 1968 μακρὸν
2692 1899 2912 1966 χρόνον
2941 1895 3048 1951 τοῦ
3095 1895 3197 1965 ὀψὲ
3239 1894 3594 1961 δηλοῦντος.
3628 1891 3737 1945 Kal
3777 1889 3869 1943 δτι
3906 1889 4011 1942 νύ-

761 1987 805 2030 et
833 1976 1115 2031 audierunt
1142 1977 1205 2028 ab
1238 1978 1350 2044 ipso
1377 1990 1394 2027 :
1418 1974 1533 2028 Non
1566 1985 1650 2029 est
1678 1976 1785 2040 hic,
1812 1975 2066 2029 surrexit.
2123 1975 2327 2030 Simili-

761 2080 836 2124 ter
861 2068 1093 2121 Joannes
1133 2084 1147 2120 :
1173 2067 1354 2121 Prima
1394 2066 1753 2122 hebdomadis
1800 2067 1955 2132 feria,
1985 2069 2175 2137 inquit,
2213 2068 2325 2123 Ma-

761 2160 838 2214 ria
872 2159 1183 2230 Magdalene
1215 2160 1362 2214 venit
1391 2175 1570 2225 mane,
1612 2175 1737 2216 cum
1764 2169 1948 2214 essent
1974 2161 2151 2215 adhuc
2178 2170 2325 2215 tene-

2432 2005 2541 2043 uta
2569 1989 2731 2071 λέγει
2760 1988 2858 2043 seal
2893 1990 3003 2056 οὺχ
3033 1987 3321 2055 ἑσπέραν,
3364 1984 3647 2071 ἐξήγαγε,
3682 1983 3760 2052 Τῇ
3798 1983 4011 2071 knew

2432 2069 2744 2149 σκούσῃήεις
2775 2078 2901 2147 μίαν
2933 2076 3254 2131 Σαϐϐάτωψ
3290 2074 3385 2127 καί
3410 2069 3584 2143 ἧκον,
3614 2071 3799 2133 οὔπω,
3838 2069 3920 2135 ὡς
3956 2070 4011 2122 al

2434 2169 2631 2223 λοιποί
2652 2185 2823 2238 φασι,
2856 2168 2928 2221 τὰ
2954 2167 3232 2237 ἀρώματα
3261 2167 3576 2236 φέρουσαι,
3607 2164 3769 2218 ἀλλὰ
3793 2159 4011 2229 θεωρῆ-

761 2255 888 2317 brze,
920 2253 985 2306 ad
1036 2264 1486 2318 monumentum;
1527 2261 1581 2307 et
1612 2251 1744 2308 vidit
1783 2254 2016 2322 lapidem
2049 2254 2323 2309 sublatum
2393 2290 2425 2303 ρ

2393 2276 2531 2314 -σαι
2562 2260 2669 2313 τὸν
2706 2259 2916 2328 τύψον,
2947 2260 3044 2312 καὶ
3077 2254 3255 2325 εὖρον
3281 2257 3388 2311 τὸν
3415 2255 3672 2325 σεισμὸν
3722 2252 4011 2323 γεγονότα

759 2359 785 2396 a
818 2353 1169 2399 monumento
1208 2346 1227 2374 '
1253 2361 1267 2408 ;
1324 2344 1416 2397 sed
1436 2344 1598 2411 juxta
1619 2344 1753 2398 illud
1776 2360 1901 2400 cum
1932 2345 2109 2400 adhuc
2140 2355 2326 2400 essent

760 2436 1013 2499 tenebrae,
1046 2444 1407 2505 praecesserat.
1458 2433 1632 2490 Lucas
1664 2447 1840 2491 autem
1888 2437 2058 2491 dicit:
2089 2435 2326 2491 Sabbato

760 2527 978 2591 quidem
1012 2528 1337 2596 quieverunt
1385 2530 1691 2586 secundum
1748 2538 2097 2599 praeceptum.
2142 2527 2323 2583 Prima

758 2628 939 2674 autem
988 2619 1346 2674 hebdomadis
1393 2618 1527 2675 feria
1580 2634 1795 2675 summo
1833 2634 1992 2673 mane
2015 2618 2082 2673 ad
2135 2634 2326 2674 monu-

759 2720 1000 2763 mentum
1021 2722 1311 2776 venerunt,
1332 2711 1569 2767 ferentes
1581 2725 1703 2781 qua:
1719 2719 2040 2781 paraverant
2056 2719 2323 2775 aromata,

760 2801 1082 2855 invenerunt
1135 2811 1316 2857 autem
1360 2803 1592 2873 lapidem
1634 2819 1665 2857 a
1707 2812 2061 2858 monumento
2113 2803 2325 2858 devolu-

761 2902 871 2946 tum
914 2892 953 2947 ⁸.
993 2890 1267 2946 Summum
1305 2910 1457 2947 mane
1482 2899 1709 2962 fortasse
1737 2894 2054 2946 matutinum
2078 2893 2323 2962 splendo-

760 3000 887 3045 rem,
925 2985 1014 3052 qni
1054 2985 1201 3052 prius
1243 2985 1578 3053 subapparet,
1610 2986 1873 3056 significat
1925 2988 2110 3054 prima:
2142 2986 2321 3053 feriae;

762 3084 810 3128 et
850 3077 1100 3145 quoniam
1132 3076 1249 3144 jam
1300 3079 1523 3145 perfecte
1551 3078 1818 3146 preter-ita
1847 3093 1966 3130 cum
1996 3085 2107 3130 tota
2146 3093 2325 3129 cause-

757 3175 941 3234 quente
976 3179 1123 3221 nocte
1160 3166 1419 3231 Sabbata,
1464 3178 1513 3221 et
1560 3170 1667 3223 alia
1710 3170 1793 3223 die
1830 3170 2130 3238 incipiente,
2178 3184 2325 3222 reue-

759 3268 878 3312 runt
910 3268 1153 3312 aromata
1185 3269 1232 3313 et
1258 3272 1523 3329 unguenta
1575 3260 1835 3330 ferentes;
1871 3263 2082 3330 quando
2104 3261 2223 3330 jam
2250 3261 2326 3314 ai-

756 3350 942 3403 delicet
972 3350 1065 3402 diu
1114 3362 1237 3403 ante
1267 3360 1592 3405 surrexerat.
1629 3350 1744 3405 Hoc
1781 3351 1993 3405 Marcus
2022 3369 2223 3421 quaque
2248 3369 2326 3406 se-

756 3441 957 3507 quitur,
983 3440 1473 3495 dicens:Emerunt
1505 3451 1768 3505 aromata,
1803 3452 1861 3496 ut
1899 3444 2174 3497 venientes
2201 3458 2324 3497 cum

756 3539 1042 3598 ungerent.
1078 3528 1142 3583 Et
1172 3530 1325 3584 valde
1382 3546 1541 3585 mane
1596 3532 1783 3600 prima:
1826 3532 1972 3587 feria:
2003 3534 2226 3587 veniunt
2257 3534 2323 3588 ad

760 3630 1175 3674 monumentum
1227 3630 1348 3675 orto
1387 3621 1499 3689 jam
1553 3623 1666 3676 sole
1702 3623 1743 3676 δ.
1782 3622 1945 3678 Valde
1987 3624 2127 3678 enim
2169 3640 2326 3679 mane

757 3711 840 3763 hic
871 3727 1070 3779 quoque.
1095 3712 1249 3773 dixit,
1276 3712 1415 3780 quod
1444 3713 1577 3766 idem
1604 3724 1679 3767 est
1705 3730 1766 3766 ac
1813 3729 2030 3769 summo
2061 3715 2321 3780 diluculo,

758 3812 807 3857 st
845 3802 1115 3870 subjunxit
1142 3818 1158 3854 :
1187 3801 1319 3856 Orto
1359 3802 1473 3871 jam
1516 3805 1646 3858 sole.
1698 3804 1964 3873 Profectio
2014 3807 2244 3874 quidem,
2272 3818 2321 3861 et

758 3894 857 3946 iter
885 3909 1066 3947 earum
1090 3909 1292 3946 summa
1318 3893 1552 3947 diluculo
1568 3904 1615 3948 et
1644 3897 1791 3949 valde
1816 3912 1965 3949 mane
2003 3895 2236 3963 incepit;
2268 3900 2321 3950 in

760 3988 948 4040 itinere
992 3998 1171 4039 autem
1206 3986 1253 4041 et
1302 3991 1443 4041 circa
1474 4000 1885 4051 monumentum,
1914 4004 2114 4041 moram
2150 3999 2310 4041 traxe-

758 4087 879 4129 runt
910 4094 1070 4147 usque
1097 4078 1163 4130 ad
1208 4088 1382 4131 ortum
1418 4081 1547 4133 salis
1567 4096 1585 4142 ;
1609 4089 1656 4132 et
1692 4079 1765 4133 eis
1791 4081 2013 4147 quidam
2044 4089 2166 4131 tunc
2194 4080 2325 4132 dicit

757 4169 1055 4223 adolescens
1086 4170 1440 4222 candidatus:
1466 4169 1805 4230 Resurrcxit,
1825 4186 1929 4223 non
1958 4181 2039 4222 cst
2062 4170 2169 4224 hic.
2201 4169 2325 4222 llaec

755 4270 927 4313 autem
957 4276 1073 4312 cum
1114 4260 1189 4312 ita
1212 4276 1265 4312 se
1292 4260 1536 4323 habeant,
1563 4260 1656 4313 ltac
1682 4261 1748 4314 iis
1772 4260 1860 4330 qui
1885 4260 2184 4313 accuratius
2212 4260 2326 4312 sub-

756 4350 1003 4421 tiliusque
1041 4351 1399 4414 considerant,
1451 4352 1788 4405 enuntiamus
1838 4361 1999 4419 quota
2060 4351 2210 4413 hara,
2250 4350 2325 4405 uel

753 4442 913 4495 etiam
944 4442 1265 4496 semihorula
1309 4442 1385 4494 vel
1430 4451 1622 4510 quarta
1668 4442 1831 4505 hortr,
1861 4451 2062 4509 oportet
2096 4443 2325 4511 incipere

2430 2348 2528 2402 καί
2573 2348 2912 2431 καθήμενοι⁸
2946 2347 3054 2401 τὸν
3080 2347 3339 2418 ἄγγελον
3387 2346 3487 2401 ἐπὶ
3514 2344 3623 2431 τοῦ
3663 2345 3864 2431 λίθου,
3908 2343 4010 2396 καὶ

2429 2444 2728 2509 ἀκηκόασι
2781 2426 2917 2511 παρν
2966 2440 3185 2495 αὐτοῦ’
3232 2440 3347 2505 ora
3399 2437 3545 2492 εστιν
3597 2426 3721 2500 ὧδέ,
3771 2433 4005 2506 ἠγέρθη.

2442 2533 2683 2603 Ὁμοίως
2738 2538 2772 2590 ό
2840 2532 3115 2613 Ἰωάννης
3135 2552 3146 2563 ·
3218 2534 3305 2587 Ἐν
3367 2534 3464 2603 μιᾷ
3514 2532 3625 2585 τῶν
3670 2528 4004 2590 Σαδδάτων,

2430 2624 2804 2696 φησι,Μαρία
2833 2627 2866 2697 ή
2892 2625 3223 2696 Μαγδαληνὴ
3247 2620 3378 2695 ἦλθε
3407 2621 3552 2694 πρωῒ
3583 2621 3799 2685 σκοτίας
3818 2618 4007 2673 lateb-

2432 2734 2533 2786 σης
2562 2717 2640 2779 εἰς
2668 2718 2731 2770 τὸ
2766 2713 3055 2787 μνημεῖον·
3105 2716 3201 2770 καὶ
3240 2714 3425 2785 βλέπει
3462 2714 3553 2767 τὸν
3595 2712 3740 2765 λίθον
3768 2710 4010 2783 ἠρμένον

2430 2807 2539 2860 ἀπὸ
2565 2808 2656 2861 τοῦ
2689 2808 2951 2879 μνημείου
2971 2823 2986 2839 ’
3020 2806 3203 2875 πλὴν
3230 2808 3392 2875 παρὰ
3427 2804 3627 2871 τοῦτο,
3660 2802 3877 2866 σκοτίας
3921 2802 4004 2856 ἔτι

2433 2896 2614 2968 οὔσης,
2643 2902 3054 2967 προεληλύθει.
3104 2900 3167 2952 '0
3192 2898 3260 2952 δὲ
3301 2896 3541 2963 Λουκᾶς
3580 2912 3761 2966 φησι⁸
3797 2894 3872 2947 To
3908 2894 4007 2965 μιν

2432 2989 2702 3045 Σάϐϐατον
2728 2991 3004 3061 ἡσύχασαν
3033 2990 3173 3043 κατὰ
3198 3006 3296 3060 την
3324 2989 3542 3060 ἐντολήν
3558 3005 3572 3018 ·
3599 2990 3664 3057 τῇ
3695 2986 3752 3039 δὲ
3777 2986 3877 3056 μιᾷ
3899 2984 4008 3038 τῶν

2429 3080 2756 3147 Σαδδάτων,
2799 3081 2995 3153 ὅρθρου
3029 3080 3217 3152 βαθέος
3250 3082 3341 3133 ἐπὶ
3380 3081 3441 3133 τὸ
3472 3078 3660 3150 μνῆμα
3685 3073 3869 3148 ἦλθον,
3915 3076 4008 3144 τέ-

2431 3189 2619 3242 ρουσαι
2668 3174 2703 3227 ἃ
2745 3174 3046 3245 ἡτοίμασαν
3097 3172 3395 3243 ἀρώματα⁸
3444 3167 3602 3243 εὗρον
3647 3171 3704 3224 δὲ
3734 3170 3826 3222 τὸν
3858 3166 4006 3220 λίθον

2353 3228 2395 3285 c
2428 3228 2922 3333 αποκεκυλισμένον
2955 3262 3063 3315 ἀπὸ
3094 3228 3188 3315 τοῦ
3220 3228 3524 3332 ,μνημείουῑ
3571 3263 3635 3315 '0
3668 3260 3869 3325 ,βαθὺς
3904 3256 4004 3323 ὄρο

2428 3358 2565 3421 θρος
2596 3354 2743 3420 ισως
2770 3353 3367 3423 προῦποςςαινομένην
3390 3353 3583 3419 αὐτὴν
3619 3351 3872 3419 ἑωθινὴν
3893 3353 4003 3421 ἐμ-

2426 3440 2651 3511 φανίζει
2695 3442 2805 3510 τῆς
2829 3442 2969 3512 μιᾶς
3007 3442 3127 3495 τῶν
3166 3440 3499 3503 Σαόὄάτων,
3535 3440 3633 3494 διὰ
3670 3440 3775 3494 τοῦ
3804 3456 4005 3509 παρῳ-

2426 3535 2685 3603 χηκότα·
2730 3534 2848 3603 ἤδη
2892 3535 3129 3599 τελείως
3172 3533 3294 3587 σὺν
3333 3532 3409 3601 τῇ
3458 3534 3584 3601 μετ’
3627 3532 3771 3585 αὐτὸ
3830 3532 4003 3585 νυκτί

2427 3626 2594 3692 πάσῃ
2627 3625 2733 3679 τοῦ
2767 3624 3092 3688 Σαϐϐάτου,
3126 3624 3222 3677 καί
3255 3623 3461 3691 ἐτέρας
3492 3621 3828 3691 ἀρχομένης
3864 3622 4004 3690 ἡμέ-

2418 3731 2553 3783 ρας,
2594 3710 2787 3784 ἦλθον
2827 3716 2899 3770 τὰ
2937 3715 3212 3784 ἀρώματα
3240 3714 3337 3767 καὶ
3384 3714 3455 3768 τὰ
3492 3713 3652 3781 μῦρα
3681 3710 4000 3779 φέρουσαι·

2426 3806 2523 3860 ὅτε
2554 3804 2745 3872 δῆλον
2771 3808 2851 3873 ὡς
2878 3808 3217 3874 ἀνειστήκει
3242 3805 3352 3873 πρὸ
3384 3806 3637 3859 πολλοῦ.
3660 3808 3849 3867 Τούτῳ
3870 3822 4005 3859 κατ-

2424 3898 2744 3953 ακολουθεῖ
2772 3898 2869 3952 καὶ
2902 3901 2933 3952 ό
2963 3896 3206 3965 Μάρκος
3244 3897 3468 3965 λέγων·
3507 3896 3813 3966 Ἦγόρασαν
3864 3895 4004 3967 apo.

2431 4006 2575 4059 ματα
2604 3989 2693 4042 ἴνα
2740 3987 2990 4041 ἱλθοῦσαι
3019 3986 3311 4056 ἀλείψωσιν
3344 3986 3522 4040 αὐτόν.
3568 3986 3676 4039 Καὶ
3715 3985 3834 4038 λίαν
3864 3986 4005 4056 πρωῒ

2426 4078 2525 4147 τῆς
2556 4081 2683 4148 μιᾶς
2710 4077 3003 4131 Σαϐϐάτων
3032 4078 3278 4148 ἔρχονται
3300 4076 3393 4129 ἐπὶ
3420 4076 3480 4128 τὸ
3512 4094 3613 4147 μνη
3624 4079 3768 4145 μεῖον
3796 4076 4003 4128 ἁνατεὶ-

2427 4168 2616 4231 λαντος
2646 4168 2737 4221 τοῦ
2769 4169 2940 4239 ἡλίου.
2976 4170 3111 4221 Λίαν
3134 4169 3251 4237 μὲν
3275 4168 3386 4237 γὰρ
3424 4168 3569 4238 πρωῒ
3595 4168 3689 4220 καὶ
3724 4163 3903 4232 οὗτος
3927 4163 4003 4219 εἶ-

2428 4276 2543 4315 πεν
2571 4303 2584 4325 ,
2636 4261 2780 4329 ὅπερ
2813 4261 3032 4314 ταύτόν
3074 4260 3203 4313 ἐστι
3256 4258 3337 4324 τῷ
3388 4258 3578 4329 βαοέος
3631 4258 3861 4329 ὄρθρου,
3907 4258 4001 4311 καί

2428 4350 2761 4420 ἐπήγαγεν,
2808 4351 3186 4412 ἀνατείλαντος
3229 4348 3323 4402 τοῦ
3364 4348 3535 4418 ἡλίου.
3594 4349 3660 4401 Ἦ
3697 4347 3815 4415 μὲν·
3843 4349 3993 4415 όρμῖι

2429 4442 2527 4495 καὶ
2548 4444 2585 4509 ἠ
2622 4442 2761 4507 eam;
2787 4440 3004 4504 αὐτῶν,
3034 4439 3227 4508 δῆλον
3262 4441 3343 4505 ὡς
3376 4440 3590 4507 ὄρθρου
3616 4440 3861 4504 βαθέος,
3905 4440 4003 4491 zeal

754 4534 1000 4587 Imtitiam
1026 4533 1088 4585 ab
1121 4531 1334 4587 Domini
1364 4534 1533 4586 nostri
1557 4550 1587 4585 a
1621 4533 1840 4585 mortuis
1870 4534 2321 4586 resurrectionem.
2358 4550 2401 4603 ι)

2358 4550 2401 4603 ι)
2430 4535 2570 4586 λίαν
2599 4532 2749 4599 πρωϊ
2776 4530 3099 4599 κατήρχθη.
3134 4527 3587 4598 Παρέτειναν,ὄὲ
3618 4528 3766 4581 κατά
3804 4546 3865 4581 τε
3893 4528 4003 4595 τὴν

760 4623 858 4676 Eos
885 4624 1090 4692 quidem
1120 4626 1210 4693 qui
1256 4625 1478 4675 nimium
1507 4624 1779 4693 festinant,
1824 4632 1875 4676 et
1932 4633 2052 4677 ante
2093 4624 2321 4677 mediam

755 4726 957 4767 noctem
1013 4724 1258 4782 surgunt,
1292 4723 1347 4766 ut
1398 4702 1776 4782 cantemplares
1825 4722 1873 4767 et
1922 4716 2324 4784 intemperantes

756 4805 1201 4872 reprehendimus,
1249 4816 1305 4857 ut
1350 4806 1439 4874 qui
1485 4806 1858 4873 propemodum
1898 4818 2179 4875 antequam
2228 4824 2327 4875 par

752 4898 839 4957 sit,
874 4913 1086 4951 cursum
1134 4898 1459 4963 abruperint,
1491 4898 1694 4951 dicente
1743 4900 1854 4951 uiro
1910 4900 2141 4967 sapiente
2165 4914 2181 4950 :
2205 4897 2330 4959 Non

751 5003 941 5055 parum
978 4994 1060 5041 cst
1107 4987 1159 5039 in
1218 4987 1348 5050 vita,
1388 4985 1533 5056 quod
1568 5001 1757 5056 parum
1783 4988 1953 5042 abest.
2011 4987 2114 5041 Eas
2148 4998 2323 5041 autem

748 5080 836 5147 qni
864 5079 1139 5145 differunt,
1172 5090 1221 5131 et
1245 5077 1533 5146 plurimum
1564 5078 1854 5147 perferunt,
1887 5090 1934 5132 et
1971 5080 2039 5131 ad
2071 5088 2319 5148 quartam

750 5188 909 5240 usque
944 5171 1181 5240 vigiliam
1213 5170 1423 5239 fortiter
1459 5171 1742 5234 abstinent,
1772 5172 1823 5223 in
1851 5188 1954 5241 qua
1982 5173 2144 5225 etiam
2174 5172 2321 5223 nari-

748 5264 993 5327 ;[tlllllblﬂ
1030 5260 1281 5317 Senator
1302 5272 1480 5317 noster
1502 5264 1554 5315 in
1578 5265 1717 5315 mari
1747 5262 2023 5317 ambulans
2048 5265 2318 5331 apparuit,

748 5364 803 5405 ut
842 5368 1125 5422 generosas
1147 5362 1199 5408 et
1221 5352 1459 5405 labarum
1483 5350 1763 5405 tolerantes
1796 5354 2133 5419 suscipimus.
2170 5353 2221 5423 3
2250 5354 2322 5408 Iis

745 5456 916 5499 autem
958 5445 1048 5513 qui
1096 5445 1301 5498 interea
1330 5454 1382 5494 ut
1430 5442 1559 5495 moti
1584 5451 1731 5507 sunt,
1791 5441 1871 5497 uel
1898 5454 1953 5497 ut
2009 5453 2319 5513 potuerunt,

744 5539 1039 5606 quiescunt,
1086 5552 1188 5589 non
1218 5535 1371 5589 valde
1406 5535 1615 5591 molesti
1648 5536 1813 5590 simus
1843 5550 1861 5587 :
1893 5537 2318 5606 quandoquidem

746 5646 835 5683 nec
858 5629 1293 5697 sexjejuniarum
1331 5628 1442 5681 dies
1471 5626 1766 5697 «qualiter,
1800 5642 1891 5678 nec
1922 5627 2170 5680 similiter
2205 5644 2317 5679 am-

845 5817 859 5846 '
887 5815 1075 5871 Matth.
1115 5834 1300 5873 xxviii.
1342 5816 1448 5871 1-6.
1552 5819 1569 5847 ¹
1600 5816 1734 5869 Joan
1798 5832 1886 5881 xx,
1923 5815 1971 5871 ί.

2078 5816 2095 5847 ³
2124 5816 2254 5871 Luc.
2295 5834 2462 5885 xxiii,
2496 5817 2597 5885 56;
2634 5832 2789 5885 xxiv,
2822 5816 2869 5881 l,
2896 5814 2949 5869 2.

2428 4626 2675 4693 πορείαν
2708 4623 2805 4675 καὶ
2855 4621 2985 4687 περὶ
3026 4622 3089 4673 τὸ
3122 4620 3416 4690 μνημεῖον
3451 4619 3860 4687 ὃιατρίδουσαι
3900 4620 4002 4687 μέ-

2428 4733 2560 4784 χρις
2592 4710 2893 4779 ἀνατολῆς
2913 4711 3091 4777 ἡλίου
3109 4726 3121 4739 ο
3157 4710 3253 4763 καὶ
3281 4713 3441 4778 λέγει
3476 4710 3574 4762 καὶ
3602 4710 3734 4762 τότε
3762 4711 4003 4768 ταύταις

2428 4810 2461 4859 ό
2519 4804 2841 4867 νεανίσκος
2898 4804 2930 4855 ό
2989 4802 3347 4869 λευχείμων·
3419 4801 3676 4870 Ἠγέρθη,
3706 4800 3806 4852 οὐκ
3854 4800 4000 4852 ἐστιν

2429 4892 2549 4951 ὧδε.
2587 4898 2815 4950 Τούτων
2854 4894 3041 4958 οὕτως
3075 4892 3371 4960 ἐχόντων,
3410 4893 3583 4946 τοῦτο
3612 4891 3733 4957 τοῖς
3774 4892 4001 4960 ἀκριϐο-

2427 4987 2813 5058 λογουμένοις
2857 4984 3302 5052 ἀποφαινόμεθα
3345 4984 3495 5038 κατὰ
3544 4983 3723 5036 ποίαν
3769 4982 3927 5051 ὤραν
3963 4983 3999 5049 ἢ

2423 5080 2521 5136 καὶ
2565 5078 2738 5132 ποῖον
2780 5076 3061 5145 ήμιώριον
3115 5076 3152 5143 ἢ
3185 5075 3343 5144 ὥρας
3386 5075 3667 5144 τέταρτον
3714 5075 3998 5143 ἄρχεσθαι

2424 5170 2693 5241 προσῆκε
2718 5167 2827 5235 τῆς
2859 5166 2957 5220 ἐπὶ
2995 5165 3071 5235 τῇ
3101 5168 3206 5221 τοῦ
3236 5169 3456 5236 Κυρίου
3482 5166 3653 5236 ⁴ἡμῶν
3679 5168 3747 5221 ea
3773 5167 3996 5236 νεκρῶν

2421 5261 2753 5318 ἀναστάσει
2788 5257 2993 5329 χαρᾶς.
3042 5260 3187 5325 Τοὺς
3214 5257 3331 5327 μὲν
3357 5260 3497 5311 λίαν
3524 5260 3997 5327 ἐπιταχύναντας

2424 5355 2522 5409 καί
2549 5354 2661 5421 πρὸ
2689 5351 2909 5416 νυκτὸς
2934 5351 3115 5421 ἐγγὺς
3139 5350 3258 5419 ἤδη
3273 5352 3583 5420 μεσούσης
3603 5343 3901 5417 ἀνιέντας,
3920 5352 3995 5417 ὡς

2425 5445 2746 5514 ὀλιγώρους
2780 5442 2875 5496 καὶ
2894 5442 3188 5510 ἀκρατεῖς,
3212 5443 3578 5511 μεμφόμεθα,
3610 5442 3693 5509 ὡς
3720 5443 3857 5513 παρ’
3884 5444 3997 5497 ὀλί-

2425 5553 2533 5607 γον
2576 5535 3104 5603 προκαταλύοντας
3136 5533 3244 5587 τὸν
3274 5533 3515 5602 δρόμον,
3556 5533 3844 5602 λέαιυντος
3891 5534 3997 5588 ἀν-

2424 5628 2565 5697 δρὸς
2595 5629 2824 5698 σοφοῦ·
2882 5628 2957 5681 Οὐ
3014 5628 3205 5697 μικρὸν
3253 5629 3311 5679 ἑν
3360 5626 3457 5697 βίῳ
3486 5626 3546 5678 τὸ
3597 5626 3747 5697 παρὰ
3781 5625 3993 5697 μικρόν.

3050 5814 3071 5845 δ
3101 5812 3265 5869 Marc.
3298 5830 3385 5869 xu
3407 5853 3421 5879 ,
3456 5814 3504 5875 l.
3535 5814 3588 5877 ἓ,
3620 5813 3674 5868 6.
3708 5864 3711 5865 ,
