4224 6440
750 471 862 533 463
2048 475 2320 538 TIlEUD.

2450 475 2602 535 lLS.\
2614 476 2769 537 ΜΘΝ
3908 482 4015 546 464

768 614 901 655 rare
933 615 1037 652 non
1074 600 1333 654 debemus
1364 615 1458 651 nec
1488 598 1747 665 jejunium
1785 599 2012 663 Solvere,
2050 613 2115 652 tze
2146 599 2327 651 ridea-

2450 599 2667 661 ττεύειν,
2725 598 2859 652 οὐδε
2893 600 3291 667 ἀπονηστὶζειν,
3328 600 3411 652 ἶνα
3468 599 3540 671 μὴ
3577 599 3815 670 δόξωμεν
3852 600 4012 655 ἐναν-

771 708 893 746 ιιιιιι·
928 701 1231 760 rcpugnatc
1262 693 1571 745 canonibus
1605 689 1698 758 qui
1737 700 1984 744 statuunt
2015 705 2114 744 nos
2141 691 2331 744 diebus

771 784 1067 837 Dominicis
1098 798 1203 838 non
1233 783 1430 837 debere
1465 782 1733 851 jejunare.
1766 781 1877 835 Etsi
1912 783 2055 835 enim
2084 782 2200 835 dies
2226 792 2332 834 tcr-

769 876 875 927 tius
930 883 1210 941 reputetur
1238 872 1575 936 Dominieus,
1615 873 1788 926 solum
1834 882 2010 925 tamen
2047 886 2330 942 propterea

768 968 909 1030 quod
956 966 1116 1018 trium
1157 965 1363 1017 dierum
1405 964 1733 1018 resurrectio
1762 978 1885 1017 eum
1940 964 2187 1031 attingat,
2222 967 2331 1017 ter-'

771 1060 875 1107 tius
932 1055 1128 1108 dicitur
1158 1071 1169 1105 :
1198 1064 1280 1108 est
1322 1056 1466 1107 enim
1502 1054 1730 1122 primus.
1773 1052 1835 1106 Et
1868 1053 1936 1107 89
1986 1069 2107 1107 can.
2132 1072 2251 1125 syu.
2278 1055 2330 1108 in

771 1145 955 1197 Trullo
981 1144 1380 1209 tonvenienter,
1408 1142 1525 1205 dic,
1552 1153 1675 1196 ante
1707 1144 1893 1195 horam
1920 1142 2201 1210 septimam
2237 1157 2332 1194 no-

767 1237 943 1288 cturni
980 1233 1201 1288 Sabbati
1233 1234 1431 1288 debere
1457 1249 1556 1287 nos
1580 1232 1848 1301 jejunium
1877 1235 2086 1286 solvere
2120 1234 2170 1284 in
2196 1250 2331 1302 qua-

766 1340 979 1392 cunque
1012 1326 1143 1379 hora
1174 1324 1405 1378 voluerit
1444 1323 1712 1392 quiSpiam
1752 1338 1814 1376 ex
1866 1339 1955 1377 sex
2002 1323 2191 1391 primis
2237 1322 2333 1374 ho-

766 1414 860 1475 ris,
898 1416 1057 1482 idque
1098 1414 1321 1467 omnino
1356 1428 1421 1467 ex
1475 1413 1647 1466 libera
1704 1413 2134 1481 uniuscujusque
2183 1422 2333 1482 pote-

765 1513 903 1559 state
932 1511 984 1558 et
1010 1505 1255 1559 arbitrio.

844 1591 1271 1663 aloxanJluic
1336 1592 1748 1662 interrogationi
1792 1594 2080 1662 respondet
2142 1592 2184 1647 is
2245 1593 2332 1646 cui

763 1684 1041 1752 proposita
1109 1684 1460 1753 interrogatio
1519 1693 1602 1737 est
1661 1701 1675 1737 :
1730 1683 2023 1739 Postulasti
2092 1684 2332 1737 sedulam

2434 689 2679 743 τιοῦσθαι
2715 693 2823 753 τοῖς
2850 691 3033 743 κανόσι
3068 693 3177 753 τοῖς
3209 692 3595 762 διοριζομὲνοις
3628 683 3767 744 κατά
3798 691 3897 753 τὰς
3917 709 4011 745 κυ-

2438 780 2739 850 ριωνύμους
2765 782 2836 850 μὴ
2868 780 3147 849 νηστεύειν
3170 783 3336 852 ἡμᾶς,
3370 782 3487 835 Κᾶν
3514 784 3620 853 γὰρ
3642 783 3798 851 τρίτη
3827 781 4012 851 ἡμέρα

2434 873 2767 943 λογίζηταιή
2813 872 3171 943 κυριώνυμος,
3207 872 3318 925 ἀλλ’
3352 875 3431 937 είς
3468 875 3627 943 μόνον
3665 875 3726 926 τὸ
3770 874 4014 944 ἅψασθαι

2432 961 2636 1029 ταύτης
2683 962 2779 1031 τὴν
2813 962 3106 1031 τριήμερον
3156 962 3470 1025 ἀνάστασιν,
3506 961 3780 1029 λογίζεται
3826 961 4010 1032 τρίτιτ

2436 1051 2623 1123 πρώτη
2654 1054 2760 1123 γάρ
2808 1054 2921 1104 ἐστι
2944 1069 2956 1081 ’
2989 1055 3080 1105 καὶ
3111 1053 3420 1117 ἀκολούθως
3456 1053 3534 1123 τῷ
3568 1052 3654 1106 πθ¹
3687 1053 3873 1106 κανόνι
3911 1053 4014 1121 τῆς

2435 1145 2491 1194 ἐν
2523 1143 2595 1212 τῷ
2629 1143 2881 1213 Τρούλλῳ
2913 1144 3148 1204 συνόδου,
3183 1143 3305 1212 λέγε
3338 1144 3444 1215 πρὸ
3476 1144 3572 1213 τῆς
3607 1143 3838 1214 ἑϐδόμης
3862 1142 4014 1213 ὥρας

2433 1234 2525 1286 τοῦ
2556 1234 2865 1303 νυκτερινοῦ
2900 1234 3176 1287 Σαῦὁάτου
3203 1234 3437 1303 ὀφείλειν
3478 1236 3623 1304 ἡμᾶς
3654 1234 4014 1305 ἀπονηστίζε-

2437 1323 2558 1377 σθαι
2590 1325 2644 1376 ἐν
2680 1325 2768 1395 οἶα
2798 1323 2917 1395 ὥρα
2947 1324 3160 1396 θελήσει
3201 1343 3285 1389 τις
3318 1326 3425 1378 τῶν
3461 1325 3519 1391 ἓξ
3562 1324 3793 1395 πρώτων
3829 1323 4015 1395 ὡρῶν,

2437 1416 2651 1477 πάντως
2690 1416 2829 1468 κατά
2858 1416 2952 1485 τὴν
2985 1398 3191 1469 οἰκείαν
3227 1416 3452 1487 δύναμιν
3487 1417 3581 1469 καὶ
3618 1415 3958 1487 προαίρεσιν.

2506 1595 2746 1647 ΖΩΝΑΡ.
2791 1595 2933 1667 Πρὸς
2964 1595 3023 1648 τὸ
3059 1595 3320 1667 ἐρώτημα
3347 1596 3503 1648 τοῦτο
3546 1596 3709 1666 φησιν
3751 1597 3779 1648 ὁ
3808 1597 4018 1665 ὲρωτη-

2437 1686 2567 1748 θεὶς,
2600 1687 2697 1737 ὃτι’
2738 1684 3033 1755 Ἐξῄτησας
3055 1684 3259 1756 ἀκριϐῆ
3294 1685 3419 1756 ὅρον
3464 1684 3798 1753 ἐπιτεθῆναι,
3842 1684 4016 1753 ἤγουν

766 1775 969 1843 imponi
1018 1774 1211 1843 legem,
1243 1776 1346 1828 hoc
1373 1784 1476 1841 est,
1528 1776 1767 1844 regulam
1826 1770 2165 1843 formamque
2194 1789 2331 1842 prae-

2450 1780 2637 1833 ιανόνα
2663 1780 2755 1831 καὶ
2786 1778 2952 1830 τύπον
2973 1778 3277 1849 ὁρισθῆναι,
3315 1779 3408 1830 καὶ
3435 1776 3838 1847 σαφηνισθῆναι
3860 1778 4021 1845 ἀκρι-

766 1866 969 1927 scribi,
1018 1881 1081 1919 ac
1122 1867 1360 1919 adhihita
1400 1866 1679 1935 diligentia
1724 1866 1854 1919 certi
1908 1864 2114 1933 aliquid
2168 1865 2330 1919 statui

2450 1868 2544 1933 Ξῶς
2580 1869 2675 1938 τὴν
2734 1868 2881 1939 ὤραν
2923 1871 3019 1938 τῆς
3063 1869 3413 1933 ἀναστάσεως
3459 1867 3551 1920 τοῦ
3603 1868 3831 1937 Κυρίου,
3884 1868 4021 1937 δταρ

766 1962 833 2015 de
870 1961 1001 2013 hora
1038 1958 1329 2013 Dominica:
1363 1960 1811 2025 resurrectionis;
1845 1960 1988 2026 quod
2021 1958 2241 2026 quidem
2277 1966 2329 2010 et

2450 1959 2526 2011 ul.
2552 1938 2806 2010 δύσκολον
2845 1957 2937 2010 καὶ
2982 1956 3246 2026 σφαλερόν
3281 1959 3426 2009 ἐστιν
3447 1975 3458 1986 ·
3496 1958 3575 2009 ὃτι
3615 1957 3715 2026 μὲν
3744 1958 3852 2028 γὰρ
3884 1957 4025 2026 μετὰ

764 2053 977 2106 difﬁcile
1015 2063 1096 2106 est
1150 2065 1201 2105 et
1252 2052 1521 2105 lubricum
1552 2072 1563 2105 :
1594 2052 2061 2121 quandoquidem,
2096 2061 2216 2120 post
2240 2065 2332 2105 ex-

2450 2049 2493 2102 ιὸ
2516 2050 2812 2118 ἀναστῆναι
2845 2049 2937 2101 τὸν
2968 2048 3172 2119 Κύριον
3203 2048 3300 2117 τῆς
3322 2047 3515 2117 ἑορτῆς
3544 2048 3642 2116 τῆς
3668 2048 4023 2108 ἀναστάσεως

764 2147 986 2199 citatum
1017 2160 1043 2197 a
1075 2144 1304 2197 mortuis
1336 2144 1625 2197 Dominum
1658 2144 2071 2199 resurrectionis
2100 2143 2319 2197 celebri-

2450 2139 2696 2213 ἱρχεσθαι
2729 2140 2829 2201 δεῖ,
2860 2140 2968 2214 ἓως
3004 2138 3193 2192 τούτου
3238 2138 3619 2207 νηστεύοντας,
3659 2139 3754 2190 καὶ
3798 2137 3896 2201 τὰς
3925 2137 4028 2205 ψυ-

765 2241 928 2286 tatem
989 2233 1234 2285 inchoari
1270 2243 1499 2301 oportet,
1537 2234 1817 2301 hucusque
1849 2222 2182 2303 jejunantes,
2215 2234 2333 2287 ani-

2450 2234 2532 2303 (ἀς
2564 2232 2735 2295 οὕτως
2772 2232 3158 2295 ταπεινούντας
3228 2232 3290 2283 ’Π
3337 2233 3445 2301 γὰρ
3488 2230 3573 2283 διὰ
3625 2230 3722 2299 τῆς
3766 2230 4029 2299 νηστείας

764 2322 948 2390 rnique
976 2321 1078 2377 hoc
1118 2331 1274 2390 pacto
1302 2322 1684 2376 demissionem
1712 2321 1985 2377 curantes.
2017 2322 2072 2376 In
2094 2339 2155 2378 ea
2181 2340 2333 2377 nam-

2450 2323 2758 2387 ταπείνωσις
2790 2323 2881 2376 τοῦ
2920 2323 3191 2394 σώματος,
3222 2322 3309 2374 διὰ
3340 2322 3436 2392 τὴν
3472 2322 3570 2392 τῆς
3608 2322 3787 2392 ψυχῆς
3826 2324 4025 2391 ἐπιτη-

761 2428 869 2482 que
920 2429 1039 2482 quae
1092 2429 1187 2481 per
1218 2414 1484 2482 jejunium
1530 2423 1611 2467 est
1664 2416 1907 2483 corporis
1964 2415 2330 2480 amictatione,

2450 2416 2645 2470 ἰεύεται
2679 2416 3035 2469 ταπείνωσιν·
3085 2415 3159 2478 ὡς
3190 2417 3302 2482 εἴγε
3342 2414 3632 2485 ἐπηρμένη
3679 2414 3763 2484 εἴη
3798 2412 3895 2476 τοῦ
3927 2431 4024 2484 νη-

762 2504 933 2577 animi
962 2504 1222 2559 demissio
1246 2507 1541 2574 qumritur;
1578 2516 1636 2560 ut
1691 2507 1920 2575 proinde
1947 2508 1991 2561 si
2024 2508 2219 2563 elatior
2260 2508 2329 2562 sit

2450 2508 2714 2573 ςτεύοντος
2767 2510 2800 2579 ἡ
2842 2508 3010 2579 ψυχὴ,
3065 2507 3270 2579 ματαία
3323 2508 3355 2577 ἡ
3407 2507 3630 2579 νηστεία
3683 2507 3824 2569 ἐστὶ,
3864 2503 4030 2557 τοῦτο

760 2597 1055 2666 jejunantis
1102 2597 1339 2660 animus,
1375 2598 1586 2651 irritum
1630 2612 1751 2652 esse
1791 2599 2059 2669 jejunium
2090 2602 2331 2654 omnium

2450 2599 2880 2671 ἱμολογούμενον.
2944 2598 3168 2665 Ἐπάγει
3215 2595 3271 2648 δὲ
3305 2597 3388 2650 ὅτι
3436 2596 3549 2648 ὅσοι
3600 2594 3737 2666 πρὸς
3781 2595 3844 2647 τὸ
3889 2611 4031 2665 μνη-

763 2689 1108 2743 confessione
1148 2689 1446 2757 judicetur.
1486 2686 1719 2758 Suhjicit
1745 2690 1936 2744 deinde
1968 2710 1980 2745 :
2012 2690 2335 2761 Quicunque

2450 2696 2587 2761 aetov
2618 2690 2878 2762 ἀπῆλθον,
2908 2690 3218 2744 ἀναστάντα
3247 2688 3346 2760 ἤδη
3372 2682 3531 2760 εὗρον
3557 2687 3647 2739 τὸν
3682 2686 3887 2757 Κύριον
3909 2703 3923 2717 ο
3953 2685 4029 2757 μὴ

764 2782 830 2834 ad
865 2781 1176 2849 Sepulcrum
1229 2792 1355 2834 sunt
1402 2779 1654 2850 profecti.
1683 2797 1777 2837 eos
1822 2782 1927 2842 iam
1977 2782 2270 2835 excitatum
2304 2797 2331 2836 a

2450 2786 2740 2852 Ξιαφωνεῖν,
2775 2783 2928 2852 φησι.
2961 2781 3055 2835 καὶ
3086 2779 3463 2835 ἐναντιοῦσθαι
3498 2778 3749 2849 ἀλλήλοις
3782 2777 4032 2849 δόξωμεν

763 2873 999 2925 mortuis
1037 2870 1325 2924 Dominum
1381 2873 1703 2940 reperiisse;
1741 2888 1913 2940 neque
1944 2872 2229 2937 dissidere,
2261 2873 2337 2925 in-

2450 2876 2560 2937 ιοὺς
2594 2872 3002 2941 εύαγγε).ιστάς,
3039 2873 3121 2925 δτι
3153 2870 3571 2941 συμςωνοῦντες
3614 2870 3740 2941 περὶ
3766 2870 3866 2940 τῆς
3895 2870 4031 2923 ἀνα·-

762 2964 902 3030 quit,
941 2978 1003 3016 ac
1036 2962 1136 3016 sihi
1172 2963 1397 3016 invicem
1444 2965 1719 3018 adversari
1772 2966 2133 3033 erangelistas
2184 2965 2334 3018 arbi-

2450 2966 2677 3026 στάσεως
2712 2965 2785 3027 ὡς
2809 2965 2865 3015 ὲν
2897 2964 3078 3034 ἐκείνῃ
3110 2966 3174 3034 τῇ
3204 2964 3361 3015 νυκτὶ
3392 2960 3483 3013 τοῦ
3515 2962 3725 3031 Κυρίου
3758 2961 4032 3014 ἀναστάν-

767 3066 992 3118 tremur,
1042 3055 1186 3123 quod
1241 3072 1364 3108 cum
1418 3057 1606 3109 eadem
1661 3063 1817 3109 nocte
1874 3055 2158 3109 Dominum
2216 3072 2337 3109 sur-

2450 3075 2547 3121 τος,
2594 3056 2690 3127 τὴν
2730 3055 2876 3127 ὥραν
2920 3054 3040 3107 καθ’
3076 3055 3141 3125 ἣν
3175 3053 3374 3122 ἀνέστη
3415 3041 3705 3119 σαφῶςού
3752 3051 4030 3119 λέγουσιν.

766 3144 973 3221 rexisse
1009 3145 1284 3197 communi
1332 3159 1602 3197 consensu
1649 3143 1883 3207 tradant,
1914 3160 2150 3212 quanam
2202 3148 2335 3198 hora

2450 3146 2573 3203 Εἶτα
2618 3149 2709 3202 καὶ
2741 3148 2878 3201 αύτά
2906 3146 2974 3199 τὰ
3020 3148 3241 3216 ῥήματα
3274 3144 3306 3210 ἦ
3361 3142 3559 3213 μᾶλλον
3598 3141 3667 3194 τὰ
3706 3142 3884 3213 χωρία
3931 3140 4032 3212 τῆς

768 3235 1027 3305 surrexit,
1063 3236 1245 3288 minus
1291 3235 1570 3303 explorare
1627 3236 1890 3291 indicant.
1931 3234 2067 3287 Tum
2108 3235 2335 3303 ipsamet

2450 3242 2659 3312 Γραφῆς
2690 3239 2901 3309 τίθησιν
2922 3278 2935 3295 .
2966 3238 3065 3290 ὅσα
3104 3237 3334 3298 ἕκαστος
3375 3235 3481 3287 τῶν
3510 3233 3911 3301 εύαγγελωτῶν
3940 3232 4032 3285 λέ-

766 3327 950 3390 γενιιτι,
984 3326 1071 3397 vel
1103 3328 1283 3395 potius
1322 3327 1471 3381 locos
1527 3326 1822 3395 Scriptura:
1854 3326 2081 3395 profert,
2125 3326 2175 3377 ιιι
2212 3325 2329 3394 qui-

766 3420 869 3473 bus
893 3402 1345 3488 cvangelistarum
1380 3417 1607 3488 quilibet
1635 3417 1701 3472 de
1731 3417 2133 3471 resnrrectioue
2153 3415 2334 3477 Domi-

766 3512 887 3565 nica
912 3512 1185 3579 loquitur,
1221 3526 1284 3565 ac
1313 3525 1431 3564 eam
1466 3526 1586 3579 qua“:
1631 3511 1771 3564 inter
1799 3510 1946 3578 ipsos
1981 3509 2194 3561 videtur
2221 3524 2337 3562 esse

766 3603 1187 3673 discrepantiam
1235 3604 1535 3671 componit.
1580 3602 1756 3672 Atque
1805 3602 1869 3655 ad
1908 3601 2022 3655 haec
2051 3620 2060 3653 :
2088 3598 2188 3665 Qui
2218 3600 2338 3669 qui-

766 3693 886 3747 dem
934 3705 1059 3747 ante
1101 3694 1279 3748 noctis
1302 3694 1539 3748 medium
1593 3694 1815 3747 solvunt
1845 3693 2139 3762 jejunium,
2172 3692 2337 3745 veluti

767 3796 1171 3855 contemptores
1243 3787 1777 3857 intemperantesque
1850 3785 2337 3855 reprehendimus,

768 3880 966 3949 quippe
1016 3881 1271 3950 exiguum
1305 3880 1371 3933 ad
1403 3889 1616 3949 tempus
1664 3878 1861 3948 jejuuii
1894 3891 2117 3930 cursum
2145 3877 2340 3929 dissol-

767 3981 935 4036 runt;
965 3972 1055 4040 qui
1078 3987 1205 4024 vero
1224 3971 1289 4024 ad
1316 3980 1567 4041 quartam
1594 3985 1767 4040 usque
1801 3969 2063 4039 vigiliam,
2103 3968 2204 4021 hoc
2237 3978 2340 4032 est;

767 4063 1097 4117 matutinum
1148 4071 1361 4131 tempus
1401 4062 1613 4117 fortiter
1673 4063 1968 4123 abstinent,
2003 4076 2097 4114 eos
2145 4060 2344 4127 proha-

766 4171 891 4211 mus
915 4174 927 4208 :
952 4156 994 4209 si
1028 4155 1119 4221 qui
1157 4171 1285 4207 vero
1318 4166 1438 4224 post
1474 4156 1706 4208 mediam
1745 4164 1959 4208 noctem
1997 4156 2341 4219 quieverunt,

767 4250 871 4303 hoc
896 4257 978 4302 est
1007 4248 1349 4301 :tillictionem
1373 4263 1434 4300 ex
1467 4248 1676 4315 jejunio
1707 4244 2003 4315 profectam
2035 4254 2092 4298 ut
2124 4254 2347 4312 potuere

768 4342 1115 4406 sedaverunt,
1139 4341 1224 4403 iis,
1248 4341 1442 4409 inquit,
1475 4339 1610 4392 nihil
1635 4339 1845 4393 molesti
1874 4338 2077 4403 simus;
2112 4338 2346 4401 hocest,

2439 3354 2523 3405 γει
2550 3334 2676 3406 περὶ
2700 3336 2795 3403 τῆς
2823 3331 3174 3392 ἀναστάσεως
3197 3328 3291 3382 τοῦ
3318 3328 3545 3399 Κυρίου,
3577 3327 3669 3380 καὶ
3698 3324 4031 3396 συμίιόἀζει

2439 3426 2533 3495 τὴν
2586 3423 2844 3477 δοκοῦσαν
2900 3421 3196 3488 διαφωνίαν
3254 3418 3451 3471 αὐτῶν.
3510 3418 3619 3470 Καὶ
3668 3418 3760 3469 ἐπὶ
3818 3416 4033 3478 τούτοις

2438 3519 2563 3578 τοὺς
2597 3515 2693 3584 μὲν
2732 3514 2836 3583 πρὸ
2862 3510 2954 3563 τοῦ
2989 3507 3343 3581 μεσονυκτίου
3379 3507 3603 3569 λύοντας
3634 3505 3730 3575 τὴν
3752 3507 4032 3576 νηστείαν,

2439 3608 2513 3669 ὡς
2538 3605 2830 3675 ὀλιγώρους
2860 3606 2952 3656 καὶ
2979 3604 3256 3673 ἀκρατεῖς,
3290 3601 3442 3671 φησι,
3470 3597 3821 3671 μεμψόμεθα,
3856 3597 3933 3661 ὡς
3964 3596 4036 3651 δι’

2442 3696 2625 3765 ὀλίγην
2653 3694 2799 3766 ὥραν
2846 3694 2934 3745 τὸν
2966 3692 3163 3763 δρόμον
3204 3690 3303 3759 τῆς
3343 3688 3592 3760 νηστείας
3629 3684 4032 3747 καταλύοντας’

2443 3787 2567 3851 τοὺς
2597 3786 2651 3838 δὲ
2692 3785 2848 3857 μέχρι
2875 3783 3138 3854 τετάρτης
3161 3780 3428 3851 φυλακῆς,
3458 3781 3575 3849 ἢτοι
3608 3776 3804 3847 ὄρθρου
3832 3777 4037 3846 ἐγκαρ-

2443 3879 2733 3951 τεροῦντας
2770 3876 3166 3946 ἀποδεχόμεθα.
3212 3876 3276 3927 Εἰ
3315 3874 3372 3925 δέ.
3404 3889 3548 3934 τινες
3588 3869 3737 3940 νμετά
3774 3870 3835 3921 τὸ
3874 3885 4038 3939 μεσο-

2446 3973 2659 4025 νύκτιον
2708 3969 3109 4030 ἀνεπαύσαντο,
3161 3967 3326 4036 ἧγουν
3370 3964 3469 4033 τὴν
3526 3958 3899 4014 κακοπάθειαν
3936 3958 4033 4028 τὴν

2447 4067 2510 4117 ὲκ
2557 4065 2654 4132 τῆς
2698 4062 2952 4132 νηστείας
2997 4059 3241 4111 ἔπαυσαν
3286 4055 3360 4118 ὡς
3403 4052 3766 4123 ἠδυνήθησαν,
3802 4048 4034 4112 τούτοις,

2448 4153 2604 4222 φησι,
2640 4153 2712 4221 μὴ
2742 4148 3046 4219 ἐνοχλῶμεν
3082 4147 3225 4214 (ἀντὶ
3247 4144 3364 4207 τοῦ,
3400 4143 3475 4214 μὴ
3502 4145 3582 4196 δτι
3618 4142 3723 4202 ἕως
3759 4137 3902 4209 πρωῒ
3938 4138 4039 4190 οὐκ

2448 4243 2825 4315 ἐκαρτέρησαν
2853 4237 3154 4306 αἰτιώμεθα
3181 4237 3419 4302 αὐτοὺς),
3445 4236 3525 4287 ὃτι
3551 4232 3667 4287 οὐδὲ
3693 4230 3791 4294 τᾲς
3818 4229 3877 4295 ἒξ
3904 4228 4040 4299 ἠμέ-

2452 4352 2550 4406 ρας
2596 4333 2693 4402 τῆς
2726 4331 2819 4384 τοῦ
2872 4329 3076 4392 πάοους
3120 4326 3213 4379 τοῦ
3255 4325 3461 4395 Κυρίου
3504 4321 3794 4392 ἑϐδομάδος
3838 4318 4039 4379 πάντες

768 4434 903 4487 nihil
943 4442 1024 4488 est
1066 4420 1210 4502 quod
1245 4446 1361 4498 eos,
1396 4431 1525 4500 quia
1563 4446 1669 4482 non
1708 4430 1773 4482 ad
1815 4429 2139 4482 matutinum
2177 4442 2349 4496 usque

2450 4424 2649 4496 ὁμοίως
2682 4422 2963 4477 ἀνύουσιν·
3012 4421 3059 4471 οί
3100 4417 3197 4488 μὲν
3240 4416 3347 4487 γὰρ
3394 4415 3493 4478 τὰς
3527 4414 3708 4475 πάσας
3750 4409 4043 4502 νηστεύου-

770 4534 983 4593 tempus
1006 4524 1441 4592 perdurarerint,
1470 4536 1820 4575 accusemus:
1849 4520 1976 4587 quia
2009 4534 2101 4571 sex
2132 4532 2349 4588 quoque

2453 4534 2556 4580 σιν,
2590 4516 2639 4567 οἱ
2668 4514 2725 4566 δὲ
2751 4514 2843 4566 δύο
2876 4512 2908 4580 ἢ
2940 4512 3110 4580 τρεῖς,
3152 4509 3201 4561 οἱ
3238 4508 3295 4560 δὲ
3328 4505 3567 4568 πλείους,
3600 4505 3649 4556 oi.
3673 4503 3730 4555 δὲ
3760 4500 4040 4571 οὐδεμίαν.

770 4615 887 4669 dies
914 4615 1032 4683 ejus
1071 4614 1423 4668 hebdomadas
1454 4627 1560 4682 qua
1590 4626 1786 4682 passus
1816 4620 1897 4664 est
1924 4608 2207 4674 Dominus,
2239 4623 2346 4661 non

2454 4606 2579 4667 Τοῖς
2615 4600 2705 4656 οὖν
2735 4605 2828 4654 ὲπὶ
2862 4599 3075 4661 πλείους
3112 4597 3326 4670 ἡμέρας
3362 4595 3687 4667 νηστεύσασι
3722 4594 3817 4646 καὶ
3850 4591 4044 4645 κοπιά-

772 4722 963 4762 omnes
1008 4708 1201 4761 eodem
1245 4707 1409 4759 modo
1464 4705 1795 4774 transigunt.
1828 4701 1962 4755 Nam
2007 4702 2095 4755 alii
2128 4701 2347 4769 quidem

2458 4711 2581 4748 σασι
2622 4691 2819 4762 μᾶλλον
2854 4692 2901 4742 εἰ
2930 4688 3225 4759 ταχύτερον
3258 4687 3543 4755 γεύσονται
3571 4684 3778 4755 τροφῆς
3804 4680 4041 4750 συγγνῶ-

771 4814 964 4853 omnes
1000 4799 1271 4868 jejuuaut,
1327 4797 1420 4851 alii
1478 4811 1609 4851 vero
1642 4786 1801 4861 duos,
1844 4804 2044 4857 tresve,
2079 4794 2168 4846 alii
2224 4809 2351 4847 vero

773 4891 979 4963 plures,
1006 4891 1095 4943 alii
1126 4906 1289 4957 porro
1318 4904 1381 4943 ne
1432 4903 1599 4941 unum
1628 4885 1868 4956 quidem.
1903 4882 1973 4937 lis
2004 4898 2132 4953 ergo
2160 4882 2254 4952 qui
2287 4882 2352 4936 ad

773 4982 959 5053 plures
988 4983 1103 5035 dies
1134 4982 1545 5051 jejunaverunt,
1572 4977 1918 5047 ampliusque
1947 4975 2353 5038 laboraverunt,

774 5075 822 5129 si
876 5074 1037 5128 citius
1080 5075 1257 5126 cibum
1313 5072 1689 5141 degustarint,
1730 5067 2087 5139 ignoscimus.
2149 5064 2205 5118 Si
2262 5065 2356 5135 qui

774 5179 907 5220 vero
930 5180 1036 5218 non
1066 5164 1224 5217 modo
1251 5162 1367 5217 dies
1424 5163 1631 5232 aliquot
1665 5161 1809 5215 haud
1842 5160 2184 5230 jejuuaruut,
2221 5158 2353 5229 quin

774 5258 959 5327 potius
996 5256 1119 5309 aliis
1164 5265 1399 5323 quatuor
1440 5252 1796 5308 hebdomadas
1843 5253 2039 5306 diebus
2072 5250 2357 5304 luxuriose

778 5351 1053 5413 vixerunt,
1090 5349 1142 5400 in
1179 5346 1479 5399 Parasceve
1520 5354 1698 5398 autem
1749 5352 1803 5397 et
1864 5342 2100 5396 Sabhato
2146 5357 2173 5393 a
2234 5341 2357 5393 cibo

776 5442 1184 5504 abstinuerunt,
1229 5454 1291 5493 ac
1320 5452 1577 5507 magnum
1606 5436 1865 5505 quiddam
1906 5434 2085 5487 facere
2128 5448 2185 5487 se
2213 5432 2360 5485 arbi-

782 5546 992 5589 trantur
1048 5535 1090 5588 si
1142 5546 1317 5601 usque
1371 5532 1436 5583 ad
1502 5529 1825 5582 matutinam
1870 5528 2057 5579 horam
2101 5524 2207 5577 diei
2267 5523 2358 5591 qui

780 5627 1188 5683 resurrectione
1246 5639 1402 5677 sacer
1456 5632 1561 5687 est,
1606 5621 1780 5691 jejuni
1837 5624 2205 5689 perseverent,
2252 5629 2360 5667 non

783 5722 985 5782 simile,
1026 5719 1225 5789 inquit,
1272 5728 1551 5772 certamen
1602 5712 2058 5785 perficiuntzhoe
2108 5720 2223 5771 est,.
2255 5723 2363 5761 non

789 5813 995 5883 pariter
1023 5813 1367 5871 laborarunt,
1397 5810 1463 5863 iis
1492 5807 1585 5877 qui
1621 5822 1679 5860 se
1727 5804 1977 5874 pluribus
2006 5800 2365 5869 diebusjcju-

2461 4802 2577 4853 μεν.
2607 4784 2667 4835 El
2712 4781 2767 4833 δέ
2802 4797 2944 4842 τινες
2977 4778 3036 4831 οὗ
3065 4778 3223 4847 μόνον
3256 4777 3343 4843 ἐφ’
3364 4775 3578 4845 ἡμέρας
3605 4773 3756 4835 τινὰς
3791 4772 3895 4824 οὐκ
3922 4770 4043 4839 ἐνή-

2460 4894 2711 4939 στευσαν,
2758 4873 2891 4927 ἀλλά
2946 4872 3040 4925 καὶ
3082 4869 3397 4940 ἐτρύφησαν
3451 4866 3551 4929 τὰς
3601 4865 3797 4935 ἑτέρας
3846 4864 4045 4916 τέσσα⁶

2463 4986 2557 5040 ρας
2607 4968 2707 5037 τῆς
2770 4962 3057 5034 ἑϐδομάδος
3132 4960 3385 5031 ἡμέρας,
3448 4957 3594 5011 κατά
3652 4957 3707 5008 δὲ
3771 4956 3872 5027 τὴν
3934 4956 4046 5008 Ila-

2465 5059 2734 5133 ρασκευὴν
2796 5057 2887 5109 καὶ
2943 5055 3001 5106 τδ
3052 5050 3327 5105 Σάϐὅατον
3374 5051 3682 5120 ἀπέσχοντο
3748 5047 4047 5119 βρώσεως,

2465 5154 2557 5207 καὶ
2591 5151 2733 5222 μέγα
2762 5167 2812 5202 τι
2845 5150 3019 5201 ποιεῖν
3058 5145 3390 5215 νομίζουσιν,
3422 5145 3469 5215 εί
3504 5142 3665 5213 μέχρι
3699 5142 3912 5211 πρωῖας
3949 5140 4049 5210 τῆς

2464 5245 2836 5312 ἀναστασίμου
2867 5241 3078 5311 ἡμέρας
3103 5238 3607 5306 ὲγκαρτερήσουσιν
3637 5236 3834 5295 ἀσιτσι,
3870 5233 3931 5286 οὐ
3957 5232 4051 5303 τὴν

2464 5339 2655 5410 ὁμοίαν
2683 5334 2909 5404 ἄθλησιν
2936 5330 3243 5381 ποιοῦνται·
3273 5327 3573 5389 τουτέστιν,
3607 5326 3704 5395 οὐχ
3733 5324 3937 5394 ὁμοίως
3960 5340 4046 5377 κι-

2468 5429 2765 5483 κοπιάκασι
2819 5424 2931 5485 τοῖς
2974 5420 3226 5481 πλειόνας
3266 5417 3487 5489 ἡμέρας
3529 5416 3827 5485 ἀσκήσασι.
3878 5416 3992 5467 Καὶ
4026 5416 4054 5466 ὁ

2472 5521 2555 5574 πθ¹
2613 5517 2790 5572 κανὼν
2821 5515 2920 5584 τῆς
2966 5514 3018 5578 ς’
3057 5513 3307 5573 συνόδου,
3354 5509 3483 5580 περὶ
3522 5508 3691 5577 μέσας
3728 5506 3927 5566 νύκτας
3961 5503 4054 5557 τοῦ

2476 5611 2710 5684 μεγάλου
2760 5604 3034 5660 Σαὸὀάτου
3085 5603 3217 5673 φησι
3264 5602 3375 5653 δεῖν
3424 5596 3905 5669 ἀπονηστίζεσθαι,
3960 5600 4059 5661 τὰς

2474 5704 2638 5765 ἄλλας
2665 5700 2876 5771 ἡμέρας
2918 5696 3017 5765 τῆς
3050 5694 3344 5764 ἑϐδομάδος
3372 5689 3465 5744 τοῦ
3502 5690 3707 5752 πάθους
3742 5692 3799 5742 ὲν
3835 5688 4059 5761 νηστείᾳ

2478 5796 2572 5849 καὶ
2607 5791 2882 5864 προσευχῇ
2914 5788 3005 5839 καὶ
3040 5783 3328 5849 κατανύξει
3359 5781 3664 5849 διάγοντας.

791 5869 883 5964 inu
914 5916 1298 5961 exercuerunt.
1332 5903 1522 5957 Nonus
1543 5916 1768 5970 quoque
1797 5915 1958 5967 supra
1986 5896 2374 5966 octogesimum
2414 5900 2578 5945 serue
2626 5886 2814 5950 synodi
2871 5897 3068 5947 (anon,
3106 5877 3318 5933 circiter
3348 5874 3582 5929 mediam
3615 5871 3799 5942 magni
3834 5869 4058 5924 Sabbati
