4224 6440
251 434 357 499 465

1331 443 1414 506 1N
1453 445 1704 511 'EPlST.
1745 453 1807 514 S.
1845 451 2194 515 DlONl'SlI
2226 456 2449 520 ALEX.

3410 473 3521 538 456

259 574 503 632 noctem,
526 567 796 638 jejunium
842 575 1160 626 solvendum
1214 577 1432 637 asserit,
1474 579 1714 646 reliquos
1737 578 2084 636 hebdomadas
2113 599 2215 652 qua
2249 584 2498 638 Christus
2521 601 2716 655 passus
2743 600 2825 644 est
2859 588 2997 652 dies,
3024 604 3075 647 et
3102 594 3153 648 in
3199 601 3510 666 precatione

256 671 321 716 et.
341 663 529 718 cordis
556 667 971 734 compunctione
1016 681 1353 736 peragentcs.

879 760 1114 814 ΚΑΝΩΝ
1143 764 1210 815 B'.

328 849 469 915 Περὶ
499 847 564 900 δὲ
587 847 703 902 τῶν
726 851 795 903 ἐν
832 852 1090 920 ἀφέδρῳ(
1116 856 1186 923 5)
1217 855 1532 924 γυναικῶν,
1562 859 1614 912 εί
1635 874 1822 927 προσ-

253 931 407 999 ῆκεν
428 941 615 1006 αὑτὰς
646 941 798 994 οὕτω
830 941 1198 1012 διακειμένας
1234 951 1320 1012 εὶς
1366 950 1472 1002 τὸν
1510 946 1678 1002 οἷκον
1703 954 1824 1004 eier-

254 1027 408 1080 ιέ›·αι
462 1032 566 1083 τοῦ
625 1033 796 1096 Θεοῦ,
854 1037 1129 1102 περιττὸν
1164 1036 1232 1089 δὲ
1285 1041 1349 1092 τὸ
1416 1041 1821 1098 πυνθάνεσθαι

248 1117 484 1185 νομίζω.
516 1121 665 1174 Οὐδὲ
689 1123 797 1190 γὰρ
824 1125 1008 1190 αὑτὰς
1036 1126 1214 1195 οἶμαι,
1245 1129 1460 1196 πιστὰς
1495 1133 1684 1198 οὔσας
1723 1136 1818 1188 καὶ

248 1209 546 1275 εὐλαϐεῖς,
596 1215 921 1281 τολμήσειν
980 1217 1167 1283 οὕτως
1215 1218 1619 1289 διακειμένας,
1671 1225 1708 1293 ἢ
1747 1225 1820 1294 ζῇ

246 1301 505 1369 τραπέζῃ
554 1302 628 1370 τῇ
688 1305 826 1371 ἁγίᾳ
877 1309 1253 1375 προσελθεῖν,
1291 1311 1328 1380 ἢ
1389 1314 1491 1366 τοῦ
1551 1315 1818 1384 σώματος

247 1393 347 1443 καὶ
401 1393 506 1446 τοῦ
573 1395 819 1462 αἵματος
880 1399 985 1451 τοῦ
1057 1402 1317 1468 Χριστοῦ
1366 1407 1812 1474 προσάψασθαι.

249 1480 409 1534 Οὐδὲ
439 1483 544 1550 τὰρ
597 1487 632 1550 ἡ
685 1485 797 1553 τὴν
833 1488 1162 1561 δωδεκαετῆ
1185 1495 1370 1561 ρῦσιν
1410 1496 1637 1563 ἔχουσα
1668 1501 1816 1566 πρὸς

245 1574 366 1639 τὴν
419 1575 586 1629 [amr
630 1578 826 1646 ἔθιγεν
860 1583 1065 1636 αὑτοῦ·
1101 1585 1261 1638 ἀλλὰ
1311 1588 1500 1655 μόνου
1533 1591 1634 1642 τοῦ
1674 1608 1811 1658 κρα-

245 1663 501 1719 σπέδου.
563 1671 1008 1738 Προσεύχεσθαι
1056 1674 1172 1742 μὲν
1226 1677 1334 1744 γὰρ
1371 1678 1527 1746 ὅπως
1581 1680 1655 1734 ἂν
1704 1683 1811 1751 ἔχῃ

241 1773 356 1822 τις,
392 1759 488 1810 καὶ
522 1761 601 1823 ὡς
629 1761 704 1813 ἂν
743 1761 1044 1827 διάκειται,
1084 1768 1419 1835 μεμνῆσθαι
1459 1772 1562 1828 τοῦ
1591 1776 1811 1826 Δεσπό-

242 1864 373 1909 ι-ου,
411 1848 506 1900 καί
531 1848 758 1903 δεῖσθαι
786 1852 1070 1920 βοηθείας
1113 1855 1333 1924 τυχεῖν,
1392 1858 1808 1928 ἀνεπίφθονον.

243 1940 351 2002 Εἰς
379 1937 448 1991 δὲ
479 1940 548 1992 τὰ
579 1941 748 2009 "Ay-ra
774 1942 889 1994 τῶν
917 1945 1117 2012 ἁγίων,
1153 1949 1183 2000 ό
1225 1947 1311 2016 μὴ
1339 1949 1530 2018 πάντη
1558 1955 1812 2021 καθαρὸς

241 2028 342 2080 καὶ
421 2030 592 2100 ψυχῇ
659 2033 753 2086 καί
823 2035 1084 2104 σώματι,
1158 2040 1462 2106 προσιέναι
1541 2046 1805 2111 κωιίυθιί-

238 2137 316 2173 (ἐ
324 2137 412 2174 ται
422 2161 434 2173 .

314 2212 510 2265 ΒΑΛΣ.
543 2216 606 2266 Al
677 2215 951 2288 Ἐϐραῖδες
1003 2222 1257 2287 γυναῖκες
1283 2223 1409 2275 ὅταν
1466 2224 1686 2297 γένηται
1715 2228 1806 2279 αὑ-

237 2305 419 2373 ταῖςή
454 2304 560 2358 τῶν
619 2308 876 2377 ἐμμήνων
935 2310 1107 2380 ρῦσις,
1144 2315 1200 2365 ἐν
1242 2316 1386 2386 τόπῳ
1447 2320 1806 2390 μεμονωμένῳ

237 2393 566 2463 καθήμεναι,
600 2399 972 2470 ἡσυχάζουσιν,
1002 2403 1104 2467 ἕως
1140 2405 1203 2458 ἂν
1253 2409 1450 2479 ἡμέραι
1499 2411 1635 2464 ἐπτὰ
1667 2429 1806 2482 παρ-

245 2484 466 2550 έλθωσι,
511 2491 657 2560 καὶὴ
689 2491 793 2544 τῶν
827 2496 1082 2564 ἐμμήνων
1128 2496 1280 2566 ῥῦσις
1336 2500 1655 2574 καθαρισοῇ⁸
1685 2504 1804 2557 ὅθεν

234 2577 493 2645 εἴληπται
520 2579 669 2632 τὸέν
700 2582 952 2650 ἁμέδρφ,
1002 2586 1119 2656 ἦτοι
1176 2588 1232 2640 τὸ
1280 2591 1603 2663 κεχωρίσθαι
1639 2595 1803 2658 αὑτὰς

233 2668 350 2720 ἀπὸ
373 2669 472 2739 τῆς
501 2670 608 2722 τῶν
633 2671 828 2726 λοιπῶν
858 2675 1037 2745 ἕδρας,
1065 2679 1139 2741 ὡς
1173 2680 1527 2752 ἀκαθάρτους.
1571 2685 1804 2758 Ἐρωτη-

234 2759 352 2822 Cale
383 2756 475 2814 οὖν
523 2765 550 2814 ὁ
580 2763 728 2830 ἅγιος
758 2767 882 2836 περὶ
911 2768 1016 2820 τῶν
1049 2771 1254 2823 πιστῶν
1307 2774 1595 2839 γυναικῶν,
1629 2779 1675 2828 εἰ
1699 2756 1802 2849 χρὴ

231 2849 438 2914 ταύτας
466 2852 592 2904 ὅταν
625 2855 725 2906 ὑπὸ
746 2855 851 2908 τῶν
881 2859 1133 2929 ἐμμήνων
1164 2861 1443 2930 ὀχλῶνται,
1474 2866 1694 2918 εἰσιέναι
1726 2869 1802 2930 εἰς

231 2943 548 3013 ἐκκλησίαν,
579 2946 846 3017 ἀπεκρίθη
883 2950 954 3019 μὴ
983 2951 1090 3002 δεῖν
1118 2952 1273 3004 τοῦτο
1301 2954 1560 3022 γίνεσθαι,
1585 2959 1675 3010 καὶ
1705 2960 1802 3031 τὴν

235 3033 296 3084 ἐν
325 3032 406 3103 τῷ
431 3035 745 3106 Εὑαγγελίῳ
804 3040 1197 3110 αἱμορροοῦσαν
1242 3047 1558 3116 παρήγαγεν
1590 3052 1667 3113 είς
1695 3069 1799 3105 πα-

234 3120 527 3191 ράδειγμα,
565 3123 637 3193 μὴ
668 3126 1016 3198 τολμήσασαν
1077 3130 1218 3195 eaea;
1252 3133 1342 3185 τοῦ
1369 3135 1592 3205 Κυρίου,
1625 3137 1735 3191 ἀλλ’
1765 3140 1796 3213 ἢ

233 3210 399 3280 μόνου
428 3212 518 3264 τοῦ
552 3217 854 3284 κρασπέδου
886 3218 1071 3272 αὑτοῦ.
1128 3221 1393 3292 Εὔχεσθαι
1449 3226 1544 3294 μὲν
1573 3228 1677 3299 γὰρ
1709 3210 1800 3282 καί.

229 3303 325 3355 τοῦ
354 3305 558 3374 Κυρίου
592 3308 921 3377 μεμνῆσθαι,
956 3313 1136 3380 φησὶν,
1167 3314 1270 3366 οὐδ’
1294 3316 1349 3366 ἐν
1379 3317 1600 3389 τοιούτῳ
1627 3321 1801 3391 καιρῷ

227 3395 659 3468 κωλυθήσονται·
693 3401 770 3463 εἰς
795 3403 918 3454 ναὸν
951 3403 1004 3455 δὲ
1035 3403 1166 3457 Θεοῦ
1192 3406 1413 3458 εἰσιέναι
1456 3407 1485 3478 ἢ
1524 3411 1797 3481 μεταλαμ-

227 3487 417 3539 ϐάνειν
464 3489 630 3552 αὐτὰς
687 3491 792 3542 τῶν
826 3492 1197 3563 ἁγιασμάτων,
1229 3497 1286 3548 οὐ
1352 3498 1444 3550 δεῖ.
1483 3499 1525 3550 Τ
1530 3499 1665 3552 αῦτα
1699 3503 1791 3555 τοῦ

228 3578 469 3645 μεγάλου
500 3580 794 3652 ἀρχιερέως
821 3582 1213 3654 διορισαμένου,
1258 3585 1524 3657 βλέπομεν
1560 3592 1795 3663 σήμερον

223 3669 306 3730 είς
328 3669 396 3720 τὰ
421 3675 699 3736 γυναικεῖα
721 3672 812 3724 καὶ
837 3673 1031 3742 μᾶλλον
1065 3679 1393 3748 μοναστήρια
1427 3681 1590 3742 ἀδεῶς
1619 3683 1797 3736 τοιαύ-

223 3777 324 3822 τας
354 3761 644 3829 ἱσταμένας
674 3767 933 3829 γυναῖκας
965 3767 1044 3826 εἰς
1076 3767 1199 3830 τοὺς
1225 3770 1489 3839 προνάους
1518 3775 1793 3837 παντοίαις

222 3850 412 3917 ἁγίαις
440 3853 610 3904 εἰκόσι
649 3854 1209 3925 κεκαλλωπισμένους,
1262 3861 1354 3912 καὶ
1380 3863 1456 3925 είς
1490 3862 1792 3932 δοξολογίαν

220 3942 361 3995 Θεοῦ
389 3945 844 4016 ἀπονεμηθένταςο
881 3949 972 4000 καὶ
1014 3949 1318 4019 ἐρωτῶντες
1351 3954 1497 4018 ὅπως
1527 3956 1680 4009 τοῦτο
1708 3959 1792 4027 γί-

220 4052 396 4098 νεται,
427 4037 698 4105 ἀκούομεν
752 4037 823 4106 μὴ
868 4039 1243 4110 ἐκκλησιάζειν
1277 4045 1461 4108 αὐτὰς,
1505 4047 1640 4118 ὅπερ
1669 4049 1789 4118 ἐμοὶ

219 4128 362 4194 τέως
390 4128 452 4180 οὐ
477 4129 639 4180 δοκεῖ.
678 4130 752 4181 Οὐ
779 4130 886 4200 γάρ
907 4133 1041 4183 εἰσιν
1092 4133 1141 4185 οἱ
1190 4133 1412 4204 πρόναοι
1439 4139 1603 4190 κοινοὶ
1625 4139 1699 4202 ὡς
1722 4141 1789 4194 τὰ

217 4220 329 4271 τῶν
354 4217 656 4286 ἐκκλησιῶν
688 4220 970 4290 προαύλια,
1004 4221 1137 4275 ἀλλὰ
1186 4225 1350 4295 μέρος
1389 4227 1566 4280 αὐτῶν
1599 4231 1789 4283 ἀπονε-

221 4309 394 4380 μηθὲν
420 4313 539 4372 ταῖς
570 4312 780 4377 γυναιξὶ
817 4315 936 4374 ταῖς
969 4314 1041 4384 μὴ
1095 4314 1457 4386 κωλυομέναις
1500 4319 1788 4391 ἐκκλησιά-

218 4402 354 4467 ζειν.
393 4403 490 4465 Ὃς
510 4401 572 4472 δὴ
599 4401 851 4472 πρόναος,
874 4403 1034 4466 τόπος
1052 4403 1306 4474 δευτέρας
1339 4409 1451 4460 ἐστὶ
1482 4412 1782 4478 μετανοίας,

226 4493 380 4550 ὁτῶν
433 4493 795 4564 ἀκροωμένων
843 4494 1148 4564 λεγόμενος.
1209 4497 1318 4549 Καὶ
1360 4500 1416 4551 ἐν
1475 4500 1620 4569 αὐτῷ
1667 4502 1785 4555 οὐδὲ

215 4582 474 4650 ἀνδράσιν
524 4583 730 4649 ἐφεῖται
764 4581 1034 4644 ἵστασθαι,
1089 4584 1457 4654 ἐπιτιμηθεῖσι
1483 4587 1557 4658 μὴ
1589 4588 1784 4659 ἐκκλη-

217 4673 451 4736 σιάζειν,
483 4671 617 4724 ἀλλὰ
644 4672 839 4736 ἔξωθεν
865 4673 1030 4726 αὑτοῦ
1065 4675 1430 4744 προσκλαίειν.
1478 4678 1621 4731 Ἔδει
1651 4679 1781 4747 γοῦν

2551 775 2777 830 (ἈΝΟΝ
2819 777 2880 832 ΙΙ.

2003 858 2080 910 De
2127 861 2430 914 mulieribus
2474 879 2644 917 autent
2685 884 2800 935 quw
2844 880 2962 922 sunt
3013 874 3066 924 in
3115 873 3356 927 abscessu
3387 918 3401 942 ,
3439 895 3505 930 nn

1928 963 2016 1000 eas
2041 948 2117 1001 sic
2148 950 2364 1017 affectas
2396 964 2630 1020 oporteat
2663 957 2877 1010 domum
2906 958 2998 1012 Dei
3045 962 3268 1030 ingredi,
3317 982 3501 1032 super-

1929 1053 2216 1092 vacaneum
2250 1041 2325 1093 rel
2356 1043 2679 1112 interrogare
2711 1049 2976 1102 existimo.
3021 1050 3200 1120 Neque
3243 1056 3378 1106 enim
3413 1073 3504 1110 eus

1926 1130 2192 1194 existimo,
2230 1134 2275 1184 si
2315 1134 2419 1184 sint
2452 1138 2552 1202 ρίαν
2591 1146 2638 1188 et
2667 1139 2866 1205 fideles,
2897 1143 2971 1193 sic
3005 1143 3245 1211 aﬂ'ectas,
3273 1165 3500 1203 ausurus

1927 1219 2004 1272 rel
2038 1222 2106 1272 ad
2139 1231 2375 1274 sanctam
2412 1241 2639 1277 mensam
2674 1232 2936 1295 accedere,
2971 1235 3045 1285 vel
3077 1251 3260 1303 corpus
3294 1249 3344 1291 et
3372 1256 3493 1294 sau-

1925 1312 2130 1379 guincm
2157 1312 2368 1366 Domini
2391 1317 2663 1384 attingere.
2694 1317 2867 1388 Neque
2897 1325 3054 1389 enim,
3086 1343 3202 1394 quce
3224 1330 3498 1385 duodecim

1925 1418 2183 1455 annorum
2233 1405 2437 1472 fluxum
2481 1407 2701 1463 habebat
2759 1415 2802 1477 ¹,
2848 1416 3016 1483 ipsum
3067 1420 3136 1470 ad
3184 1423 3497 1476 medicinam

1925 1495 2112 1562 tetigit,
2156 1495 2245 1546 sed
2283 1497 2453 1549 solam
2498 1499 2610 1566 ejus
2649 1503 2935 1568 ﬁmbriam.
2982 1508 3148 1560 Orare
3191 1513 3326 1563 enim
3362 1530 3494 1582 quo-

1923 1585 2281 1654 modocunqne
2318 1605 2371 1640 se
2411 1589 2598 1642 habeat
2634 1593 2849 1661 aliquis,
2880 1606 2928 1648 et
2960 1607 3219 1669 utcunque
3253 1604 3324 1654 sit
3365 1604 3496 1672 (ι,ᾄέ-

1922 1683 2033 1726 ctus
2070 1673 2282 1729 Domini
2315 1681 2627 1746 meminisse,
2666 1693 2714 1734 et
2748 1687 3009 1740 auxilium
3052 1690 3356 1759 implorare,
3394 1711 3493 1749 non

1920 1774 1996 1817 est
2043 1767 2532 1833 reprehendendum.
2593 1773 2675 1825 Ad
2708 1773 2904 1829 Sancta
2946 1791 3120 1832 autem
3166 1795 3491 1852 sanctorum,

1919 1859 2005 1926 qui
2041 1875 2138 1911 non
2178 1863 2389 1916 omnino
2429 1866 2607 1918 anima
2649 1880 2852 1936 pariter
2880 1883 2924 1924 et
2955 1889 3166 1941 corpore
3198 1892 3358 1943 purus
3389 1891 3486 1945 est,

1919 1951 2158 2005 accedere
2184 1955 2556 2020 prohibebitur.

1980 2224 2136 2280 llus.
2192 2226 2466 2284 Hebraij
2497 2233 2772 2301 mulieres,
2806 2239 3022 2306 quando
3051 2241 3208 2295 fuerit
3240 2245 3318 2298 eis
3358 2259 3482 2313 pro-

1909 2315 2131 2371 ﬂuvium
2200 2332 2574 2386 menstruum,
2645 2325 2696 2378 in
2755 2328 2872 2382 loco
2933 2330 3179 2384 solitario
3233 2336 3480 2389 sedentes

1906 2409 2215 2478 quiescunt,
2253 2413 2424 2466 donec
2447 2424 2647 2482 septem
2685 2417 2798 2472 dies
2832 2422 3209 2488 praeterierint,
3249 2435 3299 2477 et
3329 2441 3479 2479 men-

1906 2512 2179 2556 struorum
2239 2504 2417 2560 ﬂuxus
2472 2518 2802 2578 expurgatus
2851 2514 3077 2566 steterit.
3131 2512 3282 2569 Unde
3329 2533 3478 2572 acce-

1906 2601 2052 2659 ptum
2087 2603 2166 2647 est
2207 2593 2358 2658 illud,
2402 2596 2454 2647 in
2489 2595 2752 2664 abscessu,
2790 2616 2886 2669 pro
2913 2619 2976 2656 eo
3003 2605 3146 2672 quod
3179 2619 3296 2667 est,
3321 2621 3477 2676 sepa-

1904 2691 2047 2736 ratas
2085 2698 2202 2736 esse
2256 2683 2400 2752 ipsas
2433 2686 2475 2739 'a
2510 2687 2841 2756 reliquorum
2894 2691 3021 2745 sede
3055 2702 3111 2746 ut
3145 2696 3470 2752 immundas.

1904 2769 2274 2842 Interrogatus
2309 2789 2437 2845 ergo
2467 2787 2691 2832 sanctus
2724 2780 2789 2834 de
2845 2781 3089 2836 li-lelibus
3133 2786 3470 2853 mulieribus,

1904 2877 1971 2914 an
2024 2877 2117 2916 eas
2164 2872 2430 2932 oporteat,
2481 2868 2700 2935 quando
2758 2885 2784 2921 a
2835 2875 3128 2927 menstruis
3185 2888 3466 2944 vexantur,

1894 2947 2181 3011 ecclesiam
2209 2952 2444 3022 ingredi,
2469 2956 2748 3024 respondit
2771 2973 2874 3012 non
2902 2971 3157 3029 oportere
3177 2963 3280 3018 hoc
3308 2965 3420 3017 lieri
3453 2981 3466 3028 ;

1895 3049 1949 3095 et
1967 3039 2252 3097 mulierem
2274 3043 2323 3114 5
2344 3061 2464 3116 qute
2491 3049 2773 3119 sanguinis
2796 3051 3062 3122 proﬂuvio
3092 3057 3146 3108 in
3176 3054 3465 3126 Evangelia

1901 3131 2196 3200 laborabat,
2226 3132 2279 3187 in
2313 3136 2615 3205 exemplum
2649 3138 2893 3204 adduxit,
2932 3132 3036 3194 non
3067 3158 3255 3197 ausam
3287 3144 3465 3198 Domi»-

1901 3237 2029 3275 num
2085 3229 2338 3292 tangere,
2388 3225 2478 3278 sed
2535 3227 2705 3280 solam
2755 3229 2925 3296 ipsius
2964 3231 3250 3286 fimbriam.
3302 3235 3468 3289 Orare

1901 3311 2045 3364 enim
2101 3320 2152 3366 et
2203 3312 2413 3367 Domini
2468 3318 2822 3383 meminisse,
2879 3321 3094 3390 inquit,
3144 3340 3208 3378 ne
3262 3326 3314 3378 in
3366 3328 3470 3380 hoc

1900 3403 2113 3471 quidem
2158 3413 2397 3474 tempore
2444 3407 2904 3476 prohibebuntur;
2965 3415 3225 3483 templum
3283 3426 3483 3496 autem,

1903 3494 2143 3563 ingredi,
2190 3495 2273 3546 vel
2317 3507 2626 3549 sanctorum
2658 3499 2829 3566 ,ipsas
2869 3516 2988 3555 esse
3027 3505 3313 3573 participes
3357 3521 3461 3559 non

1899 3585 2168 3639 convenit.
2228 3584 2350 3640 Haec
2398 3601 2519 3640 eum
2575 3589 2802 3643 antistes
2857 3592 3160 3659 deﬁnierit,
3218 3597 3463 3651 videmus

1898 3676 2054 3729 hodie
2093 3677 2145 3728 in
2177 3678 2440 3746 gytiaeeeis
2469 3687 2516 3732 et
2549 3680 2781 3734 maxime
2831 3683 2882 3735 in
2918 3687 3280 3752 monasteriis,
3327 3691 3462 3745 tales

1897 3764 2148 3818 mulieres
2179 3780 2368 3820 secure
2417 3776 2559 3822 stare
2592 3772 2642 3822 in
2671 3779 2991 3840 templorum
3017 3777 3316 3842 vestibulis,
3342 3795 3462 3848 qua:

1895 3855 2098 3908 sanctis
2133 3856 2310 3910 omnis
2351 3861 2561 3925 generis
2609 3860 2935 3930 imaginibus
2980 3880 3257 3932 exornata,
3300 3879 3351 3924 et
3389 3873 3456 3924 ad

1897 3941 1987 3996 Dei
2035 3944 2245 3997 laudem
2291 3946 2544 4015 deputata
2589 3961 2716 4003 sunt.
2756 3969 2766 4002 :
2813 3960 2865 4004 et
2898 3968 3019 4006 cum
3059 3956 3457 4028 interrOgamns

1891 4035 2163 4103 quomodo
2193 4035 2296 4091 hoc
2326 4036 2436 4102 ﬂat,
2471 4039 2722 4094 audimus
2753 4057 2844 4095 eas
2882 4058 2989 4097 non
3023 4060 3144 4098 esse
3191 4047 3242 4099 in
3285 4050 3460 4103 eccle-

1891 4125 2004 4191 sia,
2036 4126 2176 4196 quod
2220 4129 2352 4181 mihi
2384 4130 2601 4198 quidem
2646 4148 2751 4186 non
2790 4133 2860 4186 ita
2900 4150 3019 4189 esse
3051 4137 3284 4192 videtur.
3343 4140 3458 4196 Non

1895 4228 2024 4272 sunt
2084 4221 2229 4274 enim
2293 4223 2556 4275 vestibula
2617 4225 2923 4278 communia
2983 4236 3042 4280 ut
3104 4229 3451 4284 ecclesiarum

1890 4309 2048 4375 atria,
2094 4309 2185 4364 sed
2218 4325 2344 4380 pars
2378 4321 2504 4365 sunt
2547 4311 2786 4381 ipsarum
2834 4316 3156 4371 mulieribus
3199 4321 3449 4373 attributa

1887 4415 2008 4470 qua:
2059 4400 2112 4454 in
2165 4402 2393 4456 ecclesia
2448 4403 2650 4457 versari
2709 4420 2815 4459 non
2865 4408 3238 4475 prohibentur.
3302 4408 3454 4474 Quod

1887 4492 2104 4560 quidem
2137 4493 2466 4547 vestibulum
2506 4503 2588 4548 est
2637 4496 2789 4550 locus
2836 4497 3084 4550 secunda:
3130 4500 3455 4566 pmnitentize.

1886 4581 1978 4650 qui
2011 4580 2211 4634 dicitur
2245 4581 2578 4636 audientium
2611 4600 2622 4634 :
2649 4594 2702 4637 et
2733 4584 2785 4638 in
2827 4586 2944 4654 ipso
2989 4601 3053 4640 ne
3077 4587 3206 4640 viris
3236 4587 3451 4656 quidem

1886 4679 2031 4725 stare
2071 4673 2425 4741 permittitur,
2467 4674 2664 4742 quibus
2705 4675 2955 4743 imposita
2990 4685 3071 4730 est
3103 4691 3259 4744 paena
3296 4691 3359 4730 ne
3398 4678 3451 4731 in

213 4763 341 4824 τοὺς
363 4761 636 4825 τοιούτους
657 4763 921 4832 προνάους
943 4766 1022 4827 είς
1047 4763 1140 4826 οὓς
1182 4766 1235 4818 αι
1267 4764 1506 4820 τοιαῦται
1547 4769 1785 4841 ἀκαθαρ-
1815 4779 1858 4836 ι)

1782 4802 1785 4810 ,
1815 4779 1858 4836 ι)
1886 4764 2110 4817 ecclesia
2145 4773 2448 4828 versentur,
2473 4761 2563 4818 sed
2589 4775 2737 4819 extra
2769 4767 2945 4834 ipsum
2991 4767 3204 4822 deﬂere.
3231 4767 3450 4838 Oportet

213 4872 296 4908 τοι
319 4857 576 4922 γυναῖκες
607 4854 827 4925 ἔμελλον
876 4855 1144 4921 ἵστασθαι,
1208 4857 1281 4928 μὴ
1322 4859 1664 4932 ἀναπληροῦν
1695 4863 1782 4915 τό·

213 4962 316 4999 πον
341 4944 644 5015 ἐκκλησιῶν
678 4945 737 5009 ἐξ
765 4945 945 5016 ὀρθοῦ,
980 4945 1120 4999 ὥστε
1165 4947 1258 5000 καὶ
1294 4949 1454 5019 ἱερεῖς
1504 4951 1640 5020 μετὰ
1671 4953 1780 5004 τῶν

211 5023 374 5090 ὒείων
431 5037 782 5107 ἁγιασμάτων
835 5037 1139 5108 διέρχεσθαι
1181 5039 1320 5092 κατὰ
1346 5041 1434 5093 τὸν
1463 5041 1780 5112 χερουὸικὺν

211 5127 402 5198 ὕμνον,
434 5129 528 5181 καὶ
551 5127 750 5198 θυμιᾷν
774 5115 899 5192 τοὺς
927 5131 983 5182 ἐν
1008 5129 1182 5200 τούτῳ
1237 5130 1364 5194 ἴσως
1387 5131 1544 5195 ὄντας
1575 5133 1779 5202 τάφους

209 5222 306 5273 καί
337 5219 544 5288 ἁγίους,
583 5220 676 5275 καὶ
709 5219 960 5284 τελευτὰς
988 5221 1157 5290 ἁγιῶν
1196 5222 1365 5294 εὐχῶν
1395 5225 1582 5277 ποιεῖν·
1616 5224 1648 5290 ἢ
1678 5225 1778 5279 κᾶν

296 5355 313 5385 ¹
367 5355 557 5411 Matth.
587 5373 664 5423 is,
687 5357 793 5423 20;
821 5355 953 5413 Luc.
990 5373 1111 5425 vui,
1140 5358 1228 5412 43.

280 5489 394 5561 (3)
433 5489 572 5561 Περὶ
603 5489 670 5542 δὲ
698 5487 816 5543 τῶν
844 5489 913 5543 ἐν
943 5491 1194 5559 ἀφέδρῳ.
1225 5491 1611 5547 Constantinus
1640 5492 1771 5547 Har-

208 5559 539 5629 menopulus
568 5561 715 5630 hunc
740 5575 1001 5614 canoncm
1031 5562 1111 5615 sic
1133 5563 1548 5630 compendil'acit
1573 5581 1586 5615 :
1613 5565 1674 5616 Ai
1709 5565 1766 5615 ἐν

205 5628 423 5701 ἀφέδριρ
459 5633 554 5682 καὶ
587 5628 744 5682 Θείων
768 5631 907 5682 ναῶν
942 5630 1035 5684 καὶ
1061 5632 1220 5702 ίερῶν
1255 5628 1560 5711 μυστηρίων
1586 5633 1764 5715 εἰργέ-

208 5701 438 5755 σθωσαν.
469 5698 600 5756 Qui:
629 5700 682 5751 in
711 5715 909 5753 secessu
941 5709 1084 5756 sunt.
1122 5712 1229 5753 tam
1265 5719 1295 5754 a
1331 5704 1520 5756 divinis
1561 5702 1762 5756 lemolis

208 5698 438 5755 σθωσαν.
469 5698 600 5763 Qui:
629 5700 682 5751 in
711 5715 909 5753 secessu
941 5709 1084 5762 sunt,
1112 5698 1229 5753 tam
1257 5698 1295 5754 Va
1331 5698 1520 5756 divinis
1561 5698 1761 5772 leniplis

206 5787 360 5841 quam
384 5769 558 5841 sacris
579 5771 838 5838 mysteriis
861 5778 1160 5824 arceantur.
1208 5771 1265 5826 In
1292 5787 1454 5840 quam
1489 5774 1761 5841 epitomen

206 5838 521 5899 scholiasles
547 5838 661 5893 haec
688 5847 836 5894 notat
868 5857 879 5892 :
909 5841 972 5892 Al
1001 5841 1058 5894 ὲν
1090 5838 1490 5913 ἀφέδρῳῆγουν
1514 5838 1570 5897 ἐν
1603 5859 1762 5897 κατα-

1884 4864 2012 4917 υιιζο
2059 4850 2326 4919 ejusmodi
2378 4851 2641 4907 vestibula
2693 4854 2746 4907 in
2796 4855 2994 4924 quibus
3037 4857 3255 4912 stabunt
3305 4859 3451 4927 ejus-

1884 4941 2031 4994 modi
2069 4942 2363 4997 immunda:
2391 4943 2668 5007 mulieres,
2705 4945 3059 4998 ecclesiarum
3096 4947 3272 5001 locum
3309 4948 3450 5002 dirc-

1883 5041 1970 5087 cto
2004 5047 2112 5087 non
2153 5034 2399 5103 implere,
2441 5043 2500 5088 ut
2538 5034 2704 5087 etiam
2749 5038 3053 5090 sacerdotes
3093 5052 3213 5090 eum
3250 5038 3448 5093 divinis

1886 5126 2240 5179 sacramentis
2281 5126 2333 5178 in
2372 5125 2664 5179 eherubico
2700 5125 2900 5196 hymno
2948 5137 3243 5194 transeant,
3277 5137 3328 5183 et
3363 5145 3446 5184 se-

1885 5212 2080 5283 pulcra
2116 5230 2236 5285 quae
2281 5216 2390 5271 illic
2434 5215 2571 5271 forte
2601 5226 2759 5284 sunt,
2793 5219 3006 5272 suﬂ‘tant
3039 5229 3091 5274 ct
3128 5231 3360 5284 sanctos,
3394 5230 3447 5276 et

1886 5491 2091 5575 μηνίοις
2111 5493 2230 5575 λδιὰ
2253 5494 2312 5575 cf,
2340 5496 2757 5575 κεχωρισμένως
2779 5497 2975 5575 ταύτας
3005 5497 3150 5567 παρὰ
3177 5498 3442 5552 Ἰουδαίων

1882 5561 2219 5625 καθέζεσθαι.
2267 5561 2702 5628 Ωιιιιίὶηᾌςεεεεειι
2738 5576 2888 5631 siml,
2916 5567 3008 5618 hoc
3030 5561 3126 5630 est,
3153 5583 3268 5636 qua
3299 5584 3443 5622 men-

1869 5647 2105 5718 s'es‘suos
2146 5633 2332 5718 liabent
2361 5645 2674 5718 {propterea
2709 5637 2959 5718 quod-liae
2989 5633 3268 5704 separatim
3297 5637 3442 5718 apud

1868 5699 2085 5813 guda'os
2142 5699 2413 5774 degebant.
2464 5699 2793 5775 Harmenop.
2845 5704 2984 5776 Epit.
3027 5699 3172 5774 eam,
3209 5699 3452 5763 sectione
