4224 6440
794 398 885 461 467

2050 398 2324 465 TUEUD.
2372 400 2776 463 BALSAMON

3924 401 4023 464 468

784 529 1059 570 sacrarum
1086 528 1304 581 precum
1327 522 1580 585 mysteria
1609 527 1900 588 peragant;
1929 519 2012 574 vel
2044 520 2205 575 etiam
2225 537 2348 576 cum
2379 530 2424 585 Α

2379 530 2424 585 Α
2456 524 2593 594 μετά
2624 525 2984 596 ὲπισκοπικῆς
3013 524 3313 595 ἐπιτροπῆς
3355 524 3481 588 τοὺς
3529 522 3794 585 τοιούτους
3829 524 4020 586 τότωυ;

784 606 1075 675 episcopali
1106 606 1467 673 permissione
1500 606 1767 674 ejusmodi
1810 610 1927 663 loca
1966 625 2252 679 separare,
2293 625 2352 666 ut

782 697 1073 760 immundae
1103 699 1357 752 mulieres
1385 700 1438 751 in
1464 699 1543 753 eis
1574 699 1697 753 sine
1717 700 2027 768 pratjudicio
2052 714 2195 756 stare
2228 718 2351 771 pos-

781 792 910 845 sint.
957 787 1066 858 Ego
1098 799 1278 844 autem
1315 789 1427 842 vidi
1455 790 1618 843 etiam
1661 790 1930 857 ejusmodi
1974 792 2254 847 mulierem
2296 794 2351 847 in

781 881 1045 935 vestibulo
1086 888 1351 945 stantem,
1380 889 1434 934 et
1470 880 1646 935 arrhm
1674 881 1978 934 orationem
2008 882 2077 935 ab
2105 882 2353 943 antistite

778 973 1131 1040 accipientem
1177 972 1361 1041 :quod
1415 972 1633 1039 quidem
1675 987 1795 1027 sum
1841 972 2163 1027 admiratus.
2208 972 2348 1029 Olim

776 1072 976 1126 auteiu,
1012 1072 1071 1115 ut
1123 1073 1204 1117 est
1249 1063 1561 1124 verisimile,
1594 1062 1848 1117 mulieres
1888 1063 1955 1116 ad
1988 1064 2156 1118 altare
2191 1079 2349 1119 acce-

774 1156 1004 1221 debant,
1051 1165 1103 1209 et
1144 1156 1210 1208 de
1258 1162 1445 1208 sancta
1497 1169 1684 1207 mensa
1744 1154 2160 1223 participabant.
2217 1153 2349 1209 Pro-

775 1258 954 1315 pterea
988 1247 1131 1299 enin:
1180 1247 1367 1298 altaris
1394 1260 1611 1313 quoque
1659 1260 1835 1298 canon
1889 1245 2158 1298 meminit.
2211 1243 2351 1315 Lege

773 1337 842 1391 ιι
872 1351 1136 1391 canoncm
1193 1336 1385 1405 synodi
1444 1333 1794 1398 Laodicenze,
1828 1348 1881 1388 et
1926 1334 1996 1389 69
2036 1352 2088 1388 νι
2133 1334 2346 1405 synodi.

775 1428 1036 1482 Similiter
1087 1428 1203 1495 lege
1247 1435 1300 1480 et
1327 1426 1393 1479 l7
1422 1427 1689 1481 novellam
1739 1427 1886 1496 regis
1918 1426 2124 1480 domini
2152 1424 2347 1480 Leonis

774 1521 1050 1589 Sapientis
1093 1521 1207 1573 hrec
1249 1520 1303 1572 in
1339 1527 1490 1588 parte
1539 1526 1859 1572 tractantem
1891 1534 1903 1568 :
1943 1514 2243 1571 Statuimus
2282 1516 2348 1572 de

772 1612 1092 1666 mulieribus
1133 1626 1253 1680 qua:
1284 1619 1628 1679 pepererunt,
1657 1618 1711 1664 et
1750 1609 1816 1661 de
1852 1610 1919 1663 iis
1952 1623 2073 1678 qum
2113 1607 2344 1661 naturali

772 1703 1092 1772 purgatione
1119 1702 1447 1766 detinentur,
1476 1700 1745 1769 siquidem
1775 1714 1962 1754 earum
1990 1699 2097 1752 vita
2134 1714 2164 1752 a
2195 1698 2344 1752 nulla

2453 615 2826 686 ἀφορίζεσθαι,
2856 616 2994 669 ὥστε
3036 616 3514 688 ἀποκριματίστως
3541 614 3790 669 ἵστασθαι
3819 615 3875 667 ἐν
3927 617 4020 669 αύο·

2452 708 2561 768 τοῖς
2589 706 2686 767 τὰς
2718 707 3057 775 ἀκαθάρτους
3111 711 3392 776 γυναῖκας.
3451 705 3592 773 Ἐγὼ
3649 705 3705 758 δὲ
3759 702 3898 757 εἶδον
3932 710 4017 761 καὶ

2451 795 2707 867 τοιαύτην
2732 801 2966 866 γυναῖκα
3018 786 3111 851 ὲπλ
3157 798 3393 868 προνάου
3437 796 3704 859 ἑστῶσαν,
3738 796 3831 847 καὶ
3859 796 4019 865 εὐχὴν

2448 884 2766 957 ἀρῤαδῶνος
2813 889 2964 958 παρά
3011 888 3309 959 ἀρχιερέως
3374 886 3687 957 δεξαμένην
3738 887 3875 957 ὅπερ
3931 887 4018 939 καὶ

2452 976 2756 1047 ἐθαύμασα.
2830 979 2917 1043 '0;
2944 980 3087 1032 ἔοικε
3114 980 3191 1045 δὲ,
3225 978 3285 1030 τὸ
3323 978 3551 1031 παλαιὸν
3580 978 3898 1048 είσήρχοντο
3929 994 4017 1047 γυ-

2451 1070 2633 1129 ναῖκες
2660 1069 2739 1131 είς
2758 1068 2821 1121 τὸ
2868 1069 3270 1140 θυσιαστήριον,
3320 1070 3414 1123 καὶ
3446 1069 3553 1121 ἀπὸ
3582 1070 3677 1138 τῆς
3703 1069 3861 1137 ἁγίας
3892 1087 4018 1138 spa-

2452 1154 2621 1224 πέζης
2656 1157 3077 1226 μετελάμϐανον.
3111 1158 3208 1211 Διά
3253 1157 3410 1211 τοῦτο
3437 1157 3542 1228 γὰρ
3575 1157 3666 1211 καὶ
3712 1156 3805 1209 τοῦ
3834 1157 4017 1212 θυσιαο

2453 1239 2672 1309 στηρίου
2703 1241 2972 1314 μέμνηται
3005 1246 3033 1296 ό
3078 1244 3275 1298 κανών.
3330 1246 3439 1298 Καὶ
3497 1244 3768 1313 ἀνάγνωθι
3801 1247 3892 1298 τὸν
3938 1246 4019 1317 μδ⁹

2450 1329 2646 1382 κανόνα
2672 1332 2770 1400 τῆς
2822 1334 2880 1386 ἐν
2908 1334 3193 1405 Λαοδικείᾳ.
3227 1336 3462 1399 συνόδου,
3509 1334 3602 1388 καὶ
3653 1336 3741 1387 τὸν
3794 1334 3869 1399 ξθ¹
3922 1335 4019 1405 τῆς

2452 1426 2504 1482 ς’
2556 1421 2791 1474 συνόδου.
2841 1424 3113 1488 Ὡσαύτως
3147 1425 3417 1494 ἀνάγνωθι
3445 1426 3535 1478 καὶ
3586 1425 3773 1496 τὴνιξ
3822 1429 4019 1496 νεαρὰν

2449 1508 2542 1561 τοῦ
2561 1509 2827 1579 βασιλέως
2856 1514 3047 1584 κυρίου
3079 1514 3303 1577 Λέοντος
3321 1514 3413 1567 τοῦ
3440 1514 3751 1583 Φιλοσόφου,
3784 1518 3842 1569 ὲν
3868 1516 4018 1587 μέρει

2447 1599 2617 1653 ταῦτα
2648 1602 3132 1675 διαλαμϐάνουσαν·
3153 1608 3434 1677 Ὀρίζομεν
3459 1608 3585 1678 περὶ
3617 1607 3895 1661 τεκουσῶν
3922 1626 4015 1677 γυ-

2446 1693 2647 1745 ναικῶν
2669 1697 2761 1748 καὶ
2790 1698 2916 1767 περὶ
2947 1697 3055 1750 τῶν
3103 1698 3221 1751 ὅσαι
3251 1702 3317 1769 τῇ
3372 1700 3573 1770 φυσικῇ
3629 1698 3894 1771 καθάρσει
3926 1717 4019 1753 κα-

770 1796 873 1849 alia
918 1793 1171 1847 morbosa
1221 1791 1506 1846 aﬂ'ectione
1553 1790 1922 1859 perturbatur,
1961 1799 2020 1843 ut
2064 1803 2184 1858 quae
2232 1802 2339 1841 non
2374 1850 2410 1860 _

2374 1850 2410 1860 _
2444 1782 2897 1855 ταλαμσάνονται,
2944 1789 3293 1860 ἀνενοχλήτου
3332 1791 3429 1860 μὲν
3461 1788 3521 1853 ἐξ
3543 1788 3708 1859 ἀλλης
3742 1788 3889 1853 τινὸς
3911 1790 4016 1843 δια-

771 1896 897 1941 sunt
921 1886 1138 1955 quidem
1175 1885 1418 1945 initiata,
1452 1897 1560 1935 non
1591 1882 1699 1935 sint
1726 1880 2139 1934 illuminationis
2168 1879 2339 1949 parti-
2374 1850 2417 1911 Β

2374 1850 2417 1911 Β
2448 1850 2647 1938 θέσεως
2681 1879 2906 1949 νοσεράς
2935 1879 3032 1949 τῆς
3063 1850 3210 1949 ξῶῆξ
3243 1850 3419 1933 αὐτῶν
3458 1850 3833 1950 συντελούσης,
3860 1850 4019 1949 ἀμετ-

767 1978 947 2045 cipes;
989 1991 1110 2045 qua:
1155 1985 1333 2029 autem
1375 1983 1503 2027 sunt
1540 1974 1594 2026 in
1637 1973 1835 2027 divinis
1874 1971 2192 2029 ministeriis
2234 1970 2340 2023 ini-

769 2044 933 2131 tiaue,
977 2044 1254 2136 impolluta
1309 2065 1560 2134 mysteria
1610 2079 1718 2117 non
1766 2044 2342 2132 participem/usque

767 2156 830 2209 ad
861 2156 1217 2226 quadraginta
1251 2156 1461 2209 dictum
1492 2152 1807 2209 terminum.
1854 2150 2011 2217 Quod
2042 2150 2087 2206 si
2116 2150 2341 2204 morbus

765 2248 1044 2308 invaserit,
1078 2263 1131 2301 et
1161 2263 1218 2302 se
1251 2248 1415 2301 vitam
1448 2247 1806 2314 abrupturum
1842 2244 2102 2304 minetur,
2135 2252 2193 2296 ut
2226 2243 2337 2295 sint

765 2338 989 2391 omnino
1042 2338 1367 2392 sacramenti
1427 2337 1737 2406 participes.
1796 2332 1861 2386 Et
1903 2341 2026 2401 post
2056 2332 2336 2396 nonnulla,

765 2428 880 2493 ipsa
913 2443 1104 2482 rursus
1142 2428 1297 2496 jubet
1335 2428 1401 2483 de
1434 2426 1733 2481 infantibus
1775 2424 2007 2499 novella,
2056 2431 2114 2476 ut
2147 2424 2338 2478 morbo

762 2520 979 2590 quidem
1025 2535 1133 2574 nou
1169 2528 1393 2589 urgcnte
1442 2520 1477 2572 ii
1518 2526 1642 2589 post
1677 2502 1939 2571 octavum]
1968 2514 2115 2569 diem
2162 2514 2339 2585 bapti-

760 2622 953 2669 zentur
1000 2629 1013 2666 :
1060 2614 1207 2683 quod
1256 2613 1301 2667 si
1354 2626 1500 2666 mors
1548 2610 1867 2674 immineat,
1922 2607 1959 2661 ii
2001 2607 2162 2661 etiam
2214 2614 2339 2661 ante

760 2713 1009 2760 octavum
1057 2704 1417 2774 baptilcntur.
1478 2700 1583 2755 Sed
1636 2701 1761 2768 quia
1809 2697 1992 2752 audivi
2045 2698 2336 2768 quemdam

757 2796 1025 2867 dicentem
1058 2809 1167 2848 non
1212 2793 1408 2848 debere
1439 2800 1750 2860 segregatos
1796 2790 1966 2843 laicos
1994 2796 2147 2843 extra
2175 2787 2339 2842 vesti-

759 2883 945 2937 bulum
974 2893 1181 2937 stantes
1206 2882 1417 2937 divinas
1444 2881 1776 2950 psalmodias
1799 2872 2006 2942 audire,
2041 2879 2133 2935 sed
2160 2893 2337 2947 neque

759 2975 1019 3045 psallere;
1047 2975 1097 3028 ei
1134 2973 1458 3042 respondeo,
1485 2972 1631 3041 quod
1665 2989 1677 3023 :
1708 2968 1837 3035 Qum
1867 2971 1923 3023 in
1962 2969 2215 3038 praesenti
2246 2983 2337 3024 ca-

757 3080 899 3120 none
942 3067 1142 3134 scripta
1183 3074 1329 3129 sunt,
1360 3064 1479 3129 tibi,
1519 3077 1552 3116 o
1584 3063 1746 3116 homo
1808 3061 1901 3130 qui
1931 3060 2044 3114 batc
2072 3058 2235 3126 dicis,
2271 3074 2334 3115 os

754 3158 1069 3213 occludunt.
1119 3154 1594 3222 Quemadmodum
1643 3154 1787 3206 enim
1833 3166 1954 3220 qua:
2003 3150 2057 3205 iu
2101 3149 2330 3204 ecclesia
2359 3186 2405 3251 Ο

753 3249 961 3303 versari
996 3263 1104 3302 non
1134 3249 1387 3302 sinuntur
1420 3244 1694 3307 mulieres,
1720 3258 2013 3296 orarenon
2046 3251 2326 3307 vetantur;

750 3340 829 3396 ita
870 3354 968 3393 nec
1006 3338 1099 3408 qui
1142 3346 1271 3391 sunt
1319 3335 1607 3406 segregati,
1641 3350 1736 3403 per
1778 3349 1836 3386 se
1881 3347 2039 3386 orare
2074 3332 2327 3401 prohibe-

750 3429 991 3494 bunsur;
1050 3428 1143 3482 sed
1187 3435 1243 3480 et
1284 3435 1435 3480 extra
1482 3424 1727 3479 ecclesia:
1777 3421 2107 3477 vestibulum
2160 3430 2325 3482 stare,

750 3526 804 3573 et
841 3518 1055 3572 divinas
1104 3516 1430 3582 psalmodias
1484 3515 1704 3578 audire;
1747 3523 1801 3567 et
1844 3513 1950 3566 hoc
1988 3512 2133 3566 enim
2175 3512 2233 3564 tit
2262 3510 2328 3563 ad

748 3607 1013 3676 majorem
1044 3622 1231 3661 eorum
1258 3606 1725 3662 exercitationem.

2442 1963 2599 2031 όχους
2645 1961 2779 2021 εἶναι
2806 1985 2819 1997 ο
2851 1968 2948 2031 τὰς
2976 1968 3074 2040 μὲν
3105 1968 3438 2033 ἀτελέστους,
3472 1968 3564 2023 τοῦ
3594 1969 3897 2039 φωτισμοῦο
3925 1970 4019 2037 τὰς

2440 2059 2495 2112 δὲ
2532 2059 3135 2128 μεμυσταγωγημένας,
3190 2057 3299 2111 τῶν
3358 2060 3641 2130 ἀχράντων
3705 2061 4020 2132 μυστηρίων

2440 2149 2540 2219 τῆς
2576 2148 2949 2219 μεταλήψεωςν
3006 2150 3169 2225 μέχρι
3201 2149 3303 2220 τῆς
3353 2150 3462 2204 τῶν
3515 2158 3568 2222 μ’
3619 2151 3840 2223 ἡμερῶν
3895 2166 4018 2223 πρθ

2441 2238 2701 2310 θεσμίας·
2749 2240 3051 2310 νοσήματος
3102 2241 3157 2293 δέ
3207 2257 3352 2305 τινος
3408 2242 3769 2313 κατασχόντος
3802 2244 3901 2296 καὶ
3924 2243 4019 2313 τὴν

2438 2330 2702 2401 διακοπὴν
2733 2329 2833 2400 τῆς
2866 2328 3009 2401 ζωῆς
3034 2329 3403 2395 ἀπειλοῦντος,
3454 2333 3615 2385 παντὶ
3638 2332 3823 2404 τρόπῳ
3854 2351 4019 2403 μετα-

2439 2418 2736 2489 λαμϐάνειν
2761 2420 2929 2483 αὐτὰς
2950 2420 3043 2473 τοῦ
3080 2421 3434 2492 ἀγιάσματος.
3469 2423 3577 2475 Καὶ
3604 2424 3739 2493 μετά
3762 2440 3884 2476 τινα
3914 2425 4019 2477 πά-

2438 2510 2520 2564 λιν
2552 2511 2980 2585 παρακελεύεται
3014 2513 3205 2584 ὴαὺτὴ
3229 2515 3396 2585 νεαρὰ
3427 2515 3555 2586 περὶ
3583 2498 3820 2587 βρεφῶν,
3855 2517 4013 2585 νοσή-

2442 2618 2609 2671 ματος
2646 2602 2742 2671 μὲν
2769 2602 2841 2672 μὴ
2879 2602 3315 2669 κατεπείγοντος,
3345 2600 3484 2672 μετά
3508 2602 3608 2671 τὴν
3657 2601 3850 2672 ὀγδόην
3875 2601 4012 2673 ἠμέ-

2444 2707 2542 2761 ραν
2572 2692 2744 2745 ταῦτα
2775 2692 3149 2762 βαπτίζεσθαι·
3189 2692 3415 2747 θανάτου
3444 2692 3500 2745 δὲ
3518 2694 3909 2764 ἐφισταμένου,
3929 2692 4019 2746 καὶ

2438 2782 2538 2851 τῆς
2567 2783 2758 2853 ὀγδόης
2791 2784 3007 2855 ἡμέρας
3048 2784 3197 2847 ὲντδς
3245 2784 3383 2837 αύτά
3431 2782 3803 2854 βαπτίζεσθαι.
3866 2783 4019 2837 Ἐπεὶ

2436 2873 2493 2926 δὲ
2533 2874 2740 2942 ἤκουσά
2773 2891 2915 2936 τινος
2942 2874 3189 2943 λέγοντος
3220 2875 3295 2937 ὡς
3338 2877 3436 2928 οὐκ
3468 2875 3771 2944 ὀφείλουσιν
3791 2876 3842 2929 οί
3868 2878 4018 2944 ἀφυ-

2440 2964 2681 3037 ρισμένοι
2711 2964 2886 3016 λαῖκοὶ
2919 2965 2951 3035 ἦ
2982 2964 3288 3035 ἀκροᾶσθαι
3344 2965 3502 3017 θείων
3534 2964 4018 3037 ψαλμωδημάτων,

2438 3055 2636 3120 ἔξωθεν
2681 3054 2774 3107 τοῦ
2804 3055 3038 3126 προνάου
3091 3056 3397 3125 ἱστάμενοι,
3448 3055 3578 3111 ἀλλ’Δ
3604 3055 3723 3107 οὐδὲ
3764 3055 4015 3125 deum.

2437 3147 2808 3218 ἀπολογοῦμαι
2842 3147 2979 3218 πρὸς
3020 3147 3182 3200 αὑτὸν
3210 3147 3314 3199 ὅτι*
3346 3147 3428 3200 Τά
3460 3150 3517 3201 ιν
3553 3146 3630 3217 τῷ
3658 3148 3891 3219 παρόντι
3922 3165 4017 3202 κα-

2434 3239 2544 3292 νόνι
2571 3238 2929 3309 γεγραμμένα
2981 3239 3390 3310 ὲπιστομίζουσί
3434 3256 3513 3303 σε,
3562 3239 3841 3311 ἄνθρωπε,
3903 3256 4015 3292 τοιο

2434 3328 2576 3381 αῦτα
2626 3323 2885 3396 λέγοντα.⁸
2907 3330 3117 3401 Ὠσπερ
3148 3328 3257 3400 γὰρ
3290 3331 3345 3381 αί
3378 3330 3450 3401 μὴ
3515 3328 4015 3400 παραχωρούμεναι

2433 3419 2813 3489 ἐκκλησιάζειν
2842 3424 3094 3487 γυναῖκες
3128 3420 3521 3491 προσεύχεσθαι
3574 3421 3634 3473 οὐ
3690 3420 4013 3486 κωλύονται,

2432 3508 2602 3571 οὕτως
2632 3509 2752 3560 οὐδὲ
2792 3510 2843 3560 oi
2869 3510 3242 3579 ἀφωρισμένοι
3293 3509 3694 3580 κωλυθήσονται
3735 3508 3857 3563 καθ’
3888 3512 4013 3563 ἑαυ-

2429 3600 2555 3661 τοὺς
2590 3597 2869 3668 εὔχεσθαι·
2905 3600 3155 3653 ἵστασθαι
3181 3600 3239 3654 δὲ
3280 3601 3371 3653 καὶ
3418 3599 3613 3664 ἔξωθεν
3643 3597 3736 3652 τοῦ
3772 3601 4012 3671 προνάου

746 3700 843 3771 τῆς
884 3700 1198 3771 ἐκκλησίας,
1249 3698 1345 3755 καὶ
1377 3698 1679 3771 ἀκροᾶσθαι
1724 3697 1832 3751 τῶν
1888 3698 2048 3751 θείων
2100 3695 2571 3766 ψαλμωδημάτων.
2637 3695 2779 3747 Δυότι
2828 3693 2987 3749 τοῦτο
3031 3696 3167 3767 πρὸς
3212 3695 3431 3750 πλείονα
3490 3693 3780 3766 συντριϐὴν
3826 3696 4009 3749 αὐτῶν

747 3795 918 3848 ἀστίν.

816 3913 1018 3969 Ζοιηιιιι.
1093 3913 1445 3981 llebraorum
1525 3915 1783 3971 mulieres
1846 3931 1970 3970 cum
2041 3890 2329 3985 sanguinis

2497 3911 2742 3967 ZQNAP.
2805 3911 3083 3983 Ἐδρατδες
3117 3915 3373 3981 γυναῖκες
3418 3914 3509 3967 ὅτε
3558 3911 3787 3983 γένηται
3815 3914 4007 3975 αὐταῖς

744 4002 1007 4054 menstrui
1032 4002 1211 4056 ﬂuxus
1244 4002 1377 4071 ipsis
1400 4004 1686 4073 contingit,
1718 4003 1771 4058 in
1802 4005 2049 4059 solitario
2077 4005 2324 4059 sedentes

2424 4004 2458 4074 ὴ
2491 4002 2598 4054 τῶν
2627 4004 2889 4073 ἐμμήνων
2922 4003 3098 4073 ρῦσις,
3149 4006 3206 4056 ὲν
3252 4004 3402 4075 τόπῳ
3437 4004 3806 4076 μεμονωμένῳ
3836 4003 4006 4074 καθή-

742 4090 889 4155 loco,
928 4093 1199 4147 neminem
1242 4094 1348 4148 nisi
1390 4104 1510 4163 post
1546 4104 1752 4164 septem
1793 4095 2009 4163 elapsos
2043 4096 2159 4150 dies
2189 4096 2321 4149 allo-

2425 4110 2604 4163 μεναι,
2633 4095 3019 4164 ἡσυχάζουσιν,
3049 4094 3154 4157 ἕως
3186 4095 3250 4148 ἀν
3298 4094 3438 4149 ἑπτὰ
3465 4094 3668 4165 ἡμέραι
3716 4093 4001 4165 παρέλθω-

738 4193 985 4250 quuntur
1024 4202 1037 4236 :
1077 4184 1221 4237 unde
1256 4184 1478 4238 verbum
1522 4184 1679 4249 illud,
1718 4185 1772 4237 in
1803 4186 2069 4251 abscessu,
2102 4186 2320 4240 desum-

2422 4201 2525 4238 σιν·
2561 4183 2682 4237 ὅθεν
2708 4184 2959 4255 εἴληπται
2994 4185 3055 4238 τὸ
3081 4186 3151 4239 ἐν
3182 4184 3438 4255 ἀφέδρῳ,
3496 4185 3689 4256 δηλοῦν
3723 4184 3784 4238 τὸ
3828 4203 3999 4255 κεχω-

738 4280 890 4341 ptum
931 4282 1034 4337 est,
1068 4274 1316 4329 indicans
1345 4290 1438 4329 eas
1471 4275 1540 4329 ab
1572 4276 1808 4328 aliarum
1848 4291 2135 4339 consessu,
2172 4277 2317 4330 velut

2427 4276 2607 4347 ρίσθαι
2640 4276 2812 4339 αύτάς
2854 4278 2962 4330 ἀπὸ
3020 4276 3121 4347 τῆς
3172 4279 3278 4331 τῶν
3327 4276 3526 4331 λοιπῶν
3554 4277 3714 4349 ἱδρας
3745 4277 3823 4340 ὡς
3861 4279 4000 4330 ἀκα-

738 4368 983 4436 impuras
1018 4367 1188 4423 fuisse
1218 4378 1549 4438 segregatas.
1584 4366 1829 4438 Rogatus
1854 4384 2015 4437 porro
2042 4370 2129 4422 hic
2157 4367 2317 4423 Pater

2424 4366 2670 4438 θάρτους.
2718 4366 3042 4438 Ἐρωτηθεὶς
3092 4368 3149 4421 δὲ
3182 4370 3211 4422 ό
3263 4369 3454 4440 Πατὴρ
3505 4361 3659 4431 οὗτος
3713 4369 3841 4439 περὶ
3891 4367 3998 4421 τῶν

736 4458 803 4514 de
838 4459 1089 4515 ﬁdelibus
1132 4460 1492 4527 mulieribus,
1529 4475 1659 4513 num
1698 4475 1793 4514 eas
1833 4476 1955 4513 eum
2000 4470 2314 4513 menstruo-
2344 4530 2374 4535 _

2344 4530 2374 4535 _
2422 4459 2628 4512 πιστῶν
2656 4460 2947 4528 γυναικῶν,
2984 4462 3031 4511 εί
3056 4460 3157 4531 χρὴ
3190 4461 3391 4525 ταύτας
3420 4462 3567 4535 ὄτειή
3594 4460 3701 4513 τῶν
3735 4462 3998 4531 ἐμμήνων

736 4564 855 4601 rum
888 4548 1035 4604 ﬂuxu
1066 4550 1414 4616 divexantur,
1460 4551 1516 4603 in
1559 4550 1845 4604 ecclesiam
1895 4549 2103 4619 ingredi
2150 4564 2313 4619 opor-
2344 4530 2387 4583 Ῑ)

2344 4530 2387 4583 Ῑ)
2419 4549 2572 4620 ρῦσις
2606 4552 2795 4613 αὑταῖς
2828 4551 3053 4620 ἐνοχλεῖ,
3097 4530 3327 4607 γείσιέναι
3383 4555 3463 4616 είς
3506 4530 3826 4623 ἐκκλησίαν,
3861 4530 3997 4607 ἀπε-

735 4649 865 4705 teat,
909 4641 1051 4695 haud
1088 4649 1342 4710 apertere
1378 4642 1694 4709 respondit,,
1721 4638 2032 4709 profertque
2080 4639 2313 4708 exempli

2418 4639 2577 4710 κρίθη
2635 4640 2709 4711 μὴ
2736 4641 2865 4703 δεῖν,
2890 4643 2985 4695 καὶ
3007 4642 3103 4713 τὴν
3132 4644 3191 4696 ἐν
3219 4642 3297 4713 τῷ
3330 4642 3647 4713 Εὐαγγελίῳ
3675 4642 3998 4715 αίμορῤοοῦ-

732 4731 855 4786 loco
903 4732 1051 4785 illam
1096 4748 1163 4786 ex
1205 4730 1498 4802 Evangelio
1550 4732 1835 4786 mulierem
1869 4747 1988 4801 quae
2029 4731 2311 4801 sanguinis

2417 4746 2515 4783 σαν
2547 4732 2867 4804 παρήγαγεν
2888 4734 2967 4793 είς
2988 4733 3360 4804 παράδειγμα,
3384 4731 3458 4804 μὴ
3478 4733 3830 4802 τολμήσασαν
3851 4731 3991 4796 θίξαι

729 4822 937 4877 ﬂuxum
984 4824 1310 4893 patiebatur,
1368 4839 1490 4893 quae
1527 4823 1817 4877 Dominum
1877 4823 2054 4890 ipsum
2107 4837 2311 4891 nequa-

728 4929 893 4983 quam
936 4931 1068 4970 ausa
1101 4926 1184 4969 est
1216 4916 1548 4985 contingere,
1589 4915 1680 4969 sed
1708 4914 1877 4969 vestis
1914 4914 2029 4982 ejus
2067 4922 2307 4966 tantum-

728 5012 892 5065 modo
940 5012 1189 5065 limbum.
1254 5010 1473 5065 Preeari
1522 5024 1687 5080 porro
1739 5025 1803 5064 ac
1846 5007 2061 5062 Domini
2112 5006 2306 5059 memic

725 5101 893 5165 nisse,
925 5103 1122 5171 inquit,
1154 5117 1498 5172 nequaquam
1528 5116 1594 5155 eo
1624 5112 1867 5168 tempore
1912 5097 2303 5167 prohibentur;

724 5208 914 5246 verum
967 5193 1021 5246 in
1072 5194 1331 5261 templum
1381 5192 1476 5246 Dei
1512 5192 1660 5260 ipsas
1711 5190 1943 5259 ingredi,
1994 5197 2085 5242 aut
2133 5187 2305 5242 sacris

723 5285 999 5356 mysteriis
1028 5283 1461 5348 communicare,
1497 5282 1640 5335 haud
1677 5282 1823 5334 licet.

1281 5404 1583 5475 GCANON
1626 5412 1714 5467 ιιι.

789 5549 958 5602 Porro
999 5549 1091 5619 qui
1127 5547 1261 5601 satis
1306 5546 1375 5599 ad
1414 5546 1468 5599 id
1502 5545 1751 5597 instructi
1779 5555 1897 5597 sunt
1939 5554 1986 5595 et
2018 5558 2299 5595 consenue-

717 5639 1081 5704 runt,‘debent
1116 5655 1226 5693 esse
1258 5639 1341 5691 sui
1368 5636 1604 5707 judices.
1640 5635 1793 5700 Quod
1834 5637 1969 5689 enim
2012 5653 2041 5688 a
2078 5651 2129 5688 se
2161 5636 2295 5686 invi-

718 5750 823 5789 am
862 5749 928 5789 es
964 5750 1219 5789 consensu
1257 5734 1519 5788 abstinere
1553 5732 1849 5789 conveniat.
1891 5742 1945 5783 ut
1988 5730 2057 5782 ad
2092 5740 2295 5797 tempus

2411 4819 2507 4871 τοῦ
2544 4820 2767 4891 Κυρίου,
2801 4820 2914 4873 ἀλλ’
2948 4822 2982 4891 ἢ
3019 4823 3181 4892 μόνου
3202 4823 3297 4877 τοῦ
3322 4822 3632 4895 κρασπέδου
3661 4822 3850 4876 αὑτοῦ.
3887 4821 3991 4875 Εὔ-

2411 4910 2604 4979 χεσθαι
2634 4911 2731 4980 μὲν
2761 4912 2871 4983 γάρ
2921 4914 3014 4967 καὶ
3040 4914 3132 4967 τοῦ
3173 4916 3377 4987 Κυρίου
3428 4914 3759 4985 μεμνῆσθαι,
3805 4915 3986 4985 φησιν,

2410 5005 2518 5066 οὐδ’
2546 5005 2603 5057 ὲν
2628 5004 2707 5075 τῷ
2739 5006 2965 5076 τοιούτῳ
2997 5006 3175 5077 καιρῷ
3196 5006 3626 5077 κωλυθήσονταν
3663 5006 3745 5068 είς
3778 5006 3909 5058 ναὸν
3934 5006 3988 5058 δὲ

2409 5095 2543 5148 Θεοῦ
2578 5098 2822 5162 εἰσιέναι,
2849 5096 2882 5167 ἢ
2916 5098 3347 5169 μεταλαμϐάνειν
3377 5096 3550 5162 αὐτάς
3580 5096 3692 5153 τῶν
3717 5098 3989 5167 ἀγιασμά-

2406 5205 2515 5241 των
2547 5190 2605 5242 ού
2631 5189 2727 5241 δεῖ.

3020 5414 3258 5467 ΚΔΝΩΝ
3291 5416 3361 5467 Ρ.

2474 5548 2797 5617 Αὐτάρκεις
2828 5548 2896 5602 δὲ
2924 5548 3023 5603 καί
3056 5554 3109 5606 oi
3135 5553 3548 5621 γεγηρακότες,
3572 5551 3808 5609 ἑαυτῶν
3830 5557 3982 5627 ὀφει-

2400 5644 2618 5693 λουσιν
2637 5636 2787 5695 εἶναι
2816 5644 3027 5709 κριταί.
3064 5644 3180 5697 ’Ότι
3214 5646 3321 5713 γὰρ
3341 5644 3669 5713 ἀντέχεσθαι
3689 5647 3980 5716 ἀλλήλων

2399 5733 2715 5801 προσῆκον
2746 5735 2814 5787 ὲκ
2844 5737 3213 5804 συμφωνίας,
3251 5738 3350 5790 ινα
3382 5738 3531 5805 πρὸς
3578 5739 3791 5809 καιρὸν
3832 5758 3977 5811 σχο-
