4224 6440
259 430 363 491 469

1304 432 1384 495 IN
1420 433 1657 497 EPIST.
1701 436 1763 497 S.
1808 434 2147 495 DlONYSlI
2193 437 2415 498 ALEX.

3375 440 3477 501 470

260 559 495 599 λασωσι
546 547 620 615 τῇ
675 548 1003 615 προσευχῇ,
1038 551 1130 601 καὶ
1189 552 1374 604 πάλιν
1417 554 1513 605 ἐπὶ
1566 553 1629 606 τὸ
1682 554 1821 607 αὐτὸ
1857 558 1928 613 Λλ

1813 571 1821 599 r
1857 558 1896 613 Λ
1926 564 2103 606 vacent
2139 554 2388 613 orationi,
2416 564 2464 602 ιι
2495 566 2675 603 rursus
2705 552 3032 620 conueniant,
3062 550 3288 605 Paulum
3311 553 3481 607 dicm-

258 634 433 701 ὦσιν,
468 640 759 707 ἀκηκόασι
785 641 1028 693 Παύλου
1058 640 1399 709 γράφοντος.

332 731 525 783 ΒΔᾹΣ.
568 731 652 793 Ὦς
697 730 887 793 εοικεν,
920 731 1174 802 ἠρωτήθη
1209 734 1236 782 6
1271 732 1421 798 ἅγιος
1467 734 1557 786 ἐὰν
1606 735 1817 805 me“-

259 836 349 873 ται
374 823 501 884 τοὺς
554 820 816 888 συζύγους
868 823 1264 892 γεγηρακότας,
1308 824 1426 889 καθ’
1453 825 1545 887 οὓς
1599 829 1821 896 καιροὺς

261 912 537 979 ιφείλουσι
572 912 988 981 προσεύχεσθαι,
1038 914 1135 982 τῆς
1183 914 1457 982 ἐπιμιξίας
1503 918 1815 985 ἀπέχεσθαι’

261 1004 357 1055 καί
388 1020 551 1073 φησιν
580 1004 655 1065 ὡς
710 1006 757 1055 οί
790 1003 1041 1069 τοιοῦτοι,
1090 1005 1293 1057 ἑαυτῶν
1345 1009 1523 1075 κριταὶ
1572 1010 1823 1075 γινέσθω-

262 1112 383 1147 σαν·
414 1096 507 1148 καί
543 1112 667 1147 ποτε
700 1094 940 1164 ἀλλήλων
963 1098 1025 1148 εκ
1057 1098 1340 1165 συμφώνου
1371 1099 1534 1167 ήγουν
1561 1102 1622 1151 ὲκ
1644 1099 1821 1151 κοινοῦ

262 1185 582 1254 θελήματος,
632 1184 1193 1253 άπεχέτωσαν,ήγουν
1239 1187 1375 1239 κατὰ
1433 1188 1559 1248 τοὺς
1602 1187 1825 1257 καιροὺς

264 1275 383 1327 καθ’
441 1275 535 1338 οὓς
589 1275 950 1344 ἑνετάλθησαν
1006 1276 1435 1345 προσεύχεσθαι,
1494 1278 1825 1344 διαγέτωσαν

266 1364 404 1434 μετὰ
440 1366 619 1435 πάσης
677 1365 1042 1436 σωφροσύνης,
1091 1368 1183 1418 καὶ
1238 1367 1394 1419 πάλιν
1451 1368 1541 1418 ἰπὶ
1585 1367 1645 1417 τὸ
1697 1368 1826 1419 αὐτὸ

264 1457 526 1512 ἔστωσαν,
567 1454 684 1511 Ὅτι
717 1459 809 1509 καὶ
854 1460 881 1509 6
913 1457 1081 1525 μέγας
1110 1458 1315 1519 Παῦλος
1344 1457 1499 1509 τοῦτο
1530 1457 1822 1522 διετάξατο.

263 1546 374 1598 Καὶ
404 1549 432 1598 6
468 1548 564 1614 μὲν
595 1546 773 1598 κανὼν
796 1546 922 1617 περὶ
955 1547 1336 1617 γεγηρακότων
1359 1547 1536 1616 φησίν·
1580 1546 1826 1611 Ἐξακου-

266 1634 421 1686 στέον
451 1636 504 1686 δὲ
539 1636 607 1688 τά
625 1638 683 1687 ιν
707 1635 853 1704 αὐτῷ
874 1636 966 1689 καὶ
998 1638 1075 1700 είς
1120 1637 1323 1698 πάντας
1354 1639 1476 1699 τοὺς
1508 1637 1823 1707 ὁμοζύγους.

264 1727 461 1788 Καλῶς
488 1726 543 1778 δὲ
569 1723 687 1779 εἷπε
722 1728 783 1779 τὸ
810 1728 876 1780 ἐκ
901 1722 1243 1797 συμφώνου.
1302 1729 1447 1781 Οὔτε
1476 1728 1583 1797 pip
1615 1731 1647 1780 ὀ
1676 1727 1827 1795 ἀνὴρ

263 1814 595 1880 ἐξουσιάζει
621 1817 727 1870 τοῦ
771 1818 921 1871 ἰδίου
953 1818 1241 1886 σώματος’
1270 1820 1405 1872 οὔτε
1433 1820 1471 1885 ἡ
1499 1819 1672 1887 γυνὴ,
1692 1820 1828 1873 κατὰ

264 1872 355 1959 τδν
388 1872 559 1976 μέγαν
593 1908 927 1964 ’Δπόστολον.
984 1872 1079 1961 At;
1124 1872 1279 1962 τοῦτο
1331 1906 1422 1963 οὖν
1458 1872 1720 1979 ’ἀλλήλους
1751 1911 1831 1963 δεῖ
1849 1872 1901 1930 ’Β

269 2002 580 2066 συμφωνεῖν
614 2000 737 2067 περὶ
767 2000 995 2069 ἀποχῆς,
1020 2001 1104 2053 ἵνα
1142 2001 1437 2069 σχολάσωσι
1464 2004 1530 2071 τῇ
1556 2004 1826 2073 προσευχῇ

269 2090 363 2141 καὶ
398 2093 461 2158 τῇ
498 2090 733 2160 νηστείᾳ.
770 2092 829 2143 Ei
874 2091 980 2162 γάρ
1008 2092 1079 2161 μὴ
1112 2094 1174 2144 ὲκ
1220 2094 1531 2161 συμφωνίας
1576 2094 1828 2164 γίνοιτοή

269 2174 776 2250 άποχὴ,άποστερεῗ
802 2181 1014 2243 πάντως
1038 2183 1095 2233 τὺ
1137 2184 1209 2251 μὴ
1241 2181 1555 2253 βουλόμενον
1588 2185 1683 2254 τὴν
1717 2202 1830 2237 συν-

268 2270 457 2322 ουσίαν
518 2270 697 2341 μέρος,
755 2272 813 2323 τὸ
852 2270 1053 2342 ταύτην
1106 2272 1414 2341 ὲπιζητοῦν.
1465 2275 1571 2327 Καὶ
1622 2274 1828 2340 πῶςσᾶν

270 2360 472 2426 δόξειεν
504 2360 830 2425 ἑξουσιάζειν
853 2361 944 2414 τοῦ
994 2360 1238 2431 σώματος
1262 2363 1351 2415 τοῦ
1384 2364 1456 2434 μὴ
1490 2364 1827 2436 συγχωροῦν-

270 2467 361 2514 τος
416 2451 610 2522 μέρους
640 2453 699 2504 τὸ
723 2454 819 2523 τὴν
855 2452 1141 2520 συνάφειαν
1170 2450 1361 2522 ζητοῦν
1395 2455 1488 2509 καὶ
1520 2456 1592 2525 μὴ
1621 2473 1803 2526 συγχω

277 2541 566 2611 ρούμενον;
606 2543 893 2611 Συμόαίνει
918 2542 973 2595 δὲ
1019 2545 1109 2595 καὶ
1133 2541 1230 2612 τὴν
1259 2544 1353 2596 τοῦ
1387 2545 1611 2613 θατέρου
1639 2546 1831 2616 ἐγκρά-

272 2648 425 2691 τειαν
450 2634 527 2694 είς
555 2633 756 2703 βλάϐην
800 2635 927 2697 ἴσως
973 2632 1283 2687 άποὸαίνειν
1330 2634 1570 2702 θατέρου.
1620 2636 1681 2688 El
1724 2635 1830 2706 γάρ

275 2726 492 2778 νικᾶται
518 2724 619 2775 ὑπὸ
642 2718 737 2795 τῆς
762 2723 1052 2793 ἐπιθυμίας
1072 2727 1165 2777 καὶ
1189 2725 1246 2776 οὐ
1272 2727 1697 2794 παραχωρεῖτσι,
1746 2743 1831 2777 πε-

276 2817 583 2886 ριπεσεῖται
610 2814 750 2884 μίξει
776 2813 1015 2884 άθέσμῳ.
1069 2817 1213 2886 Ἐρεῐ
1236 2815 1290 2867 δέ
1317 2833 1416 2880 τις,
1442 2817 1515 2878 ὡς
1543 2817 1661 2868 ἐπεὶ
1681 2819 1708 2869 6
1736 2834 1831 2868 κα-

274 2906 384 2957 νών
416 2922 577 2973 φησιν
600 2904 1002 2958 άποδιῖστασθαι
1028 2907 1150 2968 τοὺς
1194 2906 1488 2976 ὁμοζύγους
1528 2906 1612 2959 ίνα
1640 2906 1829 2977 σχολά-

277 3011 415 3048 amat
438 2996 503 3064 τῇ
532 2997 823 3064 προσευχῇ,
852 2996 880 3046 6
945 2995 1259 3057 ’Δπόστολος
1289 2996 1345 3048 δὲ
1370 2997 1655 3066 διορίζεται
1686 2997 1833 3049 ἀδια-

277 3084 510 3147 λείπτως
532 3086 678 3154 ἡμᾶς
706 3085 1114 3154 προσεύχεσθαι,
1142 3087 1226 3138 ἀεὶ
1247 3086 1351 3157 χρὴ
1378 3088 1468 3139 καὶ
1513 3090 1634 3150 τοὺς
1662 3106 1831 3142 συνοι-

1924 657 2021 697 tem
2053 646 2363 695 audiverunt
2414 646 2451 694 ⁸.

1992 734 2146 786 BsLs.
2188 730 2255 784 Ut
2295 741 2378 785 est
2413 730 2725 794 verisimile,
2763 730 2938 785 fuerat
2987 744 3205 788 sanctus
3255 735 3481 787 interro.

1922 834 2110 889 gatus,
2156 838 2224 875 an
2276 823 2543 886 admittat,
2601 823 2861 891 conjuges
2913 824 3003 891 qui
3060 826 3477 887 consenui-runt,

1923 920 2031 981 quo
2072 922 2311 981 tempore
2351 913 2547 967 debent
2595 927 2773 977 orare,
2823 929 2855 967 a
2891 915 3268 982 conjunctione
3314 918 3482 970 absti-

1922 1016 2093 1055 nere;
2134 1010 2187 1056 et
2226 1004 2375 1067 dicit,
2420 1003 2564 1071 quod
2610 1019 2702 1072 qui
2752 1003 2883 1057 tales
2932 1013 3076 1070 sunt,
3121 1005 3315 1059 debent
3362 1022 3482 1060 esse

1924 1092 2007 1144 sui
2031 1092 2271 1160 judices,
2299 1101 2351 1145 et
2377 1093 2724 1167 aliquando‘a
2756 1107 2813 1147 se
2843 1094 3069 1147 invicem
3096 1111 3159 1149 ex
3188 1112 3482 1163 consensu,

1926 1197 2019 1235 seu
2061 1197 2127 1236 ex
2177 1184 2450 1236 communi
2494 1184 2787 1247 voluntate,
2824 1185 3136 1252 abstinere;
3178 1189 3248 1240 ita
3286 1200 3341 1241 ut
3373 1202 3484 1257 quo

1927 1279 2167 1339 tempore
2212 1287 2384 1326 orare—
2420 1282 2747 1333 statuerunt,
2794 1289 2915 1327 cum
2954 1277 3099 1329 omni
3148 1281 3481 1332 continentia

1926 1371 2204 1414 versentur
2233 1404 2246 1425 ,
2308 1372 2359 1415 et
2406 1378 2597 1417 rursus
2642 1365 2801 1417 simul
2852 1367 3196 1418 conveniant.
3250 1368 3381 1421 Nam
3429 1378 3482 1423 et

1927 1468 2154 1521 magnus
2189 1452 2389 1506 Paulus
2424 1455 2526 1507 hoc
2562 1454 2767 1507 statuit.
2801 1454 2863 1507 Et
2898 1471 3067 1510 canon
3098 1458 3313 1524 quidem
3352 1459 3481 1512 dicit

1926 1541 1993 1594 de
2030 1541 2096 1594 iis
2124 1541 2215 1608 qui
2262 1543 2643 1595 consenuerint
2679 1560 2690 1593 :
2736 1555 2818 1596 est
2859 1554 3037 1597 autem
3078 1546 3239 1602 etiam
3286 1549 3483 1603 intelli-

1933 1631 2137 1698 gendus
2162 1631 2226 1684 de
2257 1633 2509 1685 omnibus
2555 1633 2898 1702 conjugibus.
2932 1634 3093 1689 Recte
3136 1648 3316 1692 autem
3348 1641 3483 1695 dixit

1929 1719 2088 1782 illud,
2131 1737 2194 1774 ea:
2224 1737 2472 1776 consensu
2510 1740 2525 1776 :
2567 1722 2743 1792 Neque
2764 1726 2899 1776 enim
2942 1727 3018 1777 uir
3049 1728 3199 1781 habet
3246 1732 3327 1783 sui
3366 1747 3481 1784 cor-

1932 1813 2072 1877 poris
2098 1820 2402 1880 potettatem
2426 1855 2438 1878 ,
2476 1829 2563 1865 nec
2594 1816 2777 1867 muh‘er
2817 1813 2865 1879 ',
2895 1819 3189 1871 secundum
3227 1835 3479 1890 ntagnum

1930 1903 2265 1984 Apostolgm.
2309 1902 2593 1972 Propterea
2628 1919 2755 1973 ergo
2787 1920 2879 1959 eos
2908 1918 3118 1974 oportet
3159 1912 3295 1963 inter
3327 1926 3384 1965 se
3414 1912 3481 1966 de

1928 1993 2253 2045 continendo
2294 1995 2627 2058 consentire,
2669 2005 2726 2046 ut
2762 2004 2950 2049 vacent
2996 2000 3226 2051 orationi
3261 2011 3311 2053 et
3344 2002 3485 2071 jeju-

1929 2080 2038 2133 uio.
2095 2078 2206 2134 Nisi
2251 2081 2391 2133 enim
2436 2096 2499 2133 ex
2544 2096 2809 2136 consensu
2848 2084 3180 2149 abstineant,
3212 2103 3333 2156 pars
3362 2104 3485 2155 quae

1930 2184 2033 2222 nou
2070 2170 2186 2221 vult
2237 2170 2458 2222 omnino
2505 2173 2977 2241 conjunctionem,
3028 2176 3320 2232 frustratur
3361 2194 3479 2233 eam

1929 2274 2047 2327 qua:
2077 2260 2307 2327 postulat
2338 2278 2351 2312 :
2381 2268 2433 2312 et
2464 2263 2737 2329 quomodo
2770 2279 2831 2318 ea
2863 2280 2983 2333 pars
3010 2283 3130 2335 qua:
3153 2269 3483 2337 conjunctio-

1928 2364 2051 2401 nem
2084 2350 2274 2417 quau-it
2312 2361 2363 2401 et
2392 2365 2497 2402 non
2530 2354 2870 2419 permittitur,
2911 2356 3027 2423 ejus
3068 2373 3186 2425 qua:
3226 2372 3330 2413 non
3360 2375 3483 2428 per-

1930 2438 2089 2491 mittit
2136 2446 2449 2505 potestatem
2485 2440 2682 2495 habere
2725 2444 3004 2497 videatur?
3045 2445 3252 2499 Accidit
3300 2456 3480 2503 autem

1930 2536 1989 2580 ut
2013 2528 2173 2580 etiam
2215 2528 2435 2581 alterius
2479 2531 2807 2582 continentia
2846 2532 3066 2586 alterius
3092 2538 3257 2603 partis
3282 2539 3479 2594 damna

1930 2619 2101 2671 cedat.
2156 2615 2210 2671 Si
2259 2622 2402 2671 enim
2459 2635 2489 2672 a
2536 2620 2831 2689 cupiditate
2878 2623 3127 2689 vincitur,
3184 2636 3235 2683 et
3282 2645 3387 2683 non
3424 2632 3481 2687 fit

1928 2709 1977 2761 ei
2026 2719 2278 2777 potestas,
2332 2710 2384 2762 in
2431 2713 2630 2763 coitum
2684 2712 3017 2781 illegitimum
3079 2716 3298 2772 incidet.
3344 2719 3483 2776 Dicit

1930 2808 2107 2851 autem
2162 2800 2425 2867 quispiam
2477 2819 2489 2853 :
2540 2800 2674 2854 Cum
2718 2818 2892 2856 canon
2955 2804 3096 2877 dicat
3152 2811 3481 2874 separandos

1930 2900 2049 2940 esse
2095 2888 2352 2956 conjuges
2408 2898 2465 2942 ut
2522 2891 2751 2942 orationi
2804 2902 3013 2957 vacent,
3064 2894 3251 2947 deﬁnit
3302 2906 3479 2953 autem

1930 2976 2219 3043 Apostolus
2271 2993 2368 3032 nos
2404 2980 2599 3045 debere
2638 2982 2755 3033 sine
2786 2981 3191 3038 intermissione
3228 3000 3386 3041 orare
3417 2995 3437 3027 ³
3468 3002 3482 3043 ;

1932 3083 2213 3138 semperne
2276 3079 2485 3136 oportet
2511 3085 2605 3125 eos
2630 3072 2722 3139 qui
2751 3072 3080 3139 cohabitant,
3115 3091 3143 3128 a
3174 3091 3229 3130 se
3256 3076 3483 3131 invlcem

278 3172 509 3237 κοῦντας
553 3175 794 3244 ἀλλήλων
837 3175 1167 3244 άπέχεσθαι;
1232 3176 1367 3228 Ἀλλ’
1394 3179 1455 3229 οὐ
1510 3179 1631 3250 περὶ
1654 3179 1831 3248 πάσης·
1858 3192 1903 3254 C
1933 3171 1946 3208 ³

1813 3196 1831 3241 ς.
1858 3192 1903 3254 C
1933 3157 2241 3211 abstinere?
2277 3161 2368 3211 sed
2410 3176 2513 3213 non
2546 3161 2611 3213 de
2638 3163 2829 3229 quavis
2869 3165 3112 3218 oratione
3155 3167 3349 3234 agitur,
3393 3170 3481 3222 sed

277 3265 595 3336 προσευχῆς
616 3268 643 3317 6
666 3264 820 3333 λόγος
852 3266 986 3317 ἐστί·
1040 3268 1164 3338 περὶ
1199 3267 1255 3320 δὲ
1296 3269 1395 3337 τῆς
1421 3269 1835 3339 σπουδαιοτέρας

278 3356 449 3425 ἧγουν
469 3354 567 3424 τῆς
592 3352 699 3407 τῶν
730 3353 897 3421 ἁγίων
945 3356 1224 3425 νηστειῶν,
1252 3357 1331 3408 ὅτι
1368 3358 1458 3409 καὶ
1482 3358 1567 3410 διὰ
1598 3358 1688 3410 τοῦ
1713 3360 1836 3411 Μω-

281 3446 419 3508 σέως
439 3448 467 3498 6
507 3444 637 3507 Θεὸς
661 3447 1084 3517 παρηγγυήσατο
1104 3449 1215 3509 τοῖς
1254 3447 1520 3510 Ἰουδαίοις
1562 3448 1836 3517 μέλλουσιν

279 3535 509 3588 ἀκοῦσαι
534 3535 640 3588 τῶν
663 3537 720 3587 ὲν
744 3536 821 3605 τῷ
844 3527 955 3605 δρει
979 3535 1137 3587 θείων
1158 3536 1367 3602 φωνῶν,
1398 3537 1693 3606 ἀπέχεσθαι
1730 3538 1836 3591 τῶν

278 3626 493 3678 οἰκείων
523 3625 793 3695 γαμετῶν.
822 3626 929 3678 Kal.
954 3628 981 3677 6
1005 3627 1283 3694 προφήτης
1307 3626 1479 3696 Ἰωήλο
1518 3626 1835 3695 Ἀγιάσατε,

280 3716 435 3783 φησὶ,
487 3715 791 3779 νηστείαν,
848 3713 943 3765 καί
999 3712 1282 3776 ἐξελθέτω
1339 3716 1593 3781 νυμφίος
1637 3716 1703 3769 ἐκ
1734 3716 1838 3770 τοῦ

280 3804 564 3870 κοιτῶνος
590 3805 795 3868 αὑτοῦ,
825 3805 921 3857 καὶ
954 3806 1151 3873 νύμφη
1205 3804 1271 3857 ὲκ
1321 3805 1425 3857 τοῦ
1449 3807 1681 3859 παστοῦ
1736 3809 1840 3859 αὐ-

279 3894 406 3961 τῆς.
442 3895 657 3947 Τούτων
703 3896 757 3948 δὲ
810 3896 978 3957 οὕτως
1026 3897 1275 3965 ἐχόντων,
1325 3896 1383 3948 ού
1431 3897 1634 3967 συνορῷ
1670 3898 1838 3960 ποίοις

279 3987 575 4056 ἐπιτιμίοις
601 3985 1167 4055 καθυποόληθήσονται
1216 3988 1261 4038 οί
1302 3985 1470 4040 ταῦτα
1522 3986 1597 4056 μὴ
1644 3986 1840 4055 φυλάτ-

279 4095 483 4139 τοντες.
514 4077 735 4146 Νομίζω
777 4076 832 4129 δὲ
875 4077 953 4127 ὅτι
996 4075 1135 4129 κατὰ
1176 4076 1272 4145 τὴν
1314 4076 1581 4145 διάκρισιν
1609 4074 1697 4128 τοῦ
1743 4076 1839 4146 τὴν

281 4169 598 4239 ὲξαγορείαν
622 4168 910 4237 δεχομένου
936 4169 967 4237 ἠ
995 4166 1254 4236 θεραπεία
1296 4169 1579 4237 γενήσεται
1606 4167 1738 4237 πρὸς
1773 4167 1840 4220 τά

282 4260 546 4330 πρόσωπα
570 4259 661 4311 καὶ
686 4259 782 4326 τὴν
804 4260 1043 4328 ἀνάγκην
1066 4258 1159 4326 τῆς
1182 4257 1411 4326 φύσεως.
1444 4258 1549 4309 Ka‘t
1575 4257 1838 4325 ἀνάγνωθι

277 4350 372 4401 τὸν
401 4352 476 4421 ρβ’
534 4348 731 4401 κανόνα
752 4348 850 4417 τῆς
872 4350 929 4399 ὲν
949 4346 1024 4417 τῷ
1047 4347 1297 4417 Τρούλλῳ
1330 4346 1560 4399 συνόδου.

352 4438 593 4491 ΖΩΝΔΡ.
637 4439 770 4508 Περὶ⁵
795 4438 900 4490 τῶν
925 4440 980 4489 ὲν
1006 4439 1166 4508 γάμῳ
1186 4439 1400 4508 νομίμῳ
1431 4438 1681 4506 βιούντων
1707 4440 1841 4508 ὲρωο

1933 3248 1999 3299 de
2045 3250 2456 3315 praestantiore,
2507 3260 2815 3305 sanctorum
2874 3254 3083 3307 scilicet
3130 3255 3483 3323 jejuniorum.

1936 3337 2066 3390 Nam
2098 3347 2151 3391 et
2182 3354 2273 3406 per
2300 3337 2536 3408 Moysem
2573 3338 2714 3395 Deus
2743 3340 2943 3396 Judteis
2964 3344 3176 3398 divinas
3218 3359 3378 3402 voces
3428 3348 3483 3401 in

1937 3438 2117 3482 monte
2173 3430 2440 3485 audituris
2488 3433 2741 3501 praecepit
2784 3444 2841 3487 ut
2890 3450 2919 3488 a
2960 3438 3194 3505 propriis
3225 3440 3484 3496 uxoribus

1938 3521 2268 3575 abstinerent
2320 3521 2365 3573 ⁸.
2411 3521 2475 3575 Et
2507 3525 2764 3591 propheta
2800 3524 2917 3580 Jeel
2948 3546 2960 3579 :
2994 3526 3354 3596 Sanctificate,
3399 3534 3482 3585 in-

1938 3614 2083 3682 quit,
2118 3613 2402 3681 jeium'um,
2437 3623 2485 3667 et
2524 3626 2670 3668 exeat
2710 3633 2928 3685 sponsus
2965 3634 3029 3672 ex
3072 3621 3395 3697 cubiliosuo,
3435 3633 3487 3676 et

1939 3721 2127 3774 sponsa
2160 3721 2225 3759 ex
2256 3721 2348 3758 suo
2385 3707 2614 3759 thalamo
2667 3710 2710 3761 ⁸.
2759 3708 2895 3762 Cum
2942 3710 3053 3764 haec
3097 3721 3274 3766 autem
3317 3715 3388 3768 ita
3430 3729 3489 3770 se

1940 3798 2191 3859 habeant,
2222 3813 2327 3851 non
2372 3796 2530 3852 video
2561 3799 2882 3862 quibusnam
2918 3802 3091 3868 pmnis
3133 3804 3489 3874 subjicieutur

1939 3886 2031 3953 qui
2083 3885 2193 3938 luec
2242 3899 2347 3937 non
2401 3894 2638 3939 servant.
2698 3887 2960 3940 Existimo
2995 3898 3171 3942 autem
3217 3892 3357 3959 quod
3393 3906 3489 3961 pro

1937 3976 2143 4045 judicio
2177 3976 2293 4042 ejus
2322 3976 2412 4044 qui
2456 3974 2604 4029 audit
2642 3976 3060 4043 confessi-ouem,
3090 3981 3357 4035 medicina
3396 3982 3489 4035 ad-

1942 4065 2154 4119 hibetur
2186 4066 2452 4135 personis.
2500 4073 2553 4121 et
2601 4069 2904 4121 necessitati
2954 4082 3177 4123 natura.
3233 4072 3367 4141 Lege
3395 4072 3493 4125 102

1941 4171 2062 4211 can.
2088 4171 2203 4226 syn.
2238 4157 2290 4208 in
2319 4155 2519 4211 Trullo.

2014 4427 2208 4482 Ζοιιλιι.
2252 4427 2322 4481 De
2366 4428 2433 4481 iis
2469 4430 2565 4497 qui
2606 4428 2842 4497 legitimo
2881 4430 3018 4483 inter
3053 4444 3112 4484 se
3149 4430 3493 4483 matrimonio

279 4528 465 4600 τηθεὶς
497 4531 545 4581 εί
579 4530 681 4600 χρὴ
713 4504 1005 4599 άπέχεσθαι
1034 4504 1293 4599 ἀλλήλων,
1317 4504 1526 4598 Ἰεφη-σεν
1576 4528 1650 4590 ὡς
1692 4504 1836 4595 ὀφεί-
1873 4504 1917 4556 θ
1946 4546 1947 4555 η

1826 4559 1836 4566 .
1873 4504 1917 4556 ῐῖ
1946 4519 2178 4586 copulati
2212 4527 2357 4580 sunt,
2402 4526 2622 4587 rogatus
2661 4534 2791 4572 num
2835 4520 3105 4573 abstinere
3144 4519 3369 4571 invicem
3401 4520 3494 4573 de-

277 4620 461 4673 λουσιν
510 4622 558 4673 οί
611 4621 836 4673 τοιοῦτοι
878 4620 1029 4672 αὐτοὶ
1077 4620 1278 4673 ἑαυτῶν
1332 4615 1467 4672 εἴναι
1498 4621 1700 4689 κριταὶ,
1748 4620 1839 4672 καί

281 4724 412 4759 ποτε
465 4706 706 4775 ἀλλήλων
751 4707 1045 4776 ἀπέχεσθαι
1099 4710 1162 4759 ὲκ
1214 4705 1521 4775 συμφώνου,
1560 4706 1723 4775 ἢγουν
1777 4708 1836 4757 ὲκ

279 4796 461 4848 κοινοῦ
493 4795 809 4864 θελήματος.
848 4794 979 4848 Οῠτε
1013 4796 1117 4867 γὰρ
1150 4798 1177 4848 6
1221 4795 1356 4865 ἀνὴρ
1406 4796 1700 4861 ἐξουσιάζει
1746 4794 1838 4846 τοῦ

284 4882 413 4935 ίδίου
446 4880 707 4950 σώματος,
743 4881 866 4934 οὔτε
909 4886 941 4952 ή
991 4882 1143 4953 γυνὴ,
1179 4883 1324 4936 κατὰ.
1344 4882 1434 4935 τὸν
1471 4884 1639 4954 μέγαν
1683 4884 1833 4934 Ἀπό-

281 4972 487 5025 στολον.
517 4972 613 5023 Διὰ
645 4971 801 5024 τοῦτο
852 4968 942 5025 οὖν
994 4972 1298 5042 συμφωνεῖν
1329 4971 1583 5042 ἀλλήλους
1610 4972 1689 5024 δεῖ
1720 4974 1845 5042 περὶ

282 5062 495 5131 ἀποχῆς
526 5062 610 5114 ἵνα
639 5063 937 5130 σχολάσωσι
970 5065 1034 5133 τῇ
1070 5064 1360 5133 προσευχῇ,
1385 5063 1477 5114 καὶ
1510 5066 1573 5133 τῇ
1603 5065 1839 5133 νηστείᾳ.

282 5153 346 5205 Εἰ
384 5154 457 5221 μὴ
492 5153 596 5221 γὰρ
630 5154 691 5204 ὲκ
724 5152 1008 5221 συμφώνου
1041 5153 1238 5220 γίνοιτο
1266 5156 1296 5223 ή
1326 5155 1523 5224 ἀποχὴ,
1560 5157 1843 5227 ἀποστερεί

284 5245 500 5305 πάντως
538 5244 598 5294 τὸ
645 5243 718 5313 μὴ
754 5243 1070 5312 βουλόμενον
1106 5245 1204 5314 τὴν
1239 5246 1519 5297 συνουσίαν
1569 5246 1748 5316 μέρος,
1783 5246 1843 5297 τὸ

282 5334 487 5403 ταύτην
521 5332 829 5403 ὲπιζητοῦν.
862 5336 968 5387 Καὶ
996 5334 1111 5397 πῶς
1151 5335 1213 5387 ἂν
1247 5335 1371 5407 δόξῃ
1401 5336 1726 5400 ὲξουσιάζειν
1755 5336 1843 5388 τοῦ

286 5424 537 5495 σώματος
566 5424 659 5477 106
694 5425 765 5493 μὴ
802 5425 1202 5495 συγχωροῦντος
1233 5427 1446 5496 μέρους,
1477 5428 1536 5478 τὸ
1561 5429 1654 5496 τὴν
1692 5429 1849 5480 συνά-

286 5532 446 5584 «tam
478 5515 671 5584 ζητοῦν
703 5516 791 5567 καὶ
838 5512 907 5583 μὴ
953 5516 1424 5585 συγχωρούμενον;
1473 5518 1762 5587 Συμσαίνει
1794 5518 1841 5569 δὲ

288 5606 388 5659 καὶ
427 5604 526 5675 τὴν
571 5605 795 5670 θατέρου
839 5606 1178 5674 ἐγκράτειαν,
1216 5608 1295 5668 εἰς
1326 5606 1525 5677 βλάϐην
1560 5610 1687 5671 Istoc
1716 5610 1847 5661 am-

924 5784 940 5809 ’
988 5790 1113 5843 tam.
1160 5794 1198 5843 t.

387 5788 398 5818 ¹
436 5792 451 5842 l
484 5792 607 5846 (ἴοι.
650 5809 739 5853 vn,
778 5792 827 5842 :‘i.
924 5788 940 5809 ⁹
988 5790 1113 5843 Ibid.
1160 5794 1198 5843 ι.
1300 5788 1315 5815 ³
1359 5794 1375 5845 i
1412 5792 1597 5847 Thess.
1635 5812 1681 5857 ν,
1723 5796 1799 5849 {7.

1906 5785 1917 5811 ⁸
1965 5795 2126 5845 limi.
2171 5811 2276 5851 xtx‘.
2313 5796 2391 5845 l5.

1945 4606 2123 4669 beant,
2144 4606 2440 4674 respondit,
2454 4616 2701 4675 Oportere
2721 4608 2985 4675 ipsosmet
3013 4607 3097 4661 sui
3123 4623 3241 4663 esse
3264 4608 3493 4676 judices,

1944 4706 1996 4749 et
2036 4696 2325 4764 aliquando
2367 4697 2637 4751 abstinere
2677 4698 2939 4760 invicem,
2979 4714 3042 4751 ex
3074 4714 3361 4763 consensu,
3395 4699 3497 4753 hoc

1945 4795 2024 4842 est
2054 4788 2326 4841 communi
2351 4788 2654 4856 'utriusque
2680 4788 3005 4843 voluntate»
3028 4788 3210 4859 Neque
3242 4791 3384 4843 enim
3416 4791 3498 4843 vir

1951 4886 2262 4947 potestatem
2311 4878 2469 4931 habet
2522 4879 2606 4933 sui
2659 4880 2922 4947 corporis,
2975 4896 3147 4950 neque
3195 4882 3408 4944 mulier,
3440 4888 3499 4934 ut

1950 4984 2177 5037 magnus
2207 4969 2497 5037 Apostolus
2532 4969 2623 5022 ait.
2664 4968 2893 5023 Proinde
2932 4985 3060 5040 ergo
3093 4973 3381 5026 convenire
3420 4972 3501 5025 in-

1952 5070 2029 5114 ter
2056 5076 2112 5113 se
2145 5061 2369 5112 invicem
2398 5070 2606 5128 oportet
2636 5061 2699 5113 de
2725 5061 3067 5123 abstinentia,
3102 5071 3162 5115 ut
3204 5062 3498 5131 precationi

1941 5167 2012 5205 'ac
2049 5151 2253 5221 jejunio
2277 5162 2481 5205 vacent.
2518 5150 2722 5204 Etenim
2765 5153 2808 5205 si
2844 5167 2947 5206 non
2984 5168 3045 5206 ex
3078 5168 3346 5208 consensu
3376 5155 3502 5207 abs—

1950 5243 2173 5305 tineant,
2227 5239 2497 5294 fraudabit
2560 5243 2714 5310 plane
2748 5258 2810 5296 ea
2847 5259 2970 5313 pars
3000 5261 3120 5314 qua
3151 5260 3503 5315 congressum

1949 5333 2144 5397 renuit,
2177 5333 2400 5385 alteram
2442 5348 2562 5401 qua;
2601 5336 2742 5389 hunc
2779 5337 3037 5404 deposcit.
3075 5337 3235 5405 Atqui
3266 5351 3501 5405 quonam

1951 5428 2108 5480 modo
2170 5424 2319 5479 dicas
2377 5433 2693 5493 potestatem
2755 5427 2949 5480 habere
3015 5427 3067 5480 in
3128 5442 3326 5497 corpus
3386 5427 3504 5496 ejus

1952 5518 2115 5585 partis
2143 5532 2261 5585 qua:
2296 5532 2643 5585 congressum
2694 5516 2903 5583 abnuit,
2941 5518 3161 5572 alteram
3216 5519 3302 5572 cui
3342 5519 3506 5587 dopo‘

1953 5607 2119 5661 scenti
2179 5607 2265 5658 ille
2317 5606 2733 5675 haudquaquam
2802 5608 3169 5675 permittitur?
3228 5608 3506 5677 Ceutingit

2492 5792 2505 5815 τ
2546 5794 2763 5858 1min,
2806 5797 2885 5853 l5.
2928 5797 3005 5848 n7.
