4224 6440
241 413 347 476 473

1314 411 1395 473 IN
1435 414 1669 475 El‘lST.
1712 414 1773 476 S.
1814 412 2153 475 Dll)NYo|l
2201 408 2412 471 ALEX.

3341 404 3443 470 474

245 540 390 591 καῖον
422 534 653 599 συνειδὸς
676 535 863 606 κριτὴν
890 534 1155 602 ἰχέτωσαν
1178 548 1192 563 ⁸
1226 532 1365 586 ὥστε
1399 534 1446 585 εἰ
1483 533 1580 603 μιν
1610 536 1680 605 μή
1713 552 1791 587 1t-
1820 543 1860 596 Α
1888 532 1907 601 j

1760 564 1791 583 ρ
1820 543 1860 596 Α
1888 532 2121 601 judicem
2173 532 2403 585 habeant
2463 530 2732 600 propriam
2788 527 3212 606 conscientiam;
3274 536 3332 580 ut
3385 527 3428 580 si

244 641 331 686 νος
364 623 659 693 ιμπαθείας
691 622 1169 693 προϋποκειμένης,
1192 621 1385 691 συνέϐη
1410 624 1586 686 αὐτοῖς
1608 624 1781 687 τοῦτο,

240 710 556 783 αὗτομάτως
605 714 699 781 τῆς
740 712 946 780 φύσεως
996 712 1315 780 ὲκκρινάσης
1355 712 1427 775 ὡς
1475 715 1783 783 περίττωμα

242 804 337 873 τὴν
389 804 600 871 ὶκροὴν,
633 802 729 852 οὐκ
778 800 1249 869 ὲμποδισθήσονται
1292 800 1397 851 τῶν
1437 802 1784 867 ἀγιασμάτων

244 890 578 959 μεταλαϐεῖν.
617 891 676 940 Εἰ
710 890 762 941 δέ
794 907 900 941 τισι
934 889 1273 957 προϋπῆρξεν
1315 891 1370 954 ἐξ
1400 891 1667 957 ὲμπαθοῦς
1700 892 1786 942 λο-

240 976 436 1043 γισμοῦ
470 976 747 1044 ἐπιθυμία,
774 980 862 1029 καὶ
886 977 1057 1046 ταύτῃ
1089 979 1511 1046 ἐπηκολούθησεν
1544 980 1724 1048 ἑκροὴ.
1752 980 1783 1048 ἢ

244 1064 298 1127 ιε
327 1067 906 1135 ἀκρασίαςβρωμάτων
943 1068 1034 1119 καί
1070 1070 1273 1130 πόσεως
1310 1070 1497 1138 συνέϐη
1542 1070 1715 1131 τοῦτο,
1738 1072 1784 1122 οἰ

245 1152 468 1205 τοιοῦτοι
490 1156 584 1205 οὐκ
608 1156 709 1206 εἰσὶ
729 1155 948 1225 καθαροί
972 1172 983 1183 ·
1014 1156 1074 1206 οὑ
1102 1156 1185 1207 διὰ
1208 1158 1304 1224 τὴν
1330 1157 1481 1225 ρὗιν
1504 1158 1594 1209 105
1623 1160 1787 1228 σπέρ-

244 1260 409 1312 ματος
442 1242 536 1311 (οὐ
572 1244 675 1312 γὰρ
705 1244 1003 1312 ἀκάθαρτον
1048 1243 1219 1306 τοῦτο,
1254 1245 1373 1295 ἐπεὶ
1420 1246 1548 1312 μηδὲ
1582 1248 1612 1312 ὴ
1654 1246 1786 1314 σὰρξ

238 1331 298 1395 ἑξ
319 1326 388 1399 ἦς
415 1333 584 1383 ἐκεῖνο
608 1332 919 1401 περίττωμα
944 1335 980 1397 ),
1016 1333 1147 1385 ἀλλὰ
1176 1334 1261 1384 διὰ
1290 1334 1349 1384 τὸ
1382 1334 1607 1401 πονηρὸν
1637 1333 1785 1384 ἐνθύ-

239 1437 363 1489 μιον
392 1422 524 1492 ὅπερ
553 1422 768 1489 ὲμόλυνε
794 1424 887 1491 τὴν
912 1422 1160 1475 διάνοιαν.
1180 1423 1236 1474 Ὀ
1265 1422 1390 1489 γοῦν
1421 1423 1785 1484 τοιοῦτος,οὑκ

236 1510 621 1579 εὐσυνείδητος,
660 1512 943 1563 κάντεῦθεν
973 1512 1075 1563 οὐδ’
1109 1513 1568 1581 εὑπαρῤησίαστος
1607 1516 1683 1574 εἰς
1725 1514 1785 1564 τὸ

235 1599 551 1667 προσελθεῖν
574 1599 648 1667 τῷ
668 1600 801 1667 Θεῷ.
821 1602 1036 1667 Ἐπάγει
1061 1601 1113 1653 δὲ
1140 1602 1229 1652 καὶ
1258 1603 1354 1669 τὴν
1384 1602 1573 1671 χρῆσιν
1604 1604 1664 1653 ὲκ
1692 1604 1782 1654 105

236 1688 477 1756 μεγάλου
511 1688 718 1739 Παύλου
752 1689 1053 1758 γράψαντος
1096 1691 1218 1758 περὶ
1260 1690 1365 1740 τῶν
1403 1692 1781 1754 εἰδωλοθύτων,

231 1779 315 1830 δτι
349 1782 383 1832 ό
415 1778 868 1845 διακρινόμενος,
899 1780 1005 1831 ἐὰν
1026 1779 1201 1846 φάγῃ,
1235 1780 1652 1847 κατακέκριται.
1681 1783 1785 1833 Πε-

1890 623 2034 675 nulla
2062 623 2395 690 praecedente
2430 622 2595 674 animi
2629 601 3025 689 perturbatione
3054 619 3155 671 hoc
3178 617 3257 670 eis
3288 620 3431 669 acc!-

1889 711 2058 773 derit,
2094 720 2284 763 natura
2317 725 2415 764 sua
2448 720 2635 778 sponte
2673 710 2809 761 hanc
2842 707 3133 760 ﬂuxionem
3176 715 3429 771 tanquam

1889 808 2287 853 excrementum
2343 810 2699 856 excernente.
2760 812 2866 850 non
2914 795 3265 871 impedientur
3314 809 3433 845 esse

1890 899 2344 941 sacramentorum
2402 889 2709 957 participes.
2764 885 2818 937 Si
2876 886 3071 951 quibus
3136 896 3310 935 autem
3366 898 3428 934 ex

1892 978 2118 1032 sationis
2169 980 2566 1045 perturbatione
2609 976 2919 1044 przeexstitit
2961 977 3244 1041 cupiditas,
3294 989 3429 1026 eam-

1890 1082 1994 1133 que
2028 1067 2242 1120 eﬂluxio
2272 1076 2558 1120 consecuta
2592 1067 2680 1128 sit,
2712 1066 2789 1117 vel
2816 1081 2878 1117 ex
2909 1065 3147 1117 ciborum
3174 1077 3435 1132 po:usqne

1891 1156 2299 1222 intemperantia
2333 1158 2432 1209 hoc
2470 1156 2727 1216 evenerit,
2782 1156 2813 1205 ii
2846 1156 2959 1220 puri
2995 1169 3098 1205 non
3133 1166 3292 1215 sunt;
3328 1170 3432 1206 non

1897 1255 2109 1309 propter
2141 1245 2341 1298 ﬂuxum
2376 1247 2595 1299 seminis
2628 1248 2753 1311 (non
2785 1254 2865 1297 est
2896 1245 3035 1295 enim
3070 1243 3170 1295 hoc
3203 1244 3435 1295 immun-

1889 1332 2037 1394 dum,
2070 1336 2204 1386 sicut
2245 1350 2340 1387 nec
2367 1351 2523 1393 caro,
2557 1336 2712 1401 cujus
2754 1344 2836 1386 est
2862 1334 3307 1391 excrementum),
3341 1333 3433 1385 sed

1891 1432 2104 1487 propter
2135 1423 2326 1475 malam
2369 1425 2767 1491 cogitationem,
2793 1438 2914 1488 quae
2950 1432 3178 1474 mentem
3222 1423 3429 1488 polluit.

1889 1505 1989 1571 Qui
2041 1510 2201 1577 igitur
2250 1520 2329 1564 est
2369 1513 2653 1579 ejusmodi,
2701 1527 2805 1564 non
2850 1512 3006 1563 habet
3058 1512 3249 1564 bonam
3299 1527 3432 1563 con-

1890 1598 2194 1659 scientiam,
2245 1607 2297 1651 et
2336 1614 2438 1649 non
2481 1600 2639 1650 habet
2683 1599 2801 1651 ideo
2829 1606 3141 1665 potestatem
3174 1596 3237 1647 ad
3265 1596 3429 1647 Deum

1889 1688 2195 1740 accedendi.
2252 1688 2537 1756 Subjnngit
2584 1698 2761 1741 autem
2814 1698 2866 1739 et
2914 1703 2977 1740 ex
3029 1701 3223 1755 magno
3266 1686 3433 1738 Paulo

1892 1780 2231 1842 sententiam,
2276 1780 2367 1847 qui
2420 1779 2631 1848 soipsit
2678 1780 2742 1832 de
2787 1779 3113 1845 idolothytis,
3159 1778 3301 1845 quod
3347 1778 3436 1844 qui

236 1864 289 1933 ρὶ
315 1864 373 1916 δὲ
408 1866 502 1933 τῆς
526 1864 615 1915 105
649 1866 956 1934 σπέρματος
983 1867 1235 1935 ρεύσεως,
1271 1866 1419 1935 ζήτει
1448 1870 1536 1919 καὶ
1568 1868 1661 1920 τοῦ
1699 1887 1787 1937 με·
1818 1859 1858 1912 Β
1887 1881 1904 1916 ι

1768 1900 1787 1908 -
1818 1859 1858 1912 Β
1887 1866 2214 1934 dubitat,_si
2260 1868 2574 1930 comederit,
2616 1869 2984 1917 condemnatus
3030 1877 3125 1917 est.
3174 1864 3245 1918 De
3288 1864 3432 1918 ﬂuxu

229 1954 399 2024 γάλου
445 1953 753 2007 ’Δθανασίου
808 1955 1086 2024 ἐπιστολὴν
1140 1956 1273 2025 πρὸς
1326 1958 1559 2027 Ἀμμοῦν
1618 1959 1781 2027 μονά-

232 2042 416 2105 ζοντα.

299 2132 540 2183 ΖΩΝΑΡ.
582 2134 689 2185 Καὶ
714 2133 881 2185 ταῦτα
919 2134 1052 2203 πρὸς
1086 2132 1347 2203 ἐρώτησιν
1376 2136 1402 2185 ὁ
1436 2136 1618 2206 Πατὴρ
1652 2138 1784 2189 ἀπο-

229 2221 493 2290 κρίνεται.
512 2221 831 2292 Ἐρωτηθεὶς
861 2222 967 2291 γὰρ
994 2224 1040 2274 εἰ
1065 2222 1142 2274 δεῖ
1169 2224 1293 2285 τοὺς
1334 2225 1389 2274 ὲν
1431 2224 1578 2294 ῥύσει
1623 2227 1783 2295 σπέρ-

231 2326 402 2377 ματος
428 2310 745 2377 γενομένους
760 2312 1147 2381 ἀπροαιρέτως,
1165 2312 1269 2365 τῶν
1283 2314 1628 2383 ἁγιασμάτων
1656 2332 1781 2384 μετ-

229 2400 395 2466 έχειν,
429 2400 529 2469 ἔφη
561 2401 661 2461 ὅτι,
690 2402 751 2453 Ol
782 2402 936 2454 10510
969 2402 1246 2466 παθόντες,
1303 2404 1378 2473 τῷ
1403 2406 1585 2474 οἰκείῳ
1614 2422 1783 2457 συνει-

225 2490 337 2540 δότι
373 2489 926 2543 κατακολουθείτωσαν
955 2510 966 2521 °
1002 2493 1165 2561 ἡγουν
1207 2493 1265 2546 τὸ
1309 2496 1538 2558 συνειδὸς
1589 2496 1782 2564 ἐχέτω·

229 2596 330 2630 σαν
382 2578 473 2631 105
528 2580 841 2652 πράγματος
873 2581 1147 2653 δικαστὴν,
1178 2585 1273 2655 τὴν
1306 2585 1506 2639 οἰκείαν
1546 2587 1781 2658 δηλονότι

224 2668 648 2720 διάνοιαν.”Ωστε
682 2673 726 2721 εἰ
762 2672 832 2739 μή
869 2688 1010 2734 τινος
1051 2674 1347 2743 ὲμπαθείας
1389 2680 1781 2747 προϋποκειμέ-

226 2774 327 2825 νης
358 2758 694 2826 συμϐέϐηκεν
724 2760 1036 2829 αὐτομάτως
1079 2764 1109 2832 ἡ
1154 2766 1249 2833 τῆς
1281 2766 1440 2834 γονῆς
1470 2768 1650 2837 ἐκροὴ,
1684 2768 1779 2837 τῆς

227 2840 441 2906 φύσεως
462 2842 625 2910 αὐτὴν
657 2844 729 2905 ὡς
763 2846 1076 2915 περίττωμα
1108 2850 1431 2921 ἐκκρινάσης
1454 2869 1465 2882 '
1488 2853 1519 2923 ἢ
1543 2857 1588 2906 εἰ
1616 2855 1687 2924 μὴ
1717 2856 1780 2908 ὲκ

227 2928 511 2997 προινίας
535 2932 625 2981 καὶ
654 2930 712 2994 ὲξ
738 2933 1068 3002 ἀδδηφαγίας
1089 2940 1318 3005 ἐγένετο,
1342 2943 1437 2993 οὐκ
1460 2944 1782 3016 ὲμποδισθή-

228 3030 377 3105 σεται
480 3017 629 3070 τοῦτο
661 3020 843 3074 παθὼν
873 3023 946 3092 τῷ
972 3025 1107 3093 ἁγίῳ
1144 3030 1455 3097 προσελθεῖν
1488 3032 1778 3105 θυσιαστη-

226 3101 327 3190 ρξῳ
349 3120 362 3133 ·
417 3107 463 3156 εἰ
515 3106 571 3159 δέ
618 3125 699 3170 τις
733 3112 1075 3181 προϋπῆρξεν
1103 3117 1347 3187 ἐμπαθὴς
1380 3119 1649 3190 λογισμὸς,
1686 3101 1779 3175 καὶ

1889 1963 2067 2005 autem
2118 1955 2379 2017 seminis,
2432 1970 2611 2021 quaere
2665 1954 2842 2021 magni
2893 1968 3109 2021 quoque
3153 1954 3435 2009 Athanasii

1888 2041 2168 2109 epistolam
2206 2044 2270 2093 ad
2302 2044 2550 2095 Ammum
2586 2047 2931 2094 monachum.

1962 2132 2160 2186 Zona.
2204 2132 2298 2185 llic
2333 2148 2549 2201 quoque
2578 2132 2871 2199 praeposita:
2915 2131 3319 2201 interrogationi
3352 2152 3437 2190 rc-

1889 2222 2116 2290 spondet
2146 2222 2320 2275 Pater.
2370 2221 2606 2290 Rogatus
2641 2235 2872 2288 namque
2906 2228 2971 2274 an
3008 2222 3163 2277 liceat
3210 2225 3276 2279 iis
3314 2227 3438 2295 qui-

1890 2312 1990 2365 bus
2035 2313 2255 2366 seminis
2310 2314 2484 2365 tlnxus
2534 2326 2640 2364 non
2687 2322 2877 2379 sponte
2921 2315 3217 2382 contingit,
3267 2319 3437 2373 sacris

1887 2402 2287 2455 communicare
2316 2401 2616 2470 mysteriis,
2664 2402 2940 2468 respondit
2984 2418 2997 2453 :
3041 2402 3142 2467 Qui
3194 2405 3293 2459 hoc
3343 2422 3437 2475 pa-

1888 2491 2125 2554 tiuntur,
2184 2492 2454 2559 pr0priam
2505 2498 2800 2559 sequantur
2851 2492 3263 2559 conscientiam,
3332 2496 3436 2550 hoc

1885 2591 1987 2643 est,
2038 2579 2161 2634 facti
2212 2582 2445 2649 judiccm
2500 2589 2737 2633 statuant
2790 2582 3213 2647 conscientiam,
3274 2602 3433 2639 suum

1886 2672 2130 2724 videlicet
2182 2672 2419 2723 animum
2482 2686 2543 2724 ac
2604 2680 2873 2735 mentem;
2911 2676 3001 2726 -ita
3041 2684 3099 2727 ut
3143 2676 3185 2729 si
3220 2678 3434 2745 quidem

1886 2762 2031 2814 nulla
2078 2760 2359 2814 aﬂectione
2400 2762 2801 2829 pra-gredientc,
2837 2764 2977 2815 ultro
3010 2765 3231 2817 seminis
3258 2766 3435 2821 ﬂuxus

1885 2851 2085 2912 evenit,
2134 2851 2296 2903 veluti
2348 2848 2677 2917 superﬂuum
2725 2854 2850 2920 quid
2904 2853 3077 2920 ipsum
3117 2869 3439 2913 excernente

1886 2950 2080 2995 natura
2108 2980 2121 3002 ,
2181 2956 2355 3009 neque
2391 2942 2462 2993 illi
2500 2958 2713 2995 causam
2744 2943 3031 2997 vinolentia
3068 2947 3147 2998 vel
3180 2948 3436 3014 gulositas

1886 3030 2134 3099 prmbuit,
2164 3031 2229 3083 a3
2258 3039 2502 3117 sanctum
2541 3032 2708 3085 altare
2757 3034 3008 3086 accedere
3035 3036 3125 3101 qui
3160 3036 3207 3087 id
3241 3052 3437 3104 passus

1885 3128 1985 3182 est,
2021 3118 2439 3187 haudquaquam
2484 3120 2783 3183 vetabitur;
2836 3121 2880 3171 si
2926 3135 3053 3174 vero
3089 3123 3298 3175 mollior
3334 3122 3433 3175 ali-

223 3185 383 3255 οὗτος
433 3196 874 3267 ἑμφιλοχωρήσας
916 3204 980 3271 τῇ
1021 3203 1223 3274 διανοίᾳ
1268 3184 1460 3271 αὺτοῦ,
1488 3184 1782 3276 φαντασίαν
1810 3184 1851 3239 C
1887 3230 1891 3255 ι

1769 3184 1851 3263 ac
1887 3222 1992 3276 qua
2032 3184 2637 3276 cogitatio'przecessit,
2678 3224 2847 3277 eaque
2893 3211 3053 3262 menti
3091 3212 3293 3265 diutius
3339 3212 3437 3265 ob-

223 3283 497 3374 i-dplsm
519 3290 850 3358 νυκτερινὴν,
868 3293 958 3343 καὶ
989 3293 1152 3364 ταύτῃ
1177 3298 1606 3369 ἐπηκολούθησεν
1627 3305 1658 3371 ἡ
1686 3305 1782 3374 τῆς

223 3372 391 3441 γονῆς
423 3375 605 3445 ἐκροὴν
640 3379 731 3428 καὶ
756 3378 813 3441 ἐξ
845 3381 1106 3449 ἀκρασίας
1140 3384 1435 3454 βρωμάτων
1466 3391 1554 3442 καί
1579 3372 1782 3453 πόσεως

227 3461 457 3530 συνέδη-
494 3464 521 3513 δ
553 3465 784 3527 τοιοῦτος
815 3468 871 3517 οὐ
906 3469 1138 3536 καθαρός
1174 3474 1337 3533 ἐστιν,
1372 3476 1428 3526 οὐ
1463 3477 1546 3527 διὰ
1574 3478 1667 3547 τὴν
1697 3480 1783 3548 ρὖ

227 3566 311 3601 σιν
362 3552 457 3603 105
509 3555 814 3623 σπέρματος
861 3559 956 3626 (οὐ
991 3561 1095 3629 γὰρ
1126 3563 1426 3632 ἀκάθαρτον
1455 3568 1626 3629 τοῦτο,
1661 3570 1780 3619 ἐπεὶ

230 3644 327 3711 μὲν
361 3645 481 3696 οὐδὲ
514 3646 705 3717 ἡσὰρξ
734 3646 799 3720 ἧς
832 3651 1002 3703 ἐκεῖνο
1036 3653 1408 3723 περίττωμα),
1446 3659 1576 3710 ἀλλὰ
1604 3660 1687 3712 διὰ
1720 3663 1781 3713 τὸ

223 3734 462 3802 πονηρὸν
496 3736 757 3807 ἐνθύμιον,
785 3740 917 3811 ὅπερ
949 3741 1168 3810 ἑμόλυνε
1187 3745 1282 3813 τὴν
1298 3745 1547 3800 διάνοιαν.
1569 3750 1622 3801 ’0
1654 3750 1780 3817 γοῦν

222 3823 462 3887 τοιοῦτος
493 3826 588 3877 οὐκ
625 3829 1005 3900 εὐσυνείδητος,
1042 3834 1329 3887 κάντεῦθεν
1365 3838 1468 3889 οὐδ’
1503 3841 1779 3911 εὐπαρῤη-

225 3914 441 3977 σίαστος
472 3916 558 3968 διὰ
588 3918 647 3969 τὸ
682 3918 808 3971 διον
836 3921 1097 3990 ἐνθύμιον.
1134 3924 1255 3986 Πῶς
1293 3922 1384 3978 οὖν
1428 3930 1779 3998 προσελεύσε-

224 4003 415 4073 ταιτῷ
440 4004 559 4074 Θεῷ
589 4005 1013 4078 διακρινόμενος;
1052 4013 1269 4078 Ἑπάγει
1294 4015 1349 4068 δὲ
1381 4018 1471 4069 καὶ
1501 4020 1691 4089 χρῆσιν
1717 4023 1780 4075 ἑκ

232 4360 546 4424 Ἀθανάσιος
596 4363 841 4430 πλατέως
880 4368 1111 4438 ἔγραψεν
1160 4373 1294 4443 πρδς
1339 4376 1576 4446 ’Δμμοῦν
1616 4382 1777 4450 μονά-

219 4447 393 4514 ζοντα.

1885 3308 2095 3352 versata
2148 3309 2464 3352 nocturnam
2516 3301 2745 3367 speciem
2795 3302 3024 3365 induxit,
3058 3318 3219 3371 quam
3250 3315 3435 3371 postea

1883 3394 2107 3447 seminis
2147 3393 2325 3446 ﬂuxus
2367 3402 2449 3447 est
2483 3406 2826 3458 consecutus,
2877 3404 3036 3461 atque
3088 3412 3152 3449 ex
3206 3396 3438 3449 inconti-

1883 3486 2062 3539 nentia
2113 3485 2356 3537 ciborum
2400 3494 2450 3538 et
2482 3488 2711 3553 potionis
2762 3488 2956 3549 evenit,
3001 3490 3137 3539 haud
3184 3490 3435 3557 esti-jus-

1882 3575 2022 3627 modi
2060 3576 2219 3627 homo
2259 3591 2425 3643 purus
2452 3618 2465 3640 ,
2506 3592 2610 3629 non
2658 3578 2727 3629 ob
2757 3577 3025 3630 deﬂuxum
3068 3580 3287 3634 seminis
3323 3583 3437 3649 (ne-

1880 3678 1983 3730 que
2010 3664 2151 3714 enim
2184 3664 2285 3717 hoc
2315 3665 2604 3731 impurum,
2633 3666 3065 3733 quandoquidem
3094 3683 3191 3720 nec
3226 3670 3434 3736 impura

1880 3767 2027 3815 caro,
2062 3755 2217 3821 cujus
2247 3754 2346 3807 hoc
2368 3756 2812 3822 excrementum),
2844 3756 2933 3809 sed
2958 3756 3025 3808 ob
3052 3757 3447 3825 cogitationem-

1881 3856 2122 3910 pravam,
2166 3843 2283 3910 quaé
2327 3844 2565 3895 animum
2617 3844 2938 3912 inquinavit.
2995 3843 3110 3898 Non
3144 3856 3227 3899 est
3255 3849 3436 3915 itaque

1881 3932 1971 3985 hic
2019 3932 2219 3985 nullius
2274 3932 2375 3985 sibi
2424 3933 2676 3985 conscius
2727 3934 2897 3995 labis,
2950 3936 3282 4002 proindeque
3338 3952 3437 3991 nec

1878 4022 2032 4089 plena
2092 4022 2168 4075 illi
2217 4022 2428 4086 ﬁducia,
2481 4023 2551 4076 ob
2584 4038 2733 4076 snam
2781 4025 3147 4092 cupiditatem.
3195 4026 3308 4091 Qua
3345 4042 3437 4080 ra-

1880 4112 2025 4164 tione
2064 4112 2225 4181 igitur
2254 4111 2363 4164 Deo
2397 4114 2847 4182 appropinquabit
2882 4114 3173 4168 dubitans?
3204 4115 3437 4184 Subjicit.

1761 4241 1775 4257 .
1869 4218 2096 4295 'quoque
2152 4203 2331 4271 magni
2388 4202 2539 4257 Pauli
2594 4207 2953 4270 sententiam,
3002 4204 3068 4259 de
3126 4208 3435 4277 idolothytis

1878 4293 2185 4355 scribentis,
2223 4294 2365 4361 quod
2400 4296 2448 4346 εἰ
2476 4296 2720 4348 dubitans
2761 4296 3015 4358 comedat,
3061 4301 3435 4351 condemnatus

1877 4392 1974 4434 est.
2023 4382 2191 4436 Porro
2235 4385 2301 4437 de
2344 4386 2567 4438 seminis
2618 4384 2883 4448 ﬂuxione,
2938 4400 3166 4455 magnus
3218 4399 3438 4454 quoque

1877 4472 2205 4526 Athanasius
2253 4474 2437 4527 multis
2484 4473 2662 4527 verbis
2703 4475 2766 4526 ad
2800 4474 3053 4527 Animum
3106 4473 3434 4528 monachum
