4224 6440
833 387 935 448 479

906 507 1062 557 llus.
1091 503 1188 556 liic
1214 518 1387 554 canon
1416 502 1602 554 statuit
1635 508 1689 551 ut
1720 499 1808 566 qui
1837 498 1890 549 in
1923 495 2165 549 custodia
2198 496 2371 547 solum
2408 505 2444 555 Α

832 600 968 648 male
998 594 1169 646 affecti
1203 600 1348 651 aunt,
1385 602 1433 643 et
1457 592 1574 643 sine
1598 589 1878 642 tormentis
1907 588 2037 653 lapsi
2071 594 2213 648 sunt,
2251 595 2370 653 post

832 682 1117 733 triennium
1156 679 1291 729 alius
1324 691 1535 743 quoque
1574 675 1698 726 anni
1754 685 1908 739 pmna
1973 672 2279 738 puniantur.
2314 668 2369 721 Si

833 770 967 819 t‘nrte
997 768 1161 820 enim.
1181 765 1372 830 inquit.
1400 762 1817 814 consolationem
1851 760 2083 810 assecuti
2115 767 2262 817 sunt,
2286 766 2369 827 ut_-

835 863 953 915 pote
983 854 1254 918 aliquibus
1292 850 1529 902 li.lelibus
1561 848 1678 899 vitae
1703 847 1944 899 subsidia
1986 846 2370 911 suppetlitanti-

834 946 950 1001 bus,
982 943 1014 993 ii
1050 956 1260 1007 quoque
1295 940 1488 990 debent
1524 939 1727 989 veniam
1759 936 2017 995 obtinere,
2055 942 2106 983 ut
2134 935 2217 1000 qui
2251 950 2371 1001 gra-

832 1033 912 1081 via
941 1047 1036 1098 pro
1072 1030 1170 1081 [ille
1201 1030 1340 1095 passi
1377 1036 1519 1080 sunt.

902 1226 1101 1279 Zama.
1146 1224 1201 1277 In
1239 1222 1475 1277 secundo
1511 1223 1699 1273 ordine
1733 1236 1823 1272 eos
1848 1221 1986 1270 locat
2014 1220 2100 1286 qui
2138 1228 2369 1269 tantum-

834 1316 990 1368 modo
1024 1318 1077 1367 in
1111 1316 1321 1366 vincula
1357 1312 1781 1377 eonjecti,atquc
1813 1312 1863 1361 in
1891 1324 2105 1360 carcere
2132 1309 2265 1359 male
2300 1306 2373 1358 af-

835 1403 957 1456 fecti
997 1411 1140 1463 sunt,
1176 1412 1285 1452 tum
1322 1401 1483 1451 nullis
1511 1400 1685 1450 vexati
1730 1397 2054 1449 cruciatibus
2110 1410 2366 1462 peccave-

836 1500 992 1544 runt:
1022 1492 1217 1559 quibus
1261 1497 1451 1559 praeter
1480 1488 1767 1539 decursum
1805 1494 2035 1550 tempus,
2080 1484 2367 1536 triennium

834 1581 1081 1633 videlicet
1128 1578 1192 1632 de
1233 1594 1337 1646 quo
1388 1592 1550 1643 supra
1600 1576 1798 1628 dictum
1851 1584 1952 1635 est,
1993 1574 2117 1625 anni
2159 1587 2370 1639 quoque

834 1677 1089 1739 pt'mterca
1120 1668 1279 1719 unius
1311 1668 1561 1718 mulctam
1600 1665 1822 1732 irrogari
1850 1665 2040 1731 placet.
2106 1662 2367 1724 Quoniam

833 1769 885 1812 ct
918 1760 1038 1826 ipsi,
1073 1756 1264 1822 inquit,
1299 1770 1392 1822 pro
1425 1755 1622 1806 Christi
1671 1755 1883 1805 nomine
1928 1752 2158 1804 dircxati
2210 1758 2366 1812 sunt;

833 1847 1038 1900 etiamsi
1070 1845 1205 1898 forte
1236 1844 1409 1895 solatii
1440 1842 1710 1910 quidpiam
1745 1842 1794 1892 in
1818 1856 2031 1892 carcere
2060 1856 2088 1890 a
2116 1839 2368 1890 fratribus

833 1943 1105 1987 consecuti
1137 1941 1279 1988 sunt.
1318 1932 1600 1986 Probabile
1637 1933 1776 1983 enim
1800 1942 1879 1983 est
1912 1930 2111 1991 ﬁdeles,
2138 1931 2365 1996 quicun-

833 2041 937 2093 que
971 2024 1116 2075 uulla
1139 2021 1380 2074 custodia
1420 2021 1816 2080 detinebantur,
1851 2022 1900 2071 in
1947 2020 2157 2072 vincula
2187 2019 2370 2085 conje-

833 2114 934 2165 ttis
960 2113 1081 2165 vita:
1115 2110 1351 2163 subsidia
1400 2110 1765 2170 ministrasse,
1805 2109 1975 2175 iisque
2026 2107 2243 2174 proinde
2295 2107 2367 2157 le-

834 2203 1064 2255 vationis
1090 2199 1285 2266 aliquid
1314 2198 1577 2249 attulisse.
1604 2196 1729 2260 Quae
1758 2196 1971 2264 quidem
2017 2194 2368 2261 multiplicata

836 2292 1078 2349 reddent.
1120 2304 1215 2356 pro
1243 2289 1309 2340 iis
1345 2288 1596 2338 nimirum
1635 2288 1830 2354 quibus
1866 2285 1916 2336 in
1946 2284 2187 2337 custodia
2224 2283 2369 2334 oble-

834 2382 960 2432 ctati
988 2388 1130 2435 sunt.
1161 2376 1528 2445 pmnitentiam
1565 2384 1780 2444 agentes
1814 2374 2083 2427 vetabunt
2112 2388 2167 2426 se
2201 2372 2365 2439 ipsos,

836 2483 898 2521 ac
951 2469 1134 2521 multis
1170 2467 1341 2519 modis
1369 2466 1722 2528 amictabunt;
1761 2466 1805 2517 si
1838 2480 1899 2517 ex
1932 2479 1995 2516 co
2025 2462 2166 2530 quod
2209 2463 2367 2514 Chri.

835 2570 972 2612 stum
1005 2558 1335 2625 abnegarunt
1358 2595 1369 2615 ,
1403 2570 1429 2605 a
1460 2554 1655 2607 diaboli
1688 2555 1992 2622 captivitate
2032 2552 2244 2605 liberari
2281 2567 2368 2603 ve-

837 2649 952 2706 lint,
987 2646 1130 2698 illius
1160 2644 1353 2712 captivi
1396 2652 1448 2696 et
1484 2643 1622 2695 servi
1661 2643 1806 2694 lacti.
1847 2641 2076 2708 Subjieit
2103 2654 2221 2692 mox
2247 2654 2369 2706 pro-

835 2735 1005 2804 pheta:
1034 2735 1215 2792 verba,
1249 2749 1363 2800 qua:
1394 2742 1592 2787 suntex
1624 2732 1758 2784 Isaia
1791 2732 2119 2799 deprompta,
2144 2744 2367 2797 quorum

836 2822 1144 2875 meminisse
1172 2830 1419 2889 Oportere
1441 2822 1586 2887 ipsos
1620 2820 1865 2873 afﬁrmat.

1432 2908 1655 2961 CANON
1696 2909 1781 2961 Ill.

908 3018 926 3049 ι
972 2999 1043 3054 lis
1083 3007 1259 3052 autem
1302 2999 1390 3066 qui
1440 2998 1569 3049 nihil
1602 2998 1863 3064 ejusmodi
1912 3000 2053 3066 passi
2096 3006 2240 3063 sunt,
2273 3014 2370 3052 nec

839 3108 859 3137 κ
904 3089 1019 3141 ﬁdei
1066 3080 1296 3141 fructum
1344 3089 1725 3148 ostenderunt,
1758 3089 1849 3140 sed
1882 3089 1945 3139 ad
1989 3090 2174 3141 vitium
2230 3091 2369 3141 ultro
2397 3120 2438 3177 ε

833 3193 859 3229 ο
904 3176 1327 3245 transfugerunt,
1363 3190 1389 3225 a
1417 3185 1555 3226 metu
1588 3184 1639 3226 et
1662 3174 1943 3227 timiditate
1977 3176 2202 3242 proditi;
2225 3193 2365 3229 nunc

839 3286 856 3316 ι
906 3274 1081 3319 autem
1118 3266 1337 3319 veniunt
1382 3264 1446 3315 ad
1487 3264 1876 3330 pmnitentiam,
1912 3280 2133 3317 necesse
2186 3273 2264 3318 cst
2316 3272 2367 3318 et

836 3377 855 3408 ‹
900 3357 1223 3411 conveniens
1255 3354 1579 3421 inlrugilerae
1631 3352 1762 3407 licus
1811 3345 2116 3421 parabolam
2168 3371 2365 3424 propo-

840 3467 854 3495 ι
902 3463 1049 3507 nere,
1104 3453 1162 3497 ut
1213 3444 1467 3495 Dominus
1519 3442 1646 3494 dicit
1699 3461 1710 3494 :
1770 3443 2003 3495 Habebat
2059 3446 2169 3510 quis
2212 3444 2366 3509 ﬁcum

836 3556 852 3585 ο
901 3537 1193 3601 plantatam
1221 3535 1274 3583 in
1304 3549 1397 3583 suo
1429 3533 1595 3583 vincto
1626 3549 1641 3583 :
1674 3542 1721 3585 et
1764 3535 1893 3584 venit
1936 3551 2167 3601 quwrens
2217 3535 2267 3586 in
2309 3551 2369 3586 ca

838 3646 853 3676 ι
900 3627 1147 3693 fructum,
1195 3632 1242 3675 et
1286 3638 1385 3674 non
1438 3624 1649 3677 invenit.
1698 3623 1841 3674 Dixit
1896 3634 2063 3675 autem
2110 3625 2365 3675 vinitori:

838 3735 854 3763 ι
902 3714 1031 3766 Ecce
1057 3724 1155 3765 tres
1188 3729 1370 3771 annos.
1417 3726 1480 3764 ex
1518 3729 1614 3780 quo
1667 3730 1755 3780 ego
1814 3714 1956 3767 venio
1991 3730 2219 3779 qumrem
2252 3715 2366 3780 fru-

835 3824 854 3853 v.
900 3814 1042 3856 ctum
1074 3805 1123 3853 in
1151 3803 1247 3853 hac
1289 3802 1411 3868 ﬁcu,
1453 3810 1499 3853 et
1533 3819 1631 3855 non
1672 3804 1903 3863 invenio;
1934 3803 2171 3856 exscinde
2205 3820 2316 3855 eam
2349 3819 2365 3854 .·

837 3918 852 3941 ι
901 3911 991 3945 cur
1026 3903 1215 3945 terram
1239 3893 1743 3958 inaniter-occupat?
1774 3892 1873 3944 Ille
1905 3910 2015 3944 vero
2057 3892 2364 3960 respondens

837 4008 852 4036 ι
894 3986 1016 4038 dicit
1043 3985 1162 4038 illi:
1204 3980 1433 4045 Domine,
1461 3984 1661 4036 dimitte
1687 3984 1833 4035 illam
1863 3984 1955 4036 hoc
1979 4001 2175 4051 quoque
2207 4002 2361 4048 anno,

835 4095 852 4125 ¢
896 4077 1054 4128 donec
1090 4077 1230 4127 circa
1276 4091 1390 4128 eam
1420 4074 1617 4141 (odero,
1662 4084 1709 4125 et
1751 4074 1986 4126 laztamen
2032 4074 2287 4140 injecero;
2322 4078 2367 4128 εἰ

836 4187 850 4215 ι
898 4166 1102 4234 quidem
1132 4165 1359 4231 fructum
1394 4165 1605 4231 fecerit;
1644 4166 1726 4217 sin
1772 4165 1962 4226 minus,
1998 4181 2109 4217 eam
2144 4166 2197 4217 in
2222 4165 2366 4231 futu-

834 4276 851 4307 o
898 4273 1013 4308 rum
1042 4256 1305 4309 exscinde:
1338 4269 1362 4296 ι
1390 4275 1401 4309 :
1434 4270 1538 4323 qua
1571 4263 1694 4308 ante
1715 4255 1902 4307 oculos
1929 4265 2167 4325 accepta.
2194 4263 2245 4309 et
2273 4271 2362 4309 os-

834 4366 850 4395 ‹
898 4357 1052 4399 tenso
1079 4346 1238 4415 digno
1267 4345 1441 4399 fructu
1473 4344 1819 4413 pmnitentiae,
1848 4345 1902 4396 in
1942 4352 2089 4398 tanto
2110 4347 2363 4412 temporis

832 4456 848 4485 ι
898 4436 1177 4489 intervallo
1206 4435 1741 4504 magisjuvabuntur.
1790 4452 1809 4484 ι

896 4682 1052 4735 ΒΑιε.
1097 4682 1201 4735 Eos
1229 4683 1318 4747 qui
1346 4690 1563 4750 propter
1592 4681 1765 4734 solum
1797 4687 1996 4733 metum
2026 4687 2078 4730 et
2108 4678 2365 4732 timidita—

828 4788 932 4826 tem
961 4770 1386 4840 transl‘ugerunt,
1422 4771 1485 4823 ad
1516 4770 1883 4839 paenitentiam
1915 4778 2090 4822 autem
2117 4784 2362 4837 respexe—

829 4870 971 4925 runt,
999 4861 1231 4914 triennio
1262 4861 1413 4928 punit
1443 4874 1614 4912 canon
1639 4858 1934 4913 secundum
1967 4858 2273 4926 parabolam
2307 4857 2365 4908 li-

829 4966 921 5004 cus
947 4965 1064 5020 quae
1100 4958 1183 5003 est
1216 4950 1271 5002 in
1305 4948 1631 5015 Evangeliis.
1660 4948 1918 5001 Dominus
1964 4947 2106 5000 enim
2138 4947 2311 5014 inquit
2345 4966 2357 4999 :

830 5045 941 5097 lam
964 5046 1122 5096 tribus
1154 5046 1306 5096 armis
1330 5041 1433 5108 lo
1454 5040 1521 5091 ad
1547 5038 1682 5090 hanc
1700 5036 1842 5091 venio
1860 5050 2096 5103 qumren:
2127 5034 2377 5101 fructum,

829 5144 867 5189 et
900 5153 1001 5188 non
1027 5139 1251 5188 invenio.
1282 5134 1494 5187 Vinitor
1516 5140 1717 5195 autem,
1748 5126 2150 5203 Dimitteillam,
2179 5127 2376 5193 inquit,

827 5234 867 5279 tt
894 5228 985 5277 lwc
1004 5242 1166 5278 anno.

893 5305 1095 5357 Zona.
1136 5301 1452 5370 Quicunque
1496 5315 1643 5363 vero,
1698 5300 1892 5368 inquit,
1945 5301 2071 5352 nihil
2123 5302 2360 5369 perpessi

824 5394 1095 5456 acerbum,
1125 5392 1193 5445 ob
1216 5398 1414 5443 metum
1454 5390 1623 5442 solum
1654 5402 1712 5441 ac
1747 5389 2083 5442 timiditatem
2121 5388 2358 5441 transfu-

825 5491 1156 5549 gerunt,pro
1188 5494 1252 5534 eo
1280 5478 1421 5547 quod
1476 5478 1573 5544 ipsi
1631 5485 1823 5545 Sponte
1874 5481 2183 5546 pravitatem
2234 5488 2355 5532 sunt

823 5572 1147 5634 consectati;
1176 5584 1295 5621 mox
1317 5568 1551 5619 animum
1584 5567 1647 5618 ad
1690 5568 2055 5633 pmnitentiam
2089 5567 2346 5633 παίωνι-υ.

891 5719 908 5741 ⁸
966 5704 1065 5753 Luc
1116 5721 1208 5754 \‘lil
1250 5701 1372 5751 5-9.

2107 387 2203 443 Tll
2218 385 2379 443 [ζου.
2428 384 2511 440 BA
2524 382 2653 439 LSA
2666 379 2818 437 ΜοΝ

3913 368 4020 431 680

2544 492 2728 541 ΒΛΛΣ.
2764 482 2926 549 Οὗτος
2956 490 2981 538 6
3003 486 3175 538 κανὼν
3201 483 3549 552 διαλαμϐάνει
3580 483 3701 543 τοὺς
3738 481 3893 550 μόνον
3916 500 4014 533 κα-
4049 490 4058 499 ⁸

2472 578 2877 646 κοπαθήσαντας
2909 578 2963 625 ἐν
2996 576 3057 641 τῇ
3096 572 3303 640 φυλακῇ
3333 572 3423 621 καὶ
3442 571 3605 638 χωρὶς
3633 568 3885 637 βασάνων
3912 586 4009 619 παι

2472 662 2908 734 ραπεπτωκὸτας,
2956 656 3301 724 ἐπιτιμᾶσθαι
3336 655 3469 722 μετὰ
3496 654 3585 704 τὸν
3618 653 3800 722 τριετῆ
3827 652 4017 721 χρόνον

2470 754 2558 805 καὶ
2589 752 2678 802 ἐπὶ
2702 752 2881 818 ἕτερον
2902 746 3158 799 ἐνιαυτόν.
3196 747 3256 796 Εί
3290 746 3427 811 τάχα
3448 741 3731 812 γάρνφησὶ,
3771 742 3865 793 καὶ
3915 744 4018 793 ἀπ-

2469 843 2694 893 έλαυσαν
2740 839 3128 909 παρακλήσεως
3152 875 3165 897 ,
3199 836 3272 897 ῶς
3299 852 3456 886 τινων
3490 833 3693 885 πιστῶν
3719 832 4013 903 χορηγούν-

2468 947 2573 981 των
2605 931 2781 989 αὐτοίς
2824 930 2889 980 τὰ
2926 928 3056 997 πρὸς
3084 927 3365 995 διοίκησιν,
3413 924 3543 976 ἀλλά
3581 925 3671 975 καὶ
3698 918 3841 975 οὗτοι
3866 922 4016 988 ὀφεί-

2468 1020 2613 1069 λουσι
2648 1016 2967 1086 συγγνώμης
2999 1016 3271 1080 ἀξιοῦσθαι
3299 1015 3373 1076 ὡς
3396 1014 3530 1083 ὑπὲρ
3554 1013 3651 1079 τῆς
3666 1012 3898 1073 πίστεως
3919 1027 4016 1062 κα-

2469 1123 2529 1155 κο
2538 1106 2885 1173 παθήσαντες.

2539 1196 2772 1246 ΖΩΝΑΡ.
2814 1195 2899 1245 Ἐν
2939 1190 3163 1259 δευτέρᾳ
3207 1190 3355 1252 τάξει
3389 1187 3566 1253 τίθησι
3586 1187 3709 1245 τοὺς
3736 1184 4018 1253 μόνοννφυο

2468 1284 2830 1343 λακισθέντας,
2862 1283 2952 1333 καὶ
2998 1279 3474 1347 κακοπαθήσαντας
3497 1277 3552 1326 ἐν
3576 1278 3639 1344 τῇ
3664 1274 3897 1341 φυλακῇ,
3928 1274 4017 1325 καὶ

2467 1376 2629 1443 χωρὶς
2659 1373 2899 1440 βασάνων
2933 1368 3442 1437 παραπεπτωκότας
3466 1360 3545 1426 οἷς
3567 1364 3805 1415 ἐνιαυτὸν
3825 1362 4017 1425 ἔταξαν

2469 1462 2527 1529 (Γ.
2560 1461 2761 1529 ἔταξεν)
2781 1462 2858 1521 εἰς
2885 1460 3150 1527 ἐπιτίμιον
3180 1457 3313 1525 μετὰ
3341 1458 3427 1507 τὸν
3452 1452 3784 1521 παρελθόντα
3806 1454 4015 1521 χρόνοι,

2468 1553 2626 1620 ἤγουν
2658 1551 2752 1619 τὴν
2788 1549 3023 1619 τριετίαν
3048 1549 3111 1615 ὴν
3140 1547 3355 1615 εἴρηκεν
3385 1547 3509 1597 ἄνω.
3542 1545 3681 1595 Διότι
3710 1543 3802 1594 καὶ
3840 1542 4015 1603 αὐτοὶ,

2469 1641 2644 1706 φησὶν,
2662 1640 2797 1711 ὑπὲρ
2813 1639 2902 1689 τοῦ
2920 1641 3169 1705 ὀνόματος
3186 1634 3364 1704 ἐθλίόη
3374 1652 3468 1686 σαν
3486 1634 3574 1685 τοῦ
3590 1632 3842 1703 Χριστοῦ,
3860 1635 3905 1683 εί
3924 1634 4019 1685 καὶ

2467 1731 2602 1795 τάχα
2629 1728 2929 1779 ἀπέλαυσαν
2968 1727 3023 1776 ἐν
3051 1726 3126 1792 τῷ
3161 1724 3509 1792 δεσμωτηρίῳ
3538 1721 3927 1791 παρακλήσεως
3956 1723 4019 1773 ἐκ

2404 1816 2441 1867 Β
2470 1820 2572 1869 τῶν
2604 1818 2857 1883 ἀδελφῶν.
2895 1818 2978 1878 Ὠς
3002 1817 3138 1866 ἔοικε
3173 1816 3296 1883 γὰρ,
3331 1816 3378 1864 οί
3410 1814 3607 1872 πιστοὶ,
3642 1815 3751 1863 ὅσοι
3790 1814 3852 1862 οὐ
3890 1829 4017 1863 συν-

2468 1908 2778 1975 εσχέθησαν,
2806 1908 2914 1965 τοῖς
2946 1904 3344 1972 κατειργμένοις
3377 1903 3670 1971 ἐχορήγουν
3694 1901 3760 1953 τὰ
3792 1903 3871 1961 εἰς
3892 1901 4022 1951 διοί-

2469 2012 2643 2063 κησιν,
2684 1992 2773 2045 καὶ
2811 1993 3076 2043 ἀνέπαυον
3127 1989 3335 2049 αὐτούς.
3373 1988 3547 2054 "Amp
3589 1985 4018 2037 πολλαπλασίονα

2469 2086 2846 2144 ἀποδώσουσιν,
2876 2083 2992 2133 ἀντὶ
3012 2081 3124 2142 τοῦ,
3147 2078 3257 2130 ἀνθ’
3281 2072 3352 2129 ὧν
3388 2076 3700 2144 ἀπήλαυσαν
3733 2078 3789 2125 ἐν
3818 2077 3885 2142 τῇ
3920 2092 4019 2140 φυ-

2468 2172 2601 2240 λακῇ
2657 2170 3032 2240 μετανοοῦντες
3083 2168 3350 2234 θλίψουσιν
3411 2166 3632 2225 ἑαυτοὺς
3687 2164 3778 2215 καὶ
3834 2160 4019 2215 κακῶν

2470 2277 2617 2311 σουσι
2642 2258 3063 2318 πολλαπλασίως,
3100 2258 3144 2307 εί
3186 2256 3391 2306 θέλουσι
3415 2253 3748 2322 λυτρωθῆναι
3785 2252 3895 2303 ἀπὸ
3919 2250 4018 2319 τῆς

2468 2349 2831 2418 αἰχμαλωσίας
2879 2347 2970 2399 τοῦ
3018 2346 3279 2407 διαϐόλου,
3337 2344 3663 2412 αἰχμάλωτοι
3704 2341 3798 2393 καὶ
3844 2338 4019 2391 δοῦλοι

2468 2441 2742 2507 γεγονότες
2776 2438 2921 2506 αὐτῴ
2970 2436 3055 2488 διὰ
3096 2437 3190 2505 τὴν
3220 2436 3441 2503 ἄρνησιν
3470 2433 3559 2483 τοῦ
3601 2429 3855 2500 Χριστοῦ.
3888 2423 4021 2479 Εἶτα

2468 2533 2658 2598 ἐπάγει
2684 2532 2748 2582 τά
2784 2526 3089 2598 προφητικὰ
3138 2526 3370 2594 ῥήματα,
3409 2524 3548 2590 ἅπερ
3578 2522 3638 2573 ἐκ
3671 2519 3764 2572 τοῦ
3798 2515 4019 2570 Ἡσαΐου

2470 2622 2593 2685 εἰσὶ,
2625 2620 2790 2684 λέγων
2817 2619 2924 2670 δεῖν
2946 2614 3244 2685 μεμνῆσθαι
3279 2612 3490 2673 αὐτούς.

3066 2878 3299 2931 ΚΑΝΩΝ
3328 2877 3377 2926 Γ’

2544 2992 2560 3021 ‹
2602 2972 2722 3030 Τοῖς
2761 2969 2816 3020 δὲ
2861 2968 2977 3036 μηδ’
3011 2968 3142 3028 ὅλως
3176 2966 3337 3034 μηδέν
3359 2981 3407 3015 τι
3444 2962 3677 3014 τοιοῦτον
3706 2959 4021 3029 πεπονθόσι,

2477 3082 2493 3112 ι
2538 3062 2665 3129 μηδὲ
2704 3057 3090 3126 ἐνδειξαμένοις
3130 3054 3331 3122 καρπὸν
3363 3052 3612 3111 πίστεως,
3646 3048 3758 3101 ἀλλ’
3789 3050 4023 3119 αὐτομο-

2475 3172 2491 3201 ι
2530 3153 2721 3219 λήσασι
2765 3148 2897 3217 πρὸς
2938 3148 3033 3215 τὴν
3085 3144 3296 3207 κακίαν,
3353 3139 3751 3213 προδεδομένοις
3789 3140 3895 3191 ὑπὸ
3928 3139 4028 3191 δειο

2473 3262 2489 3292 ι
2527 3242 2641 3302 λίας
2661 3239 2751 3291 καὶ
2767 3240 2947 3306 φόϐου,
2968 3236 3059 3287 νῦν
3076 3236 3130 3286 δέ
3148 3236 3223 3296 είς
3243 3234 3521 3302 μετάνοιαν
3544 3229 3875 3300 ἐρχομένοις,
3896 3231 4022 3281 ἀνα-

2472 3352 2489 3382 ι
2532 3332 2713 3399 γκαίόν
2730 3333 2840 3381 ἐστι
2858 3330 2947 3379 καὶ
2962 3323 3192 3394 ἁρμόζον
3225 3324 3321 3392 τὴν
3347 3323 3441 3391 τῆς
3457 3320 3698 3390 ἀκάρπου
3728 3320 3902 3397 συκῆς
3919 3337 4021 3371 πα-

2474 3441 2490 3471 ι
2533 3396 2755 3491 ραόολὴν
2796 3417 3151 3489 παραθέσθαι,
3192 3416 3263 3476 ὠς
3292 3417 3319 3465 6
3348 3412 3546 3482 Κύριος
3582 3412 3756 3477 λέγει’
3814 3396 4023 3475 Συκῆν

2474 3529 2488 3559 ι
2526 3507 2647 3576 εἶχέ
2674 3527 2759 3573 τις
2801 3504 3247 3573 πεφυτευμένην
3277 3504 3344 3554 ὲν
3374 3501 3452 3565 τῷ
3484 3500 3783 3569 ἀμπελῶνι
3808 3500 4017 3553 αὐτοῦ’

2475 3618 2490 3647 ι
2536 3598 2627 3648 καί
2666 3595 2807 3665 ἦλθε
2823 3594 3005 3659 ζητῶν
3033 3591 3261 3660 καρπὸν
3287 3592 3353 3642 ὲν
3370 3589 3542 3655 αὐτῇ,
3568 3590 3661 3641 καὶ
3687 3591 3799 3655 οὐχ
3816 3585 4016 3654 εὗρεν.

2474 3707 2489 3736 ι
2528 3688 2670 3739 Eine
2680 3684 2745 3736 δὲ
2762 3684 2906 3749 πρὸς
2924 3684 3026 3735 τὸν
3040 3680 3464 3748 ἀμπελουργόν
3493 3678 3632 3731 Ἰδοὺ
3650 3678 3780 3743 τρια
3797 3678 3903 3741 ἔτη
3922 3677 4019 3742 ἀφ’

2472 3797 2488 3826 ι
2523 3773 2590 3830 οὗ
2620 3776 2856 3842 ἔρχομαι
2878 3771 3056 3838 ζητῶν
3075 3769 3300 3837 καρπὸν
3319 3770 3386 3821 ἐν
3415 3767 3484 3835 τῆ
3506 3766 3663 3833 συκῇ
3688 3769 3896 3833 ταύτῃ,
3920 3767 4015 3819 καὶ

2472 3886 2487 3916 ι
2530 3869 2638 3933 οὐχ
2670 3865 2954 3930 εὑρίσκω·
3012 3862 3272 3926 ἔκκοψον
3308 3857 3527 3921 animi)“
3578 3858 3730 3908 lrarl
3768 3857 3868 3909 ml
3908 3856 4021 3921 thr

2472 3977 2487 4007 ι
2523 3957 2634 4023 γῆν
2676 3953 2979 4020 natam-si;
3014 3953 3065 4002 Ὀ
3112 3949 3178 4001 δὲ
3225 3948 3561 4013 ἀποκριθεὶς
3618 3946 3780 4014 λέγει
3819 3945 4015 4009 αὐτῷ·

2471 4066 2487 4097 ι
2528 4048 2718 4112 Κύριε,
2741 4045 2885 4111 ἀφες
2909 4042 3098 4107 αὐτὴν
3136 4038 3232 4091 καὶ
3266 4036 3437 4088 τοῦτο
3464 4035 3527 4087 τὸ
3554 4035 3706 4099 ἔτος,
3727 4035 3839 4098 ἕως
3878 4035 4020 4088 ὅτου

2471 4155 2487 4186 ι
2531 4135 2740 4200 σκάψω
2789 4132 2859 4183 τὰ
2897 4131 3024 4197 περὶ
3055 4127 3262 4192 αὐτὴν,
3295 4124 3389 4176 καὶ
3428 4123 3595 4185 ,ϐάλω
3621 4125 3865 4189 κόπρια’
3904 4123 4025 4174 κᾶν

2471 4243 2486 4274 ι
2522 4224 2634 4291 μὲν
2662 4220 2883 4285 ποιήσῃ
2914 4220 3141 4284 καρπόν
3162 4232 3173 4243 ·
3198 4216 3247 4266 ει
3280 4209 3344 4263 δὲ
3369 4211 3450 4280 μή
3474 4228 3561 4279 γε,
3588 4212 3674 4273 εις
3704 4210 3766 4261 τὸ

2470 4335 2487 4366 ι
2526 4316 2795 4379 ἐκκόψεις
2822 4309 3008 4373 αὐτὴν
3031 4325 3042 4336 ·
3078 4308 3141 4375 ῆν
3171 4306 3275 4375 πρὸ
3309 4302 3596 4371 ὀφθαλμῶν
3636 4300 3913 4361 λαϐόντες.
3940 4301 4017 4351 ἐν·

2473 4423 2488 4453 ι
2524 4378 2815 4471 δειξάμεῦοί
2848 4416 2904 4450 τε
2958 4397 3161 4465 καρπὸν
3194 4395 3338 4456 ἀξιον
3377 4393 3469 4460 τῆς
3514 4389 3820 4459 μετανοίας,
3858 4390 3920 4440 ἐν
3946 4389 4023 4459 τῷ

2475 4514 2491 4544 ι
2530 4494 2843 4561 διαστήματι
2896 4489 2988 4539 τοῦ
3029 4486 3278 4538 τοσούτου
3319 4484 3504 4553 χρόνου
3546 4481 3761 4549 μᾶλλον.
3798 4481 4020 4551 ὠφελη-

2474 4602 2490 4632 ι
2529 4582 2792 4650 θήσονται.
2827 4599 2844 4630 ι

2534 4672 2721 4723 ΒΑΛΣ.
2746 4671 2879 4730 Τοὺς
2909 4668 3085 4737 μέντοι
3110 4665 3195 4717 διὰ
3220 4663 3376 4732 φόϐον
3400 4662 3555 4731 μόνον
3578 4661 3667 4712 καὶ
3690 4658 3892 4710 δειλίαν
3922 4659 4019 4712 αὺ-

2465 4762 2877 4831 τομολήσαντας,
2934 4754 3049 4808 εἶτα
3095 4757 3171 4816 είς
3226 4753 3504 4823 μετάνοιαν
3560 4749 3867 4809 ἀπιδόντας,
3930 4749 4018 4800 διὰ.

2466 4854 2698 4925 τριετίας
2737 4850 2960 4916 ἐπιτιμᾷ
2990 4849 3018 4899 6
3054 4845 3251 4907 κανὼν,
3284 4851 3419 4895 κατα
3446 4843 3541 4910 τὴν
3572 4842 3626 4892 ἐν
3662 4837 4015 4904 Εὐαγγελίυις

2468 4942 2768 5012 παραὸολὴν
2789 4940 2883 5007 τῆς
2903 4937 3086 5005 συκῆς.
3107 4936 3161 4985 '0
3190 4933 3294 5003 γὰρ
3317 4932 3536 4999 Κύριος,
3574 4929 3707 4995 Τρία
3721 4928 3849 4992 ἔτη,
3878 4927 4013 4996 ἔφη-

2460 5048 2570 5092 σεν,
2620 5031 2855 5095 ἔρχομαι
2888 5025 3033 5091 πρὸς
3059 5022 3250 5089 αὐτὴν
3280 5019 3461 5086 ζητῶν
3491 5018 3740 5084 καρπὸν,
3767 5017 3863 5067 καὶ
3901 5019 4012 5079 οὐχ

2456 5121 2735 5186 εὑρίσκω·
2781 5118 2809 5168 6
2843 5116 2896 5167 δέ
2924 5113 3313 5184 ἀμπελουργὸς,
3365 5112 3555 5177 Ἄφες,
3588 5102 3759 5166 εἶπεν,
3793 5106 4011 5173 αὐτὴν,

2458 5211 2660 5274 Impia.
2678 5208 2771 5260 καὶ
2810 5207 2979 5258 τοῦτο
3005 5206 3068 5257 τὸ
3098 5205 3248 5274 ἔτος.

2526 5273 2757 5349 ΖΩΝΑΡ.
2816 5298 2985 5357 Ὀσοι,
3027 5294 3102 5357 δὲ,
3161 5273 3309 5359 φησὶ,
3350 5290 3421 5357 μή
3459 5304 3511 5336 τι
3550 5285 3881 5345 ὑποστάντες
3922 5284 4011 5334 άλ-

2457 5387 2648 5454 γεινὸν,
2709 5385 2793 5436 διὰ
2844 5382 3002 5449 φόϐον
3047 5380 3199 5449 μόνον
3247 5379 3343 5429 καὶ⁴
3378 5373 3576 5427 δειλίαν
3608 5372 4006 5441 ηὐτομόλησαν.

2456 5475 2571 5525 ἀντὶ
2618 5473 2726 5533 τοῦ,
2759 5470 2908 5523 αὐτοὶ
2960 5468 3169 5527 ἐκόντες
3211 5462 3505 5533 προσῆλθον
3552 5463 3614 5527 τῇ
3657 5459 3848 5528 κακίᾳ,
3893 5453 4010 5510 εἶτα

2456 5566 2529 5621 εἰς
2582 5563 2857 5629 μετάνοιαν
2916 5558 3148 5617 ἁπεῖδον,
3199 5556 3305 5615 τοῖς
3346 5550 3596 5612 τοιούτοις
3630 5553 3660 5617 ἠ
3703 5550 3801 5617 τῆς
3844 5548 4009 5615 συκῆς
