4224 6440
268 458 367 520 ιιι

1402 443 1481 502 1N
1530 442 1774 502 EPIST.
1810 442 1873 503 S.
1908 439 2134 498 PETRI
2166 436 2389 496 ALEX.

3375 427 3478 491 182

273 575 503 644 ἁρμόσει
556 569 831 640 παραϐολὴ
888 566 1022 618 κατὰ
1061 564 1118 613 τὸ
1150 561 1500 628 Εὐαγγέλιονθ
1535 562 1599 628 ἢν
1640 559 1825 610 λαϐόν-
1854 569 1896 623 Α
1929 554 1941 605 i

1795 578 1825 596 ι-
1854 569 1896 623 Α
1929 554 1981 605 in
2010 567 2104 607 eos
2135 550 2385 619 parabola
2426 547 2729 614 evangelica
2774 544 2904 597 licus
2946 541 3228 612 quadrabit
3258 556 3272 594 :
3307 556 3463 608 quam

276 681 368 725 τες
431 662 531 731 πρὸ
568 656 874 725 ὀφθαλμῶν,
909 655 1069 705 κόπον
1102 652 1244 713 ἄξιον
1286 650 1566 718 μετανοίας
1599 649 1687 699 ἐπὶ
1737 664 1825 697 το-

278 750 467 817 σοῦτον
496 752 681 819 χρόνον
739 747 913 807 δόντες
942 742 1396 810 ὠφεληθήσονται,
1426 740 1589 809 ἡγουν
1625 738 1713 789 ἐπὶ
1738 754 1826 787 τε-

277 841 549 911 τραετίαν.
597 836 655 891 Ὀ
680 834 1038 906 γὰρ’Κύριος,
1096 832 1225 897 Τρία
1259 833 1380 894 ἐτη.
1423 830 1636 898 ἔφησεν,
1672 829 1830 893 ἐρχο-

275 948 383 998 pm.
416 930 562 995 πρὸς
586 923 981 991 αὑτὴν,ζητῶν
1000 920 1225 987 καρπὸν
1244 961 1257 983 ,
1286 918 1382 969 καὶ
1410 920 1519 983 οὐχ
1555 917 1825 982 ερρίσκωο

276 1024 307 1073 ϐ
332 1022 388 1073 δὲ
422 1016 814 1087 ἀμπελουργὸς,
854 1016 1023 1080 Ἄφες
1063 1010 1273 1075 αὐτὴν,
1308 1004 1476 1067 εἶπεν,
1511 1007 1698 1070 Κύριε,
1732 1002 1827 1055 καί

280 1109 454 1159 τοῦτο
488 1106 549 1156 τὸ
588 1105 740 1166 ἔτος.

875 1185 1108 1240 ΚΛΝοΝ
1140 1187 1209 1235 Δ’.

356 1300 374 1329 ι
416 1281 537 1341 Τοῖς
556 1278 661 1347 γὰρ
682 1276 1015 1327 παντάπασιν
1036 1270 1465 1337 ἀπεγνωσμένοις
1484 1266 1575 1317 καὶ
1592 1265 1611 1296 ⁸
1630 1266 1829 1327 ἀμετα-

284 1390 303 1421 s
348 1371 575 1438 νοήτοις,
598 1368 768 1435 δέρμα
801 1382 856 1416 τε
892 1361 1134 1421 Αἰθίοπος
1161 1358 1525 1427 ἀμετάϐλητον
1560 1353 1827 1421 κεκτημέ-

285 1478 303 1509 ‹
345 1476 475 1521 νοις,
498 1459 587 1509 καὶ
613 1455 935 1522 ποικίλματα
963 1450 1289 1518 παρδάλεως,
1320 1446 1629 1513 λεχθήσεται
1657 1444 1714 1493 τὸ
1732 1444 1827 1509 τῆς

286 1566 305 1595 ‹
340 1547 529 1615 ἑτέρας
594 1544 788 1610 συκῆςι
841 1538 1057 1603 Μηκέτι
1100 1537 1165 1587 ἐκ
1201 1532 1314 1587 σοῦ
1350 1532 1571 1598 καρπὸς
1595 1531 1828 1597 γένηται

286 1656 305 1685 ι
344 1639 433 1698 εἰς
482 1633 583 1684 τὸν
635 1630 845 1683 αἰῶνα·
883 1628 960 1679 διὸ
1002 1626 1094 1677 καὶ
1120 1622 1452 1691 παραχρῆμα
1498 1620 1823 1689 ξηραίνεται.

284 1741 304 1773 ι
359 1721 787 1790 Ἀποπληροῦται
844 1720 968 1785 γοῦν
1008 1716 1294 1773 ὲπάὑτοῖς
1341 1713 1431 1763 καὶ
1477 1711 1532 1760 τὶ
1586 1710 1686 1761 ὑπὸ
1738 1705 1826 1760 τοῦ

286 1828 307 1860 ι
354 1806 771 1875 Ἐκκλησιαστοῦ
804 1805 1112 1875 εἰρημένον·
1145 1798 1610 1866 Διεστριιμμένον
1639 1800 1706 1848 οὐ
1736 1797 1830 1849 δύ-

1928 655 2036 708 pra:
2067 640 2239 691 oculis
2273 638 2551 697 habentes,
2585 633 2803 700 dignum
2858 632 3184 700 paenitentiae
3234 629 3467 682 laborem

1925 721 2115 789 aequali
2150 729 2385 787 tempore
2423 718 2758 777 exhibentes,
2784 716 3134 783 juvabuntur,
3168 714 3269 766 hoc
3297 720 3378 766 est
3401 717 3467 765 ad

1927 822 2172 880 quartum
2191 824 2376 878 usque
2404 823 2625 860 annum.
2655 806 2912 858 Dominus
2940 820 3190 872 namque,
3220 804 3344 857 Tres
3374 820 3470 855 an-

1927 918 2042 961 nos,
2086 900 2279 966 inquit,
2325 900 2467 950 venio
2498 898 2564 947 ad
2597 898 2783 962 ipsam,
2827 910 3058 961 quaerens
3090 895 3347 960 fructum,
3378 910 3471 946 nec

1926 990 2144 1042 invenio.
2176 987 2421 1055 Agricola
2451 1001 2597 1047 vero,
2632 985 2868 1046 Dimitte,
2901 985 2993 1042 ait.
3041 985 3210 1044 illam,
3239 982 3468 1045 domine,

1926 1089 1973 1130 et
2002 1082 2095 1129 hoc
2126 1092 2280 1128 anno.

2519 1161 2741 1215 CANON
2781 1161 2871 1213 IV.

2003 1293 2019 1325 ι
2071 1276 2139 1327 lis
2171 1274 2315 1326 enim
2342 1273 2432 1341 qui
2475 1282 2599 1325 sunt
2644 1273 2863 1324 omnino
2891 1272 3180 1337 desperati,
3212 1279 3263 1324 ct
3294 1270 3470 1339 paeni-

1933 1383 1948 1413 ι
1999 1364 2216 1415 tentiam
2252 1378 2357 1414 non
2386 1370 2566 1429 agunt,
2598 1369 2645 1413 et
2681 1362 2869 1427 pellem
2917 1359 3183 1427 Aitliiopis
3222 1361 3471 1411 immuta-

1934 1472 1951 1501 ι
1998 1453 2154 1505 bilem
2195 1454 2468 1520 possident
2494 1460 2545 1504 et
2573 1452 2719 1519 pardi
2748 1451 3056 1513 varietates,
3081 1451 3310 1511 dicetur,
3329 1449 3471 1517 quod

1934 1560 1949 1591 ι
1998 1542 2084 1593 alii
2120 1544 2240 1593 [icui
2274 1542 2473 1594 dictum
2507 1550 2587 1595 cst
2623 1560 2633 1594 :
2685 1539 3024 1609 Nequaquam
3074 1556 3136 1593 ex
3185 1552 3229 1592 te
3272 1542 3472 1607 fructus

1935 1649 1950 1679 ι
1999 1632 2091 1697 ﬁat
2128 1633 2178 1681 in
2210 1640 2457 1682 (etei-num
2486 1641 2534 1687 ι.
2567 1637 2619 1681 et
2648 1629 2765 1681 ideo
2812 1629 2992 1681 statim
3027 1643 3238 1695 quoque
3288 1642 3475 1680 exare-

1935 1737 1951 1767 ι
2003 1720 2122 1771 scit.
2174 1717 2227 1769 In
2280 1719 2344 1771 iis
2399 1719 2541 1770 enim
2599 1720 2847 1787 impletur
2874 1719 3014 1785 quod
3049 1719 3114 1771 ab
3150 1717 3475 1771 Ecclesiaste

1937 1825 1954 1856 ι
2000 1808 2199 1859 dictum
2236 1816 2316 1859 est
2353 1826 2363 1859 :
2397 1806 2543 1871 Quod
2573 1823 2857 1873 perversum
2886 1818 2983 1867 est,
3033 1824 3131 1857 non
3162 1808 3347 1871 poterit
3384 1821 3469 1858 21:-

285 1917 303 1948 ι
344 1912 513 1947 ναται
541 1871 1071 1962 ἰἺὲπικοσμηθίῆναι,
1097 1893 1191 1946 καὶ
1232 1890 1533 1955 ὑστέρημα
1566 1891 1634 1940 οὐ
1659 1887 1831 1951 ὁυνή-
1860 1871 1900 1923 Β
1939 1914 1953 1942 ι

1804 1888 1831 1933 i-
1860 1871 1900 1923 Β
1939 1914 1955 1942 ι
2004 1898 2203 1972 ornari,
2252 1906 2297 1947 et
2352 1896 2577 1962 defectus
2606 1897 2869 1947 numerari
2922 1912 3022 1947 non
3058 1896 3242 1961 poterit
3278 1897 3325 1945 δ.
3359 1893 3472 1947 Nisi

284 2002 306 2035 r
354 2000 521 2036 σεται
560 1982 963 2049 ἀριθμηθῆναι.
1001 1981 1061 2031 El
1110 1979 1181 2047 μὴ
1225 1978 1329 2047 γὰρ
1368 1978 1628 2047 πρότερον
1668 1974 1725 2025 τὸ
1757 1974 1831 2025 δι·-

284 2090 304 2122 ‹
345 2070 713 2139 εστραμμένον
741 2068 1020 2139 διοροωθῇ,
1050 2067 1296 2119 ἀδύνατόν
1331 2067 1446 2116 ἐστι
1488 2065 1617 2116 αὐτὸ
1648 2067 1830 2115 ἐπικο-

285 2176 303 2207 ι
344 2159 648 2226 σμηοῆναι·
694 2160 783 2209 καὶ
812 2160 857 2209 εί
896 2158 967 2225 μὴ
1017 2157 1275 2224 πρότερον
1307 2155 1365 2205 τὸ
1398 2155 1673 2223 ὑστέρημα
1705 2156 1832 2206 ἀνα-

287 2264 306 2294 ‹
347 2247 626 2315 πληρωθῇ,
651 2247 905 2299 ἀδύνατόν
932 2249 1074 2297 ἐστιν
1106 2245 1231 2296 αὐτὸ
1266 2243 1646 2313 ἀριθμηθῆναι.
1674 2243 1829 2295 Ὅθεν

287 2354 305 2382 ι
343 2336 438 2387 καὶ
467 2338 554 2387 ἐπὶ
598 2336 779 2397 τέλους
826 2334 1156 2402 συμϐήσεται
1205 2334 1383 2393 αὐτοῖς
1411 2332 1471 2383 τὸ
1501 2332 1781 2399 λεγόμενον
1810 2333 1828 2361 ⁷

288 2442 307 2475 ι
347 2425 453 2475 ὑπὸ
482 2421 571 2477 τοῦ
625 2426 893 2493 προφήτου
952 2424 1195 2475 Ἡσαΐου·
1245 2422 1352 2474 Καί
1390 2421 1632 2487 ὄψονται
1655 2418 1762 2482 γὰρ
1786 2424 1826 2482 ³,

287 2532 307 2563 ‹
349 2516 501 2579 φησι,
527 2516 592 2565 τὰ
626 2513 784 2565 κῶλα
827 2512 939 2565 τῶν
970 2513 1289 2579 ἀνθρώπαν
1310 2509 1424 2564 τῶν
1443 2510 1831 2577 παραϐεϐηκό-

288 2622 305 2651 ι
344 2621 461 2654 των
480 2604 547 2654 ἐν
570 2605 697 2671 ἐμοί
721 2621 732 2633 ’
774 2607 804 2656 ό
835 2602 940 2671 γὰρ
963 2604 1205 2666 σκώληξ
1227 2599 1420 2654 αὐτῶν
1445 2605 1514 2655 οὺ
1560 2603 1830 2667 τελευτή-

289 2711 307 2741 ι
350 2709 466 2753 σει,
508 2693 601 2744 καὶ
643 2693 705 2744 τὸ
752 2693 868 2758 πῦρ
918 2691 1112 2744 αὐτῶν
1156 2692 1225 2743 οὺ
1269 2692 1681 2754 σϐεσθήσεται,
1736 2693 1831 2745 καὶ

286 2797 309 2829 ς
351 2780 591 2832 ἔσονται
629 2782 713 2843 είς
752 2760 959 2845 ὄρῖασιν
1000 2778 1160 2843 πάσῃ
1208 2778 1419 2843 σαρκί·
1473 2779 1589 2829 ἐπεὶ
1630 2781 1718 2830 καὶ
1759 2779 1832 2840 ὡς

288 2887 309 2919 ι
341 2868 689 2936 προλέλεκται
722 2870 808 2921 ὑπ’
835 2869 1015 2923 αὐτοῦ·
1038 2872 1099 2921 Ol
1124 2867 1189 2920 δὲ
1220 2868 1425 2928 ἄδικοι,
1455 2869 1531 2931 ὡς
1560 2868 1835 2919 θάλασσα

1941 2002 1956 2033 ι
1998 1984 2143 2036 enim
2175 1984 2312 2050 quod
2345 1999 2654 2051 perversum
2708 1992 2789 2036 est
2841 1984 2987 2051 prius
3039 1992 3241 2035 rectum
3295 1982 3473 2043 fuerit,

1942 2090 1958 2121 ‹
2007 2071 2117 2123 ﬁeri
2150 2086 2253 2123 non
2281 2078 2455 2139 potest
2489 2079 2544 2122 ut
2579 2071 2628 2123 id
2650 2080 2972 2135 exornetur;
3008 2079 3059 2124 et
3085 2072 3184 2123 nisi
3214 2070 3359 2138 prior
3383 2070 3477 2123 dc-

1942 2177 1959 2209 ι
2007 2159 2179 2212 fectus
2209 2161 2452 2227 expletus
2488 2160 2661 2221 fuerit,
2718 2161 2829 2211 ﬁeri
2872 2176 2974 2212 non
3015 2170 3187 2228 potest
3213 2169 3269 2211 ut
3300 2162 3345 2213 is
3377 2176 3476 2213 nu-

1940 2264 1957 2296 ι
2004 2257 2256 2301 meretur.
2286 2246 2437 2300 Unde
2467 2258 2518 2299 et
2560 2248 2611 2300 in
2652 2248 2751 2301 ﬁne
2780 2249 2858 2302 eis
2883 2250 3088 2302 eveniet
3117 2251 3258 2317 quod
3289 2264 3317 2301 a
3348 2264 3473 2318 pro-

1940 2355 1956 2385 ι
2000 2336 2153 2403 pheta
2188 2339 2318 2390 Isaia
2350 2338 2545 2390 dicitur
2581 2360 2589 2389 :
2628 2337 2690 2388 Et
2733 2338 3061 2402 videbuntur,
3094 2340 3285 2405 inquit,
3320 2355 3477 2389 mem-

1941 2443 1958 2471 ‹
2004 2423 2095 2473 bra
2138 2439 2314 2475 eorum
2359 2425 2446 2491 qui
2487 2429 2802 2491 transgressi
2851 2432 2969 2476 sunt
3020 2424 3071 2474 in
3124 2439 3221 2476 me.
3280 2422 3475 2475 Vermis

1942 2528 1960 2560 ι
2009 2512 2141 2561 enim
2188 2512 2419 2577 ipsorum
2469 2530 2567 2564 non
2617 2514 2885 2573 morietur,
2920 2521 2967 2562 et
2998 2512 3129 2580 ignis
3163 2528 3337 2563 eorum
3376 2529 3476 2563 non

1944 2621 1961 2651 ι
2006 2604 2356 2670 exstinguetur
2383 2619 2399 2654 :
2427 2612 2472 2653 et
2498 2612 2645 2653 erunt
2665 2603 2714 2653 in
2740 2611 2997 2669 aspectum
3030 2602 3196 2654 omnis
3228 2603 3400 2654 carnis
3427 2611 3474 2654 τ.

1942 2709 1958 2739 ι
2006 2689 2466 2757 Quandoquidem,
2524 2697 2581 2741 ut
2631 2697 2682 2741 et
2718 2689 2785 2740 ab
2829 2690 2943 2756 ipso
2980 2688 3287 2755 praedictum
3337 2694 3418 2739 cst
3462 2704 3474 2738 :

1944 2799 1960 2829 ι
2012 2779 2206 2846 lnjusti
2234 2790 2401 2832 autem
2426 2781 2500 2831 sic
2530 2778 2879 2845 ﬂuctuabant,
2940 2789 2984 2829 et
3036 2779 3345 2844 requiescere
3379 2791 3479 2827 lor.

1946 2887 1961 2918 ι
2010 2878 2267 2937 poterunt.
2300 2868 2418 2921 Non
2448 2878 2521 2922 est
2555 2868 2775 2937 gaudere
2806 2870 2999 2934 impiis,
3032 2869 3158 2918 dicit
3195 2866 3328 2919 Deus
3356 2866 3404 2919 ἀ.
3455 2882 3474 2915 s

289 2979 314 3013 ι
351 2961 829 3028 ἀναόεὸρασμένη
867 2961 932 3023 ",
962 2961 1111 3012 οὕτω
1137 2959 1737 3023 κλυδωνισθ-ήσονται,
1766 2962 1861 3013 καί
1897 2962 2349 3016 ἀναπαύσασθαι
2372 2965 2441 3015 οὐ
2472 2962 2555 3030 μὴ
2588 2960 2947 3026 δυνήσονται
2974 2963 2992 2992 ⁹
3018 2961 3078 3029 (Ῑ.
3109 2959 3476 3029 δυνήσωνται).

294 3072 312 3105 ι
340 3056 461 3105 Οὐκ
488 3054 615 3106 ἔστι
647 3054 869 3129 χαίρειν
891 3054 1010 3117 τοῖς
1034 3054 1332 3115 ἀσεϐέσιν,
1364 3048 1531 3104 εἶπεν
1556 3057 1587 3105 ό
1615 3057 1771 3119 Θεός.
1810 3076 1826 3107 ι

356 3144 550 3195 ΒΑΛΣ.
589 3146 652 3194 Ἀ
680 3146 773 3213 μιν
804 3145 1120 3215 προείρηται
1152 3146 1277 3214 περὶ
1322 3146 1427 3197 τῶν
1456 3149 1833 3209 πεπτωκότων,
1864 3156 1903 3210 C
2011 3153 2024 3204 Ι

1820 3189 1833 3209 .
1864 3156 1903 3210 C
2011 3153 2162 3206 ΒΑιε.
2205 3153 2333 3217 Qua:
2365 3156 2513 3222 prius
2547 3153 2760 3221 quidem
2792 3150 2931 3203 dicta
2968 3157 3091 3203 sunt
3118 3149 3181 3201 de
3208 3148 3392 3216 lapsis,
3414 3148 3479 3201 de

285 3228 503 3299 εἴρηται
534 3229 625 3279 καὶ
660 3231 783 3297 περὶ⁵
814 3230 1285 3299 μεταμελομένων·
1324 3232 1463 3285 κατά
1490 3234 1544 3285 δὲ
1572 3234 1676 3284 τῶν
1710 3236 1837 3303 ἀμε-

284 3318 559 3386 τανοήτων
599 3316 695 3383 τὴν
752 3319 989 3387 κατάραν
1034 3320 1131 3388 τῆς
1175 3323 1364 3390 ἑτέρας
1399 3325 1566 3392 συκῆς
1625 3325 1833 3391 ἐπάγει,

292 3407 428 3478 πρὸς
448 3406 515 3474 ἠν
548 3408 575 3457 ό
626 3406 825 3475 Κύριος
854 3407 955 3475 ἔφη
985 3408 1070 3460 διὰ
1116 3409 1174 3460 τὸ
1209 3410 1451 3479 ἄκαρπον
1476 3408 1495 3441 ·“
1528 3413 1739 3477 Μηκέτι
1769 3416 1835 3466 ἐκ

282 3497 403 3549 σοῦ
434 3486 658 3563 uapide
682 3498 938 3567 γένηται.

357 3666 598 3720 ΖΩΝΑΡ.
623 3669 686 3717 Ἀ
706 3668 801 3735 μὲν
817 3670 1127 3741 προείρηται
1148 3674 1270 3741 περὶ
1292 3672 1395 3724 τῶν
1414 3680 1838 3743 παραπεπτωκό-

283 3771 416 3813 των,
440 3755 649 3824 εἴρηται
674 3758 765 3808 καὶ
787 3758 938 3827 ιἀἀό.
959 3759 1102 3829 περὶ]
1124 3762 1584 3831 μεταμελομένων.
1610 3767 1760 3818 Κατά
1783 3768 1837 3820 δὲ

284 3842 397 3893 τῶν
419 3845 796 3913 ἀμετανοήτων
826 3846 881 3909 ἐξ
903 3847 1253 3914 ἀπογνώσεως
1276 3849 1307 3917 ἢ
1340 3854 1577 3920 πονηρᾶς
1599 3854 1836 3925 γνώμης,

284 3933 459 3985 καὶτὸ
489 3932 548 3996 ἐξ
578 3934 845 4003 ἁμαρτίας
872 3936 1159 4005 μελάνωμα
1179 3937 1547 4008 ἀμετάϐλητον
1574 3944 1664 3993 καὶ
1692 3944 1841 3997 ἀνέκ-

288 4023 487 4075 πλυτον
516 4024 763 4091 ἑχόντων,
803 4025 876 4086 ὼς
918 4026 965 4076 oi
998 4027 1245 4089 Αἰθίοπες
1277 4028 1337 4080 τὸ
1367 4030 1588 4098 ζοφερὸν
1629 4033 1718 4084 τοῦ
1756 4034 1839 4085 δέ-

278 4125 516 4177 ρματος,
545 4111 637 4161 καὶ
667 4113 698 4180 ὴ
733 4112 989 4180 πάρδαλις
1017 4115 1083 4165 τὰ
1109 4115 1452 4183 ποικίλματα,
1482 4120 1577 4187 τὴν
1598 4122 1837 4191 κατάραν

283 4199 390 4267 τῆς
446 4198 633 4267 ἑτέρας
682 4201 847 4268 συκῆς
897 4202 1117 4269 ἐπάγειν
1154 4203 1287 4274 πρὸς
1337 4206 1401 4273 ἦν
1441 4208 1469 4258 6
1512 4209 1710 4279 Κύριος
1739 4212 1838 4281 ἔφη

286 4289 380 4342 δά
411 4292 471 4341 τὸ
496 4292 740 4360 ἄκαρπον
759 4309 771 4321 ο
804 4292 1024 4357 Μηκέτι
1056 4295 1122 4346 ἐκ
1155 4295 1269 4347 σοῦ
1301 4298 1526 4363 καρπὸς
1563 4300 1798 4367 γένηται
1825 4320 1836 4330 ·

287 4375 384 4429 καὶ
414 4376 743 4446 πληροῦσθαί
781 4393 943 4446 φησιν
974 4379 1058 4429 ἐπ’
1087 4380 1265 4441 αὐτοῖς
1288 4381 1355 4432 τὰ
1398 4381 1491 4433 τοῦ
1525 4384 1838 4454 Ἐκκλησια-

1936 3242 2381 3311 resipisccntibus
2408 3242 2567 3294 etiam
2601 3241 2742 3293 dicta
2783 3249 2925 3292 sunt.
2958 3240 3227 3291 Adversus
3252 3253 3344 3291 eos
3378 3249 3478 3289 au-

1935 3339 2039 3382 tem
2073 3331 2161 3397 qui
2196 3332 2339 3383 nulla
2378 3330 2689 3397 paenitentia
2744 3329 3035 3387 ducuntur,
3090 3328 3311 3380 alterius
3347 3326 3477 3380 ﬁcus

1935 3420 2359 3472 exsecrationem
2415 3419 2640 3477 inducit,
2705 3417 2767 3468 ad
2816 3432 2976 3483 quam
3042 3415 3299 3467 Dominus
3352 3415 3481 3467 dicit

1938 3518 2152 3575 propter
2186 3505 2568 3559 infertilitatem
2603 3524 2613 3557 :
2681 3503 2907 3555 Fructus
2942 3503 3166 3568 amplius
3205 3518 3267 3553 ea:
3297 3510 3341 3554 te
3381 3518 3479 3554 ιινιι

1938 3597 2049 3656 ﬁat.

2007 3684 2206 3736 Zona.
2241 3684 2370 3748 Qua-
2417 3685 2563 3752 prius
2594 3683 2805 3751 quidem
2854 3682 2919 3734 de
2970 3681 3133 3750 lapsis
3160 3679 3299 3732 dicta
3334 3687 3480 3739 sunt,

1938 3774 2081 3826 dicta
2115 3780 2241 3826 sunt
2278 3773 2439 3824 etiam
2493 3772 2557 3825 de
2600 3770 3062 3837 resipiscentibus.
3111 3767 3309 3820 Contra
3362 3766 3482 3818 illos

1938 3880 2063 3918 vero
2112 3864 2199 3932 qui
2245 3878 2304 3917 ex
2356 3861 2729 3930 desperatione
2778 3860 2858 3912 vel
2886 3860 3187 3925 depravata
3232 3857 3484 3924 opinione

1940 3951 2309 4021 pmnitentiam
2354 3964 2459 4002 non
2494 3956 2679 4017 agunt,
2714 3960 2773 3998 ac
2823 3952 3082 4013 perpetuo
3134 3943 3482 3996 inhaerentem

1941 4055 2001 4093 ac
2032 4040 2365 4093 indelebilem
2397 4039 2599 4106 peccati
2630 4036 2899 4101 nigrorcin
2930 4042 3162 4101 gestant,
3182 4040 3239 4085 ut
3274 4032 3485 4085 Ethio-

1941 4144 2033 4198 pcs
2060 4128 2262 4182 fuscam
2294 4128 2508 4196 pellem.
2549 4125 2855 4193 pardnsque
2886 4124 3205 4185 varietates;
3259 4122 3484 4177 alterius

1941 4218 2075 4272 licus
2105 4218 2528 4271 exsecrationem
2559 4215 2785 4269 inducit.
2837 4212 2915 4264 Ad
2939 4226 3097 4279 quam
3130 4210 3388 4263 Dominus
3415 4210 3486 4264 ob

1941 4308 2298 4367 sterilitatem,
2343 4298 2421 4357 Ne
2452 4305 2673 4372 fructus,
2706 4304 2900 4370 inquit,
2950 4302 3174 4369 amplius
3218 4316 3279 4352 ea:
3311 4308 3357 4351 te
3392 4316 3487 4351 ua-

1942 4406 2138 4449 scatur.
2174 4395 2611 4463 lmplendumque
2646 4395 2719 4446 ait
2763 4394 2815 4444 in
2862 4394 2994 4461 ipsis
3034 4391 3162 4442 illud
3214 4390 3485 4442 Ecclesia-

288 4482 418 4516 στου
452 4466 511 4527 ",
541 4465 783 4531 λέγοντος
804 4482 816 4495 ·
866 4467 1332 4534 Διεστραμμένον
1396 4472 1466 4523 οὐ
1519 4471 1835 4537 δυνήσεται
1871 4474 1913 4526 D
1943 4500 1956 4537 ε

1820 4494 1835 4527 ι
1871 4474 1913 4526 D
1943 4493 2069 4547 stes,
2122 4484 2348 4537 dicentis
2383 4503 2393 4535 :
2433 4484 2581 4547 Quod
2606 4497 2893 4548 perversum
2914 4493 3102 4532 estnon
3132 4480 3314 4546 poterit
3333 4493 3484 4530 exor-

287 4550 782 4619 ἐπικοσμηθῆναι,
818 4552 911 4603 καί
952 4552 1249 4620 ὑστέρημα
1269 4555 1338 4605 οὐ
1372 4553 1692 4620 δυνήσεται
1713 4560 1835 4625 ἀρι-

288 4638 582 4706 θμηθῆναι
607 4657 620 4669 ·
653 4636 766 4692 εἶτα
812 4641 1107 4709 σαφηνίσας
1135 4642 1201 4693 τὰ
1234 4642 1371 4711 ῥητά
1406 4644 1594 4709 ταῦτα,
1626 4649 1840 4717 προστί-

284 4722 418 4793 θησι
445 4724 535 4775 καὶ
565 4724 629 4775 τὰ
656 4720 747 4778 τοῦ
789 4726 1029 4779 Ἡσαΐου.

889 4816 1123 4867 ΚΔΝΩΝ
1154 4817 1227 4871 E’.

366 4920 384 4952 ι
423 4902 545 4964 τοῖς
577 4904 631 4955 δὲ
664 4903 1204 4973 καθυποκριναμένοις
1237 4908 1374 4959 κατά
1403 4908 1491 4960 τὸν
1523 4910 1839 4978 ὲπιληπτευ-

294 5009 313 5041 ι
353 4990 581 5059 σάμενον
602 4992 782 5055 Δαϐὶδ,
813 4992 896 5044 ἴνα
942 4993 1015 5062 μὴ
1066 4994 1327 5067 ἀποθάνῃ,
1355 4998 1452 5049 οὐκ
1480 4997 1608 5050 ὄντα
1653 4999 1838 5068 ἐπίλη-

295 5098 316 5130 ι
356 5096 513 5131 πτον·
552 5081 642 5132 καὶ
696 5082 767 5149 μὴ
824 5082 1039 5149 γυμνῶς
1084 5083 1554 5154 ἀπογραψαμένοις
1592 5086 1661 5137 τὰ
1703 5086 1839 5155 πρὸς

295 5186 314 5216 ι
354 5166 599 5235 ἄρνησιν,
646 5168 778 5220 ἀλλά
810 5168 1115 5233 διαπαίξασι
1158 5173 1293 5224 κατά
1345 5173 1539 5241 πολλὴν
1585 5190 1839 5242 στενοχω-

294 5274 315 5304 ‹
362 5256 503 5324 ρίαν,
530 5255 604 5316 ὡς
631 5255 695 5307 ἂν
719 5257 902 5309 παιδία
930 5257 1241 5325 βουλευτικά
1273 5260 1513 5331 ἐμφρονα
1538 5266 1592 5314 ὲν
1617 5264 1841 5324 παιδίοις

294 5359 315 5390 s
354 5340 572 5409 ἄφροσι,
602 5341 696 5403 τὰς
742 5344 846 5395 τῶν
893 5343 1097 5412 ἐχθρῶν
1128 5344 1430 5410 ἐπιϐουλὰς,
1478 5349 1592 5417 ἦτοι
1617 5350 1843 5410 ὼςδιελ-

363 5468 387 5496 ι
415 5456 601 5507 Ha’tth.
633 5473 744 5523 xxi,
778 5458 858 5511 19.
930 5460 957 5499 δ
986 5460 1316 5525 Eccle.i,15.

1394 5475 1413 5502 ε
1446 5463 1554 5518 lsa.
1586 5482 1728 5530 vax,
1759 5468 1846 5521 ει.
1922 5468 1946 5506 ά
1986 5467 2093 5522 Isa.
2128 5484 2259 5531 Lvii,
2288 5468 2376 5531 20,
2406 5467 2494 5519 2|.

1943 4574 2086 4634 nari,
2112 4585 2159 4625 et
2185 4572 2412 4639 defectus
2445 4572 2707 4623 numerari
2746 4586 2842 4622 non
2864 4570 3050 4636 poterit
3084 4584 3099 4619 :
3136 4568 3331 4636 quibus
3363 4582 3487 4619 mox

1942 4662 2243 4730 explicatis,
2270 4659 2420 4714 Isaiae
2451 4677 2663 4728 quoque
2697 4661 2854 4713 verba
2882 4658 3169 4727 subjungit.

2439 4801 2771 4869 llCANON
2814 4813 2874 4868 v.

2019 4921 2036 4953 ι
2084 4902 2151 4956 lis
2176 4911 2350 4957 autem
2386 4904 2477 4971 qui
2507 4904 2828 4957 simularunt
2859 4912 2995 4956 ειςυι
3028 4911 3079 4956 et
3112 4902 3279 4956 David
3311 4914 3361 4967 ο,
3392 4904 3485 4973 qui

1953 5011 1970 5041 ι
2016 5007 2073 5045 se
2106 4993 2446 5061 epilepticum
2486 4992 2738 5060 tingebat,
2772 5006 2838 5044 ne
2871 5000 3189 5053 moreretur,
3242 4993 3487 5061 quamvis

1951 5099 1969 5129 ι
2012 5096 2069 5133 re
2097 5097 2218 5134 vera
2241 5082 2558 5148 epilepticus
2581 5095 2687 5133 non
2711 5089 2886 5146 esset;
2916 5088 2970 5134 et
3010 5096 3115 5134 non
3144 5081 3285 5135 nude
3321 5097 3485 5151 nega-

1952 5190 1967 5221 ι
2016 5172 2209 5225 tionem
2239 5172 2648 5239 inscripserunt,
2677 5173 2768 5225 sed
2791 5172 2841 5223 in
2866 5172 3044 5225 multis
3067 5172 3348 5240 angustiis,
3376 5182 3486 5225 tan-

1952 5276 1970 5308 ι
2014 5274 2173 5326 quam
2206 5260 2354 5327 pueri
2390 5260 2618 5313 consilio
2662 5266 2714 5311 et
2761 5257 3042 5325 prudentia
3090 5259 3295 5326 praditi
3347 5259 3487 5313 inter

1953 5367 1969 5398 ι
2017 5364 2213 5417 pueros
2244 5350 2575 5417 insipientes,
2610 5348 2947 5401 inimicorum
2975 5348 3199 5402 insidias
3229 5348 3480 5403 ludiﬁcati

2575 5478 2597 5504 ο
2632 5465 2657 5518 1
2688 5464 2808 5535 Reg.
2857 5480 2965 5526 nu,
3025 5465 3103 5516 l3.

1528 5578 1754 5632 νΑῐίΙίΕ
1814 5580 2203 5635 LECTlONES.

364 5661 655 5734 '__xa£_om..
717 5661 737 5691 ⁸
770 5660 1132 5734 δυνηθήσεται.

295 5729 335 5759 ⁸⁸
379 5728 871 5794 Ἑκκλησιᾶστικοῦ.

1219 5665 1238 5694 ⁷
1271 5665 1605 5734 λελεγμένον.
1670 5671 1689 5702 ⁸
1723 5670 1868 5725 deest
1901 5674 2023 5741 γάρ.
2094 5674 2133 5705 ⁸·
2165 5672 2238 5735 ὡς
2269 5672 2504 5725 θάλασσα
2546 5667 2985 5738 ἀ--ισϐεϐρασμένη
3019 5682 3123 5719 om.
3199 5665 3218 5695 ’
3244 5661 3480 5729 ual_add.
