4224 6440
245 390 345 452 489
1340 399 1420 459 ΙΝ
1459 402 1696 462 EPIST.
1739 407 1778 461 S

1846 404 2069 465 I'ETRI
2122 410 2163 465 A
2176 405 2340 469 LEX.

3338 408 3442 472 490

239 541 258 574 ι
297 522 475 589 λόγου·
504 526 589 575 ἵνα
611 522 960 593 εὐτονώτερον
987 530 1397 597 ἀγωνισάμενοι,
1422 530 1792 592 καταξιωθῶσι
1823 536 1865 587 Α
1900 548 1907 577 ι

1778 547 1792 581 ι
1823 536 1865 587 Λ
1900 547 1918 579 ι
1960 529 2052 598 qui
2081 531 2419 585 constantius
2460 530 2877 591 deccrtavcrint,
2911 533 3009 599 ipsi
3038 546 3251 600 quoquc
3274 548 3443 597 εκρετς

237 630 257 664 ι
295 628 390 665 καί
428 614 578 665 αὐτοὶ
615 615 716 667 τοῦ
741 614 1021 679 ,ϐραδείυυ
1058 616 1164 681 τῆς
1191 618 1311 670 ἄνω
1352 619 1643 684 κλήσεως.
1682 623 1789 673 Καὶ

236 720 256 754 ι
292 703 404 772 γὰρ
437 702 696 762 ἑπτάκις.
731 706 879 773 φησὶ,
913 706 1175 759 πεσεῖται
1205 711 1237 760 ό
1264 708 1487 773 δίκαιος
1514 710 1610 762 καὶ
1647 711 1787 762 dra-

235 810 255 843 ι
294 796 581 855 στήσεται
604 811 616 822 ·
661 795 795 863 ὅπερ
832 796 877 844 εί
913 794 1006 846 καὶ
1048 796 1245 858 πάντες
1286 798 1335 848 οί
1378 800 1788 861 ἐκπεπτωκότες

235 902 254 934 ι
294 886 682 951 πεποιήκεσαν,
713 884 1049 951 τελειότὰτην
1082 885 1227 955 [ΜΗ.
1258 885 1345 956 ἂν]
1370 889 1461 938 καὶ
1485 888 1789 958 ὀλοκάρδιον

234 992 253 1025 ι
297 976 580 1039 μετάνοιαν
613 976 957 1038 ἐνεδείξαντο.
996 994 1012 1024 ι

300 1064 493 1114 ΒᾹΛΣ.
537 1066 688 1126 Τινὲς
744 1064 1216 1133 προσηγγέλθησαν
1275 1067 1366 1117 καὶ
1423 1068 1788 1137 παρεδόθησαν

226 1153 336 1211 τοῖς
367 1153 662 1221 τυράννοις.
696 1154 726 1220 ἢ
762 1153 851 1204 καὶ
878 1154 1136 1215 ἑκουσίως
1166 1155 1345 1215 αὐτοῖς
1384 1157 1606 1218 ἑαυτοὺς
1656 1175 1788 1226 παρ-

230 1240 456 1300 έδωκαν,
486 1242 801 1309 ἡττηθέντες
830 1242 884 1293 δὲ
910 1242 1011 1293 ὑπὸ
1043 1243 1149 1293 τῶν
1178 1243 1466 1309 κολάσεων,
1502 1248 1785 1298 εκπεπτώ-

228 1346 355 1380 κασι
384 1330 483 1397 τῆς
516 1331 840 1399 μαρτυρίας·
887 1326 1002 1383 εἶτα
1050 1326 1507 1401 μεταμέληθέντες
1540 1337 1631 1386 καὶ
1672 1337 1786 1388 ὲπιο

226 1418 447 1485 γνόντες
482 1420 539 1469 τὸ
582 1420 815 1485 ἀγαθὸν,
858 1421 1207 1489 ὡμολόγησαν
1255 1418 1391 1474 εἶναι
1442 1424 1782 1492 Χριστιανοὶ,

226 1506 367 1558 ὥστε
402 1509 493 1558 καὶ
515 1510 591 1567 είς
622 1507 859 1575 φυλακὰς
889 1507 1215 1576 ἐμϐληθῆναι
1245 1511 1335 1559 καὶ
1370 1508 1626 1575 βασάνους
1658 1514 1785 1564 ὑπο-

227 1599 440 1664 στῆναι.
479 1598 613 1658 Τοὺς
649 1598 916 1659 τοιούτους
956 1595 1046 1649 οὖν
1086 1598 1303 1665 εὔλογον
1348 1602 1521 1669 κρίνει
1572 1604 1599 1651 ὁ
1633 1602 1784 1668 ἅγιος

230 1687 369 1753 μετὰ
402 1686 661 1755 θυμηδίας
694 1686 939 1755 δέχεσθαι
973 1689 1063 1739 καὶ
1102 1689 1486 1758 ἐπιῤῥωννύειν
1524 1692 1660 1757 πρὸς
1687 1692 1782 1760 τὴν

224 1780 503 1848 ὀρθόδοξον
536 1782 729 1843 πίστιν,
765 1782 853 1832 καὶ
897 1786 1162 1832 κοινωνεῖν
1205 1783 1384 1842 αὐτοῖς
1427 1783 1482 1832 ἐν
1519 1799 1576 1833 τε
1619 1800 1782 1852 προσ-

1905 636 1923 669 ι
1960 632 2041 670 me
2100 620 2384 671 vocationis
2440 619 2621 670 brabio
2692 633 2717 657 ι
2774 620 3079 686 dignentur.
3140 619 3345 673 Etenim
3371 639 3445 674 sc-

1896 725 1913 757 ι
1950 710 2102 773 pties,
2138 709 2329 776 inquit,
2357 709 2505 760 cadet
2525 709 2703 775 justus
2721 719 2766 760 et
2801 719 3029 775 resurget
3065 709 3119 774 b;
3156 709 3300 777 quod
3328 728 3445 779 qni-

1895 814 1910 844 ι
1954 798 2072 850 dem
2106 798 2151 850 si
2174 812 2360 849 omnes
2393 812 2607 865 quoque
2640 797 2777 864 lapsi
2806 796 3081 857 fecissent,
3115 799 3443 864 pcrfci-tissi-

1894 904 1911 933 ι
1944 900 2083 937 uiam
2111 896 2161 938 et
2191 894 2301 939 toto
2331 886 2493 939 corde
2517 895 2823 953 susceptam
2851 888 3221 955 pmuitcutiain
3252 898 3438 943 osten-

1894 993 1910 1022 ι
1952 974 2181 1028 dissent.
2223 995 2241 1024 ι

1961 1065 2115 1116 lius.
2148 1063 2375 1127 Quidam
2399 1065 2645 1131 tyrannis
2676 1064 2839 1117 delati
2889 1074 2941 1117 et
2973 1066 3171 1133 proditi
3206 1067 3438 1130 fuerant,

1887 1155 1970 1205 vel
2025 1155 2185 1206 ctiam
2233 1154 2333 1221 ipsi
2367 1169 2424 1207 se
2450 1154 2600 1221 ipsos
2661 1156 2768 1207 illis
2820 1164 3012 1223 sponte
3060 1158 3388 1211 tradiderant
3427 1178 3439 1212 :

1888 1242 2010 1293 victi
2036 1250 2209 1292 autem
2239 1242 2523 1293 tormentis
2544 1242 2858 1295 testimonio
2887 1243 3201 1296 exciderunt
3235 1263 3247 1296 :
3292 1245 3444 1298 dcin-

1889 1339 1951 1383 de
1982 1345 2103 1381 cum
2165 1330 2481 1397 pmnitentia
2516 1331 2660 1383 ducti
2706 1340 2905 1391 essent,
2963 1342 3014 1385 et
3068 1331 3209 1401 quod
3243 1333 3439 1387 bonum

1885 1431 1987 1481 est,
2018 1420 2382 1488 agnovissent,
2412 1436 2468 1472 se
2489 1435 2609 1474 esse
2638 1421 2982 1475 Christianos
3006 1423 3243 1477 confessi
3275 1432 3436 1489 sunt;

1886 1508 2019 1560 adeo
2048 1518 2105 1560 ut
2159 1508 2211 1561 in
2242 1509 2544 1561 custodiam
2604 1511 2862 1576 conjecti,
2929 1521 3191 1565 tormenta
3227 1530 3439 1582 quoque

1886 1596 2262 1650 sustinuerint.
2290 1596 2395 1650 Eos
2432 1612 2559 1665 ergo
2595 1613 2809 1665 mquum
2855 1610 3038 1653 censet
3081 1611 3301 1654 sanctus
3344 1604 3434 1655 la:-

1886 1686 2021 1738 tanti
2056 1686 2234 1739 animo
2286 1686 2583 1753 suscipere,
2643 1697 2696 1739 et
2758 1688 2822 1739 ad
2876 1687 3031 1741 fidem
3083 1690 3436 1744 orthodoxam

1885 1774 2225 1835 confirmare,
2260 1782 2313 1827 et
2346 1776 2426 1828 eis
2489 1779 2891 1829 communicare
2922 1786 2975 1829 ct
3020 1779 3072 1829 in
3101 1782 3438 1834 orationibus

225 1871 412 1934 ευχαῖς
446 1869 536 1919 καὶ
576 1872 640 1936 τῇ
675 1869 967 1936 μεταλήψει
1013 1870 1116 1919 τών
1149 1870 1517 1935 ἁγιασμάτων,
1555 1871 1645 1920 καὶ
1694 1870 1777 1921 διὰ
1815 1856 1853 1906 Β
1888 1882 1893 1910 ι

1769 1891 1777 1921 ι
1815 1856 1853 1906 Β
1888 1872 1939 1913 et
1970 1872 2433 1916 sacramentorum
2462 1864 2892 1931 participatione,
2935 1865 3217 1932 verbisque
3248 1865 3437 1918 adhor-

226 1955 385 2022 λόγου
420 1959 777 2024 παρακαλεῖν,
812 1959 893 2009 ἵνα
940 1959 1068 2027 πρὸς
1103 1960 1191 2009 τὸν
1222 1958 1404 2023 ἀγῶνα
1437 1959 1778 2029 εὐτονώτεροι

229 2046 527 2108 γένωνται,
576 2048 664 2097 καὶ
708 2046 1075 2109 καταξιωθῶσι
1119 2049 1215 2114 τῆς
1266 2048 1581 2115 ἐπουρανίου
1626 2048 1778 2115 βασι-

226 2135 396 2194 λείας.
430 2136 542 2187 Ἰνα
570 2136 623 2187 δὲ
648 2136 748 2204 μὴ.
778 2136 907 2186 διότι
936 2135 1270 2197 πεπτώκασι,
1298 2137 1616 2205 νομίζωνταῖ
1643 2155 1780 2189 τισιν

226 2224 461 2283 άεεκτοι,
496 2224 685 2289 ἐπάγει
716 2224 805 2273 καὶ
848 2223 1145 2291 μαρτυρίαν
1173 2225 1277 2274 ἀπὸ
1306 2225 1401 2292 τῆς
1437 2225 1672 2295 Γραφῆς,
1698 2226 1775 2275 τό·

237 2310 532 2375 Ἑπτάκις,
561 2312 677 2362 ἀντὶ
714 2312 828 2370 τοῦ,
864 2310 1136 2373 πολλάκις,
1170 2314 1431 2366 πεσεῖται
1466 2318 1497 2366 ό
1533 2314 1776 2377 δίκαιος,

228 2402 330 2450 καὶ
370 2400 786 2461 ἀναστήσεται.
817 2400 983 2451 Τοῦτο
1014 2400 1099 2460 δὲ,
1147 2402 1304 2469 φησὶν
1325 2442 1337 2462 ,
1369 2405 1415 2453 εί
1465 2404 1556 2454 καὶ
1592 2403 1779 2464 πάντες

226 2490 277 2539 ut
306 2490 405 2555 τῆς
432 2489 712 2556 ὁμολογίας
746 2490 1151 2554 ἐκπεπτωκότες
1178 2494 1455 2560 ἐποίησαν,
1484 2494 1542 2543 τὸ
1572 2494 1779 2544 ἀναπαυ

226 2576 411 2630 λαῖσαι
435 2582 529 2646 τὴν
562 2579 782 2640 πτῶσιν,
816 2581 904 2629 καὶ
934 2579 1156 2631 ἐνώπιον
1199 2581 1305 2631 τῶν
1348 2582 1619 2651 τυράννων
1651 2584 1781 2652 Χρι-

228 2669 477 2729 quave");
505 2669 828 2736 ὁμολογῆσαι
862 2670 1101 2731 ἑαυτοὺς,
1144 2669 1465 2734 ἐνεδείξαντο
1492 2669 1556 2721 ἂν
1579 2671 1778 2722 τελειο-

224 2758 399 2825 τάτην
428 2759 726 2825 μετάνοιαν.
761 2760 995 2827 Διαφορὰ
1024 2758 1151 2825 γοῦν
1176 2761 1287 2810 ἐστι
1319 2760 1423 2810 τῶν
1448 2761 1504 2810 ὲν
1531 2760 1607 2827 τῷ
1640 2778 1778 2830 παρ-

224 2848 339 2899 όντι
393 2849 576 2900 κανόνι
632 2849 1017 2917 διειλημμένων
1071 2851 1161 2900 καὶ
1208 2849 1313 2899 τῶν
1358 2853 1412 2901 ἐν
1455 2850 1529 2917 τῷ
1584 2850 1780 2920 πρώτῳ

225 2940 413 2992 κανόνι
448 2941 842 3009 περιεχομένων
886 2940 1019 3008 αὕτη
1042 2981 1055 3002 ,
1099 2942 1174 2990 ὅτι
1209 2942 1320 2991 ἐκεῖ
1348 2940 1441 3008 μὲν
1478 2942 1523 2990 οἱ
1566 2940 1651 2992 διὰ
1682 2941 1779 3003 τὰς

226 3026 494 3094 βασάνους
540 3027 945 3088 ἐκπεπτωκότες
991 3028 1048 3077 οὑ
1086 3028 1527 3094 μετεστράφησαν
1556 3028 1780 3081 ἐνώπιον

222 3116 335 3169 τῶν
372 3118 644 3187 τυράννων
690 3119 766 3178 είς
802 3117 895 3185 τὴν
929 3116 1210 3185 ὁμολογίαν
1260 3117 1358 3184 τῆς
1390 3118 1652 3178 πίστεως·
1692 3120 1776 3170 ὲν·
1805 3156 1846 3212 C

222 3206 401 3259 ταῦθα
433 3207 489 3258 δε
526 3209 572 3258 oi
620 3206 1023 3267 ἐκπεπτωκότες
1065 3206 1149 3257 διὰ
1180 3206 1458 3273 βασάνους,
1490 3208 1549 3271 ἐξ
1576 3208 1775 3272 ἀγαθοῦ

226 3297 533 3366 μεταμέλου
580 3298 671 3346 ἐπὶ
700 3296 805 3347 τῶν
838 3298 1106 3365 τυράννων
1148 3298 1237 3348 τὸν
1270 3296 1468 3365 Κύριον
1505 3298 1763 3368 ὡμολόγη-

223 3402 343 3447 σαν,
376 3386 470 3436 καὶ
500 3385 584 3436 διὰ
612 3385 764 3437 τοῦτο
797 3385 914 3436 οὐδὲ
952 3384 1250 3467 λογίζονται
1282 3388 1551 3439 ἐκπεσεῖν.

293 3497 535 3548 ΖΩΝΑΡ.
577 3496 641 3548 Εἰ
679 3513 818 3557 τινες
849 3496 922 3559 δὲ,
965 3497 1114 3565 φησὶ,
1162 3496 1639 3565 προσηγγέλθησαν
1688 3495 1777 3547 καὶ

218 3584 593 3655 παρεδόθησαν
618 3588 729 3646 τοῖς
764 3582 1129 3653 τυραννοῦσιν,
1156 3582 1185 3653 ἢ
1215 3586 1364 3636 αὐτοὶ
1394 3583 1614 3646 ἑαυτοὺς
1638 3600 1775 3653 παρ-

219 3671 427 3727 ἔδωκαν
448 3712 462 3734 ,
518 3674 609 3725 καὶ
638 3672 1017 3725 ἐκπεπτώκασι
1046 3675 1141 3743 τῆς
1175 3673 1490 3743 μαρτυρίας,
1524 3673 1777 3743 ἡττηθέν-

214 3779 308 3827 τες
346 3765 454 3817 τῶν
513 3764 816 3826 κολάσεων,
874 3766 965 3816 καὶ
1016 3764 1087 3833 μὴ
1116 3764 1368 3834 φέροντες
1414 3764 1511 3826 τὰς
1555 3765 1611 3815 ὲν
1660 3761 1776 3827 ταῖς

217 3854 487 3923 φυλακαῖς
528 3854 818 3921 κακουχίας
858 3854 950 3906 καὶ
990 3854 1087 3915 τὰς
1119 3854 1399 3921 βασάνους,
1429 3850 1543 3904 εἶτα
1574 3854 1773 3905 ἀνεπά-

198 3945 410 4001 ,λαισαν
435 3945 533 4014 τὴν
569 3944 790 4005 πτῶσιν,
828 3944 920 3995 καὶ
960 3942 1313 4011 ὡμολόγησαν
1358 3938 1493 3994 εἶναι
1524 3943 1775 4011 Χριστια-

214 4036 315 4099 νοὶ,
358 4032 501 4087 ὥστε
533 4035 625 4086 καὶ
652 4036 729 4095 είς
759 4032 999 4100 φυλακὰς
1030 4031 1361 4101 ἐμϐληθῆναι
1390 4033 1481 4085 καὶ
1516 4032 1774 4101 βασάνους

214 4123 541 4187 ὑποστῆναι’
592 4122 716 4186 τοὺς
770 4121 1038 4185 τοιούτους
1086 4121 1303 4189 εὕλογον
1354 4123 1523 4192 κρίνει
1555 4126 1584 4175 ὁ
1624 4124 1773 4190 ἅγιος

216 4211 357 4280 μετὰ
397 4210 660 4281 θυμηδίας
701 4210 980 4279 δέχεσθαι,
1028 4210 1121 4261 καὶ
1154 4206 1458 4277 ἐπισχὺειν,
1510 4211 1627 4263 ἀντὶ
1656 4211 1770 4276 τοῦ,

210 4300 623 4371 ἐπιρῤωννύειν,
658 4298 981 4369 ὲνδυναμοῦν
1029 4300 1121 4351 καλ¹
1165 4300 1600 4372 παραθαρρύνειν
1640 4305 1772 4374 πρὸς

209 4390 309 4461 τὴν
334 4390 620 4461 ὁμολογίαν
640 4407 652 4419 ·
694 4390 786 4442 καὶ
817 4392 1085 4441 κοινωνεῖν
1125 4391 1304 4452 αὐτοῖς
1330 4392 1385 4443 ἐν
1417 4394 1596 4456 πᾶσιν,
1630 4393 1684 4445 ἐν
1712 4411 1770 4446 τε

1888 1954 1988 2004 tari
2023 1962 2079 2006 ut
2111 1954 2218 2007 sint
2262 1955 2327 2007 ad
2361 1964 2634 2007 certamen
2679 1957 3094 2020 constantiores,
3147 1964 3197 2007 et
3229 1956 3433 2008 cwlcsti

1886 2057 2049 2109 regno
2108 2042 2254 2111 digni
2300 2044 2624 2099 habeantur.
2685 2043 2760 2096 Ne
2817 2052 2993 2097 autem
3027 2060 3091 2097 eo
3123 2044 3264 2111 quod
3301 2046 3435 2111 lapsi

1886 2139 2043 2193 sunt,
2092 2133 2312 2186 minime
2344 2134 2679 2203 suscipiendi
2726 2133 3027 2195 videantur,
3072 2135 3433 2186 testimonium

1884 2237 2098 2289 quoque
2130 2238 2194 2275 ex
2230 2221 2507 2292 Scriptura
2538 2225 2766 2286 inducit,
2798 2224 2942 2292 quod
2985 2232 3083 2287 est,
3120 2222 3339 2289 Septies,
3380 2224 3432 2275 id

1882 2317 1963 2361 est
1996 2324 2154 2377 saepe,
2196 2312 2343 2362 cadet
2374 2312 2546 2371 iustus
2586 2321 2634 2364 et
2685 2323 2935 2381 resurget.
2994 2310 3105 2365 lloc
3162 2322 3362 2377 autem,
3387 2312 3433 2365 si

1882 2399 2081 2462 etiam,
2102 2399 2296 2467 inquit.
2329 2417 2516 2455 omnes
2545 2402 2635 2469 qui
2667 2418 2694 2453 a
2721 2401 3060 2455 confessione
3087 2401 3425 2460 exciderunt.

1846 2508 1851 2511 ι
1884 2488 2155 2548 fecissent,
2189 2498 2245 2541 ut
2268 2491 2476 2543 scilicet
2532 2491 2665 2558 lapsi
2709 2492 3125 2553 reluctarentur,
3162 2500 3215 2544 et
3246 2506 3304 2544 se
3334 2505 3426 2543 co-

1882 2590 1995 2627 ram
2046 2578 2290 2644 tyrannis
2343 2578 2681 2632 Christianos
2721 2580 3039 2641 faterentur,
3097 2579 3432 2647 perfectissi-

1881 2682 2021 2717 mam
2049 2669 2417 2733 paenitentiam
2444 2670 2830 2722 ostendissent.
2858 2668 3120 2722 Difl‘crunt
3161 2685 3288 2739 ergo
3312 2688 3431 2741 quae

1880 2751 1933 2803 in
1988 2752 2087 2804 hoc
2140 2768 2345 2806 canone
2387 2756 2777 2823 comprehensa
2834 2764 2981 2817 sunt,
3034 2759 3100 2811 ab
3141 2760 3204 2812 iis
3233 2777 3349 2829 quin
3374 2763 3431 2816 in

1883 2841 2051 2907 primo
2104 2856 2312 2895 canone
2341 2844 2705 2907 continentur,
2752 2847 2894 2913 quod
2940 2847 3048 2899 illic
3074 2850 3287 2915 quidem
3337 2855 3430 2919 qui

1879 2935 2091 2994 propter
2120 2937 2382 2981 tormenta
2418 2931 2549 2999 lapsi
2584 2944 2727 2996 sunt,
2767 2934 2833 2985 ad
2863 2936 3216 2987 confitendam
3247 2953 3429 2991 coram

1879 3018 2121 3084 tyrannis
2166 3019 2320 3070 fidem
2354 3034 2692 3088 nequaquam
2722 3024 2967 3076 conversi
3019 3033 3182 3077 sunt:
3220 3026 3303 3079 liic
3331 3044 3431 3079 au-

1879 3113 1985 3158 tem
2013 3108 2103 3174 qui
2132 3115 2347 3175 prOpter
2404 3117 2672 3164 tormenta
2718 3112 2853 3179 lapsi
2888 3124 3033 3175 sunt,
3059 3130 3125 3166 cx
3153 3116 3288 3167 bona
3313 3130 3429 3184 pos-

1877 3195 2104 3246 nitentia
2129 3198 2228 3249 sub
2259 3200 2501 3266 tyrannis
2527 3198 2811 3253 Dominum
2836 3201 3069 3254 confessi
3098 3213 3259 3267 sunt;
3298 3219 3424 3271 pie-

1880 3293 2057 3353 pterea
2087 3301 2260 3355 neque
2314 3289 2575 3344 cecidisse
2600 3290 2931 3357 iudicantur.

1946 3485 2146 3537 Zomu.
2182 3486 2237 3539 Si
2272 3489 2362 3555 qui
2396 3503 2542 3551 vero,
2603 3490 2795 3558 inquit,
2846 3492 2907 3544 ad
2970 3501 3227 3563 tyrannos
3262 3494 3426 3547 delati

1876 3572 1938 3626 ac
1964 3577 2157 3642 proditi
2190 3586 2335 3639 sunt,
2370 3579 2452 3631 vel
2481 3580 2581 3646 ipsi
2613 3596 2732 3634 sese
2768 3583 2899 3650 ipsis
2963 3584 3305 3648 dediderunt,
3331 3600 3425 3638 ex-

1877 3664 2228 3733 cideruntque
2262 3681 2291 3717 a
2322 3667 2633 3722 testimonio
2660 3673 2710 3721 vi
2742 3681 3135 3727 tormentorum
3162 3680 3423 3743 superati,

1874 3768 1973 3807 nec
2003 3770 2270 3809 :erumnas
2295 3758 2492 3825 quibus
2532 3758 2588 3811 in
2636 3773 2853 3814 carcere
2878 3762 3271 3817 afflictabantur
3304 3780 3425 3819 cru-

1874 3846 2156 3914 ciatusque
2184 3848 2549 3916 perferentes;
2590 3866 2715 3904 mox
2762 3865 3012 3907 revocato
3041 3857 3335 3909 certamine
3364 3872 3426 3910 se

1873 3936 2207 3992 Christianos
2238 3953 2359 3992 esse
2393 3939 2631 3993 confessi
2661 3948 2808 4001 sunt,
2827 3958 2890 3995 ex
2919 3958 3026 4009 quo
3048 3952 3102 3996 et
3128 3944 3180 3995 in
3210 3945 3422 3996 vincula

1873 4028 2125 4095 conjecti,
2158 4035 2211 4081 et
2242 4030 2578 4084 cruciatibus
2611 4040 2739 4085 sunt
2766 4031 2939 4085 allecti
2972 4050 2986 4082 :
3021 4033 3286 4099 ejusmodi
3321 4034 3421 4086 lio-

1873 4119 2045 4171 mines
2069 4132 2191 4171 cum
2251 4121 2611 4185 exsultatione
2651 4123 2824 4189 excipi
2870 4131 3091 4177 sanctus
3116 4123 3202 4175 liic
3228 4124 3422 4177 rationi

1872 4216 2295 4261 consentaneum
2314 4209 2523 4277 judicat
2549 4229 2562 4263 :
2587 4218 2701 4264 tum
2729 4211 2984 4266 roborare
3008 4212 3174 4280 ipsos,
3198 4213 3297 4264 hoc
3315 4222 3419 4272 cst.

1874 4297 2039 4360 vires,
2067 4299 2296 4363 animos,
2326 4299 2679 4368 fiduciamque
2701 4301 2896 4354 addere
2911 4317 3017 4369 quo
3047 4302 3425 4370 profiterentur

1872 4384 2063 4449 fidem;
2094 4399 2154 4437 ac
2172 4386 2376 4439 eisdem
2408 4389 2461 4440 in
2485 4388 2738 4442 omnibus
2762 4390 3182 4449 communicare,
3221 4392 3331 4439 tum
3370 4388 3422 4439 in

210 4485 537 4553 προσευχαῖς
567 4482 658 4533 καὶ
693 4484 757 4549 τῇ
804 4479 1096 4548 μεταλήψει
1124 4479 1229 4531 τῶν
1263 4481 1631 4550 άγιασμάτων,
1679 4484 1769 4535 καὶ
1801 4470 1847 4527 D
1874 4490 1878 4542 ‘3

1750 4484 1769 4535 1
1801 4470 1847 4527 D
1874 4476 2298 4542 precationibus,
2318 4488 2430 4530 tum
2458 4478 2511 4531 in
2542 4479 2887 4547 perceptione
2921 4488 3418 4541 sacramentorum,

208 4572 299 4625 δια
351 4569 509 4635 λόγου
562 4566 927 4638 παρακαλεῖν,
969 4568 1085 4635 ἦτοι
1135 4567 1414 4638 διεγείρειν
1452 4571 1644 4632 αὐτοὺς
1691 4572 1769 4632 είς

206 4662 308 4733 τὴν
351 4660 691 4731 μαρτυρίαν,
744 4658 829 4708 ἴνα
881 4657 1014 4726 πρὸς
1059 4656 1148 4708 τὸν
1196 4656 1380 4724 ἀγῶνα
1427 4660 1767 4730 εὐτονώτεροι

208 4750 493 4817 γένωνται,
529 4748 623 4799 καὶ
662 4746 760 4813 τῆς
788 4744 1110 4813 ἐπουρανίου
1146 4742 1417 4811 βασιλείας
1445 4745 1759 4807 ἁξιωθῶσιν.

210 4842 329 4895 Ἵνα
361 4839 417 4891 δὲ
457 4835 550 4909 μὴ,
582 4836 713 4889 διότι
760 4832 1077 4886 πεπτώκασι
1127 4831 1382 4895 θύσαντες
1402 4873 1415 4895 ,
1445 4835 1764 4904 νομίζωνταί

208 4948 346 4983 τισιν
374 4930 605 4988 ἄδεκτοι,
636 4926 827 4993 ἐπάγει
854 4927 946 4978 καὶ
964 4926 1280 4995 μαρτυρίαν
1310 4927 1370 4976 ἐκ
1397 4926 1494 4993 τῆς
1523 4927 1761 4996 Γραφῇ,

209 5021 285 5073 τό·
314 5017 603 5082 Ἑπτάκις,
625 5017 743 5068 ἀντὶ
766 5014 879 5075 τοῦ,
894 5014 1171 5077 πολλάκις,
1190 5015 1452 5067 πεσεῖται
1474 5015 1761 5082 όδίκαιος,

210 5110 304 5164 καὶ
340 5106 764 5171 ἀναστήσεται.
796 5104 964 5157 Τοῦτο
1001 5105 1079 5166 δὲ,
1120 5104 1309 5174 φησὶν,
1344 5106 1392 5155 εί
1442 5106 1533 5156 καὶ
1566 5106 1762 5168 πάντες

204 5203 252 5252 ot
285 5199 384 5267 τῆς
411 5198 693 5267 ὁμολογίας
721 5196 1128 5257 ἐκπεπτωκότες
1155 5195 1433 5263 ἐποίησαν,
1466 5195 1524 5247 τὸ
1556 5198 1749 5249 ἀναπα-

206 5290 386 5343 λατσαι
420 5287 515 5356 τὴν
549 5287 773 5349 πτῶσιν,
812 5287 903 5338 καὶ
928 5284 1154 5337 ἐνώπιον
1182 5285 1287 5336 τῶν
1313 5286 1588 5352 τυράννων
1626 5288 1759 5357 Χρι-

211 5378 451 5438 στιανοὺς
489 5374 816 5444 ὁμολογῆσαι
850 5374 1093 5434 ἑαυτοὺς,
1129 5372 1462 5435 άνεδείξαντο
1499 5373 1562 5444 [Ῑ.
1596 5375 1759 5447 ἐνεὸο]

207 5470 271 5522 ἂν
295 5465 635 5534 τελειοτάτην
672 5464 975 5533 μετάνοιαν.

303 5700 327 5726 ⁸
356 5700 581 5764 Philipp.
614 5714 694 5762 ιιι,
732 5700 815 5755 Η.
893 5698 919 5740 δ
958 5694 1108 5757 Prov.
1142 5720 1284 5763 xxw,
1320 5704 1403 5762 16.

490 5800 757 5859 ιἈτιιυι..
801 5804 914 5861 (in:
967 5803 1065 5863 CX
1083 5804 1127 5861 Χ
1149 5802 1196 5860 Χ
1216 5802 1377 5864 ΠΗ.

1878 4566 2165 4631 verbisque
2195 4565 2491 4631 adhortari,
2524 4567 2626 4621 hoc
2654 4575 2757 4629 est,
2801 4568 2948 4637 ipsos
2972 4570 3037 4621 ad
3060 4568 3418 4622 exhibendum

1875 4653 1996 4707 fidei
2026 4656 2394 4709 testimonium
2425 4659 2679 4720 excitare,
2712 4664 2769 4711 ut
2803 4662 3201 4714 constantiores
3226 4661 3336 4713 sint
3364 4660 3420 4712 in

1870 4746 2183 4811 certamine,
2216 4760 2281 4800 ac
2302 4747 2512 4800 cmlesti
2542 4761 2706 4815 regno
2738 4747 3417 4817 dignibabeantur.Verum

1870 4850 1937 4887 ne
1967 4850 2031 4887 ex
2071 4849 2135 4889 eo
2167 4836 2310 4903 quod
2336 4836 2471 4905 lapsi
2494 4846 2620 4891 sunt
2658 4839 3050 4898 sacriﬁcantes.
3084 4840 3230 4892 nullo
3262 4841 3421 4894 modo

1871 4925 2181 4980 admittendi
2207 4927 2275 4982 ab
2308 4928 2578 4997 aliquibus
2610 4930 3005 4994 existimentur,
3050 4932 3421 4985 testiinonium

1870 5031 2086 5085 quoque
2115 5018 2245 5072 illud
2271 5034 2335 5072 ex
2364 5019 2536 5074 sacris
2566 5020 2761 5075 litteris
2790 5020 2994 5091 profert
3020 5039 3032 5074 :
3062 5020 3279 5087 Septies,
3317 5022 3418 5073 hoc

1872 5115 1951 5160 est
1988 5108 2204 5175 saepius,
2237 5109 2602 5177 aadetjustus,
2638 5126 2700 5162 ac
2734 5122 2981 5181 resurget.
3010 5111 3117 5165 Hoc
3146 5127 3292 5170 vero.
3339 5112 3418 5163 in-

1870 5197 2007 5263 quit,
2063 5197 2109 5251 si
2166 5196 2256 5251 alii
2306 5212 2494 5254 omnes
2541 5200 2697 5269 quia
2728 5200 3071 5257 confessione
3101 5202 3420 5255 exciderunt

1869 5286 2145 5348 fecissent.
2185 5297 2243 5339 ut
2273 5298 2392 5356 post
2444 5290 2651 5358 lapsum
2688 5298 2962 5345 certamen
3006 5302 3325 5359 repeterent,
3358 5306 3420 5344 ac

1870 5393 1927 5431 se
1960 5379 2105 5445 ipsos
2136 5393 2314 5432 coram
2341 5380 2584 5450 tyrannis
2636 5382 2972 5437 Christianos
3020 5382 3417 5451 profiterentur,

1871 5470 2172 5523 absolutam
2210 5471 2581 5540 paenitentiam
2614 5473 3023 5528 iudicavissent.

3032 5815 3104 5872 16
