4224 6440
256 377 355 442 ίῒὰ

1342 380 1420 446 1N
1462 386 1699 448 EPIST.
1728 391 1787 451 S.
1833 391 2058 449 PETRI
2087 388 2305 453 ALEX.

3348 395 3452 459 494

260 536 283 569 s
318 520 658 587 ἀτιμασθεὶς,
684 519 901 588 ὓστερον
930 520 988 571 ἐν
1013 516 1195 589 Ῥώμῃ
1211 518 1521 589 ἐσταυρώθη
1542 520 1688 587 (5)."
1703 519 1808 572 Καὶ
1836 523 1881 577 Α
1916 538 1928 569 ι

1775 521 1881 577 ιιΑ
1916 538 1933 569 ι
1983 521 2220 576 tionibus
2271 520 2759 590 amictionibusque
2816 521 3092 590 gloriatus,
3153 520 3204 572 in
3259 519 3443 574 eadem

260 624 285 661 s
313 608 345 661 6
389 607 707 679 περιϐόητος
738 609 978 672 Παῦλος,
1024 608 1305 676 πλεονάκις
1346 610 1660 677 παραδοθεὶς
1710 611 1802 661 καὶ

262 716 287 753 ε
320 697 429 763 In»;
474 700 698 754 Oavétbu
725 700 1093 762 κινδυνεύσας.
1124 702 1291 755 πολλά
1329 719 1385 753 τε
1428 702 1661 770 ἀθλήσας
1710 703 1800 755 καὶ⁸

260 805 286 840 ε
318 788 731 857 καυχησάμενος
771 790 825 839 ὲν
867 788 1074 849 πολλοῖς
1114 789 1369 857 διωγμοῖς
1413 788 1503 840 καὶ
1535 787 1797 855 θλίψεσιν,

260 895 283 929 ε
321 879 381 930 ἐν
407 883 474 950 τῇ
508 881 640 947 αὐτῇ
681 880 829 931 πόλει
864 879 955 931 καὶ
991 879 1149 939 αὐτὸς
1180 879 1417 947 μαχαίρᾳ
1443 877 1536 946 τὴν
1564 877 1799 947 κεφαλὴν

262 980 284 1013 ιι
320 964 627 1033 ἀπετμήθη·
656 965 713 1025 δς
737 966 793 1015 ὲν
830 960 907 1025 οἷς
934 966 1290 1032 έκαυχήσατο,
1324 964 1576 1032 κατέληξε
1606 962 1690 994 ³¹⁶·
1719 965 1799 1015 ὃτι

261 1068 282 1103 ι
322 1054 415 1104 και
444 1054 533 1085 ³⁸⁸⁸
559 1058 614 1105 ὲν
634 1055 902 1122 Δαμασκῷ
924 1056 1137 1123 σπυρίδι
1158 1055 1424 1123 ὲχαλάσθη
1464 1055 1549 1107 διὰ
1572 1054 1664 1107 τοῦ
1696 1054 1800 1109 τίεί-

260 1159 279 1191 σ
318 1158 443 1209 χους
466 1143 673 1203 νυκτὸς,
705 1144 797 1194 καὶ
822 1142 1043 1210 ἐξέφυγε
1071 1144 1167 1205 τὰς
1203 1146 1385 1212 χεῖρας
1404 1142 1494 1196 τοῦ
1517 1143 1797 1214 ζητοῦντος

258 1247 279 1283 ι
315 1230 479 1283 αὐτὸν
534 1235 739 1285 πιάσαι.
776 1214 845 1285 Τδ
894 1234 999 1305 γὰρ
1036 1235 1387 1303 προκείμενον
1412 1234 1476 1306 ἦν
1508 1238 1706 1297 αὐτοῖς,
1741 1240 1796 1289 έν

256 1336 278 1370 ε
314 1321 547 1390 πρώτοις
572 1323 1005 1390 εὐαγγελίζεσθαι
1030 1326 1122 1376 καὶ
1148 1325 1411 1380 διδάσκειν
1433 1329 1504 1397 (ι)
1532 1328 1620 1380 τὸν
1646 1329 1796 1395 λόγον

253 1426 277 1461 s
315 1411 412 1463 τοῦ
442 1412 597 1480 Θεοῦ,
622 1415 682 1469 ιν
716 1408 796 1478 οἷς
823 1411 1291 1483 ἐπιστηρίζοντες
1328 1416 1465 1481 τοὺς
1500 1415 1797 1483 ἀδελφοὺς

259 1522 279 1554 ε
315 1504 591 1572 ἐμμένειν
618 1509 686 1558 ἐν
716 1506 787 1573 τῇ
822 1509 1036 1566 πίστει,
1060 1508 1149 1558 καὶ
1174 1506 1330 1558 τοῦτο
1356 1506 1554 1573 ελεγον,
1588 1504 1675 1558 ὅτι
1701 1505 1796 1558 διὰ

258 1610 280 1643 s
317 1594 562 1646 πολλῶν
602 1598 859 1662 θλίψεων
886 1596 979 1648 δεῖ
1012 1596 1297 1649 εἰσελθεῖν
1344 1599 1427 1658 είς
1472 1592 1585 1660 τὴν
1616 1596 1793 1656 βασι-

233 1698 280 1733 ιε
317 1687 492 1736 λείαν
519 1686 623 1737 τοῦ
652 1686 814 1738 Θεοῦ.
854 1684 1097 1752 Ἐζήτουν
1122 1686 1229 1753 γὰρ
1255 1686 1313 1736 οὐ
1341 1686 1400 1735 τὸ
1434 1685 1634 1736 ἑαυτῶν
1661 1702 1795 1753 συμ-

256 1789 280 1826 s
320 1775 502 1842 φέρον,
532 1775 663 1827 ἀλλὰ
690 1776 751 1827 τὸ
792 1776 896 1827 τῶν
939 1776 1171 1837 πολλῶν,
1204 1776 1289 1825 ῖνα
1323 1776 1565 1837 σωθῶσι,
1597 1762 1691 1827 καῖ
1727 1773 1794 1845 ἦν

1913 628 1931 660 ι
1981 612 2112 665 urbe
2141 612 2255 678 ipse
2286 627 2497 679 quoque
2525 611 2705 680 gladio
2738 612 2913 679 capite
2939 611 3194 663 multatus
3214 619 3295 663 est
3325 612 3444 677 :qul

1911 719 1930 750 ι
1981 703 2032 754 in
2066 703 2262 770 quibus
2316 704 2575 771 gloriatus
2607 710 2711 764 cst,
2748 704 2860 772 ipse
2904 704 2954 755 in
2990 703 3055 756 iis
3081 702 3240 753 vitam
3274 704 3443 763 finiit;

1911 808 1929 841 ι
1972 798 2027 843 et
2058 792 2199 858 quod
2230 790 2468 845 Damasci
2501 794 2551 843 in
2583 800 2765 859 sporta
2802 801 2962 844 noctu
2993 807 3086 860 per
3114 806 3323 843 murum
3352 792 3446 844 de-

1909 897 1927 929 ι
1976 881 2174 934 missus
2195 890 2296 942 est,
2330 890 2378 934 et
2413 880 2596 952 eﬂ‘ugit
2626 883 2744 950 ejus
2774 898 2965 935 manus
2996 884 3084 951 qui
3127 897 3247 932 cum
3280 897 3411 933 curm

1910 988 1927 1022 ι
1976 971 2134 1026 batur
2164 976 2482 1040 opprimere.
2518 976 2636 1026 Erat
2668 972 2809 1027 enim
2836 974 2919 1026 eis
2956 972 3007 1023 in
3039 972 3226 1038 primis
3252 987 3445 1040 prepo-

1909 1079 1927 1111 ι
1978 1062 2138 1114 situm
2169 1061 2558 1129 evangelizare,
2590 1068 2643 1113 et
2695 1060 2916 1113 verbum
2962 1059 3053 1112 Ilei
3104 1061 3339 1110 docere:
3390 1059 3442 1110 in

1914 1168 1932 1200 ι
1982 1151 2179 1219 quibus
2211 1150 2405 1215 fratres
2422 1151 2786 1217 con/irruentes
2818 1160 2872 1201 ut
2896 1159 3153 1201 manerent
3184 1150 3235 1199 in
3262 1148 3363 1213 ﬁde
3395 1159 3443 1208 ³.

1908 1259 1926 1289 ι
1972 1241 2317 1311 ltocquoqtte
2348 1241 2617 1301 dicebant,
2674 1242 2807 1307 quod
2837 1257 2926 1307 per
2955 1240 3144 1291 multas
3202 1240 3447 1305 afﬂictio~

1906 1349 1923 1379 ι
1977 1348 2062 1383 nes
2082 1342 2278 1398 oportet
2302 1332 2354 1382 in
2378 1346 2589 1399 regnum
2612 1329 2704 1381 Dei
2727 1329 2944 1397 ingredi.
2965 1328 3285 1392 Quaerebam
3302 1328 3445 1382 enim

1906 1440 1922 1470 ι
1973 1437 2077 1474 non
2104 1421 2251 1488 quod
2285 1422 2385 1475 sibi
2412 1426 2527 1472 erat
2553 1418 2701 1478 utile,
2728 1418 2820 1470 sed
2854 1420 2996 1486 quod
3031 1417 3234 1473 multis.
3254 1423 3309 1468 ut
3340 1432 3447 1467 scr-

1906 1530 1922 1559 ι
1972 1519 2245 1571 varentur,
2275 1521 2325 1563 et
2354 1510 2519 1561 multa
2556 1509 2688 1576 ipsis
2735 1508 2918 1560 liceret
2953 1506 3015 1557 ad
3050 1506 3161 1557 haec
3195 1505 3442 1556 facientia

1905 1614 1921 1645 ι
1968 1597 2181 1657 dicere,
2245 1603 2302 1648 ut
2360 1595 2525 1649 verbo
2581 1594 2672 1647 Dei
2731 1595 3109 1646 convenienter
3164 1591 3440 1644 facerent:

1903 1704 1921 1736 ε
1976 1685 2111 1745 Nisi,
2132 1694 2188 1737 ut
2224 1686 2355 1738 dicit
2375 1686 2678 1752 Apostolus,
2711 1700 2801 1736 nos
2830 1693 3026 1749 tempus
3069 1691 3340 1734 narrantes
3357 1684 3447 1734 dc—

1902 1794 1920 1825 ι
1965 1779 2134 1843 ﬁcere!
2154 1777 2201 1827 δ.
2227 1793 2244 1825 ι

244 1870 279 1916 “‹
321 1867 489 1919 πολλὰ
514 1867 687 1933 λέγειν
710 1868 888 1929 αὐτοῖς
912 1870 990 1928 είς
1016 1867 1187 1919 ταῦτα
1213 1868 1345 1935 πρὸς
1382 1867 1442 1918 τὸ
1485 1868 1623 1920 κατὰ
1651 1868 1804 1935 λόγον
1840 1872 2120 1939 πράσσειν,
2139 1872 2190 1922 εί
2210 1866 2317 1934 μὴ,
2334 1868 2407 1930 ὡς
2428 1867 2571 1933 λέγει
2598 1869 2624 1919 ὁ
2653 1866 2987 1930 Ἂπόστολος,
3005 1866 3265 1919 ἐπιλίποι
3284 1864 3330 1895 ³⁸
3389 1863 3441 1915 δ’

258 1972 276 2007 ι
314 1955 394 2009 ἂν
418 1958 568 2025 ἡμᾶς
601 1958 1020 2026 διηγουμένους
1049 1962 1081 2011 ὁ
1109 1960 1340 2024 χρόνος.
1370 1977 1387 2008 ι

322 2069 517 2120 ΒᾹΛΣ.
553 2070 614 2121 Οί
644 2070 765 2139 ἄρτι
788 2068 878 2122 τοῦ
915 2069 1077 2121 ὕπνου
1106 2070 1523 2139 ἐξανιστάμενοι,
1548 2071 1637 2123 καὶ
1670 2072 1801 2140 μᾶλ-
1832 2081 1871 2134 Β
1972 2068 1990 2120 ῐ

1769 2102 1801 2123 .—
1832 2081 1871 2134 Β
1972 2068 2125 2121 Βλιε.
2166 2068 2262 2132 Qui
2288 2084 2317 2121 e
2343 2083 2532 2121 somno
2590 2068 2747 2120 modo
2778 2076 3095 2133 exsurgunt,
3130 2075 3175 2117 cl
3210 2066 3437 2120 maxime

251 2154 341 2209 λον
381 2161 426 2209 εἰ
462 2159 731 2226 ὼμόῦπνοι
763 2155 887 2219 εἷεν,
919 2159 978 2209 οὐ
1014 2159 1380 2225 καθεστηκότα
1420 2161 1507 2213 τὸν
1544 2161 1795 2229 λογισμὸν

254 2247 485 2313 ἔχουσιν,
518 2246 648 2299 ἀλλὰ
696 2248 1089 2317 τεταραγμένον
1130 2250 1221 2300 καὶ
1260 2251 1651 2303 ἀκατάστατον·
1688 2269 1795 2303 τοι-

1895 2158 1938 2211 si
1967 2158 2133 2211 crudo
2163 2157 2535 2225 profundoque
2563 2171 2753 2210 somno
2776 2158 3181 2224 premebantur,
3213 2173 3317 2208 non
3344 2158 3437 2207 lm-

1894 2250 2019 2299 bent
2055 2254 2389 2299 constantem
2420 2247 2703 2307 rationem,
2750 2246 2841 2299 sed
2876 2247 3236 2313 perturbatam
3266 2257 3314 2299 et
3347 2247 3429 2297 in-

252 2336 429 2398 ούτοις
476 2339 853 2406 παρείκασενδ
901 2339 1220 2407 ίερομάρτυς
1260 2332 1410 2401 οὗτος
1454 2342 1571 2402 τοὺς
1618 2356 1795 2411 παρα·
1870 2340 1918 2384 δι

1761 2371 1795 2391 ,-
1870 2330 2152 2384 stabilem:
2180 2330 2379 2383 talibus
2418 2331 2676 2382 assimilat
2707 2338 3088 2383 sacrosanctus
3109 2330 3195 2381 hic
3229 2342 3429 2398 martyr

254 2427 533 2493 πηδῶντας
560 2429 636 2487 είς
682 2426 769 2479 τὸν
812 2428 1019 2495 ἀγῶνα,
1048 2428 1208 2497 ήγουν
1252 2430 1375 2491 τοὺς
1423 2430 1494 2499 μὴ
1526 2431 1796 2493 εὐτάκτως
1872 2436 1922 2474 ε(

1760 2449 1796 2493 ,ς
1872 2435 1966 2474 eos
1994 2423 2087 2489 qui
2131 2420 2231 2488 ιδ
2256 2436 2361 2474 non
2394 2422 2663 2482 ordinate,
2700 2423 2792 2476 sed
2837 2421 3127 2478 temerarie
3156 2431 3209 2473 et
3240 2421 3428 2472 ineun-

254 2518 388 2569 ἀλλὰ
410 2516 648 2586 θρασέως
669 2520 757 2568 καὶ
780 2519 1184 2588 ἀπερισκέπτως
1204 2518 1551 2580 είσωθοῦντας
1577 2521 1795 2584 ἑαυτοὺς

251 2608 333 2669 εἰς
358 2607 447 2657 τὸν
474 2606 686 2673 ἀγῶνα,
717 2607 963 2659 ὠδίνοντα
992 2610 1083 2659 καὶ
1119 2608 1371 2677 μέλλοντα
1404 2609 1642 2670 έλκῦσαι,
1676 2608 1795 2662 ἀντὶ

250 2696 371 2756 τοῦ.
401 2699 559 2763 μήπω
573 2699 651 2757 είς
681 2696 903 2763 φανερὸν
932 2696 1245 2765 ἐκραγῆναι,
1268 2697 1400 2748 ἀλλὰ
1429 2698 1793 2766 μελετώμενον

250 2784 346 2833 καὶ
373 2782 645 2850 μέλλοντα,
672 2784 783 2849 ήτοι
821 2782 1137 2851 βραδύνοντα
1180 2783 1396 2837 έλκῦσαι
1430 2788 1551 2847 τοὺς
1596 2787 1793 2850 ἀγωνι-

252 2868 526 2937 ζομένους,
588 2871 775 2931 οἵτινες
816 2872 1019 2933 ἑαυτοῖς
1077 2873 1373 2941 πειρασμὸν
1423 2874 1754 2926 ἐπισπῶνται
1777 2911 1791 2935 ,

250 2958 418 3025 ἤγουν
443 2958 520 3019 είς
551 2959 773 3019 ἑαυτοὺς
796 2959 1006 3012 ἕλκουσι
1040 2962 1355 3029 πειρασμόν.
1386 2962 1597 3014 Μᾶλλον
1623 2962 1677 3015 δὲ
1700 2964 1792 3015 καὶ

250 3048 429 3110 ἄλλοις
456 3052 661 3111 πιστοῖς
690 3050 1007 3101 ἀνάπτουσιν
1030 3050 1298 3120 ἄνθρακας
1324 3051 1673 3121 ἁμαρτωλῶν,
1696 3056 1793 3116 τὰς

250 3138 313 3190 lx
363 3137 471 3189 τῶν
518 3139 790 3206 τυράννων
840 3138 1070 3207 δηλονότι
1126 3136 1387 3203 κολάσεις.
1427 3142 1563 3192 Ἀλλ’
1614 3145 1660 3194 εί
1702 3145 1792 3195 καὶ¹

250 3227 489 3279 αἰτιᾶται
519 3228 641 3288 τοὺς
672 3227 811 3278 οὕτω
835 3227 1131 3290 ποιοῦντας,
1161 3232 1429 3281 κοινωνεῖν
1455 3231 1587 3293 τέως
1618 3234 1792 3295 αὐτοῖς

248 3317 375 3377 τοὺς
398 3316 615 3376 πιστοὺς
642 3315 993 3379 διατάττεται,
1027 3318 1106 3369 ὅτι
1136 3318 1220 3370 διὰ
1252 3318 1339 3369 τὸν
1355 3317 1584 3387 Χριστὸν
1611 3321 1794 3372 ὑπεισ-

1875 2511 2109 2566 siderate
2139 2527 2195 2565 se
2227 2514 2279 2565 in
2316 2520 2587 2566 certamen
2619 2513 2942 2577 intrudunt;
3003 2512 3328 2580 parturiens.
3378 2521 3432 2563 et

1892 2585 2115 2654 trahere
2135 2600 2406 2662 differens,
2441 2616 2535 2669 pro
2568 2615 2631 2654 eo
2662 2601 2801 2668 quod
2833 2602 3071 2655 nondum
3108 2603 3157 2653 in
3193 2611 3432 2669 apertum

1893 2691 2087 2757 erupit,
2135 2689 2226 2742 sed
2261 2690 2550 2741 meditatur
2582 2697 2633 2741 ct
2659 2688 2856 2750 differt,
2892 2705 2983 2741 seu
3033 2698 3318 2741 cunctatur
3341 2690 3435 2742 de-

1894 2789 2159 2837 certantes
2186 2779 2419 2839 trahere,
2440 2779 2759 2847 quisibimet
2791 2780 3139 2832 tentationem
3169 2781 3431 2836 alliciunt.

1894 2868 2005 2922 sive
2040 2870 2091 2921 in
2118 2885 2176 2921 se
2214 2869 2358 2936 ipsos
2410 2870 2760 2932 tentationem
2809 2870 3047 2920 trahunt.
3082 2868 3306 2921 Maxime
3339 2885 3424 2920 au-

1893 2966 2019 3017 tem,
2050 2966 2101 3009 et
2125 2957 2243 3009 aliis
2272 2956 2514 3010 fidelibus
2561 2962 2899 3025 peccatorum
2931 2956 3191 3009 carbones
3246 2972 3435 3010 accen-

1893 3045 2047 3107 dunt,
2081 3060 2108 3097 a
2140 3048 2377 3116 tyrannis
2430 3048 2635 3100 scilicet
2685 3048 3011 3115 punitiones.
3059 3045 3162 3099 Sed
3205 3049 3305 3101 etsi
3340 3064 3431 3101 eos

1892 3136 1981 3202 qui
2012 3137 2089 3190 sic
2119 3134 2343 3197 faciunt,
2396 3136 2736 3204 reprehendit
2767 3154 2781 3201 ;
2817 3136 2970 3202 jubet
3022 3144 3197 3188 tamen
3253 3136 3432 3189 lidclcs

1892 3225 1971 3277 eis
2006 3226 2171 3277 nihilo
2200 3226 2374 3277 secius
2414 3224 2842 3285 communicare,
2873 3225 2997 3291 quia
3033 3225 3424 3293 propterCln-i-

1897 3320 2037 3363 stum
2062 3319 2331 3365 certamen
2353 3313 2655 3373 subierunt,
2684 3314 2929 3380 quamvis
2962 3313 3106 3365 illius
3130 3316 3429 3366 doctrinam

249 3397 414 3473 ἦλθον
458 3405 543 3457 τῖον
576 3406 758 3471 ἀγῶνα
778 3444 791 3466 ,
842 3404 942 3458 κᾶν
990 3406 1255 3475 ἠγνόησαν
1291 3406 1388 3475 τήν
1416 3408 1619 3459 ἐκείνου
1655 3408 1798 3460 διδα-
1821 3403 1862 3458 C
1896 3403 1911 3454 i

1763 3428 1798 3458 ι-
1821 3403 1862 3458 C
1896 3403 2207 3469 ignorarunt
2240 3416 2251 3453 :
2286 3402 2377 3469 qui
2413 3401 2566 3455 docet
2595 3410 2773 3469 petere
2802 3418 2869 3456 ne
2893 3410 3180 3465 tentemur,
3207 3414 3258 3458 et
3288 3407 3431 3473 quod

250 3495 498 3554 σκαλίαν,
528 3493 862 3555 διδάσκοντος
890 3496 1056 3546 αίτεῖν
1087 3495 1158 3564 μὴ
1188 3496 1563 3565 πειρασθῆναι,
1584 3500 1685 3549 καὶ
1712 3499 1791 3550 δτι

248 3582 365 3635 οὐδὲ
419 3582 603 3634 ἑαυτὸν
654 3583 996 3651 παρέδωκεν,
1046 3583 1177 3636 ἀλλὰ
1224 3585 1521 3653 παρεδόθη·
1566 3586 1664 3638 καὶ
1718 3586 1790 3656 μὴ

247 3666 561 3738 αὐτομολεῖν
589 3671 720 3739 πρὸς
746 3673 870 3731 τοὺς
907 3671 1185 3734 κολαστὰς,
1216 3673 1300 3724 ἵνα
1332 3674 1401 3743 μὴ
1431 3674 1586 3726 αῖτιοι
1612 3675 1789 3737 αὐτοῖς

246 3759 477 3826 γίνοιντο
508 3758 760 3811 πλειόνων
797 3758 968 3827 φόνων
991 3799 1005 3822 ,
1038 3759 1223 3831 ὥσπερ
1260 3762 1661 3832 παραθήγοντες
1692 3764 1789 3815 αὐ-

245 3852 369 3911 τοὺς
394 3852 475 3912 εἰς
501 3851 599 3913 τὰς
645 3851 783 3904 κατά
819 3850 925 3902 τῶν
966 3851 1199 3903 εὐσεϐῶν
1236 3850 1518 3924 τιμωρίας.
1571 3854 1790 3920 Ἐπάγει

245 3937 278 3993 ἅ
336 3941 431 3992 καὶ
460 3941 687 4009 διάφορα
717 3938 1124 4009 παραδείγματα
1154 3942 1402 4010 Γραφικά
1427 3944 1456 3995 ὁ
1482 3940 1683 3995 κανών.

318 4031 559 4083 ΖΩΝΛΡ.
608 4030 669 4083 Οί
717 4031 836 4100 ἄρτι
882 4030 975 4083 τοῦ
1017 4030 1180 4083 ὕπνου
1227 4031 1656 4101 ἐξανιστάμενοι,
1699 4032 1790 4086 καὶ

251 4118 446 4186 μᾶλλον
491 4121 538 4170 εί
579 4119 849 4187 ὼμόῦπνοι
894 4113 1031 4182 εἷεν,
1076 4116 1135 4171 οὐ
1169 4118 1534 4189 καθεστηκότα
1570 4121 1658 4173 τὸν
1701 4121 1790 4174 λο-

246 4206 442 4276 γισμὸν
476 4206 703 4273 ἔχουσιν,
736 4207 866 4261 ἀλλὰ
905 4208 1321 4279 τεταραγμένον,
1353 4210 1445 4262 καὶ
1485 4210 1789 4264 ἀκατάστα-

246 4311 355 4349 τον.
389 4296 659 4359 Τοιούτοις
701 4298 1024 4365 παρείκασεν
1051 4299 1079 4349 δ
1117 4300 1435 4368 ίερομάρτυς
1474 4295 1623 4363 οὗτος
1666 4302 1789 4365 τοὺς

245 4386 675 4455 παραπηδῶντας
720 4389 795 4447 είς
824 4388 947 4448 τοὺς
977 4386 1210 4453 ἀγῶνας,
1239 4389 1402 4457 ήγουν
1425 4390 1565 4451 τοὺς,
1592 4391 1663 4460 μὴ
1697 4392 1787 4443 εὐ-

242 4477 455 4537 τάκτως
483 4476 614 4528 ἀλλὰ
640 4477 878 4547 θρασέως
898 4480 988 4530 καὶ
1010 4479 1419 4548 ἀπερισκέπτως
1434 4480 1787 4543 είσωθοῦντας

244 4565 470 4628 ιαυτούς
496 4568 573 4627 είς
602 4566 691 4617 τὸν
710 4566 910 4633 ἀγῶνα,
943 4566 1191 4619 ὠδίνοντα
1222 4568 1312 4620 καὶ
1347 4568 1602 4637 μέλλοντα
1634 4568 1787 4622 ιλκῦ-

245 4669 353 4717 σαι,
395 4654 515 4706 ἀντὶ
560 4653 652 4706 τοῦ
700 4657 862 4725 μήπω
904 4655 982 4718 είς
1029 4656 1254 4726 φανερὸν
1294 4658 1617 4727 ἐκραγέντα,
1652 4658 1782 4710 ἀλλὰ

1892 3507 1958 3544 ne
1984 3506 2041 3544 se
2072 3492 2245 3558 ipsum
2279 3492 2492 3559 quidem
2542 3492 2785 3555 tradidit,
2817 3493 2909 3547 sed
2946 3495 3176 3548 traditus
3222 3504 3343 3559 cst;
3377 3506 3431 3551 et

1891 3595 1995 3632 non
2027 3596 2146 3633 esse
2195 3581 2260 3633 ad
2318 3592 2548 3637 tortores
2597 3582 3046 3653 confugiendum,
3080 3601 3147 3639 ne
3183 3588 3425 3654 pluribus

1890 3684 1947 3723 se
1996 3669 2233 3723 caedibus
2278 3671 2681 3724 contaminandi
2747 3673 2879 3741 ipsis
2942 3687 3119 3726 causa:
3174 3675 3321 3739 sint;
3369 3684 3426 3728 ut

1888 3760 1977 3826 qui
2029 3773 2122 3811 eos
2173 3760 2396 3813 incitent
2458 3758 2521 3814 ad
2581 3762 2840 3815 sumenda
2887 3760 3090 3831 de'piis
3141 3761 3422 3833 supplicia.

1887 3844 2052 3900 infert
2082 3857 2257 3901 autem
2288 3855 2340 3902 et
2382 3850 2591 3903 diversa
2621 3864 2790 3905 sacra
2842 3851 3134 3919 Scriptura
3183 3853 3425 3922 exempla

1886 3949 2084 3989 canon.

1958 4024 2156 4079 Zom.
2206 4024 2307 4090 Qui
2354 4041 2383 4079 a
2420 4041 2610 4081 somno
2639 4035 2883 4081 recentes
2915 4037 3232 4097 exsurgunt,
3290 4043 3429 4098 pric-

1886 4115 2069 4168 sertim
2104 4114 2150 4167 si
2196 4116 2440 4184 graviore
2473 4130 2663 4169 somno
2720 4118 3183 4185 Opprimebantur,
3218 4122 3429 4173 ratione

1885 4203 2299 4272 haudquaquam
2318 4205 2521 4264 sedata.
2538 4208 2628 4259 sed
2650 4206 2960 4274 perturbata
2991 4207 3426 4276 inconstantique

1884 4300 2128 4346 utuntur.
2166 4292 2441 4361 Ejusmodi
2490 4294 2796 4349 hominibus
2850 4305 3071 4352 sanctus
3105 4298 3191 4350 hic
3223 4308 3425 4368 martyr

1885 4386 2087 4438 similes
2109 4400 2203 4439 eos
2241 4384 2439 4439 asserit
2471 4386 2563 4454 qui
2613 4385 2669 4439 in
2701 4392 2971 4440 certamen
3001 4397 3289 4454 proruunt,
3325 4389 3425 4441 hac

1882 4480 1985 4534 est,
2043 4488 2149 4526 non
2179 4473 2423 4527 ordinate
2453 4474 2545 4527 sed
2573 4474 2763 4529 audaci
2815 4489 2877 4527 ac
2903 4477 3191 4528 temerario
3224 4479 3420 4544 impetu

1884 4578 1941 4617 se
1970 4564 2117 4631 ipsos
2150 4564 2434 4617 intrudunt
2462 4566 2515 4617 in
2538 4573 2810 4618 certamen
2836 4580 2852 4629 ;
2876 4566 3200 4632 parturiens,
3237 4580 3299 4619 ac
3321 4575 3426 4619 tua-

1885 4652 2009 4706 bere
2039 4652 2315 4709 dill‘erens.
2365 4669 2462 4724 pro
2509 4668 2574 4708 eo
2613 4653 2754 4721 quod
2811 4655 3048 4708 nondum
3084 4656 3137 4708 in
3179 4664 3421 4725 apertum

244 4738 612 4809 μελετώμενον
654 4742 745 4793 και
775 4742 1046 4811 μέλλοντα,
1071 4743 1186 4812 ήτοι
1215 4744 1536 4813 βραδύνοντα
1565 4744 1782 4797 έλκῦσαι
1816 4741 1856 4794 D
1884 4758 1912 4797 e

1755 4763 1782 4797 ιι
1816 4741 1856 4794 D
1884 4744 2079 4815 erupit,
2116 4744 2209 4798 sed
2239 4745 2545 4809 meditatur,
2575 4752 2627 4798 et
2653 4744 2829 4798 differt
2858 4746 2970 4800 sive
3016 4756 3301 4801 cunctatur
3331 4747 3423 4800 de-

241 4827 367 4890 τοὺς
387 4828 813 4897 ἀγωνιζομένους
834 4845 847 4859 ·
878 4830 1066 4893 οῖτινες
1105 4832 1402 4900 πειρασμὸν
1429 4833 1779 4895 ἐπισπῶνται,

238 4917 406 4986 ἤγουν
438 4918 516 4980 είς
547 4918 766 4978 ἑαυτοὺς
798 4917 1008 4971 ῑλκουσι
1040 4921 1354 4988 πειρασμὸν,
1382 4922 1573 4989 μᾶλλον
1599 4922 1652 4973 δὲ
1691 4923 1783 4973 και

236 5007 417 5069 ἄλλοις
468 5010 674 5070 πιστοῖς
724 5008 1044 5060 ἀνάπτουσιν
1098 5009 1365 5079 ἄνθρακας
1416 5011 1744 5081 ἁμαρτωλῶν
1766 5050 1781 5071 ,

344 5168 372 5197 ι
396 5156 512 5211 Act.
537 5171 648 5219 ιη,
674 5156 761 5210 Ἦ.
837 5157 865 5196 ι’
902 5156 1051 5209 Hebr.
1069 5172 1146 5220 si,
1170 5158 1255 5211 32.

1886 4843 2156 4887 certantes
2188 4834 2401 4888 trahere
2428 4853 2439 4887 :
2484 4835 2575 4903 qui
2610 4834 2821 4903 quidem
2862 4838 3210 4891 tentationem
3242 4852 3425 4890 accer-

1888 4932 2034 4987 sunt,
2060 4924 2162 4978 boe
2194 4931 2295 4986 est,
2329 4925 2391 4978 ad
2443 4934 2501 4979 se
2547 4926 2691 4994 ipsos
2744 4927 3089 4980 tentationem
3127 4927 3425 4993 pelliciunt,

1888 5012 2016 5080 quin
2047 5015 2225 5081 potius
2247 5014 2367 5068 aliis
2400 5014 2645 5068 fidelibus
2682 5015 2984 5079 accendunt
3014 5016 3275 5069 carbones
3302 5030 3423 5085 pec-

1473 5293 1509 5346 V
1521 5292 1700 5348 ΑΒΙᾹΞ
1745 5291 2144 5349 LECTIONES.

305 5434 353 5471 ⁸³
383 5435 583 5507 ὁμοίως
608 5438 730 5493 add.
807 5440 871 5471 "‘
900 5437 1198 5502 κατέλεξεν.
1272 5439 1359 5471 ⁸¹⁶⁶
1398 5440 1488 5491 καὶ
1517 5440 1616 5491 ὅτι.
1708 5439 1751 5470 ⁸³
1783 5439 2048 5512 ὶπιλείψῃ.

305 5572 687 5648 (3)_‘Eatqvp.
728 5574 963 5648 Rabiri.
1010 5580 1177 5632 codex
1229 5576 1392 5648 Nam,
1439 5580 1770 5648 ἐσταυρώθη,

247 5642 471 5717 ὀμοίως
496 5645 614 5717 καί.
646 5646 760 5698 Ilus
788 5646 1039 5717 πολλάκις
1061 5663 1158 5715 pro
1187 5647 1484 5717 πλεονάκις.

306 5712 384 5778 (ὁ)
420 5712 754 5767 Διδάσκειι·.
793 5713 870 5767 Id.
906 5712 1076 5776 cod..'
1100 5717 1401 5778 φυλάττειν.
1446 5716 1611 5768 Paulo
1656 5716 1771 5777 bost

1879 5580 2131 5653 ξμμένειν
2156 5584 2220 5649 τῇ
2258 5581 2455 5653 πίστει,
2492 5582 2692 5637 omissa
2744 5585 3136 5653 prmpositione.
3188 5584 3303 5640 Mm.-
3337 5584 3412 5640 δεῖ

1878 5649 2021 5716 ἡμᾶς
2051 5652 2175 5711 είσ.,
2208 5661 2265 5704 ut
2303 5650 2354 5703 in
2390 5659 2536 5704 textu
2564 5654 2678 5705 Act.
2712 5649 2817 5718 xiv,
2850 5649 2935 5706 91.
