  <div class='ocr_page' id='page_1' title='image "/cluster/home/n/w/nwhite01/storage/ocr_20150623/138/nnc1.0046980083/255.png"; bbox 0 0 4224 6440; ppageno 0'>
   <div class='ocr_carea' id='block_1_1' title="bbox 823 359 929 424">
    <p class='ocr_par' dir='ltr' id='par_1_1' title="bbox 823 359 929 424">
     <span class='ocr_line' id='line_1_1' title="bbox 823 359 929 424; baseline 0.028 -3"><span class='ocrx_word' id='word_1_1' title='bbox 823 359 929 424; x_wconf 72' lang='grc'><strong>495</strong></span> 
     </span>
    </p>
   </div>
   <div class='ocr_carea' id='block_1_2' title="bbox 2038 377 2740 445">
    <p class='ocr_par' dir='ltr' id='par_1_2' title="bbox 2038 377 2740 445">
     <span class='ocr_line' id='line_1_2' title="bbox 2038 377 2740 445; baseline 0.011 -7"><span class='ocrx_word' id='word_1_2' title='bbox 2038 379 2312 439; x_wconf 80' lang='lat' dir='ltr'><strong>&#39;l&#39;llEOl).</strong></span> <span class='ocrx_word' id='word_1_3' title='bbox 2347 377 2740 445; x_wconf 60' lang='lat' dir='ltr'><strong>BALSAMON</strong></span> 
     </span>
    </p>
   </div>
   <div class='ocr_carea' id='block_1_3' title="bbox 3921 395 4025 458">
    <p class='ocr_par' dir='ltr' id='par_1_3' title="bbox 3921 395 4025 458">
     <span class='ocr_line' id='line_1_3' title="bbox 3921 395 4025 458; baseline -0.01 0"><span class='ocrx_word' id='word_1_4' title='bbox 3921 395 4025 458; x_wconf 72' lang='grc'><strong>496</strong></span> 
     </span>
    </p>
   </div>
   <div class='ocr_carea' id='block_1_4' title="bbox 826 502 2494 587">
    <p class='ocr_par' dir='ltr' id='par_1_4' title="bbox 826 502 2494 577">
     <span class='ocr_line' id='line_1_4' title="bbox 826 502 2494 577; baseline 0.01 -29"><span class='ocrx_word' id='word_1_5' title='bbox 826 504 1093 559; x_wconf 84' lang='lat' dir='ltr'><strong>calorum,</strong></span> <span class='ocrx_word' id='word_1_6' title='bbox 1119 506 1383 555; x_wconf 85' lang='lat' dir='ltr'><strong>tormenta</strong></span> <span class='ocrx_word' id='word_1_7' title='bbox 1405 502 1657 557; x_wconf 83' lang='lat' dir='ltr'><strong>nimirum</strong></span> <span class='ocrx_word' id='word_1_8' title='bbox 1681 521 1799 573; x_wconf 76' lang='lat' dir='ltr'><strong>qua:</strong></span> <span class='ocrx_word' id='word_1_9' title='bbox 1823 521 1851 558; x_wconf 93' lang='lat' dir='ltr'><strong>a</strong></span> <span class='ocrx_word' id='word_1_10' title='bbox 1869 510 2110 577; x_wconf 75' lang='lat' dir='ltr'><strong>tyrannis</strong></span> <span class='ocrx_word' id='word_1_11' title='bbox 2140 510 2377 563; x_wconf 67' lang='lat' dir='ltr'><strong>inferuno</strong></span> <span class='ocrx_word' id='word_1_12' title='bbox 2402 518 2448 571; x_wconf 78' lang='grc' dir='ltr'><strong>Α</strong></span> <span class='ocrx_word' id='word_1_13' title='bbox 2474 528 2494 563; x_wconf 79' lang='grc' dir='ltr'><strong>τ</strong></span> 
     </span>
    </p>
   </div>
   <div class='ocr_carea' id='block_1_5' title="bbox 2352 502 4020 587">
    <p class='ocr_par' dir='ltr' id='par_1_5' title="bbox 2354 512 4020 587">
     <span class='ocr_line' id='line_1_5' title="bbox 2354 512 4020 587; baseline 0.005 -25"><span class='ocrx_word' id='word_1_14' title='bbox 2354 538 2377 551; x_wconf 81' lang='grc' dir='ltr'><strong><em>ο</em></strong></span> <span class='ocrx_word' id='word_1_15' title='bbox 2402 518 2448 571; x_wconf 77' lang='grc' dir='ltr'><strong>Α</strong></span> <span class='ocrx_word' id='word_1_16' title='bbox 2474 512 2568 575; x_wconf 88' lang='grc' dir='ltr'><strong>τάς</strong></span> <span class='ocrx_word' id='word_1_17' title='bbox 2599 514 2661 566; x_wconf 88' lang='grc' dir='ltr'><strong>ἐκ</strong></span> <span class='ocrx_word' id='word_1_18' title='bbox 2687 514 2792 568; x_wconf 88' lang='grc' dir='ltr'><strong>τῶν</strong></span> <span class='ocrx_word' id='word_1_19' title='bbox 2811 518 3080 586; x_wconf 71' lang='grc' dir='ltr'>τυράννων</span> <span class='ocrx_word' id='word_1_20' title='bbox 3113 516 3350 587; x_wconf 78' lang='grc' dir='ltr'>δηλονότι</span> <span class='ocrx_word' id='word_1_21' title='bbox 3380 517 3639 578; x_wconf 75' lang='grc' dir='ltr'>κολάσεις.</span> <span class='ocrx_word' id='word_1_22' title='bbox 3681 517 3817 569; x_wconf 75' lang='grc' dir='ltr'>Ἀλλ’</span> <span class='ocrx_word' id='word_1_23' title='bbox 3850 521 3898 571; x_wconf 81' lang='grc' dir='ltr'><strong>εί</strong></span> <span class='ocrx_word' id='word_1_24' title='bbox 3927 518 4020 571; x_wconf 78' lang='grc' dir='ltr'>καὶ</span> 
     </span>
    </p>
   </div>
   <div class='ocr_carea' id='block_1_6' title="bbox 826 588 2494 669">
    <p class='ocr_par' dir='ltr' id='par_1_6' title="bbox 826 588 2494 668">
     <span class='ocr_line' id='line_1_6' title="bbox 826 588 2494 668; baseline 0.008 -29"><span class='ocrx_word' id='word_1_25' title='bbox 826 598 933 643; x_wconf 92' lang='lat' dir='ltr'><strong>tur.</strong></span> <span class='ocrx_word' id='word_1_26' title='bbox 968 588 1069 641; x_wconf 85' lang='lat' dir='ltr'><strong>Sed</strong></span> <span class='ocrx_word' id='word_1_27' title='bbox 1094 593 1341 658; x_wconf 85' lang='lat' dir='ltr'><strong>quamvis</strong></span> <span class='ocrx_word' id='word_1_28' title='bbox 1368 606 1587 647; x_wconf 84' lang='lat' dir='ltr'><strong>accuset</strong></span> <span class='ocrx_word' id='word_1_29' title='bbox 1620 610 1713 649; x_wconf 91' lang='lat' dir='ltr'><strong>eos</strong></span> <span class='ocrx_word' id='word_1_30' title='bbox 1744 598 1835 663; x_wconf 89' lang='lat' dir='ltr'><strong>qui</strong></span> <span class='ocrx_word' id='word_1_31' title='bbox 1874 599 1972 650; x_wconf 85' lang='lat' dir='ltr'><strong>hoc</strong></span> <span class='ocrx_word' id='word_1_32' title='bbox 2005 600 2163 651; x_wconf 87' lang='lat' dir='ltr'><strong>modo</strong></span> <span class='ocrx_word' id='word_1_33' title='bbox 2193 615 2249 653; x_wconf 75' lang='lat' dir='ltr'><strong>se</strong></span> <span class='ocrx_word' id='word_1_34' title='bbox 2282 615 2373 668; x_wconf 76' lang='lat' dir='ltr'><strong>ge-</strong></span> <span class='ocrx_word' id='word_1_35' title='bbox 2476 618 2494 652; x_wconf 79' lang='grc' dir='ltr'><strong>ο</strong></span> 
     </span>
    </p>
   </div>
   <div class='ocr_carea' id='block_1_7' title="bbox 2349 588 4017 669">
    <p class='ocr_par' dir='ltr' id='par_1_7' title="bbox 2349 602 4017 669">
     <span class='ocr_line' id='line_1_7' title="bbox 2349 602 4017 669; baseline 0.004 -18"><span class='ocrx_word' id='word_1_36' title='bbox 2349 626 2373 637; x_wconf 95' lang='grc'><strong><em>-</em></strong></span> <span class='ocrx_word' id='word_1_37' title='bbox 2476 602 2711 656; x_wconf 77' lang='grc' dir='ltr'>αίτιᾶται</span> <span class='ocrx_word' id='word_1_38' title='bbox 2732 605 2854 667; x_wconf 81' lang='grc' dir='ltr'>τοὺς</span> <span class='ocrx_word' id='word_1_39' title='bbox 2874 605 3043 668; x_wconf 79' lang='grc' dir='ltr'>οὕτως</span> <span class='ocrx_word' id='word_1_40' title='bbox 3068 607 3361 668; x_wconf 80' lang='grc' dir='ltr'><strong>ποιοῦντας,</strong></span> <span class='ocrx_word' id='word_1_41' title='bbox 3383 609 3647 658; x_wconf 81' lang='grc' dir='ltr'><strong>κοινωνεῖν</strong></span> <span class='ocrx_word' id='word_1_42' title='bbox 3672 608 3805 669; x_wconf 85' lang='grc' dir='ltr'>τέως</span> <span class='ocrx_word' id='word_1_43' title='bbox 3833 610 4017 669; x_wconf 77' lang='grc' dir='ltr'>αὐτοῖς</span> 
     </span>
    </p>
   </div>
   <div class='ocr_carea' id='block_1_8' title="bbox 826 679 2494 764">
    <p class='ocr_par' dir='ltr' id='par_1_8' title="bbox 826 679 2494 747">
     <span class='ocr_line' id='line_1_8' title="bbox 826 679 2494 747; baseline 0.008 -17"><span class='ocrx_word' id='word_1_44' title='bbox 826 686 971 738; x_wconf 88' lang='lat' dir='ltr'><strong>runt,</strong></span> <span class='ocrx_word' id='word_1_45' title='bbox 1006 679 1138 747; x_wconf 86' lang='lat' dir='ltr'><strong>ipsis</strong></span> <span class='ocrx_word' id='word_1_46' title='bbox 1161 687 1341 735; x_wconf 90' lang='lat' dir='ltr'><strong>tamen</strong></span> <span class='ocrx_word' id='word_1_47' title='bbox 1365 696 1395 735; x_wconf 90' lang='lat' dir='ltr'><strong>a</strong></span> <span class='ocrx_word' id='word_1_48' title='bbox 1426 682 1674 738; x_wconf 86' lang='lat' dir='ltr'><strong>fidelibus</strong></span> <span class='ocrx_word' id='word_1_49' title='bbox 1706 686 2218 740; x_wconf 81' lang='lat' dir='ltr'><strong>communicandum</strong></span> <span class='ocrx_word' id='word_1_50' title='bbox 2252 704 2373 742; x_wconf 80' lang='lat' dir='ltr'><strong>esse</strong></span> <span class='ocrx_word' id='word_1_51' title='bbox 2473 709 2494 744; x_wconf 74' lang='grc' dir='ltr'><strong>ιι</strong></span> 
     </span>
    </p>
   </div>
   <div class='ocr_carea' id='block_1_9' title="bbox 2350 679 4018 764">
    <p class='ocr_par' dir='ltr' id='par_1_9' title="bbox 2350 693 4018 764">
     <span class='ocr_line' id='line_1_9' title="bbox 2350 693 4018 764; baseline 0.003 -22"><span class='ocrx_word' id='word_1_52' title='bbox 2350 704 2373 742; x_wconf 80' lang='lat' dir='ltr'><strong>c</strong></span> <span class='ocrx_word' id='word_1_53' title='bbox 2473 693 2597 754; x_wconf 84' lang='grc' dir='ltr'>τοὺς</span> <span class='ocrx_word' id='word_1_54' title='bbox 2624 696 2841 756; x_wconf 82' lang='grc' dir='ltr'>πιστοὺς</span> <span class='ocrx_word' id='word_1_55' title='bbox 2869 695 3220 757; x_wconf 87' lang='grc' dir='ltr'>διατάττεται,</span> <span class='ocrx_word' id='word_1_56' title='bbox 3245 698 3325 748; x_wconf 81' lang='grc' dir='ltr'>ὅτι</span> <span class='ocrx_word' id='word_1_57' title='bbox 3352 699 3407 747; x_wconf 90' lang='grc' dir='ltr'><strong>ἐν</strong></span> <span class='ocrx_word' id='word_1_58' title='bbox 3429 697 3644 764; x_wconf 84' lang='grc' dir='ltr'>ὀνόματι</span> <span class='ocrx_word' id='word_1_59' title='bbox 3661 696 3752 748; x_wconf 91' lang='grc' dir='ltr'><strong>τοῦ</strong></span> <span class='ocrx_word' id='word_1_60' title='bbox 3782 698 4018 764; x_wconf 86' lang='grc' dir='ltr'>Χριστου</span> 
     </span>
    </p>
   </div>
   <div class='ocr_carea' id='block_1_10' title="bbox 822 768 2367 844">
    <p class='ocr_par' dir='ltr' id='par_1_10' title="bbox 822 768 2367 844">
     <span class='ocr_line' id='line_1_10' title="bbox 822 768 2367 844; baseline 0.01 -29"><span class='ocrx_word' id='word_1_61' title='bbox 822 768 1082 831; x_wconf 82' lang='lat' dir='ltr'><strong>decernit,</strong></span> <span class='ocrx_word' id='word_1_62' title='bbox 1115 771 1257 838; x_wconf 89' lang='lat' dir='ltr'><strong>quod</strong></span> <span class='ocrx_word' id='word_1_63' title='bbox 1292 772 1346 824; x_wconf 93' lang='lat' dir='ltr'><strong>in</strong></span> <span class='ocrx_word' id='word_1_64' title='bbox 1380 774 1596 828; x_wconf 87' lang='lat' dir='ltr'><strong>nomine</strong></span> <span class='ocrx_word' id='word_1_65' title='bbox 1627 774 1824 828; x_wconf 85' lang='lat' dir='ltr'><strong>Christi</strong></span> <span class='ocrx_word' id='word_1_66' title='bbox 1846 776 1910 828; x_wconf 86' lang='lat' dir='ltr'><strong>ad</strong></span> <span class='ocrx_word' id='word_1_67' title='bbox 1938 777 2036 829; x_wconf 93' lang='lat' dir='ltr'><strong>hoc</strong></span> <span class='ocrx_word' id='word_1_68' title='bbox 2064 777 2367 844; x_wconf 86' lang='lat' dir='ltr'><strong>prodeunt:</strong></span> 
     </span>
    </p>
   </div>
   <div class='ocr_carea' id='block_1_11' title="bbox 822 854 2369 929">
    <p class='ocr_par' dir='ltr' id='par_1_11' title="bbox 822 854 2369 929">
     <span class='ocr_line' id='line_1_11' title="bbox 822 854 2369 929; baseline 0.006 -22"><span class='ocrx_word' id='word_1_69' title='bbox 822 854 1045 910; x_wconf 82' lang='lat' dir='ltr'><strong>ﬁdentes</strong></span> <span class='ocrx_word' id='word_1_70' title='bbox 1076 858 1321 912; x_wconf 82' lang='lat' dir='ltr'><strong>videlicet</strong></span> <span class='ocrx_word' id='word_1_71' title='bbox 1359 859 1597 925; x_wconf 85' lang='lat' dir='ltr'><strong>Christo,</strong></span> <span class='ocrx_word' id='word_1_72' title='bbox 1634 872 1726 915; x_wconf 92' lang='lat' dir='ltr'><strong>aut</strong></span> <span class='ocrx_word' id='word_1_73' title='bbox 1763 863 1815 916; x_wconf 91' lang='lat' dir='ltr'><strong>in</strong></span> <span class='ocrx_word' id='word_1_74' title='bbox 1847 864 1964 929; x_wconf 80' lang='lat' dir='ltr'><strong>ejus</strong></span> <span class='ocrx_word' id='word_1_75' title='bbox 2011 864 2229 917; x_wconf 86' lang='lat' dir='ltr'><strong>nomine</strong></span> <span class='ocrx_word' id='word_1_76' title='bbox 2268 866 2369 919; x_wconf 91' lang='lat' dir='ltr'><strong>sibi</strong></span> 
     </span>
    </p>
   </div>
   <div class='ocr_carea' id='block_1_12' title="bbox 819 950 2368 1020">
    <p class='ocr_par' dir='ltr' id='par_1_12' title="bbox 819 950 2368 1020">
     <span class='ocr_line' id='line_1_12' title="bbox 819 950 2368 1020; baseline 0.006 -24"><span class='ocrx_word' id='word_1_77' title='bbox 819 952 1091 1000; x_wconf 76' lang='lat' dir='ltr'><strong>certamen</strong></span> <span class='ocrx_word' id='word_1_78' title='bbox 1120 950 1475 1016; x_wconf 86' lang='lat' dir='ltr'><strong>deposcentes</strong></span> <span class='ocrx_word' id='word_1_79' title='bbox 1509 969 1523 1017; x_wconf 86' lang='lat'><strong>;</strong></span> <span class='ocrx_word' id='word_1_80' title='bbox 1573 952 1784 1007; x_wconf 85' lang='lat' dir='ltr'><strong>etiamsi</strong></span> <span class='ocrx_word' id='word_1_81' title='bbox 1819 952 1954 1005; x_wconf 88' lang='lat' dir='ltr'><strong>forte</strong></span> <span class='ocrx_word' id='word_1_82' title='bbox 1996 954 2136 1006; x_wconf 87' lang='lat' dir='ltr'><strong>illius</strong></span> <span class='ocrx_word' id='word_1_83' title='bbox 2169 969 2368 1020; x_wconf 64' lang='lat' dir='ltr'><strong>praece-</strong></span> 
     </span>
    </p>
   </div>
   <div class='ocr_carea' id='block_1_13' title="bbox 819 1036 2369 1109">
    <p class='ocr_par' dir='ltr' id='par_1_13' title="bbox 819 1036 2369 1109">
     <span class='ocr_line' id='line_1_13' title="bbox 819 1036 2369 1109; baseline 0.005 -22"><span class='ocrx_word' id='word_1_84' title='bbox 819 1036 990 1104; x_wconf 84' lang='lat' dir='ltr'><strong>ptioni</strong></span> <span class='ocrx_word' id='word_1_85' title='bbox 1013 1039 1193 1092; x_wconf 88' lang='lat' dir='ltr'><strong>minus</strong></span> <span class='ocrx_word' id='word_1_86' title='bbox 1228 1040 1614 1109; x_wconf 86' lang='lat' dir='ltr'><strong>obtemperent,</strong></span> <span class='ocrx_word' id='word_1_87' title='bbox 1639 1043 1884 1095; x_wconf 88' lang='lat' dir='ltr'><strong>docentis</strong></span> <span class='ocrx_word' id='word_1_88' title='bbox 1904 1050 2079 1109; x_wconf 78' lang='lat' dir='ltr'><strong>petere</strong></span> <span class='ocrx_word' id='word_1_89' title='bbox 2112 1058 2177 1095; x_wconf 91' lang='lat' dir='ltr'><strong>ne</strong></span> <span class='ocrx_word' id='word_1_90' title='bbox 2198 1050 2369 1095; x_wconf 87' lang='lat' dir='ltr'><strong>tente-</strong></span> 
     </span>
    </p>
   </div>
   <div class='ocr_carea' id='block_1_14' title="bbox 815 1128 2368 1198">
    <p class='ocr_par' dir='ltr' id='par_1_14' title="bbox 815 1128 2368 1198">
     <span class='ocr_line' id='line_1_14' title="bbox 815 1128 2368 1198; baseline 0.005 -22"><span class='ocrx_word' id='word_1_91' title='bbox 815 1139 956 1187; x_wconf 91' lang='lat' dir='ltr'><strong>mur,</strong></span> <span class='ocrx_word' id='word_1_92' title='bbox 998 1128 1077 1180; x_wconf 88' lang='lat' dir='ltr'><strong>vel</strong></span> <span class='ocrx_word' id='word_1_93' title='bbox 1109 1129 1268 1179; x_wconf 88' lang='lat' dir='ltr'><strong>etiam</strong></span> <span class='ocrx_word' id='word_1_94' title='bbox 1294 1129 1541 1198; x_wconf 81' lang='lat' dir='ltr'><strong>ignorent</strong></span> <span class='ocrx_word' id='word_1_95' title='bbox 1566 1131 1850 1183; x_wconf 88' lang='lat' dir='ltr'><strong>Dominum</strong></span> <span class='ocrx_word' id='word_1_96' title='bbox 1883 1131 2177 1185; x_wconf 77' lang='lat' dir='ltr'><strong>secessisse</strong></span> <span class='ocrx_word' id='word_1_97' title='bbox 2196 1132 2264 1184; x_wconf 89' lang='lat' dir='ltr'><strong>ab</strong></span> <span class='ocrx_word' id='word_1_98' title='bbox 2287 1132 2368 1183; x_wconf 89' lang='lat' dir='ltr'><strong>in-</strong></span> 
     </span>
    </p>
   </div>
   <div class='ocr_carea' id='block_1_15' title="bbox 815 1218 2367 1290">
    <p class='ocr_par' dir='ltr' id='par_1_15' title="bbox 815 1218 2367 1290">
     <span class='ocr_line' id='line_1_15' title="bbox 815 1218 2367 1290; baseline 0.003 -22"><span class='ocrx_word' id='word_1_99' title='bbox 815 1218 1164 1272; x_wconf 85' lang='lat' dir='ltr'><strong>sidiatoribus</strong></span> <span class='ocrx_word' id='word_1_100' title='bbox 1188 1221 1322 1284; x_wconf 87' lang='lat' dir='ltr'><strong>suis,</strong></span> <span class='ocrx_word' id='word_1_101' title='bbox 1357 1222 1682 1290; x_wconf 86' lang='lat' dir='ltr'><strong>solitumque</strong></span> <span class='ocrx_word' id='word_1_102' title='bbox 1735 1222 2025 1290; x_wconf 84' lang='lat' dir='ltr'><strong>aliquando</strong></span> <span class='ocrx_word' id='word_1_103' title='bbox 2056 1238 2160 1274; x_wconf 91' lang='lat' dir='ltr'><strong>non</strong></span> <span class='ocrx_word' id='word_1_104' title='bbox 2192 1223 2367 1290; x_wconf 80' lang='lat' dir='ltr'><strong>palam</strong></span> 
     </span>
    </p>
   </div>
   <div class='ocr_carea' id='block_1_16' title="bbox 813 1306 2367 1379">
    <p class='ocr_par' dir='ltr' id='par_1_16' title="bbox 813 1306 2367 1379">
     <span class='ocr_line' id='line_1_16' title="bbox 813 1306 2367 1379; baseline 0.003 -21"><span class='ocrx_word' id='word_1_105' title='bbox 813 1306 1179 1374; x_wconf 88' lang='lat' dir='ltr'><strong>deambulare,</strong></span> <span class='ocrx_word' id='word_1_106' title='bbox 1215 1325 1310 1363; x_wconf 83' lang='lat' dir='ltr'><strong>nec</strong></span> <span class='ocrx_word' id='word_1_107' title='bbox 1351 1326 1407 1364; x_wconf 89' lang='lat' dir='ltr'><strong>se</strong></span> <span class='ocrx_word' id='word_1_108' title='bbox 1449 1313 1620 1379; x_wconf 91' lang='lat' dir='ltr'><strong>ipsum</strong></span> <span class='ocrx_word' id='word_1_109' title='bbox 1645 1312 1949 1379; x_wconf 88' lang='lat' dir='ltr'><strong>prodidisse</strong></span> <span class='ocrx_word' id='word_1_110' title='bbox 1987 1320 2042 1365; x_wconf 91' lang='lat' dir='ltr'><strong>ut</strong></span> <span class='ocrx_word' id='word_1_111' title='bbox 2075 1319 2367 1379; x_wconf 88' lang='lat' dir='ltr'><strong>pateretur,</strong></span> 
     </span>
    </p>
   </div>
   <div class='ocr_carea' id='block_1_17' title="bbox 813 1400 2362 1471">
    <p class='ocr_par' dir='ltr' id='par_1_17' title="bbox 813 1400 2362 1471">
     <span class='ocr_line' id='line_1_17' title="bbox 813 1400 2362 1471; baseline 0.003 -21"><span class='ocrx_word' id='word_1_112' title='bbox 813 1413 996 1451; x_wconf 87' lang='lat' dir='ltr'><strong>verum</strong></span> <span class='ocrx_word' id='word_1_113' title='bbox 1023 1400 1090 1453; x_wconf 91' lang='lat' dir='ltr'><strong>ab</strong></span> <span class='ocrx_word' id='word_1_114' title='bbox 1114 1401 1235 1454; x_wconf 89' lang='lat' dir='ltr'><strong>aliis</strong></span> <span class='ocrx_word' id='word_1_115' title='bbox 1262 1404 1535 1469; x_wconf 91' lang='lat' dir='ltr'><strong>proditum</strong></span> <span class='ocrx_word' id='word_1_116' title='bbox 1563 1420 1577 1466; x_wconf 88' lang='lat'><strong>;</strong></span> <span class='ocrx_word' id='word_1_117' title='bbox 1614 1404 2039 1471; x_wconf 65' lang='lat' dir='ltr'><strong>praecepisseque</strong></span> <span class='ocrx_word' id='word_1_118' title='bbox 2066 1402 2362 1471; x_wconf 85' lang='lat' dir='ltr'><strong>discipulis,</strong></span> 
     </span>
    </p>
   </div>
   <div class='ocr_carea' id='block_1_18' title="bbox 812 1490 2366 1558">
    <p class='ocr_par' dir='ltr' id='par_1_18' title="bbox 812 1490 2366 1558">
     <span class='ocr_line' id='line_1_18' title="bbox 812 1490 2366 1558; baseline 0.003 -19"><span class='ocrx_word' id='word_1_119' title='bbox 812 1494 869 1540; x_wconf 92' lang='lat' dir='ltr'><strong>ut</strong></span> <span class='ocrx_word' id='word_1_120' title='bbox 898 1504 1006 1557; x_wconf 89' lang='lat' dir='ltr'><strong>quo</strong></span> <span class='ocrx_word' id='word_1_121' title='bbox 1039 1497 1281 1556; x_wconf 90' lang='lat' dir='ltr'><strong>tempore</strong></span> <span class='ocrx_word' id='word_1_122' title='bbox 1337 1492 1458 1542; x_wconf 91' lang='lat' dir='ltr'><strong>illos</strong></span> <span class='ocrx_word' id='word_1_123' title='bbox 1506 1490 1709 1543; x_wconf 89' lang='lat' dir='ltr'><strong>inimici</strong></span> <span class='ocrx_word' id='word_1_124' title='bbox 1763 1492 2184 1552; x_wconf 87' lang='lat' dir='ltr'><strong>insectarentur,</strong></span> <span class='ocrx_word' id='word_1_125' title='bbox 2220 1490 2366 1558; x_wconf 78' lang='lat' dir='ltr'><strong>fuge-</strong></span> 
     </span>
    </p>
   </div>
   <div class='ocr_carea' id='block_1_19' title="bbox 812 1577 2367 1645">
    <p class='ocr_par' dir='ltr' id='par_1_19' title="bbox 812 1577 2367 1645">
     <span class='ocr_line' id='line_1_19' title="bbox 812 1577 2367 1645; baseline 0.001 -16"><span class='ocrx_word' id='word_1_126' title='bbox 812 1586 929 1629; x_wconf 91' lang='lat' dir='ltr'><strong>rent</strong></span> <span class='ocrx_word' id='word_1_127' title='bbox 957 1591 986 1629; x_wconf 89' lang='lat' dir='ltr'><strong>e</strong></span> <span class='ocrx_word' id='word_1_128' title='bbox 1013 1577 1235 1631; x_wconf 78' lang='lat' dir='ltr'><strong>civitate</strong></span> <span class='ocrx_word' id='word_1_129' title='bbox 1270 1578 1323 1629; x_wconf 92' lang='lat' dir='ltr'><strong>in</strong></span> <span class='ocrx_word' id='word_1_130' title='bbox 1349 1578 1759 1638; x_wconf 85' lang='lat' dir='ltr'><strong>civitatem,nec</strong></span> <span class='ocrx_word' id='word_1_131' title='bbox 1777 1594 1834 1631; x_wconf 88' lang='lat' dir='ltr'><strong>se</strong></span> <span class='ocrx_word' id='word_1_132' title='bbox 1864 1580 2008 1645; x_wconf 91' lang='lat' dir='ltr'><strong>ipsos</strong></span> <span class='ocrx_word' id='word_1_133' title='bbox 2037 1580 2176 1631; x_wconf 91' lang='lat' dir='ltr'><strong>ultro</strong></span> <span class='ocrx_word' id='word_1_134' title='bbox 2198 1585 2367 1630; x_wconf 81' lang='lat' dir='ltr'><strong>torto-</strong></span> 
     </span>
    </p>
   </div>
   <div class='ocr_carea' id='block_1_20' title="bbox 810 1664 2365 1732">
    <p class='ocr_par' dir='ltr' id='par_1_20' title="bbox 810 1664 2365 1732">
     <span class='ocr_line' id='line_1_20' title="bbox 810 1664 2365 1732; baseline 0.001 -16"><span class='ocrx_word' id='word_1_135' title='bbox 810 1664 960 1717; x_wconf 87' lang='lat' dir='ltr'><strong>ribus</strong></span> <span class='ocrx_word' id='word_1_136' title='bbox 1004 1664 1299 1724; x_wconf 83' lang='lat' dir='ltr'><strong>traderent,</strong></span> <span class='ocrx_word' id='word_1_137' title='bbox 1357 1679 1425 1717; x_wconf 90' lang='lat' dir='ltr'><strong>ne</strong></span> <span class='ocrx_word' id='word_1_138' title='bbox 1476 1664 1722 1732; x_wconf 85' lang='lat' dir='ltr'><strong>pluribus</strong></span> <span class='ocrx_word' id='word_1_139' title='bbox 1754 1679 1810 1717; x_wconf 88' lang='lat' dir='ltr'><strong>se</strong></span> <span class='ocrx_word' id='word_1_140' title='bbox 1837 1664 2075 1717; x_wconf 63' lang='lat' dir='ltr'><strong>caedibus</strong></span> <span class='ocrx_word' id='word_1_141' title='bbox 2104 1664 2365 1718; x_wconf 89' lang='lat' dir='ltr'><strong>contami-</strong></span> 
     </span>
    </p>
   </div>
   <div class='ocr_carea' id='block_1_21' title="bbox 810 1754 2363 1830">
    <p class='ocr_par' dir='ltr' id='par_1_21' title="bbox 810 1754 2363 1830">
     <span class='ocr_line' id='line_1_21' title="bbox 810 1754 2363 1830; baseline 0.001 -24"><span class='ocrx_word' id='word_1_142' title='bbox 810 1754 971 1806; x_wconf 79' lang='lat' dir='ltr'><strong>nandi</strong></span> <span class='ocrx_word' id='word_1_143' title='bbox 1002 1768 1221 1807; x_wconf 84' lang='lat' dir='ltr'><strong>causam</strong></span> <span class='ocrx_word' id='word_1_144' title='bbox 1250 1754 1384 1822; x_wconf 87' lang='lat' dir='ltr'><strong>ipsis</strong></span> <span class='ocrx_word' id='word_1_145' title='bbox 1443 1755 1764 1822; x_wconf 67' lang='lat' dir='ltr'><strong>prmberent,</strong></span> <span class='ocrx_word' id='word_1_146' title='bbox 1798 1769 1891 1807; x_wconf 92' lang='lat' dir='ltr'><strong>eos</strong></span> <span class='ocrx_word' id='word_1_147' title='bbox 1917 1756 2060 1830; x_wconf 68' lang='lat' dir='ltr'><strong>velut</strong></span> <span class='ocrx_word' id='word_1_148' title='bbox 2091 1754 2363 1807; x_wconf 86' lang='lat' dir='ltr'><strong>irritantes</strong></span> 
     </span>
    </p>
   </div>
   <div class='ocr_carea' id='block_1_22' title="bbox 2475 783 4022 854">
    <p class='ocr_par' dir='ltr' id='par_1_22' title="bbox 2475 783 4022 854">
     <span class='ocr_line' id='line_1_22' title="bbox 2475 783 4022 854; baseline 0.003 -23"><span class='ocrx_word' id='word_1_149' title='bbox 2475 783 2830 851; x_wconf 80' lang='grc' dir='ltr'><strong>παρέρχονται</strong></span> <span class='ocrx_word' id='word_1_150' title='bbox 2866 788 2943 846; x_wconf 87' lang='grc' dir='ltr'><strong>είς</strong></span> <span class='ocrx_word' id='word_1_151' title='bbox 2972 787 3160 846; x_wconf 80' lang='grc' dir='ltr'>τοῦτο,</span> <span class='ocrx_word' id='word_1_152' title='bbox 3193 786 3512 854; x_wconf 71' lang='grc' dir='ltr'><strong>θαρροῦντες</strong></span> <span class='ocrx_word' id='word_1_153' title='bbox 3541 785 3735 853; x_wconf 83' lang='grc' dir='ltr'>δηλαδὴ</span> <span class='ocrx_word' id='word_1_154' title='bbox 3769 785 3848 852; x_wconf 81' lang='grc' dir='ltr'>τῷ</span> <span class='ocrx_word' id='word_1_155' title='bbox 3887 787 4022 854; x_wconf 74' lang='grc' dir='ltr'>Χριυ</span> 
     </span>
    </p>
   </div>
   <div class='ocr_carea' id='block_1_23' title="bbox 2475 870 4020 943">
    <p class='ocr_par' dir='ltr' id='par_1_23' title="bbox 2475 870 4020 943">
     <span class='ocr_line' id='line_1_23' title="bbox 2475 870 4020 943; baseline 0.002 -22"><span class='ocrx_word' id='word_1_156' title='bbox 2475 870 2600 939; x_wconf 83' lang='grc' dir='ltr'>στῷ,</span> <span class='ocrx_word' id='word_1_157' title='bbox 2633 872 2664 939; x_wconf 79' lang='grc' dir='ltr'>ἦ</span> <span class='ocrx_word' id='word_1_158' title='bbox 2695 872 2828 940; x_wconf 79' lang='grc' dir='ltr'>ὑπὲρ</span> <span class='ocrx_word' id='word_1_159' title='bbox 2868 872 2958 924; x_wconf 86' lang='grc' dir='ltr'><strong>τοῦ</strong></span> <span class='ocrx_word' id='word_1_160' title='bbox 3002 873 3257 941; x_wconf 87' lang='grc' dir='ltr'>ὀνόματος</span> <span class='ocrx_word' id='word_1_161' title='bbox 3296 873 3386 924; x_wconf 91' lang='grc' dir='ltr'><strong>τοῦ</strong></span> <span class='ocrx_word' id='word_1_162' title='bbox 3435 873 3664 943; x_wconf 80' lang='grc' dir='ltr'><strong>Χριστοῦ</strong></span> <span class='ocrx_word' id='word_1_163' title='bbox 3708 873 4020 941; x_wconf 74' lang='grc' dir='ltr'><strong>αἱρούμενοι</strong></span> 
     </span>
    </p>
   </div>
   <div class='ocr_carea' id='block_1_24' title="bbox 2470 959 4017 1031">
    <p class='ocr_par' dir='ltr' id='par_1_24' title="bbox 2470 959 4017 1031">
     <span class='ocr_line' id='line_1_24' title="bbox 2470 959 4017 1031; baseline 0.002 -22"><span class='ocrx_word' id='word_1_164' title='bbox 2470 959 2562 1009; x_wconf 80' lang='grc' dir='ltr'><strong>τὸν</strong></span> <span class='ocrx_word' id='word_1_165' title='bbox 2593 960 2806 1025; x_wconf 85' lang='grc' dir='ltr'>ἀγῶνα,</span> <span class='ocrx_word' id='word_1_166' title='bbox 2838 964 2883 1011; x_wconf 88' lang='grc' dir='ltr'><strong>εί</strong></span> <span class='ocrx_word' id='word_1_167' title='bbox 2912 962 3049 1029; x_wconf 78' lang='grc' dir='ltr'>τάχα</span> <span class='ocrx_word' id='word_1_168' title='bbox 3076 961 3169 1012; x_wconf 75' lang='grc' dir='ltr'><strong>καὶ</strong></span> <span class='ocrx_word' id='word_1_169' title='bbox 3195 963 3254 1013; x_wconf 89' lang='grc' dir='ltr'>οὑ</span> <span class='ocrx_word' id='word_1_170' title='bbox 3280 962 3417 1013; x_wconf 88' lang='grc' dir='ltr'><strong>κατά</strong></span> <span class='ocrx_word' id='word_1_171' title='bbox 3447 963 3541 1031; x_wconf 82' lang='grc' dir='ltr'>τὴν</span> <span class='ocrx_word' id='word_1_172' title='bbox 3563 964 3769 1013; x_wconf 87' lang='grc' dir='ltr'>ἐκείνου</span> <span class='ocrx_word' id='word_1_173' title='bbox 3802 963 4017 1014; x_wconf 79' lang='grc' dir='ltr'>ποιοῦσι</span> 
     </span>
    </p>
   </div>
   <div class='ocr_carea' id='block_1_25' title="bbox 2469 1049 4013 1121">
    <p class='ocr_par' dir='ltr' id='par_1_25' title="bbox 2469 1049 4013 1121">
     <span class='ocr_line' id='line_1_25' title="bbox 2469 1049 4013 1121; baseline 0.002 -22"><span class='ocrx_word' id='word_1_174' title='bbox 2469 1049 2828 1112; x_wconf 77' lang='grc' dir='ltr'><strong>διδασκαλίαν,</strong></span> <span class='ocrx_word' id='word_1_175' title='bbox 2873 1050 3210 1111; x_wconf 82' lang='grc' dir='ltr'>διδάσκοντος</span> <span class='ocrx_word' id='word_1_176' title='bbox 3255 1053 3421 1103; x_wconf 89' lang='grc' dir='ltr'>αίτεῖν</span> <span class='ocrx_word' id='word_1_177' title='bbox 3463 1053 3534 1120; x_wconf 77' lang='grc' dir='ltr'>μὴ</span> <span class='ocrx_word' id='word_1_178' title='bbox 3577 1052 4013 1121; x_wconf 73' lang='grc' dir='ltr'>πειρασθῆναι,η</span> 
     </span>
    </p>
   </div>
   <div class='ocr_carea' id='block_1_26' title="bbox 2471 1137 4014 1209">
    <p class='ocr_par' dir='ltr' id='par_1_26' title="bbox 2471 1137 4014 1209">
     <span class='ocr_line' id='line_1_26' title="bbox 2471 1137 4014 1209; baseline 0.002 -22"><span class='ocrx_word' id='word_1_179' title='bbox 2471 1138 2560 1188; x_wconf 84' lang='grc' dir='ltr'><strong>καὶ</strong></span> <span class='ocrx_word' id='word_1_180' title='bbox 2593 1137 2895 1203; x_wconf 77' lang='grc' dir='ltr'>ἀγνοοῦσιν,</span> <span class='ocrx_word' id='word_1_181' title='bbox 2924 1140 3002 1189; x_wconf 79' lang='grc' dir='ltr'>ὅτι</span> <span class='ocrx_word' id='word_1_182' title='bbox 3023 1142 3049 1191; x_wconf 90' lang='grc' dir='ltr'>ὁ</span> <span class='ocrx_word' id='word_1_183' title='bbox 3070 1139 3267 1208; x_wconf 84' lang='grc' dir='ltr'>Κύριος</span> <span class='ocrx_word' id='word_1_184' title='bbox 3299 1140 3563 1209; x_wconf 76' lang='grc' dir='ltr'>ὑπεχώρει</span> <span class='ocrx_word' id='word_1_185' title='bbox 3604 1140 3709 1190; x_wconf 81' lang='grc' dir='ltr'><strong>ἀπὸ</strong></span> <span class='ocrx_word' id='word_1_186' title='bbox 3753 1141 3860 1190; x_wconf 90' lang='grc' dir='ltr'><strong>τῶν</strong></span> <span class='ocrx_word' id='word_1_187' title='bbox 3892 1141 4014 1190; x_wconf 85' lang='grc' dir='ltr'>ἐπι-</span> 
     </span>
    </p>
   </div>
   <div class='ocr_carea' id='block_1_27' title="bbox 2469 1226 4015 1295">
    <p class='ocr_par' dir='ltr' id='par_1_27' title="bbox 2469 1226 4015 1295">
     <span class='ocr_line' id='line_1_27' title="bbox 2469 1226 4015 1295; baseline 0 -16"><span class='ocrx_word' id='word_1_188' title='bbox 2469 1227 2823 1279; x_wconf 77' lang='grc' dir='ltr'>ϐουλευόντων</span> <span class='ocrx_word' id='word_1_189' title='bbox 2859 1226 3038 1294; x_wconf 79' lang='grc' dir='ltr'>αὐτῷ,</span> <span class='ocrx_word' id='word_1_190' title='bbox 3086 1229 3179 1279; x_wconf 81' lang='grc' dir='ltr'><strong>καὶ</strong></span> <span class='ocrx_word' id='word_1_191' title='bbox 3222 1228 3365 1279; x_wconf 78' lang='grc' dir='ltr'>ἔστιν</span> <span class='ocrx_word' id='word_1_192' title='bbox 3401 1230 3487 1280; x_wconf 83' lang='grc' dir='ltr'><strong>ὅτε</strong></span> <span class='ocrx_word' id='word_1_193' title='bbox 3532 1230 3622 1279; x_wconf 77' lang='grc' dir='ltr'>καὶ</span> <span class='ocrx_word' id='word_1_194' title='bbox 3655 1229 3714 1279; x_wconf 84' lang='grc' dir='ltr'><strong>ού</strong></span> <span class='ocrx_word' id='word_1_195' title='bbox 3766 1228 4015 1295; x_wconf 82' lang='grc' dir='ltr'>φανερῶς</span> 
     </span>
    </p>
   </div>
   <div class='ocr_carea' id='block_1_28' title="bbox 2420 1319 4014 1388">
    <p class='ocr_par' dir='ltr' id='par_1_28' title="bbox 2420 1319 4014 1388">
     <span class='ocr_line' id='line_1_28' title="bbox 2420 1319 4014 1388; baseline 0.001 -21"><span class='ocrx_word' id='word_1_196' title='bbox 2420 1382 2423 1383; x_wconf 16' lang='grc' dir='ltr'><em>ν</em></span> <span class='ocrx_word' id='word_1_197' title='bbox 2469 1319 2803 1388; x_wconf 72' lang='grc' dir='ltr'>περιεπάτει,</span> <span class='ocrx_word' id='word_1_198' title='bbox 2846 1319 2938 1369; x_wconf 78' lang='grc' dir='ltr'><strong>καὶ</strong></span> <span class='ocrx_word' id='word_1_199' title='bbox 2972 1319 3052 1370; x_wconf 84' lang='grc' dir='ltr'><strong>δτι</strong></span> <span class='ocrx_word' id='word_1_200' title='bbox 3088 1319 3207 1370; x_wconf 81' lang='grc' dir='ltr'>οὐδὲ</span> <span class='ocrx_word' id='word_1_201' title='bbox 3252 1319 3438 1371; x_wconf 78' lang='grc' dir='ltr'>ἑαυτὸν</span> <span class='ocrx_word' id='word_1_202' title='bbox 3484 1320 3757 1387; x_wconf 86' lang='grc' dir='ltr'>παρέδωκε</span> <span class='ocrx_word' id='word_1_203' title='bbox 3799 1319 4014 1379; x_wconf 82' lang='grc' dir='ltr'>παθεῖν,</span> 
     </span>
    </p>
   </div>
   <div class='ocr_carea' id='block_1_29' title="bbox 2467 1406 4018 1477">
    <p class='ocr_par' dir='ltr' id='par_1_29' title="bbox 2467 1406 4018 1477">
     <span class='ocr_line' id='line_1_29' title="bbox 2467 1406 4018 1477; baseline -0.001 -17"><span class='ocrx_word' id='word_1_204' title='bbox 2467 1408 2598 1460; x_wconf 84' lang='grc' dir='ltr'><strong>ἀλλά</strong></span> <span class='ocrx_word' id='word_1_205' title='bbox 2628 1406 2891 1477; x_wconf 78' lang='grc' dir='ltr'>παρεδόθη</span> <span class='ocrx_word' id='word_1_206' title='bbox 2912 1424 2925 1437; x_wconf 79' lang='grc' dir='ltr'><strong>ο</strong></span> <span class='ocrx_word' id='word_1_207' title='bbox 2963 1409 3052 1459; x_wconf 80' lang='grc' dir='ltr'>καὶ</span> <span class='ocrx_word' id='word_1_208' title='bbox 3094 1410 3151 1460; x_wconf 91' lang='grc' dir='ltr'><strong>ἐν</strong></span> <span class='ocrx_word' id='word_1_209' title='bbox 3182 1410 3257 1477; x_wconf 85' lang='grc' dir='ltr'><strong>τῷ</strong></span> <span class='ocrx_word' id='word_1_210' title='bbox 3289 1408 3575 1460; x_wconf 84' lang='grc' dir='ltr'>διώκεσθαι</span> <span class='ocrx_word' id='word_1_211' title='bbox 3616 1410 3739 1469; x_wconf 72' lang='grc' dir='ltr'>τοὺς</span> <span class='ocrx_word' id='word_1_212' title='bbox 3771 1408 4018 1476; x_wconf 79' lang='grc' dir='ltr'>μαθητὰς</span> 
     </span>
    </p>
   </div>
   <div class='ocr_carea' id='block_1_30' title="bbox 2466 1496 4017 1564">
    <p class='ocr_par' dir='ltr' id='par_1_30' title="bbox 2466 1496 4017 1564">
     <span class='ocr_line' id='line_1_30' title="bbox 2466 1496 4017 1564; baseline -0.001 -14"><span class='ocrx_word' id='word_1_213' title='bbox 2466 1496 2647 1559; x_wconf 80' lang='grc' dir='ltr'>αὑτοῦ,</span> <span class='ocrx_word' id='word_1_214' title='bbox 2682 1497 2956 1561; x_wconf 77' lang='grc' dir='ltr'>διετάξατο</span> <span class='ocrx_word' id='word_1_215' title='bbox 3005 1497 3221 1564; x_wconf 86' lang='grc' dir='ltr'>φεύγειν</span> <span class='ocrx_word' id='word_1_216' title='bbox 3267 1499 3343 1559; x_wconf 83' lang='grc' dir='ltr'><strong>είς</strong></span> <span class='ocrx_word' id='word_1_217' title='bbox 3394 1498 3542 1550; x_wconf 87' lang='grc' dir='ltr'>πόλιν</span> <span class='ocrx_word' id='word_1_218' title='bbox 3570 1501 3631 1550; x_wconf 85' lang='grc' dir='ltr'><strong>ἐκ</strong></span> <span class='ocrx_word' id='word_1_219' title='bbox 3670 1499 3897 1559; x_wconf 83' lang='grc' dir='ltr'>πόλεως,</span> <span class='ocrx_word' id='word_1_220' title='bbox 3927 1498 4017 1549; x_wconf 76' lang='grc' dir='ltr'>καὶ</span> 
     </span>
    </p>
   </div>
   <div class='ocr_carea' id='block_1_31' title="bbox 2470 1585 4017 1657">
    <p class='ocr_par' dir='ltr' id='par_1_31' title="bbox 2470 1585 4017 1657">
     <span class='ocr_line' id='line_1_31' title="bbox 2470 1585 4017 1657; baseline -0.003 -18"><span class='ocrx_word' id='word_1_221' title='bbox 2470 1587 2541 1657; x_wconf 81' lang='grc' dir='ltr'>μὴ</span> <span class='ocrx_word' id='word_1_222' title='bbox 2573 1587 2883 1655; x_wconf 80' lang='grc' dir='ltr'>αὐτομολεῖν</span> <span class='ocrx_word' id='word_1_223' title='bbox 2928 1585 3061 1655; x_wconf 80' lang='grc' dir='ltr'>πρὸς</span> <span class='ocrx_word' id='word_1_224' title='bbox 3105 1588 3228 1647; x_wconf 84' lang='grc' dir='ltr'>τοὺς</span> <span class='ocrx_word' id='word_1_225' title='bbox 3269 1587 3550 1647; x_wconf 81' lang='grc' dir='ltr'>κολαστὰς,</span> <span class='ocrx_word' id='word_1_226' title='bbox 3600 1587 3683 1637; x_wconf 83' lang='grc' dir='ltr'>ἵνα</span> <span class='ocrx_word' id='word_1_227' title='bbox 3736 1585 3808 1654; x_wconf 75' lang='grc' dir='ltr'>μὴ</span> <span class='ocrx_word' id='word_1_228' title='bbox 3854 1587 4017 1637; x_wconf 79' lang='grc' dir='ltr'>αττιοι</span> 
     </span>
    </p>
   </div>
   <div class='ocr_carea' id='block_1_32' title="bbox 2465 1674 4015 1745">
    <p class='ocr_par' dir='ltr' id='par_1_32' title="bbox 2465 1674 4015 1745">
     <span class='ocr_line' id='line_1_32' title="bbox 2465 1674 4015 1745; baseline -0.005 -15"><span class='ocrx_word' id='word_1_229' title='bbox 2465 1679 2642 1739; x_wconf 84' lang='grc' dir='ltr'>αὐτοῖς</span> <span class='ocrx_word' id='word_1_230' title='bbox 2690 1677 2919 1742; x_wconf 85' lang='grc' dir='ltr'>γίνοιντο</span> <span class='ocrx_word' id='word_1_231' title='bbox 2972 1676 3226 1727; x_wconf 87' lang='grc' dir='ltr'>πλειόνων</span> <span class='ocrx_word' id='word_1_232' title='bbox 3280 1676 3485 1742; x_wconf 88' lang='grc' dir='ltr'>φόνων,</span> <span class='ocrx_word' id='word_1_233' title='bbox 3527 1675 3709 1745; x_wconf 84' lang='grc' dir='ltr'>ὥσπερ</span> <span class='ocrx_word' id='word_1_234' title='bbox 3763 1674 4015 1744; x_wconf 73' lang='grc' dir='ltr'>παραθήσ-</span> 
     </span>
    </p>
   </div>
   <div class='ocr_carea' id='block_1_33' title="bbox 2463 1756 4015 1836">
    <p class='ocr_par' dir='ltr' id='par_1_33' title="bbox 2463 1756 4015 1836">
     <span class='ocr_line' id='line_1_33' title="bbox 2463 1756 4015 1836; baseline -0.005 -17"><span class='ocrx_word' id='word_1_235' title='bbox 2463 1784 2645 1836; x_wconf 87' lang='grc' dir='ltr'>γοντες</span> <span class='ocrx_word' id='word_1_236' title='bbox 2673 1767 2865 1828; x_wconf 75' lang='grc' dir='ltr'>αὐτοὺς</span> <span class='ocrx_word' id='word_1_237' title='bbox 2896 1768 2973 1827; x_wconf 86' lang='grc' dir='ltr'><strong>είς</strong></span> <span class='ocrx_word' id='word_1_238' title='bbox 3008 1765 3104 1827; x_wconf 81' lang='grc' dir='ltr'><strong>τὰς</strong></span> <span class='ocrx_word' id='word_1_239' title='bbox 3150 1764 3289 1817; x_wconf 85' lang='grc' dir='ltr'>κατὰ</span> <span class='ocrx_word' id='word_1_240' title='bbox 3314 1756 3419 1816; x_wconf 77' lang='grc' dir='ltr'><strong>τῶν</strong></span> <span class='ocrx_word' id='word_1_241' title='bbox 3460 1764 3693 1815; x_wconf 79' lang='grc' dir='ltr'>εὐσεϐῶν</span> <span class='ocrx_word' id='word_1_242' title='bbox 3725 1762 4015 1831; x_wconf 78' lang='grc' dir='ltr'>τιμωρίας.</span> 
     </span>
    </p>
   </div>
   <div class='ocr_carea' id='block_1_34' title="bbox 810 1840 2478 1923">
    <p class='ocr_par' dir='ltr' id='par_1_34' title="bbox 810 1840 2478 1914">
     <span class='ocr_line' id='line_1_34' title="bbox 810 1840 2478 1914; baseline 0.001 -21"><span class='ocrx_word' id='word_1_243' title='bbox 810 1842 874 1894; x_wconf 83' lang='lat' dir='ltr'><strong>ad</strong></span> <span class='ocrx_word' id='word_1_244' title='bbox 909 1844 1172 1911; x_wconf 88' lang='lat' dir='ltr'><strong>supplicia</strong></span> <span class='ocrx_word' id='word_1_245' title='bbox 1204 1843 1308 1910; x_wconf 89' lang='lat' dir='ltr'><strong>piis</strong></span> <span class='ocrx_word' id='word_1_246' title='bbox 1361 1842 1672 1896; x_wconf 84' lang='lat' dir='ltr'><strong>hominibus</strong></span> <span class='ocrx_word' id='word_1_247' title='bbox 1732 1842 2039 1911; x_wconf 79' lang='lat' dir='ltr'><strong>irroganda.</strong></span> <span class='ocrx_word' id='word_1_248' title='bbox 2092 1840 2363 1910; x_wconf 66' lang='lat' dir='ltr'><strong>Aﬂettque</strong></span> <span class='ocrx_word' id='word_1_249' title='bbox 2396 1861 2435 1914; x_wconf 78' lang='grc' dir='ltr'>Β</span> <span class='ocrx_word' id='word_1_250' title='bbox 2464 1861 2478 1910; x_wconf 85' lang='grc' dir='ltr'>ι</span> 
     </span>
    </p>
   </div>
   <div class='ocr_carea' id='block_1_35' title="bbox 2347 1840 4015 1923">
    <p class='ocr_par' dir='ltr' id='par_1_35' title="bbox 2347 1849 4015 1923">
     <span class='ocr_line' id='line_1_35' title="bbox 2347 1849 4015 1923; baseline -0.01 -8"><span class='ocrx_word' id='word_1_251' title='bbox 2347 1856 2363 1894; x_wconf 69' lang='grc'><em>⁵</em></span> <span class='ocrx_word' id='word_1_252' title='bbox 2396 1861 2435 1914; x_wconf 90' lang='grc' dir='ltr'>Β</span> <span class='ocrx_word' id='word_1_253' title='bbox 2464 1860 2572 1912; x_wconf 76' lang='grc' dir='ltr'>Καὶ</span> <span class='ocrx_word' id='word_1_254' title='bbox 2599 1859 2721 1918; x_wconf 84' lang='grc' dir='ltr'>τοὺς</span> <span class='ocrx_word' id='word_1_255' title='bbox 2764 1856 3088 1917; x_wconf 81' lang='grc' dir='ltr'>ἀποστόλους</span> <span class='ocrx_word' id='word_1_256' title='bbox 3139 1854 3370 1923; x_wconf 83' lang='grc' dir='ltr'>παράγει</span> <span class='ocrx_word' id='word_1_257' title='bbox 3423 1854 3496 1914; x_wconf 82' lang='grc' dir='ltr'><strong>είς</strong></span> <span class='ocrx_word' id='word_1_258' title='bbox 3552 1853 3886 1918; x_wconf 75' lang='grc' dir='ltr'>ὑπόδειγμα,</span> <span class='ocrx_word' id='word_1_259' title='bbox 3926 1849 4015 1899; x_wconf 70' lang='grc' dir='ltr'><strong>τὸν</strong></span> 
     </span>
    </p>
   </div>
   <div class='ocr_carea' id='block_1_36' title="bbox 809 1932 2361 2002">
    <p class='ocr_par' dir='ltr' id='par_1_36' title="bbox 809 1932 2361 2002">
     <span class='ocr_line' id='line_1_36' title="bbox 809 1932 2361 2002; baseline -0.001 -17"><span class='ocrx_word' id='word_1_260' title='bbox 809 1935 1177 2001; x_wconf 87' lang='lat' dir='ltr'><strong>apostolorum</strong></span> <span class='ocrx_word' id='word_1_261' title='bbox 1236 1936 1562 2002; x_wconf 82' lang='lat' dir='ltr'><strong>exemplum,</strong></span> <span class='ocrx_word' id='word_1_262' title='bbox 1598 1933 1875 2002; x_wconf 87' lang='lat' dir='ltr'><strong>Stephani,</strong></span> <span class='ocrx_word' id='word_1_263' title='bbox 1917 1932 2126 1997; x_wconf 82' lang='lat' dir='ltr'><strong>Jacobi,</strong></span> <span class='ocrx_word' id='word_1_264' title='bbox 2174 1946 2237 1985; x_wconf 89' lang='lat' dir='ltr'><strong>ac</strong></span> <span class='ocrx_word' id='word_1_265' title='bbox 2267 1948 2361 1986; x_wconf 91' lang='lat' dir='ltr'><strong>su-</strong></span> 
     </span>
    </p>
   </div>
   <div class='ocr_carea' id='block_1_37' title="bbox 810 2021 2227 2092">
    <p class='ocr_par' dir='ltr' id='par_1_37' title="bbox 810 2021 2227 2092">
     <span class='ocr_line' id='line_1_37' title="bbox 810 2021 2227 2092; baseline 0.001 -19"><span class='ocrx_word' id='word_1_266' title='bbox 810 2040 1115 2092; x_wconf 84' lang='lat' dir='ltr'><strong>premorum</strong></span> <span class='ocrx_word' id='word_1_267' title='bbox 1144 2024 1349 2078; x_wconf 77' lang='lat' dir='ltr'><strong>ordinis</strong></span> <span class='ocrx_word' id='word_1_268' title='bbox 1382 2025 1462 2077; x_wconf 88' lang='lat' dir='ltr'><strong>sui</strong></span> <span class='ocrx_word' id='word_1_269' title='bbox 1499 2040 1781 2090; x_wconf 88' lang='lat' dir='ltr'><strong>procerum</strong></span> <span class='ocrx_word' id='word_1_270' title='bbox 1810 2023 1955 2077; x_wconf 88' lang='lat' dir='ltr'><strong>Petri</strong></span> <span class='ocrx_word' id='word_1_271' title='bbox 1984 2030 2036 2076; x_wconf 88' lang='lat' dir='ltr'><strong>et</strong></span> <span class='ocrx_word' id='word_1_272' title='bbox 2057 2021 2227 2075; x_wconf 87' lang='lat' dir='ltr'><strong>Pauli.</strong></span> 
     </span>
    </p>
   </div>
   <div class='ocr_carea' id='block_1_38' title="bbox 1421 2112 1752 2167">
    <p class='ocr_par' dir='ltr' id='par_1_38' title="bbox 1421 2112 1752 2167">
     <span class='ocr_line' id='line_1_38' title="bbox 1421 2112 1752 2167; baseline -0.009 0"><span class='ocrx_word' id='word_1_273' title='bbox 1421 2112 1645 2167; x_wconf 75' lang='lat' dir='ltr'><strong>CANON</strong></span> <span class='ocrx_word' id='word_1_274' title='bbox 1688 2113 1752 2165; x_wconf 79' lang='grc' dir='ltr'><strong>Χ.</strong></span> 
     </span>
    </p>
   </div>
   <div class='ocr_carea' id='block_1_39' title="bbox 886 2202 2360 2271">
    <p class='ocr_par' dir='ltr' id='par_1_39' title="bbox 886 2202 2360 2271">
     <span class='ocr_line' id='line_1_39' title="bbox 886 2202 2360 2271; baseline -0.001 -15"><span class='ocrx_word' id='word_1_275' title='bbox 886 2224 901 2249; x_wconf 77' lang='grc' dir='ltr'><strong>ι</strong></span> <span class='ocrx_word' id='word_1_276' title='bbox 947 2202 1097 2257; x_wconf 86' lang='lat' dir='ltr'><strong>Unde</strong></span> <span class='ocrx_word' id='word_1_277' title='bbox 1131 2219 1235 2257; x_wconf 89' lang='lat' dir='ltr'><strong>non</strong></span> <span class='ocrx_word' id='word_1_278' title='bbox 1282 2213 1362 2257; x_wconf 86' lang='lat' dir='ltr'><strong>est</strong></span> <span class='ocrx_word' id='word_1_279' title='bbox 1421 2218 1666 2270; x_wconf 69' lang='lat' dir='ltr'><strong>aequum,</strong></span> <span class='ocrx_word' id='word_1_280' title='bbox 1710 2212 1765 2255; x_wconf 91' lang='lat' dir='ltr'><strong>ut</strong></span> <span class='ocrx_word' id='word_1_281' title='bbox 1801 2204 1880 2257; x_wconf 86' lang='lat' dir='ltr'><strong>vel</strong></span> <span class='ocrx_word' id='word_1_282' title='bbox 1927 2204 2105 2256; x_wconf 85' lang='lat' dir='ltr'><strong>clerici</strong></span> <span class='ocrx_word' id='word_1_283' title='bbox 2136 2203 2225 2271; x_wconf 93' lang='lat' dir='ltr'><strong>qui</strong></span> <span class='ocrx_word' id='word_1_284' title='bbox 2262 2216 2360 2255; x_wconf 87' lang='lat' dir='ltr'><strong>sua</strong></span> 
     </span>
    </p>
   </div>
   <div class='ocr_carea' id='block_1_40' title="bbox 816 2294 2359 2362">
    <p class='ocr_par' dir='ltr' id='par_1_40' title="bbox 816 2294 2359 2362">
     <span class='ocr_line' id='line_1_40' title="bbox 816 2294 2359 2362; baseline 0.001 -18"><span class='ocrx_word' id='word_1_285' title='bbox 816 2314 834 2344; x_wconf 80' lang='grc' dir='ltr'><strong>ι</strong></span> <span class='ocrx_word' id='word_1_286' title='bbox 885 2304 1075 2361; x_wconf 89' lang='lat' dir='ltr'><strong>sponte</strong></span> <span class='ocrx_word' id='word_1_287' title='bbox 1098 2294 1442 2362; x_wconf 83' lang='lat' dir='ltr'><strong>aufugerunt,</strong></span> <span class='ocrx_word' id='word_1_288' title='bbox 1478 2294 1612 2361; x_wconf 85' lang='lat' dir='ltr'><strong>lapsi</strong></span> <span class='ocrx_word' id='word_1_289' title='bbox 1641 2301 1813 2345; x_wconf 89' lang='lat' dir='ltr'><strong>autem</strong></span> <span class='ocrx_word' id='word_1_290' title='bbox 1849 2303 1900 2347; x_wconf 89' lang='lat' dir='ltr'><strong>et</strong></span> <span class='ocrx_word' id='word_1_291' title='bbox 1938 2295 2182 2346; x_wconf 78' lang='lat' dir='ltr'><strong>relucta‘ti</strong></span> <span class='ocrx_word' id='word_1_292' title='bbox 2213 2301 2359 2356; x_wconf 88' lang='lat' dir='ltr'><strong>sunt,</strong></span> 
     </span>
    </p>
   </div>
   <div class='ocr_carea' id='block_1_41' title="bbox 816 2382 2361 2452">
    <p class='ocr_par' dir='ltr' id='par_1_41' title="bbox 816 2382 2361 2452">
     <span class='ocr_line' id='line_1_41' title="bbox 816 2382 2361 2452; baseline 0 -17"><span class='ocrx_word' id='word_1_293' title='bbox 816 2403 834 2434; x_wconf 84' lang='grc' dir='ltr'><strong>ι</strong></span> <span class='ocrx_word' id='word_1_294' title='bbox 882 2384 1113 2452; x_wconf 83' lang='lat' dir='ltr'><strong>amplius</strong></span> <span class='ocrx_word' id='word_1_295' title='bbox 1138 2384 1188 2435; x_wconf 92' lang='lat' dir='ltr'><strong>in</strong></span> <span class='ocrx_word' id='word_1_296' title='bbox 1221 2399 1376 2436; x_wconf 84' lang='lat' dir='ltr'><strong>sacro</strong></span> <span class='ocrx_word' id='word_1_297' title='bbox 1417 2384 1714 2436; x_wconf 87' lang='lat' dir='ltr'><strong>ministerio</strong></span> <span class='ocrx_word' id='word_1_298' title='bbox 1748 2390 2019 2447; x_wconf 89' lang='lat' dir='ltr'><strong>maneant,</strong></span> <span class='ocrx_word' id='word_1_299' title='bbox 2059 2389 2107 2434; x_wconf 93' lang='lat' dir='ltr'><strong>ut</strong></span> <span class='ocrx_word' id='word_1_300' title='bbox 2135 2384 2227 2448; x_wconf 93' lang='lat' dir='ltr'><strong>qui</strong></span> <span class='ocrx_word' id='word_1_301' title='bbox 2256 2382 2361 2435; x_wconf 86' lang='lat' dir='ltr'><strong>Do-</strong></span> 
     </span>
    </p>
   </div>
   <div class='ocr_carea' id='block_1_42' title="bbox 817 2472 2361 2545">
    <p class='ocr_par' dir='ltr' id='par_1_42' title="bbox 817 2472 2361 2545">
     <span class='ocr_line' id='line_1_42' title="bbox 817 2472 2361 2545; baseline -0.001 -20"><span class='ocrx_word' id='word_1_302' title='bbox 817 2494 837 2525; x_wconf 77' lang='grc' dir='ltr'><strong>ι</strong></span> <span class='ocrx_word' id='word_1_303' title='bbox 887 2475 1020 2528; x_wconf 88' lang='lat' dir='ltr'><strong>mini</strong></span> <span class='ocrx_word' id='word_1_304' title='bbox 1073 2490 1283 2545; x_wconf 75' lang='lat' dir='ltr'><strong>gregem</strong></span> <span class='ocrx_word' id='word_1_305' title='bbox 1318 2475 1653 2542; x_wconf 87' lang='lat' dir='ltr'><strong>reliquerint,</strong></span> <span class='ocrx_word' id='word_1_306' title='bbox 1679 2482 1730 2526; x_wconf 89' lang='lat' dir='ltr'><strong>et</strong></span> <span class='ocrx_word' id='word_1_307' title='bbox 1756 2488 1812 2527; x_wconf 89' lang='lat' dir='ltr'><strong>se</strong></span> <span class='ocrx_word' id='word_1_308' title='bbox 1839 2473 1984 2539; x_wconf 88' lang='lat' dir='ltr'><strong>ipsos</strong></span> <span class='ocrx_word' id='word_1_309' title='bbox 2025 2472 2361 2539; x_wconf 88' lang='lat' dir='ltr'><strong>vituperave-</strong></span> 
     </span>
    </p>
   </div>
   <div class='ocr_carea' id='block_1_43' title="bbox 817 2562 2357 2635">
    <p class='ocr_par' dir='ltr' id='par_1_43' title="bbox 817 2562 2357 2635">
     <span class='ocr_line' id='line_1_43' title="bbox 817 2562 2357 2635; baseline -0.003 -16"><span class='ocrx_word' id='word_1_310' title='bbox 817 2586 836 2619; x_wconf 78' lang='grc' dir='ltr'><strong>ι</strong></span> <span class='ocrx_word' id='word_1_311' title='bbox 881 2568 1022 2621; x_wconf 91' lang='lat' dir='ltr'><strong>rint:</strong></span> <span class='ocrx_word' id='word_1_312' title='bbox 1052 2568 1194 2635; x_wconf 91' lang='lat' dir='ltr'><strong>quod</strong></span> <span class='ocrx_word' id='word_1_313' title='bbox 1222 2567 1403 2620; x_wconf 90' lang='lat' dir='ltr'><strong>nullus</strong></span> <span class='ocrx_word' id='word_1_314' title='bbox 1432 2566 1556 2619; x_wconf 88' lang='lat' dir='ltr'><strong>fecit</strong></span> <span class='ocrx_word' id='word_1_315' title='bbox 1586 2580 1651 2617; x_wconf 75' lang='lat' dir='ltr'><strong>ex</strong></span> <span class='ocrx_word' id='word_1_316' title='bbox 1682 2565 1963 2633; x_wconf 84' lang='lat' dir='ltr'><strong>apostolis.</strong></span> <span class='ocrx_word' id='word_1_317' title='bbox 2005 2562 2214 2616; x_wconf 85' lang='lat' dir='ltr'><strong>Etenim</strong></span> <span class='ocrx_word' id='word_1_318' title='bbox 2236 2575 2357 2615; x_wconf 88' lang='lat' dir='ltr'><strong>cum</strong></span> 
     </span>
    </p>
   </div>
   <div class='ocr_carea' id='block_1_44' title="bbox 815 2655 2361 2725">
    <p class='ocr_par' dir='ltr' id='par_1_44' title="bbox 815 2655 2361 2725">
     <span class='ocr_line' id='line_1_44' title="bbox 815 2655 2361 2725; baseline -0.004 -14"><span class='ocrx_word' id='word_1_319' title='bbox 815 2676 837 2711; x_wconf 71' lang='grc' dir='ltr'><strong>ι</strong></span> <span class='ocrx_word' id='word_1_320' title='bbox 881 2660 1077 2712; x_wconf 65' lang='lat' dir='ltr'><strong>muttas</strong></span> <span class='ocrx_word' id='word_1_321' title='bbox 1130 2658 1530 2725; x_wconf 81' lang='lat' dir='ltr'><strong>persecutiones</strong></span> <span class='ocrx_word' id='word_1_322' title='bbox 1586 2657 1829 2717; x_wconf 88' lang='lat' dir='ltr'><strong>obiisset,</strong></span> <span class='ocrx_word' id='word_1_323' title='bbox 1864 2666 1915 2709; x_wconf 86' lang='lat' dir='ltr'><strong>et</strong></span> <span class='ocrx_word' id='word_1_324' title='bbox 1960 2655 2130 2708; x_wconf 87' lang='lat' dir='ltr'><strong>multa</strong></span> <span class='ocrx_word' id='word_1_325' title='bbox 2186 2661 2361 2707; x_wconf 84' lang='lat' dir='ltr'><strong>certa-</strong></span> 
     </span>
    </p>
   </div>
   <div class='ocr_carea' id='block_1_45' title="bbox 815 2744 2360 2814">
    <p class='ocr_par' dir='ltr' id='par_1_45' title="bbox 815 2744 2360 2814">
     <span class='ocr_line' id='line_1_45' title="bbox 815 2744 2360 2814; baseline -0.001 -15"><span class='ocrx_word' id='word_1_326' title='bbox 815 2765 836 2799; x_wconf 74' lang='grc' dir='ltr'><strong>ι</strong></span> <span class='ocrx_word' id='word_1_327' title='bbox 881 2748 1085 2801; x_wconf 86' lang='lat' dir='ltr'><strong>minum</strong></span> <span class='ocrx_word' id='word_1_328' title='bbox 1112 2746 1327 2814; x_wconf 62' lang='lat' dir='ltr'><strong>prtemia</strong></span> <span class='ocrx_word' id='word_1_329' title='bbox 1350 2747 1678 2800; x_wconf 88' lang='lat' dir='ltr'><strong>ostendisset</strong></span> <span class='ocrx_word' id='word_1_330' title='bbox 1708 2746 1897 2799; x_wconf 83' lang='lat' dir='ltr'><strong>beatus</strong></span> <span class='ocrx_word' id='word_1_331' title='bbox 1924 2746 2199 2813; x_wconf 85' lang='lat' dir='ltr'><strong>apostolus</strong></span> <span class='ocrx_word' id='word_1_332' title='bbox 2218 2744 2360 2798; x_wconf 86' lang='lat' dir='ltr'><strong>Pau-</strong></span> 
     </span>
    </p>
   </div>
   <div class='ocr_carea' id='block_1_46' title="bbox 815 2835 2358 2905">
    <p class='ocr_par' dir='ltr' id='par_1_46' title="bbox 815 2835 2358 2905">
     <span class='ocr_line' id='line_1_46' title="bbox 815 2835 2358 2905; baseline -0.001 -17"><span class='ocrx_word' id='word_1_333' title='bbox 815 2854 835 2888; x_wconf 75' lang='grc' dir='ltr'><strong>ι</strong></span> <span class='ocrx_word' id='word_1_334' title='bbox 884 2838 986 2897; x_wconf 86' lang='lat' dir='ltr'><strong>lus,</strong></span> <span class='ocrx_word' id='word_1_335' title='bbox 1022 2837 1198 2889; x_wconf 85' lang='lat' dir='ltr'><strong>sciens</strong></span> <span class='ocrx_word' id='word_1_336' title='bbox 1233 2851 1352 2889; x_wconf 90' lang='lat' dir='ltr'><strong>esse</strong></span> <span class='ocrx_word' id='word_1_337' title='bbox 1374 2837 1527 2905; x_wconf 75' lang='lat' dir='ltr'><strong>longe</strong></span> <span class='ocrx_word' id='word_1_338' title='bbox 1549 2837 1740 2889; x_wconf 88' lang='lat' dir='ltr'><strong>melius</strong></span> <span class='ocrx_word' id='word_1_339' title='bbox 1792 2835 2005 2887; x_wconf 79' lang='lat' dir='ltr'><strong>dissolvi</strong></span> <span class='ocrx_word' id='word_1_340' title='bbox 2034 2846 2081 2888; x_wconf 80' lang='lat' dir='ltr'><strong>et</strong></span> <span class='ocrx_word' id='word_1_341' title='bbox 2106 2851 2216 2888; x_wconf 80' lang='lat' dir='ltr'><strong>esse</strong></span> <span class='ocrx_word' id='word_1_342' title='bbox 2243 2850 2358 2887; x_wconf 87' lang='lat' dir='ltr'><strong>cum</strong></span> 
     </span>
    </p>
   </div>
   <div class='ocr_carea' id='block_1_47' title="bbox 813 2926 2359 2990">
    <p class='ocr_par' dir='ltr' id='par_1_47' title="bbox 813 2926 2359 2990">
     <span class='ocr_line' id='line_1_47' title="bbox 813 2926 2359 2990; baseline -0.001 -10"><span class='ocrx_word' id='word_1_343' title='bbox 813 2946 835 2980; x_wconf 73' lang='grc' dir='ltr'><strong>ι</strong></span> <span class='ocrx_word' id='word_1_344' title='bbox 883 2927 1093 2984; x_wconf 80' lang='lat' dir='ltr'><strong>Christo</strong></span> <span class='ocrx_word' id='word_1_345' title='bbox 1144 2940 1193 2990; x_wconf 77' lang='grc' dir='ltr'>ι,</span> <span class='ocrx_word' id='word_1_346' title='bbox 1226 2927 1388 2982; x_wconf 78' lang='lat' dir='ltr'><strong>infert</strong></span> <span class='ocrx_word' id='word_1_347' title='bbox 1422 2936 1473 2981; x_wconf 88' lang='lat' dir='ltr'><strong>et</strong></span> <span class='ocrx_word' id='word_1_348' title='bbox 1516 2927 1685 2980; x_wconf 88' lang='lat' dir='ltr'><strong>dicit:</strong></span> <span class='ocrx_word' id='word_1_349' title='bbox 1728 2926 1791 2979; x_wconf 88' lang='lat' dir='ltr'><strong>In</strong></span> <span class='ocrx_word' id='word_1_350' title='bbox 1819 2944 1974 2980; x_wconf 84' lang='lat' dir='ltr'><strong>carne</strong></span> <span class='ocrx_word' id='word_1_351' title='bbox 2026 2936 2199 2978; x_wconf 79' lang='lat' dir='ltr'><strong>autent</strong></span> <span class='ocrx_word' id='word_1_352' title='bbox 2246 2942 2359 2979; x_wconf 84' lang='lat' dir='ltr'><strong>ma-</strong></span> 
     </span>
    </p>
   </div>
   <div class='ocr_carea' id='block_1_48' title="bbox 813 3018 2358 3087">
    <p class='ocr_par' dir='ltr' id='par_1_48' title="bbox 813 3018 2358 3087">
     <span class='ocr_line' id='line_1_48' title="bbox 813 3018 2358 3087; baseline 0.003 -17"><span class='ocrx_word' id='word_1_353' title='bbox 813 3036 835 3070; x_wconf 73' lang='grc' dir='ltr'><strong>ι</strong></span> <span class='ocrx_word' id='word_1_354' title='bbox 882 3036 1017 3082; x_wconf 79' lang='lat' dir='ltr'><strong>nere,</strong></span> <span class='ocrx_word' id='word_1_355' title='bbox 1054 3019 1218 3087; x_wconf 85' lang='lat' dir='ltr'><strong>magis</strong></span> <span class='ocrx_word' id='word_1_356' title='bbox 1250 3020 1592 3071; x_wconf 77' lang='lat' dir='ltr'><strong>necessarium</strong></span> <span class='ocrx_word' id='word_1_357' title='bbox 1613 3030 1824 3087; x_wconf 83' lang='lat' dir='ltr'><strong>propter</strong></span> <span class='ocrx_word' id='word_1_358' title='bbox 1845 3035 1952 3072; x_wconf 84' lang='lat' dir='ltr'><strong>vos.</strong></span> <span class='ocrx_word' id='word_1_359' title='bbox 1991 3018 2358 3075; x_wconf 85' lang='lat' dir='ltr'><strong>Cousiderans</strong></span> 
     </span>
    </p>
   </div>
   <div class='ocr_carea' id='block_1_49' title="bbox 816 3108 2359 3172">
    <p class='ocr_par' dir='ltr' id='par_1_49' title="bbox 816 3108 2359 3172">
     <span class='ocr_line' id='line_1_49' title="bbox 816 3108 2359 3172; baseline 0.006 -15"><span class='ocrx_word' id='word_1_360' title='bbox 816 3124 834 3157; x_wconf 78' lang='grc' dir='ltr'><strong>ι</strong></span> <span class='ocrx_word' id='word_1_361' title='bbox 876 3112 1016 3161; x_wconf 89' lang='lat' dir='ltr'><strong>enim</strong></span> <span class='ocrx_word' id='word_1_362' title='bbox 1048 3123 1152 3161; x_wconf 93' lang='lat' dir='ltr'><strong>non</strong></span> <span class='ocrx_word' id='word_1_363' title='bbox 1182 3123 1355 3171; x_wconf 90' lang='lat' dir='ltr'><strong>suam,</strong></span> <span class='ocrx_word' id='word_1_364' title='bbox 1393 3108 1484 3162; x_wconf 78' lang='lat' dir='ltr'><strong>sed</strong></span> <span class='ocrx_word' id='word_1_365' title='bbox 1511 3108 1799 3162; x_wconf 90' lang='lat' dir='ltr'><strong>multorum</strong></span> <span class='ocrx_word' id='word_1_366' title='bbox 1832 3110 2139 3172; x_wconf 83' lang='lat' dir='ltr'><strong>utilitatem,</strong></span> <span class='ocrx_word' id='word_1_367' title='bbox 2168 3118 2224 3164; x_wconf 84' lang='lat' dir='ltr'><strong>ut</strong></span> <span class='ocrx_word' id='word_1_368' title='bbox 2246 3127 2359 3165; x_wconf 88' lang='lat' dir='ltr'><strong>ser-</strong></span> 
     </span>
    </p>
   </div>
   <div class='ocr_carea' id='block_1_50' title="bbox 2463 1939 4015 2016">
    <p class='ocr_par' dir='ltr' id='par_1_50' title="bbox 2463 1939 4015 2016">
     <span class='ocr_line' id='line_1_50' title="bbox 2463 1939 4015 2016; baseline -0.007 -15"><span class='ocrx_word' id='word_1_369' title='bbox 2463 1950 2727 2016; x_wconf 86' lang='grc' dir='ltr'>Στέφανον</span> <span class='ocrx_word' id='word_1_370' title='bbox 2750 1988 2764 2010; x_wconf 96' lang='grc'><strong>,</strong></span> <span class='ocrx_word' id='word_1_371' title='bbox 2810 1947 2899 1999; x_wconf 83' lang='grc' dir='ltr'><strong>τὸν</strong></span> <span class='ocrx_word' id='word_1_372' title='bbox 2940 1944 3189 1998; x_wconf 85' lang='grc' dir='ltr'>Ἰάκωϐον</span> <span class='ocrx_word' id='word_1_373' title='bbox 3209 1984 3223 2008; x_wconf 92' lang='grc'><strong>,</strong></span> <span class='ocrx_word' id='word_1_374' title='bbox 3258 1946 3350 1998; x_wconf 71' lang='grc' dir='ltr'><strong>καὶ</strong></span> <span class='ocrx_word' id='word_1_375' title='bbox 3391 1945 3514 2003; x_wconf 83' lang='grc' dir='ltr'>τοὺς</span> <span class='ocrx_word' id='word_1_376' title='bbox 3554 1939 4015 2012; x_wconf 62' lang='grc' dir='ltr'>κορυφαιοτάτους</span> 
     </span>
    </p>
   </div>
   <div class='ocr_carea' id='block_1_51' title="bbox 2462 2036 3035 2110">
    <p class='ocr_par' dir='ltr' id='par_1_51' title="bbox 2462 2036 3035 2110">
     <span class='ocr_line' id='line_1_51' title="bbox 2462 2036 3035 2110; baseline -0.009 -19"><span class='ocrx_word' id='word_1_377' title='bbox 2462 2039 2665 2110; x_wconf 81' lang='grc' dir='ltr'>Πέτρον</span> <span class='ocrx_word' id='word_1_378' title='bbox 2694 2039 2785 2089; x_wconf 71' lang='grc' dir='ltr'><strong>καὶ</strong></span> <span class='ocrx_word' id='word_1_379' title='bbox 2809 2036 3035 2089; x_wconf 85' lang='grc' dir='ltr'>Παῦλον.</span> 
     </span>
    </p>
   </div>
   <div class='ocr_carea' id='block_1_52' title="bbox 3073 2126 3400 2177">
    <p class='ocr_par' dir='ltr' id='par_1_52' title="bbox 3073 2126 3400 2177">
     <span class='ocr_line' id='line_1_52' title="bbox 3073 2126 3400 2177; baseline -0.003 0"><span class='ocrx_word' id='word_1_380' title='bbox 3073 2126 3308 2177; x_wconf 69' lang='grc' dir='ltr'><strong>ΚΔΝΩΝ</strong></span> <span class='ocrx_word' id='word_1_381' title='bbox 3347 2128 3400 2177; x_wconf 87' lang='lat' dir='ltr'><strong>I’.</strong></span> 
     </span>
    </p>
   </div>
   <div class='ocr_carea' id='block_1_53' title="bbox 2535 2211 4014 2288">
    <p class='ocr_par' dir='ltr' id='par_1_53' title="bbox 2535 2211 4014 2288">
     <span class='ocr_line' id='line_1_53' title="bbox 2535 2211 4014 2288; baseline -0.005 -18"><span class='ocrx_word' id='word_1_382' title='bbox 2535 2238 2553 2270; x_wconf 87' lang='grc' dir='ltr'><strong>ι</strong></span> <span class='ocrx_word' id='word_1_383' title='bbox 2591 2218 2746 2271; x_wconf 86' lang='grc' dir='ltr'>Ὅθεν</span> <span class='ocrx_word' id='word_1_384' title='bbox 2771 2218 2844 2288; x_wconf 81' lang='lat'><strong>(5)</strong></span> <span class='ocrx_word' id='word_1_385' title='bbox 2872 2220 2969 2271; x_wconf 79' lang='grc' dir='ltr'><strong>οὐκ</strong></span> <span class='ocrx_word' id='word_1_386' title='bbox 2992 2217 3134 2269; x_wconf 79' lang='grc' dir='ltr'>ἐστιν</span> <span class='ocrx_word' id='word_1_387' title='bbox 3164 2215 3375 2280; x_wconf 69' lang='grc' dir='ltr'>εὔλογον</span> <span class='ocrx_word' id='word_1_388' title='bbox 3406 2216 3522 2265; x_wconf 73' lang='grc' dir='ltr'>οὐδὲ</span> <span class='ocrx_word' id='word_1_389' title='bbox 3544 2215 3665 2274; x_wconf 72' lang='grc' dir='ltr'>τοὺς</span> <span class='ocrx_word' id='word_1_390' title='bbox 3686 2211 3791 2264; x_wconf 77' lang='grc' dir='ltr'><strong>ἀπὸ</strong></span> <span class='ocrx_word' id='word_1_391' title='bbox 3814 2211 4014 2279; x_wconf 74' lang='grc' dir='ltr'>κλήρου</span> 
     </span>
    </p>
   </div>
   <div class='ocr_carea' id='block_1_54' title="bbox 2466 2299 4015 2377">
    <p class='ocr_par' dir='ltr' id='par_1_54' title="bbox 2466 2299 4015 2377">
     <span class='ocr_line' id='line_1_54' title="bbox 2466 2299 4015 2377; baseline -0.006 -19"><span class='ocrx_word' id='word_1_392' title='bbox 2466 2326 2483 2358; x_wconf 81' lang='grc' dir='ltr'><strong>ι</strong></span> <span class='ocrx_word' id='word_1_393' title='bbox 2521 2308 3005 2377; x_wconf 74' lang='grc' dir='ltr'>αὐτομολήσαντας,</span> <span class='ocrx_word' id='word_1_394' title='bbox 3053 2305 3469 2372; x_wconf 76' lang='grc' dir='ltr'>ἐκπεπτωκότας</span> <span class='ocrx_word' id='word_1_395' title='bbox 3498 2320 3554 2354; x_wconf 87' lang='grc' dir='ltr'><strong>τε</strong></span> <span class='ocrx_word' id='word_1_396' title='bbox 3596 2303 3685 2353; x_wconf 74' lang='grc' dir='ltr'><strong>καὶ</strong></span> <span class='ocrx_word' id='word_1_397' title='bbox 3718 2299 4015 2352; x_wconf 76' lang='grc' dir='ltr'>ἀναπαλαί-</span> 
     </span>
    </p>
   </div>
   <div class='ocr_carea' id='block_1_55' title="bbox 2464 2389 4016 2465">
    <p class='ocr_par' dir='ltr' id='par_1_55' title="bbox 2464 2389 4016 2465">
     <span class='ocr_line' id='line_1_55' title="bbox 2464 2389 4016 2465; baseline -0.006 -16"><span class='ocrx_word' id='word_1_398' title='bbox 2464 2417 2483 2449; x_wconf 81' lang='grc' dir='ltr'><strong>ι</strong></span> <span class='ocrx_word' id='word_1_399' title='bbox 2525 2414 2741 2459; x_wconf 84' lang='grc' dir='ltr'>σαντας,</span> <span class='ocrx_word' id='word_1_400' title='bbox 2770 2398 2847 2449; x_wconf 81' lang='grc' dir='ltr'>ἔτι</span> <span class='ocrx_word' id='word_1_401' title='bbox 2885 2399 2941 2449; x_wconf 92' lang='grc' dir='ltr'><strong>ἐν</strong></span> <span class='ocrx_word' id='word_1_402' title='bbox 2974 2398 3037 2465; x_wconf 82' lang='grc' dir='ltr'>τῇ</span> <span class='ocrx_word' id='word_1_403' title='bbox 3084 2394 3388 2464; x_wconf 76' lang='grc' dir='ltr'>λειτουργίᾳ</span> <span class='ocrx_word' id='word_1_404' title='bbox 3424 2389 3589 2454; x_wconf 77' lang='grc' dir='ltr'>εἶναι,</span> <span class='ocrx_word' id='word_1_405' title='bbox 3626 2394 3716 2444; x_wconf 83' lang='grc' dir='ltr'>ᾰτε</span> <span class='ocrx_word' id='word_1_406' title='bbox 3751 2391 3813 2457; x_wconf 82' lang='grc' dir='ltr'>δὴ</span> <span class='ocrx_word' id='word_1_407' title='bbox 3848 2406 4016 2440; x_wconf 84' lang='grc' dir='ltr'>κατα-</span> 
     </span>
    </p>
   </div>
   <div class='ocr_carea' id='block_1_56' title="bbox 2465 2480 4017 2555">
    <p class='ocr_par' dir='ltr' id='par_1_56' title="bbox 2465 2480 4017 2555">
     <span class='ocr_line' id='line_1_56' title="bbox 2465 2480 4017 2555; baseline -0.006 -18"><span class='ocrx_word' id='word_1_408' title='bbox 2465 2506 2483 2537; x_wconf 82' lang='grc' dir='ltr'><strong>ι</strong></span> <span class='ocrx_word' id='word_1_409' title='bbox 2522 2487 2809 2555; x_wconf 83' lang='grc' dir='ltr'>λείψαντας</span> <span class='ocrx_word' id='word_1_410' title='bbox 2841 2486 2900 2539; x_wconf 80' lang='grc' dir='ltr'><strong>τὸ</strong></span> <span class='ocrx_word' id='word_1_411' title='bbox 2927 2484 3173 2555; x_wconf 81' lang='grc' dir='ltr'>ποίμνιον</span> <span class='ocrx_word' id='word_1_412' title='bbox 3208 2484 3411 2552; x_wconf 79' lang='grc' dir='ltr'>Κυρίου</span> <span class='ocrx_word' id='word_1_413' title='bbox 3446 2484 3537 2533; x_wconf 79' lang='grc' dir='ltr'><strong>καὶ</strong></span> <span class='ocrx_word' id='word_1_414' title='bbox 3585 2480 4017 2550; x_wconf 71' lang='grc' dir='ltr'>μωμησαμένους</span> 
     </span>
    </p>
   </div>
   <div class='ocr_carea' id='block_1_57' title="bbox 2466 2569 4019 2647">
    <p class='ocr_par' dir='ltr' id='par_1_57' title="bbox 2466 2569 4019 2647">
     <span class='ocr_line' id='line_1_57' title="bbox 2466 2569 4019 2647; baseline -0.006 -19"><span class='ocrx_word' id='word_1_415' title='bbox 2466 2596 2483 2628; x_wconf 84' lang='grc' dir='ltr'><strong>ι</strong></span> <span class='ocrx_word' id='word_1_416' title='bbox 2522 2578 2739 2638; x_wconf 85' lang='grc' dir='ltr'>ἐαυτούς</span> <span class='ocrx_word' id='word_1_417' title='bbox 2759 2594 2771 2605; x_wconf 89' lang='grc'>·</span> <span class='ocrx_word' id='word_1_418' title='bbox 2797 2579 2930 2647; x_wconf 84' lang='grc' dir='ltr'>ὅπερ</span> <span class='ocrx_word' id='word_1_419' title='bbox 2949 2576 3118 2637; x_wconf 82' lang='grc' dir='ltr'>οὐδεὶς</span> <span class='ocrx_word' id='word_1_420' title='bbox 3140 2574 3245 2626; x_wconf 91' lang='grc' dir='ltr'><strong>τῶν</strong></span> <span class='ocrx_word' id='word_1_421' title='bbox 3268 2572 3570 2625; x_wconf 83' lang='grc' dir='ltr'>ἀποστόλων</span> <span class='ocrx_word' id='word_1_422' title='bbox 3600 2569 3883 2639; x_wconf 80' lang='grc' dir='ltr'>πεποίηκε.</span> <span class='ocrx_word' id='word_1_423' title='bbox 3910 2569 4019 2619; x_wconf 74' lang='grc' dir='ltr'><strong>Καὶ</strong></span> 
     </span>
    </p>
   </div>
   <div class='ocr_carea' id='block_1_58' title="bbox 2468 2654 4015 2735">
    <p class='ocr_par' dir='ltr' id='par_1_58' title="bbox 2468 2654 4015 2735">
     <span class='ocr_line' id='line_1_58' title="bbox 2468 2654 4015 2735; baseline -0.006 -20"><span class='ocrx_word' id='word_1_424' title='bbox 2468 2684 2485 2715; x_wconf 78' lang='grc' dir='ltr'><strong>ι</strong></span> <span class='ocrx_word' id='word_1_425' title='bbox 2526 2665 2632 2735; x_wconf 78' lang='grc' dir='ltr'>γὰρ</span> <span class='ocrx_word' id='word_1_426' title='bbox 2663 2667 2690 2717; x_wconf 88' lang='grc' dir='ltr'><strong>ό</strong></span> <span class='ocrx_word' id='word_1_427' title='bbox 2721 2664 2941 2725; x_wconf 76' lang='grc' dir='ltr'>πολλοὺς</span> <span class='ocrx_word' id='word_1_428' title='bbox 2981 2662 3250 2731; x_wconf 85' lang='grc' dir='ltr'>διωγμοὺς</span> <span class='ocrx_word' id='word_1_429' title='bbox 3289 2661 3545 2725; x_wconf 74' lang='grc' dir='ltr'>ἐξανύσας</span> <span class='ocrx_word' id='word_1_430' title='bbox 3590 2658 3684 2727; x_wconf 84' lang='grc'>(6),</span> <span class='ocrx_word' id='word_1_431' title='bbox 3738 2654 3907 2709; x_wconf 75' lang='grc' dir='ltr'>πόλλά</span> <span class='ocrx_word' id='word_1_432' title='bbox 3960 2672 4015 2705; x_wconf 86' lang='grc' dir='ltr'><strong>τε</strong></span> 
     </span>
    </p>
   </div>
   <div class='ocr_carea' id='block_1_59' title="bbox 2467 2748 4018 2823">
    <p class='ocr_par' dir='ltr' id='par_1_59' title="bbox 2467 2748 4018 2823">
     <span class='ocr_line' id='line_1_59' title="bbox 2467 2748 4018 2823; baseline -0.006 -18"><span class='ocrx_word' id='word_1_433' title='bbox 2467 2772 2485 2805; x_wconf 80' lang='grc' dir='ltr'><strong>ι</strong></span> <span class='ocrx_word' id='word_1_434' title='bbox 2525 2750 2659 2806; x_wconf 82' lang='grc' dir='ltr'>ἆθλα</span> <span class='ocrx_word' id='word_1_435' title='bbox 2686 2755 3073 2823; x_wconf 84' lang='grc' dir='ltr'>ἀγωνισμάτων</span> <span class='ocrx_word' id='word_1_436' title='bbox 3104 2751 3487 2821; x_wconf 79' lang='grc' dir='ltr'>ἐνδειξάμενος.</span> <span class='ocrx_word' id='word_1_437' title='bbox 3525 2753 3551 2802; x_wconf 84' lang='grc' dir='ltr'>ὁ</span> <span class='ocrx_word' id='word_1_438' title='bbox 3584 2749 3847 2818; x_wconf 80' lang='grc' dir='ltr'>μακάριος</span> <span class='ocrx_word' id='word_1_439' title='bbox 3882 2748 4018 2798; x_wconf 62' lang='grc' dir='ltr'>ἀπει-</span> 
     </span>
    </p>
   </div>
   <div class='ocr_carea' id='block_1_60' title="bbox 2466 2838 4020 2913">
    <p class='ocr_par' dir='ltr' id='par_1_60' title="bbox 2466 2838 4020 2913">
     <span class='ocr_line' id='line_1_60' title="bbox 2466 2838 4020 2913; baseline -0.01 -14"><span class='ocrx_word' id='word_1_440' title='bbox 2466 2867 2484 2899; x_wconf 72' lang='lat' dir='ltr'><strong>t</strong></span> <span class='ocrx_word' id='word_1_441' title='bbox 2522 2848 2701 2908; x_wconf 86' lang='grc' dir='ltr'>στολος</span> <span class='ocrx_word' id='word_1_442' title='bbox 2725 2846 2769 2877; x_wconf 69' lang='grc'><strong>³⁸</strong></span> <span class='ocrx_word' id='word_1_443' title='bbox 2807 2845 3047 2910; x_wconf 86' lang='grc' dir='ltr'>Παῦλος,</span> <span class='ocrx_word' id='word_1_444' title='bbox 3093 2843 3342 2913; x_wconf 80' lang='grc' dir='ltr'>ἐγνωκὼς</span> <span class='ocrx_word' id='word_1_445' title='bbox 3375 2860 3431 2895; x_wconf 87' lang='grc' dir='ltr'><strong>τε</strong></span> <span class='ocrx_word' id='word_1_446' title='bbox 3477 2843 3555 2893; x_wconf 85' lang='grc' dir='ltr'><strong>ὅτι</strong></span> <span class='ocrx_word' id='word_1_447' title='bbox 3605 2839 3815 2897; x_wconf 77' lang='grc' dir='ltr'>κάλλιόν</span> <span class='ocrx_word' id='word_1_448' title='bbox 3872 2838 4020 2886; x_wconf 82' lang='grc' dir='ltr'>ἐστιν</span> 
     </span>
    </p>
   </div>
   <div class='ocr_carea' id='block_1_61' title="bbox 2465 2922 4020 3001">
    <p class='ocr_par' dir='ltr' id='par_1_61' title="bbox 2465 2922 4020 3001">
     <span class='ocr_line' id='line_1_61' title="bbox 2465 2922 4020 3001; baseline -0.01 -13"><span class='ocrx_word' id='word_1_449' title='bbox 2465 2955 2485 2988; x_wconf 73' lang='grc' dir='ltr'><em>α</em></span> <span class='ocrx_word' id='word_1_450' title='bbox 2521 2935 2816 2990; x_wconf 65' lang='grc' dir='ltr'>ἀναλῦσαι</span> <span class='ocrx_word' id='word_1_451' title='bbox 2862 2935 2955 2985; x_wconf 81' lang='grc' dir='ltr'><strong>καί</strong></span> <span class='ocrx_word' id='word_1_452' title='bbox 2992 2933 3112 2986; x_wconf 85' lang='grc' dir='ltr'>σὺν</span> <span class='ocrx_word' id='word_1_453' title='bbox 3156 2931 3382 3001; x_wconf 82' lang='grc' dir='ltr'>Χριστῷ</span> <span class='ocrx_word' id='word_1_454' title='bbox 3414 2927 3586 2991; x_wconf 75' lang='grc' dir='ltr'>εἶναι,</span> <span class='ocrx_word' id='word_1_455' title='bbox 3630 2925 3876 2993; x_wconf 73' lang='grc' dir='ltr'>ἐπιφέρει</span> <span class='ocrx_word' id='word_1_456' title='bbox 3925 2922 4020 2973; x_wconf 79' lang='grc' dir='ltr'><strong>καὶ</strong></span> 
     </span>
    </p>
   </div>
   <div class='ocr_carea' id='block_1_62' title="bbox 2465 3013 4022 3095">
    <p class='ocr_par' dir='ltr' id='par_1_62' title="bbox 2465 3013 4022 3095">
     <span class='ocr_line' id='line_1_62' title="bbox 2465 3013 4022 3095; baseline -0.01 -16"><span class='ocrx_word' id='word_1_457' title='bbox 2465 3046 2484 3079; x_wconf 79' lang='grc' dir='ltr'><strong>ι</strong></span> <span class='ocrx_word' id='word_1_458' title='bbox 2514 3028 2691 3095; x_wconf 72' lang='grc' dir='ltr'>’λέγει’</span> <span class='ocrx_word' id='word_1_459' title='bbox 2725 3026 2793 3080; x_wconf 81' lang='grc' dir='ltr'><strong>Τὸ</strong></span> <span class='ocrx_word' id='word_1_460' title='bbox 2821 3025 2887 3077; x_wconf 83' lang='grc' dir='ltr'>δὲ</span> <span class='ocrx_word' id='word_1_461' title='bbox 2914 3020 3199 3093; x_wconf 72' lang='grc' dir='ltr'>ἐπιμεῖναι</span> <span class='ocrx_word' id='word_1_462' title='bbox 3239 3023 3311 3089; x_wconf 78' lang='grc' dir='ltr'>τῇ</span> <span class='ocrx_word' id='word_1_463' title='bbox 3334 3022 3530 3089; x_wconf 78' lang='grc' dir='ltr'>σαρκί,</span> <span class='ocrx_word' id='word_1_464' title='bbox 3559 3013 4022 3085; x_wconf 62' lang='grc' dir='ltr'>άιιαγκαιότὲρον</span> 
     </span>
    </p>
   </div>
   <div class='ocr_carea' id='block_1_63' title="bbox 2467 3105 4019 3187">
    <p class='ocr_par' dir='ltr' id='par_1_63' title="bbox 2467 3105 4019 3187">
     <span class='ocr_line' id='line_1_63' title="bbox 2467 3105 4019 3187; baseline -0.008 -17"><span class='ocrx_word' id='word_1_465' title='bbox 2467 3139 2484 3169; x_wconf 78' lang='grc' dir='ltr'><strong>ι</strong></span> <span class='ocrx_word' id='word_1_466' title='bbox 2523 3119 2594 3170; x_wconf 75' lang='grc' dir='ltr'>δι’</span> <span class='ocrx_word' id='word_1_467' title='bbox 2627 3118 2797 3186; x_wconf 75' lang='grc' dir='ltr'>ὑμᾶς.</span> <span class='ocrx_word' id='word_1_468' title='bbox 2849 3116 3069 3168; x_wconf 83' lang='grc' dir='ltr'>Σκοπῶν</span> <span class='ocrx_word' id='word_1_469' title='bbox 3101 3116 3208 3187; x_wconf 83' lang='grc' dir='ltr'>γὰρ</span> <span class='ocrx_word' id='word_1_470' title='bbox 3257 3116 3315 3167; x_wconf 84' lang='grc' dir='ltr'><strong>οὐ</strong></span> <span class='ocrx_word' id='word_1_471' title='bbox 3369 3112 3428 3164; x_wconf 71' lang='grc' dir='ltr'>τὸ</span> <span class='ocrx_word' id='word_1_472' title='bbox 3473 3108 3662 3165; x_wconf 87' lang='grc' dir='ltr'>ἐαυτοῦ</span> <span class='ocrx_word' id='word_1_473' title='bbox 3703 3105 4019 3174; x_wconf 74' lang='grc' dir='ltr'>συμφέρον.</span> 
     </span>
    </p>
   </div>
   <div class='ocr_carea' id='block_1_64' title="bbox 812 3189 2480 3279">
    <p class='ocr_par' dir='ltr' id='par_1_64' title="bbox 812 3189 2480 3266">
     <span class='ocr_line' id='line_1_64' title="bbox 812 3189 2480 3266; baseline 0.006 -20"><span class='ocrx_word' id='word_1_474' title='bbox 812 3213 833 3246; x_wconf 75' lang='grc' dir='ltr'><strong>ι</strong></span> <span class='ocrx_word' id='word_1_475' title='bbox 877 3204 1089 3258; x_wconf 86' lang='lat' dir='ltr'><strong>ventur,</strong></span> <span class='ocrx_word' id='word_1_476' title='bbox 1124 3198 1295 3265; x_wconf 77' lang='lat' dir='ltr'><strong>magis</strong></span> <span class='ocrx_word' id='word_1_477' title='bbox 1324 3212 1485 3266; x_wconf 89' lang='lat' dir='ltr'><strong>quam</strong></span> <span class='ocrx_word' id='word_1_478' title='bbox 1510 3212 1663 3250; x_wconf 89' lang='lat' dir='ltr'><strong>suant</strong></span> <span class='ocrx_word' id='word_1_479' title='bbox 1695 3200 1951 3266; x_wconf 88' lang='lat' dir='ltr'><strong>quietem,</strong></span> <span class='ocrx_word' id='word_1_480' title='bbox 1984 3206 2356 3254; x_wconf 88' lang='lat' dir='ltr'><strong>necessarium</strong></span> <span class='ocrx_word' id='word_1_481' title='bbox 2386 3189 2428 3246; x_wconf 71' lang='grc' dir='ltr'>ο</span> <span class='ocrx_word' id='word_1_482' title='bbox 2467 3226 2480 3258; x_wconf 79' lang='grc' dir='ltr'><strong>ι</strong></span> 
     </span>
    </p>
   </div>
   <div class='ocr_carea' id='block_1_65' title="bbox 2352 3189 4020 3279">
    <p class='ocr_par' dir='ltr' id='par_1_65' title="bbox 2352 3189 4020 3279">
     <span class='ocr_line' id='line_1_65' title="bbox 2352 3189 4020 3279; baseline -0.011 -20"><span class='ocrx_word' id='word_1_483' title='bbox 2352 3223 2356 3253; x_wconf 74' lang='grc' dir='ltr'><strong>ι</strong></span> <span class='ocrx_word' id='word_1_484' title='bbox 2386 3189 2428 3246; x_wconf 78' lang='lat' dir='ltr'><strong><em>C</em></strong></span> <span class='ocrx_word' id='word_1_485' title='bbox 2467 3226 2484 3258; x_wconf 86' lang='grc' dir='ltr'><strong>ι</strong></span> <span class='ocrx_word' id='word_1_486' title='bbox 2524 3206 2656 3258; x_wconf 86' lang='grc' dir='ltr'><strong>ἀλλά</strong></span> <span class='ocrx_word' id='word_1_487' title='bbox 2691 3206 2751 3257; x_wconf 83' lang='grc' dir='ltr'><strong>τὸ</strong></span> <span class='ocrx_word' id='word_1_488' title='bbox 2780 3205 2885 3256; x_wconf 90' lang='grc' dir='ltr'><strong>τῶν</strong></span> <span class='ocrx_word' id='word_1_489' title='bbox 2925 3204 3132 3256; x_wconf 83' lang='grc' dir='ltr'>πολλῶν</span> <span class='ocrx_word' id='word_1_490' title='bbox 3177 3205 3263 3279; x_wconf 65' lang='lat' dir='ltr'><strong>Eva</strong></span> <span class='ocrx_word' id='word_1_491' title='bbox 3295 3200 3533 3253; x_wconf 77' lang='grc' dir='ltr'>σωθῶσιν</span> <span class='ocrx_word' id='word_1_492' title='bbox 3554 3240 3568 3261; x_wconf 88' lang='grc'><strong>,</strong></span> <span class='ocrx_word' id='word_1_493' title='bbox 3600 3194 4020 3261; x_wconf 81' lang='grc' dir='ltr'>ἀναγκαιότερον</span> 
     </span>
    </p>
   </div>
   <div class='ocr_carea' id='block_1_66' title="bbox 814 3286 2360 3355">
    <p class='ocr_par' dir='ltr' id='par_1_66' title="bbox 814 3286 2360 3355">
     <span class='ocr_line' id='line_1_66' title="bbox 814 3286 2360 3355; baseline 0.005 -19"><span class='ocrx_word' id='word_1_494' title='bbox 814 3305 833 3336; x_wconf 76' lang='grc' dir='ltr'><strong>ι</strong></span> <span class='ocrx_word' id='word_1_495' title='bbox 880 3287 1227 3349; x_wconf 82' lang='lat' dir='ltr'><strong>existimavit,</strong></span> <span class='ocrx_word' id='word_1_496' title='bbox 1261 3287 1399 3355; x_wconf 85' lang='lat' dir='ltr'><strong>apud</strong></span> <span class='ocrx_word' id='word_1_497' title='bbox 1430 3286 1623 3342; x_wconf 82' lang='lat' dir='ltr'><strong>fratres</strong></span> <span class='ocrx_word' id='word_1_498' title='bbox 1683 3303 1917 3348; x_wconf 85' lang='lat' dir='ltr'><strong>manere,</strong></span> <span class='ocrx_word' id='word_1_499' title='bbox 1960 3298 2013 3341; x_wconf 91' lang='lat' dir='ltr'><strong>et</strong></span> <span class='ocrx_word' id='word_1_500' title='bbox 2047 3303 2233 3342; x_wconf 90' lang='lat' dir='ltr'><strong>eorum</strong></span> <span class='ocrx_word' id='word_1_501' title='bbox 2262 3306 2360 3344; x_wconf 80' lang='lat' dir='ltr'><strong>eu-</strong></span> 
     </span>
    </p>
   </div>
   <div class='ocr_carea' id='block_1_67' title="bbox 813 3369 2360 3448">
    <p class='ocr_par' dir='ltr' id='par_1_67' title="bbox 813 3369 2360 3448">
     <span class='ocr_line' id='line_1_67' title="bbox 813 3369 2360 3448; baseline 0.005 -21"><span class='ocrx_word' id='word_1_502' title='bbox 813 3394 833 3427; x_wconf 78' lang='grc' dir='ltr'><strong>ι</strong></span> <span class='ocrx_word' id='word_1_503' title='bbox 879 3392 990 3431; x_wconf 89' lang='lat' dir='ltr'><strong>ram</strong></span> <span class='ocrx_word' id='word_1_504' title='bbox 1021 3393 1225 3447; x_wconf 76' lang='lat' dir='ltr'><strong>gerere.</strong></span> <span class='ocrx_word' id='word_1_505' title='bbox 1253 3377 1352 3443; x_wconf 87' lang='lat' dir='ltr'><strong>Qui</strong></span> <span class='ocrx_word' id='word_1_506' title='bbox 1393 3380 1551 3431; x_wconf 90' lang='lat' dir='ltr'><strong>etiam</strong></span> <span class='ocrx_word' id='word_1_507' title='bbox 1582 3380 1694 3431; x_wconf 88' lang='lat' dir='ltr'><strong>vult</strong></span> <span class='ocrx_word' id='word_1_508' title='bbox 1744 3369 1863 3432; x_wconf 81' lang='lat' dir='ltr'><strong>e&#39;um</strong></span> <span class='ocrx_word' id='word_1_509' title='bbox 1895 3381 1987 3448; x_wconf 90' lang='lat' dir='ltr'><strong>qui</strong></span> <span class='ocrx_word' id='word_1_510' title='bbox 2010 3380 2186 3443; x_wconf 69' lang='lat' dir='ltr'><strong>docet,</strong></span> <span class='ocrx_word' id='word_1_511' title='bbox 2238 3394 2360 3435; x_wconf 79' lang='lat' dir='ltr'><strong>esse</strong></span> 
     </span>
    </p>
   </div>
   <div class='ocr_carea' id='block_1_68' title="bbox 816 3467 2360 3538">
    <p class='ocr_par' dir='ltr' id='par_1_68' title="bbox 816 3467 2360 3538">
     <span class='ocr_line' id='line_1_68' title="bbox 816 3467 2360 3538; baseline 0.003 -19"><span class='ocrx_word' id='word_1_512' title='bbox 816 3486 832 3519; x_wconf 85' lang='grc' dir='ltr'><strong>ι</strong></span> <span class='ocrx_word' id='word_1_513' title='bbox 882 3470 936 3520; x_wconf 82' lang='lat' dir='ltr'><strong>in</strong></span> <span class='ocrx_word' id='word_1_514' title='bbox 968 3468 1208 3521; x_wconf 79' lang='lat' dir='ltr'><strong>doctrina</strong></span> <span class='ocrx_word' id='word_1_515' title='bbox 1256 3469 1542 3535; x_wconf 74' lang='lat' dir='ltr'><strong>exemplum</strong></span> <span class='ocrx_word' id='word_1_516' title='bbox 1579 3469 1605 3507; x_wconf 69' lang='grc' dir='ltr'><strong>δ</strong></span> <span class='ocrx_word' id='word_1_517' title='bbox 1641 3469 1905 3522; x_wconf 85' lang='lat' dir='ltr'><strong>fidelibus.</strong></span> <span class='ocrx_word' id='word_1_518' title='bbox 1955 3467 2108 3522; x_wconf 87' lang='lat' dir='ltr'><strong>Unde</strong></span> <span class='ocrx_word' id='word_1_519' title='bbox 2160 3475 2252 3538; x_wconf 89' lang='lat' dir='ltr'><strong>qui</strong></span> <span class='ocrx_word' id='word_1_520' title='bbox 2304 3471 2360 3524; x_wconf 89' lang='lat' dir='ltr'><strong>in</strong></span> 
     </span>
    </p>
   </div>
   <div class='ocr_carea' id='block_1_69' title="bbox 816 3559 2361 3621">
    <p class='ocr_par' dir='ltr' id='par_1_69' title="bbox 816 3559 2361 3621">
     <span class='ocr_line' id='line_1_69' title="bbox 816 3559 2361 3621; baseline 0.003 -12"><span class='ocrx_word' id='word_1_521' title='bbox 816 3578 832 3609; x_wconf 85' lang='grc' dir='ltr'><strong>ι</strong></span> <span class='ocrx_word' id='word_1_522' title='bbox 882 3574 1099 3613; x_wconf 84' lang='lat' dir='ltr'><strong>carcere</strong></span> <span class='ocrx_word' id='word_1_523' title='bbox 1124 3559 1531 3621; x_wconf 85' lang='lat' dir='ltr'><strong>contendentes,</strong></span> <span class='ocrx_word' id='word_1_524' title='bbox 1558 3574 1587 3611; x_wconf 89' lang='lat' dir='ltr'><strong>a</strong></span> <span class='ocrx_word' id='word_1_525' title='bbox 1616 3560 1918 3613; x_wconf 88' lang='lat' dir='ltr'><strong>ministerio</strong></span> <span class='ocrx_word' id='word_1_526' title='bbox 1942 3560 2276 3620; x_wconf 84' lang='lat' dir='ltr'><strong>exciderunt.</strong></span> <span class='ocrx_word' id='word_1_527' title='bbox 2307 3568 2361 3613; x_wconf 89' lang='lat' dir='ltr'><strong>et</strong></span> 
     </span>
    </p>
   </div>
   <div class='ocr_carea' id='block_1_70' title="bbox 814 3651 2361 3721">
    <p class='ocr_par' dir='ltr' id='par_1_70' title="bbox 814 3651 2361 3721">
     <span class='ocr_line' id='line_1_70' title="bbox 814 3651 2361 3721; baseline 0.001 -18"><span class='ocrx_word' id='word_1_528' title='bbox 814 3669 830 3703; x_wconf 82' lang='lat' dir='ltr'><strong>t</strong></span> <span class='ocrx_word' id='word_1_529' title='bbox 874 3653 1114 3705; x_wconf 84' lang='lat' dir='ltr'><strong>reluctati</strong></span> <span class='ocrx_word' id='word_1_530' title='bbox 1148 3662 1292 3717; x_wconf 86' lang='lat' dir='ltr'><strong>sunt,</strong></span> <span class='ocrx_word' id='word_1_531' title='bbox 1324 3667 1517 3706; x_wconf 89' lang='lat' dir='ltr'><strong>sensus</strong></span> <span class='ocrx_word' id='word_1_532' title='bbox 1549 3652 1706 3719; x_wconf 78' lang='lat' dir='ltr'><strong>plane</strong></span> <span class='ocrx_word' id='word_1_533' title='bbox 1740 3660 1864 3705; x_wconf 89' lang='lat' dir='ltr'><strong>sunt</strong></span> <span class='ocrx_word' id='word_1_534' title='bbox 1914 3660 2184 3721; x_wconf 77' lang='lat' dir='ltr'><strong>expertes.</strong></span> <span class='ocrx_word' id='word_1_535' title='bbox 2215 3651 2361 3716; x_wconf 85' lang='lat' dir='ltr'><strong>Quo-</strong></span> 
     </span>
    </p>
   </div>
   <div class='ocr_carea' id='block_1_71' title="bbox 812 3739 2359 3808">
    <p class='ocr_par' dir='ltr' id='par_1_71' title="bbox 812 3739 2359 3808">
     <span class='ocr_line' id='line_1_71' title="bbox 812 3739 2359 3808; baseline 0.002 -17"><span class='ocrx_word' id='word_1_536' title='bbox 812 3758 831 3791; x_wconf 75' lang='grc' dir='ltr'><strong>ι</strong></span> <span class='ocrx_word' id='word_1_537' title='bbox 878 3741 1036 3793; x_wconf 90' lang='lat' dir='ltr'><strong>modo</strong></span> <span class='ocrx_word' id='word_1_538' title='bbox 1060 3739 1202 3793; x_wconf 89' lang='lat' dir='ltr'><strong>enim</strong></span> <span class='ocrx_word' id='word_1_539' title='bbox 1239 3748 1423 3807; x_wconf 89' lang='lat' dir='ltr'><strong>petunt</strong></span> <span class='ocrx_word' id='word_1_540' title='bbox 1477 3739 1619 3807; x_wconf 84' lang='lat' dir='ltr'><strong>quod</strong></span> <span class='ocrx_word' id='word_1_541' title='bbox 1666 3740 2017 3808; x_wconf 88' lang='lat' dir='ltr'><strong>reliquerunt,</strong></span> <span class='ocrx_word' id='word_1_542' title='bbox 2058 3755 2180 3793; x_wconf 91' lang='lat' dir='ltr'><strong>cum</strong></span> <span class='ocrx_word' id='word_1_543' title='bbox 2216 3742 2267 3793; x_wconf 92' lang='lat' dir='ltr'><strong>in</strong></span> <span class='ocrx_word' id='word_1_544' title='bbox 2298 3755 2359 3794; x_wconf 90' lang='lat' dir='ltr'><strong>ea</strong></span> 
     </span>
    </p>
   </div>
   <div class='ocr_carea' id='block_1_72' title="bbox 812 3827 2364 3899">
    <p class='ocr_par' dir='ltr' id='par_1_72' title="bbox 812 3827 2364 3899">
     <span class='ocr_line' id='line_1_72' title="bbox 812 3827 2364 3899; baseline 0 -18"><span class='ocrx_word' id='word_1_545' title='bbox 812 3849 830 3881; x_wconf 78' lang='grc' dir='ltr'><strong>ι</strong></span> <span class='ocrx_word' id='word_1_546' title='bbox 880 3837 1195 3899; x_wconf 85' lang='lat' dir='ltr'><strong>tempestate</strong></span> <span class='ocrx_word' id='word_1_547' title='bbox 1242 3844 1363 3882; x_wconf 87' lang='lat' dir='ltr'><strong>esse</strong></span> <span class='ocrx_word' id='word_1_548' title='bbox 1413 3836 1633 3896; x_wconf 90' lang='lat' dir='ltr'><strong>possent</strong></span> <span class='ocrx_word' id='word_1_549' title='bbox 1682 3827 1941 3882; x_wconf 81' lang='lat' dir='ltr'><strong>fratribus</strong></span> <span class='ocrx_word' id='word_1_550' title='bbox 1995 3828 2107 3883; x_wconf 85' lang='lat' dir='ltr'><strong>suis</strong></span> <span class='ocrx_word' id='word_1_551' title='bbox 2152 3830 2364 3890; x_wconf 78' lang='lat' dir='ltr'><strong>utiles?</strong></span> 
     </span>
    </p>
   </div>
   <div class='ocr_carea' id='block_1_73' title="bbox 812 3915 2361 3984">
    <p class='ocr_par' dir='ltr' id='par_1_73' title="bbox 812 3915 2361 3984">
     <span class='ocr_line' id='line_1_73' title="bbox 812 3915 2361 3984; baseline 0.001 -17"><span class='ocrx_word' id='word_1_552' title='bbox 812 3936 831 3967; x_wconf 74' lang='grc' dir='ltr'><strong>ι</strong></span> <span class='ocrx_word' id='word_1_553' title='bbox 877 3915 1125 3983; x_wconf 80' lang='lat' dir='ltr'><strong>Quandiu</strong></span> <span class='ocrx_word' id='word_1_554' title='bbox 1154 3916 1335 3984; x_wconf 86' lang='lat' dir='ltr'><strong>itaque</strong></span> <span class='ocrx_word' id='word_1_555' title='bbox 1361 3915 1497 3967; x_wconf 85' lang='lat' dir='ltr'><strong>ﬁrmi</strong></span> <span class='ocrx_word' id='word_1_556' title='bbox 1535 3915 1865 3983; x_wconf 88' lang='lat' dir='ltr'><strong>stabilesque</strong></span> <span class='ocrx_word' id='word_1_557' title='bbox 1892 3923 2228 3977; x_wconf 87' lang='lat' dir='ltr'><strong>manserunt,</strong></span> <span class='ocrx_word' id='word_1_558' title='bbox 2243 3915 2361 3981; x_wconf 85' lang='lat' dir='ltr'><strong>ejus</strong></span> 
     </span>
    </p>
   </div>
   <div class='ocr_carea' id='block_1_74' title="bbox 814 4007 2360 4077">
    <p class='ocr_par' dir='ltr' id='par_1_74' title="bbox 814 4007 2360 4077">
     <span class='ocr_line' id='line_1_74' title="bbox 814 4007 2360 4077; baseline 0.001 -19"><span class='ocrx_word' id='word_1_559' title='bbox 814 4028 832 4058; x_wconf 74' lang='grc' dir='ltr'><strong>ι</strong></span> <span class='ocrx_word' id='word_1_560' title='bbox 880 4009 1023 4077; x_wconf 82' lang='lat' dir='ltr'><strong>quod</strong></span> <span class='ocrx_word' id='word_1_561' title='bbox 1050 4017 1243 4077; x_wconf 57' lang='lat' dir='ltr'><strong>praeter</strong></span> <span class='ocrx_word' id='word_1_562' title='bbox 1266 4008 1532 4059; x_wconf 87' lang='lat' dir='ltr'><strong>rationem</strong></span> <span class='ocrx_word' id='word_1_563' title='bbox 1564 4007 1825 4064; x_wconf 85' lang='lat' dir='ltr'><strong>fecerant.</strong></span> <span class='ocrx_word' id='word_1_564' title='bbox 1846 4007 1925 4060; x_wconf 87' lang='lat' dir='ltr'><strong>eis</strong></span> <span class='ocrx_word' id='word_1_565' title='bbox 1938 4008 2091 4059; x_wconf 88' lang='lat' dir='ltr'><strong>venia</strong></span> <span class='ocrx_word' id='word_1_566' title='bbox 2112 4008 2360 4060; x_wconf 84' lang='lat' dir='ltr'><strong>dabatur.</strong></span> 
     </span>
    </p>
   </div>
   <div class='ocr_carea' id='block_1_75' title="bbox 813 4096 2363 4166">
    <p class='ocr_par' dir='ltr' id='par_1_75' title="bbox 813 4096 2363 4166">
     <span class='ocr_line' id='line_1_75' title="bbox 813 4096 2363 4166; baseline 0.002 -20"><span class='ocrx_word' id='word_1_567' title='bbox 813 4120 829 4146; x_wconf 72' lang='grc' dir='ltr'><em>ς</em></span> <span class='ocrx_word' id='word_1_568' title='bbox 880 4099 1108 4165; x_wconf 81' lang='lat' dir='ltr'><strong>Quando</strong></span> <span class='ocrx_word' id='word_1_569' title='bbox 1154 4106 1333 4150; x_wconf 88' lang='lat' dir='ltr'><strong>autem</strong></span> <span class='ocrx_word' id='word_1_570' title='bbox 1387 4096 1521 4164; x_wconf 89' lang='lat' dir='ltr'><strong>lapsi</strong></span> <span class='ocrx_word' id='word_1_571' title='bbox 1562 4106 1707 4158; x_wconf 88' lang='lat' dir='ltr'><strong>sunt,</strong></span> <span class='ocrx_word' id='word_1_572' title='bbox 1747 4106 1802 4148; x_wconf 93' lang='lat' dir='ltr'><strong>ut</strong></span> <span class='ocrx_word' id='word_1_573' title='bbox 1832 4098 1924 4165; x_wconf 86' lang='lat' dir='ltr'><strong>qui</strong></span> <span class='ocrx_word' id='word_1_574' title='bbox 1978 4112 2256 4166; x_wconf 79' lang='lat' dir='ltr'><strong>perperam</strong></span> <span class='ocrx_word' id='word_1_575' title='bbox 2305 4112 2363 4151; x_wconf 87' lang='lat' dir='ltr'><strong>se</strong></span> 
     </span>
    </p>
   </div>
   <div class='ocr_carea' id='block_1_76' title="bbox 814 4186 2363 4257">
    <p class='ocr_par' dir='ltr' id='par_1_76' title="bbox 814 4186 2363 4257">
     <span class='ocr_line' id='line_1_76' title="bbox 814 4186 2363 4257; baseline 0.002 -20"><span class='ocrx_word' id='word_1_576' title='bbox 814 4212 830 4237; x_wconf 77' lang='grc' dir='ltr'><strong>ι</strong></span> <span class='ocrx_word' id='word_1_577' title='bbox 884 4196 1167 4257; x_wconf 79' lang='lat' dir='ltr'><strong>gesserunt</strong></span> <span class='ocrx_word' id='word_1_578' title='bbox 1190 4194 1243 4240; x_wconf 91' lang='lat' dir='ltr'><strong>et</strong></span> <span class='ocrx_word' id='word_1_579' title='bbox 1267 4201 1325 4239; x_wconf 87' lang='lat' dir='ltr'><strong>se</strong></span> <span class='ocrx_word' id='word_1_580' title='bbox 1348 4187 1493 4255; x_wconf 88' lang='lat' dir='ltr'><strong>ipsos</strong></span> <span class='ocrx_word' id='word_1_581' title='bbox 1516 4186 1978 4254; x_wconf 87' lang='lat' dir='ltr'><strong>vituperaverunt,</strong></span> <span class='ocrx_word' id='word_1_582' title='bbox 2010 4204 2115 4239; x_wconf 91' lang='lat' dir='ltr'><strong>non</strong></span> <span class='ocrx_word' id='word_1_583' title='bbox 2136 4198 2363 4256; x_wconf 88' lang='lat' dir='ltr'><strong>possunt</strong></span> 
     </span>
    </p>
   </div>
   <div class='ocr_carea' id='block_1_77' title="bbox 2465 3282 4023 3364">
    <p class='ocr_par' dir='ltr' id='par_1_77' title="bbox 2465 3282 4023 3364">
     <span class='ocr_line' id='line_1_77' title="bbox 2465 3282 4023 3364; baseline -0.01 -18"><span class='ocrx_word' id='word_1_584' title='bbox 2465 3313 2484 3346; x_wconf 76' lang='grc' dir='ltr'><strong>ι</strong></span> <span class='ocrx_word' id='word_1_585' title='bbox 2522 3296 2618 3364; x_wconf 80' lang='grc' dir='ltr'>τῆς</span> <span class='ocrx_word' id='word_1_586' title='bbox 2666 3293 2854 3347; x_wconf 78' lang='grc' dir='ltr'>ἑαυτοῦ</span> <span class='ocrx_word' id='word_1_587' title='bbox 2906 3293 3259 3352; x_wconf 76' lang='grc' dir='ltr'>ἀναπαύσεως</span> <span class='ocrx_word' id='word_1_588' title='bbox 3306 3291 3545 3359; x_wconf 75' lang='grc' dir='ltr'>ἡγήσατο</span> <span class='ocrx_word' id='word_1_589' title='bbox 3582 3287 3641 3337; x_wconf 76' lang='grc' dir='ltr'><strong>τὸ</strong></span> <span class='ocrx_word' id='word_1_590' title='bbox 3687 3282 4023 3353; x_wconf 83' lang='grc' dir='ltr'>παραμένειν</span> 
     </span>
    </p>
   </div>
   <div class='ocr_carea' id='block_1_78' title="bbox 2466 3370 4021 3451">
    <p class='ocr_par' dir='ltr' id='par_1_78' title="bbox 2466 3370 4021 3451">
     <span class='ocr_line' id='line_1_78' title="bbox 2466 3370 4021 3451; baseline -0.01 -14"><span class='ocrx_word' id='word_1_591' title='bbox 2466 3403 2484 3435; x_wconf 81' lang='grc' dir='ltr'><strong>ι</strong></span> <span class='ocrx_word' id='word_1_592' title='bbox 2524 3386 2635 3445; x_wconf 84' lang='grc' dir='ltr'>τοῖς</span> <span class='ocrx_word' id='word_1_593' title='bbox 2662 3384 2905 3451; x_wconf 80' lang='grc' dir='ltr'>ἀδελφοῖς</span> <span class='ocrx_word' id='word_1_594' title='bbox 2932 3383 3024 3435; x_wconf 72' lang='grc' dir='ltr'><strong>καὶ</strong></span> <span class='ocrx_word' id='word_1_595' title='bbox 3056 3379 3425 3451; x_wconf 86' lang='grc' dir='ltr'>ἐπιμελεῖσθαι</span> <span class='ocrx_word' id='word_1_596' title='bbox 3452 3376 3646 3429; x_wconf 85' lang='grc' dir='ltr'>αὐτῶν.</span> <span class='ocrx_word' id='word_1_597' title='bbox 3688 3376 3782 3435; x_wconf 88' lang='grc' dir='ltr'>Ὃς</span> <span class='ocrx_word' id='word_1_598' title='bbox 3814 3373 3907 3424; x_wconf 81' lang='grc' dir='ltr'><strong>καὶ</strong></span> <span class='ocrx_word' id='word_1_599' title='bbox 3931 3370 4021 3421; x_wconf 85' lang='grc' dir='ltr'><strong>τὸν</strong></span> 
     </span>
    </p>
   </div>
   <div class='ocr_carea' id='block_1_79' title="bbox 2465 3467 4023 3537">
    <p class='ocr_par' dir='ltr' id='par_1_79' title="bbox 2465 3467 4023 3537">
     <span class='ocr_line' id='line_1_79' title="bbox 2465 3467 4023 3537; baseline -0.008 -11"><span class='ocrx_word' id='word_1_600' title='bbox 2465 3493 2482 3526; x_wconf 84' lang='grc' dir='ltr'><strong>ι</strong></span> <span class='ocrx_word' id='word_1_601' title='bbox 2519 3474 2831 3527; x_wconf 81' lang='grc' dir='ltr'>διδάσκοντα</span> <span class='ocrx_word' id='word_1_602' title='bbox 2876 3474 3015 3526; x_wconf 78' lang='grc' dir='ltr'>θέλει</span> <span class='ocrx_word' id='word_1_603' title='bbox 3048 3470 3182 3526; x_wconf 74' lang='grc' dir='ltr'>εῖναι</span> <span class='ocrx_word' id='word_1_604' title='bbox 3228 3473 3297 3524; x_wconf 79' lang='grc' dir='ltr'><strong>ἐν</strong></span> <span class='ocrx_word' id='word_1_605' title='bbox 3336 3471 3409 3537; x_wconf 75' lang='grc' dir='ltr'>τῇ</span> <span class='ocrx_word' id='word_1_606' title='bbox 3441 3469 3797 3531; x_wconf 71' lang='grc' dir='ltr'>διδασκαλίᾳ</span> <span class='ocrx_word' id='word_1_607' title='bbox 3830 3467 4023 3517; x_wconf 72' lang='grc' dir='ltr'>τύπον</span> 
     </span>
    </p>
   </div>
   <div class='ocr_carea' id='block_1_80' title="bbox 2466 3557 4022 3635">
    <p class='ocr_par' dir='ltr' id='par_1_80' title="bbox 2466 3557 4022 3635">
     <span class='ocr_line' id='line_1_80' title="bbox 2466 3557 4022 3635; baseline -0.008 -19"><span class='ocrx_word' id='word_1_608' title='bbox 2466 3584 2483 3616; x_wconf 80' lang='grc' dir='ltr'><strong>ι</strong></span> <span class='ocrx_word' id='word_1_609' title='bbox 2520 3566 2800 3635; x_wconf 88' lang='grc' dir='ltr'>γινόμενον</span> <span class='ocrx_word' id='word_1_610' title='bbox 2824 3565 2931 3618; x_wconf 89' lang='grc' dir='ltr'><strong>τῶν</strong></span> <span class='ocrx_word' id='word_1_611' title='bbox 2961 3564 3180 3617; x_wconf 86' lang='grc' dir='ltr'>πιστῶν.</span> <span class='ocrx_word' id='word_1_612' title='bbox 3210 3562 3370 3616; x_wconf 80' lang='grc' dir='ltr'>Ὅθεν</span> <span class='ocrx_word' id='word_1_613' title='bbox 3407 3562 3455 3613; x_wconf 87' lang='lat' dir='ltr'><strong>ol</strong></span> <span class='ocrx_word' id='word_1_614' title='bbox 3490 3562 3547 3612; x_wconf 89' lang='lat' dir='ltr'><strong>tv</strong></span> <span class='ocrx_word' id='word_1_615' title='bbox 3576 3562 3642 3628; x_wconf 77' lang='grc' dir='ltr'>τῇ</span> <span class='ocrx_word' id='word_1_616' title='bbox 3683 3559 3871 3625; x_wconf 75' lang='grc' dir='ltr'>εἱρκτῇ</span> <span class='ocrx_word' id='word_1_617' title='bbox 3905 3557 4022 3606; x_wconf 59' lang='grc' dir='ltr'>ἐπι-</span> 
     </span>
    </p>
   </div>
   <div class='ocr_carea' id='block_1_81' title="bbox 2465 3645 4023 3725">
    <p class='ocr_par' dir='ltr' id='par_1_81' title="bbox 2465 3645 4023 3725">
     <span class='ocr_line' id='line_1_81' title="bbox 2465 3645 4023 3725; baseline -0.009 -17"><span class='ocrx_word' id='word_1_618' title='bbox 2465 3676 2483 3707; x_wconf 82' lang='grc' dir='ltr'><strong>ι</strong></span> <span class='ocrx_word' id='word_1_619' title='bbox 2522 3654 2859 3725; x_wconf 78' lang='grc' dir='ltr'>δικαζόμενοι</span> <span class='ocrx_word' id='word_1_620' title='bbox 2906 3654 3006 3723; x_wconf 82' lang='grc' dir='ltr'>τῆς</span> <span class='ocrx_word' id='word_1_621' title='bbox 3053 3654 3388 3723; x_wconf 88' lang='grc' dir='ltr'>λειτουργίας</span> <span class='ocrx_word' id='word_1_622' title='bbox 3438 3648 3879 3707; x_wconf 83' lang='grc' dir='ltr'>ἐκπεπτωκότες,</span> <span class='ocrx_word' id='word_1_623' title='bbox 3931 3645 4023 3695; x_wconf 77' lang='grc' dir='ltr'>καὶ</span> 
     </span>
    </p>
   </div>
   <div class='ocr_carea' id='block_1_82' title="bbox 2466 3737 4023 3811">
    <p class='ocr_par' dir='ltr' id='par_1_82' title="bbox 2466 3737 4023 3811">
     <span class='ocr_line' id='line_1_82' title="bbox 2466 3737 4023 3811; baseline -0.01 -11"><span class='ocrx_word' id='word_1_624' title='bbox 2466 3767 2484 3799; x_wconf 76' lang='grc' dir='ltr'><strong>ι</strong></span> <span class='ocrx_word' id='word_1_625' title='bbox 2527 3747 3025 3808; x_wconf 82' lang='grc' dir='ltr'>ἀναπαλαίσαντες,</span> <span class='ocrx_word' id='word_1_626' title='bbox 3084 3745 3223 3796; x_wconf 87' lang='grc' dir='ltr'>πάνυ</span> <span class='ocrx_word' id='word_1_627' title='bbox 3282 3739 3678 3811; x_wconf 87' lang='grc' dir='ltr'>ἀναισθητοῦσι.</span> <span class='ocrx_word' id='word_1_628' title='bbox 3742 3737 3867 3798; x_wconf 84' lang='grc' dir='ltr'><strong>Πῶς</strong></span> <span class='ocrx_word' id='word_1_629' title='bbox 3916 3737 4023 3802; x_wconf 75' lang='grc' dir='ltr'>γὰρ</span> 
     </span>
    </p>
   </div>
   <div class='ocr_carea' id='block_1_83' title="bbox 2466 3827 4022 3903">
    <p class='ocr_par' dir='ltr' id='par_1_83' title="bbox 2466 3827 4022 3903">
     <span class='ocr_line' id='line_1_83' title="bbox 2466 3827 4022 3903; baseline -0.008 -12"><span class='ocrx_word' id='word_1_630' title='bbox 2466 3859 2485 3891; x_wconf 81' lang='grc' dir='ltr'><strong>ι</strong></span> <span class='ocrx_word' id='word_1_631' title='bbox 2520 3838 2756 3893; x_wconf 73' lang='grc' dir='ltr'>αἰτοῦσιν</span> <span class='ocrx_word' id='word_1_632' title='bbox 2800 3838 2828 3890; x_wconf 84' lang='grc' dir='ltr'><strong>δ</strong></span> <span class='ocrx_word' id='word_1_633' title='bbox 2880 3836 3234 3903; x_wconf 78' lang='grc' dir='ltr'>κατέλειψαν,</span> <span class='ocrx_word' id='word_1_634' title='bbox 3282 3834 3564 3902; x_wconf 81' lang='grc' dir='ltr'>δυνάμενοι</span> <span class='ocrx_word' id='word_1_635' title='bbox 3607 3833 3716 3892; x_wconf 86' lang='grc' dir='ltr'>τοῖς</span> <span class='ocrx_word' id='word_1_636' title='bbox 3775 3827 4022 3895; x_wconf 77' lang='grc' dir='ltr'>ἀδελφοῖς</span> 
     </span>
    </p>
   </div>
   <div class='ocr_carea' id='block_1_84' title="bbox 2465 3912 4047 3998">
    <p class='ocr_par' dir='ltr' id='par_1_84' title="bbox 2465 3912 4047 3998">
     <span class='ocr_line' id='line_1_84' title="bbox 2465 3912 4047 3998; baseline -0.018 -17"><span class='ocrx_word' id='word_1_637' title='bbox 2465 3947 2485 3980; x_wconf 80' lang='grc' dir='ltr'><strong>ι</strong></span> <span class='ocrx_word' id='word_1_638' title='bbox 2522 3929 2805 3998; x_wconf 75' lang='grc' dir='ltr'>εῠχρηστοι</span> <span class='ocrx_word' id='word_1_639' title='bbox 2839 3924 2973 3980; x_wconf 77' lang='grc' dir='ltr'>εἶναι</span> <span class='ocrx_word' id='word_1_640' title='bbox 3025 3929 3081 3978; x_wconf 91' lang='grc' dir='ltr'><strong>ἐν</strong></span> <span class='ocrx_word' id='word_1_641' title='bbox 3126 3924 3301 3994; x_wconf 84' lang='grc' dir='ltr'>καιρῷ</span> <span class='ocrx_word' id='word_1_642' title='bbox 3338 3923 3589 3990; x_wconf 79' lang='grc' dir='ltr'>τοιούτῳ;</span> <span class='ocrx_word' id='word_1_643' title='bbox 3625 3922 3764 3980; x_wconf 79' lang='grc' dir='ltr'>Ἕως</span> <span class='ocrx_word' id='word_1_644' title='bbox 3802 3918 3899 3985; x_wconf 81' lang='grc' dir='ltr'>μὲν</span> <span class='ocrx_word' id='word_1_645' title='bbox 3932 3912 4047 3968; x_wconf 63' lang='grc' dir='ltr'><strong>οὖν</strong></span> 
     </span>
    </p>
   </div>
   <div class='ocr_carea' id='block_1_85' title="bbox 2468 4006 4025 4083">
    <p class='ocr_par' dir='ltr' id='par_1_85' title="bbox 2468 4006 4025 4083">
     <span class='ocr_line' id='line_1_85' title="bbox 2468 4006 4025 4083; baseline -0.007 -15"><span class='ocrx_word' id='word_1_646' title='bbox 2468 4034 2486 4067; x_wconf 80' lang='grc' dir='ltr'><strong>ι</strong></span> <span class='ocrx_word' id='word_1_647' title='bbox 2525 4016 2808 4068; x_wconf 81' lang='grc' dir='ltr'>ἀπταιστοι</span> <span class='ocrx_word' id='word_1_648' title='bbox 2833 4010 2999 4083; x_wconf 76' lang='grc' dir='ltr'>ἦσαν,</span> <span class='ocrx_word' id='word_1_649' title='bbox 3050 4012 3372 4079; x_wconf 86' lang='grc' dir='ltr'>συγγνώμην</span> <span class='ocrx_word' id='word_1_650' title='bbox 3412 4006 3552 4078; x_wconf 79' lang='grc' dir='ltr'>εἶχον</span> <span class='ocrx_word' id='word_1_651' title='bbox 3598 4008 3689 4058; x_wconf 75' lang='grc' dir='ltr'><strong>ἐπὶ</strong></span> <span class='ocrx_word' id='word_1_652' title='bbox 3736 4008 3803 4074; x_wconf 80' lang='grc' dir='ltr'>τῇ</span> <span class='ocrx_word' id='word_1_653' title='bbox 3846 4021 4025 4073; x_wconf 74' lang='grc' dir='ltr'>παρα-</span> 
     </span>
    </p>
   </div>
   <div class='ocr_carea' id='block_1_86' title="bbox 2468 4094 4025 4174">
    <p class='ocr_par' dir='ltr' id='par_1_86' title="bbox 2468 4094 4025 4174">
     <span class='ocr_line' id='line_1_86' title="bbox 2468 4094 4025 4174; baseline -0.008 -19"><span class='ocrx_word' id='word_1_654' title='bbox 2468 4126 2485 4155; x_wconf 80' lang='grc' dir='ltr'><strong>ι</strong></span> <span class='ocrx_word' id='word_1_655' title='bbox 2523 4106 2665 4174; x_wconf 89' lang='grc' dir='ltr'>λόγῳ</span> <span class='ocrx_word' id='word_1_656' title='bbox 2699 4105 2742 4135; x_wconf 84' lang='grc'><strong>³⁸</strong></span> <span class='ocrx_word' id='word_1_657' title='bbox 2775 4103 2953 4158; x_wconf 84' lang='grc' dir='ltr'>αὐτῶν</span> <span class='ocrx_word' id='word_1_658' title='bbox 3003 4102 3230 4173; x_wconf 75' lang='grc' dir='ltr'>πράξειο</span> <span class='ocrx_word' id='word_1_659' title='bbox 3288 4102 3375 4152; x_wconf 82' lang='grc' dir='ltr'><strong>ὅτε</strong></span> <span class='ocrx_word' id='word_1_660' title='bbox 3414 4100 3469 4151; x_wconf 81' lang='grc' dir='ltr'>δὲ</span> <span class='ocrx_word' id='word_1_661' title='bbox 3512 4100 3771 4150; x_wconf 74' lang='grc' dir='ltr'>ἔπταισαν</span> <span class='ocrx_word' id='word_1_662' title='bbox 3795 4133 3809 4157; x_wconf 90' lang='grc'><strong>,</strong></span> <span class='ocrx_word' id='word_1_663' title='bbox 3839 4098 3914 4155; x_wconf 85' lang='grc' dir='ltr'>ὼς</span> <span class='ocrx_word' id='word_1_664' title='bbox 3959 4094 4025 4145; x_wconf 83' lang='grc' dir='ltr'>ἂν</span> 
     </span>
    </p>
   </div>
   <div class='ocr_carea' id='block_1_87' title="bbox 2468 4184 4025 4265">
    <p class='ocr_par' dir='ltr' id='par_1_87' title="bbox 2468 4184 4025 4265">
     <span class='ocr_line' id='line_1_87' title="bbox 2468 4184 4025 4265; baseline -0.008 -21"><span class='ocrx_word' id='word_1_665' title='bbox 2468 4214 2484 4244; x_wconf 82' lang='grc' dir='ltr'><strong>ι</strong></span> <span class='ocrx_word' id='word_1_666' title='bbox 2525 4194 3021 4265; x_wconf 80' lang='grc' dir='ltr'>περπερευσάμενοι</span> <span class='ocrx_word' id='word_1_667' title='bbox 3043 4194 3135 4243; x_wconf 76' lang='grc' dir='ltr'>καὶ</span> <span class='ocrx_word' id='word_1_668' title='bbox 3158 4192 3379 4251; x_wconf 77' lang='grc' dir='ltr'>ἑαυτοὺς</span> <span class='ocrx_word' id='word_1_669' title='bbox 3402 4187 3813 4258; x_wconf 86' lang='grc' dir='ltr'>μωμησὰμενοι,</span> <span class='ocrx_word' id='word_1_670' title='bbox 3842 4184 4025 4235; x_wconf 82' lang='grc' dir='ltr'>οὐκέτι</span> 
     </span>
    </p>
   </div>
   <div class='ocr_carea' id='block_1_88' title="bbox 815 4271 2483 4352">
    <p class='ocr_par' dir='ltr' id='par_1_88' title="bbox 815 4277 2483 4349">
     <span class='ocr_line' id='line_1_88' title="bbox 815 4277 2483 4349; baseline -0.002 -16"><span class='ocrx_word' id='word_1_671' title='bbox 815 4299 837 4333; x_wconf 71' lang='grc' dir='ltr'><strong>ι</strong></span> <span class='ocrx_word' id='word_1_672' title='bbox 872 4282 1103 4349; x_wconf 86' lang='lat' dir='ltr'><strong>amplius</strong></span> <span class='ocrx_word' id='word_1_673' title='bbox 1132 4295 1285 4334; x_wconf 86' lang='lat' dir='ltr'><strong>sacra</strong></span> <span class='ocrx_word' id='word_1_674' title='bbox 1310 4280 1415 4348; x_wconf 77' lang='grc' dir='ltr'><strong>ιθ</strong></span> <span class='ocrx_word' id='word_1_675' title='bbox 1443 4278 1739 4331; x_wconf 82' lang='lat' dir='ltr'><strong>ministeria</strong></span> <span class='ocrx_word' id='word_1_676' title='bbox 1772 4278 2028 4332; x_wconf 85' lang='lat' dir='ltr'><strong>obirc.Et</strong></span> <span class='ocrx_word' id='word_1_677' title='bbox 2061 4277 2183 4330; x_wconf 86' lang='lat' dir='ltr'><strong>ideo</strong></span> <span class='ocrx_word' id='word_1_678' title='bbox 2207 4279 2377 4345; x_wconf 48' lang='lat' dir='ltr'><strong>magis</strong></span> <span class='ocrx_word' id='word_1_679' title='bbox 2468 4304 2483 4334; x_wconf 74' lang='grc' dir='ltr'><strong>ι</strong></span> 
     </span>
    </p>
   </div>
   <div class='ocr_carea' id='block_1_89' title="bbox 2356 4271 4024 4352">
    <p class='ocr_par' dir='ltr' id='par_1_89' title="bbox 2356 4271 4024 4352">
     <span class='ocr_line' id='line_1_89' title="bbox 2356 4271 4024 4352; baseline -0.008 -17"><span class='ocrx_word' id='word_1_680' title='bbox 2356 4290 2377 4329; x_wconf 87' lang='lat' dir='ltr'><strong>S</strong></span> <span class='ocrx_word' id='word_1_681' title='bbox 2468 4304 2485 4334; x_wconf 81' lang='grc' dir='ltr'><strong>ι</strong></span> <span class='ocrx_word' id='word_1_682' title='bbox 2525 4285 2774 4336; x_wconf 88' lang='grc' dir='ltr'>δύνανται</span> <span class='ocrx_word' id='word_1_683' title='bbox 2819 4282 3164 4352; x_wconf 84' lang='grc' dir='ltr'>λειτουργεῖν.</span> <span class='ocrx_word' id='word_1_684' title='bbox 3220 4279 3308 4332; x_wconf 88' lang='grc' dir='ltr'><strong>Διὸ</strong></span> <span class='ocrx_word' id='word_1_685' title='bbox 3347 4276 3771 4348; x_wconf 74' lang='grc' dir='ltr'>φροντιξέτωσαν</span> <span class='ocrx_word' id='word_1_686' title='bbox 3825 4271 4024 4341; x_wconf 75' lang='grc' dir='ltr'>μᾶλλον</span> 
     </span>
    </p>
   </div>
   <div class='ocr_carea' id='block_1_90' title="bbox 818 4367 2369 4441">
    <p class='ocr_par' dir='ltr' id='par_1_90' title="bbox 818 4367 2369 4441">
     <span class='ocr_line' id='line_1_90' title="bbox 818 4367 2369 4441; baseline -0.003 -18"><span class='ocrx_word' id='word_1_687' title='bbox 818 4391 837 4423; x_wconf 79' lang='grc' dir='ltr'><strong>ι</strong></span> <span class='ocrx_word' id='word_1_688' title='bbox 869 4388 1050 4429; x_wconf 88' lang='lat' dir='ltr'><strong>curam</strong></span> <span class='ocrx_word' id='word_1_689' title='bbox 1084 4370 1585 4441; x_wconf 75' lang='lat' dir='ltr'><strong>gersnt,quomodo</strong></span> <span class='ocrx_word' id='word_1_690' title='bbox 1617 4369 1668 4423; x_wconf 82' lang='lat' dir='ltr'><strong>in</strong></span> <span class='ocrx_word' id='word_1_691' title='bbox 1703 4368 2011 4422; x_wconf 86' lang='lat' dir='ltr'><strong>humilitate</strong></span> <span class='ocrx_word' id='word_1_692' title='bbox 2032 4367 2195 4420; x_wconf 92' lang='lat' dir='ltr'><strong>vitam</strong></span> <span class='ocrx_word' id='word_1_693' title='bbox 2218 4382 2369 4435; x_wconf 60' lang='lat' dir='ltr'><strong>pera.</strong></span> 
     </span>
    </p>
   </div>
   <div class='ocr_carea' id='block_1_91' title="bbox 816 4455 2370 4531">
    <p class='ocr_par' dir='ltr' id='par_1_91' title="bbox 816 4455 2370 4531">
     <span class='ocr_line' id='line_1_91' title="bbox 816 4455 2370 4531; baseline -0.004 -17"><span class='ocrx_word' id='word_1_694' title='bbox 816 4481 835 4514; x_wconf 76' lang='grc' dir='ltr'><strong>ι</strong></span> <span class='ocrx_word' id='word_1_695' title='bbox 877 4471 1003 4531; x_wconf 80' lang='lat' dir='ltr'><strong>gaut</strong></span> <span class='ocrx_word' id='word_1_696' title='bbox 1043 4478 1072 4515; x_wconf 89' lang='lat' dir='ltr'><strong>a</strong></span> <span class='ocrx_word' id='word_1_697' title='bbox 1102 4477 1236 4514; x_wconf 86' lang='lat' dir='ltr'><strong>vana</strong></span> <span class='ocrx_word' id='word_1_698' title='bbox 1264 4462 1429 4530; x_wconf 77' lang='lat' dir='ltr'><strong>gloria</strong></span> <span class='ocrx_word' id='word_1_699' title='bbox 1490 4471 1783 4515; x_wconf 90' lang='lat' dir='ltr'><strong>cessantes.</strong></span> <span class='ocrx_word' id='word_1_700' title='bbox 1828 4458 1916 4512; x_wconf 84' lang='lat' dir='ltr'><strong>Eis</strong></span> <span class='ocrx_word' id='word_1_701' title='bbox 1964 4458 2109 4513; x_wconf 90' lang='lat' dir='ltr'><strong>enim</strong></span> <span class='ocrx_word' id='word_1_702' title='bbox 2168 4455 2370 4510; x_wconf 76' lang='lat' dir='ltr'><strong>sufﬁcit</strong></span> 
     </span>
    </p>
   </div>
   <div class='ocr_carea' id='block_1_92' title="bbox 816 4545 2370 4618">
    <p class='ocr_par' dir='ltr' id='par_1_92' title="bbox 816 4545 2370 4618">
     <span class='ocr_line' id='line_1_92' title="bbox 816 4545 2370 4618; baseline -0.003 -17"><span class='ocrx_word' id='word_1_703' title='bbox 816 4570 835 4601; x_wconf 78' lang='grc' dir='ltr'><strong>ι</strong></span> <span class='ocrx_word' id='word_1_704' title='bbox 868 4551 1202 4614; x_wconf 87' lang='lat' dir='ltr'><strong>communio,</strong></span> <span class='ocrx_word' id='word_1_705' title='bbox 1230 4566 1352 4618; x_wconf 68' lang='lat' dir='ltr'><strong>qua:</strong></span> <span class='ocrx_word' id='word_1_706' title='bbox 1381 4550 1665 4616; x_wconf 75' lang='lat' dir='ltr'><strong>diligenter</strong></span> <span class='ocrx_word' id='word_1_707' title='bbox 1685 4559 1739 4602; x_wconf 91' lang='lat' dir='ltr'><strong>et</strong></span> <span class='ocrx_word' id='word_1_708' title='bbox 1772 4555 2027 4603; x_wconf 81' lang='lat' dir='ltr'><strong>accurate</strong></span> <span class='ocrx_word' id='word_1_709' title='bbox 2062 4549 2120 4600; x_wconf 85' lang='lat' dir='ltr'><strong>tit</strong></span> <span class='ocrx_word' id='word_1_710' title='bbox 2152 4545 2370 4599; x_wconf 84' lang='lat' dir='ltr'><strong>duabus</strong></span> 
     </span>
    </p>
   </div>
   <div class='ocr_carea' id='block_1_93' title="bbox 814 4635 2365 4701">
    <p class='ocr_par' dir='ltr' id='par_1_93' title="bbox 814 4635 2365 4701">
     <span class='ocr_line' id='line_1_93' title="bbox 814 4635 2365 4701; baseline 0.001 -11"><span class='ocrx_word' id='word_1_711' title='bbox 814 4658 835 4690; x_wconf 76' lang='grc' dir='ltr'><strong>ι</strong></span> <span class='ocrx_word' id='word_1_712' title='bbox 882 4639 948 4693; x_wconf 86' lang='lat' dir='ltr'><strong>de</strong></span> <span class='ocrx_word' id='word_1_713' title='bbox 970 4639 1153 4692; x_wconf 89' lang='lat' dir='ltr'><strong>causis</strong></span> <span class='ocrx_word' id='word_1_714' title='bbox 1173 4677 1188 4701; x_wconf 91' lang='lat'><strong>,</strong></span> <span class='ocrx_word' id='word_1_715' title='bbox 1236 4645 1349 4690; x_wconf 87' lang='lat' dir='ltr'><strong>tum</strong></span> <span class='ocrx_word' id='word_1_716' title='bbox 1375 4652 1441 4691; x_wconf 91' lang='lat' dir='ltr'><strong>ne</strong></span> <span class='ocrx_word' id='word_1_717' title='bbox 1470 4636 1757 4696; x_wconf 72' lang='lat' dir='ltr'><strong>videantur</strong></span> <span class='ocrx_word' id='word_1_718' title='bbox 1779 4637 2023 4689; x_wconf 88' lang='lat' dir='ltr'><strong>molestia</strong></span> <span class='ocrx_word' id='word_1_719' title='bbox 2048 4635 2204 4699; x_wconf 81' lang='lat' dir='ltr'><strong>afﬁci,</strong></span> <span class='ocrx_word' id='word_1_720' title='bbox 2238 4638 2365 4691; x_wconf 87' lang='lat' dir='ltr'><strong>hinc</strong></span> 
     </span>
    </p>
   </div>
   <div class='ocr_carea' id='block_1_94' title="bbox 816 4727 2363 4797">
    <p class='ocr_par' dir='ltr' id='par_1_94' title="bbox 816 4727 2363 4797">
     <span class='ocr_line' id='line_1_94' title="bbox 816 4727 2363 4797; baseline 0 -16"><span class='ocrx_word' id='word_1_721' title='bbox 816 4751 835 4781; x_wconf 79' lang='grc' dir='ltr'><strong>ι</strong></span> <span class='ocrx_word' id='word_1_722' title='bbox 883 4731 1296 4785; x_wconf 86' lang='lat' dir='ltr'><strong>dissolutionem</strong></span> <span class='ocrx_word' id='word_1_723' title='bbox 1319 4729 1369 4782; x_wconf 87' lang='lat' dir='ltr'><strong>vi</strong></span> <span class='ocrx_word' id='word_1_724' title='bbox 1403 4727 1725 4795; x_wconf 88' lang='lat' dir='ltr'><strong>arripientes</strong></span> <span class='ocrx_word' id='word_1_725' title='bbox 1752 4746 1762 4779; x_wconf 91' lang='lat'>:</span> <span class='ocrx_word' id='word_1_726' title='bbox 1801 4734 1914 4779; x_wconf 88' lang='lat' dir='ltr'><strong>tum</strong></span> <span class='ocrx_word' id='word_1_727' title='bbox 1943 4742 2010 4780; x_wconf 90' lang='lat' dir='ltr'><strong>ne</strong></span> <span class='ocrx_word' id='word_1_728' title='bbox 2034 4728 2168 4796; x_wconf 89' lang='lat' dir='ltr'><strong>lapsi</strong></span> <span class='ocrx_word' id='word_1_729' title='bbox 2199 4731 2363 4797; x_wconf 81' lang='lat' dir='ltr'><strong>aliqui</strong></span> 
     </span>
    </p>
   </div>
   <div class='ocr_carea' id='block_1_95' title="bbox 816 4818 2367 4887">
    <p class='ocr_par' dir='ltr' id='par_1_95' title="bbox 816 4818 2367 4887">
     <span class='ocr_line' id='line_1_95' title="bbox 816 4818 2367 4887; baseline 0.002 -16"><span class='ocrx_word' id='word_1_730' title='bbox 816 4840 837 4871; x_wconf 75' lang='grc' dir='ltr'><strong>ε</strong></span> <span class='ocrx_word' id='word_1_731' title='bbox 881 4828 1173 4874; x_wconf 85' lang='lat' dir='ltr'><strong>causentur</strong></span> <span class='ocrx_word' id='word_1_732' title='bbox 1189 4835 1245 4873; x_wconf 89' lang='lat' dir='ltr'><strong>se</strong></span> <span class='ocrx_word' id='word_1_733' title='bbox 1273 4828 1491 4887; x_wconf 79' lang='lat' dir='ltr'><strong>prepter</strong></span> <span class='ocrx_word' id='word_1_734' title='bbox 1518 4832 1690 4885; x_wconf 73' lang='lat' dir='ltr'><strong>pmnae</strong></span> <span class='ocrx_word' id='word_1_735' title='bbox 1720 4819 2063 4870; x_wconf 87' lang='lat' dir='ltr'><strong>occasionem</strong></span> <span class='ocrx_word' id='word_1_736' title='bbox 2094 4818 2260 4873; x_wconf 85' lang='lat' dir='ltr'><strong>fuisse</strong></span> <span class='ocrx_word' id='word_1_737' title='bbox 2287 4834 2367 4873; x_wconf 83' lang='lat' dir='ltr'><strong>re-</strong></span> 
     </span>
    </p>
   </div>
   <div class='ocr_carea' id='block_1_96' title="bbox 815 4910 2362 4978">
    <p class='ocr_par' dir='ltr' id='par_1_96' title="bbox 815 4910 2362 4978">
     <span class='ocr_line' id='line_1_96' title="bbox 815 4910 2362 4978; baseline -0.002 -11"><span class='ocrx_word' id='word_1_738' title='bbox 815 4932 839 4966; x_wconf 75' lang='grc' dir='ltr'><strong>ι</strong></span> <span class='ocrx_word' id='word_1_739' title='bbox 880 4915 1110 4966; x_wconf 85' lang='lat' dir='ltr'><strong>missos:</strong></span> <span class='ocrx_word' id='word_1_740' title='bbox 1147 4910 1249 4976; x_wconf 87' lang='lat' dir='ltr'><strong>Qui</strong></span> <span class='ocrx_word' id='word_1_741' title='bbox 1294 4911 1508 4978; x_wconf 88' lang='lat' dir='ltr'><strong>quidem</strong></span> <span class='ocrx_word' id='word_1_742' title='bbox 1546 4910 1827 4977; x_wconf 85' lang='lat' dir='ltr'><strong>plusquam</strong></span> <span class='ocrx_word' id='word_1_743' title='bbox 1862 4924 2049 4963; x_wconf 86' lang='lat' dir='ltr'><strong>omnes</strong></span> <span class='ocrx_word' id='word_1_744' title='bbox 2105 4910 2362 4977; x_wconf 86' lang='lat' dir='ltr'><strong>probrum</strong></span> 
     </span>
    </p>
   </div>
   <div class='ocr_carea' id='block_1_97' title="bbox 882 5060 1912 5132">
    <p class='ocr_par' dir='ltr' id='par_1_97' title="bbox 882 5060 1912 5132">
     <span class='ocr_line' id='line_1_97' title="bbox 882 5060 1912 5132; baseline -0.011 -10"><span class='ocrx_word' id='word_1_745' title='bbox 882 5078 907 5108; x_wconf 71' lang='grc'><strong>⁸</strong></span> <span class='ocrx_word' id='word_1_746' title='bbox 940 5066 1170 5132; x_wconf 73' lang='lat' dir='ltr'><strong>Philipp.</strong></span> <span class='ocrx_word' id='word_1_747' title='bbox 1215 5081 1251 5126; x_wconf 89' lang='grc' dir='ltr'><strong>ι,</strong></span> <span class='ocrx_word' id='word_1_748' title='bbox 1288 5065 1374 5125; x_wconf 73' lang='lat'><strong>25,</strong></span> <span class='ocrx_word' id='word_1_749' title='bbox 1410 5063 1494 5115; x_wconf 71' lang='lat' dir='ltr'><strong>2L</strong></span> <span class='ocrx_word' id='word_1_750' title='bbox 1575 5064 1600 5100; x_wconf 69' lang='grc' dir='ltr'>δ</span> <span class='ocrx_word' id='word_1_751' title='bbox 1633 5062 1737 5113; x_wconf 84' lang='lat' dir='ltr'><strong>Tit.</strong></span> <span class='ocrx_word' id='word_1_752' title='bbox 1768 5076 1825 5121; x_wconf 88' lang='grc' dir='ltr'><strong>ιι,</strong></span> <span class='ocrx_word' id='word_1_753' title='bbox 1864 5060 1912 5112; x_wconf 82' lang='lat'><strong>7.</strong></span> 
     </span>
    </p>
   </div>
   <div class='ocr_carea' id='block_1_98' title="bbox 2468 4362 4025 4441">
    <p class='ocr_par' dir='ltr' id='par_1_98' title="bbox 2468 4362 4025 4441">
     <span class='ocr_line' id='line_1_98' title="bbox 2468 4362 4025 4441; baseline -0.008 -18"><span class='ocrx_word' id='word_1_754' title='bbox 2468 4392 2485 4423; x_wconf 83' lang='grc' dir='ltr'><strong>ι</strong></span> <span class='ocrx_word' id='word_1_755' title='bbox 2528 4375 2584 4425; x_wconf 85' lang='grc' dir='ltr'><strong>ἐν</strong></span> <span class='ocrx_word' id='word_1_756' title='bbox 2624 4370 3105 4441; x_wconf 82' lang='grc' dir='ltr'>ταπεινοφροσύνῃ,</span> <span class='ocrx_word' id='word_1_757' title='bbox 3140 4370 3254 4430; x_wconf 81' lang='grc' dir='ltr'><strong>πῶς</strong></span> <span class='ocrx_word' id='word_1_758' title='bbox 3294 4366 3631 4421; x_wconf 81' lang='grc' dir='ltr'>ἐκτελὲσουσι</span> <span class='ocrx_word' id='word_1_759' title='bbox 3688 4362 4025 4429; x_wconf 85' lang='grc' dir='ltr'>παυσάμενοι</span> 
     </span>
    </p>
   </div>
   <div class='ocr_carea' id='block_1_99' title="bbox 2471 4449 4025 4530">
    <p class='ocr_par' dir='ltr' id='par_1_99' title="bbox 2471 4449 4025 4530">
     <span class='ocr_line' id='line_1_99' title="bbox 2471 4449 4025 4530; baseline -0.017 -3"><span class='ocrx_word' id='word_1_760' title='bbox 2471 4482 2488 4511; x_wconf 70' lang='grc'><strong><em>⁸</em></strong></span> <span class='ocrx_word' id='word_1_761' title='bbox 2528 4463 2625 4530; x_wconf 80' lang='grc' dir='ltr'><strong>τῆς</strong></span> <span class='ocrx_word' id='word_1_762' title='bbox 2684 4461 3002 4525; x_wconf 81' lang='grc' dir='ltr'>κενοδοξίας.</span> <span class='ocrx_word' id='word_1_763' title='bbox 3059 4462 3240 4529; x_wconf 82' lang='grc' dir='ltr'>Ἀρκεῖ</span> <span class='ocrx_word' id='word_1_764' title='bbox 3300 4457 3405 4527; x_wconf 78' lang='grc' dir='ltr'>γὰρ</span> <span class='ocrx_word' id='word_1_765' title='bbox 3453 4456 3631 4515; x_wconf 78' lang='grc' dir='ltr'>αὐτοῖς</span> <span class='ocrx_word' id='word_1_766' title='bbox 3693 4455 3724 4520; x_wconf 78' lang='grc' dir='ltr'><strong>ὴ</strong></span> <span class='ocrx_word' id='word_1_767' title='bbox 3772 4449 4025 4503; x_wconf 77' lang='grc' dir='ltr'>κοινωνία</span> 
     </span>
    </p>
   </div>
   <div class='ocr_carea' id='block_1_100' title="bbox 2471 4540 4024 4622">
    <p class='ocr_par' dir='ltr' id='par_1_100' title="bbox 2471 4540 4024 4622">
     <span class='ocr_line' id='line_1_100' title="bbox 2471 4540 4024 4622; baseline -0.008 -19"><span class='ocrx_word' id='word_1_768' title='bbox 2471 4571 2488 4602; x_wconf 86' lang='grc' dir='ltr'><strong>ι</strong></span> <span class='ocrx_word' id='word_1_769' title='bbox 2533 4553 2648 4622; x_wconf 78' lang='grc' dir='ltr'>μετ’</span> <span class='ocrx_word' id='word_1_770' title='bbox 2670 4552 3003 4612; x_wconf 84' lang='grc' dir='ltr'>ἐπιστάσεως</span> <span class='ocrx_word' id='word_1_771' title='bbox 3026 4550 3070 4580; x_wconf 81' lang='grc'>⁸⁸</span> <span class='ocrx_word' id='word_1_772' title='bbox 3088 4550 3178 4602; x_wconf 74' lang='grc' dir='ltr'><strong>καὶ</strong></span> <span class='ocrx_word' id='word_1_773' title='bbox 3197 4548 3473 4617; x_wconf 84' lang='grc' dir='ltr'>ἀκριϐείας</span> <span class='ocrx_word' id='word_1_774' title='bbox 3493 4546 3626 4614; x_wconf 80' lang='grc' dir='ltr'>πρὸς</span> <span class='ocrx_word' id='word_1_775' title='bbox 3651 4542 3934 4611; x_wconf 82' lang='grc' dir='ltr'>ἀμφότερα</span> <span class='ocrx_word' id='word_1_776' title='bbox 3961 4540 4024 4570; x_wconf 78' lang='grc'><strong>⁸⁸·</strong></span> 
     </span>
    </p>
   </div>
   <div class='ocr_carea' id='block_1_101' title="bbox 2469 4628 4025 4711">
    <p class='ocr_par' dir='ltr' id='par_1_101' title="bbox 2469 4628 4025 4711">
     <span class='ocr_line' id='line_1_101' title="bbox 2469 4628 4025 4711; baseline -0.01 -18"><span class='ocrx_word' id='word_1_777' title='bbox 2469 4660 2489 4693; x_wconf 72' lang='grc' dir='ltr'><strong>ι</strong></span> <span class='ocrx_word' id='word_1_778' title='bbox 2529 4641 2805 4711; x_wconf 78' lang='grc' dir='ltr'>γινομένη,</span> <span class='ocrx_word' id='word_1_779' title='bbox 2838 4642 2931 4693; x_wconf 77' lang='grc' dir='ltr'><strong>καὶ</strong></span> <span class='ocrx_word' id='word_1_780' title='bbox 2979 4641 3063 4692; x_wconf 89' lang='grc' dir='ltr'>’ίνα</span> <span class='ocrx_word' id='word_1_781' title='bbox 3097 4639 3169 4709; x_wconf 83' lang='grc' dir='ltr'>μὴ</span> <span class='ocrx_word' id='word_1_782' title='bbox 3208 4637 3397 4701; x_wconf 74' lang='grc' dir='ltr'>δόξωσι</span> <span class='ocrx_word' id='word_1_783' title='bbox 3427 4632 3707 4686; x_wconf 85' lang='grc' dir='ltr'>λυπεῖσθαι</span> <span class='ocrx_word' id='word_1_784' title='bbox 3737 4631 3873 4700; x_wconf 91' lang='grc' dir='ltr'><strong>μετά</strong></span> <span class='ocrx_word' id='word_1_785' title='bbox 3909 4628 4025 4697; x_wconf 86' lang='grc' dir='ltr'>βίας</span> 
     </span>
    </p>
   </div>
   <div class='ocr_carea' id='block_1_102' title="bbox 2470 4719 4025 4804">
    <p class='ocr_par' dir='ltr' id='par_1_102' title="bbox 2470 4719 4025 4804">
     <span class='ocr_line' id='line_1_102' title="bbox 2470 4719 4025 4804; baseline -0.01 -18"><span class='ocrx_word' id='word_1_786' title='bbox 2470 4752 2490 4784; x_wconf 79' lang='grc' dir='ltr'><strong>ι</strong></span> <span class='ocrx_word' id='word_1_787' title='bbox 2528 4732 3007 4804; x_wconf 82' lang='grc' dir='ltr'>περιδρασσόμενοι</span> <span class='ocrx_word' id='word_1_788' title='bbox 3040 4731 3138 4799; x_wconf 79' lang='grc' dir='ltr'>τῆς</span> <span class='ocrx_word' id='word_1_789' title='bbox 3186 4728 3431 4782; x_wconf 84' lang='grc' dir='ltr'>ἐντεῦθεν</span> <span class='ocrx_word' id='word_1_790' title='bbox 3465 4724 3772 4783; x_wconf 84' lang='grc' dir='ltr'>ἀναλύσεως</span> <span class='ocrx_word' id='word_1_791' title='bbox 3802 4720 3898 4789; x_wconf 86' lang='lat'><strong>(7),</strong></span> <span class='ocrx_word' id='word_1_792' title='bbox 3936 4719 4025 4771; x_wconf 78' lang='grc' dir='ltr'>καὶ</span> 
     </span>
    </p>
   </div>
   <div class='ocr_carea' id='block_1_103' title="bbox 2472 4810 4026 4892">
    <p class='ocr_par' dir='ltr' id='par_1_103' title="bbox 2472 4810 4026 4892">
     <span class='ocr_line' id='line_1_103' title="bbox 2472 4810 4026 4892; baseline -0.008 -20"><span class='ocrx_word' id='word_1_793' title='bbox 2472 4842 2489 4872; x_wconf 82' lang='grc' dir='ltr'><strong>ι</strong></span> <span class='ocrx_word' id='word_1_794' title='bbox 2533 4824 2617 4875; x_wconf 88' lang='grc' dir='ltr'><strong>ῖνα</strong></span> <span class='ocrx_word' id='word_1_795' title='bbox 2645 4824 2717 4892; x_wconf 81' lang='grc' dir='ltr'>μή</span> <span class='ocrx_word' id='word_1_796' title='bbox 2744 4838 2885 4883; x_wconf 76' lang='grc' dir='ltr'>τινες</span> <span class='ocrx_word' id='word_1_797' title='bbox 2922 4820 3259 4881; x_wconf 83' lang='grc' dir='ltr'>ἐκπεσόντες,</span> <span class='ocrx_word' id='word_1_798' title='bbox 3292 4816 3725 4887; x_wconf 78' lang='grc' dir='ltr'>προφασίζωνται</span> <span class='ocrx_word' id='word_1_799' title='bbox 3746 4812 3787 4843; x_wconf 87' lang='grc'><strong>³⁷</strong></span> <span class='ocrx_word' id='word_1_800' title='bbox 3810 4810 3961 4862; x_wconf 81' lang='grc' dir='ltr'>ὼσάν</span> <span class='ocrx_word' id='word_1_801' title='bbox 3986 4810 4026 4841; x_wconf 85' lang='grc'><em>³³</em></span> 
     </span>
    </p>
   </div>
   <div class='ocr_carea' id='block_1_104' title="bbox 2470 4902 4024 4983">
    <p class='ocr_par' dir='ltr' id='par_1_104' title="bbox 2470 4902 4024 4983">
     <span class='ocr_line' id='line_1_104' title="bbox 2470 4902 4024 4983; baseline -0.007 -20"><span class='ocrx_word' id='word_1_802' title='bbox 2470 4932 2489 4963; x_wconf 84' lang='grc'><strong><em>‹</em></strong></span> <span class='ocrx_word' id='word_1_803' title='bbox 2527 4913 2615 4966; x_wconf 81' lang='grc' dir='ltr'>διὰ</span> <span class='ocrx_word' id='word_1_804' title='bbox 2665 4914 2761 4983; x_wconf 78' lang='grc' dir='ltr'>τὴν</span> <span class='ocrx_word' id='word_1_805' title='bbox 2807 4912 3057 4983; x_wconf 81' lang='grc' dir='ltr'>ἀφορμὴν</span> <span class='ocrx_word' id='word_1_806' title='bbox 3101 4914 3198 4981; x_wconf 80' lang='grc' dir='ltr'>τῆς</span> <span class='ocrx_word' id='word_1_807' title='bbox 3246 4909 3522 4977; x_wconf 73' lang='grc' dir='ltr'>ἐπιτιμίας</span> <span class='ocrx_word' id='word_1_808' title='bbox 3567 4902 4024 4973; x_wconf 71' lang='grc' dir='ltr'>ὑπεκλελυμένοιο</span> 
     </span>
    </p>
   </div>
   <div class='ocr_carea' id='block_1_105' title="bbox 2096 5190 2755 5248">
    <p class='ocr_par' dir='ltr' id='par_1_105' title="bbox 2096 5190 2755 5248">
     <span class='ocr_line' id='line_1_105' title="bbox 2096 5190 2755 5248; baseline 0.002 -3"><span class='ocrx_word' id='word_1_809' title='bbox 2096 5191 2325 5246; x_wconf 69' lang='grc' dir='ltr'>γΑιιιΑε</span> <span class='ocrx_word' id='word_1_810' title='bbox 2360 5190 2755 5248; x_wconf 86' lang='lat' dir='ltr'><strong>LECTIONES.</strong></span> 
     </span>
    </p>
   </div>
   <div class='ocr_carea' id='block_1_106' title="bbox 882 5326 3694 5399">
    <p class='ocr_par' dir='ltr' id='par_1_106' title="bbox 882 5326 3694 5399">
     <span class='ocr_line' id='line_1_106' title="bbox 882 5326 3694 5399; baseline -0.003 -14"><span class='ocrx_word' id='word_1_811' title='bbox 882 5335 926 5365; x_wconf 74' lang='lat'>“</span> <span class='ocrx_word' id='word_1_812' title='bbox 949 5332 1093 5387; x_wconf 75' lang='lat' dir='ltr'><strong>deest</strong></span> <span class='ocrx_word' id='word_1_813' title='bbox 1120 5330 1426 5391; x_wconf 85' lang='grc' dir='ltr'>ἀπόστολος.</span> <span class='ocrx_word' id='word_1_814' title='bbox 1463 5331 1505 5361; x_wconf 83' lang='grc'><strong>³⁸</strong></span> <span class='ocrx_word' id='word_1_815' title='bbox 1536 5329 1684 5396; x_wconf 84' lang='grc' dir='ltr'><strong>παρά</strong></span> <span class='ocrx_word' id='word_1_816' title='bbox 1705 5327 1880 5395; x_wconf 82' lang='grc' dir='ltr'>λόγον.</span> <span class='ocrx_word' id='word_1_817' title='bbox 1957 5326 2001 5357; x_wconf 80' lang='grc'><strong>⁸⁸</strong></span> <span class='ocrx_word' id='word_1_818' title='bbox 2036 5326 2356 5389; x_wconf 80' lang='grc' dir='ltr'>ἐπιτάσεως.</span> <span class='ocrx_word' id='word_1_819' title='bbox 2432 5328 2496 5358; x_wconf 77' lang='grc'><strong>⁸⁸³</strong></span> <span class='ocrx_word' id='word_1_820' title='bbox 2527 5329 2851 5399; x_wconf 85' lang='grc' dir='ltr'>ἀμφότερον.</span> <span class='ocrx_word' id='word_1_821' title='bbox 2932 5329 2975 5359; x_wconf 68' lang='grc'><strong>³¹</strong></span> <span class='ocrx_word' id='word_1_822' title='bbox 3004 5330 3461 5399; x_wconf 85' lang='grc' dir='ltr'>προφασίσωνται.</span> <span class='ocrx_word' id='word_1_823' title='bbox 3535 5327 3578 5357; x_wconf 76' lang='grc'><strong>’⁸</strong></span> <span class='ocrx_word' id='word_1_824' title='bbox 3604 5328 3694 5389; x_wconf 81' lang='grc' dir='ltr'>ὡς.</span> 
     </span>
    </p>
   </div>
   <div class='ocr_carea' id='block_1_107' title="bbox 2546 5498 4030 5580">
    <p class='ocr_par' dir='ltr' id='par_1_107' title="bbox 2546 5498 4030 5580">
     <span class='ocr_line' id='line_1_107' title="bbox 2546 5498 4030 5580; baseline -0.018 -5"><span class='ocrx_word' id='word_1_825' title='bbox 2546 5511 2620 5580; x_wconf 79' lang='lat' dir='ltr'><strong>l7)</strong></span> <span class='ocrx_word' id='word_1_826' title='bbox 2682 5512 2793 5578; x_wconf 82' lang='grc' dir='ltr'><strong>Τῆς</strong></span> <span class='ocrx_word' id='word_1_827' title='bbox 2820 5511 3097 5565; x_wconf 74' lang='grc' dir='ltr'>ἐντεῦθεν</span> <span class='ocrx_word' id='word_1_828' title='bbox 3129 5512 3301 5564; x_wconf 76' lang='grc' dir='ltr'>ἀναλ.</span> <span class='ocrx_word' id='word_1_829' title='bbox 3357 5506 3594 5580; x_wconf 76' lang='lat' dir='ltr'><strong>Zonaras</strong></span> <span class='ocrx_word' id='word_1_830' title='bbox 3644 5512 3694 5553; x_wconf 88' lang='lat' dir='ltr'><strong>et</strong></span> <span class='ocrx_word' id='word_1_831' title='bbox 3746 5498 4030 5580; x_wconf 61' lang='lat' dir='ltr'><strong>Balsatnen</strong></span> 
     </span>
    </p>
   </div>
   <div class='ocr_carea' id='block_1_108' title="bbox 2475 5566 4031 5646">
    <p class='ocr_par' dir='ltr' id='par_1_108' title="bbox 2475 5566 4031 5646">
     <span class='ocr_line' id='line_1_108' title="bbox 2475 5566 4031 5646; baseline -0.005 -16"><span class='ocrx_word' id='word_1_832' title='bbox 2475 5566 2893 5635; x_wconf 54' lang='lat' dir='ltr'><strong>videnlur&#39;liunc</strong></span> <span class='ocrx_word' id='word_1_833' title='bbox 2921 5582 3096 5632; x_wconf 84' lang='lat' dir='ltr'><strong>locum</strong></span> <span class='ocrx_word' id='word_1_834' title='bbox 3123 5591 3400 5646; x_wconf 84' lang='lat' dir='ltr'><strong>perperam</strong></span> <span class='ocrx_word' id='word_1_835' title='bbox 3418 5572 3803 5646; x_wconf 65' lang='lat' dir='ltr'><strong>interpretari,</strong></span> <span class='ocrx_word' id='word_1_836' title='bbox 3853 5572 3908 5621; x_wconf 71' lang='lat' dir='ltr'><strong>et</strong></span> <span class='ocrx_word' id='word_1_837' title='bbox 3933 5566 4031 5637; x_wconf 76' lang='grc' dir='ltr'>τὴν</span> 
     </span>
    </p>
   </div>
   <div class='ocr_carea' id='block_1_109' title="bbox 2476 5638 3869 5713">
    <p class='ocr_par' dir='ltr' id='par_1_109' title="bbox 2476 5638 3869 5713">
     <span class='ocr_line' id='line_1_109' title="bbox 2476 5638 3869 5713; baseline -0.008 -12"><span class='ocrx_word' id='word_1_838' title='bbox 2476 5651 2720 5703; x_wconf 75' lang='grc' dir='ltr'>ἐντεῦθεν</span> <span class='ocrx_word' id='word_1_839' title='bbox 2747 5651 3000 5703; x_wconf 82' lang='grc' dir='ltr'>ἀνάλυσιν</span> <span class='ocrx_word' id='word_1_840' title='bbox 3027 5650 3091 5703; x_wconf 90' lang='lat' dir='ltr'><strong>de</strong></span> <span class='ocrx_word' id='word_1_841' title='bbox 3123 5638 3292 5702; x_wconf 66' lang='lat' dir='ltr'><strong>inor-te</strong></span> <span class='ocrx_word' id='word_1_842' title='bbox 3318 5645 3579 5713; x_wconf 85' lang='lat' dir='ltr'><strong>accipere.</strong></span> <span class='ocrx_word' id='word_1_843' title='bbox 3602 5638 3869 5693; x_wconf 69' lang='grc' dir='ltr'>ιιωυω.</span> 
     </span>
    </p>
   </div>
   <div class='ocr_carea' id='block_1_110' title="bbox 882 5514 2365 5583">
    <p class='ocr_par' dir='ltr' id='par_1_110' title="bbox 882 5514 2365 5583">
     <span class='ocr_line' id='line_1_110' title="bbox 882 5514 2365 5583; baseline -0.007 -12"><span class='ocrx_word' id='word_1_844' title='bbox 882 5524 956 5583; x_wconf 58' lang='lat' dir='ltr'><strong>vi)</strong></span> <span class='ocrx_word' id='word_1_845' title='bbox 990 5522 1176 5574; x_wconf 71' lang='grc' dir='ltr'>Ὅθεν.</span> <span class='ocrx_word' id='word_1_846' title='bbox 1206 5533 1260 5568; x_wconf 90' lang='grc' dir='ltr'><strong>κ.</strong></span> <span class='ocrx_word' id='word_1_847' title='bbox 1291 5532 1338 5567; x_wconf 90' lang='grc' dir='ltr'><strong>τ.</strong></span> <span class='ocrx_word' id='word_1_848' title='bbox 1374 5514 1420 5566; x_wconf 92' lang='grc' dir='ltr'><strong>λ.</strong></span> <span class='ocrx_word' id='word_1_849' title='bbox 1474 5514 1670 5569; x_wconf 73' lang='lat' dir='ltr'><strong>Confer</strong></span> <span class='ocrx_word' id='word_1_850' title='bbox 1703 5529 1825 5567; x_wconf 92' lang='lat' dir='ltr'><strong>cum</strong></span> <span class='ocrx_word' id='word_1_851' title='bbox 1870 5514 1955 5565; x_wconf 84' lang='lat' dir='ltr'><strong>his</strong></span> <span class='ocrx_word' id='word_1_852' title='bbox 1999 5520 2365 5583; x_wconf 67' lang='lat' dir='ltr'><strong>narrationem</strong></span> 
     </span>
    </p>
   </div>
   <div class='ocr_carea' id='block_1_111' title="bbox 813 5578 2365 5659">
    <p class='ocr_par' dir='ltr' id='par_1_111' title="bbox 813 5578 2365 5659">
     <span class='ocr_line' id='line_1_111' title="bbox 813 5578 2365 5659; baseline -0.009 -14"><span class='ocrx_word' id='word_1_853' title='bbox 813 5578 1091 5659; x_wconf 34' lang='lat' dir='ltr'><strong>Fpip&#39;hanii</strong></span> <span class='ocrx_word' id='word_1_854' title='bbox 1122 5592 1191 5643; x_wconf 88' lang='lat' dir='ltr'><strong>de</strong></span> <span class='ocrx_word' id='word_1_855' title='bbox 1235 5588 1547 5648; x_wconf 73' lang='lat' dir='ltr'><strong>Meletianis,</strong></span> <span class='ocrx_word' id='word_1_856' title='bbox 1610 5587 1736 5637; x_wconf 64' lang='lat' dir='ltr'><strong>liter.</strong></span> <span class='ocrx_word' id='word_1_857' title='bbox 1796 5598 1983 5643; x_wconf 77' lang='lat' dir='ltr'><strong>vam,</strong></span> <span class='ocrx_word' id='word_1_858' title='bbox 2032 5598 2085 5632; x_wconf 87' lang='grc' dir='ltr'><strong>ιι.</strong></span> <span class='ocrx_word' id='word_1_859' title='bbox 2153 5579 2187 5630; x_wconf 66' lang='lat'><strong>2</strong></span> <span class='ocrx_word' id='word_1_860' title='bbox 2233 5586 2285 5634; x_wconf 83' lang='lat' dir='ltr'><strong>ct</strong></span> <span class='ocrx_word' id='word_1_861' title='bbox 2313 5578 2365 5632; x_wconf 77' lang='grc'>5.</span> 
     </span>
    </p>
   </div>
   <div class='ocr_carea' id='block_1_112' title="bbox 813 5662 1071 5717">
    <p class='ocr_par' dir='ltr' id='par_1_112' title="bbox 813 5662 1071 5717">
     <span class='ocr_line' id='line_1_112' title="bbox 813 5662 1071 5717; baseline -0.031 0"><span class='ocrx_word' id='word_1_862' title='bbox 813 5662 852 5717; x_wconf 73' lang='lat' dir='ltr'><strong>Ii</strong></span> <span class='ocrx_word' id='word_1_863' title='bbox 862 5677 997 5715; x_wconf 58' lang='lat' dir='ltr'><strong>non</strong></span> <span class='ocrx_word' id='word_1_864' title='bbox 1007 5677 1071 5713; x_wconf 74' lang='lat' dir='ltr'><strong>ut.</strong></span> 
     </span>
    </p>
   </div>
   <div class='ocr_carea' id='block_1_113' title="bbox 886 5720 2181 5791">
    <p class='ocr_par' dir='ltr' id='par_1_113' title="bbox 886 5720 2181 5791">
     <span class='ocr_line' id='line_1_113' title="bbox 886 5720 2181 5791; baseline -0.013 -4"><span class='ocrx_word' id='word_1_865' title='bbox 886 5734 961 5791; x_wconf 73' lang='grc' dir='ltr'>ιθ)</span> <span class='ocrx_word' id='word_1_866' title='bbox 1000 5731 1349 5791; x_wconf 64' lang='grc' dir='ltr'>’δεικνύς-ἀς.</span> <span class='ocrx_word' id='word_1_867' title='bbox 1387 5724 1463 5779; x_wconf 78' lang='lat' dir='ltr'><strong>Ms</strong></span> <span class='ocrx_word' id='word_1_868' title='bbox 1515 5725 1633 5778; x_wconf 85' lang='lat' dir='ltr'><strong>cod.</strong></span> <span class='ocrx_word' id='word_1_869' title='bbox 1666 5722 1782 5776; x_wconf 80' lang='lat' dir='ltr'><strong>Nan</strong></span> <span class='ocrx_word' id='word_1_870' title='bbox 1835 5720 2181 5785; x_wconf 70' lang='grc' dir='ltr'>ἐξαντλῆσας.</span> 
     </span>
    </p>
   </div>
  </div>
