4224 6440
263 402 366 463 (97

1372 409 1454 470 IN
1489 412 1724 475 EPIST.
1756 414 1818 476 S.
1858 414 2085 475 PETRI
2123 417 2345 476 ALEX.

3369 418 3470 479 498

265 545 287 579 ε
326 529 522 592 οῖτινες
546 530 701 584 πλέον
728 531 978 585 ἀπάντων
996 529 1257 599 αἰσχύνην
1281 532 1372 583 καὶ
1400 531 1594 595 δνειδος
1613 532 1811 598 εξουσι,
1842 547 1889 604 λ
1920 549 1933 582 ι

1796 572 1811 596 ,
1842 547 1889 604 λ
1920 549 1939 582 ι
1981 540 2036 587 et
2060 532 2406 601 ignominiam
2425 531 2987 594 habebuntzsicutillc
3019 538 3113 602 qui
3142 534 3455 590 fundamen-

266 635 286 667 ι
326 619 448 670 κατ’
481 620 682 672 ικεῖνον
714 619 803 671 τὸν
833 619 1112 673 τεθεικότα
1136 618 1400 689 θεμέλιον,
1428 622 1519 674 καὶ
1562 622 1634 693 μὴ
1665 622 1814 691 ἰσχύ-

266 724 286 759 ι
324 726 497 765 σαντα
540 711 833 764 ἐκτελέσαι·
865 710 1176 779 Ἃρξονται
1203 710 1331 782 γὰρ,
1372 714 1563 784 φησὶν,
1597 714 1815 780 πάντες

264 817 286 851 ι
323 804 379 853 οι
410 804 948 869 παραπορευόμενοι
977 802 1274 872 ἐμπαίζειν
1290 808 1491 872 αὐτὸν,
1514 806 1809 876 λέγοντες·

264 906 286 939 ι
327 886 570 955 Οὗτοςό
593 890 896 958 ἄνθρωπος
941 892 1216 961 θεμέλιον
1256 894 1434 964 ἔθηκε
1472 896 1537 963 ³⁸,
1578 898 1674 950 καί
1704 898 1814 950 οὐκ

266 995 288 1029 ε
328 980 588 1047 ισχυσεν
613 980 938 1035 ἐκτελέσαι.
974 1001 993 1033 ι

332 1067 527 1120 ΒΔΛΣ.
568 1069 702 1137 Περὶ
748 1072 1225 1143 αὐτομολησάντων
1256 1078 1335 1140 εἰς
1370 1077 1460 1130 τδν
1490 1077 1583 1131 τοῦ
1616 1092 1817 1145 μαρτυ-

261 1157 380 1226 ρίου
408 1157 593 1224 ἀγῶνα
618 1158 914 1229 διαλεχθεὶς
943 1165 971 1215 ὁ
1000 1164 1209 1235 Πατὴρ,
1246 1166 1340 1221 νῦν
1379 1169 1470 1221 καὶ
1512 1169 1637 1237 περί
1684 1166 1816 1237 κλη-

261 1246 431 1314 ρικῶν
456 1247 708 1301 τοιούτων
734 1250 825 1301 τὸν
849 1249 1004 1318 λόγον
1031 1260 1285 1309 ποιεῖται·
1319 1258 1411 1311 καί
1441 1275 1619 1327 φησιν,
1644 1259 1737 1321 ὡς,
1768 1260 1815 1311 εἰ

258 1333 520 1403 κληρικδς
538 1338 925 1409 ηὐτομόλησεν,
956 1338 1072 1396 εῐτα
1098 1346 1170 1417 μὴ
1198 1347 1401 1413 στέγων
1427 1348 1523 1410 τὰς
1551 1349 1817 1418 τιμωρίας

256 1422 603 1486 ἑκπέπτωκε,
632 1427 727 1477 καὶ
757 1425 912 1490 αὖθις
950 1432 1027 1493 εἰς
1063 1434 1253 1486 ἑαυτὸν
1277 1437 1579 1503 γενόμενος,
1613 1437 1816 1489 ἀνεπά-

254 1509 413 1563 λαισε
461 1512 558 1581 τὴν
602 1515 806 1568 οἰκείαν
839 1517 1076 1585 πτῶσιν,
1124 1521 1218 1574 καὶ
1262 1522 1580 1590 Χριστιανὸν
1628 1524 1816 1577 ἑαυτὸν

254 1598 603 1670 ὡμολόγησεν
628 1603 854 1658 ἐνώπιον
879 1607 985 1659 τῶν
1014 1609 1305 1678 τυράννων,
1331 1612 1359 1665 ὀ
1379 1612 1614 1673 τοιοῦτος
1635 1613 1816 1665 οὐκέτι

257 1691 318 1742 ὲν
342 1692 406 1758 τῇ
441 1689 745 1762 λειτουργίᾳ
768 1694 939 1756 ἔσται,
963 1696 1095 1748 διότι
1117 1698 1467 1751 καταλέλοιπε
1488 1701 1547 1752 τὸ
1571 1702 1816 1771 ποίμνιον

257 1780 354 1830 τοῦ
383 1780 619 1850 Κυρίου·
656 1784 749 1835 καὶ
772 1784 861 1836 διὰ
889 1785 949 1837 τὸ
973 1786 1339 1855 αὐτομολῆσαι
1385 1791 1475 1842 καὶ
1516 1792 1588 1860 μὴ
1619 1810 1809 1862 καρτε·

1922 640 1940 672 ι
1986 633 2087 675 tun
2130 621 2343 691 posuit,
2390 629 2579 675 etnon
2624 624 2794 691 potuit
2841 624 3138 693 perficere:
3200 623 3455 689 Inripient

1920 730 1939 762 ι
1977 712 2354 778 enim,inquit,
2388 727 2561 764 omnes
2593 714 3197 782 quipnctergredicnlur,
3225 731 3338 766 cum
3389 718 3452 767 il-

1919 817 1938 850 ι
1986 800 2177 864 ludere,
2207 800 2429 852 dicentes
2447 815 2465 852 :
2496 800 2595 853 Hic
2613 802 2759 853 homo
2781 806 2951 869 posuit
2975 804 3387 869 fundamentum,
3407 815 3455 857 et

1919 906 1939 939 ι
1982 906 2085 943 non
2107 890 2273 957 potuit
2298 891 2542 957 per/icere
2578 901 2623 943 ι.
2669 909 2684 939 ι

1982 1060 2143 1116 Bas.
2188 1060 2261 1115 De
2291 1061 2359 1115 iis
2387 1062 2480 1129 qui
2518 1077 2608 1116 sua
2656 1072 2844 1129 Sponte
2883 1058 2948 1111 ad
2998 1059 3240 1127 martyrii
3283 1067 3459 1111 certa-

1915 1166 2036 1206 men
2064 1150 2401 1221 confugiunt,
2426 1153 2639 1208 locutus
2656 1151 2832 1214 Pater.
2852 1164 2997 1204 nunc
3011 1150 3076 1203 de
3094 1147 3305 1202 clericis
3323 1163 3459 1216 quo-

1914 1258 2019 1311 que
2047 1243 2138 1310 qui
2174 1250 2302 1297 sunt
2333 1242 2598 1308 ejusmodi
2649 1242 2887 1309 loquitur
2924 1258 2937 1294 :
2991 1249 3045 1294 et
3074 1240 3205 1292 dicit
3236 1240 3377 1307 quod
3413 1240 3457 1288 si

1916 1331 2145 1386 clericus
2188 1332 2252 1383 ad
2285 1338 2554 1384 certamen
2604 1345 2699 1384 sua
2737 1338 2929 1397 sponte
2976 1328 3237 1399 profugit,
3269 1328 3461 1382 dein-ie

1914 1435 2037 1474 cum
2070 1435 2178 1474 non
2200 1429 2376 1489 posset
2409 1418 2548 1472 ferre
2563 1427 2850 1480 tormenta,
2873 1419 3095 1484 excidit,
3116 1426 3169 1473 et
3196 1433 3316 1471 eum
3342 1432 3463 1469 rur-

1916 1526 2010 1566 sus
2040 1510 2103 1563 ad
2136 1526 2194 1565 se.
2222 1509 2495 1570 rediisset,
2544 1510 2749 1576 lapsum
2785 1524 2943 1563 suum
2994 1511 3286 1572 revocavit,
3319 1514 3373 1561 et
3403 1523 3462 1561 se

1915 1615 2098 1654 coram
2136 1600 2381 1669 tyrannis
2412 1597 2783 1651 Christianum
2816 1599 3102 1654 confessus
3135 1609 3247 1666 est;
3277 1601 3325 1651 is
3355 1614 3463 1652 non

1914 1688 2145 1755 amplius
2173 1702 2327 1740 saera
2345 1688 2639 1740 ministeria
2664 1687 2850 1748 obibit,
2878 1702 2943 1740 eo
2956 1687 3098 1755 quod
3130 1702 3341 1755 gregem
3361 1686 3465 1737 Do-

1917 1779 2044 1830 mini
2077 1778 2353 1844 relicht'it
2378 1794 2392 1841 ;
2428 1786 2479 1830 et
2507 1792 2571 1831 eo
2600 1776 2741 1845 quod
2767 1791 2889 1827 cum
2922 1790 3019 1831 sua
3040 1777 3257 1843 quidem
3273 1785 3466 1844 spente

264 1869 427 1937 Ρῆ⁶²⁶
455 1870 552 1931 τὰς
580 1870 861 1938 βασάνουςν
896 1874 1082 1944 ἰυῖἰμον
1122 1880 1485 1947 προσήνεγκεν
1524 1860 1717 1950 ἑαυτῷ.
1747 1885 1817 1935 Τὸ
1849 1868 1887 1921 Β
1916 1879 1932 1912 ί

1795 1886 1817 1935 δ
1849 1868 1887 1921 Β
1916 1860 2237 1928 confugerit,
2267 1873 2318 1915 et
2342 1869 2607 1915 tormenta
2641 1861 2866 1914 sufferre
2910 1876 3014 1914 non
3053 1865 3309 1928 potuerit,
3361 1864 3463 1916 sibi

249 1959 317 2017 Δδὲ.
350 1960 755 2029 καταφρονῆσαι
785 1964 884 2031 τῆς
914 1963 1256 2030 διδασκαλίας
1289 1970 1380 2021 τοῦ
1411 1970 1537 2023 λαοῦ
1568 1976 1658 2025 καὶ
1688 1990 1817 2041 προσ

258 2049 595 2118 τιμήσασθαι
642 2052 703 2104 τὸ
741 2052 916 2123 ἑαυτῷ
942 2056 1248 2126 συμφέρον,
1299 2060 1417 2112 οὐδὲ
1450 2065 1495 2114 οἰ
1536 2063 1815 2116 ἀπόστολοι

261 2140 639 2208 πεποιήκασιν.
675 2142 734 2194 '0
766 2142 874 2212 γὰρ
901 2144 1071 2213 μέγας
1104 2146 1330 2212 Παῦλος,
1359 2152 1495 2218 μετά
1535 2152 1594 2203 τὸ
1623 2153 1817 2215 πολλὰς

264 2226 531 2294 βασάνους
572 2230 876 2301 ὑπομεῖναι,
903 2237 1243 2305 κατανοήσας
1273 2243 1515 2309 κρεῖττον
1548 2238 1683 2295 εἶναι
1731 2245 1817 2295 τὸν

265 2314 379 2383 βίον
410 2317 691 2372 ἀπολιπεῖν
713 2357 729 2381 ,
763 2327 1161 2395 προετιμήσατο
1193 2324 1290 2396 ζῇν
1321 2329 1412 2381 καὶ
1444 2329 1816 2397 βασανίζεσθαι

261 2403 352 2457 διὰ
382 2405 779 2487 τὴνισωτηρίαν
810 2413 901 2464 καὶ
935 2412 1276 2469 διδασκαλίαν
1304 2417 1395 2470 τοῦ
1443 2420 1590 2471 λαοῦ.
1647 2422 1818 2473 Ἀναί-

266 2492 452 2562 σθητοι
488 2496 615 2562 γοῦν
650 2500 784 2552 εἰσιν
818 2502 866 2552 oi
902 2502 1174 2567 αἰτοῦντες
1220 2506 1315 2576 τὴν
1356 2506 1709 2577 λειτουργίαν,
1751 2505 1815 2579 ἦς

264 2581 538 2637 tamen
582 2587 984 2643 ἑκπεπτὼκασι.
1020 2593 1143 2654 Πῶς
1185 2594 1292 2665 γὰρ
1329 2597 1567 2648 αἰτοῦσιν
1621 2598 1648 2648 δ
1686 2615 1817 2651 κατ-

262 2672 483 2735 έλιπον,
513 2675 795 2745 δυνάμενοι
841 2682 950 2741 τοῖς
990 2680 1231 2748 ἀδελφοῖς
1264 2682 1546 2752 εὖχρηστοι
1576 2682 1710 2739 εἶναι
1759 2689 1817 2740 ὲν

266 2760 446 2830 καιρῷ
491 2762 747 2833 τοιούτῳ,
798 2764 1032 2836 διωγμοῦ
1089 2768 1322 2840 δηλαδή;
1364 2772 1423 2823 Ei
1474 2774 1570 2841 μὲν
1617 2771 1709 2827 οὖν
1756 2776 1815 2829 οὐ

268 2850 604 2912 πεπτώκασι,
641 2855 821 2923 φησὶν,
857 2852 999 2925 εἶχον
1028 2856 1093 2910 ἂν
1128 2859 1454 2929 συγγνώμην
1487 2862 1577 2913 ἐπὶ
1606 2865 1672 2932 τῇ
1711 2881 1817 2917 πασ-

266 2939 483 3008 ραλόγῳ
511 2941 685 2993 αὐτῶν
728 2944 939 3013 πράξει,
968 2948 1065 3015 τῆς
1090 2948 1498 3018 αὐτομολήσως
1529 2952 1746 3023 δηλαδὴ,
1783 2953 1815 3022 ἢ

264 3028 366 3097 τῆς
410 3031 536 3098 περὶ
572 3031 631 3083 τὸ
658 3032 923 3085 διδάσκειν
959 3037 1050 3087 καὶ
1091 3036 1364 3107 στηρίζειν
1406 3041 1529 3102 τοὺς
1560 3042 1817 3110 ἀδελφοὺς

266 3117 573 3186 ῥᾳθυμίας
608 3121 656 3171 εἰ
709 3120 764 3173 δὲ
817 3124 1164 3180 πεπτώκασιν
1211 3130 1274 3179 ὲκ
1322 3131 1665 3199 περπερείας,
1701 3134 1817 3200 ἦτοι

1919 1950 2018 2019 ipsi
2052 1943 2221 2003 labem
2263 1952 2461 2003 attulit.
2498 1951 2565 2005 Ut
2594 1960 2769 2004 autem
2826 1953 3006 2019 populi
3040 1953 3338 2005 doctrinam
3372 1970 3467 2007 ue-

1916 2039 2200 2107 gligerent,
2232 2050 2283 2090 et
2308 2054 2458 2091 suam
2499 2040 2782 2117 utilitatem
2818 2040 3151 2107 prmferreut,
3207 2056 3305 2094 nec
3339 2056 3467 2110 apo—

1919 2131 2041 2183 stoli
2067 2131 2324 2183 fecerunt.
2351 2130 2572 2198 Magnus
2589 2144 2726 2184 eum.
2751 2128 2967 2191 Paulus.
2994 2141 3273 2201 postquam
3301 2134 3467 2186 multa

1918 2228 2183 2272 tormenta
2232 2220 2509 2278 subiisset,
2570 2221 2876 2287 intelligens
2906 2224 3076 2273 multo
3100 2237 3221 2274 esse
3275 2224 3467 2275 melius

1918 2312 2080 2362 vitam
2112 2312 2437 2379 relinquere,
2467 2306 2654 2363 uialuit
2677 2312 2853 2365 vivere
2885 2321 2936 2364 et
2969 2314 3204 2380 torqueri
3247 2322 3467 2381 propter

1918 2397 2143 2451 salutem
2176 2407 2229 2452 et
2259 2400 2555 2452 doctrinam
2585 2401 2785 2467 populi.
2844 2396 3017 2453 Sensu
3069 2416 3199 2469 ergo
3246 2403 3467 2453 omnino

1916 2496 2123 2550 carent,
2148 2488 2239 2557 qui
2273 2498 2459 2555 petunt
2491 2504 2704 2541 sacrum
2749 2490 3132 2551 ministerium,
3174 2505 3200 2541 a
3233 2505 3339 2559 quo
3367 2507 3466 2544 sua

1918 2587 2109 2645 sponte
2138 2580 2470 2633 exciderunt.
2503 2579 2782 2645 Quomodo
2812 2582 2954 2633 enim
3003 2588 3186 2647 petunt
3216 2582 3355 2649 quod
3384 2597 3468 2635 rc-

1917 2667 2211 2735 liquerunt,
2246 2684 2367 2721 cum
2401 2672 2609 2738 possint
2638 2671 2689 2722 in
2716 2670 2813 2722 bac
2841 2678 3179 2737 tempestate.
3210 2680 3464 2739 persecu-

1917 2759 2080 2813 tionis
2108 2760 2334 2819 scilicet,
2368 2759 2628 2813 fratribus
2660 2776 2783 2814 esse
2809 2761 3011 2814 utiles?
3046 2760 3101 2814 Si
3130 2762 3310 2830 itaque
3357 2778 3465 2815 non

1916 2848 2259 2911 cecidissent,
2297 2850 2492 2918 inquit,
2527 2852 2646 2919 ejus
2682 2851 2822 2917 quod
2854 2861 3049 2909 matter
3095 2853 3354 2905 rationem
3386 2853 3459 2905 fe-

1917 2943 2141 3001 cissent.
2173 2942 2253 2995 eis
2287 2942 2508 2995 daretur
2524 2944 2704 3006 venia,
2732 2954 3042 3009 spontaneze
3082 2942 3287 2993 scilicet
3308 2941 3462 3007 fugm.

1919 3030 1999 3082 vel
2034 3029 2088 3081 in
2117 3014 2378 3084 fratribus
2402 3030 2660 3082 docendis
2687 3039 2737 3081 et
2768 3029 3154 3083 confirmandis
3184 3032 3463 3084 socordiae.

1920 3118 2016 3172 Sin
2044 3127 2218 3173 autem
2246 3127 2463 3187 propter
2480 3133 2632 3172 suam
2662 3119 3003 3172 insolentiam
3031 3128 3082 3171 et
3104 3122 3465 3189 arrogantiam

261 3184 600 3272 ἀλαζονείας,
631 3208 888 3279 [τοιοῦτον
912 3213 1015 3283 γάρ
1034 3217 1149 3267 ἐστι
1176 3216 1234 3268 τὸ
1257 3184 1664 3289 καταιτολμῆσαί
1844 3184 1889 3244 C
1919 3210 1929 3261 Ῑ

1800 3249 1819 3263 .
1844 3184 1889 3244 C
1919 3210 2056 3278 lapsi
2091 3218 2215 3263 sunt
2290 3184 2394 3263 tale
2432 3210 2574 3262 enim
2599 3218 2679 3263 est
2708 3225 2767 3263 se
2797 3216 2997 3264 temere
3026 3184 3305 3265 tormentis
3331 3212 3468 3281 obji-

262 3295 445 3358 ιαπῶς
474 3296 579 3348 τῶν
609 3298 853 3366 βασάνων
887 3303 977 3353 καὶ
1013 3303 1084 3371 μὴ
1116 3305 1390 3373 ἐμμεῖναι.
1428 3308 1519 3358 καὶ
1546 3308 1631 3360 διὰ
1665 3308 1819 3360 τοῦτο

262 3387 795 3461 ἐθριαμδεύθησανο]
825 3393 1003 3445 οὐκέτι
1046 3393 1295 3448 δύνανται
1340 3397 1685 3467 λειτουργεῖν.
1730 3401 1819 3452 Διὸ

262 3477 692 3547 ψροντιζέτωσαν
733 3482 927 3549 μᾶλλον
967 3485 1080 3547 πῶς
1126 3488 1461 3541 ὲκτελέσουσι
1502 3492 1598 3559 τὴν
1632 3493 1817 3559 ὁμολο-

261 3569 392 3633 γίαν
430 3569 487 3618 ὲν
531 3573 1009 3641 ταπεινοφροσύνῃ,
1064 3577 1397 3644 παυσάμενοι
1428 3578 1525 3645 τῆς
1572 3581 1677 3631 ἀπὸ
1725 3582 1817 3631 τοῦ

261 3655 446 3723 ζητεῖν
472 3656 570 3725 τὴν
598 3657 933 3727 λειτουργίαν
961 3662 1259 3725 κενοδοξίας
1278 3682 1289 3693 ·
1323 3667 1482 3733 ἀρκεῖ
1505 3666 1610 3737 γὰρ
1640 3669 1818 3731 αὐτοῖς

252 3746 294 3813 ἡ
329 3744 468 3814 μετά
494 3746 599 3797 τῶν
637 3747 836 3800 πιστῶν
871 3752 1118 3803 κοινωυία
1148 3752 1236 3805 διὰ
1276 3753 1366 3805 δύο
1410 3757 1661 3826 γινομένη
1700 3761 1817 3811 τινὰ

263 3835 403 3905 μετά
443 3837 758 3900 ἐπιστασίας
802 3840 1059 3907 ἀκριϐοῦς
1095 3846 1187 3896 καὶ
1232 3845 1557 3914 οἰκονομίας.
1603 3848 1663 3899 Εἰ
1712 3851 1817 3919 γὰρ

259 3924 504 3993 εἴπωμεν
531 3926 603 3996 μὴ
649 3926 792 3995 ἔχειν
836 3928 1028 3991 αὐτοὺς
1073 3936 1449 3995 κοινωνικοὺς,
1497 3936 1713 3999 τούτους
1758 3955 1815 3990 τε

260 4014 593 4084 λυπήσομεν,
624 4017 698 4079 ὡς
721 4018 1138 4089 ἀποφαινόμενοι
1169 4022 1305 4090 μετά
1338 4024 1476 4093 βίας.
1503 4028 1668 4095 ἤγουν
1701 4030 1819 4081 ἑπι-

258 4106 653 4175 τιτιμημένονς
678 4146 693 4170 ,
747 4108 990 4163 ἐντεῦθεν
1056 4110 1316 4165 ἀναλῦσαι
1370 4116 1565 4177 αὐτοὺς
1589 4156 1603 4178 ,
1651 4119 1816 4187 ἣγουν

260 4195 550 4248 ἀποθανεῖν
573 4212 587 4225 ο
624 4198 715 4249 καὶ
742 4200 867 4261 τοὺς
894 4200 1081 4263 ἄλλους
1116 4202 1171 4254 δὲ
1204 4204 1532 4268 ἐκπεσόντας
1568 4208 1695 4270 ῖσως
1727 4212 1818 4262 καὶ

262 4286 613 4354 βουλομένους
637 4289 967 4358 ὑποστρέψαι
999 4293 1079 4355 είς
1101 4293 1161 4345 τὺ
1183 4293 1406 4360 ἀγαθὸν,
1438 4297 1818 4369 ἐκλελυμένους

261 4375 399 4445 πρὸς
426 4375 582 4427 τοῦτο
609 4378 700 4429 καὶ
729 4380 949 4449 ἀμελεῖς
974 4383 1288 4451 ποιήσομεν,
1325 4388 1816 4456 προφασιζομένους

258 4467 319 4517 τὸ
353 4467 427 4535 μὴ
457 4468 666 4533 μέλλειν
688 4470 883 4532 αὐτοὺς
910 4467 1054 4523 εἶναι
1080 4477 1424 4538 κοινωνικοὺς
1450 4480 1559 4539 τοῖς
1588 4483 1813 4543 πιστοῖς,
1849 4498 1891 4551 ο

258 4556 363 4606 κᾶν
410 4556 776 4625 ὁμολογήσωσι
824 4560 924 4629 τὴν
970 4562 1151 4616 πίστιν
1195 4564 1328 4632 μετά
1376 4568 1473 4635 τὴν
1510 4567 1811 4621 ἔκπτωσινο

258 4644 473 4706 οἵτινες,
505 4644 580 4712 μὴ
607 4647 1043 4716 ἐπιστρέφοντες,
1086 4652 1244 4705 πλέον
1272 4656 1525 4708 ἀπάντων
1565 4658 1649 4709 ἵνα
1680 4660 1816 4711 ὀνει-

256 4732 479 4785 δισθῶσι
498 4735 589 4785 καὶ
608 4736 964 4804 αἱσχυνθῶσιί
988 4740 1131 4795 καθά
1151 4742 1201 4810 (f
1234 4743 1392 4813 κατὰ)
1406 4746 1495 4797 τὸν
1516 4748 1814 4818 ποιήραντα

260 4824 360 4889 μὲν
385 4821 632 4890 θεμέλιον
649 4862 663 4885 ,
695 4824 768 4894 μὴ
802 4826 1160 4897 πληρώσαντα
1184 4829 1475 4902 δὲοῐκημα.
1498 4834 1681 4905 Τούτῳ
1708 4837 1814 4907 γὰρ

257 4912 495 4963 ἐοίκασιν
531 4914 578 4964 oi
622 4915 754 4983 πρὸς
789 4915 1047 4992 βασάνους
1079 4921 1538 4992 αὐτομολήσαντες
1587 4926 1685 4994 μὲν
1726 4927 1812 4979 διὰ

257 5000 490 5069 Χριστὸν
532 5002 623 5052 καὶ
664 5003 824 5053 οἱονεὶ
858 5004 1016 5057 καλὸν
1066 5005 1279 5075 θέμενοι
1308 5007 1580 5077 θεμέλιον,
1616 5012 1690 5081 μὴ
1720 5012 1812 5065 δυ-

255 5090 507 5159 νηθέντες
533 5091 589 5142 δὲ
631 5092 912 5145 τελειῶσαι
942 5095 1001 5146 τὸ
1044 5096 1205 5150 καλὸν
1251 5099 1336 5153 διὰ
1384 5102 1481 5171 τὴν
1521 5101 1809 5155 ἔκπτωσιν.

255 5180 563 5249 Σημεὶωσαι
614 5177 739 5245 οὖν,
768 5183 848 5235 ὅτι
894 5184 1011 5237 οὐδὲ
1057 5188 1089 5256 ἡ
1141 5188 1235 5240 διάν
1285 5190 1513 5257 Χριστὸν
1557 5192 1811 5260 ὁμολογία

253 5270 589 5339 smmum;
621 5272 711 5323 τὸν
751 5273 895 5337 suae
938 5277 1004 5327 ὲκ
1045 5276 1139 5329 τοῦ
1174 5279 1371 5348 κλήρου
1411 5279 1810 5346 ἀποξενωθέντα

253 5361 340 5412 διὰ
370 5362 436 5430 τὴ
442 5378 467 5411 ν
499 5362 786 5417 ἔκπτωσιν.

325 5526 349 5553 ⁸
386 5511 511 5565 Luc.
552 5516 761 5576 “v.29,
798 5520 883 5572 50.

1918 3315 2041 3355 cere
2063 3300 2280 3361 audere,
2312 3314 2411 3353 nec
2442 3314 2600 3367 posse
2619 3301 2869 3362 tolerare,
2897 3311 2950 3354 et
2979 3310 3261 3370 propterea
3290 3303 3355 3357 de
3385 3305 3465 3360 eis

1918 3390 2226 3457 triumphus
2257 3399 2408 3444 actus
2458 3388 2584 3459 est),
2628 3404 2736 3443 non
2790 3402 3018 3459 possunt
3055 3393 3285 3460 amplius
3312 3408 3465 3447 sacra

1919 3479 2217 3533 ministeria
2235 3480 2405 3532 obire.
2418 3478 2779 3544 Quamobrem
2803 3482 2971 3550 magis
2990 3494 3179 3537 curent
3198 3487 3469 3553 quomodo

1918 3568 2314 3621 confessionem
2343 3567 2395 3619 in
2433 3568 2736 3621 humilitate
2791 3578 3068 3637 peragant,
3130 3582 3407 3627 cessantes
3438 3590 3467 3627 α

1919 3672 2055 3709 vana
2084 3658 2251 3725 gloria
2296 3672 2509 3710 sacrum
2543 3658 2903 3713 ministerium
2958 3661 3170 3728 petendi
3207 3680 3220 3715 :
3275 3661 3471 3716 suD'icit

1918 3748 2060 3800 enim
2103 3748 2180 3799 cis
2215 3760 2336 3798 cum
2370 3744 2619 3799 fidi-libus
2644 3748 2974 3809 communio,
3007 3764 3125 3818 qua:
3160 3750 3218 3803 fit
3254 3761 3471 3820 propter

1918 3838 2046 3899 duo,
2078 3836 2319 3905 diligenti
2349 3838 2599 3889 cautione
2632 3850 2885 3904 reeloqne
2914 3840 3164 3893 consilio.
3219 3838 3273 3892 Si
3325 3844 3467 3895 enim

1917 3928 2211 3982 dixerimus
2263 3942 2361 3982 nos
2409 3943 2503 3981 eos
2539 3942 2643 3980 non
2672 3928 2867 3982 habere
2894 3944 2990 3997 pro
3022 3932 3471 3983 communicanti-

1917 4019 2039 4083 bus,
2070 4028 2123 4071 et
2147 4032 2239 4072 eos
2270 4018 2516 4072 molestia
2548 4018 2842 4073 aflicicmus
2863 4029 3115 4089 tanquam
3148 4023 3469 4075 sententiam

1920 4112 2176 4175 ferentes,
2205 4127 2320 4175 eos,
2359 4113 2428 4175 vi,
2468 4126 2563 4165 seu
2592 4112 2901 4174 mulctatos,
2934 4112 3061 4166 hinc
3099 4115 3340 4177 dissolvi,
3374 4131 3469 4169 seu

1919 4201 2089 4266 tnozi;
2120 4211 2173 4253 et
2203 4201 2339 4254 alios
2375 4215 2591 4269 quoque
2621 4202 2712 4269 qni
2772 4201 3003 4257 fortasse
3048 4204 3182 4272 lapsi
3233 4213 3387 4268 sunt,
3418 4212 3472 4258 et

1918 4292 2103 4345 volunt
2133 4291 2197 4344 ad
2230 4292 2373 4359 quod
2408 4292 2605 4345 bonum
2636 4300 2717 4344 est
2748 4290 2947 4354 redire,
2986 4295 3244 4348 remissos
3273 4295 3337 4347 ad
3372 4299 3472 4350 hoc

1918 4390 1968 4435 et
1992 4380 2662 4450 negligentes-efﬁciemus,
2696 4392 2984 4436 causantes
3006 4398 3064 4437 se
3095 4383 3339 4438 fidelibus
3363 4402 3472 4438 non

1919 4486 2041 4525 esse
2070 4472 2570 4525 communicatur-os
2598 4510 2611 4533 ,
2657 4473 2868 4525 etiamsi
2920 4482 3040 4541 post
3073 4475 3278 4541 lapsum
3315 4477 3471 4531 fidem

1918 4561 2155 4616 confessi
2187 4563 2416 4615 fuerint:
2450 4564 2540 4631 qui
2575 4564 2618 4615 si
2645 4578 2750 4615 non
2781 4571 3182 4626 convertantur,
3211 4565 3328 4631 plus
3349 4580 3471 4634 [πον

1918 4653 2003 4706 bri
2036 4664 2089 4705 et
2121 4652 2428 4721 ignominiae
2452 4666 2611 4719 quam
2626 4643 2814 4705 omnes
2833 4653 3190 4719 susceperint,
3210 4670 3402 4722 querna
3422 4659 3463 4707 i-

1920 4743 2137 4797 tnodutn
2165 4753 2216 4796 et
2248 4743 2336 4810 qui
2370 4741 2494 4795 fecit
2526 4741 2957 4802 fundamentum,
2983 4779 2992 4794 .
3017 4741 3236 4794 domum
3290 4755 3469 4797 autent

1919 4848 2026 4887 non
2053 4832 2293 4901 perfecit.
2316 4830 2375 4883 Ei
2398 4832 2543 4885 enim
2577 4838 2704 4883 sunt
2732 4830 2957 4891 similes,
2986 4823 3077 4898 qui
3102 4832 3164 4884 ad
3206 4842 3468 4885 tormenta

1918 4923 2134 4991 quidem
2181 4930 2397 4989 propter
2450 4920 2727 4974 Christum
2780 4919 3159 4987 confugerunt,
3210 4930 3256 4971 et
3307 4924 3467 4973 veluti

1920 5012 2143 5079 pulchro
2167 5011 2314 5078 jacto
2364 5008 2733 5071 fundamento,
2771 5008 2821 5060 id
2850 5007 2991 5076 quod
3046 5007 3328 5063 benestnm
3363 5022 3465 5066 cst.

1919 5101 2175 5169 perficere
2200 5108 2417 5168 propter
2446 5100 2654 5166 lapsum
2682 5114 2787 5150 non
2825 5106 3134 5166 potuerunt.
3165 5098 3296 5150 Nota
3318 5113 3467 5164 t-I'gt‘,

1918 5188 2058 5258 quod
2104 5203 2169 5241 ne
2214 5186 2486 5239 confessio
2520 5186 2733 5255 quidem
2763 5196 2977 5254 propter
3007 5188 3279 5241 Cht'istutt;
3315 5190 3463 5239 rest;-

1919 5284 2019 5331 tnit
2046 5295 2189 5340 eum,
2216 5278 2307 5347 qui
2334 5277 2499 5331 semel
2534 5292 2563 5329 a
2603 5278 2749 5329 clo-ro
2783 5277 3117 5331 abalienatus
3147 5285 3227 5332 est
3251 5286 3468 5351 propter

1919 5372 2145 5440 lapsum.

1547 5635 1770 5692 \‘ARM‘I
1814 5636 2205 5691 LECTIONES.

480 5744 487 5755 .

356 5744 401 5777 "
438 5744 549 5796 :;’::
581 5762 659 5797 κε.
