4224 6440
798 373 904 438 493

2035 385 2310 449 mam).
2349 386 2742 471 BAL§AMON

3915 383 4021 447 500

863 496 1066 550 Zona.
1100 495 1174 551 De
1204 497 1271 551 iis
1296 498 1389 566 qui
1422 512 1480 552 se
1504 499 1647 551 ultro
1664 500 1911 569 martyrii
1933 502 2219 555 certamini
2249 502 2341 555 ob-
2376 506 2419 560 Α
2515 502 2531 553 i

2376 506 2419 560 Α
2515 499 2757 554 ΖΩΝΔΡ.
2796 500 2933 571 Περὶ
2972 502 3450 572 αὐτομολησάντων
3491 503 3572 565 είς
3614 502 3705 554 τὸν
3739 502 3835 556 τοῦ
3867 519 4014 575 [sape

789 586 1035 657 iecerunt
1064 587 1277 639 locutus
1305 586 1482 650 Pater,
1536 603 1681 642 nunc
1724 590 1790 642 de
1822 591 2040 645 clericis
2086 592 2177 659 qui
2207 593 2346 646 idem

792 675 1035 729 fecerunt
1056 676 1351 729 orationem
1372 678 1603 730 instituit
1632 698 1644 732 :
1678 687 1839 747 atque
1869 681 2124 734 clericum
2156 682 2202 735 si
2224 682 2347 749 quis

791 768 1022 822 seultro
1073 766 1299 830 dedidit,
1347 782 1468 819 mox
1513 768 1623 820 vim
1674 777 2070 822 tormentorum
2127 772 2347 824 minime

790 855 1066 924 perferens
1093 857 1277 923 lapsus
1311 864 1413 915 est.
1449 871 1512 908 ac
1543 872 1761 910 rursum
1780 873 1838 911 se
1872 859 2050 925 ipsum
2083 860 2346 929 colligens

790 947 966 999 denuo
996 961 1055 998 se
1080 944 1143 996 ad
1178 952 1453 999 certamen
1477 947 1668 1008 erexit,
1692 960 1754 999 ac
1785 962 1843 1000 se
1857 948 2227 1001 Christianum
2253 964 2348 1001 co-

788 1054 903 1093 ram
929 1036 1173 1104 Iyran‘nis
1203 1042 1287 1087 est
1312 1034 1608 1103 professus,
1644 1050 1749 1088 non
1780 1050 1903 1089 esse
1936 1036 2203 1103 ejusmodi
2251 1037 2347 1089 ho-

789 1128 985 1178 minem
1027 1124 1090 1175 ad
1125 1138 1279 1176 sacra
1315 1124 1611 1176 ministeria
1642 1124 1876 1192 amplius
1928 1123 2341 1177 admittendum.

786 1218 1122 1283 Causamque
1148 1215 1428 1282 subjungit
1458 1233 1471 1267 :
1526 1214 1651 1283 quia
1686 1214 1942 1267 nimirum
1980 1214 2191 1268 Domini
2224 1229 2345 1283 gre-

784 1324 900 1376 gem
926 1308 1183 1369 deseruit,
1215 1321 1277 1359 ac
1309 1322 1372 1360 ex
1415 1322 1478 1359 eo
1507 1307 1651 1374 quod
1700 1314 1895 1373 sponte
1931 1321 1989 1361 se
2020 1306 2220 1371 objecit
2250 1306 2346 1360 ho-

785 1399 979 1459 stibus,
1020 1412 1193 1464 neque
1243 1404 1559 1449 constanter
1606 1402 1874 1449 tormenta
1906 1397 2150 1463 pertulit,
2193 1396 2346 1465 igno-

784 1488 1003 1539 miniam
1037 1487 1136 1539 sibi
1163 1486 1262 1554 ipsi
1287 1485 1615 1538 conciliavit.
1654 1484 1722 1538 Ut
1749 1493 1927 1537 autem
1955 1488 2137 1555 populi
2183 1486 2343 1539 insti-

784 1580 1045 1630 tutionem
1069 1583 1498 1640 contemnerent,
1533 1589 1794 1642 suamque
1808 1576 2101 1629 utilitatem
2132 1577 2343 1630 exteris

780 1668 1038 1719 munibus
1070 1666 1422 1725 anteferrent,
1453 1664 1553 1732 17
1589 1677 1655 1716 ne
1686 1662 1915 1731 apostoli
1944 1663 2163 1731 quidem
2196 1663 2338 1718 fece-

2446 593 2629 662 τυρίου
2683 592 2899 659 ἀγῶνα,
2949 591 3242 659 διαλεχθεὶς
3270 594 3299 644 ὁ
3353 592 3573 663 Πατὴρ,
3615 592 3708 646 νῦν
3754 593 3850 646 καὶ
3883 594 4012 663 περὶ

2448 679 2721 749 κληρικῶν
2770 679 3023 732 τοιούτων
3053 678 3142 731 τὸν
3188 679 3343 747 λόγον
3375 683 3640 734 ποιεῖται·
3680 682 3774 734 καί
3821 695 4011 750 φησιν,

2445 768 2541 830 ὡς,
2577 772 2624 821 εί
2664 768 2918 839 κληρικδς
2956 767 3341 837 ηὐτομόλησεν,
3392 764 3510 822 εἶτα
3548 768 3623 839 μὴ
3671 770 3881 836 στέγων
3913 769 4015 831 τὰς

2445 856 2713 924 τιμωρίας
2740 856 3080 917 ἑκπέπτωκε,
3107 856 3199 909 καὶ
3225 850 3379 918 αὖθις
3406 857 3483 917 είς
3508 857 3699 908 ἑαυτὸν
3722 858 4017 926 γενόμενος

2445 944 2771 997 ἁνετιάλαισε
2786 944 2883 1013 τὴν
2909 944 3112 997 οίκείαν
3130 943 3355 1006 πτῶσιν,
3374 944 3467 995 καὶ
3483 943 3803 1014 Χριστιανὸν
3821 943 4017 995 ἑαυτὸν

2444 1033 2788 1104 ὡμολόγησεν
2808 1034 3035 1086 ἐνώπιον
3054 1033 3163 1085 τῶν
3187 1034 3484 1103 τυράννων,
3505 1036 3534 1086 ὁ
3560 1032 3801 1096 τοιοῦτος
3829 1035 4019 1087 οὐκέτι

2445 1124 2501 1175 ὲν
2528 1127 2593 1193 τῇ
2620 1123 2925 1194 λειτουργίᾳ
2963 1122 3134 1177 ἔσται.
3160 1124 3268 1176 Καὶ
3309 1125 3407 1194 τὴν
3437 1123 3612 1176 αἰτίαν
3640 1124 3839 1190 ιπᾴγει
3858 1140 3874 1153 ο
3923 1124 4017 1191 ἥδε

2444 1214 2588 1266 ἐστίν
2608 1230 2620 1244 ⁸
2652 1215 2733 1267 ὅτι
2762 1214 3016 1266 κατέλιπε
3048 1213 3108 1266 τὸ
3138 1215 3383 1283 ποίμνιον
3418 1214 3511 1267 τοῦ
3542 1215 3766 1285 Κυρίου,
3806 1216 3906 1267 καὶ
3928 1214 4019 1266 διά

2444 1306 2503 1357 τὸ
2534 1306 2899 1376 αὐτομολῆσαι
2941 1305 3035 1358 καὶ
3071 1305 3145 1376 μὴ
3196 1305 3528 1376 καρτερῆσαι
3579 1304 3677 1367 τὰς
3708 1304 4017 1373 βασάνους,

2446 1395 2635 1465 μῶμον
2670 1398 3036 1467 προσήνεγκεν
3060 1394 3253 1465 ἑαυτῷ.
3283 1394 3356 1447 Τὸ
3390 1394 3446 1447 δὲ
3474 1394 3899 1465 καταφρονῆσαι.
3917 1394 4018 1462 τῆς

2441 1485 2784 1550 διδασκαλίας
2810 1486 2903 1539 τοῦ
2936 1486 3085 1552 λαοῦ,
3121 1488 3217 1540 καὶ⁸
3244 1485 3681 1556 προτιμήσασοαι
3705 1485 3768 1536 τὸ
3800 1486 4019 1546 ἑαυτοῖς

2444 1576 2738 1646 συμφέρον,
2785 1577 2903 1629 οὐδὲ
2951 1579 3001 1630 oi
3052 1576 3335 1630 ἀπόστολοι
3377 1575 3761 1645 πεποιήκασιν.
3798 1575 3859 1627 ὐ
3908 1574 4019 1643 γὰρ

2445 1665 2615 1733 μέγας
2648 1665 2877 1729 Παῦλος,
2910 1667 3045 1735 μετά
3082 1666 3143 1719 τὸ
3171 1665 3369 1728 πολλὰς
3399 1665 3662 1734 βασάνους
3702 1666 4019 1733 ὑπομεῖναι,

782 1770 925 1808 runt.
950 1756 1167 1822 Magnus
1187 1768 1418 1819 namque
1438 1752 1655 1813 Paulus,
1676 1764 1796 1804 cum
1815 1751 2013 1804 multos
2028 1752 2341 1819 pertulisset
2374 1820 2407 1826 _
2444 1771 2450 1805 ε

2374 1820 2407 1826 _
2444 1758 2783 1824 κατανοήσας
2810 1759 3053 1826 κρεῖττον
3085 1752 3225 1811 εἶναι
3251 1757 3342 1809 τὸν
3378 1756 3490 1825 βίον
3519 1754 3827 1826 ἀπολιπεζγ,
3883 1771 4017 1824 προ-

783 1846 1082 1902 cruciatus.
1115 1844 1453 1909 sentiretque
1484 1842 1677 1895 utilius
1700 1857 1823 1896 esse
1845 1843 1949 1895 sibi
1985 1843 2151 1895 vitam
2172 1843 2340 1897 relin-
2373 1820 2415 1877 Β
2445 1865 2451 1896 ι

2373 1820 2415 1877 Β
2445 1820 2739 1915 ετιμήσατο
2768 1820 2865 1916 ζῇν
2909 1848 3001 1900 καὶ
3049 1820 3433 1915 βασανίζεσθαι
3463 1845 3552 1898 διὰ
3594 1843 3692 1914 τὴν
3742 1820 4017 1912 σωτηρίαν

781 1950 968 2004 quere,
998 1942 1055 1987 ut
1082 1933 1261 2001 populi
1298 1932 1455 1984 saluti
1511 1946 1573 1983 ac
1629 1932 1958 1985 institutioni
2012 1936 2341 1999 consuleret,

777 2028 941 2078 vitam
994 2024 1095 2076 sibi
1136 2037 1198 2075 ac
1241 2027 1508 2076 tormenta
1548 2021 1758 2088 potiora
1796 2022 1970 2074 duxit.
2024 2021 2259 2076 Promde
2289 2032 2344 2077 et

779 2112 1205 2169 sensusomnino
1236 2118 1481 2179 expertes
1497 2125 1591 2164 eos
1619 2111 1977 2174 demonstrat,
2003 2112 2094 2181 qui
2124 2128 2341 2167 sacrum

779 2202 880 2255 sibi
915 2200 1277 2251 ministc-rium
1306 2197 1628 2266 deposcunt,
1658 2212 1686 2250 a
1721 2214 1829 2265 quo
1854 2201 2097 2253 volentes
2128 2201 2343 2267 ipsimet

777 2284 1125 2347 exciderunt
1147 2289 1281 2342 Nam
1314 2304 1421 2355 quo
1456 2288 1635 2349 modo,
1695 2289 1906 2357 inquit,
1956 2290 2007 2342 id
2042 2291 2336 2358 postulant,

776 2384 919 2453 quod
978 2382 1266 2449 reliquere,
1292 2395 1415 2433 cum
1435 2378 1702 2445 ejusmodi
1729 2387 1987 2448 tempore,
2006 2382 2341 2435 excitataevi-

777 2477 967 2529 ilclzcet
984 2472 1393 2541 persecutionis,
1408 2485 1603 2539 magno
1619 2470 1874 2523 fratribus
1892 2472 2203 2538 adjumento
2217 2487 2338 2527 esse

776 2568 1039 2643 possent?
1070 2564 1317 2630 Quandiu
1350 2564 1512 2633 igitur
1540 2577 1569 2615 a
1601 2564 1753 2632 lapsu
1785 2564 2055 2618 immunes
2080 2564 2333 2626 fuissent,

774 2661 983 2710 Veniam
1009 2656 1369 2709 obtinuissent
1399 2653 1630 2707 actionis
1685 2662 1886 2707 temere
1934 2666 2221 2721 susceptae,
2274 2671 2333 2710 se

771 2749 1027 2802 nimirum
1053 2744 1381 2798 adversariis
1395 2742 1538 2795 ultro
1568 2741 1851 2803 oﬂercndi,
1886 2743 1969 2795 vel
2002 2743 2331 2795 incrudicn-

772 2840 855 2893 dis
892 2838 1148 2889 fratribus
1166 2833 1445 2888 socordia.
1466 2833 1600 2884 Cum
1634 2846 1763 2883 vero
1790 2832 2105 2913 ceciderint,
2133 2835 2333 2901 quippe

771 2930 862 2997 qui
890 2942 1165 2995 perperam
1182 2923 1406 2993 egerint,
1439 2934 1596 2973 sacra
1612 2919 1911 2971 ministeria
1931 2920 2082 2972 obire
2097 2921 2330 2988 amplius

772 3020 911 3079 haud
970 3018 1375 3088 permittuntur.
1414 3011 1471 3066 Si
1509 3024 1658 3080 ergo,
1697 3009 1892 3077 inquit,
1929 3008 2151 3062 minime
2184 3009 2329 3061 ceci-

767 3113 998 3169 dissent,
1034 3108 1241 3160 veniam
1267 3107 1649 3171 impetrassent
1680 3102 1749 3154 ob
1780 3116 2019 3168 ipsorum
2057 3114 2085 3150 a
2120 3101 2327 3152 ratione

767 3204 996 3255 alienam
1030 3197 1291 3249 actionem
1319 3212 1334 3258 ;
1380 3193 1649 3247 actionem
1678 3206 1707 3243 a
1740 3191 1948 3243 ratione
1977 3190 2204 3241 alienam
2236 3206 2327 3241 vo—

764 3311 918 3355 cans,
956 3307 1061 3344 non
1098 3289 1271 3342 solum
1303 3285 1444 3355 quod
1478 3300 1536 3339 se
1565 3284 1818 3338 hostibus
1847 3281 2176 3343 dediderint,
2234 3282 2327 3336 sed

762 3386 945 3456 potius
972 3380 1116 3451 quod
1145 3377 1482 3432 deseruerint
1510 3389 1727 3444 gregem
1751 3372 1985 3431 Domini.
2023 3386 2125 3425 nec
2150 3372 2324 3440 ipsum

766 3473 1139 3536 u-ustodierint,
1172 3484 1235 3522 ac
1272 3468 1467 3521 fratres
1495 3468 1587 3536 qui
1636 3464 2031 3533 perseciitionis
2086 3473 2329 3530 tempore

769 3568 1100 3619 vexabantur
1120 3561 1517 3629 confirmarint.
1556 3556 1613 3610 Si
1643 3572 1771 3609 vero
1803 3556 2120 3612 ceciderunt
2155 3571 2219 3608 ex
2263 3569 2329 3607 eo

761 3659 903 3728 quod
927 3676 984 3712 se
1015 3670 1296 3727 perperam
1334 3653 1625 3721 gesserint,
1668 3652 1979 3719 superbiam
2012 3652 2121 3712 hic,
2154 3658 2207 3703 et
2239 3665 2325 3702 ar-

761 3751 1095 3830 rugantipm;
1144 3748 1241 3816 τὴν
1271 3739 1603 3813 πέρπερείαν
1654 3754 1877 3803 vocans,
1904 3739 2047 3807 quod
2076 3754 2138 3792 ex
2173 3752 2326 3790 arro-

760 3843 941 3913 gantia
975 3840 1223 3897 ﬁduciam
1252 3837 1307 3889 in
1338 3851 1396 3890 se
1437 3836 1571 3903 ipsis
1604 3848 1832 3902 posuere
1856 3871 1869 3893 ,
1926 3830 2323 3884 dissolverunt-

759 3927 864 4001 que
893 3938 1189 3991 certamen,
1220 3942 1285 3979 ac
1319 3941 1381 3981 se
1430 3925 1578 4001 ipsos
1610 3925 1987 3993 vituperarunt
2020 3938 2036 3985 ς
2087 3920 2189 3972 hoc
2215 3927 2319 3979 est,

760 4025 863 4077 sibi
889 4021 1019 4090 ipsis
1054 4020 1319 4072 maculam
1352 4018 1423 4071 ob
1446 4018 1662 4087 lapsum
1702 4017 2048 4074 inusserunt,
2078 4012 2131 4064 in
2167 4025 2325 4065 sacro

760 4111 1061 4167 ministerio
1095 4107 1298 4163 versari
1346 4107 1476 4173 ipsis
1525 4106 1758 4174 amwius
1810 4102 1953 4156 haud
1998 4102 2146 4155 licet.
2184 4099 2323 4153 Pro-

758 4213 940 4279 pterea
965 4204 1237 4262 studeant,
1265 4196 1459 4265 inquit,
1486 4196 1667 4265 potius
1690 4195 1745 4249 in
1774 4194 2078 4247 humilitate
2105 4190 2321 4244 confes-

749 4294 962 4344 sionem
989 4300 1267 4356 peragere,
1288 4291 1567 4337 cessantes
1588 4283 1839 4337 videlicet
1863 4283 1930 4336 ab
1951 4282 2097 4333 inani
2121 4279 2319 4349 gloria.

754 4380 909 4445 Quod
954 4378 1097 4431 enim
1148 4388 1305 4431 sacro
1348 4372 1652 4425 ministerio
1697 4369 1898 4425 ascribi
1938 4370 2235 4440 postulent,
2288 4382 2319 4420 a

2445 1936 2536 1986 καὶ
2576 1934 2918 1989 διδασκαλίαν
2959 1934 3053 1987 τοῦ
3086 1934 3233 1988 λαοῦ.
3270 1933 3377 1996 οὓς
3423 1934 3518 1987 καὶ
3565 1932 3706 1985 πάνυ
3754 1931 4017 2000 ἀναισθη-

2442 2040 2567 2086 τους
2620 2026 2971 2092 ἀποφαίνεται
2996 2065 3011 2087 ,
3050 2023 3336 2087 αἰτοῦντας
3376 2023 3473 2095 τὴν
3522 2021 3898 2092 λειτουργίαν,
3951 2018 4017 2092 ἧς

2443 2099 2714 2167 ἐθελονταὶ
2741 2115 3152 2169 ὲκπεπτὼκασι.
3190 2114 3313 2177 Πῶς
3335 2114 3463 2183 γὰρ,
3494 2114 3679 2182 φησὶν,
3710 2111 3961 2165 αίτοῦσιν
3989 2112 4027 2163 δ

2442 2205 2748 2265 κατέλιπον,
2794 2205 3078 2275 δυνάμενοι
3105 2207 3215 2268 τοῖς
3251 2204 3495 2271 ἀδελφοῖς
3537 2201 3825 2271 εὐχρηστοι
3874 2198 4016 2253 εἶναι

2439 2295 2496 2345 ἐν
2530 2294 2703 2362 καιρῴ
2739 2295 2990 2363 τοιούτῳ,
3037 2292 3273 2363 διωγμοῦ
3317 2293 3555 2363 δηλαδή;
3588 2293 3734 2354 Ἕως
3777 2294 3876 2361 μὲν
3922 2289 4015 2345 οὖν

2438 2384 2721 2435 ἀπταιστοι
2754 2379 2912 2452 ἦσαν,
2947 2384 3274 2454 συγγνώμην
3306 2381 3449 2453 εἶχον
3481 2386 3577 2436 ὲπὶ
3604 2386 3669 2453 τῇ
3715 2382 4015 2454 παραλόγῳ

2437 2474 2616 2526 αὐτῶν
2660 2475 2875 2544 πράξει,
2918 2477 2984 2545 τῇ
3022 2476 3375 2545 αὐτομολήσει
3421 2474 3639 2544 δηλαδὴ,
3683 2475 3715 2543 ἢ
3761 2478 3827 2543 τῇ
3884 2479 4015 2541 περὶ

2434 2565 2495 2616 τὸ
2531 2565 2797 2618 διδάσκειν
2834 2566 2960 2627 τοὺς
2993 2564 3252 2633 ἀδελφοὺς
3285 2565 3557 2635 ῥᾳθυμία’
3602 2564 3691 2615 ὅτε
3718 2562 3773 2614 δὲ
3822 2562 4013 2614 ἐπται-

2436 2672 2555 2716 σαν,
2594 2656 2668 2718 ὡς
2700 2656 2765 2709 ἂν
2813 2658 3338 2727 περπερευσάμενοι,
3381 2654 3562 2707 οὐκέτι
3605 2652 3863 2706 δύνανται
3906 2652 4011 2703 λεια

2434 2749 2697 2815 τουργείν.
2742 2748 2803 2799 Εί
2841 2736 2937 2817 μὲν
2976 2744 3068 2800 οὖν
3108 2748 3169 2799 οὐ
3218 2744 3565 2808 πεπτώκασι,
3618 2744 3781 2813 φησὶν
3802 2781 3818 2805 ,
3867 2738 4011 2811 εἶχον

2434 2836 2501 2889 ἂν
2554 2836 2878 2906 συγγνώμην
2936 2839 3028 2889 ἐπὶ
3072 2839 3137 2906 τῇ
3188 2835 3507 2906 παραλόγως
3543 2833 3722 2887 αὐτῶν
3772 2833 4010 2904 πράξειο

2434 2926 2738 2995 παράλογον
2773 2927 2968 2995 πρᾶξιν
3013 2927 3073 2979 οὐ
3103 2925 3165 2978 τὸ
3200 2925 3564 2995 αὐτομολῆσαι
3600 2925 3759 2994 μόνον
3803 2923 4009 2986 καλῶν,

2431 3017 2567 3068 ἀλλά
2605 3017 2800 3086 μᾶλλον
2832 3018 2893 3069 τὸ
2924 3019 3240 3069 καταλιπεῖν
3269 3017 3329 3069 τὸ
3368 3018 3615 3085 ποίμνιον
3640 3014 3735 3067 τοῦ
3773 3016 4008 3085 Κυρίου,

2433 3106 2625 3175 καὶμὴ
2671 3107 3008 3176 παραμένειν
3046 3107 3190 3176 αὐτῷ
3226 3108 3317 3159 καὶ
3367 3106 3640 3175 στηρίζειν
3682 3107 3811 3167 τοὺς
3854 3104 4007 3157 ἀδώ-

2430 3200 2561 3264 (pob;
2604 3197 2984 3265 κλονουμένους
3012 3200 3069 3249 εν
3096 3196 3175 3266 τῷ
3206 3197 3383 3268 καιρῷ
3414 3194 3507 3249 τοῦ
3545 3196 3809 3263 διωγμοῦ.
3853 3196 3921 3248 Et
3951 3196 4007 3249 δι

2430 3289 2776 3342 πεπτώκασιν
2806 3291 2868 3341 ὲκ
2904 3289 3236 3358 περπερείας
3259 3326 3273 3349 ,
3311 3287 3639 3357 περπερείαν
3682 3287 3727 3337 δ’
3769 3286 4008 3338 ἐνταῦθα

2426 3382 2523 3450 τὴν
2570 3380 2743 3448 οίησιν
2794 3382 2887 3432 καὶ
2939 3378 3035 3448 τὴν
3081 3377 3394 3441 ἀλαζονείαν
3435 3376 3623 3429 καλεῖ*
3656 3376 3738 3428 ὅτι
3780 3375 3840 3441 ἒξ
3876 3377 4008 3428 ἀλα-

2428 3471 2633 3532 ζονείας
2668 3473 2974 3540 ἐθάρρησαν
3000 3471 3229 3529 ἑαυτοῖς,
3262 3470 3353 3520 καὶ
3384 3467 3474 3520 τὸν
3507 3453 3692 3533 ἀγῶνα
3726 3466 4009 3518 ὑπέλυσαν

2427 3562 2518 3613 καὶ
2550 3562 2773 3621 ἑαυτοὺς
2797 3561 3175 3629 ἐμωμήσαντο,
3217 3559 3335 3610 ἀντὶ
3373 3556 3490 3617 τοῦ,
3532 3556 3620 3608 διὰ
3651 3557 3753 3623 τὴν
3796 3556 4008 3609 πτῶσιν

2431 3652 2617 3718 μῶμον
2646 3653 2948 3719 ἐπήνεγκαν
2978 3651 3217 3710 ἑαυτοῖς,
3252 3649 3433 3699 οὐκέτι
3470 3646 3726 3699 δύνανται
3759 3647 4006 3715 λειτουρ-

2424 3745 2557 3808 γεῖν.
2594 3741 2687 3793 Διὸ
2726 3737 3174 3809 φροντιζέτωσαν,
3210 3737 3377 3804 λέγει,
3422 3736 3617 3805 μᾶλλον
3653 3736 3711 3786 ἓν
3744 3751 4004 3787 ταπεινο-

2425 3832 2698 3900 φροσύνῃ,
2752 3830 2867 3892 πῶς
2907 3829 3246 3883 ἐκτελέσωσι
3292 3828 3393 3895 τὴν
3423 3825 3745 3895 ὁμολογίαν,
3796 3825 4003 3895 δηλαδὴ

2424 3920 2754 3987 παυσάμενοι
2808 3918 2905 3987 τῆς
2973 3915 3294 3979 κενοδοξίας.
3352 3915 3425 3966 Τὸ
3494 3913 3600 3983 γάρ
3650 3912 4004 3982 λειτουργίαν

2424 4008 2622 4079 ζητεῖν,
2675 4008 2760 4061 διὰ
2805 4007 3136 4072 κενοδοξίαν,
3192 4006 3356 4075 φησὶ,
3392 4005 3618 4072 γίνεται.
3656 4004 3843 4071 Ἀρκεῖ
3870 4004 4007 4075 κγάρ

2388 4099 2601 4171 ,αὐτοῖς
2642 4100 2674 4166 ή
2717 4097 2968 4153 κοινωνία
2994 4133 3008 4156 ,
3059 4096 3223 4161 ῆγουν
3269 4094 3330 4150 τὸ
3384 4094 3767 4159 συγκοινωνεῖν
3814 4092 4004 4154 αὐτοῖς

2420 4188 2544 4249 τοὺς
2578 4188 2833 4249 πιστοὺς,
2872 4186 2989 4255 ῆτοι
3036 4182 3423 4254 συνεύχεσθαι,
3539 4183 3631 4235 καὶ
3670 4181 3782 4234 τῶν
3835 4182 4005 4234 Octaui

2424 4276 2734 4346 μυστηρίων
2786 4274 3103 4345 μετάληψις.
3151 4273 3259 4327 Καὶ
3308 4270 3481 4325 ταῦτα
3515 4270 3631 4341 μετ’
3672 4272 4003 4333 ἐπιστασίας

2422 4367 2515 4418 καὶ
2534 4364 2813 4435 ἀκριὸείας
2833 4365 3116 4434 γενόμενα,
3138 4364 3231 4417 καὶ
3254 4363 3340 4414 ἶνα
3366 4358 3441 4432 μὴ
3465 4361 3656 4427 δόξωσι
3680 4360 4000 4420 λυπεῖσθαι,

752 4472 934 4531 studio
958 4451 1269 4525 ambitionis
1302 4462 1686 4533 proﬁciscitur.
1713 4454 2317 4522 Sumcitnamqueipsis
2348 4472 2392 4525 ι)

2348 4472 2392 4525 ι)
2424 4456 2561 4525 μετά
2587 4456 2707 4525 βίας
2734 4456 3213 4525 περιδρασσὸμενοι
3242 4455 3340 4521 τῆς
3383 4451 3629 4503 ἐντεῦθεν
3656 4451 3996 4512 ἀναλύσεως,

750 4562 1083 4625 communio,
1108 4566 1164 4610 ut
1196 4572 1318 4610 cum
1342 4553 1477 4623 ipsis
1502 4552 1761 4606 nimirum
1790 4550 1975 4603 ﬁdeles
2010 4550 2316 4599 communi-

750 4661 893 4715 cent,
925 4666 988 4704 ac
1017 4666 1123 4704 una
1151 4654 1438 4718 precentur
1457 4684 1471 4708 ,
1522 4644 1606 4698 vel
1624 4649 1903 4694 sacrorum
1930 4635 2312 4703 mysteriorum

752 4743 1043 4822 perceptio.
1076 4745 1260 4807 Atque
1286 4739 1399 4790 haec
1428 4736 1645 4805 quidem
1698 4741 1851 4788 certo
1880 4731 2115 4786 consilio
2144 4728 2310 4784 sedu-

752 4837 907 4903 laque
938 4830 1410 4884 administratione
1441 4826 1574 4879 [inut
1594 4866 1607 4889 ,
1640 4832 1754 4877 tum
1785 4840 1852 4877 ne
1879 4822 2166 4875 videantur
2192 4832 2312 4872 mo—

751 4925 903 4981 lcstia
957 4921 1122 4978 allici,
1162 4918 1287 4971 hinc
1333 4915 1756 4970 dissolutionem
1787 4916 1911 4968 vita
1946 4912 2310 4980 arripientes,

752 5030 816 5067 ne
844 5010 1048 5064 scilicet
1081 5004 1349 5063 molestia,
1382 5002 1576 5070 inquit.
1630 5001 1805 5055 aﬂ'ecti
1828 5041 1844 5065 ,
1877 4999 2143 5054 decedant
2196 4997 2310 5051 sol-

750 5111 955 5163 ventes,
972 5117 1012 5169 pa
1036 5111 1264 5167 corpore
1284 5094 1532 5147 videlicet
1566 5092 1944 5151 abscedentes,
1983 5091 2053 5143 ob
2078 5090 2183 5143 vim
2201 5098 2312 5141 tor-

745 5205 1073 5250 .m-ntoruni,
1129 5178 1645 5252 amictationnmque
1682 5196 1819 5250 quas
1869 5182 1922 5232 in
1973 5194 2190 5233 carcere
2217 5193 2309 5245 pa-

2421 4548 2512 4598 καὶ
2554 4547 2638 4597 ἵνα
2666 4545 2738 4615 μὴ
2774 4544 3127 4612 λυπούμενοι,
3174 4544 3335 4610 φησὶν
3358 4580 3372 4603 ,
3404 4540 3711 4592 ἀπέλθωσιν
3742 4538 4000 4593 ἐντεῦθεν

2420 4638 2756 4700 ἀναλύοντες.
2784 4636 3001 4689 ἀπὸτοῦ
3036 4635 3285 4704 σώματος
3328 4631 3567 4701 δηλονότι
3617 4628 3998 4697 ἐξερχόμενοι,

2422 4729 2558 4799 μετά
2605 4729 2723 4799 βίας
2755 4730 2852 4798 τῆς
2899 4729 2963 4780 ἐκ
3004 4726 3108 4778 τῶν
3154 4724 3427 4778 κολάσεων
3478 4724 3572 4775 καὶ
3608 4721 3708 4804 τῆς
3758 4724 3819 4773 ὲν
3874 4724 3999 4783 ταῖς

2416 4822 2656 4890 είρκταῖς
2705 4818 3099 4881 κακοπαθείας·
3145 4819 3239 4870 καὶ⁵
3281 4817 3367 4869 ἵνα
3417 4816 3491 4885 μή
3526 4829 3669 4874 τινες
3714 4813 4000 4881 πρόφασιν

2417 4910 2583 4979 σχῶσι
2607 4910 2700 4962 τοῦ
2729 4909 3013 4978 ἐκλυθῆναι
3046 4908 3139 4961 καὶ
3165 4906 3504 4979 χαυνωθῆναι
3531 4904 3666 4973 πρὸς
3685 4903 3777 4954 τὸν
3802 4901 3995 4967 ἀγῶνα

2412 4999 2512 5067 τῆς
2534 4998 2817 5069 ὁμολογίας
2838 5040 2849 5061 ,
2892 5000 2981 5051 καὶ
3028 4997 3115 5050 διὰ
3150 4996 3308 5052 τοῦτο
3339 4996 3590 5047 ἐκπεσεῖν
3612 5031 3626 5053 ,
3666 4991 3766 5059 τὴν
3819 4989 3984 5059 επιτῦ

2417 5106 2597 5161 μησιν.
2637 5090 2843 5150 Οῖτινες
2895 5088 3093 5157 μᾶλλον
3137 5087 3604 5157 αἰσχυνθήσονται,
3651 5080 3790 5133 κατά
3837 5079 3901 5130 τὸ
3932 5080 3993 5131 ιν

2413 5180 2762 5248 Εὐαγγελίοις
2792 5180 3107 5249 εἰρημένον·
3146 5180 3251 5244 Ὃς
3275 5176 3549 5247 θεμέλιον
3580 5176 3690 5226 οὐκ
3721 5172 3992 5238 ἴσχυσεν

742 5283 979 5344 titmtur;
1033 5294 1093 5331 ac
1123 5294 1189 5334 ne
1215 5277 1303 5345 qui
1336 5274 1745 5329 excusationem
1771 5268 2061 5337 prmferaut
2093 5268 2309 5319 mulctte
2410 5268 2740 5322 ἐκτελέσω.

738 5381 924 5445 hujus.
957 5376 1025 5429 ub
1047 5390 1207 5444 quam
1241 5374 1293 5427 in
1323 5368 1692 5425 confessionis
1726 5364 2029 5419 certamine
2068 5362 2371 5416 dissolutos
2395 5377 2457 5417 ac
2501 5365 2725 5433 ignaros
2776 5382 2835 5423 se
2892 5372 3200 5435 gesserunt,
3249 5372 3411 5432 atque
3463 5360 3587 5415 ideo
3642 5356 3987 5411 ceciderunt.

736 5468 836 5532 Qui
896 5467 1075 5535 potius
1126 5466 1325 5519 rubore
1361 5459 1763 5521 suffundentur,
1810 5455 1963 5523 juxta
1999 5448 2128 5508 illud
2163 5453 2305 5526 quod
2343 5455 2395 5508 in
2429 5454 2719 5527 Evangelia
2749 5458 2947 5512 dicitur
2995 5477 3006 5512 :

733 5560 996 5637 διιιιίῑτςη.

3065 5452 3170 5523 Qui
3210 5455 3607 5519 fundamentum
3657 5463 3761 5502 non
3815 5454 3986 5516 potui:
