4224 6440
266 393 364 454 501

1362 407 1447 469 IN
1497 408 1737 473 RPIST.
1774 412 1833 473 S.
1869 411 2102 472 PETRI
2139 415 2361 479 ALEX.

3352 417 3453 480 ξ.θῖ

270 529 665 600 ἐεεεήτησις
710 536 998 607 φερομένη
1055 538 1204 591 κατὰ
1258 538 1372 593 τοῦ
1430 538 1813 606 illch
1842 536 1938 595 Al

1782 560 1813 606 ς
1842 544 1883 595 Α
1913 536 2177 605 Digressio
2210 552 2325 607 qua
2350 547 2461 591 tota
2500 550 2747 592 adversus
2786 536 3118 592 lusalonem
3147 541 3449 599 intenditur.

916 605 1137 659 ἅπασα.

341 706 812 778 Ἐπιστησάτωσαν
836 710 895 763 δὲ
925 712 1015 765 τὸν
1046 712 1168 765 νοῦν
1204 716 1312 775 τοῖς
1342 714 1491 785 παρὰ
1520 713 1614 768 τοῦ
1651 716 1815 784 μεγά-

257 795 347 847 λου
387 797 540 850 τοῦδε
577 800 787 869 [ἰατρὸς
819 802 911 853 καὶ
959 803 1345 873 ίερομάρτυρος
1388 806 1689 875 εἰρημένοις
1726 807 1813 857 ιν-

257 883 429 938 ταῦθα
470 888 521 938 οι
564 888 806 955 λέγοντες
840 890 1091 943 δύνασθαι
1134 893 1257 955 τοὺς
1303 894 1573 965 άρχιερεῑς
1616 912 1814 966 παραι-

256 972 464 1026 τεῖσθαι
507 975 604 1037 τὰς
631 978 917 1047 ἐκκλησίας
959 981 1153 1043 αὐτῶν,
1198 984 1290 1036 καὶ
1326 988 1694 1053 παρακρατεϊν
1717 986 1812 1055 τὴν

256 1062 572 1132 ἐρωσύνην.
607 1066 666 1116 Εἰ
694 1068 800 1136 γὰρ
830 1071 877 1119 οί
916 1070 1048 1139 πρὸς
1072 1071 1353 1141 ὁμολογίας
1383 1074 1565 1140 άγῶνα
1602 1076 1813 1137 ἑκόντες

251 1151 591 1220 ὁρμήσαντες
646 1155 911 1225 κληρικοὶ,
946 1160 1039 1212 καὶ
1084 1162 1426 1225 κολασθέντες
1466 1167 1556 1218 καὶ
1593 1168 1665 1236 μὴ
1704 1170 1815 1220 επι-

258 1244 555 1308 μείναντες,
586 1245 716 1297 ἀλλὰ
744 1248 995 1311 ἐνδόντες,
1034 1248 1148 1304 εἶτα
1175 1236 1629 1318 άναπαλαίσῖιντες
1664 1257 1812 1325 μόλις

252 1331 528 1395 ἀξιοῦνται
558 1334 898 1406 συγγνώμης,
927 1342 1002 1401 εις
1039 1341 1098 1392 τὺ
1133 1342 1229 1411 τὴν
1252 1343 1584 1413 λειτουργίαν
1612 1346 1813 1399 ἀναϐα-

251 1422 385 1472 λείν·
414 1423 555 1473 κατὰ
583 1424 671 1475 τὸν
707 1424 844 1477 θεῖον
871 1427 1055 1481 τοῦτον
1088 1431 1323 1501 Πατέρα,
1348 1433 1498 1484 οὐδὲν
1524 1434 1706 1503 ετερον
1731 1437 1816 1502 έγ-

254 1511 593 1579 καλούμενοι,
634 1514 664 1581 ἢ
701 1515 758 1565 τὸ
808 1516 1119 1569 καταλιπεῖν
1161 1520 1285 1581 τοὺς
1339 1520 1617 1589 ἀδελφοὺς,
1658 1523 1815 1575 δυνά-

254 1615 404 1665 μενοι
436 1600 616 1662 αὐτοῖς
657 1605 714 1653 εν
749 1604 921 1673 καιρῷ
964 1606 1329 1673 περιστάσεως
1366 1609 1650 1678 εὔχρηστοι
1677 1606 1813 1663 εἶναι

247 1690 330 1750 είς
360 1688 420 1741 τὺ
454 1690 723 1760 στηρίζειν
751 1695 963 1755 αὐτοὺς,
993 1697 1085 1748 καὶ
1110 1695 1279 1749 ταῦτα
1313 1700 1611 1769 μαρτυρίας
1648 1700 1815 1762 ἀξιω-

248 1779 453 1841 Θέντες,
478 1781 568 1831 καί
591 1782 657 1832 τά
679 1783 943 1851 στίγματα
968 1786 1059 1837 τοῦ
1092 1786 1324 1857 Χριστοῦ
1348 1789 1406 1840 έν
1429 1791 1495 1859 τῇ
1525 1791 1685 1859 σαρκὶ
1715 1791 1813 1841 αὐ·-

1976 711 2244 779 Adjiciant
2275 726 2437 780 porro
2478 711 2717 765 animum
2764 711 2833 766 iis
2860 728 2978 781 qua:
3015 715 3084 769 ab
3131 716 3232 770 hoc
3264 730 3455 786 magno

1909 796 2089 862 Patre,
2120 814 2191 853 ac.
2214 809 2400 854 sancto
2434 806 2669 868 martyre
2700 799 2803 852 hoc
2834 800 2952 853 loco
2979 803 3140 855 allata
3171 812 3319 866 sunt,
3361 808 3453 873 qui

1910 888 2097 944 dicunt
2124 891 2396 959 episcOpis
2426 890 2588 943 licere
2631 890 2889 944 ecclesias
2919 907 3045 946 suas
3075 894 3365 952 dimittere.
3388 911 3456 948 ac

1910 980 2195 1032 sacerdotii
2226 979 2541 1046 dignitatem
2593 979 2845 1031 retinere.
2902 979 3109 1033 Etenim
3161 987 3203 1036 si
3246 988 3456 1039 clericis

1911 1069 2003 1135 qui
2028 1076 2217 1136 sponte
2249 1083 2307 1120 se
2339 1068 2621 1120 certamini
2648 1067 3007 1123 confessionis
3040 1072 3366 1139 object-rant,
3396 1093 3456 1129 ac

1911 1156 2193 1213 tormentis
2224 1155 2401 1207 affecti
2438 1156 2616 1208 minus
2648 1164 2960 1210 constanter
2989 1161 3329 1223 obstiterant,
3364 1165 3457 1218 sed

1914 1251 2197 1313 postquam
2242 1252 2540 1304 cesserant,
2576 1245 2629 1298 in
2675 1253 2945 1299 certamen
2986 1248 3330 1305 redeuntibus
3370 1255 3454 1307 vis

1911 1332 2229 1385 conceditur
2257 1334 2432 1393 venia,
2456 1333 2599 1401 quod
2648 1349 2863 1388 sacrum
2910 1338 3268 1392 ministerium
3309 1343 3458 1397 obire

1912 1420 2286 1486 distulissent;
2333 1435 2433 1474 nec
2460 1437 2525 1475 ex
2575 1423 2735 1489 hujus
2778 1425 2944 1478 divini
2980 1424 3154 1480 Patris
3193 1434 3458 1485 sententia

1912 1509 2205 1579 quidquam
2232 1510 2378 1563 aliud
2406 1512 2538 1579 ipsis
2568 1514 2845 1580 objicitur,
2881 1531 3041 1584 quam
3079 1518 3223 1586 quod
3264 1518 3458 1575 fratres

1912 1598 2298 1662 deseruissent,
2331 1615 2455 1652 cum
2484 1602 2724 1656 adversis
2749 1619 2811 1657 ac
2848 1608 3177 1663 turbulentis
3206 1613 3462 1680 tempori-

1913 1688 2015 1742 bus
2048 1703 2265 1756 possent
2297 1691 2425 1759 ipsis
2462 1690 2514 1743 in
2563 1691 2663 1745 title
2691 1694 3073 1751 conﬁrmandis
3114 1714 3235 1753 esse
3266 1701 3457 1764 utiles;

1914 1774 2076 1844 idque
2103 1792 2226 1829 cum
2281 1787 2331 1830 et
2361 1778 2505 1846 digni
2545 1778 2714 1832 habiti
2764 1792 2944 1835 essent
2973 1786 3061 1849 qui
3095 1788 3459 1842 testimonium

247 1869 359 1919 τῶν
406 1871 821 1940 περιφέροντες·
871 1876 987 1937 πῶς
1036 1878 1320 1946 ἀρχιερεὺς
1359 1878 1452 1930 καὶ
1496 1878 1715 1948 ποιμὴν,
1754 1879 1813 1941 δς
1844 1868 1915 1931 nl

1792 1896 1813 1941 ς
1844 1868 1885 1925 Β
1913 1865 2257 1933 perbibereut
2286 1865 2427 1929 lldei,
2459 1875 2509 1919 et
2543 1867 2795 1936 stigmata
2842 1870 3043 1926 Christi
3072 1875 3126 1927 in
3166 1891 3265 1929 sua
3295 1892 3460 1933 carne

245 1955 453 2019 ὀφείλει
477 1955 676 2011 τιθέναι
699 1958 794 2029 τὴν
822 1960 995 2032 ψυχήν
1025 1964 1161 2034 ὑπὲρ
1185 1964 1289 2016 τῶν
1324 1964 1625 2032 προδάτων,
1648 1982 1813 2019 κατα-

248 2042 423 2097 λιπὼν
449 2046 544 2115 τὴν
573 2047 1018 2117 έμπιπευθεῖσαν
1046 2053 1274 2122 ποίμνην
1306 2052 1471 2123 αὐτῷ,
1500 2055 1591 2106 καὶ
1615 2071 1811 2126 παραι-

244 2134 552 2203 τησάμενος
589 2138 687 2206 τήν
729 2141 896 2209 αὐτῆς
934 2144 1185 2211 φροντίδα
1227 2146 1319 2197 καὶ
1359 2144 1689 2214 ἐπιμέλειαν,
1718 2142 1813 2198 καὶ

246 2226 372 2277 ὅσον
420 2225 483 2277 τὸ
529 2230 647 2279 κατ’
689 2230 847 2283 αὑτὸν
888 2235 998 2294 τοῖς
1040 2232 1221 2297 λύκοις
1252 2235 1452 2306 ταύτην
1484 2232 1809 2295 ἐκδεδωκὼς,

246 2313 567 2382 ἀντέχεσθαι
597 2317 693 2386 τῆς
719 2318 1052 2390 λειτουργίας
1075 2322 1279 2385 δίκαιος
1299 2322 1696 2394 λογισθήσεται,
1723 2322 1813 2373 καὶ

245 2402 307 2453 οὐ
347 2401 543 2469 μᾶλλον
598 2404 909 2477 βαρυτάτων
952 2410 1237 2480 έπιτιμίων
1279 2413 1595 2481 κριθήσεται
1644 2410 1811 2475 ἄξιος.

243 2497 333 2550 διὰ
369 2501 467 2570 τὴν
508 2499 599 2553 τοῦ
644 2500 987 2563 ἀνατεθέντος
1030 2502 1177 2571 αὐτῷ
1224 2502 1352 2557 λαοῦ
1406 2506 1823 2577 ἑγκατάλειψινςδ

260 2588 421 2640 Ἀλλά
446 2590 538 2641 καὶ
563 2590 727 2658 γέρας
757 2590 894 2660 ὑπὲρ
936 2589 1135 2661 ταύτης
1162 2594 1451 2666 αἰτήσειμῆ
1491 2598 1686 2665 μᾶλλον
1718 2600 1814 2650 αὑ-

244 2677 340 2736 τὸς
365 2677 541 2748 ἑαυτῷ
574 2679 827 2749 παρέξευ
867 2679 928 2732 τὸ
978 2680 1075 2749 μὲν
1120 2682 1284 2736 κόπον
1336 2685 1623 2754 προξενοῦν
1666 2686 1814 2757 αὐτῷ

244 2769 697 2837 παραιτούμενος,
730 2770 829 2837 τὴν
855 2769 1195 2825 διδασκαλίαν
1238 2775 1377 2843 φημὶ
1426 2777 1517 2828 καὶ
1564 2778 1659 2847 τήν
1704 2778 1813 2830 τῶν

245 2860 629 2929 σφαλλομένων
658 2861 955 2932 διόρθωσιν,
982 2864 1040 2916 τὸ
1075 2864 1130 2916 δὲ
1164 2864 1315 2928 δόξαν
1351 2868 1442 2918 καὶ
1472 2871 1632 2938 τιμὴν
1657 2886 1814 2940 περι-

244 2952 437 3006 ποιοῦν
484 2955 889 3022 παρακατέχων,
938 2954 1030 3005 καὶ
1074 2954 1456 3023 οἰκειούμενος,
1508 2958 1600 3009 καὶ
1628 2960 1813 3011 τούτου

242 3044 416 3115 ἀπρὶξ
448 3044 718 3113 ἐχόμενος,
745 3044 836 3096 καὶ
873 3044 1033 3114 μηδὲν
1066 3045 1468 3115 μεθιστάμενος.
1504 3050 1562 3100 Εἰ
1592 3050 1698 3121 γὰρ
1724 3051 1815 3103 ἐπὶ

1912 1953 2322 2012 circumferrem
2353 1974 2363 2008 :
2397 1970 2630 2026 quonam
2665 1957 2824 2011 modo
2854 1973 3101 2016 summus
3132 1965 3386 2022 sacerdos
3408 1980 3461 2022 et

1912 2053 2116 2113 pastor,
2148 2046 2239 2113 qui
2287 2061 2384 2114 pro
2425 2049 2616 2101 ovibus
2651 2046 2807 2102 debet
2838 2054 3069 2106 animam
3104 2070 3325 2125 ponere,
3366 2059 3461 2113 de-

1913 2143 2058 2187 serto
2089 2150 2249 2205 grege
2287 2136 2387 2190 sibi
2428 2141 2742 2205 commisso,
2778 2144 3002 2212 ejusque
3043 2160 3172 2199 cura
3201 2158 3256 2202 et
3284 2150 3461 2203 admi-

1914 2224 2235 2281 nistratione
2279 2228 2577 2295 repudiata,
2613 2242 2666 2283 et
2698 2241 2959 2301 quantum
2999 2237 3215 2304 quidem
3256 2240 3311 2292 in
3343 2242 3460 2312 ipso

1911 2323 1994 2366 est
2021 2329 2086 2366 eo
2112 2317 2249 2383 lup‘s
2277 2318 2510 2385 prodito,
2546 2320 2737 2390 dignus
2763 2325 3036 2391 putabitur
3063 2328 3152 2395 qui
3187 2332 3329 2383 sacri
3359 2348 3459 2383 nn-

1914 2405 2123 2458 nisterii
2177 2406 2492 2475 dignitatem
2552 2414 2816 2476 retineat,
2858 2424 2927 2468 ac
2966 2432 3071 2469 non
3126 2418 3459 2479 gratissimis

1915 2497 2093 2563 potius
2124 2500 2298 2564 pmnis
2327 2500 2468 2565 quod
2502 2502 2601 2553 sibi
2625 2504 3057 2559 commendatum
3087 2512 3340 2577 p0pulum
3366 2512 3460 2566 de-

1913 2586 2166 2646 seruerit,
2202 2588 2544 2643 mulctandus
2574 2606 2693 2645 esse
2716 2592 3085 2659 judicabitur?
3115 2599 3254 2663 Quin
3282 2604 3460 2669 potius

1912 2673 1981 2726 ob
2013 2690 2129 2729 eam
2177 2692 2289 2729 rem
2326 2683 2605 2747 pmminm
2648 2683 2924 2752 deposcet,
2958 2689 3064 2740 imo
3097 2691 3198 2742 sibi
3235 2691 3461 2759 ipsemet

1913 2764 2311 2832 suppeditabit;
2355 2770 2495 2836 quod
2522 2771 2736 2838 quidem
2781 2775 3014 2829 laborem
3048 2778 3148 2845 ipsi
3180 2779 3331 2833 all'ert
3375 2798 3461 2834 re-

1913 2866 2135 2915 cusans,
2191 2855 2417 2909 docendi
2464 2860 2713 2913 videlicet
2764 2877 2961 2917 munus
3008 2867 3242 2935 vitiaque
3289 2873 3463 2923 corri-

1906 2940 2105 3006 gendi;
2169 2940 2314 3008 quod
2361 2958 2489 2997 vero
2535 2946 2759 3012 gloriam
2790 2950 2895 3019 18
2928 2968 2991 3006 ac
3015 2961 3178 3009 decus
3209 2959 3461 3014 conciliat

1906 3038 2254 3095 amplectens,
2295 3033 2510 3101 sibique
2543 3038 2839 3098 asciscens.
2864 3043 3243 3115 inordicusque
3269 3052 3318 3102 id
3341 3068 3466 3104 reu-

243 3134 522 3204 κληρικῶν
577 3134 878 3203 παράλογος
921 3134 1208 3204 ὠνομάσθη
1250 3137 1462 3205 πρᾶξις,
1502 3139 1560 3189 τὸ
1604 3140 1813 3194 καταλι-
1840 3181 1881 3234 C

1790 3171 1813 3187 η,
1840 3181 1881 3234 C
1917 3136 2071 3181 nens,
2120 3138 2295 3191 neque
2326 3124 2408 3177 vel
2434 3126 2704 3180 tantillum
2745 3122 3055 3186 remittens.
3095 3132 3150 3185 Si
3183 3134 3325 3187 enim
3374 3138 3458 3189 ubi

1919 3211 1976 3234 ,Δ
2017 3213 2222 3234 η,,,τ,,,
2639 3232 2650 3234 Α
2698 3218 2735 3234 ..
2883 3222 2918 3234 -.
3004 3223 3014 3233 .
3090 3224 3102 3234 .
3421 3228 3431 3234 .

244 3227 369 3276 πεῖν
393 3226 481 3276 τὸν
525 3224 669 3285 λαὸν,
704 3227 796 3275 καὶ
834 3223 969 3293 πρὸς
1001 3225 1089 3276 τὸν
1119 3225 1256 3295 ὑπὲρ
1278 3226 1552 3289 εὐσεϐείας
1588 3228 1814 3297 αὐτομο-
1840 3211 1881 3234 υ

1914 3211 1980 3265 de
2011 3213 2225 3265 clericis
2265 3221 2348 3268 est
2394 3230 2592 3276 sermo,
2632 3218 2775 3271 actio
2821 3222 3014 3275 rationi
3055 3224 3256 3277 absona
3291 3228 3465 3280 nomi-
3568 3250 3572 3254 ι

240 3315 405 3382 λῆσαι
435 3313 616 3380 ἀγῶνα
636 3331 648 3343 ·
679 3315 826 3384 πόσῳ
854 3313 1011 3365 πλέον
1037 3314 1483 3385 παραλογώτερον
1511 3319 1575 3370 ἂν
1604 3319 1811 3387 κριθείη

242 3404 340 3455 ἐπὶ
391 3404 686 3455 ἐπισκόπου
730 3404 1115 3468 καταλιπόντος
1168 3406 1259 3457 τὸν
1301 3409 1496 3459 οἰκεῖον
1529 3407 1672 3469 λαὸν,
1720 3410 1813 3461 καὶ

240 3494 306 3544 οὐ
341 3492 479 3559 πρὸς
522 3492 704 3559 ἀγῶνα
757 3491 1072 3562 χωροῦντος,
1129 3493 1261 3564 πρὸς
1303 3494 1579 3564 ῥᾳστώνην
1622 3496 1677 3547 δὲ
1724 3498 1815 3548 καὶ

242 3582 565 3643 ἀνάπαυσιν,
588 3582 678 3634 καὶ
699 3581 991 3651 φροντίδων
1018 3582 1154 3652 ὑπὲρ
1172 3582 1436 3651 ὠφελείας
1464 3584 1649 3653 ψυχῶν
1683 3587 1815 3637 ἁπό-

241 3671 395 3722 θεσιν
422 3673 517 3722 καὶ
541 3671 867 3740 άπόδρασιν;
893 3672 1003 3724 Καὶ
1034 3674 1061 3724 6
1086 3678 1160 3736 ις’
1187 3672 1241 3724 δὲ
1267 3673 1444 3725 κανὼν
1464 3676 1560 3743 τῆς
1583 3675 1812 3745 ἑϐδόμης

240 3763 625 3831 οίκουμενικῆς
673 3762 884 3814 συνόδου
928 3762 1125 3833 πολλὴν
1156 3764 1479 3835 άδελτηρίαν
1526 3770 1816 3836 κατηγορεῖ

238 3850 352 3901 τῶν
383 3849 1038 3920 ψηφιζομένωνδύνασθαι
1088 3853 1213 3915 τοὺς
1264 3855 1537 3924 ἀρχιερεῖς
1576 3856 1669 3919 τὰς
1705 3858 1815 3908 ἑπι-

241 3942 455 4004 σκοπάς
479 3943 872 4011 παραιτεῖσθαι,
898 3944 995 4013 τὴν
1018 3945 1073 3998 δὲ
1102 3946 1399 4016 ἱερωσύνην
1424 3952 1809 4019 παρακρατεϊν.

240 4035 307 4087 El
333 4036 442 4105 γὰρ
464 4036 604 4088 κατὰ
629 4037 718 4089 τὸν
744 4030 1025 4107 εἰρημένον
1053 4041 1249 4094 κανόνα
1278 4044 1305 4094 6
1328 4042 1638 4107 ἐπίσκοπος,
1676 4046 1813 4117 ὑπὲρ

238 4124 302 4174 τὸ
334 4124 600 4193 ἑξάμηνον
634 4126 730 4194 τῆς
762 4126 967 4190 οίκείας
1003 4128 1355 4200 ἀποδημήσας
1398 4133 1697 4202 ἐπισκοπῆς
1722 4132 1813 4204 [ἂν

244 4213 345 4285 μὴ]
384 4216 513 4283 μιᾶς
548 4214 654 4267 τῶν
690 4217 1157 4287 άπηριθμημένων
1195 4221 1252 4272 ὲν
1289 4221 1436 4290 αὐτῷ
1482 4224 1689 4288 αίτιῶν,
1721 4226 1814 4277 καὶ

237 4308 341 4374 τῆς
372 4309 673 4377 δπισκοπῆς
705 4310 798 4360 καὶ
830 4311 926 4379 τῆς
970 4311 1373 4382 ἀρχιερωσύνης
1418 4314 1689 4379 ἐκπίπτει,
1722 4318 1814 4369 καὶ

239 4396 446 4462 ἀμφοῖν
472 4394 821 4465 ἠλλοτρίωται
840 4413 852 4425 ·
884 4397 996 4460 πῶς
1020 4400 1048 4448 6
1072 4400 1539 4469 παραιτησάμενος
1567 4402 1665 4472 τήν
1698 4406 1815 4456 ἑπι-

1914 3308 2036 3352 nata
2068 3303 2133 3354 sit
2163 3301 2407 3355 deserere
2450 3305 2724 3371 pupulum,
2758 3315 2918 3375 atque
2949 3310 3012 3361 ad
3048 3321 3319 3366 certamen
3352 3317 3465 3382 pie-

1914 3390 2039 3440 tatis
2072 3404 2235 3441 cnusa
2282 3392 2695 3459 lransmigrare;
2737 3406 2941 3462 quanto
2988 3399 3037 3449 id
3083 3400 3250 3468 magis
3296 3419 3326 3453 α
3379 3418 3467 3453 ra-

1914 3478 2059 3531 tione
2091 3479 2325 3532 alienum
2372 3482 2426 3533 in
2463 3484 2718 3552 episcopo
2751 3486 3103 3552 judicabitur,
3151 3492 3239 3556 qui
3295 3506 3464 3559 popu-

1915 3568 2022 3621 lum
2052 3584 2209 3622 suum
2251 3572 2471 3634 deserit,
2505 3588 2611 3625 non
2645 3582 2704 3625 ut
2736 3575 2801 3626 ad
2828 3584 3101 3629 certamen
3133 3578 3337 3641 tendat,
3372 3585 3463 3635 Sed

1914 3664 1973 3707 ut
2002 3659 2168 3725 quieti
2193 3672 2249 3712 se
2287 3673 2348 3711 ac
2391 3661 2693 3713 remissioni
2726 3662 2925 3720 tradat.
2958 3678 3225 3734 curasque
3255 3682 3349 3734 pro
3379 3685 3467 3721 sa—

1916 3749 2029 3803 lute
2057 3748 2358 3802 animarum
2388 3749 2620 3817 deponat
2645 3766 2707 3804 ac
2735 3751 2973 3821 effugiat.
3003 3752 3250 3809 Decimus
3280 3770 3463 3810 sextus

1914 3855 2130 3910 quoque
2161 3854 2336 3894 canon
2383 3840 2623 3908 septima:
2657 3844 3003 3896 (ecumeuitae
3044 3846 3254 3913 synodi,
3289 3850 3466 3899 stulti-

1916 3924 2007 3984 tia»
2031 3930 2266 4000 graviter
2298 3939 2516 3984 accusat
2539 3946 2633 3984 eos
2662 3931 2753 3999 qui
2787 3934 2853 3984 ab
2876 3934 3152 4003 episcOpo,
3187 3936 3468 4004 repudiuo

1915 4023 2254 4090 episcopatu,
2281 4020 2420 4074 sacri
2442 4021 2723 4077 ministerii
2748 4022 3059 4090 dignitatern
3080 4025 3295 4079 retineri
3311 4042 3469 4095 pos-re

1914 4113 2229 4166 decernunt.
2268 4108 2325 4163 Si
2364 4125 2597 4179 namque
2629 4127 2693 4163 ex
2726 4113 2949 4166 canonis
2995 4114 3142 4167 allati
3174 4120 3464 4178 sententia.

1914 4201 2201 4269 episcopus
2230 4200 2323 4269 qui
2353 4201 2491 4253 ultra
2526 4210 2785 4255 semestre
2818 4209 3030 4271 tempus
3068 4219 3097 4257 a
3130 4220 3229 4258 suo
3254 4206 3468 4275 episco—

1914 4300 2040 4361 patu
2076 4291 2331 4353 abfuerit,
2366 4291 2469 4346 nisi
2507 4306 2613 4347 una
2660 4292 2839 4360 aliqua
2870 4308 2935 4347 ex
2980 4294 3047 4348 iis
3082 4311 3200 4364 quat
3248 4297 3319 4349 ibi
3366 4314 3468 4351 nu-

1914 4392 2214 4443 merantur,
2268 4396 2435 4452 causa
2493 4382 2891 4447 intercesserit,
2940 4396 2992 4439 et
3050 4390 3367 4455 episcopatu
3414 4398 3467 4441 ct

242 4484 475 4553 σκοπὴν,
499 4486 592 4536 καὶ
618 4486 996 4555 ἀπαγορεύσας
1027 4488 1219 4557 μηκέτι
1251 4468 1550 4557 ποιμαίνειν
1653 4493 1812 4559 έμπιφ
1844 4495 1886 4548 D

1802 4521 1812 4533 _
1844 4495 1886 4548 υ
1916 4468 2111 4523 summi
2137 4468 2427 4523 sacerdotii
2458 4469 2720 4539 dignitate
2749 4472 2971 4535 excidit,
3014 4488 3077 4527 ac
3108 4484 3335 4544 utroque
3359 4480 3470 4545 pri-

241 4575 467 4629 οτευθὲν
521 4576 666 4645 αὐτῷ
723 4578 986 4645 ποίμνιον,
1020 4580 1113 4631 καὶ
1161 4578 1257 4647 τῆς
1303 4578 1489 4631 τούτου
1540 4581 1812 4650 φροντίδος

238 4666 330 4719 διὰ
365 4665 482 4733 βίου
518 4668 949 4736 καταφρονήσας,
980 4668 1063 4741 εζη
1107 4667 1171 4721 ἂν
1212 4669 1528 4739 άρχιερεύς;
1566 4672 1626 4723 El
1653 4671 1759 4740 γὰρ
1785 4674 1814 4725 6

238 4756 302 4808 τὸ
328 4749 492 4825 ἦττον
520 4756 863 4824 ἁμαρτάνων,
896 4756 954 4809 τὸ
987 4758 1075 4808 ἐπὶ
1116 4758 1272 4810 πλέον
1308 4758 1654 4827 έξαμηνιαίου
1697 4778 1811 4813 και-

243 4844 339 4914 ροῦ
383 4845 701 4896 καταλιπεῖν
745 4846 835 4897 τδν
889 4848 979 4899 ὑπ’
1014 4847 1173 4899 αὑτὸν
1220 4847 1345 4900 λαὸν
1388 4849 1714 4917 άποίμαντόν
1756 4867 1813 4902 τε

241 4936 338 4988 καί
352 4935 711 5004 ἀτημέλητον,
732 4937 997 4989 ὲκπτώσει
1044 4940 1137 4990 καὶ
1161 4940 1257 5007 τῆς
1283 4939 1583 5008 ἐπισκοπῆς
1615 4942 1703 4991 καὶ
1718 4940 1814 5007 τῆς

241 5026 546 5096 ιερωσύνης
571 5029 855 5095 ἀφίσταται
895 5048 906 5057 ·
936 5033 963 5083 6
993 5031 1052 5082 τδ
1077 5029 1269 5099 μᾶλλον
1300 5031 1390 5081 καὶ
1432 5030 1491 5082 τὸ
1517 5030 1816 5083 πολλαπλά-

243 5132 359 5167 σιον
399 5114 751 5185 πλημμελῶν,
804 5118 864 5170 τδ
906 5119 969 5171 δι’
1000 5119 1118 5171 ὅλου
1154 5119 1468 5173 καταλιπεῖν
1509 5119 1575 5170 τά
1617 5120 1812 5189 πλήθη,

242 5204 388 5270 ἆπερ
425 5204 574 5273 αύτῴ
600 5209 910 5259 ἐπισκοπεῖν
938 5226 996 5260 τε
1022 5210 1111 5261 καὶ
1137 5210 1267 5279 όρᾷν
1292 5212 1323 5279 ή
1352 5209 1444 5261 τοῦ
1474 5210 1613 5262 θείου
1647 5212 1816 5263 Ilvati-

247 5313 417 5364 ματος
465 5297 621 5367 χάρις
668 5298 903 5363 ἀνέθετο,
959 5300 1154 5369 μᾶλλον
1188 5299 1251 5352 ἂν
1302 5299 1385 5367 εἴη
1432 5300 1637 5363 δίκαιος
1687 5314 1816 5367 σφο-

242 5384 497 5453 δρότερον
528 5384 969 5453 κολασθήσεσθαι,
1004 5386 1096 5437 καὶ
1147 5386 1363 5454 μείζονα
1413 5386 1675 5454 τιμωρίαν
1715 5386 1815 5452 ὑφ-

244 5471 389 5536 έξειν
409 5473 508 5541 τῆς
527 5475 647 5526 ὅσον
678 5474 763 5525 ἐπ’
788 5474 977 5543 ἐκείνῳ
1002 5474 1271 5537 ἀπωλείας
1302 5476 1570 5543 ποιμνίου,
1606 5469 1664 5527 οὗ
1694 5492 1816 5543 προ-

245 5564 522 5633 εχειρίσθη
555 5564 752 5634 ποιμὴν
779 5564 924 5634 παρὰ
948 5566 1037 5617 τοῦ
1084 5566 1297 5636 πρώτου
1323 5567 1415 5618 καὶ
1448 5566 1677 5635 μεγάλου
1714 5568 1814 5635 ἀρ-

244 5656 475 5728 χιερέως
496 5656 588 5707 καὶ
620 5656 1016 5727 ἀρχιποιμένος.
1045 5658 1103 5709 Ol
1134 5658 1188 5709 δὲ
1221 5657 1314 5709 καὶ
1340 5658 1505 5727 γέρας
1540 5658 1686 5727 αὐτῷ
1724 5661 1815 5709 καὶ

253 5747 495 5817 ὁμοεσὴν
510 5745 604 5816 τῆς
636 5749 1010 5816 παραιτήσεως
1046 5746 1491 5816 ὲπιῷηφιζόμενοι
1536 5749 1629 5816 τὴν
1663 5750 1814 5817 ἱερων

1915 4570 2072 4613 vatur
2098 4578 2110 4613 :
2138 4575 2370 4628 quonam
2400 4563 2562 4617 modo
2593 4566 2685 4633 qui
2728 4564 3031 4632 repudiavit
3074 4568 3466 4635 episcopatum,

1915 4651 2286 4720 creditumque
2315 4654 2417 4706 sibi
2444 4670 2658 4724 gregem
2688 4656 2863 4708 adhuc
2885 4670 3106 4724 pascere
3125 4660 3345 4711 omnino
3373 4661 3471 4713 ab-

1915 4745 2052 4807 nuit,
2084 4743 2311 4812 ejusque
2339 4759 2523 4798 curam
2560 4747 2748 4801 inertis
2775 4749 2893 4801 vitae
2928 4748 3109 4802 studio
3148 4759 3465 4807 contemtu.

1916 4834 2092 4889 adhuc
2131 4836 2184 4889 in
2220 4840 2597 4907 episcoporum
2636 4851 2867 4892 numero
2905 4837 3467 4895 babebitur?Elenim

1916 4927 1959 4977 si
1995 4926 2087 4992 qui
2127 4928 2306 4981 minus
2347 4927 2633 4994 delinquit,
2677 4936 2735 4980 ut
2783 4930 2922 4981 ultra
2954 4935 3215 4983 semestre
3257 4938 3471 5004 tempus

1916 5017 2216 5078 subiectum
2266 5018 2369 5072 sibi
2414 5018 2666 5086 pepulum
2712 5018 2940 5085 pastoris
2984 5034 3115 5072 cura
3148 5029 3201 5074 et
3240 5020 3472 5074 admini-

1917 5108 2176 5160 stralione
2207 5108 2525 5160 destitutum
2572 5108 2860 5176 relinquat,
2896 5110 3245 5178 cpiSCOpatus
3290 5120 3342 5164 et
3382 5128 3473 5165 sa-

1915 5213 2022 5251 cra:
2048 5197 2327 5267 dignitatis
2358 5199 2708 5265 privationem
2734 5200 2995 5266 incurrit;
3028 5203 3118 5269 qui
3151 5202 3201 5253 in
3241 5215 3303 5253 eu
3324 5205 3466 5269 quod

1916 5289 2091 5356 majus
2133 5296 2186 5341 et
2226 5289 2409 5342 multis
2456 5290 2698 5358 partibus
2746 5291 2966 5359 gravius
3014 5300 3115 5353 est,
3158 5301 3363 5359 peccat,
3414 5304 3472 5344 ut

1917 5382 2315 5435 multitudinem
2342 5397 2502 5451 quam
2525 5385 2625 5449 ipsi
2657 5386 2950 5436 curandam
2981 5393 3034 5437 et
3054 5382 3468 5445 custodiendam

1917 5472 2089 5525 sancti
2132 5470 2365 5539 Spiritus
2407 5463 2578 5540 gratia
2624 5472 2916 5531 commisit,
2962 5472 3185 5524 omnino
3224 5474 3469 5526 deserat".

1916 5563 2108 5617 merito
2139 5563 2295 5631 plane
2336 5562 2589 5630 punietur
2618 5563 3011 5622 vehementius,
3060 5560 3473 5629 gravioreutqtzc

1915 5669 2128 5722 pmnam
2161 5655 2451 5722 persolvet,
2480 5652 2695 5723 perditi,
2724 5652 2866 5715 quod
2898 5653 2950 5705 in
2986 5652 3102 5720 ipse
3133 5658 3237 5710 est,
3269 5663 3469 5719 gregis,

1915 5748 2070 5814 cujus
2100 5748 2211 5815 ipse
2240 5757 2421 5814 pastor
2445 5761 2472 5798 a
2503 5747 2764 5816 primario
2800 5746 2890 5799 illo
2915 5759 2976 5798 ac
3006 5757 3260 5812 supremo
3287 5755 3475 5799 sacer
