4224 6440
241 370 343 435 505

1362 378 1438 439 ιΝ
1472 382 1703 445 EPIST.
1738 386 1794 446 S.
1829 385 2057 446 PETRI
2101 388 2315 452 ALEX.

3342 393 3446 455 506

244 501 483 561 ναμενοι,
520 495 632 563 ῆτοι
680 494 750 563 μὴ
796 492 1166 554 τελειώσαντες
1216 493 1274 545 τὸ
1325 496 1513 547 καλόν·
1567 498 1659 549 νῦν
1708 498 1798 550 καί
1832 504 1912 554 Ai

1769 498 1798 549 ιὶ
1832 504 1867 554 Α
1900 509 2135 551 mentum
2170 511 2366 554 tectum
2390 519 2603 573 quoque
2630 505 3027 572 fabricaverint,
3055 525 3148 565 seu
3171 513 3315 581 quod
3349 516 3437 567 io-

244 584 580 653 κατασκευὴν
609 584 791 636 τούτου
820 603 874 636 τε
899 585 988 637 καὶ
1014 585 1118 634 τῶν
1147 584 1343 635 λοιπῶν
1368 588 1577 653 ἐπάγει,
1603 589 1791 653 λέγων·

241 676 302 727 Oi
333 677 443 744 γὰρ
469 678 525 728 ἐν
558 676 633 745 τῷ
662 678 945 745 βρασματι,
978 679 1141 745 ἦγουν
1185 681 1241 730 ἐν
1286 682 1347 747 τῇ
1381 681 1528 747 ἀκμῇ
1559 680 1650 730 τοῦ
1677 681 1797 731 διω-

239 765 383 832 γμοῦ
410 767 697 833 ἱστάμενοι,
723 769 812 818 καὶ
840 767 1063 835 ὁρῶντες
1087 767 1151 819 τὰ
1184 770 1451 837 μαρτύρια
1474 770 1581 821 τῶν
1608 771 1792 834 ἁγίων,

238 856 335 906 καὶ
392 856 539 917 ὅπως
599 857 876 909 σπεύδουσι
927 858 1050 919 τοὺς
1104 858 1171 919 ἐξ*
1216 860 1452 928 οὐρανῶν
1506 863 1793 928 στεφάνους

236 941 421 995 λαϐεῖν
470 946 604 997 κατά
632 946 790 1012 ζῆλον
840 947 996 1008 θεῖον,
1049 948 1317 999 ἐπεδίδουν
1366 950 1589 1009 ἑαυτοὺς
1620 953 1697 1011 εἰς
1736 952 1792 1002 τὸ

238 1034 537 1101 μαρτύρων
589 1036 721 1101 μετὰ
764 1038 1064 1103 παρρησίας
1128 1038 1356 1104 πολλῆς,
1421 1040 1512 1089 καὶ
1565 1040 1791 1106 μάλιστα

231 1119 315 1169 ὅτι
341 1120 561 1171 eam»
577 1140 724 1183 τινας
748 1124 1191 1190 ύποσυρομένους,
1215 1126 1333 1176 ἀντὶ
1361 1125 1473 1187 τοῦ,
1502 1126 1790 1196 κλεπτομέ-

232 1225 356 1268 νους
384 1210 475 1260 καὶ
520 1211 899 1278 ἀπατωμένους
934 1214 1034 1263 ὑπὸ
1076 1214 1165 1265 τοῦ
1210 1214 1474 1275 διαϐόλου,
1514 1219 1603 1269 καὶ
1634 1220 1786 1270 ἐκπί-

231 1316 482 1360 πτοντας,
520 1303 633 1368 ῆτοι
668 1304 1021 1380 ἀρνουμένους
1054 1305 1148 1372 τὴν
1183 1304 1490 1355 εὐσέϐειαν
1519 1301 1592 1356 ὧν
1631 1308 1786 1377 χάριν

229 1390 744 1461 ὐποθερμαινόμενόι
769 1393 981 1453 ἔσωθεν,
1007 1394 1122 1460 ἦτοι
1142 1394 1236 1461 τὴν
1264 1394 1483 1462 καρδίαν
1512 1398 1782 1465 πυρούμε-

229 1494 327 1537 νοι,
355 1478 430 1537 ὡς
470 1481 559 1529 καὶ
602 1480 880 1542 ἀκούοντες
924 1483 1519 1553 καταπολεμῆσαι,ἧτοι
1566 1488 1781 1555 νικῆσαι

224 1565 310 1615 διὰ
341 1566 531 1616 τούτου
576 1570 662 1618 τὸν
714 1569 939 1629 ἀλαζόνα
984 1572 1075 1621 καὶ
1114 1573 1480 1639 ἀντικείμενον
1519 1575 1778 1638 διάϐολον,

224 1652 557 1705 ἐσπούδασαν
590 1656 840 1707 ὑποδῦναι
872 1657 929 1707 τὸ
958 1658 1269 1727 μαρτύριον,
1298 1662 1379 1711 ἵνα
1411 1662 1481 1730 μὴ
1508 1665 1780 1733 καυχήση-

222 1758 307 1791 ται
338 1744 366 1794 ὁ
406 1743 641 1806 διάϐολος
693 1746 784 1797 καὶ
831 1747 953 1815 δόξῃ
1002 1750 1172 1816 ἐαυτῷ
1217 1750 1473 1819 φρόνιμος
1518 1750 1671 1813 εἶναι,
1704 1756 1778 1817 ὠς

1898 603 2023 638 num
2057 597 2141 642 est
2190 606 2296 645 non
2342 593 2665 659 perfecerint
2692 597 2711 650 ε’
2733 612 2878 650 nunc
2914 598 3076 665 hujus
3120 612 3173 653 et
3203 602 3435 669 reliquo-

1898 689 2014 724 rum
2047 676 2507 731 coaiirmationem
2549 682 2772 743 inducit,
2810 684 2995 738 dicens
3024 702 3035 736 :
3061 685 3160 749 Qui
3202 689 3344 739 enim
3382 690 3437 741 in

1896 764 2287 826 persecutionis
2332 765 2559 830 fervore,
2611 785 2703 823 seu
2740 770 3075 823 vehementia
3118 784 3342 836 stantes,
3386 787 3439 829 et

1894 850 2133 901 videntes
2163 862 2469 913 sanctorum
2501 861 2775 925 martyria,
2811 867 2863 912 et
2894 864 3161 927 quomodo
3190 866 3437 918 coelest-s

1891 952 2119 991 coronas
2150 942 2330 994 divino
2362 946 2477 996 zelo
2520 948 2761 1014 accipere
2810 953 3153 1011 contendant,
3200 969 3256 1007 se
3293 958 3439 1022 ipsus

1892 1025 2094 1077 dabant
2149 1031 2405 1097 martyrio
2434 1047 2557 1085 cum
2608 1036 2775 1088 multa
2819 1037 3084 1094 libertate.
3117 1052 3169 1091 et
3210 1058 3437 1097 IllaMlltC

1890 1118 2012 1181 quia
2042 1118 2290 1170 videbant
2322 1122 2583 1187 quosdam
2610 1127 2938 1187 subtractos.
2972 1129 3071 1180 hoc
3100 1139 3183 1183 est
3213 1132 3434 1186 eductos

1888 1215 1939 1256 et
1974 1206 2227 1273 deceptos
2257 1223 2286 1260 a
2332 1211 2570 1274 diabolo,
2602 1222 2655 1265 et
2689 1215 2869 1283 lapsos
2910 1233 3004 1270 seu
3038 1230 3292 1287 negantes
3328 1226 3435 1289 pie-

1888 1301 2091 1349 tatem:
2128 1301 2472 1365 quamobrem
2508 1304 2734 1358 interius
2776 1310 2989 1363 accensi
3022 1328 3114 1363 seu
3154 1316 3317 1367 corde
3350 1317 3433 1366 in-

1887 1382 2162 1448 tlannnati,
2193 1397 2249 1441 ut
2275 1391 2364 1456 qui
2406 1393 2651 1446 audirent
2685 1412 2743 1448 se
2771 1412 2863 1464 per
2901 1398 3003 1450 hoc
3044 1400 3344 1456 debellasse
3372 1419 3433 1457 ac

1885 1474 2075 1527 vicisse
2128 1479 2417 1545 superbum
2463 1483 2829 1539 adversarium
2872 1487 3164 1546 diabolum.
3206 1494 3430 1545 studue-

1884 1575 2007 1616 runt
2040 1567 2221 1621 subire
2245 1574 2580 1637 martyrium,
2615 1590 2680 1626 ne
2702 1576 2962 1643 glorietur
2983 1578 3229 1633 diabolus
3254 1588 3306 1632 ct
3331 1584 3430 1635 sibi

1883 1655 2119 1721 prudens
2150 1672 2270 1711 esse
2301 1660 2567 1723 videatur,
2600 1666 2770 1731 utqui
2797 1666 3092 1721 calliditate
3125 1685 3221 1722 sua
3242 1680 3292 1723 et
3318 1688 3429 1725 ma.

1881 1745 1988 1795 lilia
2020 1762 2111 1800 eos
2144 1750 2332 1801 vicerit
2364 1753 2453 1818 qui
2496 1767 2594 1805 sua
2619 1763 2810 1821 sponte
2849 1757 2915 1808 ad
2958 1760 3275 1827 martyrium
3298 1776 3425 1815 con-

220 1835 447 1899 νικήσας
464 1836 597 1884 κατά
615 1836 941 1903 πανουργίαν
963 1838 1083 1899 τοὺς
1103 1841 1570 1909 αὐτομολήσαντας
1587 1861 1598 1872 ·
1618 1848 1663 1896 εἰ
1686 1847 1775 1897 καὶ
1810 1820 1847 1872 Β
1878 1834 1888 1884 ί

1756 1847 1775 1897 ι
1810 1820 1847 1872 Β
1878 1832 2168 1901 fugerunt:
2207 1840 2367 1891 etiam
2418 1841 2463 1893 si
2493 1857 2613 1894 eum
2650 1820 2816 1897 latuit
2856 1861 2913 1899 se
2960 1820 3131 1915 magis
3178 1850 3317 1901 vinci
3360 1853 3424 1904 ab

216 1922 473 1974 ἐλάνθανε
497 1925 688 1990 μᾶλλον
719 1927 962 1979 νικᾶσθαι
992 1928 1091 1979 ὑπὸ
1122 1929 1225 1980 τῶν
1261 1931 1501 2000 ἀθλητῶν
1523 1934 1625 1985 τῶν
1651 1952 1776 2003 καρ-

218 2014 557 2081 τερησάντων
598 2016 691 2076 τὰς
740 2016 1014 2084 βασάνους.
1061 2020 1182 2080 Τοῖς
1228 2020 1355 2085 γοῦν
1386 2028 1592 2086 πιστοῖς
1629 2025 1773 2089 ἄξιόν

210 2103 386 2162 ἐστιν,
420 2105 725 2173 εὐχομένοις
744 2106 881 2175 ὑπὲρ
912 2108 1085 2159 αὐτῶν
1110 2108 1214 2160 τῶν
1241 2112 1653 2182 τιμωρηθέντων
1680 2116 1772 2167 καὶ

210 2192 569 2259 ἡττηθέντων,
600 2196 880 2256 ἐπινεύειν,
915 2200 1028 2265 ἦτοι
1062 2200 1384 2270 συντρέχειν,
1416 2204 1444 2253 ὄ
1478 2220 1529 2255 τι
1571 2206 1662 2256 καὶ
1685 2206 1770 2258 δέ·

209 2280 418 2343 δοκται,
451 2284 539 2333 καὶ
572 2286 709 2335 κατά
744 2303 793 2336 τι
832 2288 891 2336 οὐ
922 2287 1142 2355 βλάπτει
1192 2292 1531 2367 συμπάσχειν
1563 2296 1655 2347 καὶ
1683 2295 1771 2347 λυ-

212 2370 431 2421 πεῖσθαι
461 2372 597 2439 μετὰ
628 2374 733 2424 τῶν
756 2376 948 2440 γονέων
972 2377 1002 2444 ἢ
1029 2378 1132 2429 τῶν
1162 2380 1331 2441 ἄλλως
1361 2386 1770 2453 προσῳκειωμέ·

210 2476 317 2509 νων
353 2460 489 2528 ὑπὲρ
539 2463 643 2513 τῶν
676 2467 1155 2534 μαρτυρησάντων,
1200 2471 1293 2521 καὶ
1338 2472 1768 2528 ἐκπεπτωκότων

208 2547 319 2598 ἀπὸ
354 2550 598 2618 μηχανῆς
626 2551 715 2603 τοῦ
736 2553 995 2607 διαϐόλου.
1030 2555 1365 2626 Γινώσκομεν
1389 2560 1512 2627 γὰρ,
1544 2561 1617 2623 ὼς
1644 2562 1768 2614 πολ-

206 2637 293 2688 λοὶ
328 2642 641 2708 ἀπήλαυσαν
685 2645 774 2695 τοῦ
810 2646 986 2708 ἐλέους
1032 2649 1123 2699 καὶ
1155 2649 1251 2717 τῆς
1299 2650 1625 2721 ἀγαοότητος
1671 2653 1764 2706 τοῦ

207 2728 345 2779 Θεοῦ
376 2730 463 2781 διὰ
492 2733 651 2802 εὐχῆς
697 2734 913 2804 ἐτέρων.
947 2738 1042 2789 Διά
1071 2755 1146 2789 τοι
1180 2737 1332 2791 τοῦτο
1375 2742 1555 2801 αὐτοῖς
1585 2760 1644 2794 τε
1678 2744 1763 2795 δο-

206 2816 589 2884 θῆναιιᾶφεσιν
636 2823 781 2889 παρά
823 2822 913 2873 τοῦ
963 2825 1095 2876 Θεοῦ
1128 2826 1497 2896 ἐξαιτήσομεν,
1525 2832 1617 2882 καὶ
1653 2836 1764 2895 τοῖς

205 2906 388 2967 ἄλλοις
414 2911 521 2969 τοῖς
554 2911 943 2973 ἐκπεπτωκόσι,
974 2915 1062 2965 καὶ
1086 2917 1218 2983 μετά
1246 2918 1413 2971 ταῦτα
1442 2920 1537 2988 τὴν
1560 2922 1763 2991 πλάνην

204 2996 693 3065 ἀνακαλεσαμένοις
747 3001 839 3051 καὶ
894 3003 1252 3072 όμολογήσασι
1300 3008 1397 3075 τὴν
1449 3008 1758 3071 εὐσέϐειαν,

208 3088 735 3156 συγκοινωνήσομεν,
784 3093 1110 3159 μεμνημένοι
1137 3094 1242 3146 τῶν
1286 3097 1390 3164 πρὸ
1438 3097 1533 3164 τῆς
1560 3098 1763 3150 ἐκπτώ-

201 3192 342 3235 σεως
393 3177 611 3241 ἀγώνων
642 3179 835 3241 αὐτῶν,
887 3174 960 3232 ὧν
993 3181 1301 3250 ὑπήνεγκαν
1343 3186 1430 3238 διὰ
1458 3187 1548 3238 τὸν
1598 3188 1755 3253 Θεὸν,

198 3262 337 3313 ἀλλά
367 3265 470 3332 μὴν
500 3266 591 3316 καὶ
623 3267 711 3318 τοῦ
743 3268 878 3336 μετά
903 3269 1068 3321 ταῦτα
1092 3274 1290 3338 ἀγαθοῦ
1317 3278 1616 3345 μεταμέλου
1646 3279 1760 3332 τού-

196 3366 325 3410 των,
362 3353 454 3402 καὶ
489 3354 566 3404 ὅτι
600 3356 1005 3424 μεμαρτύρηται
1048 3360 1423 3426 ἀπολιτεύτους
1453 3364 1755 3432 λογίζεσθαι

196 3441 421 3501 ἐαυτούς
454 3441 537 3493 διά
570 3444 891 3513 ἁμάρτημα·
933 3450 1023 3499 καὶ
1049 3451 1108 3501 οὐ
1142 3443 1296 3517 μόνον
1333 3458 1756 3526 συγκοινωνήσο-

199 3546 301 3596 μεν
327 3532 527 3593 αὐτοῖς,
560 3532 691 3585 ἀλλά
720 3534 811 3587 καὶ
838 3537 1198 3607 συνευξόμεθα
1227 3540 1363 3609 ὑπὲρ
1399 3540 1624 3612 ἱλασμοῦ
1658 3546 1753 3597 αὐ·-

195 3619 305 3669 τῶν
343 3623 476 3686 μετά
501 3624 604 3674 τῶν
648 3625 817 3676 ἄλλων
848 3626 952 3678 τῶν
996 3629 1369 3696 καθηκόντων,
1417 3633 1582 3701 ῆγουν
1614 3636 1751 3705 μετά

193 3708 303 3758 τῶν
330 3707 650 3774 όφειλουσῶν
676 3715 909 3779 γίνεσθαι
931 3718 1180 3770 εὐποιιῶν
1215 3722 1339 3788 περὶ
1369 3722 1606 3787 τούτους,
1667 3744 1752 3794 νη-

194 3798 377 3856 στείας
407 3798 660 3876 δηλονότι,
709 3802 1065 3872 ἐλεημοσύνης
1096 3809 1187 3859 καὶ
1232 3810 1513 3876 μετανοίας
1535 3828 1547 3839 ·
1586 3813 1652 3864 δι’
1675 3807 1746 3864 ὧν

190 3887 219 3936 ὀ
255 3888 530 3955 γενόμενος
581 3870 919 3961 mapalium;
965 3870 1101 3964 ὑπὲρ
1148 3870 1299 3967 ἡμῶν
1349 3870 1745 3970 ἐξευμενίζεται

192 3978 325 4043 ἡμῖν
359 3978 448 4028 τὸν
491 3980 721 4049 Πατέρα.
767 3980 897 4035 Εἶτα
946 3986 1035 4036 καὶ
1079 3992 1269 4056 χρήσει
1309 3989 1568 4059 κέχρηται
1612 4009 1743 4062 γρα-

189 4069 348 4133 φικῇ.
397 4066 457 4117 Ἦ
493 4068 549 4119 δέ
580 4071 724 4121 ἐστιν
769 4074 829 4123 ἐκ
873 4074 969 4141 τῆς
1017 4074 1235 4144 πρώτης
1283 4078 1571 4147 καθολικῆς
1628 4084 1743 4132 ἐπι-

189 4158 381 4227 στολῆς
407 4159 498 4210 τοῦ
528 4161 680 4227 ἁγίου
711 4164 1000 4216 ἀποστόλου
1031 4168 1121 4223 καὶ
1147 4169 1525 4234 εὐαγγελιστοῦ
1568 4172 1741 4225 Ἰωάν-

185 4265 298 4301 νου.

256 4340 494 4393 ΖΩΝΑΡ.
548 4343 603 4394 Ὀ
643 4344 765 4406 νοῦς
802 4345 894 4397 τοῦ
937 4348 1199 4419 παρόντος
1236 4350 1455 4413 κανόνος
1502 4351 1738 4414 τοιοῦτός

1875 1922 2111 1983 athletis,
2145 1927 2235 1992 qui
2272 1936 2536 1981 tormenta
2569 1929 2780 1986 fortiter
2814 1937 3052 2001 perpessi
3084 1945 3229 1989 sunt.
3273 1937 3422 1991 Fide-

1874 2010 2017 2063 libus
2051 2024 2179 2082 ergo
2203 2017 2485 2070 orantibus
2514 2033 2727 2087 aequum
2759 2032 2841 2074 est
2873 2038 2969 2090 pro
3002 2026 3131 2092 ipsis
3161 2028 3421 2094 supplicio

1873 2100 2078 2155 aifectis
2098 2112 2149 2155 et
2177 2106 2401 2172 punitis,
2436 2122 2695 2170 annuere,
2732 2111 2844 2165 sive
2872 2113 2924 2164 in
2953 2113 3054 2167 hoc
3079 2131 3420 2179 concurrere,

1870 2190 2013 2256 quod
2042 2193 2203 2245 etiam
2238 2196 2409 2247 visum
2451 2204 2553 2260 est,
2601 2208 2653 2252 et
2687 2200 2867 2268 aliquo
2902 2203 3059 2255 modo
3094 2206 3223 2256 nihil
3260 2209 3418 2267 Imdit,

1870 2294 1973 2331 una
2004 2296 2126 2333 cum
2158 2286 2471 2351 parentibus
2500 2288 2581 2341 vel
2608 2290 2731 2342 aliis
2763 2293 3162 2346 necessitudine.
3195 2298 3416 2363 conjun-

1868 2371 1991 2433 ctis,
2023 2387 2121 2439 pro
2157 2374 2221 2427 iis
2250 2376 2341 2442 qui
2374 2377 2742 2433 testimonium
2782 2382 3045 2437 dederunt
3075 2389 3416 2455 martyrium-

1868 2474 1971 2525 que
2001 2464 2309 2527 subierunt,
2344 2469 2435 2522 sed
2479 2469 2617 2538 lapsi
2652 2482 2788 2525 sunt
2811 2456 3155 2529 diaboli‘arte
3193 2491 3243 2531 et
3286 2480 3415 2532 insi-

1866 2549 1989 2610 diis,
2038 2552 2219 2609 dolere
2262 2565 2315 2610 et
2367 2561 2585 2613 tristitia
2639 2561 2793 2615 allici.
2832 2562 3044 2617 Scimus
3087 2569 3229 2619 enim
3273 2574 3413 2637 quod

1866 2640 2019 2691 multi
2071 2642 2364 2698 bonitatem
2412 2656 2465 2701 et
2513 2650 2939 2704 miscricordiam
3004 2653 3094 2706 Dei
3136 2660 3411 2709 consecuti

1865 2738 1991 2780 sunt
2023 2746 2117 2798 per
2148 2734 2374 2787 aliorum
2404 2739 2696 2793 orationes.
2735 2740 2963 2809 Ideoque
2990 2755 3041 2797 et
3074 2747 3203 2812 ipsis
3237 2748 3350 2799 dari
3383 2771 3410 2799 ει

1865 2816 1972 2870 Deo
2001 2831 2345 2887 peccatorum
2378 2828 2748 2882 remissionem
2770 2834 3185 2899 postulabimus,
3216 2844 3268 2888 et
3290 2838 3409 2890 aliis

1862 2913 1953 2977 qui
1989 2913 2120 2980 lapsi
2162 2925 2307 2977 sunt,
2338 2924 2390 2969 et
2422 2927 2605 2985 postea
2638 2937 2879 2975 errorem
2925 2937 3314 2979 revocaverunt
3360 2936 3410 2981 ct

1863 3000 2112 3063 pietatem
2148 3004 2391 3055 conl‘essi
2420 3013 2567 3068 sunt,
2619 3012 3159 3075 communicabimus,
3204 3030 3408 3069 memo-

1862 3101 1949 3139 res
1977 3104 2163 3142 eorum
2200 3108 2317 3159 qua:
2367 3103 2489 3148 ante
2529 3097 2735 3164 lapsum
2770 3110 2987 3169 propter
3025 3102 3186 3156 Deum
3241 3112 3406 3158 susti-

1854 3188 2094 3233 nuerunt
2129 3186 2505 3254 certaminum,
2536 3197 2587 3242 et
2614 3192 2773 3243 etiam
2813 3196 2961 3247 bona:
2990 3211 3174 3249 eorum
3222 3210 3405 3265 postca

1858 3271 2210 3337 pmnitentize.
2256 3285 2309 3329 et
2354 3280 2496 3345 quod
2522 3294 2579 3333 se
2622 3281 2768 3348 ipsos
2815 3285 2991 3336 testati
3045 3295 3169 3339 sunt
3207 3302 3334 3340 esse
3376 3303 3404 3341 a

1855 3361 2074 3415 civitate
2116 3365 2319 3419 alienos
2350 3377 2569 3435 propter
2600 3380 2874 3436 peccatum
2911 3391 2922 3423 :
2976 3382 3027 3425 et
3076 3390 3181 3426 non
3229 3376 3403 3429 solum

1855 3448 1987 3517 ipsis
2017 3458 2558 3521 communicabimus,
2605 3463 2696 3515 sed
2725 3475 2773 3515 et
2805 3478 2901 3529 pro
2930 3478 3116 3516 eorum
3156 3469 3402 3521 reconci-

1854 3539 2072 3595 liatione
2110 3547 2410 3613 orabimus,
2446 3564 2567 3601 cum
2620 3552 2739 3605 aliis
2770 3568 2887 3613 qua:
2916 3554 3090 3616 decet,
3136 3571 3229 3607 seu
3276 3572 3398 3608 eum

1851 3630 2008 3684 bonis
2053 3636 2307 3701 Oper-ibus
2357 3652 2476 3705 qua:
2514 3638 2711 3693 debent
2761 3641 2828 3693 ab
2870 3642 3001 3710 ipsis
3033 3642 3165 3705 ﬁeri,
3195 3644 3400 3710 jejunio

1851 3722 2079 3781 scilicet.
2129 3724 2467 3795 eleemosyna
2519 3736 2572 3781 et
2602 3732 2945 3796 poenitentia;
2988 3748 3080 3799 per
3121 3748 3257 3800 quae,
3306 3734 3397 3801 qui

1849 3825 1945 3876 pro
1990 3813 2146 3865 nobis
2180 3824 2260 3867 est
2296 3816 2609 3879 advocatus,
2643 3818 2854 3872 Patrem
2906 3822 3059 3874 nobis
3106 3824 3393 3889 propitium

1848 3898 2269 3971 benevolumque
2311 3904 2488 3961 emcit.
2536 3907 2736 3964 Deinde
2781 3918 2833 3964 et
2877 3926 3043 3965 sacra:
3099 3912 3394 3979 Scriptura:

1846 3994 2111 4045 sententia
2148 4010 2278 4048 usus
2309 4005 2409 4049 est.
2453 3998 2524 4050 Ea
2558 4015 2683 4053 vero
2712 4009 2879 4053 estex
2915 4005 3081 4068 prima
3112 4006 3379 4058 catholica

1843 4082 2066 4147 cpistola
2098 4085 2268 4135 sancti
2300 4088 2525 4153 apostoli
2560 4098 2609 4141 et
2635 4090 2973 4153 evangelista:
3001 4090 3245 4147 Joannis.

1912 4340 2109 4393 Zomn.
2150 4341 2317 4410 llujus
2371 4348 2596 4402 canonis
2652 4353 2914 4404 sententia
2968 4355 3231 4422 ejusmodi
3285 4368 3383 4413 est.

185 4430 329 4480 ἐστιν
349 4446 362 4458 ·
391 4432 450 4482 Οἱ
482 4433 536 4481 ἐν
566 4432 639 4499 τῷ
672 4433 961 4502 βράσματι,
986 4438 1136 4506 φησὶ,
1159 4438 1252 4489 τοῦ
1282 4440 1543 4509 διωγμοῦ,
1569 4443 1732 4511 ήγουν
1769 4452 1810 4507 υ
1843 4432 1853 4477 ¹

1717 4462 1732 4493 ν
1769 4452 1810 4507 υ
1843 4428 1941 4492 Qui
1979 4432 2031 4483 in
2085 4431 2319 4491 fervore.
2364 4436 2558 4503 inquit,
2608 4444 3017 4507 persecutionis,
3052 4446 3153 4497 hoc
3202 4457 3283 4499 est
3337 4451 3385 4501 in

181 4520 237 4569 ἐν
269 4522 334 4587 τῇ
372 4521 560 4589 ἀκμῇ,
604 4525 667 4589 τῇ
711 4522 854 4584 ζέσει
898 4526 1208 4592 ἱστάμενοι,
1258 4529 1349 4579 καὶ
1389 4531 1621 4599 ὁρῶντες
1667 4534 1733 4584 τὰ

186 4608 454 4677 μαρτύρια
482 4610 587 4660 τῶν
617 4612 817 4677 ἁγίων.
862 4614 955 4664 καὶ
994 4615 1140 4676 ὅπως
1180 4617 1464 4670 σπεύδουσι
1516 4622 1639 4683 τούς
1675 4623 1731 4684 ἐξ

178 4697 406 4765 οὐρανοῦ
438 4700 727 4765 στεφάνους
758 4700 935 4752 λαϐεῖν
960 4740 974 4763 ,
1001 4704 1138 4756 κατά
1174 4704 1333 4774 ζῆλον
1378 4705 1521 4761 θεῖον
1553 4710 1731 4761 ἐπεδί-

177 4786 297 4837 δουν
331 4788 556 4850 ἑαυτοὺς
585 4793 659 4850 εις
679 4790 745 4843 τά
775 4791 1062 4861 μαρτύρια,
1100 4793 1237 4863 μετά
1265 4798 1572 4866 παρρησίας
1600 4800 1698 4851 πολ

176 4876 270 4944 λῆς
316 4879 652 4947 ὁρμήσαντες
700 4881 778 4940 είς
822 4882 926 4933 τὸν,
957 4883 1176 4947 ἀγῶνα,
1221 4882 1558 4954 ζηλώσαντες
1606 4891 1727 4951 τοὺς,

175 4964 359 5028 ἁγίους
385 4966 688 5033 πάσχοντας
707 5007 721 5029 ,
753 4968 845 5019 καὶ
879 4968 1147 5032 ἐπιδόντες
1172 4973 1397 5035 ἑαυτοὺς
1433 4976 1727 5046 προθύμως

172 5056 234 5121 τῇ
290 5056 565 5124 μαρτυρίᾳ
589 5095 602 5118 ,
653 5058 743 5108 καὶ
777 5056 1003 5125 μάλιστα
1036 5059 1114 5110 ὅτι
1156 5060 1376 5113 ἔϐλεπον
1404 5081 1555 5127 τινας
1600 5067 1728 5117 ὐπο-

175 5145 527 5213 σέρομένους,
578 5147 693 5198 ἀντὶ
727 5147 839 5209 τοῦ,
860 5147 1283 5217 κλεπτομένους,
1330 5152 1726 5223 ἀπατωμένους

171 5235 260 5284 καὶ
303 5236 667 5305 ἀρνουμένους
699 5238 795 5305 τὴν
825 5238 1097 5293 εὐσέϐειαν
1120 5278 1133 5299 ,
1167 5240 1681 5313 ὐποθερμαινόμενοι
1707 5288 1721 5311 ,

170 5328 281 5391 ἢτοι
328 5326 655 5395 πυρούμενοι
693 5328 791 5397 τὴν
839 5328 1096 5396 καρδίαν,
1127 5331 1384 5383 ἔσπευδον
1419 5335 1720 5386 καταπολε-

174 5415 339 5481 μῆσαι
366 5414 455 5466 τὸν
488 5417 681 5478 αὐτοὺς
706 5417 1038 5486 ὐποσύροντα
1073 5421 1325 5490 πονηρὸν,
1355 5422 1441 5474 ἵνα
1476 5422 1549 5492 μὴ
1583 5441 1720 5475 καυ-

164 5506 353 5571 χὶται,
388 5504 461 5567 ὡς
492 5507 663 5575 ἡττῶν
712 5510 836 5572 τοὺς
884 5510 1164 5573 εὐσεϐεῖς·
1212 5515 1257 5564 εί
1294 5515 1387 5564 mi.
1435 5514 1719 5567 ἐλάνθανεν

166 5595 349 5647 ἐαυτὸν
378 5597 618 5662 ἀγνοῶν,
656 5601 736 5651 δτι
782 5600 976 5669 μᾶλλον
1018 5603 1277 5669 ἡττᾶται,
1312 5604 1519 5656 πολλῶν
1558 5605 1717 5676 μέχρι

167 5684 391 5738 θανάτου
427 5688 521 5755 τὴν
557 5690 689 5761 ὑπὲρ
738 5691 831 5758 τῆς
872 5692 1099 5756 πίστεως
1134 5692 1380 5746 ἔνστασιν
1414 5694 1712 5765 ἐνδειξαμέ-

1839 4531 2049 4569 summo
2086 4520 2230 4573 illius
2261 4523 2572 4579 discrimine
2613 4530 3189 4601 velieinentissimaque
3230 4536 3384 4589 dimi-

1835 4608 2047 4661 catione
2096 4612 2396 4675 constituti,
2440 4630 2503 4667 ac
2536 4621 2788 4686 martyria
2832 4630 3139 4675 sanctorum
3175 4628 3384 4679 intumi-

1835 4705 1934 4757 tes,
1973 4710 2023 4749 et
2050 4715 2211 4765 quani
2267 4704 2608 4758 vehementer
2653 4709 2717 4759 ad
2750 4711 3093 4777 accipiendas
3134 4716 3384 4769 cmlcstcs

1832 4802 2062 4841 coronas
2114 4790 2463 4855 festinarent,
2510 4796 2691 4849 divina
2742 4801 3083 4855 aemulatione
3133 4818 3191 4857 se
3241 4806 3382 4873 ipsos

1831 4880 2088 4948 martyrio
2116 4883 2589 4947 tr:ididcre,tnulta
2617 4903 2735 4940 cum
2759 4890 3003 4943 libertate
3033 4893 3084 4946 iu
3108 4905 3381 4950 certamen

1828 4969 2159 5035 desilientes,
2192 4985 2497 5029 sanctorum
2539 4979 2630 5047 qui
2678 4983 3019 5048 paziebantur
3062 4987 3381 5051 imitatLone,

1828 5074 1990 5127 seque
2019 5075 2296 5131 promptos
2326 5066 2390 5119 ad
2420 5068 2575 5121 [idem
2617 5072 2923 5123 testimonio
2956 5077 3378 5128 coniirinamlam

1826 5154 2091 5215 obtulere,
2132 5164 2242 5208 tum
2274 5158 2345 5210 ob
2377 5159 2426 5211 id
2451 5162 2681 5212 maxime
2706 5163 2830 5229 quia
2866 5163 3065 5215 inuitos
3095 5178 3380 5218 Ccl'll63t‘ttl

1824 5244 1913 5313 qui
1952 5244 2432 5311 subtraliebantnr,
2466 5251 2566 5303 hoc
2618 5260 2697 5304 est
2754 5251 3193 5317 traducebantur,
3231 5258 3379 5311 deci-

1825 5336 2403 5406 piebantur,pietatrm
2455 5342 2738 5410 negabant,
2776 5344 3061 5406 ferventes,
3118 5348 3218 5400 hoc
3272 5358 3372 5411 est,

1824 5426 2094 5479 ﬂammato
2120 5431 2302 5492 corde,
2343 5431 2593 5484 infestum
2623 5434 2755 5500 ipsis
2786 5436 3153 5493 advarsarium
3194 5438 3376 5493 debel-

1822 5516 1931 5570 lare
1961 5520 2307 5585 studuerunt,
2344 5538 2409 5574 ne
2450 5523 2607 5574 veluti
2654 5523 2861 5589 piorum
2905 5527 3076 5579 victor
3118 5528 3373 5597 glorians.

1822 5618 1937 5672 tur;
1974 5614 2223 5679 quamvis
2280 5630 2400 5667 cuin
2454 5616 2688 5677 latuerit,
2722 5620 2861 5669 vinci
2912 5634 2967 5672 se
3015 5621 3215 5686 potius,
3247 5633 3373 5674 cum

1825 5700 1977 5752 multi
2014 5700 2077 5753 ad
2110 5711 2333 5756 nnrtein
2365 5721 2535 5773 usque
2570 5722 2665 5774 pro
2725 5708 2826 5762 lidc
2871 5712 3227 5763 cunstantiam
3267 5726 3374 5781 (ira:
