4224 6440
231 384 331 453 521

1227 386 1302 447 IN
1332 386 1571 447 EPIST.
1609 382 1669 445 S.
1710 382 2091 445 GREGORII
2134 380 2562 444 NEOCJSSAR.

3338 374 3441 435 522

232 512 429 574 έκοντὶ,
459 510 535 573 είς
569 509 690 572 τοὺς
731 509 865 560 κατᾶ
907 505 1023 575 βίαν
1054 505 1157 557 τῶν
1198 504 1480 575 βαρϐάρων
1517 502 1779 570 φαγόντας
1808 504 1849 556 Δ
1884 516 1900 555 l

1765 521 1779 568 ;
1808 504 1849 556 A
1884 501 2253 555 necessitatem
2284 516 2377 555 eas
2414 514 2569 554 escas
2615 498 2876 562 fecerunt,
2910 507 2961 552 et
3003 498 3058 553 in
3102 511 3197 553 eos
3243 500 3335 567 qui
3366 498 3433 553 ad

233 602 421 666 ταῦτα,
442 604 519 663 είς
546 602 667 663 τοὺς
700 600 765 652 δι’
791 598 1028 665 ἀνάγκην
1047 596 1143 662 τῆς
1170 594 1378 662 φύσεως
1414 593 1601 663 βρῶμα
1623 608 1779 662 ποιη-

230 690 496 758 σαμένους
526 690 681 749 αὐτὰ,
711 688 802 741 καὶ
834 689 913 750 είς
952 686 1074 748 τοὺς
1109 682 1420 753 βιασθέντας
1454 682 1585 751 πρὸς
1627 682 1783 736 τοῦτο

232 780 381 848 παρὰ
418 778 720 848 βαρϐάρων,
750 779 823 847 μὴ
871 775 1164 828 τεθυκότων
1212 776 1322 835 τοῖς
1365 771 1781 835 είόώλοις.”Οθεν

232 870 343 927 καὶ,
366 869 439 930 ὡς
473 871 591 937 ἐμοὶ
618 870 778 923 δοκεῖ.
808 865 921 918 οὐδὲ
956 858 1033 927 εἷς
1071 864 1134 915 ἑκ
1176 862 1372 914 τούτων
1403 861 1781 930 άνεπιτίμητος

230 960 402 1011 ἔσται.
445 959 504 1011 Οἱ
545 958 649 1025 γὰρ
688 956 773 1007 διὰ
804 954 1007 1025 τρυφὴν
1042 953 1300 1021 φαγόντες
1336 948 1504 1003 ταῦτα
1547 948 1781 1019 μείζοσιν

230 1047 520 1114 ἐπιτιμίοις
553 1044 1035 1113 ὑποϐληθήσονταιο
1071 1044 1117 1093 οί
1154 1042 1217 1094 δι’
1258 1042 1499 1109 άνάγκην
1532 1039 1620 1092 καὶ
1650 1040 1782 1091 άπο-

232 1136 429 1205 τροφὴν
462 1134 553 1186 τοῦ
583 1134 846 1202 σώματος,
868 1132 940 1193 ὡς
968 1131 1039 1199 μὴ
1074 1131 1281 1199 ἔχοντες
1309 1129 1479 1190 άλλως
1512 1128 1622 1187 πῶς
1650 1130 1782 1179 άπο-

234 1226 518 1294 τραφῆναι,
554 1226 784 1292 ήττόνως
812 1222 1225 1291 κολασθήσονται
1278 1220 1383 1272 Καὶ
1418 1221 1465 1271 ot
1497 1219 1667 1271 λοιποὶ
1695 1216 1782 1269 διὰ

233 1316 329 1383 τὴν
371 1314 732 1384 μιαροφαγίαν
779 1312 1131 1383 μετριώτερον
1172 1311 1668 1380 ἐπιτιμηθήσονται,
1701 1310 1780 1361 ὅτι

234 1407 327 1456 καὶ
364 1407 392 1457 ὁ
423 1406 571 1477 ᾶγιος
599 1405 656 1456 οὐ
691 1404 822 1473 βαρύ
852 1420 1010 1474 φησιν
1037 1398 1175 1455 εἶναι
1206 1402 1265 1453 τὸ
1295 1403 1482 1469 φαγεῖν
1516 1399 1783 1452 είδωλόθυ-

232 1511 297 1547 τα
336 1496 481 1564 παρὰ
513 1494 617 1545 τῶν
646 1480 717 1563 μὴ
742 1494 1011 1546 θυσάντων
1038 1496 1145 1556 τοῖς
1169 1493 1400 1555 εἰδώλοις
1431 1488 1782 1561 παρατιθέμε-

233 1602 319 1646 να,
350 1584 407 1635 οὐ
436 1585 537 1652 μὴν
568 1584 658 1637 καὶ
684 1584 854 1654 πάντη
882 1583 1295 1653 άκατέγκλητον.
1315 1583 1600 1651 Ἑρωτήσει
1618 1580 1673 1633 δέ
1699 1596 1781 1642 τις

232 1676 329 1739 ὡς,
359 1676 449 1728 τοῦ
486 1676 543 1727 ιδ’
578 1676 794 1737 κανόνος
819 1676 911 1730 τοῦ
936 1674 1198 1743 μακαρίου
1222 1672 1424 1742 Πέτρου
1450 1668 1784 1741 άρχιεπισκό-

1882 590 1992 643 hmc
2032 590 2078 642 vi
2114 592 2374 657 compulsi
2399 598 2522 644 sunt
2551 606 2580 643 a
2612 590 2876 645 barbaris.
2906 591 2995 659 qui
3029 589 3185 643 idolis
3215 602 3321 641 non
3343 602 3431 641 sa—

1879 677 2211 734 crificarunt.
2243 678 2412 741 Unde.
2442 688 2501 734 ut
2529 678 2657 732 mihi
2686 680 2914 740 videtur,
2948 680 3126 732 nullus
3150 694 3332 731 eorum
3364 678 3427 728 ali

1877 769 2022 821 omni
2085 770 2238 839 culpa
2299 770 2555 824 immun‘s
2614 771 2735 823 erit.
2768 769 2867 836 Qui
2918 786 2976 823 ea
3031 772 3169 821 enim
3219 780 3424 836 propter

1878 858 2064 911 luxum
2116 869 2170 913 et
2218 860 2438 914 delicias
2480 861 2851 923 comederunt,
2907 861 3198 924 majoribus
3256 862 3428 926 poenis

1878 947 2258 1013 subjicientur;
2287 950 2377 1017 qui
2407 963 2623 1018 prepter
2654 952 3045 1007 necessitatem.
3086 960 3135 1002 et
3183 952 3426 1017 corporis

1878 1036 2289 1100 nutrimentum,
2322 1046 2373 1091 et
2408 1047 2462 1089 ut
2492 1038 2583 1103 qui
2631 1053 2735 1089 non
2784 1038 2991 1104 possint
3018 1040 3173 1089 aliter
3209 1040 3422 1097 nutriri,

1876 1124 2054 1177 minus
2086 1125 2393 1191 punientur.
2432 1124 2639 1192 Reliqui
2673 1140 2886 1192 quoque
2916 1136 3130 1193 propter
3160 1142 3309 1179 csum
3340 1141 3429 1178 cx-

1876 1216 2191 1269 secrabilem
2223 1216 2402 1270 mitius
2432 1218 2738 1284 punientur.
2773 1231 2836 1268 eo
2864 1219 3005 1283 quod
3041 1226 3262 1269 sanctus
3294 1231 3427 1282 quo-

1875 1317 1977 1370 que
2003 1304 2131 1357 dicit
2164 1320 2269 1357 non
2303 1321 2459 1374 grave
2496 1320 2614 1359 esse
2662 1304 2951 1374 idolothyta
2982 1306 3279 1363 comedere.
3308 1320 3427 1373 quas

1876 1392 1942 1444 ab
1998 1393 2059 1447 iis
2116 1405 2459 1462 apponuntur
2508 1395 2599 1461 qui
2650 1394 2805 1448 idolis
2855 1410 2957 1447 non
3006 1394 3422 1448 sacriﬁcarunt:

1876 1497 1979 1533 non
2019 1492 2097 1535 est
2131 1493 2305 1537 tamen
2342 1484 2409 1537 ab
2446 1485 2589 1537 omni
2622 1486 2830 1551 penitus
2859 1485 3270 1551 reprehensione
3299 1484 3428 1536 alie-

1874 1588 2022 1625 num.
2071 1570 2480 1639 lnterrogaverit
2509 1585 2682 1629 autem
2714 1578 2978 1645 quispiam
3015 1593 3028 1628 :
3056 1574 3189 1628 Cum
3224 1592 3311 1628 xlv
3337 1591 3426 1629 ca—

1876 1679 1980 1716 non
2016 1665 2155 1719 beati
2180 1662 2323 1720 Petri
2357 1668 2741 1734 archiepiseOpi
2774 1668 3023 1721 Alexand‘
3046 1669 3116 1720 int
3144 1678 3195 1721 et
3227 1677 3426 1735 marty-

232 1780 335 1816 που
372 1766 765 1834 Ἀλεξανδρείας
786 1766 876 1816 καὶ
904 1764 1173 1834 μάρτυρος
1197 1760 1641 1831 διαλαμϐάνοντος
1660 1760 1783 1822 τοὺς
1817 1802 1855 1857 Β
1873 1769 1900 1807 1·

1757 1775 1783 1822 ς
1817 1754 1949 1857 Bris
1978 1758 2264 1821 contineat,
2298 1773 2391 1812 eos
2420 1759 2512 1826 qui
2558 1760 2609 1812 vi
2660 1760 2933 1829 tyrannica
2968 1760 3425 1827 compulsi‘idolo-

233 1854 372 1906 κατὰ
433 1855 547 1923 βίαν
601 1854 920 1924 τυραννικὴν
974 1852 1241 1921 φαγόντας
1302 1850 1636 1911 εἰδωλόθυτα,
1696 1848 1783 1901 καὶ
1817 1847 1901 1902 "tl

1757 1848 1783 1899 .l.
1817 1847 2021 1918 'thyta
2052 1848 2401 1902 comederunt
2447 1857 2499 1902 et
2548 1850 2727 1904 itidem
2766 1849 3157 1904 sacriﬁcarunt.
3192 1864 3295 1902 non
3328 1865 3425 1914 pu-

234 1946 651 2013 τοιουτοτρόπως
679 1943 960 2005 θύσαντας,
986 1944 1057 2013 μὴ
1084 1939 1451 2011 ἐπιτιμᾶσθαι,
1488 1939 1621 1993 άλλά
1655 1938 1783 2008 μᾶλ-
1871 1954 1902 1993 ll

1753 1965 1783 1989 ι’
1871 1938 1998 1999 nirl.
2028 1938 2119 1992 sed
2152 1938 2329 2005 potius
2358 1940 2664 2004 esseetiam
2698 1940 2749 1992 in
2780 1940 2943 1999 clero,
2977 1940 3018 1993 si
3061 1939 3169 1993 sint
3206 1937 3421 1993 clerici:

234 2033 323 2085 λον
360 2034 451 2085 καὶ
489 2034 546 2083 έν
577 2031 651 2101 τῷ
678 2033 857 2102 κλήρῳ
887 2026 1042 2090 εἶναι,
1085 2029 1371 2100 κληρικοὺς
1394 2028 1568 2090 ὅντας,
1600 2026 1715 2088 πῶς
1746 2029 1779 2096 ἠ
1872 2045 1902 2095 q

1756 2029 1779 2096 ἡ
1872 2029 2143 2095 quomodo
2190 2031 2427 2085 decernit
2471 2045 2703 2100 praesens
2758 2032 2870 2083 haec
2916 2029 3282 2097 epistula,eos
3332 2030 3424 2098 qui

234 2122 475 2191 παροῦσα
517 2123 766 2191 ἐπιστολὴ
793 2120 1076 2191 διορίζεται
1118 2120 1241 2181 τοὺς
1277 2118 1542 2185 φαγόντας
1573 2116 1781 2171 είδωλό-
1875 2115 1902 2166 it

1756 2144 1781 2157 -
1875 2115 2166 2186 idolothyta
2197 2120 2562 2182 comederunt,
2595 2136 2694 2171 non
2721 2122 2945 2187 graviter
2968 2120 3087 2171 la'di
3117 2134 3134 2169 :
3166 2127 3223 2171 ut
3255 2134 3316 2169 ex
3358 2134 3424 2170 en

234 2212 364 2265 θυτα
382 2212 468 2280 μὴ
492 2213 725 2280 βαρέως
760 2211 1105 2281 βλάπτεσθαι,
1131 2210 1203 2273 ὡς
1232 2210 1293 2260 lx
1321 2208 1505 2261 τούτου
1533 2208 1780 2277 ὲκφαίνε-
1875 2219 1901 2256 a

1757 2235 1780 2247 -
1875 2217 2156 2273 appareat,
2192 2208 2335 2275 ipsos
2378 2208 2702 2261 mediocriter
2736 2210 2891 2261 laedi?
2923 2207 3148 2261 Solutio.
3197 2205 3425 2259 Sanetus

235 2301 352 2352 σθαι
376 2301 698 2369 βλάπτεσθαι
730 2301 920 2361 αὐτοὺς
939 2300 1181 2367 μετρίως
1197 2316 1214 2362 ;
1247 2298 1430 2360 Λύσις.
1449 2298 1505 2350 ὐ
1531 2298 1783 2368 ίερομάρ-
1871 2310 1903 2347 n

1755 2324 1783 2336 -
1871 2308 2074 2366 martyr
2120 2295 2331 2363 Petrus,
2370 2299 2420 2351 in
2454 2315 2539 2351 xlv
2582 2313 2681 2353 suo
2725 2314 2950 2362 canone,
2989 2299 3149 2351 etiam
3200 2299 3251 2349 in
3309 2297 3423 2364 ipso

234 2408 326 2453 τυς
361 2391 563 2460 Πέτρος
598 2392 652 2440 ὲν
682 2390 756 2459 τῷ
786 2390 844 2441 ιδ’
872 2390 1053 2442 κανόνι
1092 2389 1253 2443 αὐτοῦ
1285 2390 1373 2441 καὶ
1413 2388 1537 2459 περὶ
1569 2388 1696 2440 αὐτὸ
1722 2386 1786 2440 τὸ
1871 2383 1902 2437 it

1757 2386 1786 2440 δ
1871 2383 2268 2439 hnmolatorum
2302 2401 2393 2441 esu
2430 2388 2654 2441 athlctas
2698 2398 2960 2457 martyies
2988 2386 3151 2441 fuisse
3188 2396 3239 2439 et
3272 2386 3425 2438 testi-

236 2484 421 2548 φαγεῖν
450 2481 514 2532 τὰ
544 2481 856 2533 είδωλόθυτα
889 2479 1228 2550 μαρτυρῆσαι
1262 2480 1385 2542 τοὺς
1411 2478 1642 2547 ἀθλητάς
1665 2478 1780 2531 δια-

234 2571 510 2641 λαμϐάνει.
541 2572 674 2641 Φησὶ
707 2575 831 2643 γὰρ,
866 2572 945 2623 ὅτι
976 2572 1066 2623 καὶ¹
1093 2572 1249 2639 χάνος
1276 2570 1529 2639 ἐνεϐλήθη
1559 2568 1633 2638 τῷ
1665 2568 1782 2619 στό-

233 2678 361 2730 ματι
400 2662 574 2715 αὐτῶν
617 2664 707 2715 καὶ
740 2663 796 2715 αί
838 2665 1013 2732 χεῖρες
1059 2660 1259 2714 τούτων
1298 2660 1658 2729 κατεκάησαν,
1690 2658 1783 2711 καὶ

233 2750 412 2813 ἁπλῶς
444 2751 547 2803 οὐδ’
571 2752 705 2815 ὅλως
736 2751 1010 2803 συνέθεντο
1042 2753 1118 2813 εἰς
1155 2750 1215 2802 τδ
1249 2748 1566 2803 είδωλόθυτα
1591 2750 1782 2816 φαγεῖν

232 2840 258 2910 η
285 2842 365 2903 είς
396 2842 456 2893 τὸ
488 2840 643 2894 θῦσαι
676 2844 783 2902 τοῖς
817 2840 1147 2901 είὸώλοις.Ἠ
1178 2840 1231 2892 δὲ
1263 2839 1505 2910 παροῦσα
1528 2837 1782 2907 κανονικη

232 2932 479 3002 ἐπιστολὴ
506 2932 849 3002 διαλαμϐάνει
879 2930 1015 2983 κατὰ
1042 2930 1137 2993 τὰς
1158 2931 1350 3000 ἀρχὰς,
1374 2930 1511 2983 κατὰ
1540 2930 1658 2997 βίαν
1687 2929 1781 2994 μὲν

230 3025 420 3089 φαγεῖν
452 3026 573 3086 τοὺς
594 3023 962 3093 αίχμαλὼτους
987 3020 1053 3073 τὰ
1088 3021 1486 3089 παρατιθέμενα
1509 3020 1686 3081 αὐτοῖς
1708 3019 1783 3070 εί-

1872 2475 2110 2527 monium
2143 2475 2433 2543 prmbttisse
2468 2478 2725 2544 perhibet.
2757 2477 2891 2531 Dicit
2918 2478 3059 2530 enim
3093 2477 3234 2545 quod
3260 2477 3419 2530 etiam

1873 2560 2255 2616 ferramentum
2297 2564 2347 2616 in
2380 2580 2440 2618 os
2474 2566 2711 2633 ipsorum
2745 2566 2994 2634 injectum
3022 2574 3123 2628 est,
3153 2574 3205 2617 et
3232 2579 3423 2616 manus

1872 2668 2056 2707 eorum
2084 2662 2217 2707 ustae
2255 2664 2401 2719 sunt,
2427 2665 2501 2721 et,
2532 2667 2589 2709 ut
2621 2657 2783 2711 semel
2812 2658 3009 2720 dicam,
3038 2656 3101 2710 ad
3136 2656 3426 2726 immolatis

1871 2746 2190 2799 vescendum
2222 2746 2367 2797 nullo
2400 2746 2559 2800 modo
2584 2757 2999 2813 consenserunt,
3032 2762 3129 2802 nec
3167 2748 3327 2801 etiam
3356 2747 3423 2800 ad

1872 2834 2030 2890 idolis
2060 2837 2494 2893 sacriﬁcandum.
2523 2838 2766 2893 Prasens
2794 2847 2971 2892 autem
3018 2837 3275 2892 canonica
3311 2839 3423 2905 epi-

1871 2926 2006 2979 stola
2042 2936 2232 2982 tractat
2266 2931 2319 2982 in
2354 2930 2638 2998 principio,
2668 2930 2909 2997 captivos
2938 2931 3151 2998 quidem
3182 2928 3421 2998 apposita

1871 3014 1971 3068 sibi
2005 3015 2296 3085 idolothyta
2325 3018 2375 3069 vi
2404 3018 2723 3083 comedisse,
2761 3018 2853 3072 sed
2884 3033 2991 3071 non
3018 3018 3177 3070 etiam
3207 3032 3271 3070 eo
3304 3018 3423 3085 ipso

230 3111 515 3173 ὅωλόθυτα,
550 3113 606 3163 οὐ
640 3114 742 3183 μὴν
773 3114 864 3165 καὶ
892 3114 1010 3165 κατ’
1043 3111 1173 3165 αὐτὸ
1202 3108 1261 3165 τὺ
1299 3111 1487 3181 φαγεῖν
1522 3124 1783 3182 τυραννη-
1809 3141 1849 3195 C
1870 3112 1898 3155 tt

1749 3131 1783 3180 ι-
1809 3141 1849 3195 C
1870 3112 2109 3173 tempore
2146 3121 2254 3172 quo
2282 3107 2649 3171 comedebant,
2682 3108 2961 3177 tyrannica
2998 3107 3248 3161 violentia
3273 3121 3417 3160 com-

233 3200 412 3269 θῆναι,
442 3204 532 3253 καὶ
563 3202 648 3254 διὰ
676 3202 828 3255 τοῦτο
859 3202 1097 3267 θέλειώς
1122 3202 1253 3266 ὅλως
1291 3202 1665 3270 ὑποκύψαντας
1706 3202 1781 3272 τῷ
1870 3210 1901 3264 Ρ

1757 3202 1781 3272 ῥ
1870 3195 2053 3264 pulsos
2086 3196 2284 3261 fuisse;
2312 3208 2362 3252 et
2408 3199 2527 3253 ideo
2558 3199 2669 3252 vult
2711 3214 2824 3264 eos,
2852 3208 2909 3253 ut
2956 3201 3047 3267 qui
3094 3201 3316 3252 omnino
3346 3211 3425 3271 ty-

230 3290 495 3359 θελήματι
542 3292 632 3343 τοῦ
680 3293 957 3362 τυράννου,
991 3294 1221 3363 μετρίως
1251 3292 1644 3364 τιμωρηθῆναι.
1677 3292 1781 3343 No-

231 3380 376 3448 μίζω
404 3382 459 3432 δὲ
489 3380 614 3447 ὲγὼ,
649 3382 749 3443 ὅτι,
778 3381 961 3451 ὥσπερ
991 3384 1089 3435 οὐκ
1116 3384 1227 3435 ἑστι
1259 3384 1430 3451 πάντη
1457 3383 1780 3451 ἀνεπιτίμη-

228 3488 318 3523 τον
368 3472 427 3523 τδ
469 3474 659 3539 φαγεῖν
691 3472 1007 3525 εἰδωλόθυτα
1050 3474 1191 3525 κατὰ
1235 3473 1352 3541 βίαν
1388 3472 1673 3541 βαρϐάρων
1707 3469 1783 3541 μὴ

228 3558 615 3622 ὲπιθυσάντων,
646 3560 814 3623 οὕτως
839 3562 953 3614 οὐδὲ
988 3563 1045 3614 τὸ
1078 3562 1374 3630 ὑποστῆναι
1419 3561 1619 3631 φθοράν
1650 3560 1771 3630 βαρο

230 3650 462 3720 ϐαρικὴν
487 3651 621 3703 κατὰ
648 3651 791 3720 βίαν·
824 3652 915 3704 καὶ
942 3652 1096 3704 τοῦτο
1124 3653 1231 3724 γὰρ
1270 3652 1499 3722 μετρίως
1531 3655 1783 3723 ιπιτιμη-

227 3738 470 3808 θήσεται.
521 3741 638 3793 Κᾶν
683 3741 790 3812 γὰρ
843 3744 936 3795 καὶ
974 3745 1003 3796 ό
1036 3743 1307 3806 πολιτικὸς
1345 3743 1502 3812 νόμος
1536 3744 1698 3814 φησιν
1725 3746 1783 3797 έν

227 3826 416 3899 βιϐλίῳ
465 3829 504 3893 ξ’
532 3830 707 3883 τίτλου
755 3830 833 3901 λη’
861 3831 1050 3900 κεφαλ.
1089 3833 1150 3905 ιβ’
1172 3832 1367 3902 θέματι
1408 3832 1580 3903 εκτῳο
1613 3833 1721 3886 Καὶ
1748 3835 1781 3905 η

228 3918 374 3989 παρά
419 3921 527 3982 τοῖς
576 3919 846 3989 πολεμίοις
888 3920 1228 3990 μοιχευθεῖσα
1266 3921 1357 3974 καὶ
1403 3921 1782 3994 ὑποστρέψασα

226 4012 607 4079 κατηγορεῖται
639 4008 787 4079 παρὰ
813 4008 906 4061 τοῦ
937 4010 1145 4080 ἀνδρὸς,
1174 4012 1233 4064 οὐ
1258 4010 1446 4081 δικαίῳ
1483 4011 1692 4083 ἀνδρὸς,
1731 4016 1779 4068 εί

1870 3302 2164 3341 rannurum
2218 3291 2482 3343 voluntati
2512 3290 2825 3352 cesserint,
2892 3291 3165 3344 moderate
3224 3292 3421 3359 pttniz'i.

1871 3375 2135 3431 Existimo
2182 3388 2359 3434 autem
2412 3396 2531 3451 ego,
2561 3382 2703 3451 quod
2750 3381 3205 3450 quemadmodum
3260 3384 3425 3437 idolo-

1873 3471 2018 3539 thyta
2049 3472 2345 3534 comedere,
2376 3487 2406 3525 a
2439 3472 2685 3527 barbaris
2734 3472 2824 3541 qui
2871 3486 2978 3525 non
3032 3474 3425 3531 sacritlcarunt.

1869 3561 2229 3629 compulsum,
2266 3579 2370 3617 non
2411 3573 2492 3618 est
2542 3565 2610 3618 ab
2658 3564 2804 3618 omni
2839 3564 3249 3633 reprehensione
3299 3564 3426 3616 Iibe-

1870 3666 2024 3717 rum;
2059 3652 2130 3705 ita
2163 3668 2259 3707 nec
2280 3655 2620 3709 barbaricum
2650 3662 2894 3723 stuprum
2925 3654 2973 3706 vi
3003 3668 3312 3722 perpessum
3346 3668 3427 3705 cs-

1871 3756 1929 3795 se
1962 3759 1975 3796 :
2008 3758 2129 3796 nam
2177 3743 2278 3798 hoc
2330 3760 2544 3814 quoque
2592 3746 2801 3800 modice
2842 3745 3109 3815 punietur.
3146 3742 3254 3796 Etsi
3282 3744 3424 3796 enim

1870 3830 1954 3885 lex
1980 3831 2153 3889 civilis
2186 3836 2314 3889 dicit
2342 3836 2393 3888 in
2422 3836 2513 3889 lib.
2546 3852 2633 3899 ιχ,
2664 3838 2745 3890 tit.
2775 3834 2931 3901 38,c.
2965 3836 3051 3899 12,
3086 3837 3319 3893 themate
3348 3835 3379 3886 6
3410 3854 3423 3881 :

1870 3918 2042 3974 Etiam
2078 3937 2140 3977 ea
2168 3939 2288 3993 qua:
2320 3926 2389 3979 ab
2419 3926 2666 3980 hostibus
2688 3934 2770 3980 est
2802 3925 3124 3991 adulterata,
3156 3941 3219 3980 ac
3249 3941 3425 3979 rever—

1870 4023 1951 4074 sa,
1980 4026 2008 4064 a
2034 4014 2148 4065 viro
2174 4014 2301 4083 (non
2327 4015 2426 4069 rite
2450 4014 2589 4084 viro)
2615 4024 2919 4081 accusatur,
2942 4016 3041 4069 nisi
3071 4017 3173 4070 hoc
3197 4017 3244 4069 vi
3269 4031 3423 4085 passa

225 4098 301 4168 μὴ
334 4098 425 4169 βίᾳ
462 4098 617 4152 τοῦτο
663 4099 914 4162 πέπονθε,
941 4101 1033 4153 καὶ
1075 4101 1492 4171 τοιουτοτρόπως
1518 4103 1781 4171 συγγινώ-
1868 4114 1893 4154 c

1756 4133 1781 4146 ο
1868 4108 1973 4163 est,
2023 4110 2076 4155 et
2108 4103 2209 4158 hoc
2237 4105 2398 4159 modo
2439 4106 2486 4159 ei
2526 4108 2610 4159 cui
2643 4106 2725 4161 vis
2769 4106 2928 4159 allata
2976 4116 3076 4172 est,
3108 4108 3424 4176 ignoscitur,

226 4206 343 4241 σκει
375 4190 474 4254 τὴν
503 4188 829 4257 βιασθεῖσαν,
862 4192 953 4243 καὶ
990 4192 1079 4243 τὸν
1117 4192 1291 4261 γάμον
1322 4192 1382 4245 οὐ
1408 4192 1636 4263 διασπᾷ⁸
1666 4192 1779 4245 ἀλλ’
1870 4204 1894 4242 ll

1758 4196 1779 4245 .'
1870 4204 1969 4243 nec
1998 4189 2047 4242 id
2074 4199 2129 4243 et
2160 4192 2561 4247 matrimonium
2587 4194 2789 4248 dirimit
2821 4213 2832 4248 :
2860 4196 2951 4248 sed
2985 4195 3067 4248 lex
3097 4195 3426 4249 ecclesiasti-

221 4278 249 4330 ό
277 4278 723 4347 ἑκκλησιαστικὸς
754 4282 910 4349 νόμος
955 4282 1051 4350 τὴν
1098 4280 1230 4343 ὅλως
1259 4282 1362 4334 ὑπὸ
1388 4281 1659 4355 βαρϐάρου
1693 4301 1781 4353 μο-
1868 4292 1889 4331 c

1759 4312 1781 4326 .
1868 4292 1953 4343 ca,
1979 4292 2096 4331 eam
2128 4294 2246 4348 quae
2276 4283 2497 4335 omnino
2521 4298 2550 4335 a
2579 4282 2809 4336 barbaro
2840 4282 3041 4351 polluta
3071 4292 3174 4347 est,
3203 4283 3305 4337 nisi
3336 4297 3427 4350 per

224 4370 499 4423 λυνθεῖσαν
532 4370 605 4440 μὴ
629 4371 978 4443 καθαριεῦσαι
1004 4371 1067 4424 δι’
1098 4372 1366 4441 ἐπιτιμίου
1389 4375 1488 4426 οὐκ
1514 4375 1774 4440 ἀνέξεται.

1867 4382 2082 4436 ρωιιαιη
2130 4387 2263 4439 pura
2312 4373 2401 4437 sit,
2430 4388 2537 4427 non
2574 4374 2729 4428 sinet.
2763 4371 2900 4442 Lege
2931 4382 2983 4427 et
3015 4387 3106 4425 cm
3160 4371 3422 4425 novellam

227 4459 521 4525 Ἀνάγνωθι
551 4462 643 4513 καὶ
676 4461 772 4529 τὴν
802 4468 883 4531 ργ⁴
914 4459 1110 4532 νεαρὰν
1147 4462 1231 4516 τοῦ
1266 4446 1543 4532 ’βασιλέως
1585 4468 1777 4537 κυρίου
1804 4460 1848 4514 D
1869 4459 1895 4511 it

1751 4485 1777 4519 υ
1804 4459 2207 4526 Dimperatoris
2238 4462 2439 4515 domini
2473 4462 2665 4517 Leonis
2700 4461 2988 4531 Sapientis,
3036 4478 3157 4531 quae
3211 4462 3322 4515 lucc
3369 4464 3419 4513 in

216 4549 440 4611 Λέοντος
485 4550 576 4602 τοῦ
610 4550 806 4617 Σοφοῦ,
850 4551 1109 4619 λέγουσαν
1148 4555 1273 4623 περὶ
1299 4554 1358 4607 τὸ
1390 4554 1538 4617 τέλος
1574 4557 1773 4609 ταῦτα·

213 4637 476 4706 Οὐδαμῶς
504 4635 596 4692 οὖν
629 4638 951 4711 θεσπίξομεν
984 4641 1063 4693 ἔτι
1094 4643 1227 4712 πρὸς
1250 4644 1536 4710 συνάφειαν
1566 4646 1772 4716 ἐτέρου,

211 4728 302 4778 τὸν
355 4728 650 4797 ἀπείρατον
701 4731 1039 4799 μεμενηκότα
1071 4732 1173 4798 τῆς
1207 4732 1573 4800 αἰχμαλωσίας
1623 4734 1777 4805 ἔρχε-

217 4817 359 4880 σθαι,
390 4819 485 4870 καὶ
516 4819 581 4870 τά
629 4819 771 4888 έξῆς.
792 4821 1026 4889 ’Δναιρεῖ
1059 4820 1114 4871 δὲ
1163 4822 1195 4890 ή
1233 4822 1449 4892 τοιαύτη
1483 4825 1649 4894 νεαρὰ
1676 4827 1775 4895 τὴν

225 4907 645 4958 Ἰουστινιάνειον
672 4907 771 4977 ριξ¹
794 4908 991 4978 νεαρὰν
1015 4908 1110 4978 τὴν
1140 4909 1397 4979 κειμένην
1423 4912 1479 4962 έν
1503 4911 1664 4982 βίϐλῳ
1690 4921 1772 4983 κη’

213 4995 387 5047 τίτλου
418 4994 461 5057 ζ’
486 4998 578 5048 καί
607 4996 902 5065 λέγουσαν,
942 5000 1129 5054 Ἔστιν
1144 5004 1230 5056 ὅτε
1246 5004 1463 5058 λύεσθαι
1489 5001 1576 5053 τὸν
1602 5002 1775 5056 τοιοῦ-

212 5100 299 5136 τον
331 5085 508 5154 γάμον
533 5102 545 5115 ·
591 5087 728 5156 πλην
763 5088 796 5156 ἠ
829 5095 1046 5159 τοιαύτη
1078 5088 1243 5158 νεαρὰ
1270 5088 1450 5159 χώραν
1483 5091 1612 5160 ἔχει,
1650 5095 1773 5145 ὅταν

220 5177 245 5244 ἢ
274 5176 771 5245 αίχμαλωτισθεῖσα
796 5180 894 5231 οὐκ
918 5180 1143 5250 ἐμιάνθη
1170 5182 1318 5250 παρὰ
1336 5181 1439 5233 τῶν
1466 5182 1768 5255 βαρϐάρων.

211 5263 465 5316 Τοιούτου
491 5263 547 5316 δέ
578 5282 719 5327 τινος
765 5268 1063 5332 γεγονότος,
1092 5268 1273 5339 χώραν
1296 5270 1480 5340 ιχουσι
1512 5272 1579 5324 τὰ
1614 5275 1669 5325 έν
1699 5272 1773 5343 τῷ

216 5351 431 5421 ῥηθέν-τι
460 5352 737 5423 κεφαλαίῳ
765 5353 861 5405 τοῦ
888 5353 931 5419 ξ’
957 5354 1178 5423 βιϐλίου.

279 5442 523 5495 ΖΩΝΔΡ.
587 5444 881 5516 Βαρϐάρων
921 5447 1251 5502 ἐπελθόντων
1295 5449 1498 5521 χώραις
1537 5452 1772 5523 Ῥωμαῖ-

216 5535 350 5595 καῖς,
373 5532 469 5585 καὶ
496 5532 839 5602 ληῖσαμένων
868 5536 1056 5599 αὑτὰς,
1078 5539 1125 5589 οί
1156 5541 1280 5609 παρ’
1304 5541 1478 5592 αὐτῶν
1508 5543 1773 5613 αίχμαλω-

216 5622 479 5685 τισθέντες
506 5624 796 5689 ἐγεύσαντο
834 5626 1211 5690 είδωλοθύτων,
1243 5628 1274 5697 ἦ
1304 5629 1395 5682 καὶ
1423 5630 1594 5683 ἄλλων
1624 5634 1770 5703 ἀπη-

214 5717 553 5786 γορευμένων
594 5716 1210 5792 βρωμάτων.Ἦρωτήθη
1260 5718 1351 5774 οὖν
1400 5726 1523 5794 περὶ
1566 5726 1768 5782 τούτων

519 5818 786 5883 Ρληυι..
821 5822 937 5887 (ΞΗ.
982 5821 1386 5886 CXXXVIII.

1869 4548 1973 4604 ﬁne
2025 4552 2371 4619 prosequitur
2414 4571 2427 4605 :
2464 4552 2620 4606 Nullo
2675 4568 2805 4620 ergo
2854 4554 3015 4606 modo
3058 4551 3418 4611 deccrninnis.

1866 4644 1988 4691 eum
2019 4640 2108 4707 qui
2140 4642 2497 4709 captivitatem
2534 4658 2637 4695 non
2664 4652 2917 4709 expertus
2946 4642 3160 4707 mansit,
3191 4644 3253 4694 a;l
3284 4642 3422 4695 alte-

1867 4729 1982 4782 rius
2030 4731 2465 4797 conjunctionem
2496 4734 2699 4796 venire,
2724 4741 2777 4786 et
2824 4742 3033 4785 caetera.
3071 4731 3192 4786 Haec
3241 4743 3420 4785 autem

1865 4820 2071 4872 novella
2100 4822 2237 4874 tollit
2264 4820 2552 4875 Iustiniani
2582 4836 2724 4876 cxvn
2754 4822 3042 4888 noveHam,
3069 4838 3187 4890 qua:
3218 4824 3319 4876 sita
3344 4834 3426 4875 est

1865 4908 1919 4962 in
1964 4910 2100 4964 libro
2131 4928 2320 4976 xxvut,
2373 4913 2453 4966 tit.
2486 4912 2535 4976 7,
2574 4922 2626 4965 et
2670 4912 2820 4976 dicit,
2866 4928 3257 4981 nonnunquam
3288 4913 3424 4966 solvi

1865 5002 2265 5054 mat.imonium
2314 5021 2326 5055 :
2372 5017 2555 5055 verum
2606 5003 2719 5055 haec
2764 5003 2973 5055 novella
3021 5003 3198 5054 locum
3245 5000 3424 5065 habet,

1864 5094 2079 5161 quando
2111 5095 2315 5159 captiva
2347 5109 2375 5145 a
2406 5092 2651 5147 barLaris
2680 5107 2786 5145 non
2819 5101 2901 5147 cst
2935 5092 3157 5161 polluta.
3199 5092 3257 5147 Si
3295 5093 3425 5159 quid

1864 5191 2042 5235 autem
2076 5182 2338 5249 ejusmodi
2367 5183 2564 5236 factum
2590 5183 2679 5247 sit,
2700 5184 2878 5238 locum
2903 5184 3123 5249 habent,
3150 5201 3271 5255 quae
3300 5196 3429 5239 sunt

1868 5272 1920 5323 in
1951 5274 2095 5325 dicto
2122 5275 2293 5341 capite
2322 5289 2388 5327 ιι
2418 5274 2562 5327 libri.

1932 5451 2132 5511 Zona.
2172 5454 2306 5510 Cum
2338 5458 2389 5510 in
2426 5457 2697 5513 Romanas
2725 5460 2968 5527 regiones
2997 5458 3210 5514 barbari
3238 5457 3428 5513 irruis-

1867 5558 2006 5613 sent,
2049 5563 2249 5616 easque
2280 5549 2507 5604 fuissent
2536 5551 2870 5619 depopulati,
2906 5553 2997 5620 qui
3047 5555 3114 5607 ab
3161 5553 3294 5621 ipsis
3338 5565 3430 5604 ca-

1868 5641 1994 5708 ptivi
2041 5651 2165 5693 sunt
2215 5640 2365 5704 facti,
2395 5642 2707 5713 idolothyta,
2741 5644 2822 5697 vel
2850 5645 2986 5699 alios
3032 5657 3248 5713 quoque
3280 5642 3427 5699 cibus

1868 5728 2061 5785 vetitos
2090 5733 2459 5796 degustarunt.
2498 5732 2569 5787 De
2612 5735 2677 5789 iis
2722 5736 2904 5805 ita-lue
2950 5745 3167 5805 rogatus
3206 5733 3305 5787 fuit
3351 5734 3430 5787 vir

3064 5836 3135 5896 Π
