  <div class='ocr_page' id='page_1' title='image "/cluster/home/n/w/nwhite01/storage/ocr_20150623/138/nnc1.0046980083/269.png"; bbox 0 0 4224 6440; ppageno 0'>
   <div class='ocr_carea' id='block_1_1' title="bbox 802 384 909 445">
    <p class='ocr_par' dir='ltr' id='par_1_1' title="bbox 802 384 909 445">
     <span class='ocr_line' id='line_1_1' title="bbox 802 384 909 445; baseline 0.037 -3"><span class='ocrx_word' id='word_1_1' title='bbox 802 384 909 445; x_wconf 73' lang='lat'><strong>593</strong></span> 
     </span>
    </p>
   </div>
   <div class='ocr_carea' id='block_1_2' title="bbox 2038 366 2749 429">
    <p class='ocr_par' dir='ltr' id='par_1_2' title="bbox 2038 366 2749 429">
     <span class='ocr_line' id='line_1_2' title="bbox 2038 366 2749 429; baseline 0 -3"><span class='ocrx_word' id='word_1_2' title='bbox 2038 366 2308 429; x_wconf 72' lang='lat' dir='ltr'><strong>&#39;l&#39;llEOD.</strong></span> <span class='ocrx_word' id='word_1_3' title='bbox 2350 366 2749 427; x_wconf 74' lang='lat' dir='ltr'><strong>B.\I.SAMON</strong></span> 
     </span>
    </p>
   </div>
   <div class='ocr_carea' id='block_1_3' title="bbox 3897 370 4010 433">
    <p class='ocr_par' dir='ltr' id='par_1_3' title="bbox 3897 370 4010 433">
     <span class='ocr_line' id='line_1_3' title="bbox 3897 370 4010 433; baseline -0.009 -1"><span class='ocrx_word' id='word_1_4' title='bbox 3897 370 4010 433; x_wconf 61' lang='lat'><strong>5&#39;21</strong></span> 
     </span>
    </p>
   </div>
   <div class='ocr_carea' id='block_1_4' title="bbox 798 492 2466 571">
    <p class='ocr_par' dir='ltr' id='par_1_4' title="bbox 798 497 2466 571">
     <span class='ocr_line' id='line_1_4' title="bbox 798 497 2466 571; baseline -0.007 -10"><span class='ocrx_word' id='word_1_5' title='bbox 798 519 1038 569; x_wconf 77' lang='lat' dir='ltr'><strong>saueius,</strong></span> <span class='ocrx_word' id='word_1_6' title='bbox 1072 506 1251 571; x_wconf 86' lang='lat' dir='ltr'><strong>aitque</strong></span> <span class='ocrx_word' id='word_1_7' title='bbox 1275 503 1316 555; x_wconf 92' lang='lat' dir='ltr'><strong>si</strong></span> <span class='ocrx_word' id='word_1_8' title='bbox 1353 518 1469 569; x_wconf 77' lang='lat' dir='ltr'><strong>qum</strong></span> <span class='ocrx_word' id='word_1_9' title='bbox 1498 518 1526 554; x_wconf 86' lang='lat' dir='ltr'><strong>a</strong></span> <span class='ocrx_word' id='word_1_10' title='bbox 1562 502 1793 555; x_wconf 79' lang='lat' dir='ltr'><strong>dominis</strong></span> <span class='ocrx_word' id='word_1_11' title='bbox 1823 501 1951 568; x_wconf 75' lang='lat' dir='ltr'><strong>ipsis</strong></span> <span class='ocrx_word' id='word_1_12' title='bbox 1973 498 2213 567; x_wconf 65' lang='lat' dir='ltr'><strong>appmita</strong></span> <span class='ocrx_word' id='word_1_13' title='bbox 2240 497 2346 549; x_wconf 78' lang='lat' dir='ltr'><strong>fue-</strong></span> <span class='ocrx_word' id='word_1_14' title='bbox 2373 498 2409 547; x_wconf 86' lang='grc' dir='ltr'><strong>Λ</strong></span> <span class='ocrx_word' id='word_1_15' title='bbox 2445 499 2466 550; x_wconf 74' lang='grc' dir='ltr'><strong>ὁ</strong></span> 
     </span>
    </p>
   </div>
   <div class='ocr_carea' id='block_1_5' title="bbox 2334 492 4002 571">
    <p class='ocr_par' dir='ltr' id='par_1_5' title="bbox 2334 492 4002 563">
     <span class='ocr_line' id='line_1_5' title="bbox 2334 492 4002 563; baseline -0.001 -16"><span class='ocrx_word' id='word_1_16' title='bbox 2334 526 2346 533; x_wconf 92' lang='grc'><strong><em>-</em></strong></span> <span class='ocrx_word' id='word_1_17' title='bbox 2373 498 2409 547; x_wconf 85' lang='grc' dir='ltr'><strong>Λ</strong></span> <span class='ocrx_word' id='word_1_18' title='bbox 2445 499 2471 550; x_wconf 81' lang='grc' dir='ltr'><strong>ὁ</strong></span> <span class='ocrx_word' id='word_1_19' title='bbox 2499 498 2668 563; x_wconf 75' lang='grc' dir='ltr'><strong>ἅγιος,</strong></span> <span class='ocrx_word' id='word_1_20' title='bbox 2697 494 2787 548; x_wconf 82' lang='grc' dir='ltr'><strong>καί</strong></span> <span class='ocrx_word' id='word_1_21' title='bbox 2822 512 2997 563; x_wconf 78' lang='grc' dir='ltr'><strong>φησιν,</strong></span> <span class='ocrx_word' id='word_1_22' title='bbox 3036 496 3113 546; x_wconf 65' lang='grc' dir='ltr'><strong>ὅτι</strong></span> <span class='ocrx_word' id='word_1_23' title='bbox 3148 498 3193 545; x_wconf 87' lang='grc' dir='ltr'><strong>εί</strong></span> <span class='ocrx_word' id='word_1_24' title='bbox 3223 495 3419 563; x_wconf 75' lang='grc' dir='ltr'><strong>ξφαγον</strong></span> <span class='ocrx_word' id='word_1_25' title='bbox 3469 496 3517 545; x_wconf 81' lang='lat' dir='ltr'><strong>oi</strong></span> <span class='ocrx_word' id='word_1_26' title='bbox 3558 492 3887 562; x_wconf 68' lang='grc' dir='ltr'><strong>αἰχμάλωτοι</strong></span> <span class='ocrx_word' id='word_1_27' title='bbox 3931 495 4002 545; x_wconf 74' lang='grc' dir='ltr'><strong>τὰ</strong></span> 
     </span>
    </p>
   </div>
   <div class='ocr_carea' id='block_1_6' title="bbox 801 588 2349 661">
    <p class='ocr_par' dir='ltr' id='par_1_6' title="bbox 801 588 2349 661">
     <span class='ocr_line' id='line_1_6' title="bbox 801 588 2349 661; baseline -0.006 -13"><span class='ocrx_word' id='word_1_28' title='bbox 801 606 920 649; x_wconf 84' lang='lat' dir='ltr'><strong>rant</strong></span> <span class='ocrx_word' id='word_1_29' title='bbox 967 595 1157 661; x_wconf 78' lang='lat' dir='ltr'><strong>captivi</strong></span> <span class='ocrx_word' id='word_1_30' title='bbox 1204 595 1570 653; x_wconf 60' lang='lat' dir='ltr'><strong>comi-derunt.</strong></span> <span class='ocrx_word' id='word_1_31' title='bbox 1618 594 1667 645; x_wconf 92' lang='lat' dir='ltr'><strong>id</strong></span> <span class='ocrx_word' id='word_1_32' title='bbox 1708 608 1809 646; x_wconf 88' lang='lat' dir='ltr'><strong>non</strong></span> <span class='ocrx_word' id='word_1_33' title='bbox 1854 604 2095 658; x_wconf 78' lang='lat' dir='ltr'><strong>gravare,</strong></span> <span class='ocrx_word' id='word_1_34' title='bbox 2135 588 2235 641; x_wconf 85' lang='lat' dir='ltr'><strong>hoc</strong></span> <span class='ocrx_word' id='word_1_35' title='bbox 2267 596 2349 639; x_wconf 92' lang='lat' dir='ltr'><strong>cst</strong></span> 
     </span>
    </p>
   </div>
   <div class='ocr_carea' id='block_1_7' title="bbox 798 679 2346 753">
    <p class='ocr_par' dir='ltr' id='par_1_7' title="bbox 798 679 2346 753">
     <span class='ocr_line' id='line_1_7' title="bbox 798 679 2346 753; baseline -0.004 -17"><span class='ocrx_word' id='word_1_36' title='bbox 798 701 958 753; x_wconf 73' lang='lat' dir='ltr'><strong>grave</strong></span> <span class='ocrx_word' id='word_1_37' title='bbox 986 686 1237 737; x_wconf 79' lang='lat' dir='ltr'><strong>damnum</strong></span> <span class='ocrx_word' id='word_1_38' title='bbox 1267 684 1484 735; x_wconf 89' lang='lat' dir='ltr'><strong>minime</strong></span> <span class='ocrx_word' id='word_1_39' title='bbox 1510 684 1733 748; x_wconf 70' lang='lat' dir='ltr'><strong>aﬂurre;</strong></span> <span class='ocrx_word' id='word_1_40' title='bbox 1766 681 2058 750; x_wconf 70' lang='lat' dir='ltr'><strong>prresertim</strong></span> <span class='ocrx_word' id='word_1_41' title='bbox 2077 679 2215 747; x_wconf 90' lang='lat' dir='ltr'><strong>quod</strong></span> <span class='ocrx_word' id='word_1_42' title='bbox 2241 693 2346 730; x_wconf 91' lang='lat' dir='ltr'><strong>una</strong></span> 
     </span>
    </p>
   </div>
   <div class='ocr_carea' id='block_1_8' title="bbox 800 771 2345 841">
    <p class='ocr_par' dir='ltr' id='par_1_8' title="bbox 800 771 2345 841">
     <span class='ocr_line' id='line_1_8' title="bbox 800 771 2345 841; baseline -0.003 -14"><span class='ocrx_word' id='word_1_43' title='bbox 800 776 936 841; x_wconf 72' lang='lat' dir='ltr'><strong>apud</strong></span> <span class='ocrx_word' id='word_1_44' title='bbox 970 790 1153 826; x_wconf 81' lang='lat' dir='ltr'><strong>omnes</strong></span> <span class='ocrx_word' id='word_1_45' title='bbox 1184 784 1263 826; x_wconf 77' lang='lat' dir='ltr'><strong>est</strong></span> <span class='ocrx_word' id='word_1_46' title='bbox 1298 774 1457 826; x_wconf 76' lang='lat' dir='ltr'><strong>fama.</strong></span> <span class='ocrx_word' id='word_1_47' title='bbox 1508 776 1618 826; x_wconf 85' lang='lat' dir='ltr'><strong>sive</strong></span> <span class='ocrx_word' id='word_1_48' title='bbox 1665 774 1806 840; x_wconf 87' lang='lat' dir='ltr'><strong>quod</strong></span> <span class='ocrx_word' id='word_1_49' title='bbox 1840 786 2027 825; x_wconf 91' lang='lat' dir='ltr'><strong>omnes</strong></span> <span class='ocrx_word' id='word_1_50' title='bbox 2062 772 2199 824; x_wconf 85' lang='lat' dir='ltr'><strong>idem</strong></span> <span class='ocrx_word' id='word_1_51' title='bbox 2244 771 2345 823; x_wconf 87' lang='lat' dir='ltr'><strong>hoc</strong></span> 
     </span>
    </p>
   </div>
   <div class='ocr_carea' id='block_1_9' title="bbox 798 860 2347 929">
    <p class='ocr_par' dir='ltr' id='par_1_9' title="bbox 798 860 2347 929">
     <span class='ocr_line' id='line_1_9' title="bbox 798 860 2347 929; baseline -0.001 -15"><span class='ocrx_word' id='word_1_52' title='bbox 798 862 1082 923; x_wconf 66' lang='lat' dir='ltr'><strong>:eﬂirmant,</strong></span> <span class='ocrx_word' id='word_1_53' title='bbox 1118 863 1376 914; x_wconf 73' lang='lat' dir='ltr'><strong>barbarus</strong></span> <span class='ocrx_word' id='word_1_54' title='bbox 1405 863 1493 929; x_wconf 95' lang='lat' dir='ltr'><strong>qui</strong></span> <span class='ocrx_word' id='word_1_55' title='bbox 1527 873 1736 915; x_wconf 51' lang='lat' dir='ltr'><strong>nistras</strong></span> <span class='ocrx_word' id='word_1_56' title='bbox 1762 862 2003 929; x_wconf 68' lang='lat' dir='ltr'><strong>regiones</strong></span> <span class='ocrx_word' id='word_1_57' title='bbox 2034 860 2347 913; x_wconf 83' lang='lat' dir='ltr'><strong>incursioni-</strong></span> 
     </span>
    </p>
   </div>
   <div class='ocr_carea' id='block_1_10' title="bbox 805 946 2367 1019">
    <p class='ocr_par' dir='ltr' id='par_1_10' title="bbox 805 946 2367 1019">
     <span class='ocr_line' id='line_1_10' title="bbox 805 946 2367 1019; baseline 0.006 -22"><span class='ocrx_word' id='word_1_58' title='bbox 805 950 907 997; x_wconf 82' lang='lat' dir='ltr'><strong>bus</strong></span> <span class='ocrx_word' id='word_1_59' title='bbox 924 954 1225 1006; x_wconf 85' lang='lat' dir='ltr'><strong>vastarunt,</strong></span> <span class='ocrx_word' id='word_1_60' title='bbox 1249 959 1588 1012; x_wconf 75' lang='lat' dir='ltr'><strong>nequaquam</strong></span> <span class='ocrx_word' id='word_1_61' title='bbox 1610 946 1768 999; x_wconf 89' lang='lat' dir='ltr'><strong>idolis</strong></span> <span class='ocrx_word' id='word_1_62' title='bbox 1783 948 2133 1009; x_wconf 65' lang='lat' dir='ltr'><strong>sacriﬁcasse.</strong></span> <span class='ocrx_word' id='word_1_63' title='bbox 2166 961 2224 1004; x_wconf 93' lang='lat' dir='ltr'><strong>ut</strong></span> <span class='ocrx_word' id='word_1_64' title='bbox 2243 968 2367 1019; x_wconf 88' lang='lat' dir='ltr'><strong>pro-</strong></span> 
     </span>
    </p>
   </div>
   <div class='ocr_carea' id='block_1_11' title="bbox 805 1036 2357 1110">
    <p class='ocr_par' dir='ltr' id='par_1_11' title="bbox 805 1036 2357 1110">
     <span class='ocr_line' id='line_1_11' title="bbox 805 1036 2357 1110; baseline 0.006 -24"><span class='ocrx_word' id='word_1_65' title='bbox 805 1036 930 1088; x_wconf 80' lang='lat' dir='ltr'><strong>inde</strong></span> <span class='ocrx_word' id='word_1_66' title='bbox 956 1050 1128 1101; x_wconf 90' lang='lat' dir='ltr'><strong>neque</strong></span> <span class='ocrx_word' id='word_1_67' title='bbox 1148 1037 1342 1103; x_wconf 88' lang='lat' dir='ltr'><strong>captivi</strong></span> <span class='ocrx_word' id='word_1_68' title='bbox 1384 1036 1680 1107; x_wconf 82' lang='lat' dir='ltr'><strong>idolotltyta</strong></span> <span class='ocrx_word' id='word_1_69' title='bbox 1714 1038 2074 1093; x_wconf 51' lang='lat' dir='ltr'><strong>conteilrrinl.</strong></span> <span class='ocrx_word' id='word_1_70' title='bbox 2098 1043 2205 1110; x_wconf 77' lang='lat'><strong>26</strong></span> <span class='ocrx_word' id='word_1_71' title='bbox 2238 1043 2357 1095; x_wconf 86' lang='lat' dir='ltr'><strong>Pro-</strong></span> 
     </span>
    </p>
   </div>
   <div class='ocr_carea' id='block_1_12' title="bbox 808 1127 2354 1196">
    <p class='ocr_par' dir='ltr' id='par_1_12' title="bbox 808 1127 2354 1196">
     <span class='ocr_line' id='line_1_12' title="bbox 808 1127 2354 1196; baseline 0.005 -20"><span class='ocrx_word' id='word_1_72' title='bbox 808 1128 912 1176; x_wconf 76' lang='lat' dir='ltr'><strong>lcrt</strong></span> <span class='ocrx_word' id='word_1_73' title='bbox 946 1139 1071 1176; x_wconf 84' lang='lat' dir='ltr'><strong>vero</strong></span> <span class='ocrx_word' id='word_1_74' title='bbox 1100 1139 1221 1176; x_wconf 88' lang='lat' dir='ltr'><strong>cum</strong></span> <span class='ocrx_word' id='word_1_75' title='bbox 1254 1140 1317 1177; x_wconf 75' lang='lat' dir='ltr'><strong>ex</strong></span> <span class='ocrx_word' id='word_1_76' title='bbox 1347 1127 1626 1193; x_wconf 82' lang='lat' dir='ltr'><strong>Apostolo,</strong></span> <span class='ocrx_word' id='word_1_77' title='bbox 1678 1135 1787 1178; x_wconf 88' lang='lat' dir='ltr'><strong>tum</strong></span> <span class='ocrx_word' id='word_1_78' title='bbox 1827 1140 1894 1178; x_wconf 79' lang='lat' dir='ltr'><strong>ex</strong></span> <span class='ocrx_word' id='word_1_79' title='bbox 1938 1127 2223 1196; x_wconf 70' lang='lat' dir='ltr'><strong>Evangelio</strong></span> <span class='ocrx_word' id='word_1_80' title='bbox 2259 1134 2354 1184; x_wconf 86' lang='lat' dir='ltr'><strong>de-</strong></span> 
     </span>
    </p>
   </div>
   <div class='ocr_carea' id='block_1_13' title="bbox 805 1216 2360 1283">
    <p class='ocr_par' dir='ltr' id='par_1_13' title="bbox 805 1216 2360 1283">
     <span class='ocr_line' id='line_1_13' title="bbox 805 1216 2360 1283; baseline 0.008 -22"><span class='ocrx_word' id='word_1_81' title='bbox 805 1222 1055 1280; x_wconf 77' lang='lat' dir='ltr'><strong>prompta</strong></span> <span class='ocrx_word' id='word_1_82' title='bbox 1088 1216 1329 1268; x_wconf 87' lang='lat' dir='ltr'><strong>oracula.</strong></span> <span class='ocrx_word' id='word_1_83' title='bbox 1359 1217 1429 1269; x_wconf 72' lang='lat' dir='ltr'><strong>Ex</strong></span> <span class='ocrx_word' id='word_1_84' title='bbox 1462 1218 1721 1283; x_wconf 82' lang='lat' dir='ltr'><strong>Apostolo</strong></span> <span class='ocrx_word' id='word_1_85' title='bbox 1758 1217 1979 1283; x_wconf 87' lang='lat' dir='ltr'><strong>quidem</strong></span> <span class='ocrx_word' id='word_1_86' title='bbox 2008 1220 2163 1281; x_wconf 88' lang='lat' dir='ltr'><strong>illud,</strong></span> <span class='ocrx_word' id='word_1_87' title='bbox 2225 1222 2360 1273; x_wconf 74' lang='lat' dir='ltr'><strong>Esca</strong></span> 
     </span>
    </p>
   </div>
   <div class='ocr_carea' id='block_1_14' title="bbox 799 1302 2347 1370">
    <p class='ocr_par' dir='ltr' id='par_1_14' title="bbox 799 1302 2347 1370">
     <span class='ocr_line' id='line_1_14' title="bbox 799 1302 2347 1370; baseline 0.006 -22"><span class='ocrx_word' id='word_1_88' title='bbox 799 1302 979 1357; x_wconf 70' lang='lat' dir='ltr'><strong>rmtri,</strong></span> <span class='ocrx_word' id='word_1_89' title='bbox 1008 1310 1054 1351; x_wconf 78' lang='lat' dir='ltr'><strong>et</strong></span> <span class='ocrx_word' id='word_1_90' title='bbox 1103 1312 1271 1352; x_wconf 78' lang='lat' dir='ltr'><strong>rentrr</strong></span> <span class='ocrx_word' id='word_1_91' title='bbox 1317 1305 1468 1365; x_wconf 57' lang='lat' dir='ltr'><strong>escis,-</strong></span> <span class='ocrx_word' id='word_1_92' title='bbox 1498 1314 1549 1355; x_wconf 76' lang='lat' dir='ltr'><strong>et</strong></span> <span class='ocrx_word' id='word_1_93' title='bbox 1578 1318 1695 1370; x_wconf 60' lang='lat' dir='ltr'><strong>quae</strong></span> <span class='ocrx_word' id='word_1_94' title='bbox 1739 1312 2052 1369; x_wconf 86' lang='lat' dir='ltr'><strong>sequuntur.</strong></span> <span class='ocrx_word' id='word_1_95' title='bbox 2087 1302 2187 1367; x_wconf 86' lang='lat' dir='ltr'><strong>Qui</strong></span> <span class='ocrx_word' id='word_1_96' title='bbox 2217 1318 2347 1357; x_wconf 85' lang='lat' dir='ltr'><strong>sane</strong></span> 
     </span>
    </p>
   </div>
   <div class='ocr_carea' id='block_1_15' title="bbox 802 1390 2347 1459">
    <p class='ocr_par' dir='ltr' id='par_1_15' title="bbox 802 1390 2347 1459">
     <span class='ocr_line' id='line_1_15' title="bbox 802 1390 2347 1459; baseline 0.005 -21"><span class='ocrx_word' id='word_1_97' title='bbox 802 1390 814 1438; x_wconf 99' lang='lat' dir='ltr'><strong>l</strong></span> <span class='ocrx_word' id='word_1_98' title='bbox 842 1406 951 1441; x_wconf 78' lang='lat' dir='ltr'><strong>iczis</strong></span> <span class='ocrx_word' id='word_1_99' title='bbox 989 1392 1052 1442; x_wconf 84' lang='lat' dir='ltr'><strong>de</strong></span> <span class='ocrx_word' id='word_1_100' title='bbox 1084 1391 1314 1458; x_wconf 79' lang='lat' dir='ltr'><strong>ingluvie</strong></span> <span class='ocrx_word' id='word_1_101' title='bbox 1343 1407 1405 1444; x_wconf 84' lang='lat' dir='ltr'><strong>ac</strong></span> <span class='ocrx_word' id='word_1_102' title='bbox 1445 1393 1765 1444; x_wconf 77' lang='lat' dir='ltr'><strong>lielluatione</strong></span> <span class='ocrx_word' id='word_1_103' title='bbox 1789 1402 1870 1445; x_wconf 86' lang='lat' dir='ltr'><strong>est</strong></span> <span class='ocrx_word' id='word_1_104' title='bbox 1892 1394 2251 1459; x_wconf 79' lang='lat' dir='ltr'><strong>accipiendus.</strong></span> <span class='ocrx_word' id='word_1_105' title='bbox 2274 1394 2347 1445; x_wconf 82' lang='lat' dir='ltr'><strong>Ae</strong></span> 
     </span>
    </p>
   </div>
   <div class='ocr_carea' id='block_1_16' title="bbox 801 1480 2349 1550">
    <p class='ocr_par' dir='ltr' id='par_1_16' title="bbox 801 1480 2349 1550">
     <span class='ocr_line' id='line_1_16' title="bbox 801 1480 2349 1550; baseline 0.005 -23"><span class='ocrx_word' id='word_1_106' title='bbox 801 1494 842 1527; x_wconf 65' lang='grc' dir='ltr'><strong>(ξπ</strong></span> <span class='ocrx_word' id='word_1_107' title='bbox 863 1493 937 1529; x_wconf 77' lang='lat' dir='ltr'><strong>cm</strong></span> <span class='ocrx_word' id='word_1_108' title='bbox 972 1480 1183 1545; x_wconf 88' lang='lat' dir='ltr'><strong>quidem</strong></span> <span class='ocrx_word' id='word_1_109' title='bbox 1237 1496 1470 1540; x_wconf 66' lang='lat' dir='ltr'><strong>nemine,</strong></span> <span class='ocrx_word' id='word_1_110' title='bbox 1503 1496 1951 1549; x_wconf 67' lang='lat' dir='ltr'><strong>supervacaneam</strong></span> <span class='ocrx_word' id='word_1_111' title='bbox 1984 1483 2089 1535; x_wconf 84' lang='lat' dir='ltr'><strong>cibi</strong></span> <span class='ocrx_word' id='word_1_112' title='bbox 2120 1485 2349 1550; x_wconf 83' lang='lat' dir='ltr'><strong>copiam,</strong></span> 
     </span>
    </p>
   </div>
   <div class='ocr_carea' id='block_1_17' title="bbox 805 1569 2350 1637">
    <p class='ocr_par' dir='ltr' id='par_1_17' title="bbox 805 1569 2350 1637">
     <span class='ocr_line' id='line_1_17' title="bbox 805 1569 2350 1637; baseline 0.005 -19"><span class='ocrx_word' id='word_1_113' title='bbox 805 1569 1096 1635; x_wconf 65' lang='lat' dir='ltr'><strong>lusumque</strong></span> <span class='ocrx_word' id='word_1_114' title='bbox 1154 1571 1397 1637; x_wconf 79' lang='lat' dir='ltr'><strong>intelligit</strong></span> <span class='ocrx_word' id='word_1_115' title='bbox 1430 1589 1440 1621; x_wconf 89' lang='lat'>:</span> <span class='ocrx_word' id='word_1_116' title='bbox 1476 1586 1567 1637; x_wconf 82' lang='lat' dir='ltr'><strong>per</strong></span> <span class='ocrx_word' id='word_1_117' title='bbox 1611 1585 1846 1626; x_wconf 79' lang='lat' dir='ltr'><strong>ventrem</strong></span> <span class='ocrx_word' id='word_1_118' title='bbox 1879 1584 2053 1627; x_wconf 89' lang='lat' dir='ltr'><strong>autem</strong></span> <span class='ocrx_word' id='word_1_119' title='bbox 2088 1574 2350 1628; x_wconf 56' lang='grc' dir='ltr'><strong>νοτ-δάιο-</strong></span> 
     </span>
    </p>
   </div>
   <div class='ocr_carea' id='block_1_18' title="bbox 803 1659 2351 1731">
    <p class='ocr_par' dir='ltr' id='par_1_18' title="bbox 803 1659 2351 1731">
     <span class='ocr_line' id='line_1_18' title="bbox 803 1659 2351 1731; baseline 0.006 -23"><span class='ocrx_word' id='word_1_120' title='bbox 803 1669 929 1717; x_wconf 63' lang='lat' dir='ltr'><strong>tum,</strong></span> <span class='ocrx_word' id='word_1_121' title='bbox 962 1673 1065 1709; x_wconf 90' lang='lat' dir='ltr'><strong>non</strong></span> <span class='ocrx_word' id='word_1_122' title='bbox 1096 1659 1269 1725; x_wconf 88' lang='lat' dir='ltr'><strong>ipsum</strong></span> <span class='ocrx_word' id='word_1_123' title='bbox 1303 1661 1678 1712; x_wconf 90' lang='lat' dir='ltr'><strong>ventriculum.</strong></span> <span class='ocrx_word' id='word_1_124' title='bbox 1709 1660 1910 1716; x_wconf 89' lang='lat' dir='ltr'><strong>lndicat</strong></span> <span class='ocrx_word' id='word_1_125' title='bbox 1941 1664 2103 1731; x_wconf 80' lang='lat' dir='ltr'><strong>igitur</strong></span> <span class='ocrx_word' id='word_1_126' title='bbox 2131 1665 2214 1718; x_wconf 78' lang='lat' dir='ltr'><strong>liis</strong></span> <span class='ocrx_word' id='word_1_127' title='bbox 2239 1681 2351 1718; x_wconf 87' lang='lat' dir='ltr'><strong>ver-</strong></span> 
     </span>
    </p>
   </div>
   <div class='ocr_carea' id='block_1_19' title="bbox 805 1746 2352 1819">
    <p class='ocr_par' dir='ltr' id='par_1_19' title="bbox 805 1746 2352 1819">
     <span class='ocr_line' id='line_1_19' title="bbox 805 1746 2352 1819; baseline 0.007 -23"><span class='ocrx_word' id='word_1_128' title='bbox 805 1746 885 1797; x_wconf 75' lang='lat' dir='ltr'><strong>bis</strong></span> <span class='ocrx_word' id='word_1_129' title='bbox 931 1748 1234 1813; x_wconf 81' lang='lat' dir='ltr'><strong>Apostolus,</strong></span> <span class='ocrx_word' id='word_1_130' title='bbox 1276 1751 1493 1801; x_wconf 82' lang='lat' dir='ltr'><strong>nimiam</strong></span> <span class='ocrx_word' id='word_1_131' title='bbox 1549 1751 1651 1804; x_wconf 84' lang='lat' dir='ltr'><strong>cibi</strong></span> <span class='ocrx_word' id='word_1_132' title='bbox 1700 1754 1907 1819; x_wconf 89' lang='lat' dir='ltr'><strong>copiam</strong></span> <span class='ocrx_word' id='word_1_133' title='bbox 1956 1763 2009 1807; x_wconf 92' lang='lat' dir='ltr'><strong>et</strong></span> <span class='ocrx_word' id='word_1_134' title='bbox 2060 1755 2243 1807; x_wconf 81' lang='lat' dir='ltr'><strong>luxum</strong></span> <span class='ocrx_word' id='word_1_135' title='bbox 2282 1754 2352 1807; x_wconf 84' lang='lat' dir='ltr'><strong>ad</strong></span> 
     </span>
    </p>
   </div>
   <div class='ocr_carea' id='block_1_20' title="bbox 2444 584 3999 658">
    <p class='ocr_par' dir='ltr' id='par_1_20' title="bbox 2444 584 3999 658">
     <span class='ocr_line' id='line_1_20' title="bbox 2444 584 3999 658; baseline -0.002 -20"><span class='ocrx_word' id='word_1_136' title='bbox 2444 588 2593 658; x_wconf 77' lang='grc' dir='ltr'><strong>παρὰ</strong></span> <span class='ocrx_word' id='word_1_137' title='bbox 2624 586 2730 638; x_wconf 80' lang='grc' dir='ltr'><strong>τῶν</strong></span> <span class='ocrx_word' id='word_1_138' title='bbox 2765 585 3283 654; x_wconf 68' lang='grc' dir='ltr'><strong>αἱχμαλωτησάντων</strong></span> <span class='ocrx_word' id='word_1_139' title='bbox 3335 586 3525 647; x_wconf 79' lang='grc' dir='ltr'><strong>αὐτοὺς</strong></span> <span class='ocrx_word' id='word_1_140' title='bbox 3569 584 3999 653; x_wconf 74' lang='grc' dir='ltr'><strong>παρατιθέμενα,</strong></span> 
     </span>
    </p>
   </div>
   <div class='ocr_carea' id='block_1_21' title="bbox 2442 672 3998 747">
    <p class='ocr_par' dir='ltr' id='par_1_21' title="bbox 2442 672 3998 747">
     <span class='ocr_line' id='line_1_21' title="bbox 2442 672 3998 747; baseline -0.004 -16"><span class='ocrx_word' id='word_1_141' title='bbox 2442 679 2597 731; x_wconf 83' lang='grc' dir='ltr'><strong>τοῦτο</strong></span> <span class='ocrx_word' id='word_1_142' title='bbox 2626 678 2684 729; x_wconf 86' lang='grc' dir='ltr'><strong>οὑ</strong></span> <span class='ocrx_word' id='word_1_143' title='bbox 2721 677 2888 747; x_wconf 85' lang='grc' dir='ltr'><strong>βαρεῖ,</strong></span> <span class='ocrx_word' id='word_1_144' title='bbox 2921 676 3038 728; x_wconf 76' lang='grc' dir='ltr'><strong>ἀντὶ</strong></span> <span class='ocrx_word' id='word_1_145' title='bbox 3062 675 3174 740; x_wconf 80' lang='grc' dir='ltr'><strong>τοῦ,</strong></span> <span class='ocrx_word' id='word_1_146' title='bbox 3201 676 3260 726; x_wconf 85' lang='grc' dir='ltr'><strong>οὐ</strong></span> <span class='ocrx_word' id='word_1_147' title='bbox 3294 676 3509 744; x_wconf 88' lang='grc' dir='ltr'><strong>βαρεῖαν</strong></span> <span class='ocrx_word' id='word_1_148' title='bbox 3534 676 3746 741; x_wconf 78' lang='grc' dir='ltr'><strong>ἐμποιεῖ</strong></span> <span class='ocrx_word' id='word_1_149' title='bbox 3770 672 3998 742; x_wconf 74' lang='grc' dir='ltr'><strong>βλάὸηνο</strong></span> 
     </span>
    </p>
   </div>
   <div class='ocr_carea' id='block_1_22' title="bbox 2445 762 4001 841">
    <p class='ocr_par' dir='ltr' id='par_1_22' title="bbox 2445 762 4001 841">
     <span class='ocr_line' id='line_1_22' title="bbox 2445 762 4001 841; baseline -0.005 -18"><span class='ocrx_word' id='word_1_150' title='bbox 2445 771 2537 823; x_wconf 76' lang='grc' dir='ltr'><strong>καὶ</strong></span> <span class='ocrx_word' id='word_1_151' title='bbox 2580 769 2772 838; x_wconf 79' lang='grc' dir='ltr'><strong>μᾶλλον</strong></span> <span class='ocrx_word' id='word_1_152' title='bbox 2818 769 2896 819; x_wconf 77' lang='grc' dir='ltr'><strong>ὃτι</strong></span> <span class='ocrx_word' id='word_1_153' title='bbox 2945 762 3022 828; x_wconf 73' lang='grc' dir='ltr'><strong>εἷς</strong></span> <span class='ocrx_word' id='word_1_154' title='bbox 3069 766 3221 833; x_wconf 80' lang='grc' dir='ltr'><strong>λόγος</strong></span> <span class='ocrx_word' id='word_1_155' title='bbox 3265 765 3412 834; x_wconf 77' lang='grc' dir='ltr'><strong>παρὰ</strong></span> <span class='ocrx_word' id='word_1_156' title='bbox 3446 767 3676 841; x_wconf 75' lang='grc' dir='ltr'><strong>πάντων,</strong></span> <span class='ocrx_word' id='word_1_157' title='bbox 3703 766 3868 834; x_wconf 72' lang='grc' dir='ltr'><strong>ἤγουν</strong></span> <span class='ocrx_word' id='word_1_158' title='bbox 3914 766 4001 816; x_wconf 83' lang='grc' dir='ltr'><strong>δτι</strong></span> 
     </span>
    </p>
   </div>
   <div class='ocr_carea' id='block_1_23' title="bbox 2446 855 4005 924">
    <p class='ocr_par' dir='ltr' id='par_1_23' title="bbox 2446 855 4005 924">
     <span class='ocr_line' id='line_1_23' title="bbox 2446 855 4005 924; baseline -0.006 -11"><span class='ocrx_word' id='word_1_159' title='bbox 2446 862 2639 921; x_wconf 79' lang='grc' dir='ltr'><strong>πάντες</strong></span> <span class='ocrx_word' id='word_1_160' title='bbox 2666 859 2723 910; x_wconf 80' lang='grc' dir='ltr'><strong>τὸ</strong></span> <span class='ocrx_word' id='word_1_161' title='bbox 2750 857 2877 909; x_wconf 79' lang='grc' dir='ltr'><strong>αὐτὸ</strong></span> <span class='ocrx_word' id='word_1_162' title='bbox 2908 857 3169 923; x_wconf 85' lang='grc' dir='ltr'><strong>λέγουσιν,</strong></span> <span class='ocrx_word' id='word_1_163' title='bbox 3192 858 3273 908; x_wconf 85' lang='grc' dir='ltr'><strong>ὅτι</strong></span> <span class='ocrx_word' id='word_1_164' title='bbox 3301 858 3349 908; x_wconf 79' lang='lat' dir='ltr'><strong>oi</strong></span> <span class='ocrx_word' id='word_1_165' title='bbox 3369 856 3436 907; x_wconf 79' lang='grc' dir='ltr'><strong>τὰ</strong></span> <span class='ocrx_word' id='word_1_166' title='bbox 3465 858 3699 924; x_wconf 80' lang='grc' dir='ltr'><strong>ἡμέτερα</strong></span> <span class='ocrx_word' id='word_1_167' title='bbox 3732 855 4005 924; x_wconf 73' lang='grc' dir='ltr'><strong>καταδραμ-</strong></span> 
     </span>
    </p>
   </div>
   <div class='ocr_carea' id='block_1_24' title="bbox 2448 942 3999 1017">
    <p class='ocr_par' dir='ltr' id='par_1_24' title="bbox 2448 942 3999 1017">
     <span class='ocr_line' id='line_1_24' title="bbox 2448 942 3999 1017; baseline -0.003 -21"><span class='ocrx_word' id='word_1_168' title='bbox 2448 950 2634 1017; x_wconf 87' lang='grc' dir='ltr'><strong>μόντες</strong></span> <span class='ocrx_word' id='word_1_169' title='bbox 2667 946 2927 1016; x_wconf 78' lang='grc' dir='ltr'><strong>βάρὸαροι</strong></span> <span class='ocrx_word' id='word_1_170' title='bbox 2952 945 3184 1006; x_wconf 81' lang='grc' dir='ltr'><strong>εἰδώλοις</strong></span> <span class='ocrx_word' id='word_1_171' title='bbox 3216 945 3311 996; x_wconf 74' lang='grc' dir='ltr'><strong>οὐκ</strong></span> <span class='ocrx_word' id='word_1_172' title='bbox 3336 944 3549 1001; x_wconf 77' lang='grc' dir='ltr'><strong>ἔθυσαν,</strong></span> <span class='ocrx_word' id='word_1_173' title='bbox 3577 943 3715 994; x_wconf 80' lang='grc' dir='ltr'><strong>ὥστε</strong></span> <span class='ocrx_word' id='word_1_174' title='bbox 3757 942 3876 993; x_wconf 75' lang='grc' dir='ltr'><strong>οὐδὲ</strong></span> <span class='ocrx_word' id='word_1_175' title='bbox 3918 946 3999 993; x_wconf 71' lang='grc' dir='ltr'><strong>εί-</strong></span> 
     </span>
    </p>
   </div>
   <div class='ocr_carea' id='block_1_25' title="bbox 2444 1032 3998 1102">
    <p class='ocr_par' dir='ltr' id='par_1_25' title="bbox 2444 1032 3998 1102">
     <span class='ocr_line' id='line_1_25' title="bbox 2444 1032 3998 1102; baseline -0.005 -13"><span class='ocrx_word' id='word_1_176' title='bbox 2444 1038 2708 1089; x_wconf 82' lang='grc' dir='ltr'><strong>δωλόθυτα</strong></span> <span class='ocrx_word' id='word_1_177' title='bbox 2740 1035 2936 1102; x_wconf 75' lang='grc' dir='ltr'><strong>ἔφαγον</strong></span> <span class='ocrx_word' id='word_1_178' title='bbox 2977 1036 3024 1084; x_wconf 88' lang='grc' dir='ltr'><strong>οἱ</strong></span> <span class='ocrx_word' id='word_1_179' title='bbox 3067 1034 3411 1101; x_wconf 80' lang='grc' dir='ltr'><strong>αἰχμάλωτοι.</strong></span> <span class='ocrx_word' id='word_1_180' title='bbox 3456 1033 3693 1101; x_wconf 85' lang='grc' dir='ltr'><strong>Παράγει</strong></span> <span class='ocrx_word' id='word_1_181' title='bbox 3721 1032 3776 1082; x_wconf 81' lang='grc' dir='ltr'><strong>δὲ</strong></span> <span class='ocrx_word' id='word_1_182' title='bbox 3809 1032 3901 1082; x_wconf 77' lang='grc' dir='ltr'><strong>καὶ</strong></span> <span class='ocrx_word' id='word_1_183' title='bbox 3931 1033 3998 1081; x_wconf 77' lang='grc' dir='ltr'><strong>ἐκ</strong></span> 
     </span>
    </p>
   </div>
   <div class='ocr_carea' id='block_1_26' title="bbox 2443 1122 3999 1193">
    <p class='ocr_par' dir='ltr' id='par_1_26' title="bbox 2443 1122 3999 1193">
     <span class='ocr_line' id='line_1_26' title="bbox 2443 1122 3999 1193; baseline -0.004 -16"><span class='ocrx_word' id='word_1_184' title='bbox 2443 1125 2536 1178; x_wconf 79' lang='grc' dir='ltr'><strong>τοῦ</strong></span> <span class='ocrx_word' id='word_1_185' title='bbox 2576 1125 2891 1178; x_wconf 75' lang='grc' dir='ltr'><strong>’Λποστόλου</strong></span> <span class='ocrx_word' id='word_1_186' title='bbox 2922 1126 3141 1193; x_wconf 81' lang='grc' dir='ltr'><strong>χρήσεις</strong></span> <span class='ocrx_word' id='word_1_187' title='bbox 3183 1124 3273 1175; x_wconf 80' lang='lat' dir='ltr'><strong>xai</strong></span> <span class='ocrx_word' id='word_1_188' title='bbox 3318 1125 3380 1174; x_wconf 80' lang='grc' dir='ltr'><strong>ὲκ</strong></span> <span class='ocrx_word' id='word_1_189' title='bbox 3421 1122 3510 1174; x_wconf 81' lang='grc' dir='ltr'><strong>τοῦ</strong></span> <span class='ocrx_word' id='word_1_190' title='bbox 3546 1122 3897 1187; x_wconf 64' lang='grc' dir='ltr'><strong>Εὑαγγελίοψ</strong></span> <span class='ocrx_word' id='word_1_191' title='bbox 3932 1123 3999 1171; x_wconf 82' lang='grc' dir='ltr'><strong>ὲκ</strong></span> 
     </span>
    </p>
   </div>
   <div class='ocr_carea' id='block_1_27' title="bbox 2450 1210 3996 1285">
    <p class='ocr_par' dir='ltr' id='par_1_27' title="bbox 2450 1210 3996 1285">
     <span class='ocr_line' id='line_1_27' title="bbox 2450 1210 3996 1285; baseline -0.005 -18"><span class='ocrx_word' id='word_1_192' title='bbox 2450 1217 2545 1285; x_wconf 73' lang='grc' dir='ltr'><strong>μὲν</strong></span> <span class='ocrx_word' id='word_1_193' title='bbox 2565 1216 2657 1267; x_wconf 79' lang='grc' dir='ltr'><strong>τοῦ</strong></span> <span class='ocrx_word' id='word_1_194' title='bbox 2702 1215 3012 1266; x_wconf 61' lang='grc' dir='ltr'><strong>Ἀποστάλου</strong></span> <span class='ocrx_word' id='word_1_195' title='bbox 3040 1213 3120 1275; x_wconf 79' lang='grc' dir='ltr'><strong>τὸ,</strong></span> <span class='ocrx_word' id='word_1_196' title='bbox 3146 1214 3217 1265; x_wconf 79' lang='grc' dir='ltr'><em>Τὰ</em></span> <span class='ocrx_word' id='word_1_197' title='bbox 3230 1212 3506 1279; x_wconf 70' lang='grc' dir='ltr'><strong>βρώματα</strong></span> <span class='ocrx_word' id='word_1_198' title='bbox 3550 1210 3624 1277; x_wconf 76' lang='grc' dir='ltr'><strong>τῇ</strong></span> <span class='ocrx_word' id='word_1_199' title='bbox 3655 1212 3867 1273; x_wconf 68' lang='grc' dir='ltr'><strong>κοιλίᾳ,</strong></span> <span class='ocrx_word' id='word_1_200' title='bbox 3900 1210 3996 1261; x_wconf 74' lang='grc' dir='ltr'><strong>καί</strong></span> 
     </span>
    </p>
   </div>
   <div class='ocr_carea' id='block_1_28' title="bbox 2447 1300 4000 1372">
    <p class='ocr_par' dir='ltr' id='par_1_28' title="bbox 2447 1300 4000 1372">
     <span class='ocr_line' id='line_1_28' title="bbox 2447 1300 4000 1372; baseline -0.005 -16"><span class='ocrx_word' id='word_1_201' title='bbox 2447 1308 2483 1372; x_wconf 80' lang='grc' dir='ltr'><strong><em>ἠ</em></strong></span> <span class='ocrx_word' id='word_1_202' title='bbox 2526 1307 2718 1357; x_wconf 73' lang='grc' dir='ltr'><strong>κοιλιά</strong></span> <span class='ocrx_word' id='word_1_203' title='bbox 2761 1304 2881 1368; x_wconf 79' lang='grc' dir='ltr'><strong>τοῖς</strong></span> <span class='ocrx_word' id='word_1_204' title='bbox 2917 1302 3219 1370; x_wconf 79' lang='grc' dir='ltr'><strong>βρώμασι·</strong></span> <span class='ocrx_word' id='word_1_205' title='bbox 3255 1303 3343 1353; x_wconf 81' lang='grc' dir='ltr'><strong>καὶ</strong></span> <span class='ocrx_word' id='word_1_206' title='bbox 3370 1300 3436 1353; x_wconf 79' lang='grc' dir='ltr'><strong>τὰ</strong></span> <span class='ocrx_word' id='word_1_207' title='bbox 3468 1300 3611 1369; x_wconf 79' lang='grc' dir='ltr'><strong>ἑξῆς.</strong></span> <span class='ocrx_word' id='word_1_208' title='bbox 3626 1301 3688 1352; x_wconf 90' lang='grc' dir='ltr'><strong>Ὃ</strong></span> <span class='ocrx_word' id='word_1_209' title='bbox 3715 1300 3770 1351; x_wconf 83' lang='grc' dir='ltr'><strong>δὲ</strong></span> <span class='ocrx_word' id='word_1_210' title='bbox 3801 1300 4000 1368; x_wconf 78' lang='grc' dir='ltr'><strong>χωρίον</strong></span> 
     </span>
    </p>
   </div>
   <div class='ocr_carea' id='block_1_29' title="bbox 2448 1373 4002 1462">
    <p class='ocr_par' dir='ltr' id='par_1_29' title="bbox 2448 1373 4002 1462">
     <span class='ocr_line' id='line_1_29' title="bbox 2448 1373 4002 1462; baseline 0 -19"><span class='ocrx_word' id='word_1_211' title='bbox 2448 1394 2571 1462; x_wconf 75' lang='grc' dir='ltr'><strong>περὶ</strong></span> <span class='ocrx_word' id='word_1_212' title='bbox 2604 1373 2912 1461; x_wconf 66' lang='grc' dir='ltr'><strong>πλησμονῆς</strong></span> <span class='ocrx_word' id='word_1_213' title='bbox 2941 1393 3083 1459; x_wconf 85' lang='grc' dir='ltr'><strong>λέγει</strong></span> <span class='ocrx_word' id='word_1_214' title='bbox 3122 1394 3213 1443; x_wconf 74' lang='grc' dir='ltr'><strong>καὶ</strong></span> <span class='ocrx_word' id='word_1_215' title='bbox 3236 1392 3687 1462; x_wconf 81' lang='grc' dir='ltr'><strong>γαστριμαργίας.</strong></span> <span class='ocrx_word' id='word_1_216' title='bbox 3720 1394 3828 1443; x_wconf 80' lang='grc' dir='ltr'><strong>Καὶ</strong></span> 
     </span>
    </p>
   </div>
   <div class='ocr_carea' id='block_1_30' title="bbox 2450 1480 4001 1552">
    <p class='ocr_par' dir='ltr' id='par_1_30' title="bbox 2450 1480 4001 1552">
     <span class='ocr_line' id='line_1_30' title="bbox 2450 1480 4001 1552; baseline 0.001 -19"><span class='ocrx_word' id='word_1_217' title='bbox 2450 1500 2589 1552; x_wconf 80' lang='grc' dir='ltr'><strong>ματα</strong></span> <span class='ocrx_word' id='word_1_218' title='bbox 2614 1482 2711 1550; x_wconf 81' lang='grc' dir='ltr'><strong>μὲν</strong></span> <span class='ocrx_word' id='word_1_219' title='bbox 2736 1482 2803 1533; x_wconf 81' lang='grc' dir='ltr'><strong>τὰ</strong></span> <span class='ocrx_word' id='word_1_220' title='bbox 2829 1483 3053 1551; x_wconf 86' lang='grc' dir='ltr'><strong>περιττὰ</strong></span> <span class='ocrx_word' id='word_1_221' title='bbox 3084 1480 3334 1549; x_wconf 70' lang='grc' dir='ltr'><strong>ὀνομάζει</strong></span> <span class='ocrx_word' id='word_1_222' title='bbox 3368 1483 3460 1534; x_wconf 73' lang='grc' dir='ltr'><strong>καὶ</strong></span> <span class='ocrx_word' id='word_1_223' title='bbox 3488 1483 3585 1549; x_wconf 79' lang='grc' dir='ltr'><strong>τὴν</strong></span> <span class='ocrx_word' id='word_1_224' title='bbox 3612 1484 3819 1551; x_wconf 79' lang='grc' dir='ltr'><strong>τρυφήν</strong></span> <span class='ocrx_word' id='word_1_225' title='bbox 3840 1500 3853 1511; x_wconf 92' lang='grc'><strong>·</strong></span> <span class='ocrx_word' id='word_1_226' title='bbox 3886 1500 4001 1534; x_wconf 83' lang='grc' dir='ltr'><strong>κοι-</strong></span> 
     </span>
    </p>
   </div>
   <div class='ocr_carea' id='block_1_31' title="bbox 2445 1571 3999 1643">
    <p class='ocr_par' dir='ltr' id='par_1_31' title="bbox 2445 1571 3999 1643">
     <span class='ocr_line' id='line_1_31' title="bbox 2445 1571 3999 1643; baseline 0 -20"><span class='ocrx_word' id='word_1_227' title='bbox 2445 1571 2562 1623; x_wconf 85' lang='grc' dir='ltr'><strong>λίαν</strong></span> <span class='ocrx_word' id='word_1_228' title='bbox 2602 1572 2656 1622; x_wconf 84' lang='grc' dir='ltr'><strong>δὲ</strong></span> <span class='ocrx_word' id='word_1_229' title='bbox 2689 1572 2786 1641; x_wconf 84' lang='grc' dir='ltr'><strong>τὴν</strong></span> <span class='ocrx_word' id='word_1_230' title='bbox 2815 1573 3268 1643; x_wconf 87' lang='grc' dir='ltr'><strong>γαστριμαργίαν,</strong></span> <span class='ocrx_word' id='word_1_231' title='bbox 3302 1572 3414 1624; x_wconf 83' lang='grc' dir='ltr'><strong>ἀλλ’</strong></span> <span class='ocrx_word' id='word_1_232' title='bbox 3451 1572 3569 1640; x_wconf 69' lang='grc' dir='ltr'><strong>οὐχὶ</strong></span> <span class='ocrx_word' id='word_1_233' title='bbox 3608 1572 3704 1640; x_wconf 79' lang='grc' dir='ltr'><strong>τὴν</strong></span> <span class='ocrx_word' id='word_1_234' title='bbox 3734 1573 3999 1642; x_wconf 85' lang='grc' dir='ltr'><strong>γαστέρα.</strong></span> 
     </span>
    </p>
   </div>
   <div class='ocr_carea' id='block_1_32' title="bbox 2446 1660 4001 1732">
    <p class='ocr_par' dir='ltr' id='par_1_32' title="bbox 2446 1660 4001 1732">
     <span class='ocr_line' id='line_1_32' title="bbox 2446 1660 4001 1732; baseline -0.001 -19"><span class='ocrx_word' id='word_1_235' title='bbox 2446 1660 2541 1715; x_wconf 77' lang='grc' dir='ltr'><strong>Διὰ</strong></span> <span class='ocrx_word' id='word_1_236' title='bbox 2556 1662 2609 1713; x_wconf 74' lang='grc' dir='ltr'><strong>δὲ</strong></span> <span class='ocrx_word' id='word_1_237' title='bbox 2629 1661 2828 1715; x_wconf 91' lang='grc' dir='ltr'><strong>τούτων</strong></span> <span class='ocrx_word' id='word_1_238' title='bbox 2849 1663 3202 1726; x_wconf 78' lang='grc' dir='ltr'><strong>ὁἈπόστολος</strong></span> <span class='ocrx_word' id='word_1_239' title='bbox 3242 1663 3385 1730; x_wconf 82' lang='grc' dir='ltr'><strong>λέγει</strong></span> <span class='ocrx_word' id='word_1_240' title='bbox 3407 1704 3420 1727; x_wconf 95' lang='grc'><strong>,</strong></span> <span class='ocrx_word' id='word_1_241' title='bbox 3448 1664 3527 1715; x_wconf 79' lang='grc' dir='ltr'><strong>ὅτι</strong></span> <span class='ocrx_word' id='word_1_242' title='bbox 3548 1665 3581 1732; x_wconf 78' lang='grc' dir='ltr'>ἡ</span> <span class='ocrx_word' id='word_1_243' title='bbox 3610 1662 3881 1731; x_wconf 80' lang='grc' dir='ltr'><strong>άδηφαγία</strong></span> <span class='ocrx_word' id='word_1_244' title='bbox 3909 1662 4001 1713; x_wconf 82' lang='grc' dir='ltr'><strong>καὶ</strong></span> 
     </span>
    </p>
   </div>
   <div class='ocr_carea' id='block_1_33' title="bbox 2446 1750 4001 1822">
    <p class='ocr_par' dir='ltr' id='par_1_33' title="bbox 2446 1750 4001 1822">
     <span class='ocr_line' id='line_1_33' title="bbox 2446 1750 4001 1822; baseline -0.001 -20"><span class='ocrx_word' id='word_1_245' title='bbox 2446 1752 2479 1820; x_wconf 66' lang='grc' dir='ltr'><strong>η</strong></span> <span class='ocrx_word' id='word_1_246' title='bbox 2511 1751 2686 1820; x_wconf 83' lang='grc' dir='ltr'><strong>τρυφὴ</strong></span> <span class='ocrx_word' id='word_1_247' title='bbox 2718 1754 2782 1820; x_wconf 74' lang='grc' dir='ltr'><strong>τῇ</strong></span> <span class='ocrx_word' id='word_1_248' title='bbox 2813 1752 3215 1822; x_wconf 75' lang='grc' dir='ltr'><strong>γαστριμαργίᾳ</strong></span> <span class='ocrx_word' id='word_1_249' title='bbox 3239 1755 3448 1821; x_wconf 81' lang='grc' dir='ltr'><strong>ἀνήκει,</strong></span> <span class='ocrx_word' id='word_1_250' title='bbox 3473 1752 3585 1803; x_wconf 80' lang='grc' dir='ltr'><strong>ἀλλ’</strong></span> <span class='ocrx_word' id='word_1_251' title='bbox 3612 1753 3671 1803; x_wconf 86' lang='grc' dir='ltr'><strong>οὐ</strong></span> <span class='ocrx_word' id='word_1_252' title='bbox 3703 1750 3835 1819; x_wconf 60' lang='grc' dir='ltr'><strong>πρὸς</strong></span> <span class='ocrx_word' id='word_1_253' title='bbox 3870 1751 4001 1803; x_wconf 84' lang='grc' dir='ltr'><strong>Θεὸν</strong></span> 
     </span>
    </p>
   </div>
   <div class='ocr_carea' id='block_1_34' title="bbox 806 1836 2474 1915">
    <p class='ocr_par' dir='ltr' id='par_1_34' title="bbox 806 1836 2474 1915">
     <span class='ocr_line' id='line_1_34' title="bbox 806 1836 2474 1915; baseline 0.009 -30"><span class='ocrx_word' id='word_1_254' title='bbox 806 1836 1519 1905; x_wconf 63' lang='lat' dir='ltr'><strong>ln-lluatiouem,pcrducerc,</strong></span> <span class='ocrx_word' id='word_1_255' title='bbox 1539 1856 1641 1893; x_wconf 92' lang='lat' dir='ltr'><strong>non</strong></span> <span class='ocrx_word' id='word_1_256' title='bbox 1669 1844 1730 1894; x_wconf 82' lang='lat' dir='ltr'><strong>ad</strong></span> <span class='ocrx_word' id='word_1_257' title='bbox 1758 1841 1920 1896; x_wconf 82' lang='lat' dir='ltr'><strong>Deum</strong></span> <span class='ocrx_word' id='word_1_258' title='bbox 1951 1843 2123 1909; x_wconf 82' lang='lat' dir='ltr'><strong>ferre;</strong></span> <span class='ocrx_word' id='word_1_259' title='bbox 2150 1846 2356 1898; x_wconf 82' lang='lat' dir='ltr'><strong>luxum-</strong></span> <span class='ocrx_word' id='word_1_260' title='bbox 2382 1862 2421 1915; x_wconf 76' lang='grc' dir='ltr'><strong>Β</strong></span> <span class='ocrx_word' id='word_1_261' title='bbox 2446 1859 2474 1908; x_wconf 60' lang='grc' dir='ltr'><strong>τ</strong></span> 
     </span>
    </p>
   </div>
   <div class='ocr_carea' id='block_1_35' title="bbox 2336 1836 4004 1915">
    <p class='ocr_par' dir='ltr' id='par_1_35' title="bbox 2336 1842 4004 1915">
     <span class='ocr_line' id='line_1_35' title="bbox 2336 1842 4004 1915; baseline 0.001 -23"><span class='ocrx_word' id='word_1_262' title='bbox 2336 1874 2356 1886; x_wconf 85' lang='grc'><strong><em>-</em></strong></span> <span class='ocrx_word' id='word_1_263' title='bbox 2382 1842 2617 1915; x_wconf 75' lang='grc' dir='ltr'><strong>Βφέρει,</strong></span> <span class='ocrx_word' id='word_1_264' title='bbox 2666 1842 2753 1893; x_wconf 71' lang='grc' dir='ltr'><strong>καὶ</strong></span> <span class='ocrx_word' id='word_1_265' title='bbox 2800 1844 2866 1911; x_wconf 74' lang='grc' dir='ltr'><strong>τῇ</strong></span> <span class='ocrx_word' id='word_1_266' title='bbox 2912 1847 3088 1912; x_wconf 78' lang='grc' dir='ltr'><strong>τρυφῇ</strong></span> <span class='ocrx_word' id='word_1_267' title='bbox 3136 1844 3196 1895; x_wconf 82' lang='grc' dir='ltr'><strong>τὸ</strong></span> <span class='ocrx_word' id='word_1_268' title='bbox 3239 1845 3337 1913; x_wconf 81' lang='grc' dir='ltr'><strong>τῆς</strong></span> <span class='ocrx_word' id='word_1_269' title='bbox 3366 1842 3800 1912; x_wconf 77' lang='grc' dir='ltr'><strong>γαστριμαργίας</strong></span> <span class='ocrx_word' id='word_1_270' title='bbox 3836 1842 4004 1905; x_wconf 80' lang='grc' dir='ltr'>πάθος</span> 
     </span>
    </p>
   </div>
   <div class='ocr_carea' id='block_1_36' title="bbox 807 1928 2357 2004">
    <p class='ocr_par' dir='ltr' id='par_1_36' title="bbox 807 1928 2357 2004">
     <span class='ocr_line' id='line_1_36' title="bbox 807 1928 2357 2004; baseline 0.008 -27"><span class='ocrx_word' id='word_1_271' title='bbox 807 1942 910 1991; x_wconf 74' lang='lat' dir='ltr'><strong>que</strong></span> <span class='ocrx_word' id='word_1_272' title='bbox 944 1928 1256 1995; x_wconf 81' lang='lat' dir='ltr'><strong>plerumque</strong></span> <span class='ocrx_word' id='word_1_273' title='bbox 1287 1931 1472 1981; x_wconf 79' lang='lat' dir='ltr'><strong>vitium</strong></span> <span class='ocrx_word' id='word_1_274' title='bbox 1509 1931 1847 1987; x_wconf 80' lang='lat' dir='ltr'><strong>ltelluationis</strong></span> <span class='ocrx_word' id='word_1_275' title='bbox 1883 1937 2251 2004; x_wconf 82' lang='lat' dir='ltr'><strong>consequitur,</strong></span> <span class='ocrx_word' id='word_1_276' title='bbox 2279 1937 2357 1990; x_wconf 79' lang='lat' dir='ltr'><strong>al-</strong></span> 
     </span>
    </p>
   </div>
   <div class='ocr_carea' id='block_1_37' title="bbox 808 2020 2357 2085">
    <p class='ocr_par' dir='ltr' id='par_1_37' title="bbox 808 2020 2357 2085">
     <span class='ocr_line' id='line_1_37' title="bbox 808 2020 2357 2085; baseline 0.011 -18"><span class='ocrx_word' id='word_1_277' title='bbox 808 2027 1089 2085; x_wconf 81' lang='lat' dir='ltr'><strong>terumque</strong></span> <span class='ocrx_word' id='word_1_278' title='bbox 1122 2020 1271 2071; x_wconf 77' lang='lat' dir='ltr'><strong>alteri</strong></span> <span class='ocrx_word' id='word_1_279' title='bbox 1304 2021 1567 2085; x_wconf 82' lang='lat' dir='ltr'><strong>deservit;</strong></span> <span class='ocrx_word' id='word_1_280' title='bbox 1602 2022 1742 2075; x_wconf 81' lang='lat' dir='ltr'><strong>Deus</strong></span> <span class='ocrx_word' id='word_1_281' title='bbox 1778 2034 1953 2077; x_wconf 85' lang='lat' dir='ltr'><strong>autem</strong></span> <span class='ocrx_word' id='word_1_282' title='bbox 1988 2027 2137 2079; x_wconf 89' lang='lat' dir='ltr'><strong>irrita</strong></span> <span class='ocrx_word' id='word_1_283' title='bbox 2166 2030 2277 2082; x_wconf 74' lang='lat' dir='ltr'><strong>lucc</strong></span> <span class='ocrx_word' id='word_1_284' title='bbox 2303 2038 2357 2084; x_wconf 76' lang='lat' dir='ltr'><strong>et</strong></span> 
     </span>
    </p>
   </div>
   <div class='ocr_carea' id='block_1_38' title="bbox 807 2108 2355 2184">
    <p class='ocr_par' dir='ltr' id='par_1_38' title="bbox 807 2108 2355 2184">
     <span class='ocr_line' id='line_1_38' title="bbox 807 2108 2355 2184; baseline 0.01 -28"><span class='ocrx_word' id='word_1_285' title='bbox 807 2121 959 2157; x_wconf 74' lang='lat' dir='ltr'><strong>cassa</strong></span> <span class='ocrx_word' id='word_1_286' title='bbox 991 2108 1192 2169; x_wconf 91' lang='lat' dir='ltr'><strong>reddet,</strong></span> <span class='ocrx_word' id='word_1_287' title='bbox 1229 2119 1285 2160; x_wconf 91' lang='lat' dir='ltr'><strong>ut</strong></span> <span class='ocrx_word' id='word_1_288' title='bbox 1313 2110 1447 2162; x_wconf 83' lang='lat' dir='ltr'><strong>nihil</strong></span> <span class='ocrx_word' id='word_1_289' title='bbox 1480 2126 1543 2164; x_wconf 81' lang='lat' dir='ltr'><strong>ex</strong></span> <span class='ocrx_word' id='word_1_290' title='bbox 1581 2113 1710 2179; x_wconf 88' lang='lat' dir='ltr'><strong>ipsis</strong></span> <span class='ocrx_word' id='word_1_291' title='bbox 1736 2114 1916 2167; x_wconf 89' lang='lat' dir='ltr'><strong>damni</strong></span> <span class='ocrx_word' id='word_1_292' title='bbox 1948 2116 2200 2184; x_wconf 87' lang='lat' dir='ltr'><strong>cuiquam</strong></span> <span class='ocrx_word' id='word_1_293' title='bbox 2228 2133 2355 2171; x_wconf 89' lang='lat' dir='ltr'><strong>con-</strong></span> 
     </span>
    </p>
   </div>
   <div class='ocr_carea' id='block_1_39' title="bbox 806 2195 2357 2277">
    <p class='ocr_par' dir='ltr' id='par_1_39' title="bbox 806 2195 2357 2277">
     <span class='ocr_line' id='line_1_39' title="bbox 806 2195 2357 2277; baseline 0.01 -30"><span class='ocrx_word' id='word_1_294' title='bbox 806 2195 1228 2263; x_wconf 59' lang='lat' dir='ltr'><strong>tingatJ’idetur</strong></span> <span class='ocrx_word' id='word_1_295' title='bbox 1255 2215 1415 2266; x_wconf 87' lang='lat' dir='ltr'><strong>porro</strong></span> <span class='ocrx_word' id='word_1_296' title='bbox 1448 2203 1534 2256; x_wconf 90' lang='lat' dir='ltr'><strong>hic</strong></span> <span class='ocrx_word' id='word_1_297' title='bbox 1559 2212 1778 2256; x_wconf 87' lang='lat' dir='ltr'><strong>sanctus</strong></span> <span class='ocrx_word' id='word_1_298' title='bbox 1803 2204 1904 2257; x_wconf 86' lang='lat' dir='ltr'><strong>hoc</strong></span> <span class='ocrx_word' id='word_1_299' title='bbox 1932 2206 2051 2259; x_wconf 90' lang='lat' dir='ltr'><strong>loco</strong></span> <span class='ocrx_word' id='word_1_300' title='bbox 2078 2222 2208 2261; x_wconf 92' lang='lat' dir='ltr'><strong>usus</strong></span> <span class='ocrx_word' id='word_1_301' title='bbox 2234 2224 2357 2277; x_wconf 84' lang='lat' dir='ltr'><strong>apo-</strong></span> 
     </span>
    </p>
   </div>
   <div class='ocr_carea' id='block_1_40' title="bbox 808 2290 2357 2362">
    <p class='ocr_par' dir='ltr' id='par_1_40' title="bbox 808 2290 2357 2362">
     <span class='ocr_line' id='line_1_40' title="bbox 808 2290 2357 2362; baseline 0.008 -23"><span class='ocrx_word' id='word_1_302' title='bbox 808 2290 1012 2341; x_wconf 84' lang='lat' dir='ltr'><strong>stolicis</strong></span> <span class='ocrx_word' id='word_1_303' title='bbox 1047 2290 1245 2351; x_wconf 86' lang='lat' dir='ltr'><strong>verbis,</strong></span> <span class='ocrx_word' id='word_1_304' title='bbox 1279 2301 1337 2345; x_wconf 88' lang='lat' dir='ltr'><strong>ut</strong></span> <span class='ocrx_word' id='word_1_305' title='bbox 1379 2292 1770 2347; x_wconf 86' lang='lat' dir='ltr'><strong>demonstraret</strong></span> <span class='ocrx_word' id='word_1_306' title='bbox 1799 2310 1918 2362; x_wconf 74' lang='grc' dir='ltr'><strong>(μιεο</strong></span> <span class='ocrx_word' id='word_1_307' title='bbox 1951 2297 2021 2350; x_wconf 90' lang='lat' dir='ltr'><strong>ob</strong></span> <span class='ocrx_word' id='word_1_308' title='bbox 2056 2298 2239 2350; x_wconf 88' lang='lat' dir='ltr'><strong>luxum</strong></span> <span class='ocrx_word' id='word_1_309' title='bbox 2293 2314 2357 2353; x_wconf 89' lang='lat' dir='ltr'><strong>ac</strong></span> 
     </span>
    </p>
   </div>
   <div class='ocr_carea' id='block_1_41' title="bbox 806 2379 2353 2455">
    <p class='ocr_par' dir='ltr' id='par_1_41' title="bbox 806 2379 2353 2455">
     <span class='ocr_line' id='line_1_41' title="bbox 806 2379 2353 2455; baseline 0.008 -26"><span class='ocrx_word' id='word_1_310' title='bbox 806 2379 1120 2431; x_wconf 73' lang='lat' dir='ltr'><strong>rdacitatem</strong></span> <span class='ocrx_word' id='word_1_311' title='bbox 1157 2379 1309 2443; x_wconf 82' lang='lat' dir='ltr'><strong>ﬁunt,</strong></span> <span class='ocrx_word' id='word_1_312' title='bbox 1340 2382 1590 2437; x_wconf 86' lang='lat' dir='ltr'><strong>damnata</strong></span> <span class='ocrx_word' id='word_1_313' title='bbox 1622 2399 1740 2439; x_wconf 88' lang='lat' dir='ltr'><strong>esse</strong></span> <span class='ocrx_word' id='word_1_314' title='bbox 1786 2400 1847 2439; x_wconf 85' lang='lat' dir='ltr'><strong>ac</strong></span> <span class='ocrx_word' id='word_1_315' title='bbox 1894 2388 2066 2455; x_wconf 64' lang='lat' dir='ltr'><strong>poenis</strong></span> <span class='ocrx_word' id='word_1_316' title='bbox 2099 2388 2353 2453; x_wconf 79' lang='lat' dir='ltr'><strong>obnoxia,</strong></span> 
     </span>
    </p>
   </div>
   <div class='ocr_carea' id='block_1_42' title="bbox 808 2470 2357 2547">
    <p class='ocr_par' dir='ltr' id='par_1_42' title="bbox 808 2470 2357 2547">
     <span class='ocr_line' id='line_1_42' title="bbox 808 2470 2357 2547; baseline 0.008 -30"><span class='ocrx_word' id='word_1_317' title='bbox 808 2484 913 2520; x_wconf 88' lang='lat' dir='ltr'><strong>non</strong></span> <span class='ocrx_word' id='word_1_318' title='bbox 947 2470 1068 2522; x_wconf 88' lang='lat' dir='ltr'><strong>item</strong></span> <span class='ocrx_word' id='word_1_319' title='bbox 1103 2486 1162 2523; x_wconf 90' lang='lat' dir='ltr'><strong>ea</strong></span> <span class='ocrx_word' id='word_1_320' title='bbox 1195 2488 1312 2539; x_wconf 68' lang='lat' dir='ltr'><strong>quae</strong></span> <span class='ocrx_word' id='word_1_321' title='bbox 1338 2473 1385 2524; x_wconf 87' lang='lat' dir='ltr'><strong>vi</strong></span> <span class='ocrx_word' id='word_1_322' title='bbox 1421 2488 1483 2525; x_wconf 82' lang='lat' dir='ltr'><strong>ac</strong></span> <span class='ocrx_word' id='word_1_323' title='bbox 1514 2474 1830 2528; x_wconf 87' lang='lat' dir='ltr'><strong>necessitate</strong></span> <span class='ocrx_word' id='word_1_324' title='bbox 1863 2478 2104 2545; x_wconf 88' lang='lat' dir='ltr'><strong>corporis</strong></span> <span class='ocrx_word' id='word_1_325' title='bbox 2133 2489 2357 2547; x_wconf 77' lang='lat' dir='ltr'><strong>cogente</strong></span> 
     </span>
    </p>
   </div>
   <div class='ocr_carea' id='block_1_43' title="bbox 809 2557 2357 2633">
    <p class='ocr_par' dir='ltr' id='par_1_43' title="bbox 809 2557 2357 2633">
     <span class='ocr_line' id='line_1_43' title="bbox 809 2557 2357 2633; baseline 0.008 -28"><span class='ocrx_word' id='word_1_326' title='bbox 809 2557 1185 2611; x_wconf 71' lang='lat' dir='ltr'><strong>:edmiztuntur.</strong></span> <span class='ocrx_word' id='word_1_327' title='bbox 1216 2558 1447 2613; x_wconf 86' lang='lat' dir='ltr'><strong>Proinde</strong></span> <span class='ocrx_word' id='word_1_328' title='bbox 1490 2561 1698 2615; x_wconf 87' lang='lat' dir='ltr'><strong>etiamsi</strong></span> <span class='ocrx_word' id='word_1_329' title='bbox 1743 2564 1895 2617; x_wconf 85' lang='lat' dir='ltr'><strong>cibos</strong></span> <span class='ocrx_word' id='word_1_330' title='bbox 1921 2566 2132 2633; x_wconf 87' lang='lat' dir='ltr'><strong>aliquos</strong></span> <span class='ocrx_word' id='word_1_331' title='bbox 2161 2566 2357 2618; x_wconf 82' lang='lat' dir='ltr'><strong>vetitos</strong></span> 
     </span>
    </p>
   </div>
   <div class='ocr_carea' id='block_1_44' title="bbox 808 2645 2358 2714">
    <p class='ocr_par' dir='ltr' id='par_1_44' title="bbox 808 2645 2358 2714">
     <span class='ocr_line' id='line_1_44' title="bbox 808 2645 2358 2714; baseline 0.009 -21"><span class='ocrx_word' id='word_1_332' title='bbox 808 2645 1001 2712; x_wconf 71' lang='lat' dir='ltr'><strong>captivi</strong></span> <span class='ocrx_word' id='word_1_333' title='bbox 1054 2648 1402 2709; x_wconf 80' lang='lat' dir='ltr'><strong>comederint,</strong></span> <span class='ocrx_word' id='word_1_334' title='bbox 1436 2664 1557 2701; x_wconf 91' lang='lat' dir='ltr'><strong>cum</strong></span> <span class='ocrx_word' id='word_1_335' title='bbox 1607 2652 1744 2703; x_wconf 86' lang='lat' dir='ltr'><strong>servi</strong></span> <span class='ocrx_word' id='word_1_336' title='bbox 1794 2662 1991 2714; x_wconf 88' lang='lat' dir='ltr'><strong>essent,</strong></span> <span class='ocrx_word' id='word_1_337' title='bbox 2024 2654 2093 2706; x_wconf 88' lang='lat' dir='ltr'><strong>ob</strong></span> <span class='ocrx_word' id='word_1_338' title='bbox 2137 2654 2358 2709; x_wconf 79' lang='lat' dir='ltr'><strong>alterius</strong></span> 
     </span>
    </p>
   </div>
   <div class='ocr_carea' id='block_1_45' title="bbox 808 2736 2361 2811">
    <p class='ocr_par' dir='ltr' id='par_1_45' title="bbox 808 2736 2361 2811">
     <span class='ocr_line' id='line_1_45' title="bbox 808 2736 2361 2811; baseline 0.008 -24"><span class='ocrx_word' id='word_1_339' title='bbox 808 2736 1045 2789; x_wconf 80' lang='lat' dir='ltr'><strong>alimenti</strong></span> <span class='ocrx_word' id='word_1_340' title='bbox 1080 2740 1335 2805; x_wconf 85' lang='lat' dir='ltr'><strong>inopiam,</strong></span> <span class='ocrx_word' id='word_1_341' title='bbox 1369 2740 1547 2792; x_wconf 90' lang='lat' dir='ltr'><strong>cibum</strong></span> <span class='ocrx_word' id='word_1_342' title='bbox 1594 2741 1898 2794; x_wconf 82' lang='lat' dir='ltr'><strong>necessario</strong></span> <span class='ocrx_word' id='word_1_343' title='bbox 1926 2743 2171 2811; x_wconf 74' lang='lat' dir='ltr'><strong>exigente</strong></span> <span class='ocrx_word' id='word_1_344' title='bbox 2204 2754 2361 2799; x_wconf 87' lang='lat' dir='ltr'><strong>natu-</strong></span> 
     </span>
    </p>
   </div>
   <div class='ocr_carea' id='block_1_46' title="bbox 810 2828 2360 2895">
    <p class='ocr_par' dir='ltr' id='par_1_46' title="bbox 810 2828 2360 2895">
     <span class='ocr_line' id='line_1_46' title="bbox 810 2828 2360 2895; baseline 0.008 -20"><span class='ocrx_word' id='word_1_345' title='bbox 810 2841 900 2888; x_wconf 86' lang='lat' dir='ltr'><strong>ra;</strong></span> <span class='ocrx_word' id='word_1_346' title='bbox 929 2840 1031 2876; x_wconf 69' lang='lat' dir='ltr'><strong>non</strong></span> <span class='ocrx_word' id='word_1_347' title='bbox 1067 2836 1147 2877; x_wconf 78' lang='lat' dir='ltr'><strong>est</strong></span> <span class='ocrx_word' id='word_1_348' title='bbox 1178 2828 1278 2877; x_wconf 85' lang='lat' dir='ltr'><strong>hoc</strong></span> <span class='ocrx_word' id='word_1_349' title='bbox 1302 2841 1541 2895; x_wconf 84' lang='lat' dir='ltr'><strong>cousque</strong></span> <span class='ocrx_word' id='word_1_350' title='bbox 1572 2842 1751 2894; x_wconf 77' lang='lat' dir='ltr'><strong>grave,</strong></span> <span class='ocrx_word' id='word_1_351' title='bbox 1788 2837 1846 2882; x_wconf 87' lang='lat' dir='ltr'><strong>ut</strong></span> <span class='ocrx_word' id='word_1_352' title='bbox 1880 2838 1933 2882; x_wconf 84' lang='lat' dir='ltr'><strong>et</strong></span> <span class='ocrx_word' id='word_1_353' title='bbox 1966 2831 2209 2887; x_wconf 79' lang='lat' dir='ltr'><strong>criminis</strong></span> <span class='ocrx_word' id='word_1_354' title='bbox 2240 2830 2360 2887; x_wconf 84' lang='lat' dir='ltr'><strong>loco</strong></span> 
     </span>
    </p>
   </div>
   <div class='ocr_carea' id='block_1_47' title="bbox 2444 1929 4005 2003">
    <p class='ocr_par' dir='ltr' id='par_1_47' title="bbox 2444 1929 4005 2003">
     <span class='ocr_line' id='line_1_47' title="bbox 2444 1929 4005 2003; baseline 0.001 -22"><span class='ocrx_word' id='word_1_355' title='bbox 2444 1929 2729 1998; x_wconf 73' lang='grc' dir='ltr'><strong>ᾠκείωται,</strong></span> <span class='ocrx_word' id='word_1_356' title='bbox 2760 1932 2851 1983; x_wconf 71' lang='grc' dir='ltr'><strong>καὶ</strong></span> <span class='ocrx_word' id='word_1_357' title='bbox 2897 1931 3118 2003; x_wconf 82' lang='grc' dir='ltr'><strong>θάτερον</strong></span> <span class='ocrx_word' id='word_1_358' title='bbox 3151 1933 3361 2003; x_wconf 89' lang='grc' dir='ltr'><strong>θατέρῳ</strong></span> <span class='ocrx_word' id='word_1_359' title='bbox 3391 1933 3654 1983; x_wconf 72' lang='grc' dir='ltr'><strong>δουλεύει*</strong></span> <span class='ocrx_word' id='word_1_360' title='bbox 3702 1934 3729 1983; x_wconf 87' lang='grc' dir='ltr'>ὁ</span> <span class='ocrx_word' id='word_1_361' title='bbox 3777 1932 3831 1983; x_wconf 80' lang='grc' dir='ltr'><strong>δὲ</strong></span> <span class='ocrx_word' id='word_1_362' title='bbox 3872 1933 4005 1993; x_wconf 86' lang='grc' dir='ltr'><strong>Θεὸς</strong></span> 
     </span>
    </p>
   </div>
   <div class='ocr_carea' id='block_1_48' title="bbox 2446 2019 4005 2091">
    <p class='ocr_par' dir='ltr' id='par_1_48' title="bbox 2446 2019 4005 2091">
     <span class='ocr_line' id='line_1_48' title="bbox 2446 2019 4005 2091; baseline 0.002 -21"><span class='ocrx_word' id='word_1_363' title='bbox 2446 2019 2697 2087; x_wconf 74' lang='grc' dir='ltr'><strong>ἄπρακτα</strong></span> <span class='ocrx_word' id='word_1_364' title='bbox 2730 2020 2823 2071; x_wconf 76' lang='grc' dir='ltr'><strong>καὶ</strong></span> <span class='ocrx_word' id='word_1_365' title='bbox 2847 2022 2988 2089; x_wconf 76' lang='grc' dir='ltr'><strong>ἀργὰ</strong></span> <span class='ocrx_word' id='word_1_366' title='bbox 3019 2024 3229 2091; x_wconf 78' lang='grc' dir='ltr'><strong>ποιήσει</strong></span> <span class='ocrx_word' id='word_1_367' title='bbox 3262 2022 3447 2083; x_wconf 82' lang='grc' dir='ltr'><strong>ταῦτα,</strong></span> <span class='ocrx_word' id='word_1_368' title='bbox 3475 2023 3613 2074; x_wconf 84' lang='grc' dir='ltr'><strong>ὥστε</strong></span> <span class='ocrx_word' id='word_1_369' title='bbox 3643 2022 3714 2091; x_wconf 82' lang='grc' dir='ltr'><strong>μὴ</strong></span> <span class='ocrx_word' id='word_1_370' title='bbox 3737 2023 3795 2087; x_wconf 74' lang='grc' dir='ltr'>ἐξ</span> <span class='ocrx_word' id='word_1_371' title='bbox 3826 2024 4005 2075; x_wconf 71' lang='grc' dir='ltr'><strong>αὐτῶν</strong></span> 
     </span>
    </p>
   </div>
   <div class='ocr_carea' id='block_1_49' title="bbox 2446 2106 4007 2182">
    <p class='ocr_par' dir='ltr' id='par_1_49' title="bbox 2446 2106 4007 2182">
     <span class='ocr_line' id='line_1_49' title="bbox 2446 2106 4007 2182; baseline 0.004 -24"><span class='ocrx_word' id='word_1_372' title='bbox 2446 2108 2597 2170; x_wconf 78' lang='grc' dir='ltr'><strong>τινας</strong></span> <span class='ocrx_word' id='word_1_373' title='bbox 2631 2108 3170 2176; x_wconf 83' lang='grc' dir='ltr'><strong>βλάπτεσθαι.Ἔοικε</strong></span> <span class='ocrx_word' id='word_1_374' title='bbox 3202 2112 3257 2164; x_wconf 82' lang='grc' dir='ltr'><strong>δὲ</strong></span> <span class='ocrx_word' id='word_1_375' title='bbox 3290 2115 3317 2165; x_wconf 84' lang='grc' dir='ltr'>ὁ</span> <span class='ocrx_word' id='word_1_376' title='bbox 3346 2114 3496 2179; x_wconf 85' lang='grc' dir='ltr'><strong>ἆγιος</strong></span> <span class='ocrx_word' id='word_1_377' title='bbox 3526 2106 3675 2174; x_wconf 73' lang='grc' dir='ltr'><strong>οὗτος</strong></span> <span class='ocrx_word' id='word_1_378' title='bbox 3703 2113 4007 2182; x_wconf 68' lang='grc' dir='ltr'><strong>χρήσασθαι</strong></span> 
     </span>
    </p>
   </div>
   <div class='ocr_carea' id='block_1_50' title="bbox 2444 2200 4008 2271">
    <p class='ocr_par' dir='ltr' id='par_1_50' title="bbox 2444 2200 4008 2271">
     <span class='ocr_line' id='line_1_50' title="bbox 2444 2200 4008 2271; baseline 0.004 -23"><span class='ocrx_word' id='word_1_379' title='bbox 2444 2200 2553 2259; x_wconf 81' lang='grc' dir='ltr'><strong>τοῖς</strong></span> <span class='ocrx_word' id='word_1_380' title='bbox 2598 2200 2965 2262; x_wconf 80' lang='grc' dir='ltr'><strong>ἁποστολικοῖς</strong></span> <span class='ocrx_word' id='word_1_381' title='bbox 3016 2204 3246 2271; x_wconf 77' lang='grc' dir='ltr'><strong>ῥήμασιν</strong></span> <span class='ocrx_word' id='word_1_382' title='bbox 3279 2201 3503 2253; x_wconf 77' lang='grc' dir='ltr'><strong>ἐνταῦθα</strong></span> <span class='ocrx_word' id='word_1_383' title='bbox 3526 2241 3539 2264; x_wconf 91' lang='grc'><strong>,</strong></span> <span class='ocrx_word' id='word_1_384' title='bbox 3572 2202 3800 2262; x_wconf 77' lang='grc' dir='ltr'><strong>δεικνὺς,</strong></span> <span class='ocrx_word' id='word_1_385' title='bbox 3828 2203 3909 2254; x_wconf 84' lang='grc' dir='ltr'><strong>ὅτι</strong></span> <span class='ocrx_word' id='word_1_386' title='bbox 3942 2204 4008 2254; x_wconf 68' lang='grc' dir='ltr'><strong>τὰ</strong></span> 
     </span>
    </p>
   </div>
   <div class='ocr_carea' id='block_1_51' title="bbox 2446 2288 4004 2361">
    <p class='ocr_par' dir='ltr' id='par_1_51' title="bbox 2446 2288 4004 2361">
     <span class='ocr_line' id='line_1_51' title="bbox 2446 2288 4004 2361; baseline 0.002 -22"><span class='ocrx_word' id='word_1_387' title='bbox 2446 2288 2582 2340; x_wconf 76' lang='grc' dir='ltr'><strong>κατὰ</strong></span> <span class='ocrx_word' id='word_1_388' title='bbox 2610 2289 2815 2360; x_wconf 81' lang='grc' dir='ltr'><strong>τρυφὴν</strong></span> <span class='ocrx_word' id='word_1_389' title='bbox 2847 2291 2937 2342; x_wconf 77' lang='grc' dir='ltr'><strong>καὶ</strong></span> <span class='ocrx_word' id='word_1_390' title='bbox 2980 2291 3284 2360; x_wconf 81' lang='grc' dir='ltr'><strong>ἀδηφαγίαν</strong></span> <span class='ocrx_word' id='word_1_391' title='bbox 3313 2292 3569 2359; x_wconf 82' lang='grc' dir='ltr'><strong>γινόμενα</strong></span> <span class='ocrx_word' id='word_1_392' title='bbox 3605 2291 4004 2361; x_wconf 74' lang='grc' dir='ltr'><strong>διαϐέϐληνται,</strong></span> 
     </span>
    </p>
   </div>
   <div class='ocr_carea' id='block_1_52' title="bbox 2450 2376 4007 2449">
    <p class='ocr_par' dir='ltr' id='par_1_52' title="bbox 2450 2376 4007 2449">
     <span class='ocr_line' id='line_1_52' title="bbox 2450 2376 4007 2449; baseline 0.004 -23"><span class='ocrx_word' id='word_1_393' title='bbox 2450 2376 2539 2426; x_wconf 78' lang='grc' dir='ltr'><strong>καὶ</strong></span> <span class='ocrx_word' id='word_1_394' title='bbox 2576 2378 2859 2445; x_wconf 69' lang='grc' dir='ltr'><strong>ἐπιτιμίων</strong></span> <span class='ocrx_word' id='word_1_395' title='bbox 2896 2380 3028 2430; x_wconf 74' lang='grc' dir='ltr'><strong>εἰσὶν</strong></span> <span class='ocrx_word' id='word_1_396' title='bbox 3051 2376 3193 2441; x_wconf 76' lang='grc' dir='ltr'><strong>ἄξια,</strong></span> <span class='ocrx_word' id='word_1_397' title='bbox 3224 2378 3282 2431; x_wconf 86' lang='grc' dir='ltr'><strong>οὺ</strong></span> <span class='ocrx_word' id='word_1_398' title='bbox 3304 2378 3373 2429; x_wconf 83' lang='grc' dir='ltr'><strong>τὰ</strong></span> <span class='ocrx_word' id='word_1_399' title='bbox 3399 2378 3464 2430; x_wconf 80' lang='grc' dir='ltr'><strong>δι’</strong></span> <span class='ocrx_word' id='word_1_400' title='bbox 3490 2380 3732 2449; x_wconf 81' lang='grc' dir='ltr'><strong>ἀνάγκην</strong></span> <span class='ocrx_word' id='word_1_401' title='bbox 3763 2382 3856 2431; x_wconf 79' lang='grc' dir='ltr'><strong>καὶ</strong></span> <span class='ocrx_word' id='word_1_402' title='bbox 3888 2381 4007 2449; x_wconf 82' lang='grc' dir='ltr'><strong>βίαν</strong></span> 
     </span>
    </p>
   </div>
   <div class='ocr_carea' id='block_1_53' title="bbox 2447 2466 4009 2537">
    <p class='ocr_par' dir='ltr' id='par_1_53' title="bbox 2447 2466 4009 2537">
     <span class='ocr_line' id='line_1_53' title="bbox 2447 2466 4009 2537; baseline 0.004 -22"><span class='ocrx_word' id='word_1_403' title='bbox 2447 2468 2791 2535; x_wconf 73' lang='grc' dir='ltr'><strong>σωματικήνο</strong></span> <span class='ocrx_word' id='word_1_404' title='bbox 2844 2466 2982 2519; x_wconf 82' lang='grc' dir='ltr'><strong>ὥστε</strong></span> <span class='ocrx_word' id='word_1_405' title='bbox 3035 2467 3135 2519; x_wconf 80' lang='grc' dir='ltr'><strong>κᾶν</strong></span> <span class='ocrx_word' id='word_1_406' title='bbox 3184 2467 3381 2534; x_wconf 74' lang='grc' dir='ltr'><strong>ἔφαγον</strong></span> <span class='ocrx_word' id='word_1_407' title='bbox 3426 2470 3473 2520; x_wconf 75' lang='lat' dir='ltr'><strong>oi</strong></span> <span class='ocrx_word' id='word_1_408' title='bbox 3521 2469 3848 2537; x_wconf 86' lang='grc' dir='ltr'><strong>αίχμάλωτοί</strong></span> <span class='ocrx_word' id='word_1_409' title='bbox 3889 2487 4009 2521; x_wconf 69' lang='grc' dir='ltr'><strong>τινα</strong></span> 
     </span>
    </p>
   </div>
   <div class='ocr_carea' id='block_1_54' title="bbox 2450 2555 4007 2627">
    <p class='ocr_par' dir='ltr' id='par_1_54' title="bbox 2450 2555 4007 2627">
     <span class='ocr_line' id='line_1_54' title="bbox 2450 2555 4007 2627; baseline 0.004 -21"><span class='ocrx_word' id='word_1_410' title='bbox 2450 2555 2708 2626; x_wconf 88' lang='grc' dir='ltr'><strong>βρώματα</strong></span> <span class='ocrx_word' id='word_1_411' title='bbox 2729 2556 2835 2609; x_wconf 85' lang='grc' dir='ltr'><strong>τῶν</strong></span> <span class='ocrx_word' id='word_1_412' title='bbox 2862 2557 3338 2627; x_wconf 75' lang='grc' dir='ltr'><strong>ἀπηγορευμένων,</strong></span> <span class='ocrx_word' id='word_1_413' title='bbox 3364 2558 3535 2611; x_wconf 82' lang='grc' dir='ltr'><strong>δοῦλοι</strong></span> <span class='ocrx_word' id='word_1_414' title='bbox 3566 2561 3735 2623; x_wconf 75' lang='grc' dir='ltr'><strong>ὄντες,</strong></span> <span class='ocrx_word' id='word_1_415' title='bbox 3779 2562 3847 2612; x_wconf 77' lang='grc' dir='ltr'><strong>δι’</strong></span> <span class='ocrx_word' id='word_1_416' title='bbox 3872 2562 4007 2612; x_wconf 71' lang='grc' dir='ltr'><strong>ἁπο-</strong></span> 
     </span>
    </p>
   </div>
   <div class='ocr_carea' id='block_1_55' title="bbox 2451 2645 4009 2717">
    <p class='ocr_par' dir='ltr' id='par_1_55' title="bbox 2451 2645 4009 2717">
     <span class='ocr_line' id='line_1_55' title="bbox 2451 2645 4009 2717; baseline 0.001 -20"><span class='ocrx_word' id='word_1_417' title='bbox 2451 2646 2570 2715; x_wconf 91' lang='grc' dir='ltr'><strong>ρίαν</strong></span> <span class='ocrx_word' id='word_1_418' title='bbox 2600 2645 2787 2716; x_wconf 77' lang='grc' dir='ltr'><strong>ἑτέρας</strong></span> <span class='ocrx_word' id='word_1_419' title='bbox 2817 2646 3040 2716; x_wconf 82' lang='grc' dir='ltr'><strong>τροφῆς,</strong></span> <span class='ocrx_word' id='word_1_420' title='bbox 3071 2646 3168 2714; x_wconf 79' lang='grc' dir='ltr'><strong>τῆς</strong></span> <span class='ocrx_word' id='word_1_421' title='bbox 3213 2647 3421 2713; x_wconf 88' lang='grc' dir='ltr'><strong>φύσεως</strong></span> <span class='ocrx_word' id='word_1_422' title='bbox 3465 2650 3731 2717; x_wconf 79' lang='grc' dir='ltr'><strong>τραφῆναι</strong></span> <span class='ocrx_word' id='word_1_423' title='bbox 3761 2648 4009 2716; x_wconf 77' lang='grc' dir='ltr'><strong>βιαζομέ-</strong></span> 
     </span>
    </p>
   </div>
   <div class='ocr_carea' id='block_1_56' title="bbox 2446 2737 4002 2809">
    <p class='ocr_par' dir='ltr' id='par_1_56' title="bbox 2446 2737 4002 2809">
     <span class='ocr_line' id='line_1_56' title="bbox 2446 2737 4002 2809; baseline 0.001 -21"><span class='ocrx_word' id='word_1_424' title='bbox 2446 2753 2561 2806; x_wconf 88' lang='grc' dir='ltr'><strong>νης,</strong></span> <span class='ocrx_word' id='word_1_425' title='bbox 2596 2737 2655 2788; x_wconf 84' lang='grc' dir='ltr'><strong>οὐ</strong></span> <span class='ocrx_word' id='word_1_426' title='bbox 2705 2737 2839 2806; x_wconf 76' lang='grc' dir='ltr'><strong>βαρὺ</strong></span> <span class='ocrx_word' id='word_1_427' title='bbox 2884 2737 3059 2799; x_wconf 80' lang='grc' dir='ltr'><strong>τοῦτο,</strong></span> <span class='ocrx_word' id='word_1_428' title='bbox 3093 2738 3167 2799; x_wconf 83' lang='grc' dir='ltr'><strong>ὡς</strong></span> <span class='ocrx_word' id='word_1_429' title='bbox 3203 2739 3294 2791; x_wconf 78' lang='grc' dir='ltr'><strong>καὶ</strong></span> <span class='ocrx_word' id='word_1_430' title='bbox 3338 2740 3635 2809; x_wconf 63' lang='grc' dir='ltr'><strong>ἁμάρτημα</strong></span> <span class='ocrx_word' id='word_1_431' title='bbox 3666 2738 4002 2808; x_wconf 84' lang='grc' dir='ltr'><strong>λογισθῆναι.</strong></span> 
     </span>
    </p>
   </div>
   <div class='ocr_carea' id='block_1_57' title="bbox 2458 2802 4008 2899">
    <p class='ocr_par' dir='ltr' id='par_1_57' title="bbox 2458 2802 4008 2899">
     <span class='ocr_line' id='line_1_57' title="bbox 2458 2802 4008 2899; baseline 0.002 -22"><span class='ocrx_word' id='word_1_432' title='bbox 2458 2802 2551 2878; x_wconf 64' lang='grc' dir='ltr'><strong>’ἐκ</strong></span> <span class='ocrx_word' id='word_1_433' title='bbox 2576 2826 2630 2877; x_wconf 83' lang='grc' dir='ltr'><strong>δὲ</strong></span> <span class='ocrx_word' id='word_1_434' title='bbox 2657 2802 2750 2878; x_wconf 83' lang='grc' dir='ltr'><strong>τοῦ</strong></span> <span class='ocrx_word' id='word_1_435' title='bbox 2776 2802 3107 2895; x_wconf 22' lang='grc' dir='ltr'><strong>ήΕὐαγγελίου</strong></span> <span class='ocrx_word' id='word_1_436' title='bbox 3133 2802 3529 2898; x_wconf 42' lang='grc' dir='ltr'><strong>ἐχρήσατοθτοῖς</strong></span> <span class='ocrx_word' id='word_1_437' title='bbox 3545 2802 3644 2879; x_wconf 39' lang='grc' dir='ltr'><strong>’τοῦ</strong></span> <span class='ocrx_word' id='word_1_438' title='bbox 3673 2802 3889 2898; x_wconf 36' lang='grc' dir='ltr'><strong>κυρίου,</strong></span> <span class='ocrx_word' id='word_1_439' title='bbox 3912 2832 4008 2899; x_wconf 63' lang='grc' dir='ltr'><strong>μή-</strong></span> 
     </span>
    </p>
   </div>
   <div class='ocr_carea' id='block_1_58' title="bbox 808 2912 2476 2988">
    <p class='ocr_par' dir='ltr' id='par_1_58' title="bbox 808 2912 2476 2988">
     <span class='ocr_line' id='line_1_58' title="bbox 808 2912 2476 2988; baseline 0.007 -21"><span class='ocrx_word' id='word_1_440' title='bbox 808 2912 1054 2968; x_wconf 67' lang='lat' dir='ltr'><strong>Rucatur.</strong></span> <span class='ocrx_word' id='word_1_441' title='bbox 1093 2918 1165 2969; x_wconf 76' lang='lat' dir='ltr'><strong>Ex</strong></span> <span class='ocrx_word' id='word_1_442' title='bbox 1202 2916 1488 2988; x_wconf 82' lang='lat' dir='ltr'><strong>Evangelio</strong></span> <span class='ocrx_word' id='word_1_443' title='bbox 1515 2930 1695 2972; x_wconf 90' lang='lat' dir='ltr'><strong>autem</strong></span> <span class='ocrx_word' id='word_1_444' title='bbox 1738 2934 1870 2973; x_wconf 89' lang='lat' dir='ltr'><strong>usus</strong></span> <span class='ocrx_word' id='word_1_445' title='bbox 1899 2929 1980 2973; x_wconf 87' lang='lat' dir='ltr'><strong>est</strong></span> <span class='ocrx_word' id='word_1_446' title='bbox 2016 2920 2119 2975; x_wconf 87' lang='lat' dir='ltr'><strong>illis</strong></span> <span class='ocrx_word' id='word_1_447' title='bbox 2148 2919 2357 2976; x_wconf 87' lang='lat' dir='ltr'><strong>Domini</strong></span> <span class='ocrx_word' id='word_1_448' title='bbox 2448 2933 2476 2985; x_wconf 77' lang='grc' dir='ltr'><strong>μ</strong></span> 
     </span>
    </p>
   </div>
   <div class='ocr_carea' id='block_1_59' title="bbox 2342 2912 4010 2988">
    <p class='ocr_par' dir='ltr' id='par_1_59' title="bbox 2345 2918 4010 2986">
     <span class='ocr_line' id='line_1_59' title="bbox 2345 2918 4010 2986; baseline 0.003 -19"><span class='ocrx_word' id='word_1_449' title='bbox 2345 2924 2357 2976; x_wconf 90' lang='lat' dir='ltr'><strong>i</strong></span> <span class='ocrx_word' id='word_1_450' title='bbox 2448 2933 2580 2985; x_wconf 86' lang='grc' dir='ltr'><strong>μασι</strong></span> <span class='ocrx_word' id='word_1_451' title='bbox 2608 2921 2718 2979; x_wconf 88' lang='grc' dir='ltr'><strong>τοῖς</strong></span> <span class='ocrx_word' id='word_1_452' title='bbox 2747 2918 3011 2984; x_wconf 87' lang='grc' dir='ltr'><strong>λέγουσιν,</strong></span> <span class='ocrx_word' id='word_1_453' title='bbox 3044 2920 3144 2981; x_wconf 84' lang='grc' dir='ltr'><strong>ὅτι,</strong></span> <span class='ocrx_word' id='word_1_454' title='bbox 3185 2922 3265 2972; x_wconf 83' lang='grc' dir='ltr'><strong>Οὐ</strong></span> <span class='ocrx_word' id='word_1_455' title='bbox 3290 2920 3353 2971; x_wconf 81' lang='grc' dir='ltr'><strong>τὸ</strong></span> <span class='ocrx_word' id='word_1_456' title='bbox 3376 2922 3871 2986; x_wconf 59' lang='grc' dir='ltr'><strong>εἰσπορευόμενον</strong></span> <span class='ocrx_word' id='word_1_457' title='bbox 3896 2938 4010 2972; x_wconf 82' lang='grc' dir='ltr'><strong>κοι-</strong></span> 
     </span>
    </p>
   </div>
   <div class='ocr_carea' id='block_1_60' title="bbox 812 3006 2480 3079">
    <p class='ocr_par' dir='ltr' id='par_1_60' title="bbox 812 3006 2480 3078">
     <span class='ocr_line' id='line_1_60' title="bbox 812 3006 2480 3078; baseline 0.005 -25"><span class='ocrx_word' id='word_1_458' title='bbox 812 3007 1033 3058; x_wconf 75' lang='lat' dir='ltr'><strong>wrbis:</strong></span> <span class='ocrx_word' id='word_1_459' title='bbox 1078 3006 1198 3058; x_wconf 81' lang='lat' dir='ltr'><strong>Non</strong></span> <span class='ocrx_word' id='word_1_460' title='bbox 1240 3011 1376 3075; x_wconf 82' lang='lat' dir='ltr'><strong>quod</strong></span> <span class='ocrx_word' id='word_1_461' title='bbox 1404 3011 1565 3063; x_wconf 76' lang='lat' dir='ltr'><strong>intrat</strong></span> <span class='ocrx_word' id='word_1_462' title='bbox 1609 3027 1699 3077; x_wconf 72' lang='lat' dir='ltr'><strong>per</strong></span> <span class='ocrx_word' id='word_1_463' title='bbox 1744 3027 1821 3074; x_wconf 84' lang='lat' dir='ltr'><strong>os,</strong></span> <span class='ocrx_word' id='word_1_464' title='bbox 1852 3012 2153 3078; x_wconf 81' lang='lat' dir='ltr'><strong>coinquinat</strong></span> <span class='ocrx_word' id='word_1_465' title='bbox 2195 3012 2357 3064; x_wconf 78' lang='lat' dir='ltr'><strong>homt-</strong></span> <span class='ocrx_word' id='word_1_466' title='bbox 2444 3025 2480 3061; x_wconf 72' lang='grc' dir='ltr'><em>ν</em></span> 
     </span>
    </p>
   </div>
   <div class='ocr_carea' id='block_1_61' title="bbox 2338 3006 4006 3079">
    <p class='ocr_par' dir='ltr' id='par_1_61' title="bbox 2340 3007 4006 3079">
     <span class='ocr_line' id='line_1_61' title="bbox 2340 3007 4006 3079; baseline -0.001 -18"><span class='ocrx_word' id='word_1_467' title='bbox 2340 3042 2357 3052; x_wconf 89' lang='lat'><strong>-</strong></span> <span class='ocrx_word' id='word_1_468' title='bbox 2444 3007 2541 3061; x_wconf 59' lang='lat' dir='ltr'><strong>MOI</strong></span> <span class='ocrx_word' id='word_1_469' title='bbox 2564 3008 2670 3059; x_wconf 79' lang='grc' dir='ltr'><strong>τὸν</strong></span> <span class='ocrx_word' id='word_1_470' title='bbox 2691 3008 2997 3075; x_wconf 78' lang='grc' dir='ltr'><strong>ἄνθρωπον</strong></span> <span class='ocrx_word' id='word_1_471' title='bbox 3015 3026 3027 3037; x_wconf 82' lang='lat'><strong><em>°</em></strong></span> <span class='ocrx_word' id='word_1_472' title='bbox 3055 3010 3147 3060; x_wconf 69' lang='grc' dir='ltr'><strong>καὶ</strong></span> <span class='ocrx_word' id='word_1_473' title='bbox 3173 3010 3342 3061; x_wconf 80' lang='grc' dir='ltr'><strong>ταῦτα</strong></span> <span class='ocrx_word' id='word_1_474' title='bbox 3365 3009 3418 3060; x_wconf 73' lang='grc' dir='ltr'><strong>δὲ</strong></span> <span class='ocrx_word' id='word_1_475' title='bbox 3446 3008 3579 3078; x_wconf 80' lang='grc' dir='ltr'><strong>πρὸς</strong></span> <span class='ocrx_word' id='word_1_476' title='bbox 3594 3010 3691 3078; x_wconf 75' lang='grc' dir='ltr'><strong>τὴν</strong></span> <span class='ocrx_word' id='word_1_477' title='bbox 3711 3010 4006 3079; x_wconf 75' lang='grc' dir='ltr'><strong>εἰρημένην</strong></span> 
     </span>
    </p>
   </div>
   <div class='ocr_carea' id='block_1_62' title="bbox 811 3097 2479 3169">
    <p class='ocr_par' dir='ltr' id='par_1_62' title="bbox 811 3098 2475 3169">
     <span class='ocr_line' id='line_1_62' title="bbox 811 3098 2475 3169; baseline 0.008 -24"><span class='ocrx_word' id='word_1_478' title='bbox 811 3111 965 3157; x_wconf 76' lang='lat' dir='ltr'><strong>nent;</strong></span> <span class='ocrx_word' id='word_1_479' title='bbox 1010 3105 1060 3148; x_wconf 82' lang='lat' dir='ltr'><strong>ct</strong></span> <span class='ocrx_word' id='word_1_480' title='bbox 1088 3099 1151 3148; x_wconf 86' lang='lat' dir='ltr'><strong>ad</strong></span> <span class='ocrx_word' id='word_1_481' title='bbox 1179 3098 1423 3151; x_wconf 88' lang='lat' dir='ltr'><strong>eamdem</strong></span> <span class='ocrx_word' id='word_1_482' title='bbox 1470 3100 1583 3153; x_wconf 59' lang='lat' dir='ltr'><strong>hate</strong></span> <span class='ocrx_word' id='word_1_483' title='bbox 1624 3116 1838 3169; x_wconf 85' lang='lat' dir='ltr'><strong>quoque</strong></span> <span class='ocrx_word' id='word_1_484' title='bbox 1868 3103 2185 3156; x_wconf 86' lang='lat' dir='ltr'><strong>sententiam</strong></span> <span class='ocrx_word' id='word_1_485' title='bbox 2234 3104 2364 3158; x_wconf 88' lang='lat' dir='ltr'><strong>rele-</strong></span> <span class='ocrx_word' id='word_1_486' title='bbox 2443 3112 2475 3147; x_wconf 79' lang='grc' dir='ltr'><strong>τ</strong></span> 
     </span>
    </p>
   </div>
   <div class='ocr_carea' id='block_1_63' title="bbox 2338 3097 4006 3169">
    <p class='ocr_par' dir='ltr' id='par_1_63' title="bbox 2338 3097 4006 3168">
     <span class='ocr_line' id='line_1_63' title="bbox 2338 3097 4006 3168; baseline 0.002 -21"><span class='ocrx_word' id='word_1_487' title='bbox 2338 3125 2364 3155; x_wconf 61' lang='grc' dir='ltr'><strong>ε..</strong></span> <span class='ocrx_word' id='word_1_488' title='bbox 2443 3097 2706 3149; x_wconf 84' lang='grc' dir='ltr'><strong>τείνουσιν</strong></span> <span class='ocrx_word' id='word_1_489' title='bbox 2750 3097 2972 3151; x_wconf 81' lang='grc' dir='ltr'><strong>ἔννοιαν.</strong></span> <span class='ocrx_word' id='word_1_490' title='bbox 3022 3098 3151 3150; x_wconf 79' lang='grc' dir='ltr'><strong>Εἶτα</strong></span> <span class='ocrx_word' id='word_1_491' title='bbox 3202 3098 3297 3150; x_wconf 77' lang='grc' dir='ltr'><strong>καὶ</strong></span> <span class='ocrx_word' id='word_1_492' title='bbox 3348 3100 3474 3168; x_wconf 72' lang='grc' dir='ltr'><strong>περὶ</strong></span> <span class='ocrx_word' id='word_1_493' title='bbox 3520 3099 3790 3165; x_wconf 79' lang='grc' dir='ltr'><strong>γυναικῶν</strong></span> <span class='ocrx_word' id='word_1_494' title='bbox 3843 3116 4006 3168; x_wconf 75' lang='grc' dir='ltr'><strong>φησιν</strong></span> 
     </span>
    </p>
   </div>
   <div class='ocr_carea' id='block_1_64' title="bbox 804 3184 2472 3281">
    <p class='ocr_par' dir='ltr' id='par_1_64' title="bbox 804 3186 2472 3281">
     <span class='ocr_line' id='line_1_64' title="bbox 804 3186 2472 3281; baseline 0.007 -44"><span class='ocrx_word' id='word_1_495' title='bbox 804 3196 1012 3239; x_wconf 79' lang='lat' dir='ltr'><strong>rtmtur.</strong></span> <span class='ocrx_word' id='word_1_496' title='bbox 1058 3186 1191 3241; x_wconf 89' lang='lat' dir='ltr'><strong>llinc</strong></span> <span class='ocrx_word' id='word_1_497' title='bbox 1221 3189 1286 3241; x_wconf 91' lang='lat' dir='ltr'><strong>de</strong></span> <span class='ocrx_word' id='word_1_498' title='bbox 1334 3190 1648 3243; x_wconf 87' lang='lat' dir='ltr'><strong>mulieribus</strong></span> <span class='ocrx_word' id='word_1_499' title='bbox 1681 3207 1894 3261; x_wconf 88' lang='lat' dir='ltr'><strong>quoque</strong></span> <span class='ocrx_word' id='word_1_500' title='bbox 1918 3194 2142 3261; x_wconf 79' lang='lat' dir='ltr'><strong>captivis</strong></span> <span class='ocrx_word' id='word_1_501' title='bbox 2184 3210 2305 3263; x_wconf 73' lang='lat' dir='ltr'><strong>qua:</strong></span> <span class='ocrx_word' id='word_1_502' title='bbox 2332 3211 2361 3248; x_wconf 89' lang='lat' dir='ltr'><strong>a</strong></span> <span class='ocrx_word' id='word_1_503' title='bbox 2384 3204 2472 3281; x_wconf 53' lang='lat' dir='ltr'><strong>cf</strong></span> 
     </span>
    </p>
   </div>
   <div class='ocr_carea' id='block_1_65' title="bbox 2333 3184 4001 3281">
    <p class='ocr_par' dir='ltr' id='par_1_65' title="bbox 2333 3184 4001 3281">
     <span class='ocr_line' id='line_1_65' title="bbox 2333 3184 4001 3281; baseline 0.001 -44"><span class='ocrx_word' id='word_1_504' title='bbox 2333 3211 2361 3248; x_wconf 66' lang='grc' dir='ltr'><strong>ο</strong></span> <span class='ocrx_word' id='word_1_505' title='bbox 2384 3225 2423 3281; x_wconf 75' lang='lat' dir='ltr'>c</span> <span class='ocrx_word' id='word_1_506' title='bbox 2446 3186 2799 3281; x_wconf 76' lang='grc' dir='ltr'><strong>αίχμαλώτων</strong></span> <span class='ocrx_word' id='word_1_507' title='bbox 2824 3184 2909 3281; x_wconf 74' lang='grc' dir='ltr'><strong>αἷς</strong></span> <span class='ocrx_word' id='word_1_508' title='bbox 2939 3190 2983 3239; x_wconf 80' lang='lat' dir='ltr'><strong>oi</strong></span> <span class='ocrx_word' id='word_1_509' title='bbox 3027 3187 3287 3281; x_wconf 75' lang='grc' dir='ltr'><strong>βάρϐαροι</strong></span> <span class='ocrx_word' id='word_1_510' title='bbox 3328 3188 3753 3281; x_wconf 67' lang='grc' dir='ltr'><strong>σύνεφθάρησαν.</strong></span> <span class='ocrx_word' id='word_1_511' title='bbox 3786 3189 3894 3240; x_wconf 74' lang='grc' dir='ltr'><strong>Καὶ</strong></span> <span class='ocrx_word' id='word_1_512' title='bbox 3924 3189 4001 3239; x_wconf 85' lang='grc' dir='ltr'><strong>δί-</strong></span> 
     </span>
    </p>
   </div>
   <div class='ocr_carea' id='block_1_66' title="bbox 810 3276 2478 3354">
    <p class='ocr_par' dir='ltr' id='par_1_66' title="bbox 810 3276 2478 3354">
     <span class='ocr_line' id='line_1_66' title="bbox 810 3276 2478 3354; baseline 0.008 -27"><span class='ocrx_word' id='word_1_513' title='bbox 810 3276 1053 3330; x_wconf 74' lang='lat' dir='ltr'><strong>lturlzaris</strong></span> <span class='ocrx_word' id='word_1_514' title='bbox 1084 3289 1349 3347; x_wconf 64' lang='lat' dir='ltr'><strong>corrupta:</strong></span> <span class='ocrx_word' id='word_1_515' title='bbox 1381 3288 1524 3345; x_wconf 90' lang='lat' dir='ltr'><strong>sunt,</strong></span> <span class='ocrx_word' id='word_1_516' title='bbox 1555 3282 1801 3348; x_wconf 89' lang='lat' dir='ltr'><strong>disserit;</strong></span> <span class='ocrx_word' id='word_1_517' title='bbox 1834 3293 1993 3351; x_wconf 87' lang='lat' dir='ltr'><strong>atque</strong></span> <span class='ocrx_word' id='word_1_518' title='bbox 2024 3284 2092 3337; x_wconf 89' lang='lat' dir='ltr'><strong>ita</strong></span> <span class='ocrx_word' id='word_1_519' title='bbox 2121 3300 2363 3354; x_wconf 90' lang='lat' dir='ltr'><strong>pronun-</strong></span> <span class='ocrx_word' id='word_1_520' title='bbox 2394 3276 2422 3281; x_wconf 34' lang='grc' dir='ltr'>ν</span> <span class='ocrx_word' id='word_1_521' title='bbox 2445 3276 2478 3327; x_wconf 80' lang='grc' dir='ltr'><strong>δ</strong></span> 
     </span>
    </p>
   </div>
   <div class='ocr_carea' id='block_1_67' title="bbox 2336 3276 4004 3354">
    <p class='ocr_par' dir='ltr' id='par_1_67' title="bbox 2340 3276 4004 3346">
     <span class='ocr_line' id='line_1_67' title="bbox 2340 3276 4004 3346; baseline 0.002 -20"><span class='ocrx_word' id='word_1_522' title='bbox 2340 3316 2363 3325; x_wconf 91' lang='grc'><strong>-</strong></span> <span class='ocrx_word' id='word_1_523' title='bbox 2394 3276 2422 3281; x_wconf 36' lang='grc' dir='ltr'>ν</span> <span class='ocrx_word' id='word_1_524' title='bbox 2445 3276 2573 3328; x_wconf 90' lang='grc' dir='ltr'><strong>δωσι</strong></span> <span class='ocrx_word' id='word_1_525' title='bbox 2606 3277 2846 3345; x_wconf 87' lang='grc' dir='ltr'><strong>γνώμην,</strong></span> <span class='ocrx_word' id='word_1_526' title='bbox 2876 3279 2975 3339; x_wconf 82' lang='grc' dir='ltr'><strong>ὅτι,</strong></span> <span class='ocrx_word' id='word_1_527' title='bbox 3005 3281 3051 3330; x_wconf 90' lang='grc' dir='ltr'><strong>εί</strong></span> <span class='ocrx_word' id='word_1_528' title='bbox 3081 3279 3175 3346; x_wconf 88' lang='grc' dir='ltr'><strong>μὲν</strong></span> <span class='ocrx_word' id='word_1_529' title='bbox 3206 3279 3233 3328; x_wconf 85' lang='grc' dir='ltr'>ὁ</span> <span class='ocrx_word' id='word_1_530' title='bbox 3270 3276 3456 3346; x_wconf 86' lang='grc' dir='ltr'><strong>πρώην</strong></span> <span class='ocrx_word' id='word_1_531' title='bbox 3485 3278 3660 3328; x_wconf 85' lang='grc' dir='ltr'><strong>αὐτῶν</strong></span> <span class='ocrx_word' id='word_1_532' title='bbox 3701 3277 3811 3345; x_wconf 86' lang='grc' dir='ltr'><strong>βίος</strong></span> <span class='ocrx_word' id='word_1_533' title='bbox 3842 3296 4004 3329; x_wconf 85' lang='grc' dir='ltr'><strong>κατε-</strong></span> 
     </span>
    </p>
   </div>
   <div class='ocr_carea' id='block_1_68' title="bbox 808 3359 2476 3436">
    <p class='ocr_par' dir='ltr' id='par_1_68' title="bbox 808 3368 2476 3436">
     <span class='ocr_line' id='line_1_68' title="bbox 808 3368 2476 3436; baseline 0.009 -19"><span class='ocrx_word' id='word_1_534' title='bbox 808 3379 898 3420; x_wconf 82' lang='lat' dir='ltr'><strong>t;at</strong></span> <span class='ocrx_word' id='word_1_535' title='bbox 938 3386 950 3419; x_wconf 93' lang='lat'>:</span> <span class='ocrx_word' id='word_1_536' title='bbox 986 3368 1028 3421; x_wconf 89' lang='lat' dir='ltr'><strong>si</strong></span> <span class='ocrx_word' id='word_1_537' title='bbox 1060 3369 1276 3436; x_wconf 84' lang='lat' dir='ltr'><strong>quidem</strong></span> <span class='ocrx_word' id='word_1_538' title='bbox 1305 3371 1517 3425; x_wconf 87' lang='lat' dir='ltr'><strong>illarum</strong></span> <span class='ocrx_word' id='word_1_539' title='bbox 1553 3383 1790 3427; x_wconf 85' lang='lat' dir='ltr'><strong>anteacta</strong></span> <span class='ocrx_word' id='word_1_540' title='bbox 1824 3376 1927 3428; x_wconf 88' lang='lat' dir='ltr'><strong>vita</strong></span> <span class='ocrx_word' id='word_1_541' title='bbox 1966 3377 2217 3432; x_wconf 81' lang='lat' dir='ltr'><strong>damnata</strong></span> <span class='ocrx_word' id='word_1_542' title='bbox 2249 3381 2363 3436; x_wconf 82' lang='lat' dir='ltr'><strong>fue-</strong></span> <span class='ocrx_word' id='word_1_543' title='bbox 2444 3380 2476 3432; x_wconf 81' lang='grc' dir='ltr'><strong>γ</strong></span> 
     </span>
    </p>
   </div>
   <div class='ocr_carea' id='block_1_69' title="bbox 2334 3359 4002 3436">
    <p class='ocr_par' dir='ltr' id='par_1_69' title="bbox 2334 3359 4002 3433">
     <span class='ocr_line' id='line_1_69' title="bbox 2334 3359 4002 3433; baseline 0.001 -19"><span class='ocrx_word' id='word_1_544' title='bbox 2334 3406 2363 3429; x_wconf 31' lang='grc' dir='ltr'><strong>ξ,</strong></span> <span class='ocrx_word' id='word_1_545' title='bbox 2444 3363 2750 3432; x_wconf 84' lang='grc' dir='ltr'><strong>γνωσμένος</strong></span> <span class='ocrx_word' id='word_1_546' title='bbox 2780 3359 2865 3433; x_wconf 76' lang='grc' dir='ltr'><strong>ἦν,</strong></span> <span class='ocrx_word' id='word_1_547' title='bbox 2897 3364 3163 3425; x_wconf 85' lang='grc' dir='ltr'><strong>ὑπόπτους</strong></span> <span class='ocrx_word' id='word_1_548' title='bbox 3191 3363 3359 3425; x_wconf 80' lang='grc' dir='ltr'><strong>αὑτὰς</strong></span> <span class='ocrx_word' id='word_1_549' title='bbox 3395 3366 3534 3414; x_wconf 84' lang='grc' dir='ltr'><strong>ποιεῖ</strong></span> <span class='ocrx_word' id='word_1_550' title='bbox 3563 3366 3593 3432; x_wconf 78' lang='grc' dir='ltr'>ἡ</span> <span class='ocrx_word' id='word_1_551' title='bbox 3620 3364 3851 3433; x_wconf 76' lang='grc' dir='ltr'><strong>πορνικὴ</strong></span> <span class='ocrx_word' id='word_1_552' title='bbox 3873 3364 4002 3427; x_wconf 76' lang='grc' dir='ltr'><strong>ἕξις,</strong></span> 
     </span>
    </p>
   </div>
   <div class='ocr_carea' id='block_1_70' title="bbox 809 3453 2477 3531">
    <p class='ocr_par' dir='ltr' id='par_1_70' title="bbox 809 3460 2477 3531">
     <span class='ocr_line' id='line_1_70' title="bbox 809 3460 2477 3531; baseline 0.011 -24"><span class='ocrx_word' id='word_1_553' title='bbox 809 3469 909 3519; x_wconf 77' lang='lat' dir='ltr'><strong>rat,</strong></span> <span class='ocrx_word' id='word_1_554' title='bbox 949 3473 1041 3510; x_wconf 86' lang='lat' dir='ltr'><strong>eas</strong></span> <span class='ocrx_word' id='word_1_555' title='bbox 1069 3460 1229 3511; x_wconf 93' lang='lat' dir='ltr'><strong>etiam</strong></span> <span class='ocrx_word' id='word_1_556' title='bbox 1266 3462 1590 3527; x_wconf 81' lang='lat' dir='ltr'><strong>captivitatis</strong></span> <span class='ocrx_word' id='word_1_557' title='bbox 1622 3473 1861 3531; x_wconf 86' lang='lat' dir='ltr'><strong>tempore</strong></span> <span class='ocrx_word' id='word_1_558' title='bbox 1904 3466 2225 3522; x_wconf 79' lang='lat' dir='ltr'><strong>fornicarius</strong></span> <span class='ocrx_word' id='word_1_559' title='bbox 2274 3471 2364 3524; x_wconf 79' lang='lat' dir='ltr'><strong>lia-</strong></span> <span class='ocrx_word' id='word_1_560' title='bbox 2446 3472 2477 3507; x_wconf 78' lang='grc' dir='ltr'><strong><em>κ</em></strong></span> 
     </span>
    </p>
   </div>
   <div class='ocr_carea' id='block_1_71' title="bbox 2340 3453 4008 3531">
    <p class='ocr_par' dir='ltr' id='par_1_71' title="bbox 2346 3453 4008 3524">
     <span class='ocr_line' id='line_1_71' title="bbox 2346 3453 4008 3524; baseline 0 -17"><span class='ocrx_word' id='word_1_561' title='bbox 2346 3503 2364 3514; x_wconf 86' lang='grc'><strong>,</strong></span> <span class='ocrx_word' id='word_1_562' title='bbox 2446 3456 2539 3507; x_wconf 77' lang='grc' dir='ltr'><strong>καὶ</strong></span> <span class='ocrx_word' id='word_1_563' title='bbox 2582 3456 2638 3507; x_wconf 79' lang='grc' dir='ltr'><strong>ὲν</strong></span> <span class='ocrx_word' id='word_1_564' title='bbox 2682 3453 2758 3521; x_wconf 79' lang='grc' dir='ltr'><strong>τῷ</strong></span> <span class='ocrx_word' id='word_1_565' title='bbox 2796 3453 2969 3524; x_wconf 87' lang='grc' dir='ltr'><strong>καιρῷ</strong></span> <span class='ocrx_word' id='word_1_566' title='bbox 3015 3454 3110 3521; x_wconf 82' lang='grc' dir='ltr'><strong>τῆς</strong></span> <span class='ocrx_word' id='word_1_567' title='bbox 3142 3453 3547 3522; x_wconf 77' lang='grc' dir='ltr'><strong>αἰχμαλωσίας·</strong></span> <span class='ocrx_word' id='word_1_568' title='bbox 3600 3455 3689 3505; x_wconf 80' lang='grc' dir='ltr'><strong>καὶ</strong></span> <span class='ocrx_word' id='word_1_569' title='bbox 3734 3453 3823 3504; x_wconf 77' lang='grc' dir='ltr'><strong>διὰ</strong></span> <span class='ocrx_word' id='word_1_570' title='bbox 3852 3454 4008 3507; x_wconf 81' lang='grc' dir='ltr'><strong>τοῦτο</strong></span> 
     </span>
    </p>
   </div>
   <div class='ocr_carea' id='block_1_72' title="bbox 810 3542 2478 3627">
    <p class='ocr_par' dir='ltr' id='par_1_72' title="bbox 810 3548 2478 3627">
     <span class='ocr_line' id='line_1_72' title="bbox 810 3548 2478 3627; baseline 0.01 -28"><span class='ocrx_word' id='word_1_571' title='bbox 810 3551 953 3599; x_wconf 83' lang='lat' dir='ltr'><strong>bitus</strong></span> <span class='ocrx_word' id='word_1_572' title='bbox 985 3558 1265 3615; x_wconf 76' lang='lat' dir='ltr'><strong>suspectas</strong></span> <span class='ocrx_word' id='word_1_573' title='bbox 1298 3548 1444 3611; x_wconf 83' lang='lat' dir='ltr'><strong>facit,</strong></span> <span class='ocrx_word' id='word_1_574' title='bbox 1482 3553 1811 3621; x_wconf 86' lang='lat' dir='ltr'><strong>proindeque</strong></span> <span class='ocrx_word' id='word_1_575' title='bbox 1852 3556 1993 3610; x_wconf 86' lang='lat' dir='ltr'><strong>haud</strong></span> <span class='ocrx_word' id='word_1_576' title='bbox 2043 3556 2199 3612; x_wconf 80' lang='lat' dir='ltr'><strong>facile</strong></span> <span class='ocrx_word' id='word_1_577' title='bbox 2233 3560 2362 3627; x_wconf 90' lang='lat' dir='ltr'><strong>ipsis</strong></span> <span class='ocrx_word' id='word_1_578' title='bbox 2446 3560 2478 3595; x_wconf 65' lang='grc' dir='ltr'><strong>π</strong></span> 
     </span>
    </p>
   </div>
   <div class='ocr_carea' id='block_1_73' title="bbox 2340 3542 4008 3627">
    <p class='ocr_par' dir='ltr' id='par_1_73' title="bbox 2340 3542 4008 3614">
     <span class='ocr_line' id='line_1_73' title="bbox 2340 3542 4008 3614; baseline -0.001 -19"><span class='ocrx_word' id='word_1_579' title='bbox 2340 3577 2362 3614; x_wconf 67' lang='grc' dir='ltr'>ε</span> <span class='ocrx_word' id='word_1_580' title='bbox 2446 3544 2747 3613; x_wconf 80' lang='grc' dir='ltr'><strong>προχείρως</strong></span> <span class='ocrx_word' id='word_1_581' title='bbox 2788 3544 2974 3604; x_wconf 86' lang='grc' dir='ltr'><strong>αὑταῖς</strong></span> <span class='ocrx_word' id='word_1_582' title='bbox 3007 3542 3065 3593; x_wconf 81' lang='grc' dir='ltr'><strong>οὐ</strong></span> <span class='ocrx_word' id='word_1_583' title='bbox 3107 3542 3453 3610; x_wconf 82' lang='grc' dir='ltr'><strong>συνεύχεσθαι</strong></span> <span class='ocrx_word' id='word_1_584' title='bbox 3481 3543 3577 3604; x_wconf 87' lang='grc' dir='ltr'><strong>δεῖ,</strong></span> <span class='ocrx_word' id='word_1_585' title='bbox 3606 3542 3738 3594; x_wconf 81' lang='grc' dir='ltr'><strong>ἀλλὰ</strong></span> <span class='ocrx_word' id='word_1_586' title='bbox 3774 3543 3911 3611; x_wconf 84' lang='grc' dir='ltr'><strong>μετὰ</strong></span> <span class='ocrx_word' id='word_1_587' title='bbox 3951 3545 4008 3595; x_wconf 83' lang='grc' dir='ltr'><strong>τὸ</strong></span> 
     </span>
    </p>
   </div>
   <div class='ocr_carea' id='block_1_74' title="bbox 810 3632 2478 3711">
    <p class='ocr_par' dir='ltr' id='par_1_74' title="bbox 810 3633 2476 3711">
     <span class='ocr_line' id='line_1_74' title="bbox 810 3633 2476 3711; baseline 0.008 -23"><span class='ocrx_word' id='word_1_588' title='bbox 810 3641 859 3688; x_wconf 87' lang='lat' dir='ltr'><strong>in</strong></span> <span class='ocrx_word' id='word_1_589' title='bbox 892 3641 1197 3705; x_wconf 85' lang='lat' dir='ltr'><strong>precatione</strong></span> <span class='ocrx_word' id='word_1_590' title='bbox 1227 3642 1629 3695; x_wconf 89' lang='lat' dir='ltr'><strong>communicare</strong></span> <span class='ocrx_word' id='word_1_591' title='bbox 1674 3656 1903 3711; x_wconf 89' lang='lat' dir='ltr'><strong>oportet,</strong></span> <span class='ocrx_word' id='word_1_592' title='bbox 1932 3648 2034 3699; x_wconf 91' lang='lat' dir='ltr'><strong>nisi</strong></span> <span class='ocrx_word' id='word_1_593' title='bbox 2081 3650 2257 3701; x_wconf 89' lang='lat' dir='ltr'><strong>debita</strong></span> <span class='ocrx_word' id='word_1_594' title='bbox 2288 3651 2364 3701; x_wconf 88' lang='lat' dir='ltr'><strong>vi-</strong></span> <span class='ocrx_word' id='word_1_595' title='bbox 2448 3633 2476 3685; x_wconf 88' lang='grc' dir='ltr'><strong>δ</strong></span> 
     </span>
    </p>
   </div>
   <div class='ocr_carea' id='block_1_75' title="bbox 2341 3632 4009 3711">
    <p class='ocr_par' dir='ltr' id='par_1_75' title="bbox 2341 3632 4009 3701">
     <span class='ocr_line' id='line_1_75' title="bbox 2341 3632 4009 3701; baseline -0.001 -17"><span class='ocrx_word' id='word_1_596' title='bbox 2341 3680 2364 3689; x_wconf 88' lang='grc'><strong>,,</strong></span> <span class='ocrx_word' id='word_1_597' title='bbox 2448 3633 2723 3685; x_wconf 76' lang='grc' dir='ltr'><strong>δουλεῦσαι</strong></span> <span class='ocrx_word' id='word_1_598' title='bbox 2769 3633 2964 3701; x_wconf 76' lang='grc' dir='ltr'><strong>δηλαδὴ</strong></span> <span class='ocrx_word' id='word_1_599' title='bbox 2999 3632 3469 3701; x_wconf 79' lang='grc' dir='ltr'><strong>ὲπιτιμίοις.Ἔξις</strong></span> <span class='ocrx_word' id='word_1_600' title='bbox 3503 3632 3545 3683; x_wconf 81' lang='grc' dir='ltr'><strong>δ’</strong></span> <span class='ocrx_word' id='word_1_601' title='bbox 3577 3634 3741 3695; x_wconf 72' lang='grc' dir='ltr'><strong>ἐστὶν,</strong></span> <span class='ocrx_word' id='word_1_602' title='bbox 3774 3635 3807 3701; x_wconf 82' lang='grc' dir='ltr'>ὴ</span> <span class='ocrx_word' id='word_1_603' title='bbox 3839 3634 4009 3701; x_wconf 85' lang='grc' dir='ltr'><strong>χρονί-</strong></span> 
     </span>
    </p>
   </div>
   <div class='ocr_carea' id='block_1_76' title="bbox 807 3721 2475 3808">
    <p class='ocr_par' dir='ltr' id='par_1_76' title="bbox 807 3730 2475 3808">
     <span class='ocr_line' id='line_1_76' title="bbox 807 3730 2475 3808; baseline 0.01 -31"><span class='ocrx_word' id='word_1_604' title='bbox 807 3730 998 3781; x_wconf 61' lang='lat' dir='ltr'><strong>«lt-licet</strong></span> <span class='ocrx_word' id='word_1_605' title='bbox 1046 3730 1370 3796; x_wconf 69' lang='lat' dir='ltr'><strong>paenitentia:</strong></span> <span class='ocrx_word' id='word_1_606' title='bbox 1419 3740 1654 3799; x_wconf 83' lang='lat' dir='ltr'><strong>tempora</strong></span> <span class='ocrx_word' id='word_1_607' title='bbox 1690 3735 2039 3801; x_wconf 80' lang='lat' dir='ltr'><strong>expleverint.</strong></span> <span class='ocrx_word' id='word_1_608' title='bbox 2073 3736 2167 3791; x_wconf 87' lang='lat' dir='ltr'><strong>Est</strong></span> <span class='ocrx_word' id='word_1_609' title='bbox 2206 3754 2365 3808; x_wconf 85' lang='lat' dir='ltr'><strong>porro</strong></span> <span class='ocrx_word' id='word_1_610' title='bbox 2452 3740 2475 3775; x_wconf 77' lang='grc' dir='ltr'>α</span> 
     </span>
    </p>
   </div>
   <div class='ocr_carea' id='block_1_77' title="bbox 2343 3721 4011 3808">
    <p class='ocr_par' dir='ltr' id='par_1_77' title="bbox 2343 3721 4011 3793">
     <span class='ocr_line' id='line_1_77' title="bbox 2343 3721 4011 3793; baseline -0.001 -18"><span class='ocrx_word' id='word_1_611' title='bbox 2343 3754 2365 3793; x_wconf 55' lang='grc' dir='ltr'><strong>ο</strong></span> <span class='ocrx_word' id='word_1_612' title='bbox 2452 3740 2586 3775; x_wconf 90' lang='grc' dir='ltr'><strong>σασα</strong></span> <span class='ocrx_word' id='word_1_613' title='bbox 2620 3722 2894 3791; x_wconf 81' lang='grc' dir='ltr'><strong>συνήθεια,</strong></span> <span class='ocrx_word' id='word_1_614' title='bbox 2936 3723 3028 3775; x_wconf 74' lang='grc' dir='ltr'><strong>καὶ</strong></span> <span class='ocrx_word' id='word_1_615' title='bbox 3057 3722 3133 3791; x_wconf 87' lang='grc' dir='ltr'><strong>τῷ</strong></span> <span class='ocrx_word' id='word_1_616' title='bbox 3162 3723 3334 3791; x_wconf 86' lang='grc' dir='ltr'><strong>χρόνῳ</strong></span> <span class='ocrx_word' id='word_1_617' title='bbox 3368 3721 3722 3788; x_wconf 76' lang='grc' dir='ltr'><strong>παγιωθεῖσα,</strong></span> <span class='ocrx_word' id='word_1_618' title='bbox 3766 3723 3888 3790; x_wconf 76' lang='grc' dir='ltr'><strong>ἥτις</strong></span> <span class='ocrx_word' id='word_1_619' title='bbox 3919 3724 4011 3774; x_wconf 74' lang='grc' dir='ltr'><strong>καὶ</strong></span> 
     </span>
    </p>
   </div>
   <div class='ocr_carea' id='block_1_78' title="bbox 810 3812 2478 3891">
    <p class='ocr_par' dir='ltr' id='par_1_78' title="bbox 810 3821 2478 3891">
     <span class='ocr_line' id='line_1_78' title="bbox 810 3821 2478 3891; baseline 0.006 -20"><span class='ocrx_word' id='word_1_620' title='bbox 810 3821 1043 3881; x_wconf 84' lang='lat' dir='ltr'><strong>lmbitus,</strong></span> <span class='ocrx_word' id='word_1_621' title='bbox 1077 3822 1329 3873; x_wconf 89' lang='lat' dir='ltr'><strong>diuturna</strong></span> <span class='ocrx_word' id='word_1_622' title='bbox 1361 3836 1424 3875; x_wconf 88' lang='lat' dir='ltr'><strong>ac</strong></span> <span class='ocrx_word' id='word_1_623' title='bbox 1456 3831 1691 3891; x_wconf 88' lang='lat' dir='ltr'><strong>tempore</strong></span> <span class='ocrx_word' id='word_1_624' title='bbox 1718 3826 2031 3878; x_wconf 76' lang='lat' dir='ltr'><strong>conﬁrmata</strong></span> <span class='ocrx_word' id='word_1_625' title='bbox 2074 3838 2365 3882; x_wconf 86' lang='lat' dir='ltr'><strong>consuetu-</strong></span> <span class='ocrx_word' id='word_1_626' title='bbox 2450 3831 2478 3881; x_wconf 57' lang='grc' dir='ltr'>φ</span> 
     </span>
    </p>
   </div>
   <div class='ocr_carea' id='block_1_79' title="bbox 2343 3812 4011 3891">
    <p class='ocr_par' dir='ltr' id='par_1_79' title="bbox 2343 3812 4011 3883">
     <span class='ocr_line' id='line_1_79' title="bbox 2343 3812 4011 3883; baseline -0.002 -15"><span class='ocrx_word' id='word_1_627' title='bbox 2343 3858 2365 3868; x_wconf 91' lang='grc'><strong>-</strong></span> <span class='ocrx_word' id='word_1_628' title='bbox 2450 3813 2605 3881; x_wconf 78' lang='grc' dir='ltr'><strong>φύσει</strong></span> <span class='ocrx_word' id='word_1_629' title='bbox 2636 3814 2967 3883; x_wconf 84' lang='grc' dir='ltr'><strong>προσέοικεν,</strong></span> <span class='ocrx_word' id='word_1_630' title='bbox 2998 3812 3134 3864; x_wconf 81' lang='grc' dir='ltr'><strong>ὥστε</strong></span> <span class='ocrx_word' id='word_1_631' title='bbox 3170 3815 3223 3864; x_wconf 78' lang='lat' dir='ltr'><strong>ai</strong></span> <span class='ocrx_word' id='word_1_632' title='bbox 3253 3814 3357 3882; x_wconf 85' lang='grc' dir='ltr'><strong>μὴν</strong></span> <span class='ocrx_word' id='word_1_633' title='bbox 3382 3812 3622 3863; x_wconf 82' lang='grc' dir='ltr'><strong>τοιαῦται</strong></span> <span class='ocrx_word' id='word_1_634' title='bbox 3645 3813 3740 3879; x_wconf 79' lang='grc' dir='ltr'><strong>οὐχ</strong></span> <span class='ocrx_word' id='word_1_635' title='bbox 3766 3813 4011 3881; x_wconf 77' lang='grc' dir='ltr'><strong>ἥμαρτον</strong></span> 
     </span>
    </p>
   </div>
   <div class='ocr_carea' id='block_1_80' title="bbox 807 3900 2475 3986">
    <p class='ocr_par' dir='ltr' id='par_1_80' title="bbox 807 3901 2475 3986">
     <span class='ocr_line' id='line_1_80' title="bbox 807 3901 2475 3986; baseline 0.007 -26"><span class='ocrx_word' id='word_1_636' title='bbox 807 3914 895 3973; x_wconf 72' lang='grc' dir='ltr'><strong>«τυ,</strong></span> <span class='ocrx_word' id='word_1_637' title='bbox 928 3926 1047 3979; x_wconf 65' lang='lat' dir='ltr'><strong>qua:</strong></span> <span class='ocrx_word' id='word_1_638' title='bbox 1080 3922 1286 3979; x_wconf 65' lang='lat' dir='ltr'><strong>natura:</strong></span> <span class='ocrx_word' id='word_1_639' title='bbox 1332 3914 1523 3967; x_wconf 89' lang='lat' dir='ltr'><strong>similis</strong></span> <span class='ocrx_word' id='word_1_640' title='bbox 1556 3924 1660 3978; x_wconf 87' lang='lat' dir='ltr'><strong>est,</strong></span> <span class='ocrx_word' id='word_1_641' title='bbox 1698 3924 1754 3967; x_wconf 91' lang='lat' dir='ltr'><strong>ut</strong></span> <span class='ocrx_word' id='word_1_642' title='bbox 1788 3926 2067 3985; x_wconf 84' lang='lat' dir='ltr'><strong>propterea</strong></span> <span class='ocrx_word' id='word_1_643' title='bbox 2097 3918 2361 3986; x_wconf 70' lang='lat' dir='ltr'><strong>ejusmoih&#39;</strong></span> <span class='ocrx_word' id='word_1_644' title='bbox 2451 3901 2475 3971; x_wconf 74' lang='grc' dir='ltr'><strong>β</strong></span> 
     </span>
    </p>
   </div>
   <div class='ocr_carea' id='block_1_81' title="bbox 2345 3900 4013 3986">
    <p class='ocr_par' dir='ltr' id='par_1_81' title="bbox 2345 3900 4013 3973">
     <span class='ocr_line' id='line_1_81' title="bbox 2345 3900 4013 3973; baseline -0.004 -19"><span class='ocrx_word' id='word_1_645' title='bbox 2345 3920 2361 3973; x_wconf 77' lang='grc' dir='ltr'><strong>ί</strong></span> <span class='ocrx_word' id='word_1_646' title='bbox 2451 3901 2765 3971; x_wconf 80' lang='grc' dir='ltr'><strong>βιασθεῖσαι.</strong></span> <span class='ocrx_word' id='word_1_647' title='bbox 2799 3902 2860 3953; x_wconf 83' lang='lat' dir='ltr'><strong>El</strong></span> <span class='ocrx_word' id='word_1_648' title='bbox 2888 3902 2943 3952; x_wconf 81' lang='grc' dir='ltr'><strong>δὲ</strong></span> <span class='ocrx_word' id='word_1_649' title='bbox 2972 3904 3000 3953; x_wconf 87' lang='grc' dir='ltr'><strong>ό</strong></span> <span class='ocrx_word' id='word_1_650' title='bbox 3030 3901 3285 3970; x_wconf 85' lang='grc' dir='ltr'><strong>πρότερος</strong></span> <span class='ocrx_word' id='word_1_651' title='bbox 3318 3901 3494 3952; x_wconf 77' lang='grc' dir='ltr'><strong>αὐτῶν</strong></span> <span class='ocrx_word' id='word_1_652' title='bbox 3527 3900 3637 3969; x_wconf 91' lang='grc' dir='ltr'><strong>βίος</strong></span> <span class='ocrx_word' id='word_1_653' title='bbox 3665 3900 3897 3971; x_wconf 82' lang='grc' dir='ltr'><strong>σώφρων</strong></span> <span class='ocrx_word' id='word_1_654' title='bbox 3924 3901 4013 3953; x_wconf 75' lang='lat' dir='ltr'><strong>xai</strong></span> 
     </span>
    </p>
   </div>
   <div class='ocr_carea' id='block_1_82' title="bbox 810 3990 2478 4076">
    <p class='ocr_par' dir='ltr' id='par_1_82' title="bbox 810 3992 2478 4076">
     <span class='ocr_line' id='line_1_82' title="bbox 810 3992 2478 4076; baseline 0.01 -27"><span class='ocrx_word' id='word_1_655' title='bbox 810 4002 1061 4055; x_wconf 78' lang='lat' dir='ltr'><strong>mulieres</strong></span> <span class='ocrx_word' id='word_1_656' title='bbox 1095 4018 1436 4071; x_wconf 89' lang='lat' dir='ltr'><strong>nequaquam</strong></span> <span class='ocrx_word' id='word_1_657' title='bbox 1463 4004 1512 4056; x_wconf 83' lang='lat' dir='ltr'><strong>vi</strong></span> <span class='ocrx_word' id='word_1_658' title='bbox 1546 4014 1761 4058; x_wconf 89' lang='lat' dir='ltr'><strong>coactas</strong></span> <span class='ocrx_word' id='word_1_659' title='bbox 1789 4020 2038 4072; x_wconf 82' lang='lat' dir='ltr'><strong>peccasse</strong></span> <span class='ocrx_word' id='word_1_660' title='bbox 2063 4010 2361 4076; x_wconf 76' lang='lat' dir='ltr'><strong>putandum</strong></span> <span class='ocrx_word' id='word_1_661' title='bbox 2451 3992 2478 4043; x_wconf 70' lang='grc' dir='ltr'>ἀ</span> 
     </span>
    </p>
   </div>
   <div class='ocr_carea' id='block_1_83' title="bbox 2345 3990 4013 4076">
    <p class='ocr_par' dir='ltr' id='par_1_83' title="bbox 2345 3990 4013 4064">
     <span class='ocr_line' id='line_1_83' title="bbox 2345 3990 4013 4064; baseline 0 -21"><span class='ocrx_word' id='word_1_662' title='bbox 2345 4026 2361 4064; x_wconf 66' lang='grc' dir='ltr'>ι</span> <span class='ocrx_word' id='word_1_663' title='bbox 2451 3991 2830 4059; x_wconf 80' lang='grc' dir='ltr'><strong>ἀνεπίληπτος,</strong></span> <span class='ocrx_word' id='word_1_664' title='bbox 2856 3990 3198 4044; x_wconf 80' lang='grc' dir='ltr'><strong>δουλωθεῖσαι</strong></span> <span class='ocrx_word' id='word_1_665' title='bbox 3243 3993 3298 4045; x_wconf 78' lang='grc' dir='ltr'><strong>δὲ</strong></span> <span class='ocrx_word' id='word_1_666' title='bbox 3342 3992 3434 4044; x_wconf 77' lang='lat' dir='ltr'><strong>xai</strong></span> <span class='ocrx_word' id='word_1_667' title='bbox 3474 3991 3559 4043; x_wconf 68' lang='grc' dir='ltr'><strong>διὰ</strong></span> <span class='ocrx_word' id='word_1_668' title='bbox 3606 3993 3697 4059; x_wconf 81' lang='grc' dir='ltr'><strong>τῆς</strong></span> <span class='ocrx_word' id='word_1_669' title='bbox 3734 3992 4013 4060; x_wconf 81' lang='grc' dir='ltr'><strong>αίχμαλω-</strong></span> 
     </span>
    </p>
   </div>
   <div class='ocr_carea' id='block_1_84' title="bbox 808 4080 2476 4161">
    <p class='ocr_par' dir='ltr' id='par_1_84' title="bbox 808 4093 2476 4161">
     <span class='ocr_line' id='line_1_84' title="bbox 808 4093 2476 4161; baseline 0.004 -15"><span class='ocrx_word' id='word_1_670' title='bbox 808 4096 895 4146; x_wconf 66' lang='lat' dir='ltr'><strong>sit.</strong></span> <span class='ocrx_word' id='word_1_671' title='bbox 930 4093 1081 4158; x_wconf 84' lang='lat' dir='ltr'><strong>Quod</strong></span> <span class='ocrx_word' id='word_1_672' title='bbox 1113 4096 1154 4147; x_wconf 92' lang='lat' dir='ltr'><strong>si</strong></span> <span class='ocrx_word' id='word_1_673' title='bbox 1189 4096 1418 4161; x_wconf 82' lang='lat' dir='ltr'><strong>priorem</strong></span> <span class='ocrx_word' id='word_1_674' title='bbox 1448 4096 1613 4147; x_wconf 91' lang='lat' dir='ltr'><strong>vitam</strong></span> <span class='ocrx_word' id='word_1_675' title='bbox 1647 4105 1793 4150; x_wconf 81' lang='lat' dir='ltr'><strong>caste</strong></span> <span class='ocrx_word' id='word_1_676' title='bbox 1838 4112 1901 4151; x_wconf 93' lang='lat' dir='ltr'><strong>ac</strong></span> <span class='ocrx_word' id='word_1_677' title='bbox 1929 4097 2064 4152; x_wconf 82' lang='lat' dir='ltr'><strong>citra</strong></span> <span class='ocrx_word' id='word_1_678' title='bbox 2110 4100 2361 4153; x_wconf 73' lang='lat' dir='ltr'><strong>oﬂ‘ensio—</strong></span> <span class='ocrx_word' id='word_1_679' title='bbox 2451 4099 2476 4133; x_wconf 73' lang='grc'><strong><em>⁸</em></strong></span> 
     </span>
    </p>
   </div>
   <div class='ocr_carea' id='block_1_85' title="bbox 2342 4080 4010 4161">
    <p class='ocr_par' dir='ltr' id='par_1_85' title="bbox 2342 4080 4010 4151">
     <span class='ocr_line' id='line_1_85' title="bbox 2342 4080 4010 4151; baseline 0 -19"><span class='ocrx_word' id='word_1_680' title='bbox 2342 4130 2361 4140; x_wconf 84' lang='grc'><em>,</em></span> <span class='ocrx_word' id='word_1_681' title='bbox 2451 4081 2593 4143; x_wconf 82' lang='grc' dir='ltr'><strong>σίας,</strong></span> <span class='ocrx_word' id='word_1_682' title='bbox 2636 4081 2699 4132; x_wconf 83' lang='grc' dir='ltr'><strong>ὲκ</strong></span> <span class='ocrx_word' id='word_1_683' title='bbox 2732 4080 2849 4149; x_wconf 82' lang='grc' dir='ltr'><strong>βίας</strong></span> <span class='ocrx_word' id='word_1_684' title='bbox 2882 4081 3175 4149; x_wconf 84' lang='grc' dir='ltr'><strong>ὑπέμειναν</strong></span> <span class='ocrx_word' id='word_1_685' title='bbox 3219 4083 3315 4150; x_wconf 78' lang='grc' dir='ltr'><strong>τὴν</strong></span> <span class='ocrx_word' id='word_1_686' title='bbox 3360 4080 3467 4132; x_wconf 85' lang='grc' dir='ltr'><strong>τῶν</strong></span> <span class='ocrx_word' id='word_1_687' title='bbox 3516 4080 3804 4150; x_wconf 75' lang='grc' dir='ltr'><strong>βαρδάρων</strong></span> <span class='ocrx_word' id='word_1_688' title='bbox 3836 4080 4010 4151; x_wconf 83' lang='grc' dir='ltr'><strong>ὖὸριν,</strong></span> 
     </span>
    </p>
   </div>
   <div class='ocr_carea' id='block_1_86' title="bbox 810 4170 2478 4259">
    <p class='ocr_par' dir='ltr' id='par_1_86' title="bbox 810 4170 2478 4257">
     <span class='ocr_line' id='line_1_86' title="bbox 810 4170 2478 4257; baseline 0.004 -22"><span class='ocrx_word' id='word_1_689' title='bbox 810 4200 929 4235; x_wconf 68' lang='lat' dir='ltr'><strong>rem</strong></span> <span class='ocrx_word' id='word_1_690' title='bbox 972 4192 1215 4251; x_wconf 79' lang='lat' dir='ltr'><strong>egerunt,</strong></span> <span class='ocrx_word' id='word_1_691' title='bbox 1248 4193 1356 4235; x_wconf 93' lang='lat' dir='ltr'><strong>tum</strong></span> <span class='ocrx_word' id='word_1_692' title='bbox 1389 4184 1632 4237; x_wconf 68' lang='lat' dir='ltr'><strong>abductae</strong></span> <span class='ocrx_word' id='word_1_693' title='bbox 1668 4186 1718 4239; x_wconf 92' lang='lat' dir='ltr'><strong>in</strong></span> <span class='ocrx_word' id='word_1_694' title='bbox 1747 4188 2058 4241; x_wconf 83' lang='lat' dir='ltr'><strong>servitutem</strong></span> <span class='ocrx_word' id='word_1_695' title='bbox 2093 4189 2163 4241; x_wconf 87' lang='lat' dir='ltr'><strong>ob</strong></span> <span class='ocrx_word' id='word_1_696' title='bbox 2194 4190 2363 4257; x_wconf 86' lang='lat' dir='ltr'><strong>capti-</strong></span> <span class='ocrx_word' id='word_1_697' title='bbox 2451 4170 2478 4223; x_wconf 69' lang='grc' dir='ltr'>ἀ</span> 
     </span>
    </p>
   </div>
   <div class='ocr_carea' id='block_1_87' title="bbox 2345 4170 4013 4259">
    <p class='ocr_par' dir='ltr' id='par_1_87' title="bbox 2345 4170 4013 4240">
     <span class='ocr_line' id='line_1_87' title="bbox 2345 4170 4013 4240; baseline -0.001 -18"><span class='ocrx_word' id='word_1_698' title='bbox 2345 4218 2363 4229; x_wconf 88' lang='grc'><strong>,</strong></span> <span class='ocrx_word' id='word_1_699' title='bbox 2451 4170 2766 4240; x_wconf 81' lang='grc' dir='ltr'><strong>άνέγκλητοί</strong></span> <span class='ocrx_word' id='word_1_700' title='bbox 2800 4171 2923 4221; x_wconf 78' lang='grc' dir='ltr'><strong>εἱσι.</strong></span> <span class='ocrx_word' id='word_1_701' title='bbox 2974 4171 3082 4221; x_wconf 78' lang='grc' dir='ltr'><strong>Καὶ</strong></span> <span class='ocrx_word' id='word_1_702' title='bbox 3132 4171 3532 4240; x_wconf 82' lang='grc' dir='ltr'><strong>παραδείγματι</strong></span> <span class='ocrx_word' id='word_1_703' title='bbox 3566 4171 3828 4239; x_wconf 88' lang='grc' dir='ltr'><strong>κέχρηται</strong></span> <span class='ocrx_word' id='word_1_704' title='bbox 3860 4174 3926 4239; x_wconf 70' lang='grc' dir='ltr'><strong>τῇ</strong></span> <span class='ocrx_word' id='word_1_705' title='bbox 3959 4174 4013 4222; x_wconf 84' lang='grc' dir='ltr'><strong>ὲν</strong></span> 
     </span>
    </p>
   </div>
   <div class='ocr_carea' id='block_1_88' title="bbox 804 4260 2472 4347">
    <p class='ocr_par' dir='ltr' id='par_1_88' title="bbox 804 4276 2472 4347">
     <span class='ocr_line' id='line_1_88' title="bbox 804 4276 2472 4347; baseline 0.005 -23"><span class='ocrx_word' id='word_1_706' title='bbox 804 4276 1046 4335; x_wconf 59' lang='lat' dir='ltr'><strong>xitatem,</strong></span> <span class='ocrx_word' id='word_1_707' title='bbox 1080 4289 1143 4326; x_wconf 79' lang='lat' dir='ltr'><strong>ex</strong></span> <span class='ocrx_word' id='word_1_708' title='bbox 1171 4276 1419 4327; x_wconf 85' lang='lat' dir='ltr'><strong>violentia</strong></span> <span class='ocrx_word' id='word_1_709' title='bbox 1453 4276 1805 4328; x_wconf 84' lang='lat' dir='ltr'><strong>barbarorum</strong></span> <span class='ocrx_word' id='word_1_710' title='bbox 1838 4279 2219 4331; x_wconf 89' lang='lat' dir='ltr'><strong>contumeliam</strong></span> <span class='ocrx_word' id='word_1_711' title='bbox 2248 4295 2364 4347; x_wconf 88' lang='lat' dir='ltr'><strong>pas-</strong></span> <span class='ocrx_word' id='word_1_712' title='bbox 2452 4277 2472 4311; x_wconf 66' lang='grc' dir='ltr'><strong>τ</strong></span> 
     </span>
    </p>
   </div>
   <div class='ocr_carea' id='block_1_89' title="bbox 2346 4260 4014 4347">
    <p class='ocr_par' dir='ltr' id='par_1_89' title="bbox 2346 4260 4014 4331">
     <span class='ocr_line' id='line_1_89' title="bbox 2346 4260 4014 4331; baseline -0.001 -19"><span class='ocrx_word' id='word_1_713' title='bbox 2346 4309 2364 4321; x_wconf 89' lang='grc'><strong>,</strong></span> <span class='ocrx_word' id='word_1_714' title='bbox 2452 4260 2529 4329; x_wconf 73' lang='grc' dir='ltr'><strong>τῷ</strong></span> <span class='ocrx_word' id='word_1_715' title='bbox 2556 4260 2948 4331; x_wconf 88' lang='grc' dir='ltr'><strong>Δευτερονομίῳ</strong></span> <span class='ocrx_word' id='word_1_716' title='bbox 2976 4260 3297 4331; x_wconf 77' lang='grc' dir='ltr'><strong>θεσμοθεσία</strong></span> <span class='ocrx_word' id='word_1_717' title='bbox 3318 4264 3383 4330; x_wconf 74' lang='grc' dir='ltr'><strong>τῇ</strong></span> <span class='ocrx_word' id='word_1_718' title='bbox 3414 4263 3538 4331; x_wconf 79' lang='grc' dir='ltr'><strong>περὶ</strong></span> <span class='ocrx_word' id='word_1_719' title='bbox 3572 4260 3666 4330; x_wconf 82' lang='grc' dir='ltr'><strong>τῆς</strong></span> <span class='ocrx_word' id='word_1_720' title='bbox 3702 4260 4014 4328; x_wconf 82' lang='grc' dir='ltr'><strong>βιασθείσης</strong></span> 
     </span>
    </p>
   </div>
   <div class='ocr_carea' id='block_1_90' title="bbox 808 4366 2362 4435">
    <p class='ocr_par' dir='ltr' id='par_1_90' title="bbox 808 4366 2362 4435">
     <span class='ocr_line' id='line_1_90' title="bbox 808 4366 2362 4435; baseline 0.005 -20"><span class='ocrx_word' id='word_1_721' title='bbox 808 4381 879 4417; x_wconf 64' lang='lat' dir='ltr'><strong>sm</strong></span> <span class='ocrx_word' id='word_1_722' title='bbox 907 4374 1049 4424; x_wconf 89' lang='lat' dir='ltr'><strong>sunt,</strong></span> <span class='ocrx_word' id='word_1_723' title='bbox 1087 4366 1355 4417; x_wconf 85' lang='lat' dir='ltr'><strong>immunes</strong></span> <span class='ocrx_word' id='word_1_724' title='bbox 1388 4377 1512 4419; x_wconf 88' lang='lat' dir='ltr'><strong>sunt</strong></span> <span class='ocrx_word' id='word_1_725' title='bbox 1542 4382 1571 4418; x_wconf 96' lang='lat' dir='ltr'><strong>a</strong></span> <span class='ocrx_word' id='word_1_726' title='bbox 1606 4368 1758 4432; x_wconf 89' lang='lat' dir='ltr'><strong>culpa</strong></span> <span class='ocrx_word' id='word_1_727' title='bbox 1791 4385 1802 4419; x_wconf 95' lang='lat'><strong>:</strong></span> <span class='ocrx_word' id='word_1_728' title='bbox 1831 4368 2241 4435; x_wconf 79' lang='lat' dir='ltr'><strong>exemplumque</strong></span> <span class='ocrx_word' id='word_1_729' title='bbox 2268 4369 2362 4422; x_wconf 86' lang='lat' dir='ltr'><strong>ad-</strong></span> 
     </span>
    </p>
   </div>
   <div class='ocr_carea' id='block_1_91' title="bbox 813 4455 2363 4522">
    <p class='ocr_par' dir='ltr' id='par_1_91' title="bbox 813 4455 2363 4522">
     <span class='ocr_line' id='line_1_91' title="bbox 813 4455 2363 4522; baseline 0.001 -15"><span class='ocrx_word' id='word_1_730' title='bbox 813 4458 975 4515; x_wconf 77' lang='lat' dir='ltr'><strong>Libet,</strong></span> <span class='ocrx_word' id='word_1_731' title='bbox 1006 4457 1147 4522; x_wconf 84' lang='lat' dir='ltr'><strong>quod</strong></span> <span class='ocrx_word' id='word_1_732' title='bbox 1186 4456 1237 4507; x_wconf 89' lang='lat' dir='ltr'><strong>in</strong></span> <span class='ocrx_word' id='word_1_733' title='bbox 1270 4455 1667 4509; x_wconf 87' lang='lat' dir='ltr'><strong>Denteronomii</strong></span> <span class='ocrx_word' id='word_1_734' title='bbox 1696 4457 2172 4516; x_wconf 84' lang='lat' dir='ltr'><strong>constitutionibus</strong></span> <span class='ocrx_word' id='word_1_735' title='bbox 2199 4456 2363 4511; x_wconf 74' lang='lat' dir='ltr'><strong>reler-</strong></span> 
     </span>
    </p>
   </div>
   <div class='ocr_carea' id='block_1_92' title="bbox 2456 4347 4017 4419">
    <p class='ocr_par' dir='ltr' id='par_1_92' title="bbox 2456 4347 4017 4419">
     <span class='ocr_line' id='line_1_92' title="bbox 2456 4347 4017 4419; baseline -0.003 -18"><span class='ocrx_word' id='word_1_736' title='bbox 2456 4350 2743 4419; x_wconf 88' lang='grc' dir='ltr'><strong>παρθένου,</strong></span> <span class='ocrx_word' id='word_1_737' title='bbox 2774 4350 2838 4419; x_wconf 75' lang='grc' dir='ltr'><strong>ἢν</strong></span> <span class='ocrx_word' id='word_1_738' title='bbox 2862 4351 2919 4401; x_wconf 81' lang='grc' dir='ltr'><strong>ἐν</strong></span> <span class='ocrx_word' id='word_1_739' title='bbox 2944 4350 3145 4419; x_wconf 66' lang='grc' dir='ltr'><strong>ἐρημίᾳ</strong></span> <span class='ocrx_word' id='word_1_740' title='bbox 3171 4351 3198 4401; x_wconf 87' lang='grc' dir='ltr'>ὁ</span> <span class='ocrx_word' id='word_1_741' title='bbox 3221 4347 3543 4417; x_wconf 71' lang='grc' dir='ltr'><strong>βιασάμενος</strong></span> <span class='ocrx_word' id='word_1_742' title='bbox 3573 4347 3811 4416; x_wconf 72' lang='grc' dir='ltr'><strong>ἔφθειρε,</strong></span> <span class='ocrx_word' id='word_1_743' title='bbox 3838 4347 4017 4413; x_wconf 77' lang='grc' dir='ltr'><strong>λεγού-</strong></span> 
     </span>
    </p>
   </div>
   <div class='ocr_carea' id='block_1_93' title="bbox 2460 4442 3825 4515">
    <p class='ocr_par' dir='ltr' id='par_1_93' title="bbox 2460 4442 3825 4515">
     <span class='ocr_line' id='line_1_93' title="bbox 2460 4442 3825 4515; baseline -0.005 -15"><span class='ocrx_word' id='word_1_744' title='bbox 2460 4461 2529 4515; x_wconf 80' lang='grc' dir='ltr'><strong>σῃ</strong></span> <span class='ocrx_word' id='word_1_745' title='bbox 2552 4462 2564 4474; x_wconf 90' lang='grc'><strong>·</strong></span> <span class='ocrx_word' id='word_1_746' title='bbox 2595 4450 2706 4499; x_wconf 81' lang='grc' dir='ltr'><strong>Οὐκ</strong></span> <span class='ocrx_word' id='word_1_747' title='bbox 2737 4446 2884 4496; x_wconf 75' lang='grc' dir='ltr'><strong>ἔσται</strong></span> <span class='ocrx_word' id='word_1_748' title='bbox 2915 4448 2979 4513; x_wconf 75' lang='grc' dir='ltr'><strong>τῇ</strong></span> <span class='ocrx_word' id='word_1_749' title='bbox 3015 4446 3208 4498; x_wconf 75' lang='grc' dir='ltr'><strong>νεάνιδι</strong></span> <span class='ocrx_word' id='word_1_750' title='bbox 3242 4446 3542 4513; x_wconf 77' lang='grc' dir='ltr'><strong>ἁμάρτημα</strong></span> <span class='ocrx_word' id='word_1_751' title='bbox 3573 4442 3825 4496; x_wconf 84' lang='grc' dir='ltr'><strong>θανάτου.</strong></span> 
     </span>
    </p>
   </div>
   <div class='ocr_carea' id='block_1_94' title="bbox 810 4544 4019 4619">
    <p class='ocr_par' dir='ltr' id='par_1_94' title="bbox 810 4544 4019 4619">
     <span class='ocr_line' id='line_1_94' title="bbox 810 4544 4019 4619; baseline -0.001 -18"><span class='ocrx_word' id='word_1_752' title='bbox 810 4564 914 4609; x_wconf 75' lang='lat' dir='ltr'><strong>tur,</strong></span> <span class='ocrx_word' id='word_1_753' title='bbox 948 4552 1013 4602; x_wconf 88' lang='lat' dir='ltr'><strong>de</strong></span> <span class='ocrx_word' id='word_1_754' title='bbox 1047 4552 1252 4617; x_wconf 70' lang='lat' dir='ltr'><strong>virgine</strong></span> <span class='ocrx_word' id='word_1_755' title='bbox 1312 4550 1418 4601; x_wconf 90' lang='lat' dir='ltr'><strong>vim</strong></span> <span class='ocrx_word' id='word_1_756' title='bbox 1476 4562 1653 4616; x_wconf 88' lang='lat' dir='ltr'><strong>passa,</strong></span> <span class='ocrx_word' id='word_1_757' title='bbox 1702 4562 1864 4615; x_wconf 87' lang='lat' dir='ltr'><strong>quam</strong></span> <span class='ocrx_word' id='word_1_758' title='bbox 1918 4548 1970 4599; x_wconf 90' lang='lat' dir='ltr'><strong>in</strong></span> <span class='ocrx_word' id='word_1_759' title='bbox 2020 4551 2307 4604; x_wconf 87' lang='lat' dir='ltr'><strong>solitudine</strong></span> <span class='ocrx_word' id='word_1_760' title='bbox 2342 4551 2610 4619; x_wconf 79' lang='lat' dir='ltr'><strong>quispiam</strong></span> <span class='ocrx_word' id='word_1_761' title='bbox 2661 4547 2882 4601; x_wconf 85' lang='lat' dir='ltr'><strong>violavit</strong></span> <span class='ocrx_word' id='word_1_762' title='bbox 2935 4566 2947 4601; x_wconf 90' lang='lat'>:</span> <span class='ocrx_word' id='word_1_763' title='bbox 2996 4546 3112 4599; x_wconf 82' lang='lat' dir='ltr'><strong>Non</strong></span> <span class='ocrx_word' id='word_1_764' title='bbox 3174 4547 3297 4610; x_wconf 81' lang='lat' dir='ltr'><strong>erit,</strong></span> <span class='ocrx_word' id='word_1_765' title='bbox 3358 4546 3552 4614; x_wconf 87' lang='lat' dir='ltr'><strong>inquit,</strong></span> <span class='ocrx_word' id='word_1_766' title='bbox 3606 4544 4019 4599; x_wconf 57' lang='lat' dir='ltr'><strong>adolescentia:</strong></span> 
     </span>
    </p>
   </div>
   <div class='ocr_carea' id='block_1_95' title="bbox 808 4643 1325 4713">
    <p class='ocr_par' dir='ltr' id='par_1_95' title="bbox 808 4643 1325 4713">
     <span class='ocr_line' id='line_1_95' title="bbox 808 4643 1325 4713; baseline -0.008 -16"><span class='ocrx_word' id='word_1_767' title='bbox 808 4658 1087 4713; x_wconf 76' lang='lat' dir='ltr'><strong>peccatum</strong></span> <span class='ocrx_word' id='word_1_768' title='bbox 1114 4643 1325 4696; x_wconf 88' lang='lat' dir='ltr'><strong>mortis.</strong></span> 
     </span>
    </p>
   </div>
   <div class='ocr_carea' id='block_1_96' title="bbox 1344 4769 1669 4825">
    <p class='ocr_par' dir='ltr' id='par_1_96' title="bbox 1344 4769 1669 4825">
     <span class='ocr_line' id='line_1_96' title="bbox 1344 4769 1669 4825; baseline -0.009 0"><span class='ocrx_word' id='word_1_769' title='bbox 1344 4770 1570 4825; x_wconf 83' lang='lat' dir='ltr'><strong>CANON</strong></span> <span class='ocrx_word' id='word_1_770' title='bbox 1607 4769 1669 4823; x_wconf 86' lang='lat' dir='ltr'><strong>ll.</strong></span> 
     </span>
    </p>
   </div>
   <div class='ocr_carea' id='block_1_97' title="bbox 3059 4750 3413 4802">
    <p class='ocr_par' dir='ltr' id='par_1_97' title="bbox 3059 4750 3413 4802">
     <span class='ocr_line' id='line_1_97' title="bbox 3059 4750 3413 4802; baseline 0 0"><span class='ocrx_word' id='word_1_771' title='bbox 3059 4750 3293 4802; x_wconf 80' lang='grc' dir='ltr'><strong>ΚΑΝΩΝ</strong></span> <span class='ocrx_word' id='word_1_772' title='bbox 3339 4750 3413 4802; x_wconf 90' lang='lat' dir='ltr'><strong>B&#39;.</strong></span> 
     </span>
    </p>
   </div>
   <div class='ocr_carea' id='block_1_98' title="bbox 879 4840 2547 4928">
    <p class='ocr_par' dir='ltr' id='par_1_98' title="bbox 879 4858 2547 4928">
     <span class='ocr_line' id='line_1_98' title="bbox 879 4858 2547 4928; baseline -0.004 -10"><span class='ocrx_word' id='word_1_773' title='bbox 879 4886 898 4917; x_wconf 79' lang='grc' dir='ltr'><strong>ι</strong></span> <span class='ocrx_word' id='word_1_774' title='bbox 946 4864 1134 4918; x_wconf 83' lang='lat' dir='ltr'><strong>Gravis</strong></span> <span class='ocrx_word' id='word_1_775' title='bbox 1167 4874 1247 4916; x_wconf 74' lang='grc' dir='ltr'><strong>σει</strong></span> <span class='ocrx_word' id='word_1_776' title='bbox 1293 4862 1516 4913; x_wconf 82' lang='lat' dir='ltr'><strong>avaritia</strong></span> <span class='ocrx_word' id='word_1_777' title='bbox 1542 4899 1557 4924; x_wconf 94' lang='lat'><strong>,</strong></span> <span class='ocrx_word' id='word_1_778' title='bbox 1607 4876 1707 4915; x_wconf 85' lang='lat' dir='ltr'><strong>nec</strong></span> <span class='ocrx_word' id='word_1_779' title='bbox 1738 4866 1964 4928; x_wconf 89' lang='lat' dir='ltr'><strong>possunt</strong></span> <span class='ocrx_word' id='word_1_780' title='bbox 1995 4873 2103 4912; x_wconf 86' lang='lat' dir='ltr'><strong>una</strong></span> <span class='ocrx_word' id='word_1_781' title='bbox 2128 4858 2353 4926; x_wconf 88' lang='lat' dir='ltr'><strong>epistola</strong></span> <span class='ocrx_word' id='word_1_782' title='bbox 2384 4859 2423 4913; x_wconf 92' lang='lat' dir='ltr'><strong>D</strong></span> <span class='ocrx_word' id='word_1_783' title='bbox 2531 4860 2547 4891; x_wconf 84' lang='grc'><strong>⁴</strong></span> 
     </span>
    </p>
   </div>
   <div class='ocr_carea' id='block_1_99' title="bbox 2350 4840 4018 4928">
    <p class='ocr_par' dir='ltr' id='par_1_99' title="bbox 2350 4840 4018 4915">
     <span class='ocr_line' id='line_1_99' title="bbox 2350 4840 4018 4915; baseline -0.01 -4"><span class='ocrx_word' id='word_1_784' title='bbox 2350 4886 2353 4911; x_wconf 80' lang='lat' dir='ltr'><strong>l</strong></span> <span class='ocrx_word' id='word_1_785' title='bbox 2384 4859 2423 4913; x_wconf 90' lang='lat' dir='ltr'><strong>D</strong></span> <span class='ocrx_word' id='word_1_786' title='bbox 2531 4860 2549 4891; x_wconf 73' lang='grc' dir='ltr'><strong>ί</strong></span> <span class='ocrx_word' id='word_1_787' title='bbox 2589 4841 2801 4911; x_wconf 79' lang='grc' dir='ltr'><strong>Αεινὴή</strong></span> <span class='ocrx_word' id='word_1_788' title='bbox 2836 4840 3111 4905; x_wconf 82' lang='grc' dir='ltr'><strong>πλεονεξία</strong></span> <span class='ocrx_word' id='word_1_789' title='bbox 3136 4880 3149 4903; x_wconf 91' lang='grc'><strong>,</strong></span> <span class='ocrx_word' id='word_1_790' title='bbox 3182 4843 3274 4894; x_wconf 77' lang='grc' dir='ltr'><strong>καὶ</strong></span> <span class='ocrx_word' id='word_1_791' title='bbox 3319 4842 3419 4894; x_wconf 79' lang='grc' dir='ltr'><strong>οὐκ</strong></span> <span class='ocrx_word' id='word_1_792' title='bbox 3468 4841 3582 4894; x_wconf 74' lang='grc' dir='ltr'><strong>ἐστι</strong></span> <span class='ocrx_word' id='word_1_793' title='bbox 3621 4843 3688 4895; x_wconf 81' lang='grc' dir='ltr'><strong>δι’</strong></span> <span class='ocrx_word' id='word_1_794' title='bbox 3736 4844 4018 4915; x_wconf 73' lang='grc' dir='ltr'><strong>ἐπιστολῆς</strong></span> 
     </span>
    </p>
   </div>
   <div class='ocr_carea' id='block_1_100' title="bbox 804 4949 2354 5025">
    <p class='ocr_par' dir='ltr' id='par_1_100' title="bbox 804 4949 2354 5025">
     <span class='ocr_line' id='line_1_100' title="bbox 804 4949 2354 5025; baseline -0.003 -19"><span class='ocrx_word' id='word_1_795' title='bbox 804 4977 820 5006; x_wconf 84' lang='grc' dir='ltr'><strong>ι</strong></span> <span class='ocrx_word' id='word_1_796' title='bbox 870 4956 1091 5025; x_wconf 85' lang='lat' dir='ltr'><strong>proponi</strong></span> <span class='ocrx_word' id='word_1_797' title='bbox 1126 4954 1436 5022; x_wconf 77' lang='lat' dir='ltr'><strong>Seriptune,</strong></span> <span class='ocrx_word' id='word_1_798' title='bbox 1477 4953 1526 5003; x_wconf 88' lang='lat' dir='ltr'><strong>in</strong></span> <span class='ocrx_word' id='word_1_799' title='bbox 1558 4952 1756 5019; x_wconf 87' lang='lat' dir='ltr'><strong>quibus</strong></span> <span class='ocrx_word' id='word_1_800' title='bbox 1786 4967 1889 5003; x_wconf 87' lang='lat' dir='ltr'><strong>non</strong></span> <span class='ocrx_word' id='word_1_801' title='bbox 1924 4950 2096 5003; x_wconf 89' lang='lat' dir='ltr'><strong>solum</strong></span> <span class='ocrx_word' id='word_1_802' title='bbox 2130 4949 2354 5017; x_wconf 62' lang='lat' dir='ltr'><strong>pradari</strong></span> 
     </span>
    </p>
   </div>
   <div class='ocr_carea' id='block_1_101' title="bbox 804 5038 2353 5113">
    <p class='ocr_par' dir='ltr' id='par_1_101' title="bbox 804 5038 2353 5113">
     <span class='ocr_line' id='line_1_101' title="bbox 804 5038 2353 5113; baseline -0.005 -16"><span class='ocrx_word' id='word_1_803' title='bbox 804 5068 820 5097; x_wconf 80' lang='grc' dir='ltr'><strong>ι</strong></span> <span class='ocrx_word' id='word_1_804' title='bbox 872 5048 1180 5113; x_wconf 74' lang='lat' dir='ltr'><strong>fugiendum</strong></span> <span class='ocrx_word' id='word_1_805' title='bbox 1214 5043 1649 5109; x_wconf 85' lang='lat' dir='ltr'><strong>horrendumque</strong></span> <span class='ocrx_word' id='word_1_806' title='bbox 1679 5039 2034 5107; x_wconf 71' lang='lat' dir='ltr'><strong>praedicatur,</strong></span> <span class='ocrx_word' id='word_1_807' title='bbox 2068 5038 2161 5092; x_wconf 84' lang='lat' dir='ltr'><strong>sed</strong></span> <span class='ocrx_word' id='word_1_808' title='bbox 2204 5039 2353 5107; x_wconf 85' lang='lat' dir='ltr'><strong>plura</strong></span> 
     </span>
    </p>
   </div>
   <div class='ocr_carea' id='block_1_102' title="bbox 803 5129 2359 5202">
    <p class='ocr_par' dir='ltr' id='par_1_102' title="bbox 803 5129 2359 5202">
     <span class='ocr_line' id='line_1_102' title="bbox 803 5129 2359 5202; baseline -0.005 -15"><span class='ocrx_word' id='word_1_809' title='bbox 803 5142 819 5187; x_wconf 71' lang='grc' dir='ltr'><strong>ἱ</strong></span> <span class='ocrx_word' id='word_1_810' title='bbox 868 5139 1026 5189; x_wconf 57' lang='lat' dir='ltr'><strong>etiam</strong></span> <span class='ocrx_word' id='word_1_811' title='bbox 1069 5136 1475 5202; x_wconf 86' lang='lat' dir='ltr'><strong>concupiscere,</strong></span> <span class='ocrx_word' id='word_1_812' title='bbox 1527 5141 1579 5185; x_wconf 90' lang='lat' dir='ltr'><strong>et</strong></span> <span class='ocrx_word' id='word_1_813' title='bbox 1622 5130 1797 5183; x_wconf 89' lang='lat' dir='ltr'><strong>aliena</strong></span> <span class='ocrx_word' id='word_1_814' title='bbox 1827 5137 2043 5195; x_wconf 82' lang='lat' dir='ltr'><strong>prepter</strong></span> <span class='ocrx_word' id='word_1_815' title='bbox 2086 5142 2241 5195; x_wconf 84' lang='lat' dir='ltr'><strong>turpe</strong></span> <span class='ocrx_word' id='word_1_816' title='bbox 2278 5129 2359 5180; x_wconf 87' lang='lat' dir='ltr'><strong>lu-</strong></span> 
     </span>
    </p>
   </div>
   <div class='ocr_carea' id='block_1_103' title="bbox 804 5218 2359 5293">
    <p class='ocr_par' dir='ltr' id='par_1_103' title="bbox 804 5218 2359 5293">
     <span class='ocr_line' id='line_1_103' title="bbox 804 5218 2359 5293; baseline -0.007 -11"><span class='ocrx_word' id='word_1_817' title='bbox 804 5251 818 5273; x_wconf 78' lang='grc' dir='ltr'><strong><em>ο</em></strong></span> <span class='ocrx_word' id='word_1_818' title='bbox 871 5244 1021 5281; x_wconf 90' lang='lat' dir='ltr'><strong>crum</strong></span> <span class='ocrx_word' id='word_1_819' title='bbox 1049 5227 1343 5293; x_wconf 78' lang='lat' dir='ltr'><strong>attingere:</strong></span> <span class='ocrx_word' id='word_1_820' title='bbox 1382 5234 1432 5277; x_wconf 90' lang='lat' dir='ltr'><strong>et</strong></span> <span class='ocrx_word' id='word_1_821' title='bbox 1457 5225 1763 5292; x_wconf 90' lang='lat' dir='ltr'><strong>quicunque</strong></span> <span class='ocrx_word' id='word_1_822' title='bbox 1788 5232 1871 5272; x_wconf 91' lang='lat' dir='ltr'><strong>est</strong></span> <span class='ocrx_word' id='word_1_823' title='bbox 1891 5218 2177 5285; x_wconf 87' lang='lat' dir='ltr'><strong>ejusmodi,</strong></span> <span class='ocrx_word' id='word_1_824' title='bbox 2212 5219 2256 5271; x_wconf 91' lang='lat' dir='ltr'><strong>is</strong></span> <span class='ocrx_word' id='word_1_825' title='bbox 2278 5228 2359 5272; x_wconf 87' lang='lat' dir='ltr'><strong>est</strong></span> 
     </span>
    </p>
   </div>
   <div class='ocr_carea' id='block_1_104' title="bbox 808 5308 2361 5378">
    <p class='ocr_par' dir='ltr' id='par_1_104' title="bbox 808 5308 2361 5378">
     <span class='ocr_line' id='line_1_104' title="bbox 808 5308 2361 5378; baseline -0.008 -9"><span class='ocrx_word' id='word_1_826' title='bbox 808 5341 824 5369; x_wconf 79' lang='grc' dir='ltr'><strong>ε</strong></span> <span class='ocrx_word' id='word_1_827' title='bbox 873 5336 901 5372; x_wconf 94' lang='lat' dir='ltr'><strong>a</strong></span> <span class='ocrx_word' id='word_1_828' title='bbox 942 5319 1029 5371; x_wconf 86' lang='lat' dir='ltr'><strong>Dei</strong></span> <span class='ocrx_word' id='word_1_829' title='bbox 1075 5318 1308 5370; x_wconf 78' lang='lat' dir='ltr'><strong>Ecclesia</strong></span> <span class='ocrx_word' id='word_1_830' title='bbox 1344 5316 1643 5367; x_wconf 78' lang='lat' dir='ltr'><strong>abdicatus.</strong></span> <span class='ocrx_word' id='word_1_831' title='bbox 1683 5311 1738 5363; x_wconf 91' lang='lat' dir='ltr'><strong>lu</strong></span> <span class='ocrx_word' id='word_1_832' title='bbox 1772 5321 2009 5378; x_wconf 88' lang='lat' dir='ltr'><strong>tempore</strong></span> <span class='ocrx_word' id='word_1_833' title='bbox 2055 5316 2230 5359; x_wconf 86' lang='lat' dir='ltr'><strong>autem</strong></span> <span class='ocrx_word' id='word_1_834' title='bbox 2280 5308 2361 5357; x_wconf 81' lang='lat' dir='ltr'><strong>in-</strong></span> 
     </span>
    </p>
   </div>
   <div class='ocr_carea' id='block_1_105' title="bbox 809 5397 2361 5468">
    <p class='ocr_par' dir='ltr' id='par_1_105' title="bbox 809 5397 2361 5468">
     <span class='ocr_line' id='line_1_105' title="bbox 809 5397 2361 5468; baseline -0.008 -7"><span class='ocrx_word' id='word_1_835' title='bbox 809 5431 825 5461; x_wconf 88' lang='grc'><strong>‹</strong></span> <span class='ocrx_word' id='word_1_836' title='bbox 874 5410 1174 5464; x_wconf 87' lang='lat' dir='ltr'><strong>cursionis.</strong></span> <span class='ocrx_word' id='word_1_837' title='bbox 1209 5407 1261 5459; x_wconf 96' lang='lat' dir='ltr'><strong>in</strong></span> <span class='ocrx_word' id='word_1_838' title='bbox 1291 5414 1437 5457; x_wconf 87' lang='lat' dir='ltr'><strong>tanto</strong></span> <span class='ocrx_word' id='word_1_839' title='bbox 1473 5406 1615 5457; x_wconf 89' lang='lat' dir='ltr'><strong>luctu</strong></span> <span class='ocrx_word' id='word_1_840' title='bbox 1650 5402 1918 5468; x_wconf 87' lang='lat' dir='ltr'><strong>tantisque</strong></span> <span class='ocrx_word' id='word_1_841' title='bbox 1940 5397 2171 5457; x_wconf 83' lang='lat' dir='ltr'><strong>ﬂetibus,</strong></span> <span class='ocrx_word' id='word_1_842' title='bbox 2200 5410 2361 5449; x_wconf 86' lang='lat' dir='ltr'><strong>ausos</strong></span> 
     </span>
    </p>
   </div>
   <div class='ocr_carea' id='block_1_106' title="bbox 809 5483 2362 5568">
    <p class='ocr_par' dir='ltr' id='par_1_106' title="bbox 809 5483 2362 5568">
     <span class='ocr_line' id='line_1_106' title="bbox 809 5483 2362 5568; baseline -0.01 -16"><span class='ocrx_word' id='word_1_843' title='bbox 809 5523 825 5552; x_wconf 83' lang='grc' dir='ltr'><strong>ι</strong></span> <span class='ocrx_word' id='word_1_844' title='bbox 873 5516 989 5555; x_wconf 88' lang='lat' dir='ltr'><strong>esse</strong></span> <span class='ocrx_word' id='word_1_845' title='bbox 1032 5500 1242 5568; x_wconf 90' lang='lat' dir='ltr'><strong>aliquos</strong></span> <span class='ocrx_word' id='word_1_846' title='bbox 1276 5506 1483 5563; x_wconf 90' lang='lat' dir='ltr'><strong>tempus</strong></span> <span class='ocrx_word' id='word_1_847' title='bbox 1513 5494 1654 5562; x_wconf 88' lang='lat' dir='ltr'><strong>quod</strong></span> <span class='ocrx_word' id='word_1_848' title='bbox 1694 5490 1945 5544; x_wconf 92' lang='lat' dir='ltr'><strong>omnibus</strong></span> <span class='ocrx_word' id='word_1_849' title='bbox 1977 5486 2203 5539; x_wconf 73' lang='lat' dir='ltr'><strong>exitium</strong></span> <span class='ocrx_word' id='word_1_850' title='bbox 2235 5483 2362 5537; x_wconf 51' lang='lat' dir='ltr'><strong>allec</strong></span> 
     </span>
    </p>
   </div>
   <div class='ocr_carea' id='block_1_107' title="bbox 811 5575 2366 5655">
    <p class='ocr_par' dir='ltr' id='par_1_107' title="bbox 811 5575 2366 5655">
     <span class='ocr_line' id='line_1_107' title="bbox 811 5575 2366 5655; baseline -0.012 -12"><span class='ocrx_word' id='word_1_851' title='bbox 811 5613 826 5643; x_wconf 84' lang='grc' dir='ltr'><strong>ι</strong></span> <span class='ocrx_word' id='word_1_852' title='bbox 872 5593 1021 5645; x_wconf 87' lang='lat' dir='ltr'><strong>rcbat</strong></span> <span class='ocrx_word' id='word_1_853' title='bbox 1043 5633 1054 5655; x_wconf 94' lang='lat'><strong>,</strong></span> <span class='ocrx_word' id='word_1_854' title='bbox 1084 5589 1395 5643; x_wconf 81' lang='lat' dir='ltr'><strong>existimare</strong></span> <span class='ocrx_word' id='word_1_855' title='bbox 1419 5599 1540 5638; x_wconf 88' lang='lat' dir='ltr'><strong>esse</strong></span> <span class='ocrx_word' id='word_1_856' title='bbox 1574 5584 1672 5636; x_wconf 85' lang='lat' dir='ltr'><strong>sibi</strong></span> <span class='ocrx_word' id='word_1_857' title='bbox 1702 5581 1835 5637; x_wconf 88' lang='lat' dir='ltr'><strong>lucri</strong></span> <span class='ocrx_word' id='word_1_858' title='bbox 1868 5588 2078 5649; x_wconf 90' lang='lat' dir='ltr'><strong>tempus</strong></span> <span class='ocrx_word' id='word_1_859' title='bbox 2104 5618 2118 5641; x_wconf 96' lang='lat'><strong>,</strong></span> <span class='ocrx_word' id='word_1_860' title='bbox 2164 5585 2243 5628; x_wconf 89' lang='lat' dir='ltr'><strong>est</strong></span> <span class='ocrx_word' id='word_1_861' title='bbox 2272 5575 2366 5625; x_wconf 80' lang='lat' dir='ltr'><strong>lio-</strong></span> 
     </span>
    </p>
   </div>
   <div class='ocr_carea' id='block_1_108' title="bbox 810 5674 2363 5754">
    <p class='ocr_par' dir='ltr' id='par_1_108' title="bbox 810 5674 2363 5748">
     <span class='ocr_line' id='line_1_108' title="bbox 810 5674 2363 5748; baseline -0.014 -12"><span class='ocrx_word' id='word_1_862' title='bbox 810 5704 829 5736; x_wconf 82' lang='grc' dir='ltr'><strong>ι</strong></span> <span class='ocrx_word' id='word_1_863' title='bbox 876 5684 1080 5737; x_wconf 81' lang='lat' dir='ltr'><strong>mitium</strong></span> <span class='ocrx_word' id='word_1_864' title='bbox 1126 5681 1413 5748; x_wconf 84' lang='lat' dir='ltr'><strong>impiorum</strong></span> <span class='ocrx_word' id='word_1_865' title='bbox 1448 5686 1497 5729; x_wconf 89' lang='lat' dir='ltr'><strong>ct</strong></span> <span class='ocrx_word' id='word_1_866' title='bbox 1536 5674 1643 5728; x_wconf 90' lang='lat' dir='ltr'><strong>Deo</strong></span> <span class='ocrx_word' id='word_1_867' title='bbox 1691 5674 2015 5731; x_wconf 85' lang='lat' dir='ltr'><strong>invisorum,</strong></span> <span class='ocrx_word' id='word_1_868' title='bbox 2048 5678 2097 5722; x_wconf 88' lang='lat' dir='ltr'><strong>et</strong></span> <span class='ocrx_word' id='word_1_869' title='bbox 2134 5679 2363 5733; x_wconf 80' lang='lat' dir='ltr'><strong>quorum</strong></span> 
     </span>
    </p>
   </div>
   <div class='ocr_carea' id='block_1_109' title="bbox 813 5756 2349 5833">
    <p class='ocr_par' dir='ltr' id='par_1_109' title="bbox 813 5756 2349 5833">
     <span class='ocr_line' id='line_1_109' title="bbox 813 5756 2349 5833; baseline -0.014 -6"><span class='ocrx_word' id='word_1_870' title='bbox 813 5796 829 5826; x_wconf 84' lang='grc' dir='ltr'><strong>ι</strong></span> <span class='ocrx_word' id='word_1_871' title='bbox 875 5773 1203 5833; x_wconf 75' lang='lat' dir='ltr'><strong>iumroliitati</strong></span> <span class='ocrx_word' id='word_1_872' title='bbox 1231 5772 1361 5823; x_wconf 84' lang='lat' dir='ltr'><strong>nihil</strong></span> <span class='ocrx_word' id='word_1_873' title='bbox 1388 5776 1559 5831; x_wconf 53' lang='lat' dir='ltr'><strong>potest</strong></span> <span class='ocrx_word' id='word_1_874' title='bbox 1588 5765 1765 5826; x_wconf 80' lang='lat' dir='ltr'><strong>adjici.</strong></span> <span class='ocrx_word' id='word_1_875' title='bbox 1796 5762 1945 5816; x_wconf 84' lang='lat' dir='ltr'><strong>Unde</strong></span> <span class='ocrx_word' id='word_1_876' title='bbox 1974 5773 2159 5815; x_wconf 85' lang='lat' dir='ltr'><strong>omnes</strong></span> <span class='ocrx_word' id='word_1_877' title='bbox 2192 5756 2349 5811; x_wconf 86' lang='lat' dir='ltr'><strong>istius</strong></span> 
     </span>
    </p>
   </div>
   <div class='ocr_carea' id='block_1_110' title="bbox 2466 4931 4019 5002">
    <p class='ocr_par' dir='ltr' id='par_1_110' title="bbox 2466 4931 4019 5002">
     <span class='ocr_line' id='line_1_110' title="bbox 2466 4931 4019 5002; baseline 0.004 -19"><span class='ocrx_word' id='word_1_878' title='bbox 2466 4952 2482 4983; x_wconf 82' lang='grc' dir='ltr'><strong>ι</strong></span> <span class='ocrx_word' id='word_1_879' title='bbox 2527 4934 2655 5002; x_wconf 80' lang='grc' dir='ltr'><strong>μιᾶς</strong></span> <span class='ocrx_word' id='word_1_880' title='bbox 2682 4931 3018 5002; x_wconf 89' lang='grc' dir='ltr'><strong>παραθέσθαι</strong></span> <span class='ocrx_word' id='word_1_881' title='bbox 3054 4932 3120 4984; x_wconf 85' lang='grc' dir='ltr'><strong>τὰ</strong></span> <span class='ocrx_word' id='word_1_882' title='bbox 3150 4932 3265 4983; x_wconf 87' lang='grc' dir='ltr'><strong>θεῖα</strong></span> <span class='ocrx_word' id='word_1_883' title='bbox 3290 4933 3621 5002; x_wconf 85' lang='grc' dir='ltr'><strong>γράμματα,</strong></span> <span class='ocrx_word' id='word_1_884' title='bbox 3656 4937 3712 4986; x_wconf 69' lang='grc' dir='ltr'><strong>ιν</strong></span> <span class='ocrx_word' id='word_1_885' title='bbox 3756 4932 3837 4998; x_wconf 71' lang='grc' dir='ltr'><strong>οἷς</strong></span> <span class='ocrx_word' id='word_1_886' title='bbox 3866 4940 3927 4988; x_wconf 85' lang='grc' dir='ltr'><strong>σὺ</strong></span> <span class='ocrx_word' id='word_1_887' title='bbox 3964 4940 4019 4989; x_wconf 72' lang='grc' dir='ltr'><strong>τὸ</strong></span> 
     </span>
    </p>
   </div>
   <div class='ocr_carea' id='block_1_111' title="bbox 2465 5012 4017 5093">
    <p class='ocr_par' dir='ltr' id='par_1_111' title="bbox 2465 5012 4017 5093">
     <span class='ocr_line' id='line_1_111' title="bbox 2465 5012 4017 5093; baseline 0.003 -20"><span class='ocrx_word' id='word_1_888' title='bbox 2465 5012 2493 5073; x_wconf 65' lang='grc' dir='ltr'><strong>ι’</strong></span> <span class='ocrx_word' id='word_1_889' title='bbox 2518 5022 2791 5092; x_wconf 80' lang='grc' dir='ltr'><strong>λῃστεύειν</strong></span> <span class='ocrx_word' id='word_1_890' title='bbox 2820 5023 2974 5091; x_wconf 84' lang='grc' dir='ltr'><strong>μόνον</strong></span> <span class='ocrx_word' id='word_1_891' title='bbox 3001 5023 3220 5090; x_wconf 82' lang='grc' dir='ltr'><strong>φρικτὸν</strong></span> <span class='ocrx_word' id='word_1_892' title='bbox 3243 5024 3332 5075; x_wconf 77' lang='lat' dir='ltr'><strong>xai</strong></span> <span class='ocrx_word' id='word_1_893' title='bbox 3359 5024 3622 5093; x_wconf 81' lang='grc' dir='ltr'><strong>φρικῶδες</strong></span> <span class='ocrx_word' id='word_1_894' title='bbox 3657 5026 4017 5093; x_wconf 49' lang='grc' dir='ltr'><strong>καιταγγέλλε-</strong></span> 
     </span>
    </p>
   </div>
   <div class='ocr_carea' id='block_1_112' title="bbox 2466 5113 4018 5185">
    <p class='ocr_par' dir='ltr' id='par_1_112' title="bbox 2466 5113 4018 5185">
     <span class='ocr_line' id='line_1_112' title="bbox 2466 5113 4018 5185; baseline 0.005 -23"><span class='ocrx_word' id='word_1_895' title='bbox 2466 5132 2482 5162; x_wconf 87' lang='grc' dir='ltr'><strong>ι</strong></span> <span class='ocrx_word' id='word_1_896' title='bbox 2522 5131 2649 5176; x_wconf 86' lang='grc' dir='ltr'><strong>ται,</strong></span> <span class='ocrx_word' id='word_1_897' title='bbox 2690 5114 2823 5165; x_wconf 77' lang='grc' dir='ltr'><strong>ἀλλὰ</strong></span> <span class='ocrx_word' id='word_1_898' title='bbox 2862 5113 3085 5166; x_wconf 84' lang='grc' dir='ltr'><strong>καθόλου</strong></span> <span class='ocrx_word' id='word_1_899' title='bbox 3122 5114 3181 5165; x_wconf 81' lang='grc' dir='ltr'><strong>τὸ</strong></span> <span class='ocrx_word' id='word_1_900' title='bbox 3221 5114 3557 5167; x_wconf 79' lang='grc' dir='ltr'><strong>πλεονεκτεῖν</strong></span> <span class='ocrx_word' id='word_1_901' title='bbox 3591 5114 3684 5165; x_wconf 78' lang='grc' dir='ltr'><strong>καὶ</strong></span> <span class='ocrx_word' id='word_1_902' title='bbox 3723 5114 4018 5185; x_wconf 74' lang='grc' dir='ltr'><strong>ἀλλοτρίων</strong></span> 
     </span>
    </p>
   </div>
   <div class='ocr_carea' id='block_1_113' title="bbox 2466 5204 4019 5274">
    <p class='ocr_par' dir='ltr' id='par_1_113' title="bbox 2466 5204 4019 5274">
     <span class='ocr_line' id='line_1_113' title="bbox 2466 5204 4019 5274; baseline 0.003 -21"><span class='ocrx_word' id='word_1_903' title='bbox 2466 5225 2483 5253; x_wconf 80' lang='grc' dir='ltr'><strong>ι</strong></span> <span class='ocrx_word' id='word_1_904' title='bbox 2518 5204 2847 5273; x_wconf 76' lang='grc' dir='ltr'><strong>ἐφάπτεσθαι</strong></span> <span class='ocrx_word' id='word_1_905' title='bbox 2891 5205 2980 5256; x_wconf 73' lang='grc' dir='ltr'><strong>ἐπὶ</strong></span> <span class='ocrx_word' id='word_1_906' title='bbox 3024 5204 3457 5274; x_wconf 74' lang='grc' dir='ltr'><strong>αἱσχροκερδείᾳ·</strong></span> <span class='ocrx_word' id='word_1_907' title='bbox 3504 5206 3597 5257; x_wconf 80' lang='grc' dir='ltr'><strong>καὶ</strong></span> <span class='ocrx_word' id='word_1_908' title='bbox 3644 5206 3750 5266; x_wconf 75' lang='grc' dir='ltr'><strong>πᾶς</strong></span> <span class='ocrx_word' id='word_1_909' title='bbox 3782 5206 4019 5269; x_wconf 79' lang='grc' dir='ltr'><strong>τοιοῦτος</strong></span> 
     </span>
    </p>
   </div>
   <div class='ocr_carea' id='block_1_114' title="bbox 2466 5294 4019 5365">
    <p class='ocr_par' dir='ltr' id='par_1_114' title="bbox 2466 5294 4019 5365">
     <span class='ocr_line' id='line_1_114' title="bbox 2466 5294 4019 5365; baseline 0.003 -20"><span class='ocrx_word' id='word_1_910' title='bbox 2466 5315 2483 5344; x_wconf 74' lang='grc' dir='ltr'><strong>ιι</strong></span> <span class='ocrx_word' id='word_1_911' title='bbox 2520 5296 2849 5363; x_wconf 75' lang='grc' dir='ltr'><strong>ἑκκήρυκτος</strong></span> <span class='ocrx_word' id='word_1_912' title='bbox 2884 5295 3203 5363; x_wconf 77' lang='grc' dir='ltr'><strong>Ἐκκλησίας</strong></span> <span class='ocrx_word' id='word_1_913' title='bbox 3250 5294 3401 5346; x_wconf 80' lang='grc' dir='ltr'><strong>Θεοῦ.</strong></span> <span class='ocrx_word' id='word_1_914' title='bbox 3432 5294 3504 5346; x_wconf 83' lang='grc' dir='ltr'><strong>Τὸ</strong></span> <span class='ocrx_word' id='word_1_915' title='bbox 3534 5294 3587 5346; x_wconf 77' lang='grc' dir='ltr'><strong>δὲ</strong></span> <span class='ocrx_word' id='word_1_916' title='bbox 3620 5296 3678 5347; x_wconf 73' lang='grc' dir='ltr'><strong>ὲν</strong></span> <span class='ocrx_word' id='word_1_917' title='bbox 3707 5297 3887 5365; x_wconf 78' lang='grc' dir='ltr'><strong>καιρῷ</strong></span> <span class='ocrx_word' id='word_1_918' title='bbox 3926 5298 4019 5365; x_wconf 75' lang='grc' dir='ltr'><strong>τῆς</strong></span> 
     </span>
    </p>
   </div>
   <div class='ocr_carea' id='block_1_115' title="bbox 2469 5384 4018 5456">
    <p class='ocr_par' dir='ltr' id='par_1_115' title="bbox 2469 5384 4018 5456">
     <span class='ocr_line' id='line_1_115' title="bbox 2469 5384 4018 5456; baseline 0.005 -23"><span class='ocrx_word' id='word_1_919' title='bbox 2469 5401 2485 5433; x_wconf 84' lang='grc' dir='ltr'><strong>ι</strong></span> <span class='ocrx_word' id='word_1_920' title='bbox 2523 5384 2885 5453; x_wconf 84' lang='grc' dir='ltr'><strong>καταδρομῆς,</strong></span> <span class='ocrx_word' id='word_1_921' title='bbox 2910 5387 2963 5435; x_wconf 80' lang='grc' dir='ltr'><strong>ὲν</strong></span> <span class='ocrx_word' id='word_1_922' title='bbox 3003 5385 3234 5455; x_wconf 80' lang='grc' dir='ltr'><strong>τοσαύτῃ</strong></span> <span class='ocrx_word' id='word_1_923' title='bbox 3255 5386 3462 5454; x_wconf 74' lang='grc' dir='ltr'><strong>οἰμωγῇ</strong></span> <span class='ocrx_word' id='word_1_924' title='bbox 3486 5386 3577 5435; x_wconf 74' lang='grc' dir='ltr'><strong>καὶ</strong></span> <span class='ocrx_word' id='word_1_925' title='bbox 3603 5385 3874 5449; x_wconf 86' lang='grc' dir='ltr'><strong>τοσούτοις</strong></span> <span class='ocrx_word' id='word_1_926' title='bbox 3891 5387 4018 5456; x_wconf 82' lang='grc' dir='ltr'><strong>θρή-</strong></span> 
     </span>
    </p>
   </div>
   <div class='ocr_carea' id='block_1_116' title="bbox 2468 5476 4018 5546">
    <p class='ocr_par' dir='ltr' id='par_1_116' title="bbox 2468 5476 4018 5546">
     <span class='ocr_line' id='line_1_116' title="bbox 2468 5476 4018 5546; baseline 0.001 -20"><span class='ocrx_word' id='word_1_927' title='bbox 2468 5494 2485 5525; x_wconf 84' lang='grc' dir='ltr'><strong>ι</strong></span> <span class='ocrx_word' id='word_1_928' title='bbox 2522 5483 2630 5537; x_wconf 80' lang='grc' dir='ltr'><strong>νοις</strong></span> <span class='ocrx_word' id='word_1_929' title='bbox 2649 5476 2909 5544; x_wconf 81' lang='grc' dir='ltr'><strong>τολμῆσαί</strong></span> <span class='ocrx_word' id='word_1_930' title='bbox 2942 5492 3089 5537; x_wconf 90' lang='grc' dir='ltr'><strong>τινας</strong></span> <span class='ocrx_word' id='word_1_931' title='bbox 3112 5476 3201 5527; x_wconf 82' lang='grc' dir='ltr'><strong>τὸν</strong></span> <span class='ocrx_word' id='word_1_932' title='bbox 3228 5476 3411 5543; x_wconf 86' lang='grc' dir='ltr'><strong>καιρὸν</strong></span> <span class='ocrx_word' id='word_1_933' title='bbox 3456 5476 3543 5527; x_wconf 81' lang='grc' dir='ltr'><strong>τὸν</strong></span> <span class='ocrx_word' id='word_1_934' title='bbox 3592 5477 3755 5526; x_wconf 71' lang='grc' dir='ltr'><strong>πᾶσιν</strong></span> <span class='ocrx_word' id='word_1_935' title='bbox 3800 5476 4018 5546; x_wconf 73' lang='grc' dir='ltr'><strong>ὄλεθρον</strong></span> 
     </span>
    </p>
   </div>
   <div class='ocr_carea' id='block_1_117' title="bbox 2469 5562 4018 5637">
    <p class='ocr_par' dir='ltr' id='par_1_117' title="bbox 2469 5562 4018 5637">
     <span class='ocr_line' id='line_1_117' title="bbox 2469 5562 4018 5637; baseline 0 -21"><span class='ocrx_word' id='word_1_936' title='bbox 2469 5584 2488 5615; x_wconf 80' lang='grc' dir='ltr'><strong>ι</strong></span> <span class='ocrx_word' id='word_1_937' title='bbox 2524 5565 2747 5634; x_wconf 78' lang='grc' dir='ltr'><strong>φέροντα</strong></span> <span class='ocrx_word' id='word_1_938' title='bbox 2770 5566 2980 5634; x_wconf 89' lang='grc' dir='ltr'><strong>νομίσαι</strong></span> <span class='ocrx_word' id='word_1_939' title='bbox 3010 5568 3217 5629; x_wconf 80' lang='grc' dir='ltr'><strong>ἑαυτοῖς</strong></span> <span class='ocrx_word' id='word_1_940' title='bbox 3244 5567 3430 5637; x_wconf 74' lang='grc' dir='ltr'><strong>καιρὸν</strong></span> <span class='ocrx_word' id='word_1_941' title='bbox 3464 5562 3596 5618; x_wconf 82' lang='grc' dir='ltr'><strong>εἶναι</strong></span> <span class='ocrx_word' id='word_1_942' title='bbox 3625 5565 3849 5633; x_wconf 74' lang='grc' dir='ltr'><strong>κέρδους</strong></span> <span class='ocrx_word' id='word_1_943' title='bbox 3868 5607 3882 5627; x_wconf 88' lang='grc'><strong>,</strong></span> <span class='ocrx_word' id='word_1_944' title='bbox 3930 5569 4018 5617; x_wconf 78' lang='grc' dir='ltr'><strong>άν-</strong></span> 
     </span>
    </p>
   </div>
   <div class='ocr_carea' id='block_1_118' title="bbox 2468 5657 4016 5727">
    <p class='ocr_par' dir='ltr' id='par_1_118' title="bbox 2468 5657 4016 5727">
     <span class='ocr_line' id='line_1_118' title="bbox 2468 5657 4016 5727; baseline 0.002 -21"><span class='ocrx_word' id='word_1_945' title='bbox 2468 5675 2487 5706; x_wconf 84' lang='grc' dir='ltr'><strong>ο</strong></span> <span class='ocrx_word' id='word_1_946' title='bbox 2523 5657 2750 5727; x_wconf 75' lang='grc' dir='ltr'><strong>θρώπων</strong></span> <span class='ocrx_word' id='word_1_947' title='bbox 2774 5659 2915 5708; x_wconf 70' lang='grc' dir='ltr'><strong>ἐστὶν</strong></span> <span class='ocrx_word' id='word_1_948' title='bbox 2934 5658 3141 5710; x_wconf 77' lang='grc' dir='ltr'><strong>ἀσεϐῶν</strong></span> <span class='ocrx_word' id='word_1_949' title='bbox 3167 5660 3258 5711; x_wconf 81' lang='lat' dir='ltr'><strong>xai</strong></span> <span class='ocrx_word' id='word_1_950' title='bbox 3283 5657 3585 5725; x_wconf 80' lang='grc' dir='ltr'><strong>θεοστυγῶν</strong></span> <span class='ocrx_word' id='word_1_951' title='bbox 3604 5700 3617 5721; x_wconf 94' lang='grc'><strong>,</strong></span> <span class='ocrx_word' id='word_1_952' title='bbox 3639 5659 3757 5710; x_wconf 70' lang='grc' dir='ltr'><strong>οὐδὲ</strong></span> <span class='ocrx_word' id='word_1_953' title='bbox 3789 5659 4016 5727; x_wconf 74' lang='grc' dir='ltr'><strong>ὑπερϐο-</strong></span> 
     </span>
    </p>
   </div>
   <div class='ocr_carea' id='block_1_119' title="bbox 2470 5747 4013 5815">
    <p class='ocr_par' dir='ltr' id='par_1_119' title="bbox 2470 5747 4013 5815">
     <span class='ocr_line' id='line_1_119' title="bbox 2470 5747 4013 5815; baseline 0 -14"><span class='ocrx_word' id='word_1_954' title='bbox 2470 5765 2490 5801; x_wconf 72' lang='lat' dir='ltr'><strong>t</strong></span> <span class='ocrx_word' id='word_1_955' title='bbox 2524 5747 2617 5814; x_wconf 83' lang='grc' dir='ltr'><strong>λὴν</strong></span> <span class='ocrx_word' id='word_1_956' title='bbox 2660 5748 2883 5811; x_wconf 77' lang='grc' dir='ltr'><strong>ἀτοπίας</strong></span> <span class='ocrx_word' id='word_1_957' title='bbox 2929 5750 3172 5815; x_wconf 81' lang='grc' dir='ltr'><strong>ἐχόντων.</strong></span> <span class='ocrx_word' id='word_1_958' title='bbox 3210 5749 3368 5803; x_wconf 84' lang='grc' dir='ltr'><strong>Ὅθεν</strong></span> <span class='ocrx_word' id='word_1_959' title='bbox 3391 5750 3529 5814; x_wconf 79' lang='grc' dir='ltr'><strong>ἔδοξε</strong></span> <span class='ocrx_word' id='word_1_960' title='bbox 3578 5751 3699 5813; x_wconf 71' lang='grc' dir='ltr'><strong>τοὺς</strong></span> <span class='ocrx_word' id='word_1_961' title='bbox 3744 5750 4013 5811; x_wconf 70' lang='grc' dir='ltr'><strong>τοιούτους</strong></span> 
     </span>
    </p>
   </div>
  </div>
