4224 6440
238 392 341 454 525
1232 389 1311 450 ΙΝ
1348 389 1588 451 EPIST.
1628 389 1671 449 S
1731 389 2109 452 GREGORII
2163 385 2601 452 NEOC/ESAR.
3376 389 3478 455 526

242 524 268 558 ε
305 508 627 581 ἐκκηρύξαι,
664 512 869 581 μήποτε
903 511 986 577 ἐφ’
1013 509 1132 562 ὅλον
1162 509 1291 581 ἔλθῃ
1320 510 1410 563 τὸν
1438 512 1564 566 λαον
1604 516 1637 584 ή
1682 514 1818 586 ὀργὴ
1847 514 1889 564 Λ

1804 530 1818 583 π
1847 514 1889 564 Α
1913 522 1934 558 ι
1980 506 2123 560 modi
2158 506 2407 561 abdicare
2432 507 2606 563 visum
2635 518 2736 573 est,
2764 526 2829 564 ne
2863 510 2999 565 forte
3024 511 3075 564 in
3105 520 3275 567 totum
3302 528 3472 583 popu-

249 618 268 651 ι
309 602 403 654 καὶ
433 603 517 654 ἐπ’
539 603 737 667 αὐτοὺς
758 601 971 671 πρῶτον
1000 602 1127 661 τοὺς
1170 601 1512 671 προεστῶτας
1531 642 1545 666 ,
1577 605 1703 666 τοὺς
1745 605 1820 677 μὴ
1912 616 1917 641 4

1806 623 1820 677 χ
1912 609 1934 646 ι
1978 594 2088 648 lum
2117 596 2197 649 ira
2230 595 2428 661 veniat,
2457 606 2511 652 et
2540 598 2593 651 in
2622 612 2716 653 eos
2748 600 2979 665 primum
3007 599 3099 667 qui
3129 610 3387 667 prtcsunt,
3422 612 3474 658 et

250 709 268 743 I
310 692 722 763 ἐπιζητοῦντας.
766 692 1038 763 οοσοῦμαι
1074 692 1216 762 γάρ.
1260 692 1391 765 ὡςή
1425 693 1613 764 Γραφὴ
1651 694 1819 762 λέγει,
1912 707 1918 730 ⁴

1807 737 1819 762 ,
1912 702 1933 737 ι
1978 701 2085 740 non
2117 686 2415 757 inquirunt.
2451 686 2651 745 Vereor
2680 692 2844 756 enim,
2879 700 2936 744 ut
2970 691 3046 745 ait
3074 690 3375 761 Scriptura.
3408 709 3475 748 ue

249 801 268 832 ι
311 784 387 853 μὴ
413 785 757 856 συναπολέσῃ
790 783 990 853 άσεσὴς
1011 784 1104 836 τὸν
1132 780 1357 838 δίκαιον.
1391 786 1645 851 Πορνεία
1689 789 1819 855 γὰρ,
1911 795 1917 823 ⁴

1805 828 1819 853 ν
1911 793 1931 828 t
1976 777 2177 845 impius
2223 779 2431 847 justum
2476 795 2579 833 una
2618 796 2800 835 aecum
2846 782 3034 850 perdat
3079 783 3117 836 '.
3155 777 3473 838 Toruicatia

249 892 263 921 ι
308 874 473 944 φησι,
517 874 614 927 καὶ
656 874 994 938 πλεονεξία,
1021 872 1095 926 δι’
1121 872 1160 925 d
1184 873 1415 941 ἔρχεται
1458 875 1497 942 ἠ
1538 875 1686 945 ὀργὴ
1717 876 1821 931 τοῦ
1911 888 1917 917 ι

1806 878 1821 929 3
1911 884 1928 918 ι
1975 868 2139 932 enim,
2177 868 2383 937 inquit,
2425 881 2472 924 et
2507 872 2765 937 avaritia,
2811 887 2902 939 per
2930 887 3046 941 qua:
3086 874 3218 927 ωεηίι
3265 876 3345 926 ira
3383 875 3474 928 Dci

249 981 267 1014 ι
313 963 461 1016 Θεοῦ
489 964 585 1017 ἐπί
612 964 752 1029 τοὺς
777 964 944 1030 υἱοὺς
980 964 1090 1032 τῆς
1119 965 1439 1029 ἀπειθείας.
1464 963 1561 1030 Μὴ
1585 961 1698 1020 οὖν
1733 966 1820 1033 τί-
1910 978 1917 1007 ε

1805 996 1820 1006 .
1910 977 1927 1007 ι
1978 959 2032 1011 in
2075 960 2215 1028 ﬁlios
2250 959 2610 1013 inobedientia
2637 974 2652 1012 :
2678 975 2741 1012 ne
2782 963 2898 1015 sitia
2930 978 3052 1030 ergo
3096 979 3273 1016 eorum
3304 969 3473 1032 parti-

249 1074 264 1103 ε
307 1057 489 1118 read;
517 1055 879 1123 συμμέτοχοι
898 1054 1114 1107 αὐτῶν.
1132 1050 1268 1109 Ἦτε
1290 1052 1398 1122 γάρ
1417 1069 1561 1107 ποτε
1575 1056 1817 1122 σκότος,
1912 1068 1917 1095 ε

1804 1097 1817 1119 ν
1912 1065 1929 1098 ι
1972 1048 2129 1117 είρεε.
2156 1046 2355 1101 Fuistia
2385 1050 2521 1101 enim
2545 1049 2831 1119 aliquando
2854 1050 3109 1104 tenebrae:
3144 1068 3276 1104 nunc
3299 1065 3471 1107 autem

250 1165 268 1195 ε
308 1144 427 1197 νῦν
462 1144 530 1197 δὲ
553 1144 677 1213 φῶς
700 1146 994 1211 ἐνΚυρίφ.
1035 1146 1126 1209 Ὡς
1152 1144 1331 1198 τέκνα
1350 1143 1540 1213 φωτὸς
1581 1158 1823 1212 περικα-
1909 1153 1918 1185 ⁴

1803 1174 1823 1186 .
1909 1152 1929 1188 ι
1975 1136 2069 1190 lu
2118 1138 2174 1190 in
2219 1137 2463 1191 Domino.
2508 1137 2574 1191 Ut
2608 1140 2709 1205 ﬁlii
2754 1139 2886 1191 lucis
2936 1140 3199 1193 ambulate
3250 1144 3471 1210 (fructus

250 1254 264 1285 ι
314 1235 463 1288 τεῒτε
491 1236 509 1293 ί
524 1241 555 1289 ό
580 1236 691 1303 γάρ
720 1236 945 1302 καρπὸς
964 1234 1069 1289 τοῦ
1098 1235 1296 1304 φωτὸς
1317 1235 1387 1289 ἐν
1417 1236 1587 1304 πάσῃ
1610 1236 1818 1305 ἁγαθο-
1911 1248 1918 1277 ⁴

1804 1265 1818 1276 .
1911 1246 1931 1278 ι
1974 1227 2112 1282 enim
2161 1228 2291 1281 lucis
2323 1236 2397 1281 est
2430 1228 2484 1280 in
2517 1230 2656 1281 omni
2680 1229 3231 1297 bonitate,etjustitia,
3264 1244 3309 1285 et
3342 1236 3472 1286 veri-

247 1342 265 1375 ι
311 1325 473 1391 σύνῃ
496 1324 593 1377 καί
612 1325 889 1395 ἀληθείᾳ)
913 1365 927 1387 ,
965 1325 1379 1395 δοκιμάζοντες
1407 1328 1464 1379 τί
1497 1326 1824 1393 εὐάρεστον
1907 1336 1915 1369 ε

1803 1344 1824 1372 ρ
1907 1336 1927 1371 t
1974 1320 2136 1387 tate),
2188 1320 2461 1387 probantes
2506 1318 2643 1387 quod
2696 1321 2763 1373 sit
2822 1318 2925 1372 Deo
2972 1332 3276 1389 acceptum:
3321 1334 3371 1375 et
3412 1343 3471 1379 ne

246 1432 265 1464 ι
308 1413 388 1477 τῷ
432 1416 658 1480 Κυρίῳ,
699 1415 795 1467 καὶ
842 1415 928 1483 μὴ
963 1416 1420 1484 συγκοινωνεῐτε
1460 1418 1585 1483 τοῖς
1626 1418 1820 1485 ἔργοις
1910 1430 1914 1450 ε

1801 1438 1820 1482 _.
1910 1423 1927 1454 ι
1972 1410 2349 1459 communicate
2377 1406 2705 1475 iufrugifert's
2732 1409 2971 1475 operibus
2995 1410 3345 1474 tenebrarum,
3383 1415 3469 1466 sed

246 1524 264 1555 ι
308 1504 436 1569 τοῖς
480 1504 771 1571 ἀκάρποις
828 1505 933 1559 τοῦ
974 1508 1269 1572 σκότους,
1322 1505 1567 1576 μᾶλλον
1613 1507 1679 1561 δὲ
1722 1500 1819 1563 καὶ
1909 1520 1914 1542 τ

1799 1508 1819 1562 ι
1909 1516 1927 1546 ‹
1973 1498 2145 1560 potius
2179 1496 2338 1549 etiam
2380 1496 2693 1566 redarguite.
2731 1496 2861 1560 Quae
2895 1500 3033 1551 enim
3074 1503 3139 1551 ab
3179 1501 3305 1568 ipsis
3338 1502 3467 1569 ﬁunt

246 1613 265 1645 ι
304 1595 607 1662 ἐλέγχετε·
657 1595 725 1648 τὰ
756 1595 866 1663 γὰρ
917 1595 1115 1664 κρυφῇ
1163 1598 1456 1665 γινόμενα
1492 1598 1591 1653 ὑπ’
1629 1598 1826 1652 αὐτῶν
1910 1617 1914 1635 ι

1800 1614 1826 1648 ν·
1910 1606 1928 1640 t
1974 1590 2302 1657 clanculum,
2352 1607 2499 1659 turpe
2538 1602 2614 1645 est
2656 1593 2739 1647 vel
2760 1594 2948 1648 dicere.
3005 1595 3197 1650 Omnia
3235 1611 3406 1651 autem
3437 1618 3468 1653 ιι

246 1703 265 1735 ι
306 1687 566 1753 αἰσχρόν
598 1686 727 1739 ἐστι
760 1687 856 1739 καί
884 1685 1103 1756 λέγειν.
1153 1688 1229 1741 τὰ
1250 1688 1318 1740 δὲ
1354 1688 1551 1743 πάντα
1575 1690 1823 1759 ἐλεγχό-
1911 1707 1914 1730 ι

1802 1719 1823 1732 .
1911 1701 1927 1734 ι
1972 1683 2085 1736 luce
2116 1684 2348 1737 convicta
2374 1684 2785 1753 manifestatur
2832 1684 2875 1741 ’.
2924 1686 3047 1743 Haec
3082 1690 3295 1758 quidem
3336 1691 3470 1761 Apo-

249 1793 267 1825 ‹
299 1790 457 1841 μεν-α
487 1776 607 1829 ὑπὸ
633 1774 738 1829 τοῦ
764 1776 955 1844 φωτὸς
987 1776 1368 1844 φανεροῦται.
1411 1778 1647 1834 Τοιαῦτα
1674 1782 1769 1850 μὲν
1798 1781 1825 1833 ὀ
1854 1794 1917 1880 Bt

1803 1781 1927 1880 58¢
1973 1775 2170 1829 atolus.
2224 1774 2281 1829 Si
2328 1784 2506 1830 autem
2540 1776 2632 1845 qui
2671 1784 2887 1845 propter
2923 1781 3155 1847 priorem
3188 1782 3337 1847 plura
3376 1786 3471 1836 ha-

248 1882 265 1913 ι
332 1864 676 1927 ’Ᾱπόστολος.
724 1866 848 1917 Ἐὰν
880 1865 956 1929 δὲ,
979 1866 1066 1917 διὰ
1091 1866 1187 1936 τὴν
1222 1868 1492 1938 προτέραν
1517 1870 1824 1934 πλεονεξίαν

245 1971 265 2003 ε
301 1953 403 2021 τὴν
432 1954 487 2005 ἐν
504 1956 568 2023 τῇ
587 1955 779 2025 εἰρήνῃ
795 1955 1088 2024 γενομένην
1109 1955 1264 2025 δίκην
1284 1958 1575 2021 τιννύντες,
1599 1960 1658 2011 ἐν
1680 1959 1825 2029 αὑτῷ

248 2060 266 2092 ι
306 2042 387 2111 τῷ
416 2041 591 2112 καιρῷ
637 2043 737 2111 τῆς
780 2043 945 2113 ὀργῆς
994 2043 1153 2095 πάλιν
1178 2043 1337 2114 -πρδς
1378 2044 1474 2114 τὴν
1511 2045 1825 2110 πλεονεξίαν

248 2149 266 2179 ι
304 2130 622 2199 ἐκτραπῶσί
646 2148 810 2193 τινες,
840 2132 1209 2201 κερδαίνοντες
1239 2132 1298 2197 ἐξ
1323 2132 1551 2201 αἵματος
1594 2134 1687 2187 καὶ
1713 2133 1827 2186 ὀλέ-

249 2241 265 2270 ι
306 2220 441 2290 θρου
467 2219 766 2289 ἀνθρώπιον
804 2222 1118 2275 ἀναστάτων
1146 2224 1454 2293 γενομένων
1478 2224 1509 2293 ἢ
1542 2224 1817 2294 αἰχμαλῶ-

249 2331 268 2362 ι
305 2328 432 2375 των,
461 2312 891 2381 πεφονευμένων,
928 2315 979 2366 τί
1002 2314 1187 2384 ἓτερον
1220 2315 1533 2386 προσδοκᾷν
1568 2316 1723 2386 χρὴῆ
1752 2315 1826 2377 ὡς

251 2421 269 2453 ι
310 2403 818 2473 ἐπαγωνιζομένους
845 2406 909 2474 τῇ
939 2403 1241 2473 πλεονεξίᾳ,
1263 2404 1629 2465 ἐπισωρεῦσαι
1651 2405 1826 2477 ὀργὴν

251 2513 269 2543 ι
306 2496 401 2546 καὶ.
427 2496 635 2557 ἑαυτοῖς
660 2494 753 2547 καὶ
786 2495 948 2547 παντὶ
974 2494 1053 2562 τῷ
1089 2493 1234 2563 λαῷς
1267 2511 1285 2544 ι

318 2586 514 2638 ΒΔΛΣ.
543 2586 629 2637 Ἐν
654 2585 731 2654 τῷ
755 2584 928 2654 καιρῷ
952 2584 1049 2654 τῆς
1074 2584 1181 2637 τῶν
1200 2583 1489 2655 βαρϐάρων
1509 2583 1826 2655 ἐπιδρομῆς,

250 2676 505 2745 ἥρπασάν
536 2688 677 2739 τινες
708 2676 817 2729 τῶν
841 2675 1131 2747 ὀρθοδόξων
1154 2674 1222 2727 τά
1255 2674 1350 2745 τὴν
1392 2674 1679 2745 λεηλασίαν
1713 2674 1829 2728 δια-

226 2766 512 2834 ,φυγόντα“
550 2766 659 2819 τῶν
735 2766 1272 2836 αἰχμαλωτισθέντων
1314 2765 1631 2835 πράγματα.
1696 2763 1830 2833 Περὶ

251 2858 457 2910 τούτων
490 2853 580 2909 οὖν
615 2858 910 2927 ἐρωτηθεὶς
932 2859 959 2909 ὀ
1007 2857 1180 2923 ἅγιος,
1205 2855 1391 2926 φησιν,
1420 2856 1500 2907 ὅτι
1527 2856 1632 2916 πᾶς
1678 2854 1828 2905 πλεο.

252 2948 448 3016 νέκτης
484 2947 818 3016 ἐκκήρυκτος
860 2946 959 3015 τῆς
1013 2944 1338 3013 Ἐκκλησίας
1365 2946 1533 3007 ἐστὶν,
1566 2943 1684 2996 ἀντὶ
1712 2940 1829 3010 τοῦ,

254 3036 556 3105 άπόδλητος
596 3035 690 3089 καὶ
730 3036 1030 3105 ἀλλότριος.
1077 3033 1579 3105 Ἀποκηρύσσεσθαι
1608 3035 1715 3105 γὰρ
1744 3034 1831 3086 λέ-

1907 1885 1925 1917 ι
1972 1866 2147 1921 bendi.
2186 1866 2573 1934 cupiditatem,
2627 1884 2749 1936 qua
2806 1870 2858 1921 in
2893 1886 3023 1938 pace
3071 1871 3208 1932 fuit,
3256 1889 3468 1941 pmnam

1907 1972 1929 2008 ε
1972 1955 2139 2021 dant,
2190 1956 2241 2009 in
2295 1957 2412 2025 ipso
2444 1956 2536 2011 irae
2570 1966 2810 2026 tempore
2846 1976 3037 2016 rursus
3083 1963 3147 2014 ad
3192 1965 3469 2018 avaritiam

1909 2066 1927 2098 ι
1973 2056 2394 2111 convertuntur,
2423 2047 2823 2103 lucrifacientes
2854 2065 2919 2103 ex
2952 2053 3213 2120 sanguine
3254 2062 3302 2106 et
3348 2069 3470 2123 per-

1909 2157 1926 2189 ι
1972 2138 2113 2193 nicie
2149 2154 2458 2193 eversorum
2503 2138 2814 2203 hominum,
2849 2141 3184 2196 captivorum
3205 2183 3221 2207 ,
3256 2143 3475 2195 interfe-

1909 2249 1926 2280 ε
1972 2236 2224 2293 ctorum;
2272 2229 2399 2297 quid
2443 2228 2586 2283 aliud
2630 2232 3053 2298 exspectandum
3094 2240 3194 2295 est,
3221 2247 3381 2300 quam
3419 2242 3474 2284 ιιι

1911 2336 1928 2369 ι
1975 2318 2202 2373 avaritia
2224 2319 2564 2374 decertantes
2597 2318 2731 2372 iram
2770 2320 2871 2374 sibi
2902 2329 2955 2373 et
2979 2322 3235 2375 universo
3277 2323 3474 2391 ρεινιιιςι

1912 2429 1930 2461 t
1979 2410 2360 2465 accumulent?
2388 2428 2406 2461 ι

1980 2578 2087 2649 27
2110 2578 2262 2635 Bue.
2282 2580 2341 2635 In
2377 2591 2619 2650 tempore
2645 2579 2998 2646 incursionis,
3026 2579 3243 2648 quidam
3266 2595 3328 2635 et
3380 2595 3475 2633 or-

1908 2670 2165 2725 tbodoxis
2185 2673 2572 2742 corripuerunt
2595 2687 2680 2726 res
2697 2686 2819 2740 qua:
2836 2672 3175 2739 captivorum
3200 2671 3478 2739 depraeda-

1908 2763 2113 2817 tionem
2135 2762 2468 2833 efl'ugerunt.
2512 2765 2587 2817 De
2612 2764 2699 2819 bis
2714 2777 2841 2832 ergo
2865 2763 3232 2831 interrogatus
3255 2769 3477 2813 sanctus

1908 2857 2058 2919 dicit.
2086 2858 2229 2928 quod
2255 2858 2503 2928 quisquis
2534 2866 2616 2913 est
2649 2872 2867 2923 avarus,
2902 2864 2986 2911 est
3014 2855 3082 2908 ab
3110 2852 3347 2907 Ecclesia
3381 2852 3477 2905 ab-

1906 2947 2140 3012 dicatus,
2188 2949 2238 3002 id
2277 2957 2380 3012 est,
2414 2950 2619 3019 ejectus
2660 2957 2714 3003 et
2761 2949 2989 3002 alienus.
3044 2945 3306 2999 Dicuntur
3331 2946 3474 2996 enim

1908 3035 2140 3091 abdicati
2176 3037 2268 3091 lilii
2298 3038 2515 3106 quando
2547 3044 2766 3106 propter
2798 3036 2975 3104 aliqua
3020 3035 3243 3088 crimina
3278 3033 3343 3086 ab
3370 3032 3477 3085 liae-

255 3143 441 3194 γονται
468 3127 515 3179 ol
540 3126 644 3179 υίοὶ
670 3126 797 3177 ὅταν
835 3124 924 3177 διά
940 3142 1059 3177 τινα
1080 3125 1376 3194 αἰτιάματα
1396 3125 1460 3175 ἐκ
1486 3124 1583 3193 τῆς
1617 3125 1833 3193 γονικῆς
1909 3140 1923 3178 1

1807 3140 1833 3187 ς
1909 3126 2138 3181 reditate
2166 3136 2389 3197 paterna
2416 3128 2740 3182 alienantur.
2784 3125 2839 3180 In
2876 3138 3112 3195 tempore
3145 3135 3323 3179 autem
3354 3124 3475 3177 talis

257 3216 616 3287 κληρονομίας
644 3210 1043 3285 άλλοτριῶνται.
1076 3214 1147 3266 Τὸ
1169 3214 1225 3266 δέ
1258 3216 1314 3267 ἐν
1348 3213 1527 3284 καιρῷ
1555 3214 1833 3283 συμφορᾶς
1852 3199 1925 3271 ϐε

1808 3199 2237 3274 cccalamitatis
2290 3215 2487 3271 audere
2530 3216 2763 3285 aliquem
2809 3215 3017 3270 facinus
3064 3214 3370 3284 ejusmodi,
3423 3225 3476 3269 et

258 3308 508 3377 τοιαύτης
529 3306 789 3377 τολμῆσαί
822 3323 943 3359 τινα
964 3304 1199 3358 τοιοῦτον
1226 3322 1280 3357 τι
1314 3305 1482 3357 κακὸν
1502 3343 1516 3368 ,
1548 3304 1641 3357 καὶ
1691 3304 1838 3373 λογί-

258 3399 456 3452 σασθαι
481 3399 714 3469 κέρδους
740 3397 991 3467 ἀφορμὴν
1018 3397 1114 3466 τὴν
1135 3396 1242 3449 τῶν
1265 3393 1507 3464 ἀδελφῶν
1532 3394 1835 3465 συμςορὰν,

257 3489 417 3559 ἔργον
446 3490 591 3541 ἐστὶν
627 3488 929 3559 ἀνθρώπων
959 3486 1167 3540 ἀσεϐῶν
1197 3487 1289 3538 καὶ
1316 3479 1422 3538 ὕπὸ
1450 3485 1543 3538 τοῦ
1580 3484 1720 3538 Θεοῦ
1746 3503 1835 3554 μι-

261 3576 558 3647 σουμένων,
585 3577 677 3629 καὶ
699 3578 876 3645 πάσης
919 3575 1145 3638 ἀτοπίας
1183 3574 1456 3627 ἐπέκεινα.
1486 3573 1643 3627 Ὅθεν
1688 3571 1835 3638 εδοξε

260 3668 386 3730 τοὺς
405 3668 676 3729 τοιούτους
708 3665 1006 3736 ἐκκηρύξαι
1033 3664 1153 3717 ἀντὶ
1175 3661 1290 3726 τοῦ,
1329 3663 1575 3733 φανερῶς
1590 3660 1840 3727 ἐκδιῶξαι

259 3756 360 3825 τῆς
401 3754 758 3824 Ἐκκλησίας,
797 3755 891 3807 καὶ
923 3753 1152 3823 χωρίσαι
1201 3751 1295 3804 τοῦ
1335 3749 1696 3823 πληρώματος
1730 3750 1838 3804 τῶν

261 3846 495 3899 πιστῶν·
532 3845 619 3897 ἶνα
649 3844 722 3914 μὴ
741 3844 807 3896 δι’
834 3843 1032 3906 αὐτοὺς
1065 3845 1097 3914 ἡ
1130 3842 1268 3913 ὀργὴ
1292 3840 1383 3894 τοῦ
1412 3838 1544 3893 Θεοῦ
1592 3838 1721 3910 ἔλθῃ
1744 3838 1837 3891 ἐπὶ

263 3938 493 3999 πάντας,
525 3936 619 3987 καὶ
644 3935 749 4006 πρὸ
772 3933 878 3986 τῶν
906 3932 1077 3988 ἄλλων
1110 3933 1201 3986 ἐπὶ
1220 3933 1343 3995 τοὺς
1365 3932 1734 4001 προεστῶτας,
1757 3929 1831 4002 μὴ

263 4025 657 4097 ἐπιζητοῦντας
684 4023 777 4077 καὶ
809 4021 1160 4089 ἐξετάζοντας
1198 4022 1323 4085 τοὺς
1367 4020 1657 4083 τοιούτους.
1706 4015 1827 4073 Εἴτε

264 4102 462 4187 ἐπάγει
498 4122 592 4172 καὶ
621 4116 901 4188 Γραφικὰς
936 4115 1236 4186 μαρτυρίας
1258 4153 1273 4177 ,
1302 4113 1397 4166 καὶ
1430 4112 1556 4184 περὶ
1590 4111 1651 4161 rb
1688 4110 1837 4175 τέλος

267 4209 547 4281 ἐπιφέρει·
576 4210 637 4261 El
667 4208 725 4259 δέ
746 4222 888 4269 τινες
911 4205 997 4258 διὰ
1026 4204 1335 4269 πλεονεξίαν
1368 4203 1663 4272 γενομένην
1711 4202 1840 4272 παρ’

266 4302 449 4355 αὐτῶν
488 4299 631 4355 κατὰ
654 4299 745 4351 τὸν
770 4299 867 4367 τῆς
890 4298 1109 4367 είρήνης
1136 4295 1324 4364 καιρὸν
1346 4293 1714 4355 κολασθέντες,
1748 4291 1844 4344 πά·

1910 3306 2222 3361 existlmare
2267 3308 2493 3360 aliorum
2529 3307 2890 3362 calamitatem
2920 3322 3040 3362 esse
3084 3305 3165 3360 s-xi
3208 3306 3340 3360 lucri
3386 3319 3478 3359 oc-

1912 3397 2210 3462 casionem,
2233 3406 2317 3452 est
2343 3397 2633 3467 impiorum
2660 3399 2939 3451 hominum
2968 3406 3021 3452 et
3045 3396 3150 3451 Deo
3180 3397 3475 3450 invisorum

1913 3499 1966 3544 et
1996 3487 2089 3559 qui
2121 3503 2336 3542 omnem
2364 3488 2762 3558 improbitatem
2792 3497 3068 3556 superant.
3122 3486 3271 3542 Unde
3305 3489 3477 3541 visum

1914 3587 1999 3633 est
2022 3592 2116 3633 eos
2148 3578 2421 3643 abdicare,
2454 3592 2551 3647 pro
2594 3592 2659 3632 eo
2707 3578 2851 3646 quod
2880 3585 2983 3642 est,
3018 3587 3200 3647 aperte
3241 3576 3478 3632 Ecclesia

1914 3666 2205 3736 expellere,
2253 3674 2309 3720 et
2356 3681 2387 3719 a
2438 3666 2675 3721 ﬁdelium
2705 3666 3049 3720 multitudine
3087 3682 3371 3735 separare:
3417 3683 3483 3720 nc

1917 3766 2135 3827 propter
2164 3756 2312 3825 ipsos
2342 3756 2433 3810 Dei
2464 3756 2544 3810 ira
2580 3756 2633 3810 in
2668 3770 2859 3811 omnes
2890 3758 3086 3819 veniat,
3122 3766 3174 3810 et
3204 3766 3326 3811 ante
3349 3758 3483 3811 alios

1917 3848 1971 3902 in
2006 3861 2101 3902 eoa
2127 3847 2221 3915 qui
2258 3854 2532 3916 prcsuut,
2566 3846 2660 3914 qui
2690 3846 2954 3915 ejusmodi
2988 3846 3233 3900 homines
3269 3862 3374 3900 non
3405 3848 3487 3900 in-

1919 3936 2143 4007 quirunt
2172 3944 2226 3991 et
2247 3936 2580 3991 examinant.
2610 3935 2809 3990 Deinde
2838 3935 3115 4006 subjungit
3141 3937 3299 3991 etiam
3334 3943 3485 3992 testi-

1922 4027 2103 4082 monia
2142 4024 2455 4097 Scriptum,
2490 4034 2542 4080 et
2580 4026 2725 4080 circa
2762 4026 2918 4080 [luem
2946 4025 3142 4080 infert:
3182 4025 3237 4081 Si
3269 4028 3360 4096 qui
3393 4044 3488 4082 auo

1922 4129 2029 4172 tem
2076 4123 2291 4184 propter
2341 4130 2495 4170 suam
2535 4115 2859 4180 avaritiam,
2910 4129 3030 4184 qua:
3088 4115 3189 4169 fuit
3253 4124 3489 4184 tempore

1922 4206 2115 4275 pacis,
2164 4204 2376 4273 puniti,
2428 4205 2479 4258 in
2532 4205 2885 4260 barbarorum
2940 4206 3133 4259 iterum
3183 4206 3492 4262 incursione

1923 4298 2110 4350 eadem
2144 4294 2517 4363 peccaverint,
2558 4295 2629 4359 ii,
2668 4295 2860 4365 inquit,
2894 4310 3003 4349 non
3033 4296 3203 4349 solum
3236 4297 3328 4351 Dei
3356 4298 3491 4351 iram

268 4394 349 4445 λιν
372 4394 467 4445 καὶ
496 4395 575 4453 εἰς
606 4390 702 4454 τὴν
728 4387 833 4440 τῶν
867 4385 1155 4456 βαρόάρων
1182 4385 1367 4453 ῐφοδον
1395 4384 1461 4437 τὰ
1498 4381 1636 4435 αὐτὰ
1662 4382 1843 4451 ἦμαρ-
1926 4386 1936 4437 i

1825 4406 1843 4420 -
1926 4386 1979 4437 in
2020 4400 2079 4439 se
2115 4385 2430 4451 attrahunt,
2465 4385 2557 4441 sed
2580 4387 2741 4440 etiam
2774 4386 3033 4442 adversus
3064 4403 3276 4442 omnem
3325 4404 3493 4458 popa-

269 4500 381 4546 τον,
412 4485 461 4535 οί
489 4480 746 4545 τοιοῦτοι,
781 4478 945 4548 φησιν
969 4516 983 4541 ,
1026 4477 1087 4529 ού
1131 4476 1289 4546 μόνον
1328 4472 1448 4527 καθ’
1499 4471 1703 4526 ἑαυτῶν
1745 4470 1841 4542 τὴν
1869 4475 1937 4530 Dl

1820 4488 1841 4523 ν
1869 4475 1910 4530 D
1929 4475 2061 4530 lum.
2096 4473 2367 4529 ﬂaccum
2397 4476 2470 4529 ita
2500 4490 2558 4530 se
2587 4476 2838 4541 habeant,
2864 4487 2988 4530 nota
3016 4491 3079 4529 ex
3109 4476 3209 4530 hac
3241 4479 3488 4545 praesenti

270 4574 443 4644 ὀργὴν
466 4571 559 4624 τοῦ
598 4570 733 4624 Θεοῦ
778 4570 1095 4636 ἐφέλκουσιν
1119 4607 1134 4631 ,
1172 4567 1307 4620 ἀλλὰ
1343 4566 1433 4619 καὶ
1472 4562 1614 4617 κατὰ
1650 4561 1843 4625 παντὸς

273 4662 367 4715 τοῦ
395 4660 548 4714 λαοῦ.
592 4658 808 4711 Τούτων
852 4656 1019 4719 οὕτως
1067 4655 1297 4725 ἐχόντων
1371 4653 1702 4724 σημείωσαι,
1761 4652 1843 4704 ὅτι

274 4755 368 4806 καὶ
389 4752 499 4807 ἀπὸ
537 4751 634 4819 τῆς
664 4746 946 4819 παρούσης
985 4745 1271 4815 ἐπιστολῆς
1325 4746 1533 4813 ἐφεῖται
1577 4745 1685 4805 τοῖς
1724 4743 1844 4794 ἐπι-

275 4843 496 4904 σκόποις
521 4841 615 4904 τὰς
647 4839 751 4891 τῶν
776 4837 1110 4890 πλεονεκτῶν
1145 4834 1458 4897 δυναστείας
1505 4830 1847 4885 ἀναστέλλειν

269 4932 355 4984 διὰ
378 4930 669 4999 ἐπιτιμίων
689 4946 702 4959 ·
740 4929 831 4981 καὶ
856 4928 980 4990 τοὺς
1009 4929 1104 4998 μὲν
1138 4926 1479 4996 ἁρπάζοντας
1520 4922 1589 4975 τὰ
1618 4922 1725 4991 ἀπὸ
1752 4921 1848 4991 τῆς

271 5021 644 5092 αἰχμαλωσίας
662 5019 1076 5091 περιλειφθέντα
1107 5017 1405 5088 πράγματα
1427 5016 1533 5069 τῶν
1556 5014 1846 5086 ὀρθοδόξων

276 5112 363 5164 διὰ
401 5110 648 5181 μεγάλων
675 5108 1139 5179 ἐκκλησιαπικιῦν
1176 5106 1521 5178 σωφρονίζειν
1554 5104 1844 5159 κολάσεων·

277 5203 401 5264 τοὺς
425 5200 482 5252 δὲ
512 5199 587 5270 μὴ
607 5198 878 5261 τοιούτους
902 5198 1150 5268 ἅρπαγας
1169 5198 1541 5269 μετριωτέρως
1571 5196 1845 5265 ἐπιτιμᾷν·

279 5291 418 5343 ὥστε
461 5289 569 5342 ἀπὸ
617 5288 874 5341 τοιούτων
932 5288 1057 5356 περ)⁵
1113 5287 1362 5340 τοιούτων
1412 5286 1713 5340 ὑποθέσεων
1757 5285 1850 5337 καὶ

280 5382 502 5442 λαῖκοὺς
523 5380 834 5447 ἐνδυνάμως
863 5378 949 5429 ἴνα
985 5377 1274 5430 δικάσωσιν
1304 5377 1353 5429 ol
1382 5376 1686 5429 ἐπίσκοποι.
1728 5374 1852 5437 Πῶς

285 5476 391 5545 γὰρ
423 5473 806 5542 ἐπιτιμήσουσι
852 5468 1070 5531 τούτους
1113 5469 1209 5538 τῆς
1240 5467 1492 5537 ἀληθείας
1526 5466 1598 5538 μὴ
1645 5469 1851 5535 ἀναφα-

286 5567 469 5629 νείσης
492 5564 754 5634 πρότερον
780 5577 795 5625 ;
826 5559 897 5612 Τδ
925 5560 979 5612 δὲ
1012 5559 1098 5612 διὰ
1135 5558 1441 5622 πλεονεξίαν
1476 5556 1855 5629 ἀτωκηρύσσεο

366 5752 379 5779 ¹
415 5754 550 5810 Gen.
586 5767 735 5815 mu,
761 5750 849 5814 ‘25,
879 5749 967 5803 25.
1059 5741 1077 5770 ¹
1120 5746 1316 5813 Ephes.
1353 5764 1403 5810 ν,
1434 5748 1585 5803 ε-ιδ.

1927 4566 2175 4636 epistola,
2216 4567 2359 4635 quod
2396 4567 2665 4636 episcopis
2692 4567 3021 4636 permittitur
3051 4584 3341 4622 avarorum
3368 4570 3457 4636 plu
3476 4599 3488 4608 -

1930 4670 2097 4725 raque
2128 4655 2357 4710 habendi
2398 4656 2716 4725 cupidorum
2764 4661 3061 4725 potentiam
3098 4657 3271 4724 panis
3316 4656 3491 4723 impo-

1931 4747 2049 4801 sitis
2082 4760 2364 4801 coercere:
2410 4754 2463 4800 et
2495 4760 2589 4801 eos
2616 4745 2865 4815 quidem,
2896 4746 3022 4815 qui,
3068 4762 3188 4814 quan
3219 4762 3280 4799 ex
3326 4747 3493 4814 capti-

1930 4839 2095 4893 vitate
2123 4837 2305 4891 relicta
2334 4846 2461 4892 sunt
2492 4836 2737 4891 fidelibus
2757 4878 2773 4902 ,
2806 4838 3019 4905 rapiunt
3039 4874 3052 4899 ,
3084 4838 3291 4906 magnis
3323 4836 3493 4889 cccle-

1933 4928 2166 4986 aiasticis
2191 4928 2749 4982 animadversionibus
2777 4930 3072 4997 castigare;
3111 4928 3202 4995 qui
3228 4943 3334 4981 non
3370 4938 3496 4981 sunt

1934 5029 2116 5074 autem
2198 5018 2463 5089 ejusmodi
2527 5033 2788 5088 rapaces,
2879 5018 3221 5071 mediocriter
3282 5019 3491 5086 punire.

1935 5108 2296 5175 Quamobrem
2342 5121 2407 5162 ex
2460 5106 2544 5160 bis
2592 5107 2657 5160 de
2718 5106 3027 5176 hujusmodi
3089 5106 3269 5160 causis
3332 5106 3496 5160 laicus

1938 5214 2153 5271 quoque
2191 5198 2425 5268 episcopi
2466 5198 2563 5251 rite
2596 5197 2852 5267 judicent.
2900 5196 3184 5263 Quomodo
3226 5198 3368 5250 enim
3405 5212 3497 5251 eos

1937 5293 2196 5362 punient,
2242 5290 2288 5344 si
2331 5304 2437 5343 non
2469 5289 2618 5358 prius
2662 5289 2857 5342 veritas
2891 5288 3238 5357 apparuerit?
3276 5288 3500 5356 Propter

1940 5382 2219 5438 avaritiam
2235 5390 2413 5433 autent
2449 5394 2475 5430 a
2502 5379 2733 5433 ﬁdelium
2758 5380 3137 5433 communione
3155 5380 3386 5447 aliquem
3406 5379 3499 5431 ah—

1940 5476 2129 5537 dicari,
2161 5488 2411 5541 magnum
2444 5482 2543 5533 est,
2578 5481 2630 5525 et
2660 5486 2738 5524 va:
2770 5473 2976 5525 avaris!
3015 5469 3119 5522 Lex
3153 5485 3277 5523 vero
3307 5469 3500 5540 civilis.

1940 5580 2063 5621 eum
2107 5564 2201 5633 qui
2254 5564 2390 5633 rapit
2435 5579 2495 5617 ex
2542 5560 2790 5615 incendio
2835 5561 2915 5614 vel
2964 5576 3027 5614 ex
3073 5561 3229 5613 ruina
3274 5561 3500 5625 aedium,
