4224 6440
2035 380 2306 440 TilEOD.
2358 382 2369 438 l

2438 380 2584 439 .LSA
2598 380 2647 438 Μ
2657 376 2753 437 0N
3908 382 4016 443 523

791 518 927 567 intra
983 530 1184 569 annum
1219 516 1430 583 quidem
1483 516 1533 565 ln
1579 514 1940 583 quadruplum
1987 512 2347 567 condemnat:

2456 505 2579 561 σθαί
2601 522 2719 559 τινα
2748 504 2810 557 ἐκ
2850 505 2947 575 τῆς
2978 502 3260 566 κοινωνίας
3289 504 3392 556 τῶν
3442 502 3646 556 πιστῶν
3692 502 3833 572 μέγα
3874 505 4018 566 ἐστὶ,

790 617 905 671 post
956 620 1155 658 annum
1199 615 1376 659 autem
1426 606 1477 658 in
1518 606 1791 674 simplum.
1844 602 1906 656 Et
1958 604 2073 671 lege
2115 602 2350 670 primum

2451 598 2543 650 καί
2569 596 2691 649 οὐαὶ
2717 597 2825 659 τοῖς
2855 595 3278 649 πλεονεκτοῦσιν.
3324 594 3379 648 ’0
3410 594 3591 663 μέντοι
3631 593 3905 655 πολιτικὸς
3934 594 4020 643 νό-

788 710 907 763 t‘ap.
969 697 1055 751 tit.
1080 696 1152 751 20
1184 696 1276 750 lib.
1315 708 1380 747 ιι
1453 693 1711 749 Similiter
1752 704 1928 749 autem
1966 692 2266 761 puniuntur
2300 690 2351 741 in

2455 704 2552 759 μσς
2574 692 2663 741 τὸν
2687 688 2999 759 ἁρπάζοντα
3027 687 3134 741 ἀπὸ
3166 684 3494 757 ἐμπρησμοῦ
3533 686 3565 754 ἢ
3602 686 4021 751 καταπεσούσης

791 798 950 854 paena
980 785 1313 854 pecuniaria,
1347 785 1438 853 qui
1478 785 1545 838 ab
1579 795 1882 854 expugnata
1924 783 2086 837 domo
2113 782 2347 851 rapiunt.

2451 776 2625 840 οἰκίας
2651 778 2781 830 είσω
2816 776 2911 847 μέν
2937 775 3181 830 ἐνιαυτοῦ
3214 776 3294 839 εἰς
3325 775 3387 827 τὸ
3419 770 3753 843 τετραπλοῦν
3792 770 4019 824 καταδι-

790 875 929 929 Ilicit
975 877 1117 928 enim
1170 876 1463 931 secundum
1496 878 1674 930 thema
1704 890 1820 944 cap.
1854 876 1887 927 3
1919 874 2162 943 ejusdem
2213 869 2351 924 tituli

2451 866 2633 931 κάζει’
2671 865 2806 935 μετὰ
2825 864 2882 918 δέ
2904 865 2994 919 τὸν
3023 863 3267 919 ἐνιαυτὸν
3290 866 3369 926 εἰς
3400 863 3461 916 τὸ
3495 859 3718 916 άπλοῦν.
3754 860 3865 913 Καὶ
3880 859 4016 911 ἀνά-

791 978 841 1018 rt
872 966 991 1018 libri
1024 966 1451 1033 barcexpresse:
1485 966 1539 1020 Si
1584 983 1611 1021 a
1646 969 1808 1025 domo
1836 966 1917 1019 vel
1962 965 2081 1019 vico
2123 962 2214 1032 qui
2257 975 2351 1029 op-

2451 957 2616 1028 γνωθι
2635 957 2696 1011 τὸ
2714 956 2928 1029 πρῶτον
2948 956 3139 1024 κεφάλ.
3165 953 3260 1008 τοῦ
3302 959 3351 1007 κ’
3393 952 3571 1005 τίτλου
3597 949 3758 1014 τοῦ¹ξ⁷
3786 948 4013 1018 βιϐλίον.

792 1065 1060 1124 pugnatur
1088 1071 1295 1124 raptum
1322 1057 1448 1124 quid
1480 1056 1659 1117 fuerit,
1693 1058 1789 1125 legi
1822 1056 1972 1110 locus
2002 1064 2101 1111 esto

2452 1046 2769 1117 Παρομοίως
2796 1044 2851 1098 δέ
2875 1044 3191 1108 κολάζονται
3214 1040 3356 1097 κατά
3380 1040 3477 1112 τὴν
3507 1038 3861 1137 χρηματικήν.
3895 1054 4019 1090 ποι-

790 1157 889 1227 νὴν
914 1156 1005 1208 καὶ
1029 1157 1076 1208 οί
1106 1154 1213 1209 ἀπὸ
1231 1152 1404 1215 οἰκίας
1429 1150 1963 1221 καταπολεμηθείσης
1995 1147 2346 1217 ἁρπάζοντες.
2374 1145 2510 1214 Φησὶ
2539 1144 2648 1214 γάρ
2685 1141 2747 1195 τὸ
2788 1140 3038 1212 δεύτερον
3069 1140 3210 1211 θέμα
3234 1139 3327 1194 τοῦ
3374 1146 3421 1207 γ⁴
3498 1137 3689 1209 κεφάλ.
3708 1135 3813 1227 τοῦ
3850 1133 4020 1227 eam:

789 1224 966 1301 τίτλον
999 1247 1090 1299 καὶ
1132 1243 1333 1313 βιϐλίου
1365 1242 1533 1297 ταῦτα
1570 1242 1745 1311 ῥητῶς
1770 1259 1781 1271 ·
1817 1242 1936 1295 Κᾶν
1973 1240 2081 1293 ἀπὸ
2110 1238 2283 1299 οικίας
2321 1234 2355 1304 ἢ
2388 1234 2576 1305 κώμης
2624 1230 3173 1301 καταπολεμουμένης
3216 1232 3438 1302 άρπαγῇ
3474 1244 3547 1294 τι,
3572 1227 3722 1301 χώρα
3747 1225 3827 1279 τῶ
3847 1224 4018 1292 νόμῳ.

864 1328 1063 1384 ιυιιιιι.
1117 1334 1232 1394 Qua
1286 1340 1603 1401 tempestate
1656 1351 1708 1389 in
1773 1347 2037 1407 martyres
2083 1334 2360 1404 penulatio

2519 1332 2757 1387 ΖΩΝΛΡ.
2802 1334 2890 1387 Ἐν
2912 1331 2989 1403 τῷ
3018 1331 3194 1403 καιρῷ
3218 1332 3319 1402 τῆς
3345 1330 3454 1386 τῶν
3497 1332 3790 1402 μαρτύρων
3824 1329 4023 1400 λεηλα-

792 1420 1453 1487 exerccbatur,-non°nulli
1487 1438 1549 1477 ex
1598 1425 1662 1478 iis
1696 1426 1786 1494 qui
1832 1426 2147 1495 (Eugerant,
2187 1423 2357 1492 capti-

2452 1424 2593 1489 σίας,
2614 1424 2757 1487 τινές
2776 1424 2885 1479 τῶν
2899 1423 3266 1493 διαφυγόντων
3288 1422 3519 1493 ἐπῆλθον
3533 1424 3653 1482 ταῖς
3681 1422 3884 1483 οἰκίαις
3912 1419 4021 1469 τῶν

792 1525 981 1565 \orum
1015 1514 1259 1568 invasere
1296 1516 1507 1579 dumos,
1541 1533 1764 1584 quasque
1812 1534 1841 1571 a
1886 1519 2133 1573 barbaris
2173 1517 2356 1570 relicta

2446 1515 3003 1587 αἰχμαλωτισθέντων,
3026 1518 3120 1571 καί⁵
3146 1516 3401 1586 ἥρπασαν
3424 1515 3491 1569 τά
3520 1513 3666 1585 παρὰ
3687 1513 3795 1566 τῶν
3822 1512 4022 1583 βαρϐάο

795 1605 1002 1656 luci-ant
1026 1644 1039 1667 ,
1074 1603 1362 1673 diripuere.
1416 1604 1504 1660 De‘
1532 1606 1615 1660 his
1647 1607 1825 1673 itaque
1870 1616 2090 1677 rogatus
2124 1607 2211 1661 hic
2242 1621 2358 1659 ma-

2448 1622 2557 1677 ρων
2600 1605 3041 1676 καταλειφθέντα.
3082 1605 3217 1676 Περὶ
3269 1604 3472 1657 τούτων
3531 1598 3623 1656 οὖν
3670 1602 3966 1671 ἐρωτηθεὶς
3993 1603 4022 1651 ό

798 1708 934 1757 (illi:
960 1690 1142 1755 Pater,
1162 1707 1378 1747 omnem
1409 1696 1689 1748 avaritiam
1721 1696 1912 1749 asserit
1939 1696 2134 1751 divinis
2167 1694 2359 1749 litteris

2449 1698 2619 1765 μέγας
2648 1689 2803 1760 οὗτος
2843 1696 3063 1767 Πατὴρ,
3092 1696 3287 1766 φησιν,
3329 1695 3409 1749 ὅτι
3442 1694 3591 1747 πᾶσα
3631 1690 3917 1756 πλεονεξία
3953 1694 4021 1759 τῇ

800 1782 1169 1846 interdictam,
1203 1798 1305 1838 nec
1343 1785 1458 1837 fieri
1490 1799 1649 1853 posse
1720 1794 1777 1838 ut
1823 1800 2155 1855 quaecunque
2190 1799 2359 1842 sacra:

2445 1785 2565 1856 θεία
2593 1785 2779 1857 Γραφῇ
2811 1784 3201 1855 ἀπηγόρευται,
3232 1784 3327 1838 καὶ
3350 1784 3410 1836 οὐ
3439 1782 3659 1837 δυνατὸν
3687 1785 3745 1835 ἐν
3770 1784 3868 1851 μιᾷ
3896 1782 4021 1835 ἐπι-

799 1872 1004 1940 pagina:
1031 1872 1096 1926 de
1126 1875 1350 1926 avaritia
1386 1874 1684 1938 disserunt,
1724 1890 1829 1928 una
1856 1877 2078 1943 epistola
2108 1889 2354 1944 compre-

2445 1874 2603 1944 στολῇ
2638 1874 2948 1944 περιλαϐεῖν
2980 1874 3080 1927 ὅσα
3110 1872 3234 1943 περί
3267 1871 3576 1938 πλεονεξίας
3606 1872 3645 1941 η’
3664 1870 3858 1940 Γραφὴ
3883 1871 4026 1951 Siti:

794 1963 1117 2016 nmdantur.
1165 1960 1404 2017 Breviter
1441 1973 1619 2017 autem
1681 1967 1755 2016 ait
1800 1978 2022 2017 avarum
2064 1964 2356 2033 quemlibet

2442 1980 2578 2018 εισιο
2646 1963 2923 2035 συντόμως
2948 1962 3004 2017 δέ
3040 1980 3221 2034 φησιν,
3256 1966 3337 2017 δτι
3362 1964 3468 2026 πᾶς
3501 1962 3830 2031 πλεονέκτης
3860 1962 4037 2029 ἐκκήί

791 2067 911 2106 isse
946 2055 1012 2106 ab
1041 2052 1279 2107 Ecclesia
1306 2053 1645 2119 abdicatum,
1684 2054 1784 2109 hoc
1808 2063 1921 2117 est,
1949 2054 2179 2123 ejectum
2212 2064 2264 2109 et
2295 2070 2356 2109 a-

793 2142 1293 2196 l.enum.’Abdicari
1331 2156 1566 2211 namque
1588 2142 1842 2217 dicuntur
1873 2141 1987 2205 filii,
2014 2157 2137 2196 cum
2165 2143 2234 2197 ob
2258 2142 2356 2195 ali-

791 2233 932 2297 ruod
956 2234 1158 2286 crimen
1190 2246 1220 2285 a
1243 2240 1462 2301 paterna
1500 2233 1809 2286 hereditate
1833 2233 2144 2302 ejiciuntur,
2178 2233 2355 2286 omni-

791 2338 893 2389 que
927 2322 1263 2393 cognationis
1296 2323 1416 2393 jure
1444 2324 1635 2393 privati
1673 2336 1976 2379 censentur.
2019 2323 2188 2380 Porro
2212 2324 2356 2380 cala-

792 2414 992 2467 mitatis
1038 2422 1311 2482 tempore,
1346 2429 1468 2468 cum
1505 2415 1555 2467 in
1599 2415 1745 2468 luctu
1793 2416 2041 2471 homines
2067 2430 2352 2471 versaren-

792 2519 913 2567 tur,
947 2506 1035 2559 alii
1074 2506 1290 2575 quidem
1322 2507 1517 2576 captivi
1557 2506 1769 2577 ipsimet
1806 2506 1967 2573 facti,
1998 2507 2087 2562 alii
2118 2522 2245 2561 vero
2284 2506 2353 2561 ob

791 2596 1225 2667 consanguineos
1253 2598 1306 2651 in
1336 2599 1648 2653 servitutem
1683 2598 1975 2665 abductos,
2008 2598 2097 2652 alii
2122 2599 2352 2667 denique

792 2688 859 2740 ob
886 2704 1065 2741 rerum
1106 2704 1327 2743 suarum
1354 2693 1658 2758 jactur-am;
1692 2707 1854 2747 ausos
1891 2692 2057 2746 fuisse
2086 2692 2348 2761 quosdam

791 2778 1055 2847 ejusmodi
1086 2789 1318 2849 tempus.
1346 2781 1480 2835 lucri
1504 2784 1605 2836 sibi
1632 2784 1967 2839 occasionem
2006 2785 2221 2849 ducere,
2253 2786 2350 2838 bo-

793 2871 995 2924 niinum
1026 2878 1106 2924 est
1143 2870 1432 2942 impiorum
1455 2914 1469 2938 ,
1506 2880 1558 2927 et
1594 2872 1701 2929 Deo
1732 2876 2028 2930 invisorum
2050 2918 2063 2941 ,
2105 2878 2217 2932 sive
2243 2875 2351 2931 Deo

790 2973 1120 3025 i-xosorum,
1173 2962 1425 3032 quodque
1476 2980 1689 3020 omnem
1745 2978 1963 3034 superat
2010 2970 2347 3035 pravitatem.

791 3049 999 3106 Placuit
1032 3053 1214 3122 itaque
1251 3056 1519 3124 ejusmodi
1553 3057 1799 3113 homines
1823 3060 2106 3121 abdicare,
2146 3060 2197 3113 irl
2230 3071 2346 3124 est,

792 3144 968 3209 palam
997 3145 1283 3199 extrudere
1303 3146 1370 3199 ab
1401 3145 1656 3213 Ecclesia,
1694 3158 1854 3219 atque
1883 3166 1910 3202 a
1938 3150 2180 3204 tldelium
2212 3150 2349 3205 mul-

2446 2072 2639 2128 ρυκτος
2684 2056 2785 2126 τῆς
2830 2055 3153 2127 Ἑκκλησίας
3183 2058 3329 2111 ἐστίν
3354 2074 3367 2087 ·
3398 2057 3519 2111 ἀντὶ
3550 2055 3666 2121 τοῦ,
3706 2053 4023 2130 ἀπόϐλητος

2442 2146 2534 2199 καὶ
2558 2145 2852 2218 ἀλλότριος.
2895 2132 3398 2218 ’Δποκηρύσσεσθαι
3424 2148 3532 2217 γάρ
3547 2144 3794 2213 λέγονται
3820 2147 3870 2199 οἰ
3894 2146 4019 2207 υἱοὶ.

2439 2240 2568 2292 ὅταν
2599 2238 2663 2292 δι’
2691 2236 2918 2307 αἰτίαμα
2950 2237 3049 2308 τῆς
3078 2240 3298 2309 γονικῆς
3315 2236 3677 2308 κληρονομίας
3710 2234 4021 2289 ἐκϐάλλων-

2438 2347 2548 2396 ται,
2571 2330 2661 2384 καὶ
2689 2329 3073 2400 ἀλλοτριῶνται
3088 2330 3188 2400 τῆς
3210 2329 3546 2398 συγγενείας.
3564 2328 3637 2382 Τὸ
3651 2328 3728 2391 δέ,
3750 2330 3810 2381 ἐν
3842 2327 4023 2396 καιρῷ

2441 2423 2743 2492 συμφορᾶς,
2772 2421 2898 2474 ὅταν
2926 2420 3184 2492 ἐθρήνουν
3205 2421 3252 2475 οἰ
3282 2420 3558 2491 ἄνθρωποι
3577 2462 3591 2485 ,
3617 2422 3667 2475 οἰ
3694 2420 3793 2490 μέν
3823 2422 4021 2489 αἰχμα-

2438 2510 2803 2573 λωτισθέντες,
2830 2511 2880 2562 οί
2914 2509 2970 2563 δέ
2995 2510 3083 2565 διά
3113 2510 3240 2574 τοὺς
3259 2512 3492 2574 οἰκείους
3516 2511 3594 2574 είς
3620 2510 3865 2563 δουλείαν
3898 2510 4021 2577 άγψ

2442 2602 2651 2672 μένους,
2684 2602 2733 2654 οἰ
2759 2601 2817 2655 δέ
2834 2601 2923 2655 διά
2941 2601 3038 2673 τὴν
3072 2602 3326 2673 στέρησιν
3352 2602 3688 2673 πραγμάτων
3706 2618 3717 2629 ·
3748 2600 4020 2671 τολμῆσαί

2438 2708 2589 2754 τινας
2616 2690 2707 2743 τὸν
2740 2690 2977 2745 τοιοῦτον
3007 2691 3197 2762 καιρὸν
3226 2691 3542 2759 λογίσασθαι
3565 2691 3787 2761 κέρδους
3802 2692 4017 2761 καιρὸν,

2438 2780 2648 2836 ἀσεϐῶν
2678 2784 2823 2835 ἐστιν
2853 2781 3152 2852 ἀνθρώπων
3191 2784 3283 2853 καὶ
3318 2780 3654 2849 θεοστυγῶν,
3691 2781 3859 2850 ἧγουν
3916 2783 4018 2834 ὑπὸ

2438 2871 2571 2939 Θεοῦ
2614 2872 2951 2942 μισουμένων
2972 2873 3061 2925 καὶ
3085 2872 3261 2941 πάσης
3284 2872 3510 2934 ἀτοπίας
3542 2872 3819 2925 ἐπέκεινα.
3853 2872 4017 2925 ’θθεν

2438 2962 2579 3033 ἔδοξε
2611 2963 2736 3024 τοὺς
2773 2961 3044 3024 τοιούτους
3084 2962 3383 3033 ἐκκηρύξαι
3408 3002 3422 3025 ,
3473 2963 3593 3015 ἀντὶ
3628 2962 3743 3027 τοῦ,
3764 2962 4015 3034 φανερῶς

2435 3052 2681 3117 ἐκδιῶξαι
2705 3053 2803 3122 τῆς
2843 3052 3186 3124 Ἐκκλησίας,
3214 3054 3305 3107 καί⁵
3335 3055 3564 3125 χωρίσαι
3587 3052 3681 3106 τοῦ
3715 3053 4015 3125 πληρώμα-

2434 3160 2523 3206 τος
2550 3142 2655 3195 τῶν
2680 3142 2903 3207 πιστῶν,
2930 3144 3015 3195 [va
3043 3144 3115 3213 μὴ
3143 3143 3209 3196 δι’
3236 3144 3433 3207 αὐτοὺς
3476 3145 3508 3215 ἡ
3548 3144 3685 3215 ὀργὴ
3738 3143 3835 3197 τοῦ
3877 3144 4014 3198 Θεοῦ

786 3236 1011 3290 titudine
1036 3251 1335 3308 segregare,
1357 3254 1425 3293 ne
1445 3250 1670 3310 ιιιιοριειι·⁴
1685 3243 1829 3312 ipsos
1854 3244 1934 3297 ira
1960 3242 2052 3298 Dei
2078 3246 2131 3299 in
2159 3258 2350 3300 omnes

2438 3233 2559 3304 ἐλθῃ
2586 3234 2675 3286 ἐπὶ
2706 3234 2930 3297 πάντας,
2950 3233 3049 3287 καὶ
3088 3232 3194 3302 πρὸ
3216 3234 3323 3285 τῶν
3352 3234 3525 3288 ἄλλων
3554 3236 3647 3287 ἐπὶ
3680 3236 3807 3299 τοὺς
3848 3253 4012 3305 προε-

785 3326 1097 3389 ιιρεοοηάιιι,
1131 3328 1504 3398 pmcipuequc
1540 3330 1591 3383 in
1615 3346 1708 3385 eos
1738 3334 1829 3400 qui
1867 3344 2126 3401 praesunt,
2166 3351 2263 3390 ncc
2294 3337 2345 3389 in

783 3416 1048 3479 ejusmodi
1079 3416 1349 3473 homines
1398 3418 1717 3489 inquirunt,
1764 3432 1856 3475 aut
1888 3425 2176 3479 vindicant.
2225 3425 2343 3480 Mox

784 3505 1077 3577 Scriptura:
1124 3509 1428 3563 testimonia
1472 3510 1708 3579 profert,
1740 3511 2024 3581 additque.
2064 3513 2120 3568 Si
2151 3516 2242 3584 qui
2276 3517 2345 3569 ob

782 3596 956 3650 i-xacti
1002 3599 1265 3667 temporis
1299 3600 1601 3666 avaritiam,
1632 3609 1684 3655 et
1720 3618 1877 3671 quam
1909 3614 2034 3657 ante
2080 3605 2344 3659 incursio-

783 3704 904 3742 nem
940 3689 1294 3744 barbarorum
1318 3701 1701 3758 exercuerant,
1743 3696 2342 3763 pmnaspersolventes,

781 3791 889 3829 non
921 3778 1080 3832 modo
1108 3794 1215 3834 non
1248 3780 1588 3849 resipuerunt
1613 3781 1738 3849 (hoc
1761 3797 1887 3835 vero
1923 3783 2191 3851 duplicem
2224 3798 2346 3839 sen-

779 3882 901 3918 sum
936 3867 1204 3932 admittit,
1254 3879 1347 3924 aut
1378 3872 1521 3924 enim
1560 3887 1739 3938 parum
1771 3873 2111 3940 prrsulventes
2151 3874 2343 3929 intelli-

779 3962 855 4024 git
890 3960 960 4013 ob
984 3961 1308 4027 supplicium
1332 3976 1360 4013 a
1393 3959 1503 4015 Deo
1538 3961 1820 4025 inflictum,
1852 3964 1942 4031 qui
1977 3964 2041 4016 ad
2072 3965 2344 4019 vindican-

778 4057 909 4103 dum
933 4053 1232 4117 superioris
1259 4055 1515 4123 temporis
1547 4056 1799 4125 injuriam
1836 4056 2120 4111 immiserit
2147 4058 2340 4113 barba-

778 4159 867 4196 ros
894 4183 908 4204 ,
955 4157 1049 4199 aut
1091 4147 1341 4200 solventes
1380 4162 1557 4214 parm
1582 4185 1598 4211 ,
1646 4148 1749 4201 hoc
1780 4157 1897 4211 est,
1942 4150 2340 4219 episcopalibus

778 4236 992 4290 inuictis
1027 4237 1095 4290 ob
1131 4238 1463 4306 superiorem
1510 4240 1790 4293 avaritiam
1835 4242 2080 4312 castigati
2116 4242 2369 4301 minime'

783 4332 1173 4399 γυιιῐριιοηιηι),
1200 4333 1333 4399 quin
1362 4334 1541 4401 potius
1565 4333 1799 4401 ipsumet
1824 4343 2067 4404 tempore
2085 4332 2353 4403 28όὶνί-

2437 3327 2663 3389 στῶτιςν
2696 3327 2769 3395 μὴ
2802 3324 3189 3394 ἐπιζητοῦντας
3216 3326 3301 3379 κα)
3324 3326 3673 3390 ἐξετάζοντας
3690 3314 3820 3389 τοὺς
3838 3328 4012 3379 τοιού-

2433 3434 2572 3479 τους.
2603 3417 2711 3469 Kal
2734 3415 3014 3485 Γραφικάς
3047 3417 3351 3486 μαρτυρίας
3373 3419 3629 3487 παράγει,
3648 3412 4006 3484 εἷτα-ἐπάγει·

2432 3510 2533 3572 ὅτι,
2578 3507 2698 3569 Ἐάν
2742 3524 2913 3569 τινες,
2968 3507 3057 3559 διά
3096 3507 3409 3571 πλεονεξίαν
3442 3503 3828 3579 προλαϐοῦσαν
3857 3550 3871 3575 ,
3918 3513 4011 3563 καὶ

2435 3598 2538 3667 πρὸ
2556 3597 2655 3666 τῆς
2685 3597 2793 3649 τῶν
2820 3596 3108 3668 βαρϐάρων
3141 3597 3439 3669 ἐπιδρομῆς
3466 3600 3765 3671 γενομένην
3789 3640 3805 3665 ,
3852 3602 4010 3669 δίκην

2433 3689 2734 3753 τιννύντες,
2786 3688 2847 3740 οὐ
2879 3688 3036 3758 μόνον
3068 3689 3167 3741 οὐκ
3197 3689 3669 3760 ἐσωφρονίσθησαν
3712 3690 3903 3760 (τοῦτο
3952 3693 4007 3744 δέ

2434 3780 2613 3851 διττὴν
2646 3780 2849 3832 ἔννοιαν
2905 3778 3222 3833 ὑποϐάλλει·
3275 3780 3308 3852 ἢ
3349 3779 3456 3850 γάρ
3487 3779 3662 3848 δίκην
3697 3783 4007 3847 urnis-rec

2434 3873 2578 3938 λέγει
2607 3873 2724 3925 ἀντὶ
2767 3871 2893 3935 τοῦ,
2942 3870 3342 3941 τιμωρούμενοι
3388 3870 3537 3941 παρὰ
3566 3870 3661 3924 τοῦ
3700 3872 3837 3927 Θεοῦ
3861 3914 3874 3938 ,
3919 3874 4008 3926 διά

2432 3965 2644 4027 ἀδικίας
2687 3962 3062 4032 προλαϐούσας
3112 3964 3236 4026 τοὺς
3281 3962 3587 4034 βαρϐάρους
3630 3966 3708 4027 εἰς
3735 3966 4007 4035 τιμωρίαν

2432 4056 2746 4125 κινήσαντος
2770 4070 2781 4083 ’
2811 4053 2844 4122 ἢ
2868 4053 3043 4120 δίκην
3069 4053 3379 4120 τιννύντες
3406 4054 3527 4106 ἀντὶ
3567 4053 3659 4107 τοῦ
3679 4094 3694 4120 ,
3726 4054 3793 4107 δι’
3826 4056 4004 4107 ἐπιτι-

2433 4144 2696 4215 μημάτων
2745 4144 3058 4197 ἐπισκόπων
3108 4141 3459 4212 κολαζόμενοι
3496 4142 3584 4196 διά
3626 4142 4005 4213 προλαϐοῦσας

2429 4234 2736 4300 πλεονεξίας
2775 4235 2872 4286 οὐκ
2925 4232 3404 4305 ἐσωφρονίσθησαν
3504 4233 3646 4287 γάλλά
3687 4234 3782 4288 καὶ
3823 4236 3886 4291 ἐν
3929 4239 4005 4307 τῷ

2430 4326 2605 4396 καιρῷ
2637 4326 2737 4394 τῆς
2762 4328 2928 4396 ὀργῆς
2956 4324 3049 4378 τοῦ
3081 4324 3236 4389 Θεοῦ,
3262 4324 3329 4377 δι’
3357 4326 3423 4396 ἢν
3454 4324 3683 4397 ἐπῆλθον
3709 4328 3761 4380 οι
3795 4326 4003 4400 βάρϐα-

778 4434 861 4471 me
884 4419 1273 4484 iracundiapb
1291 4435 1450 4487 quam
1468 4423 1674 4476 irruere
1692 4422 1931 4489 barbari,
1950 4423 2053 4492 ipsi
2067 4438 2123 4478 se
2140 4422 2205 4475 ad
2230 4436 2353 4476 ava-

2438 4436 2533 4488 ροι,
2564 4417 2755 4485 αὐτῆ(
2774 4418 2851 4479 εἰς
2877 4416 3182 4481 πλεονεξίαν
3208 4418 3520 4486 ἐκτραπῶσι
3545 4417 3918 4489 κερδαίνοντες
3948 4423 4002 4487 ἐξ

774 4508 951 4560 ritiam
1002 4517 1412 4574 mnverterunt,
1459 4508 1667 4562 lucrum
1705 4510 1808 4564 sibi
1852 4525 2212 4581 comparantes
2271 4532 2369 4592 ex!

2438 4510 2656 4577 αἵματος
2684 4506 2903 4578 ὀλέθρου
2926 4507 3020 4561 ἀνθ
3031 4506 3223 4577 ρώπων
3251 4506 3574 4561 ἀναστάτων
3602 4511 3932 4580 γενομένων,
3968 4514 3999 4583 ἦ

774 4600 1045 4667 sanguine,
1081 4608 1133 4651 et
1162 4597 1396 4666 pernicie
1425 4598 1705 4652 hominum
1730 4616 1959 4669 quorum
1988 4617 2188 4656 ενοι-επ
2222 4601 2332 4656 Ιόι·⁴

774 4698 916 4741 tunae
947 4698 1092 4753 sunt,
1123 4691 1203 4742 vel
1236 4690 1569 4757 captivorum
1604 4690 1697 4758 qui
1748 4702 1873 4744 sunt
1923 4692 2223 4758 interfecti;
2276 4702 2332 4745 ut

774 4788 952 4831 autem
992 4778 1115 4832 illud
1148 4779 1458 4843 explicaret,
1492 4780 1699 4833 lucrum
1726 4779 1827 4834 sibi
1857 4794 2235 4851 comparantes
2264 4798 2327 4836 ex

772 4866 1033 4935 sanguine
1054 4905 1068 4929 ,
1105 4866 1333 4935 subjecit
1360 4882 1477 4935 quae
1506 4882 1627 4921 mox
1669 4880 2000 4938 sequuntur:
2040 4871 2133 4925 Vel
2163 4876 2330 4941 enim,

773 4957 976 5022 inquit,
1032 4956 1310 5010 hominum
1352 4959 1441 5025 qui
1484 4959 1535 5011 in
1571 4959 1877 5014 servitutem
1923 4962 2138 5018 abducti
2172 4976 2329 5029 sunt,

768 5047 910 5115 quod
938 5057 1019 5101 est
1042 5048 1325 5116 pernicies,
1350 5049 1431 5101 vel
1462 5049 1865 5103 interfectorum
1884 5053 2163 5108 hominum
2189 5056 2328 5112 bona

768 5136 1059 5202 iliripiunt:
1102 5136 1227 5205 quid
1265 5137 1408 5191 aliud
1459 5140 1782 5207 sperandum
1828 5150 1929 5205 est,
1964 5144 2067 5195 nisi
2110 5157 2328 5213 propter

770 5227 1067 5289 uva:iliam,
1098 5228 1199 5281 sibi
1232 5228 1361 5297 ipsis
1392 5242 1452 5281 ac
1486 5229 1736 5283 universo
1765 5232 1964 5299 populo
1998 5233 2131 5287 iram
2167 5250 2326 5289 accu-

774 5318 1001 5379 mulare,
1029 5316 1131 5371 hoc
1152 5328 1251 5380 est,
1281 5318 1380 5372 sibi
1414 5319 1543 5387 ipsis
1571 5330 1622 5373 et
1652 5322 1847 5390 p0pulo
1872 5321 1962 5379 Dei
1992 5324 2326 5379 iracundiam

2429 4598 2783 4668 αἰχμαλώτων
2826 4595 3238 4666 πεφονευμένων
3258 4617 3269 4627 ~
3305 4596 3365 4649 τὸ
3400 4597 3455 4649 δὲ
3486 4596 3556 4660 ἐξ
3580 4598 3829 4666 αἵματος
3870 4617 4003 4668 ιερ-

2429 4686 2740 4751 δαίνοντες
2789 4685 3103 4757 ἑρμηνεύων
3126 4726 3139 4749 ,
3175 4688 3420 4755 ἐπήγαγε
3447 4686 3515 4739 τά
3556 4684 3712 4756 ἑξῆς·
3770 4688 3843 4739 Ἦ
3874 4691 4001 4761 γάρ,

2431 4778 2616 4847 φησὶν,
2648 4778 2945 4848 ἀνθρώπων
2960 4780 3039 4841 εἰς
3062 4777 3434 4846 αἰχμαλωσίαν
3462 4776 3849 4845 ἀπαγομένων,
3871 4779 4004 4852 ὅπερ

2429 4867 2645 4937 ὄλεθρός
2676 4872 2840 4934 ἐστιν,
2868 4868 2899 4938 ἢ
2936 4856 3324 4937 ἀναιρεθέντων
3364 4867 3664 4937 ἀνθρώπων
3699 4869 4004 4938 πράγματα

2427 4957 2817 5027 διαρπάζουσι·
2846 4959 2898 5009 τί
2932 4957 3057 5010 ἄλλο
3087 4958 3190 5028 χρὴ
3222 4958 3478 5022 ἐλπίζειν,
3502 4959 3534 5029 ἢ
3560 4958 3649 5011 διὰ
3680 4958 3784 5030 τὴν
3817 4960 4002 5013 πλεον-

2430 5046 2576 5108 εξίαν
2603 5046 2965 5117 έπισωρεῦσαι
2988 5048 3155 5117 ὀργὴν
3177 5050 3387 5110 ἑαυτοῖς
3421 5050 3513 5099 καὶ
3551 5046 3713 5099 παντί¹
3750 5048 3829 5117 τῷ
3855 5048 3997 5117 λαῷ,

2430 5138 2593 5207 ἢγουν
2619 5137 2837 5189 ἐλκύσαι
2864 5139 2963 5206 τὴν
2991 5137 3084 5190 τοῦ
3111 5138 3243 5190 Θεοῦ
3273 5139 3356 5205 ἐφ’
3400 5139 3622 5201 ἑαυτοὺς
3658 5140 3752 5191 καὶ
3793 5140 3887 5192 ἐπὶ
3915 5140 3999 5191 τὸν

2430 5229 2584 5293 λαόν;
2620 5230 2725 5282 Καὶ
2766 5229 2825 5293 ἐξ
2860 5230 3099 5300 ίστορίας
3127 5229 3181 5282 δὲ
3213 5232 3441 5293 παλαιᾶς
3480 5230 3783 5299 ὑπόδειγμα
3818 5248 3997 5301 παρα-

2428 5320 2635 5387 τίθησιν
2660 5362 2673 5383 ,
2702 5322 2780 5373 ὅτι
2804 5320 2918 5382 ἐνὸς
2949 5322 3359 5393 ἁμαρτήσαντος
3388 5321 3570 5373 πολλοί
3601 5320 3992 5381 ἐκολάσθησαν.

767 5406 1091 5461 .nnciliare?
1134 5408 1309 5478 Atque
1360 5413 1663 5480 exemplum
1718 5428 1778 5467 ex
1829 5413 2044 5481 antiqua
2110 5413 2332 5464 historia
2370 5411 2605 5474 adducit,
2660 5414 2710 5467 in
2745 5430 2854 5483 quo
2889 5414 2957 5468 ob
2986 5416 3449 5484 unius’poccatum
3505 5421 3690 5490 plures
3732 5425 3997 5495 supplicio

748 5496 942 5551 αἰγίδι-η
968 5512 1110 5551 sunt.

1378 5590 1605 5647 CANON
1648 5592 1735 5648 lli.

846 5700 859 5727 ‹
908 5682 1094 5733 \nnon
1142 5696 1266 5736 ecce
1321 5683 1494 5733 Achar
1548 5682 1681 5738 Zarc
1727 5687 1864 5739 Illius
1917 5690 1927 5719 ‘
1984 5688 2035 5740 in
2087 5703 2150 5743 eo
2190 5690 2329 5760 quod

861 5793 1003 5851 ’Ios.
1050 5811 1149 5851 νη.

3034 5604 3267 5661 ΚΑΝΩΝ
3306 5608 3378 5664 Γ.

2512 5713 2529 5743 ι
2573 5694 2680 5746 Οὐκ
2732 5694 2834 5748 ἰδοῦ
2877 5696 3047 5768 Ἀχαρ
3096 5700 3123 5748 ὁ
3156 5700 3301 5768 Ζαρᾶ
3345 5701 3683 5774 πλημμελείᾳ
3720 5706 3992 5781 ἐπλημμέ-
