4224 6440
781 388 823 417 r,

776 388 878 446 εδδ
2004 384 2277 448 ΤΠΕΟΙ).
2314 386 2401 447 ΒΑ
2411 385 2706 448 LSAMON

3879 366 3982 435 536

783 518 903 571 fidei
934 528 1241 586 posse-sere
1275 515 1392 581 ejus
1421 514 1713 566 dominium
1739 511 2051 576 acquiritur.
2086 506 2209 562 Haec
2234 522 2327 560 au-
2358 510 2399 561 Α
2433 528 2451 564 1

2318 535 2327 546 -
2358 510 2399 561 Α
2433 511 2683 581 σχολάζον
2711 512 2853 581 ψυχῇ
2880 510 3170 579 νεμόμεθα,
3201 508 3302 561 κᾶν
3334 505 3571 575 φυσικῶς
3598 502 3728 557 αὑτὸ
3758 501 3817 553 o6
3854 517 3986 553 κατ-

784 620 889 661 tetn
935 610 1111 660 locum
1142 620 1247 658 non
1279 604 1475 656 habent
1511 604 1561 655 in
1602 604 1665 654 iis
1696 616 1813 669 qum
1839 601 1903 653 ad
1935 600 2175 669 captivos
2204 612 2326 666 per-

785 702 984 761 tinent;
1023 705 1076 747 et
1113 694 1232 749 ideo
1262 694 1354 761 qui
1398 707 1459 745 ea
1489 692 1757 755 detinent,
1802 699 1855 743 et
1884 705 1989 743 non
2021 690 2326 750 restituunt,

790 797 841 838 ιιι
877 786 1126 853 superius
1165 788 1388 847 dictum,
1442 785 1575 835 citra
1606 780 1771 833 ullam
1822 779 2246 841 distinctionem,
2278 786 2327 830 et

784 884 1053 937 tcm-ntur,
1086 885 1135 927 et
1166 875 1475 942 puniuntur.

2432 604 2624 672 έχομεν
2646 619 2658 632 ο
2706 601 2766 654 τδ
2798 601 2854 653 δέ
2879 600 3287 670 προδερέλικτον
3317 597 3439 651 οὐδὲ
3466 596 3708 665 νομίμως
3734 591 3853 644 οὐδὲ
3882 608 3981 659 φυ-

2434 692 2595 754 σικῶς
2623 690 2919 760 κατέχομεν
2940 706 2953 719 ·
3012 690 3103 741 καὶ
3153 688 3240 740 διά
3281 686 3436 739 τοῦτο
3478 683 3793 746 δεσπόζεται
3830 680 3981 749 παρά

2432 780 2522 833 τοῦ
2547 780 2681 850 καλῇ
2710 780 2886 831 πίστει
2933 777 3256 847 νεμηθέντας
3287 776 3436 829 αὐτό.
3484 774 3666 828 Ταῦτα
3712 772 3768 825 δὲ
3797 769 3983 840 χώραν

2430 871 2529 924 οὐκ
2554 870 2763 939 ἔχουσιν
2790 868 2881 920 ἐπὶ
2904 869 3008 920 τῶν
3037 868 3339 936 ἀνηκόντων
3359 868 3466 927 τοῖς
3484 859 3978 933 αἰχμαλωτισθεῖσι·

790 973 883 1024 καὶ
930 972 1016 1025 διὰ
1067 972 1223 1024 τοῦτο
1254 974 1301 1024 oi
1368 973 1685 1040 κατέχοντες
1734 973 1869 1025 αὺτά
1924 972 2015 1022 καὶ
2065 970 2135 1038 μὴ
2180 965 2665 1024 ἀποκαθιστῶντες,
2721 959 3021 1023 ὼςάνωθεν
3066 957 3293 1027 εἴρηται,
3333 956 3682 1018 ἀδιαστίκτως
3734 955 3827 1007 καὶ
3875 955 3987 1007 ἐνέ-

791 1081 974 1131 γρνται
1004 1066 1096 1116 καὶ
1128 1062 1458 1124 κολάζονται.

861 1170 1055 1223 Zona.
1098 1166 1173 1219 Ne
1200 1164 1464 1233 qqispiam
1497 1176 1554 1216 se
1585 1161 1755 1227 ipsum
1782 1156 2023 1215 sedncat,
2049 1154 2200 1221 quasi
2226 1163 2339 1203 rem

793 1261 975 1315 fratris
1005 1260 1291 1326 proiectam
1327 1253 1556 1306 fortasse
1586 1250 1845 1317 planeque
1872 1245 2165 1312 neglectam
2190 1243 2341 1294 inve-

793 1354 947 1405 nerit.
986 1351 1114 1402 Nam
1136 1346 1239 1399 etsi
1267 1346 1339 1397 ita
1370 1341 1607 1395 inveniat
1640 1341 1831 1406 ipsam,
1861 1333 2058 1388 lucrari
2094 1331 2234 1386 haud
2258 1328 2343 1384 fas

794 1452 894 1502 est,
948 1440 1159 1505 sibique
1206 1448 1316 1487 rem
1368 1432 1598 1484 alienam
1641 1427 1934 1486 vindicare,
1963 1424 2174 1477 etiamst
2206 1421 2342 1473 forte

796 1534 1008 1597 ignoret
1050 1526 1362 1585 dominum;
1409 1520 1502 1576 sed
1551 1520 1696 1571 illam
1739 1531 1952 1570 sumere
1995 1521 2225 1582 oportet,
2277 1524 2341 1563 ac

798 1633 965 1687 usque
1017 1617 1161 1669 iilam
1211 1612 1463 1667 dominus
1508 1609 1651 1661 norit
1696 1621 1758 1658 ac
1797 1604 2066 1672 requirat,
2107 1612 2341 1657 servare.

798 1711 935 1762 'l‘um
978 1702 1373 1776 Denteronomii
1408 1715 1470 1753 ac
1500 1698 1667 1753 Exodi
1694 1696 1839 1749 locos
1870 1693 2089 1762 profert,
2125 1693 2194 1745 ita
2230 1692 2342 1745 dis-

802 1812 986 1853 serens
1021 1817 1032 1849 :
1062 1796 1114 1848 Si
1148 1793 1294 1862 pacis
1327 1802 1562 1859 tempore
1597 1786 1761 1861 frater
1787 1796 1931 1845 tuus,
1970 1792 2062 1836 aut
2095 1781 2344 1835 inimicus

2501 1166 2737 1220 ΖΩΝΔΡ.
2769 1166 2885 1218 Ὅτι
2911 1166 2982 1235 μὴ
3018 1164 3336 1229 ἐξαπατάτω
3357 1162 3439 1223 τὶς
3463 1161 3670 1220 ἐαυτὸν,
3699 1158 3773 1220 ὡς
3806 1152 3983 1225 εὑρὼν

2431 1260 2491 1309 τὸ
2515 1257 2606 1309 τοῦ
2641 1256 2864 1324 ἀδελφοῦ
2900 1256 3126 1326 πρᾶγμα
3169 1251 3492 1324 ἐρριμμένον
3525 1252 3650 1312 ίσως
3680 1250 3772 1301 καὶ
3797 1250 3985 1301 ἀνεπι-

2435 1348 2660 1417 μέλητον
2691 1348 2957 1416 κείμενον.
2991 1345 3107 1399 Κᾶν
3157 1343 3265 1414 γάρ
3297 1342 3467 1404 οὕτως
3498 1340 3631 1411 εὕρῃ
3673 1339 3822 1400 αὐτὸ,
3881 1339 3982 1390 οὐκ

2431 1435 2603 1498 ἔξεστι
2634 1434 2887 1505 κερδῆσαι
2920 1433 3048 1487 αὐτὸ
3077 1433 3168 1484 καὶ
3198 1428 3577 1483 οἰκειώσασθαι
3603 1426 3661 1478 τὸ
3684 1425 3979 1493 ἀλλότριον·

2431 1529 2533 1581 κᾶν
2573 1528 2700 1589 ῐσως
2724 1529 2888 1596 ἀγνοῇ
2932 1526 3022 1578 τδν
3042 1525 3303 1593 δεσπότην
3331 1521 3423 1573 τοῦ
3450 1519 3786 1589 πράγματος
3814 1530 3985 1584 χρεω-

2435 1620 2548 1668 στεῖ
2570 1616 2677 1686 γὰρ
2706 1615 2886 1667 λαϐεῖν
2909 1614 3056 1675 αὐτὸ,
3083 1614 3176 1666 καὶ
3204 1610 3429 1680 φυλάξαι
3466 1609 3570 1671 ἐως
3595 1610 3623 1660 6
3666 1606 3850 1676 κύριος
3888 1606 3986 1655 αὑ-

2432 1706 2524 1760 τοῦ
2552 1706 2661 1776 γνῷ
2694 1707 2784 1759 καὶ
2809 1704 3017 1778 ζητήσῃ
3053 1705 3200 1758 αὑτό.
3228 1702 3335 1755 Καὶ
3364 1701 3432 1752 τά
3457 1698 3548 1751 τοῦ
3575 1694 3986 1765 Δευτεεκινομίου

2433 1796 2525 1851 καὶ
2549 1796 2615 1848 τὰ
2658 1796 2756 1865 τῆς
2796 1795 3004 1861 Ἐξόδου
3034 1794 3224 1860 ἐπάγει
3256 1792 3427 1858 λέγων
3456 1790 3555 1851 δτι,
3589 1787 3711 1839 Ἐἀν
3736 1788 3791 1837 ἐν
3814 1783 3989 1853 καιρῷ

807 1902 930 1942 tnus
961 1904 1024 1940 ex
1055 1883 1370 1953 negligentia
1399 1893 1508 1933 rem
1548 1892 1698 1931 suam
1732 1875 1935 1944 perdat,
1958 1871 2097 1926 haud
2123 1870 2203 1924 fas
2241 1878 2341 1931 est,
2378 1884 2415 1937 Β
2435 1886 2475 1936 ει

2328 1908 2341 1931 ι
2378 1884 2652 1954 Βείρήνης
2680 1886 2706 1936 6
2739 1883 2960 1949 ἀδελφός
2987 1882 3139 1951 σοσῆ
3184 1884 3212 1933 ό
3264 1879 3451 1949 ἐχθρός
3484 1893 3575 1927 σου
3619 1876 3679 1926 ἐκ
3722 1872 3992 1943 ῥᾳθυμίας

802 1982 843 2030 si
894 1993 1010 2029 eam
1057 1972 1342 2035 int-cnezis,
1387 1968 1480 2021 tibi
1527 1966 1795 2033 propriam
1842 1962 2130 2023 vindicare,
2175 1957 2265 2012 sed
2294 1958 2341 2011 ei

800 2070 888 2138 qui
920 2066 1148 2136 perdidit
1182 2064 1383 2116 servari
1415 2061 1630 2127 antiqua
1670 2058 1747 2123 le}
1775 2056 1956 2124 jubet;
1997 2062 2199 2122 quanto
2228 2066 2345 2104 ma-

802 2161 881 2225 gis
914 2158 957 2211 si
994 2171 1078 2208 res
1123 2152 1392 2220 inveneris
1434 2149 1617 2203 fratris
1647 2148 1722 2201 tui
1759 2147 1848 2216 qui
1894 2143 2117 2213 aufugit,
2165 2152 2256 2195 aut
2291 2141 2343 2194 in

805 2250 1115 2300 servitutem
1162 2243 1424 2297 abductus
1470 2250 1569 2302 ost,
1605 2239 1670 2293 ab
1700 2240 1817 2307 ipso
1857 2238 2091 2299 relictas,
2134 2247 2348 2288 servare

804 2340 922 2391 iilas
952 2352 1012 2389 ac
1048 2332 1354 2387 infortuniis
1381 2344 1565 2401 presso
1592 2328 1811 2382 reddere
1842 2325 2145 2394 oportebit?

1390 2601 1615 2655 CANON
1657 2601 1718 2651 Υ.

887 2714 899 2742 ι
942 2693 1043 2745 Alii
1095 2704 1268 2745 autem
1301 2692 1507 2757 seipsos
1544 2690 1824 2752 seducunt,
1861 2704 1957 2755 pro
1981 2687 2210 2754 propriis
2233 2701 2350 2755 quas

815 2804 831 2833 ε
876 2785 1164 2853 perierunt.
1218 2782 1389 2834 aliena
1441 2794 1560 2848 quae
1617 2780 1955 2842 invenerunt,
2006 2776 2347 2832 detinentes:

815 2897 832 2922 ε
860 2864 932 2929 ἰιι
963 2872 1213 2942 quoniam
1246 2868 1433 2924 Boradi
1464 2878 1516 2923 et
1555 2867 1717 2922 Gothi
1747 2866 1825 2920 eis
1852 2865 2068 2919 hostilia
2092 2865 2350 2928 fecerunt,

818 2988 832 3016 ε
876 2966 977 3033 ipsi
1021 2966 1128 3018 sint
1161 2963 1281 3017 aliis
1319 2959 1511 3015 Boradi
1567 2970 1619 3011 et
1671 2956 1849 3011 Gothi.
1894 2955 2181 3029 Propterea
2227 2971 2354 3025 ergo

819 3077 834 3106 ε
878 3056 1093 3108 fratrem
1126 3065 1174 3107 et
1216 3067 1503 3108 consenem
1547 3059 1790 3103 nostrum
1834 3046 2243 3117 Euphrosynum
2288 3046 2353 3099 ad

821 3168 835 3196 ι
880 3160 974 3199 vos
1009 3145 1277 3206 misimus,
1310 3152 1367 3196 ut
1395 3141 1687 3196 secundum
1724 3138 1949 3191 formam
1982 3153 2101 3206 quae
2135 3137 2223 3190 hic
2253 3145 2353 3201 est,

2435 1974 2674 2043 ἀπολέσῃ
2720 1973 2777 2023 τὸ
2818 1973 2965 2034 ἴδιον,
2998 1974 3095 2024 οὐκ
3129 1969 3303 2033 ἔξεστί
3356 1985 3434 2019 σοι
3466 1965 3675 2036 εὑρόντι
3702 1963 3832 2015 αὐτὸ
3858 1961 3989 2032 κέρ-⁵

2434 2066 2522 2127 δος
2551 2063 2678 2115 [διον
2725 2061 3069 2131 ποιήσασθαι,
3100 2059 3235 2113 ἀλλά
3282 2055 3625 2110 ἐπανασῶσαι
3677 2054 3753 2123 τῷ
3798 2050 3992 2104 ἀπολέ-

2439 2171 2589 2207 σαντι
2634 2151 2762 2205 αὐτὸ
2814 2153 3013 2221 ἀπαιτῇ
3064 2150 3203 2203 κατὰ
3253 2149 3340 2202 τὸν
3389 2149 3551 2215 νόμον
3594 2146 3683 2196 τὸν
3737 2142 3989 2194 παλαιόν·

2439 2243 2586 2312 πόσῳ
2630 2243 2843 2311 μᾶλλον,
2884 2242 2977 2295 ἐὰν
3000 2240 3091 2293 τοῦ
3127 2239 3414 2308 φεύγοντος
3444 2233 3668 2302 ἀδελφοῦ
3709 2250 3801 2284 σου
3831 2234 3864 2302 ἢ
3896 2230 3991 2283 τοῦ

2439 2333 2955 2403 αίχμαλωτισθέντος
2994 2332 3241 2401 εὑρήσεις
3292 2327 3586 2399 πράγματα
3635 2325 3760 2393 παρ’
3817 2323 3993 2374 αὐτῶν

2439 2422 2949 2491 ἐγκαταληφθέντα,
2982 2421 3083 2490 χρὴ
3116 2435 3172 2471 σε
3216 2416 3442 2487 φυλάξαι
3476 2413 3610 2467 αὐτὰ
3640 2412 3731 2464 καὶ
3764 2409 3972 2462 ἀποδυῦ

2440 2527 2524 2564 ναι
2551 2510 2626 2580 τῷ
2664 2508 3051 2580 δυσπραγοῦντι
3072 2524 3085 2573 ;

3065 2598 3296 2651 ΚΑΝΩΝ
3329 2597 3402 2648 Ε’.

2516 2709 2533 2741 ε
2562 2689 2737 2742 Ἀλλοι
2764 2690 2818 2742 δέ
2859 2688 3078 2749 ἐαυτοὺς
3127 2685 3485 2750 ἐξαπατῶσιν,
3529 2683 3646 2736 αντὶ
3691 2682 3797 2733 τῶν
3847 2679 3994 2732 ίδίων

2448 2800 2464 2833 ι
2503 2781 2610 2832 τῶν
2637 2777 2982 2848 ἀπολομένων
3007 2777 3040 2830 ἀ
3072 2771 3225 2846 εὖρον
3263 2775 3512 2843 ἀλλότρια
3541 2772 3874 2839 κατέχοντες·
3909 2770 3995 2820 ῐνα

2449 2889 2466 2922 ι
2513 2869 2698 2938 ἐπειδὴ
2748 2869 2929 2929 αὐτοῖς
2969 2866 3189 2935 Βοράδοι
3224 2865 3315 2916 καὶ
3340 2861 3521 2915 Γότθοι
3548 2862 3613 2913 τὰ
3643 2859 3734 2911 τοῦ
3758 2856 3995 2926 πολέμου

2449 2979 2465 3011 ε
2506 2961 2845 3027 είργάσαντο,
2896 2957 3048 3008 αὐτοὶ⁵
3094 2954 3268 3015 ἀλλοις
3321 2952 3539 3021 Βοράδοι
3573 2950 3663 3002 καὶ
3692 2945 3872 3000 Γότθοι
3906 2946 3993 3013 γί-

2450 3069 2467 3102 ι
2510 3066 2720 3103 νωνται.
2760 3045 3176 3114 Ἀπεστείλαμεν
3203 3039 3292 3096 οὖν
3312 3043 3401 3094 τὸν
3425 3039 3647 3108 ἀδελφὸν
3674 3038 3764 3090 καὶ
3797 3034 3991 3102 συγγέ-

2451 3159 2469 3192 ‹
2510 3156 2672 3211 ροντα
2719 3137 3056 3206 Εὐφρόσυνον
3083 3134 3168 3186 διά
3197 3131 3367 3186 ταῦτα
3421 3128 3554 3200 πρὸς
3586 3130 3748 3197 ὑμᾶς,
3786 3126 3870 3178 ἴνα
3896 3142 3995 3178 και

818 3257 839 3290 ε
881 3247 932 3290 et
959 3236 1070 3302 ipsc
1101 3236 1189 3288 det
1219 3233 1482 3294 similiter,
1514 3242 1567 3285 et
1603 3244 1833 3300 quorum
1868 3230 2235 3282 accusationes
2264 3228 2356 3280 ad-
2383 3242 2425 3298 ο
2451 3251 2467 3283 ι

2325 3237 2356 3269 ι·
2383 3242 2425 3298 c
2451 3251 2467 3283 t
2508 3233 2575 3284 τά
2605 3232 2693 3283 τὸν
2730 3218 2915 3282 ἐνθάδε
2943 3226 3110 3278 τύπον
3163 3226 3254 3276 καὶ
3294 3222 3454 3284 αὐτὸς
3497 3218 3607 3288 δώῃ
3657 3218 3855 3288 ὁμοίως
3897 3218 3993 3269 καὶ

819 3350 834 3379 ι
878 3328 1087 3380 mittere
1119 3334 1378 3393 oporteat,
1410 3334 1461 3377 et
1494 3337 1631 3392 quos
1658 3336 1687 3374 a
1712 3319 1960 3390 precibus
1993 3319 2255 3372 abdicare.
2294 3334 2313 3367 ι

884 3506 1040 3558 Βιις.
1074 3502 1364 3573 Postquam
1398 3515 1641 3563 sanctus,
1668 3516 1784 3569 quae
1811 3508 1964 3552 erant
1998 3507 2357 3551 consentanea

815 3597 1091 3665 respondit
1126 3597 1191 3649 iis
1231 3596 1321 3663 qui
1362 3593 1605 3647 dicebant
1632 3605 1689 3645 se
1722 3600 1779 3643 ut
1810 3590 2064 3657 disjectas
2091 3597 2142 3641 et
2177 3585 2360 3653 negle-

815 3690 921 3739 t-tui
952 3687 1166 3739 habitas
1203 3701 1286 3739 res
1320 3685 1651 3752 captivorum
1684 3680 1951 3733 invenisse
1989 3688 2039 3731 et
2079 3686 2357 3746 propterea

815 3793 875 3829 ra
905 3776 1003 3829 sibi
1034 3775 1334 3827 vindicasse
1359 3789 1373 3835 ;
1404 3787 1544 3825 nunc
1576 3772 1642 3823 iis
1671 3769 1974 3837 respondet,
2008 3768 2120 3836 qui,
2149 3781 2267 3835 qua:
2296 3766 2360 3820 ad

818 3866 1053 3930 mpii-ros
1086 3862 1445 3931 pertinebant,
1496 3875 1591 3928 pro
1623 3860 1687 3913 iis
1725 3872 1845 3926 quas
1877 3856 1975 3909 sibi
2009 3856 2077 3909 ab
2115 3854 2361 3909 hostibus

818 3973 829 4012 ε
856 3948 966 4000 rius
984 3946 1161 4000 ablata
1184 3946 1421 4006 fuerant,
1443 3943 1817 3999 vindicabant.
1863 3944 2000 3998 Dicit
2021 3945 2164 3998 enim
2189 3954 2245 3999 et
2282 3945 2383 4000 hoc

812 4059 934 4098 esse
952 4039 1196 4095 fraudem
1216 4050 1270 4092 et
1286 4037 1388 4106 31
1410 4037 1626 4091 inanem
1658 4048 2001 4106 praetextum.
2028 4036 2217 4106 Neque
2233 4038 2381 4093 enim

816 4140 1026 4194 aequum
1057 4135 1159 4187 est,
1188 4135 1245 4179 ut
1281 4125 1371 4193 qui
1410 4141 1476 4180 ex
1508 4124 1648 4179 bello
1671 4123 1952 4179 barbarico
1978 4124 2359 4178 detrimentum

817 4215 1137 4284 acceperint,
1167 4229 1271 4268 non
1293 4216 1583 4268 toleranter
1602 4212 1793 4278 ferant,
1815 4212 1907 4267 sed
1929 4214 2036 4267 sint
2058 4214 2157 4281 ipsi
2178 4214 2362 4269 hostes

819 4312 851 4356 ι’.
869 4317 1065 4368 atrum,
1103 4315 1153 4358 et
1191 4305 1281 4358 alii
1320 4306 1371 4357 in
1415 4305 1560 4373 ipsos
1584 4303 1800 4357 barbari
1846 4303 2194 4372 appellentur.
2230 4302 2361 4357 Pro-

820 4407 1024 4465 pterea,
1056 4397 1249 4465 inquit,
1285 4395 1531 4449 misimus
1582 4394 1647 4447 ad
1676 4407 1772 4448 vos
1803 4392 2019 4446 fratrem
2055 4391 2363 4464 Euphrosy—

2455 3335 2471 3368 σ
2510 3314 2583 3374 ὦν
2611 3319 2689 3371 δεῖ
2716 3320 2813 3380 τάς
2854 3315 3179 3385 κατηγορίας
3204 3309 3540 3383 προσίεσθαι,
3564 3309 3657 3362 καὶ
3682 3306 3775 3374 οὒς
3803 3307 3882 3359 δεῖ
3906 3307 3997 3357 ἐκ-

2448 3430 2465 3460 (
2507 3409 2734 3481 κηρύξαι
2766 3408 2873 3459 τῶν
2902 3404 3128 3475 εὐχῶν.»

2522 3499 2714 3553 ΒΑΛΣ.
2761 3494 3256 3563 ’Δπολογησάμενος
3305 3492 3333 3541 6
3359 3489 3509 3556 ἀγιος
3544 3487 3610 3539 τά
3649 3487 3829 3538 είκοτα
3868 3481 4001 3553 πρὸς

2450 3592 2574 3651 τοὺς
2596 3588 2871 3655 λέγοντας,
2902 3586 2975 3647 ὼς
3022 3581 3323 3654 ἐρριμμένα
3368 3578 3460 3631 καί
3490 3575 3799 3646 ἀτημέλητα
3825 3573 4003 3642 εὑρεῖν

2449 3682 2516 3733 τά
2543 3678 2651 3732 τῶν
2676 3674 3211 3747 αίχμαλωτισθέντων
3267 3671 3584 3739 πράγματα,
3608 3666 3701 3719 καὶ
3732 3664 3817 3717 διά
3847 3662 4004 3716 τοῦτο

2456 3769 2762 3824 ίδιώσασθαι
2790 3767 2942 3821 αὑτά·
2997 3766 3119 3835 ἀρτι
3148 3761 3483 3828 ἀπολογεῖται
3514 3758 3647 3829 πρὸς
3688 3758 3811 3817 τοὺς
3855 3755 4003 3807 ἀντι-

2455 3860 2803 3929 ποιουμένους
2831 3855 2937 3909 τῶν
2970 3853 3327 3921 διαφερόντων
3363 3851 3473 3911 τοῖς
3501 3844 4005 3916 αίχμαλωτισθεῖσιν

2452 3949 2570 4005 ἀντὶ
2593 3948 2700 4001 τῶν
2721 3945 3033 4016 φθασάντων
3054 3941 3200 4012 παρὰ
3220 3939 3327 3992 τῶν
3356 3937 3627 4007 πολεμίων
3646 3933 4007 4004 ἀφαιρεθῆναι

2453 4038 2790 4109 πραγμάτων
2814 4033 3007 4088 αὐτῶν.
3059 4032 3195 4099 Φησὶ
3248 4028 3356 4097 γάρ
3395 4027 3469 4088 ὡς
3508 4026 3598 4078 καὶ
3642 4024 3797 4076 τοῦτο
3821 4023 4002 4093 ἀπάτη

2453 4129 2569 4182 ἐστὶ
2592 4128 2684 4179 καὶ
2742 4124 2941 4195 ματαία
2985 4121 3274 4192 πρόφασις.
3304 4114 3435 4168 Οὐδὲ
3488 4113 3596 4182 γάρ
3642 4112 3846 4165 δίκαιόν
3888 4113 4004 4165 ἐστι

2451 4218 2671 4279 τούτους
2698 4213 2982 4284 γεγονότας
3005 4209 3374 4281 παρανάλωμα
3398 4203 3653 4274 πολεμίου
3676 4202 4003 4273 βαρδαρικοῦ

2458 4309 2533 4380 μὴ
2586 4306 2936 4377 καρτερῆσαι,
2983 4301 3113 4354 ἀλλά
3158 4295 3403 4367 γενέσθαι
3471 4294 3664 4355 αὐτοὺς
3715 4292 4003 4361 πολεμίως

2454 4397 2562 4449 τῶν
2587 4394 2861 4463 ἀδελφῶν,
2908 4394 3000 4444 καὶ
3040 4389 3375 4461 χρηματίσαι
3422 4386 3498 4447 είς
3545 4385 3761 4444 τούτους
3816 4381 4005 4444 ἀλλους

822 4504 972 4553 num,
1006 4498 1062 4541 ut
1089 4488 1239 4554 juxla
1277 4485 1501 4539 fomiam
1534 4484 1620 4537 hic
1650 4484 1922 4547 traditam,
1968 4498 2061 4538 seu
2102 4482 2358 4552 quemad-
2393 4486 2487 4567 οβ

2336 4507 2358 4521 ’
2393 4511 2433 4567 D
2456 4485 2777 4557 βαρϐάρους.
2808 4483 2903 4535 Διά
2923 4482 3093 4535 ταῦτα
3119 4480 3530 4548 ἀπεστείλαμεν,
3553 4476 3719 4543 λέγει,
3744 4473 3833 4525 τὸν
3854 4470 4003 4524 ἀδελ-

819 4578 1037 4632 modum
1072 4576 1156 4630 hic
1199 4575 1454 4638 fecimus,
1489 4574 1647 4628 isthic
1681 4588 1895 4642 quoque
1924 4575 2013 4627 det
2045 4573 2271 4628 formam
2306 4580 2365 4627 ut

820 4672 895 4723 sic
924 4684 1019 4723 vos
1050 4668 1278 4721 faciatis.
1311 4664 1504 4718 Deinde
1530 4664 1696 4718 dicit-z
1731 4662 2119 4733 Euphrosynus
2146 4678 2239 4717 vos
2264 4662 2362 4716 do-

820 4761 959 4813 cebit
985 4773 1249 4827 quosnam
1284 4766 1336 4810 et
1364 4756 1621 4809 adversus
1653 4768 1790 4823 quos
1820 4763 2138 4808 accusantes
2169 4753 2363 4807 admit-

822 4865 953 4914 tere,
985 4862 1033 4903 et
1069 4862 1330 4917 quosnam
1374 4846 1441 4899 ab
1478 4844 1711 4899 Ecclesia
1753 4853 1805 4897 et
1852 4843 2087 4899 ﬁdelium
2118 4858 2361 4899 commu-

822 4942 981 4994 nione
1006 4940 1251 4992 abdicare
1284 4947 1545 5006 oporteat.

892 5213 1094 5266 10MB.
1139 5209 1411 5271 Notinulli,
1460 5212 1652 5278 inquit,
1703 5210 1924 5262 amissis
1949 5209 2110 5261 rebus
2136 5209 2269 5273 suis,
2308 5222 2371 5263 ac

822 5305 999 5359 aliena
1042 5300 1397 5364 invenientes,
1426 5314 1525 5368 pro
1556 5300 1622 5354 iis
1657 5314 1775 5368 quae
1815 5300 2111 5353 amiserunt
2142 5312 2206 5352 ea
2234 5297 2372 5352 deti-

823 5410 951 5452 nere
982 5407 1041 5447 se
1066 5401 1335 5454 asserunt,
1396 5392 1604 5460 seipsos
1633 5389 1978 5457 deeipientes.
2014 5386 2169 5454 Quod
2203 5387 2370 5452 enim,

825 5503 919 5553 ait,
948 5486 1055 5542 illis
1086 5478 1242 5541 fuere
1280 5483 1464 5536 hostes
1490 5481 1729 5543 barbari,
1756 5478 1856 5533 hoc
1890 5480 1988 5547 ipsi
2026 5481 2161 5532 llunt
2190 5475 2373 5530 fratri-

826 5588 945 5639 bus.
972 5580 1190 5636 Barbari
1234 5591 1319 5632 res
1351 5575 1561 5630 illorum
1588 5582 1901 5641 rapuerunt,
1930 5584 1989 5623 ac
2020 5569 2093 5622 illi
2122 5568 2369 5621 fratrum.

826 5680 1130 5745 Propterea.
1167 5670 1359 5739 inquit,
1397 5663 1860 5737 [Enplirosynnm]
1888 5663 1951 5715 ad
1981 5675 2075 5714 vos
2108 5659 2377 5722 misimus,

829 5786 875 5824 ω
922 5766 1209 5816 ··“‹“Ιι;1.ίι;ιί1
1265 5761 1491 5812 Ιίιινιιιειιιι
1543 5759 1622 5808 Ιιίι·
1666 5757 1998 5806 ιιὶικοιικλιλιιι
2041 5770 2130 5803 \Ih
2167 5764 2377 5819 quoque

2457 4577 2553 4643 φὸν
2578 4576 2920 4645 Εὑφρόσυνον
2950 4573 3083 4643 πρὸς
3120 4572 3280 4641 ὑμᾶς,
3323 4570 3412 4622 ἵνα
3441 4567 3580 4619 κατά
3635 4564 3724 4617 τδν
3772 4560 4005 4615 ἐνταῦθα

2457 4666 2643 4729 τύπον,
2682 4665 2867 4733 ἤγουν,
2918 4661 3098 4722 καθὼς
3153 4662 3312 4730 ἡμεῖς
3370 4656 3600 4709 ἐνταῦθα
3653 4652 4005 4721 ἐποιήσαμεν,

2455 4755 2564 4826 δώῃ
2587 4755 2749 4807 τύπον
2787 4753 2876 4804 καὶ
2912 4751 3092 4803 αὐτόθι
3128 4749 3267 4801 ὥστε
3305 4746 3445 4799 οὕτω
3474 4748 3641 4797 ποιεῖν
3675 4744 3834 4812 ὑμᾶς.
3877 4738 4010 4794 Εἶτά

2457 4861 2620 4914 φησιν
2657 4843 2731 4905 ὼς
2770 4845 2798 4895 6
2829 4842 2987 4904 αὐτὸς
3034 4838 3372 4906 Εὐφρόσυνος
3403 4834 3699 4896 ἀναδιδάξει
3736 4834 3886 4893 τίνας
3929 4831 4009 4883 δεῖ

2461 4931 2845 5004 προσδέχεσθαι
2876 4927 3308 4999 κατηγοροῦντας
3350 4924 3491 4977 κατά
3536 4939 3707 4982 τινων,
3738 4921 3830 4973 καὶ
3862 4922 4009 4981 τίνας

2461 5024 2563 5093 χρὴ
2588 5022 2981 5091 ἀποκηρύττειν
3011 5020 3110 5086 τῆς
3149 5016 3466 5084 Ἐκκλησίας
3490 5013 3581 5064 καὶ
3607 5011 3703 5079 τῆς
3732 5008 4010 5068 κοινωνίας

2458 5114 2563 5167 τῶν
2591 5111 2812 5165 πιστῶν.

2526 5200 2766 5255 ΖΩΝΔΡ.
2796 5197 2971 5259 Τινὶς,
3016 5198 3199 5265 φησιν,
3233 5191 3589 5249 ἀπολέσαντες
3636 5187 3805 5239 οίκεῖα
3841 5184 4012 5254 πράγ-

2463 5309 2626 5366 ματα,
2648 5292 2741 5345 καὶ
2762 5289 3010 5359 εὑρόντες
3043 5283 3314 5353 ἀλλότρια,
3348 5281 3562 5347 λέγουσι
3589 5276 3835 5344 κατέχειν
3849 5273 4007 5335 agi-:6,

2457 5365 2571 5439 ἀνθ’
2591 5375 2665 5436 ὧν
2692 5378 2996 5444 ἀπώλεσαν,
3021 5373 3393 5440 ἐξαπατῶντες
3416 5367 3657 5429 ἑαυτούς.
3686 5367 3862 5435 Ὅπερ
3884 5365 4009 5433 γὰρ,

2462 5475 2643 5545 φησὶν,
2661 5474 2905 5539 ἐγένοντο
2934 5469 3161 5529 ἐκείνοις
3188 5467 3234 5522 οξ
3266 5463 3507 5531 πολέμιοι
3544 5457 3827 5529 βάρϐαροι,
3858 5454 4013 5507 τοῦτο

2462 5543 2696 5635 γίνονται
2731 5562 2882 5615 αὐτοὶ
2906 5562 3017 5621 τοῖς
3050 5556 3313 5623 ἀδελφοῖς.
3349 5552 3637 5617 Ἤρπασαν
3669 5548 3716 5599 οἱ
3751 5543 4013 5615 βάρϐαροι

2462 5662 2525 5714 τὰ
2575 5660 2814 5716 ἐκείνων,
2870 5649 3205 5707 κάκεῖνοιιτά
3267 5645 3371 5698 τῶν
3427 5640 3682 5707 ἀδελφῶν.
3720 5637 3818 5690 Διά
3845 5637 4016 5688 ταῦτα

2464 5747 2874 5814 ἀπεστείλαμεν,
2910 5742 3075 5808 λέγει,
3107 5740 3189 5791 ἵνα
3247 5733 3382 5787 κατὰ
3432 5734 3516 5784 τῖρν
3565 5729 3793 5781 ἐνταῦθα
3831 5728 4021 5783 τύπω,
