4224 6440
271 408 373 472 53'!

1212 402 1292 466 IN
1345 408 1582 473 EPIST.
1620 411 1678 474 S.
1712 413 2099 477 GREGORII
2142 417 2576 480 NEOCESAIL

3402 429 3503 495 538

265 541 360 591 καὶ
393 541 584 595 αὐτόθι
631 542 771 595 ὥστε
805 541 976 607 οὕτως
1004 544 1146 614 ὑμᾶς
1196 550 1389 611 ποιεῖν,
1446 550 1538 601 καὶ
1582 548 1734 612 τίνας
1760 552 1841 607 δεῖ

1833 556 1841 604 Γ
1864 554 1908 606 Δ
1938 548 2048 603 illic
2071 547 2299 611 faciatis,
2330 557 2384 603 et
2402 565 2633 619 quorum
2660 555 3041 611 accusationes
3066 568 3119 611 et
3140 568 3327 613 contra
3353 576 3492 629 quos

274 630 715 699 κατηγοροῦντάς
752 649 911 684 τινων
950 634 1356 703 προσδέχεσθαι,
1418 639 1507 689 καὶ
1536 638 1626 701 οὓς
1675 642 1840 711 ἐκκη-

275 718 457 787 ρύξαι,
490 721 653 789 ἧγουν
680 722 831 784 τίνας
860 722 958 790 τῆς
996 723 1315 793 Ἐκκλησίας
1354 727 1572 791 ἐξῶσαι,
1620 733 1841 785 καὶτῶν

271 810 486 862 πιστῶν
544 813 795 883 χωρίσαι,
830 814 969 865 ὥστε
1003 815 1075 884 μὴ
1112 816 1461 886 συνεύχεσθαι
1518 822 1714 885 αὐτοῖς.
1747 818 1837 875 Tl-

270 916 367 961 νας
400 901 456 952 δὲ
498 901 576 953 δεῖ
629 904 1069 974 κατηγοροῦντας
1121 908 1531 977 προσδέχεσθαι,
1579 914 1638 963 τὸ
1683 914 1837 968 ἕκτον

270 991 560 1055 κεφάλαιον
606 993 707 1059 τῆς
760 992 1016 1062 δευτέρας
1077 996 1459 1066 οἰκουμενικῆς
1511 1001 1723 1054 συνόδου
1759 1003 1837 1056 διμ-

265 1079 476 1145 δάσκν.
538 1084 931 1149 ’Δναγνωστέον
957 1090 1048 1140 καὶ
1077 1092 1146 1142 τά
1177 1092 1292 1143 ἐκεῖ
1317 1093 1694 1161 γεγραμμένα.

866 1177 1099 1230 κΑΝοΝ
1132 1182 1221 1246 ς’.

342 1279 360 1311 ι
395 1262 529 1330 Περὶ
550 1263 657 1314 τῶν
681 1263 769 1334 βίᾳ
803 1268 1136 1335 κατεχόντων
1169 1271 1294 1332 τοὺς
1325 1272 1387 1323 ἐκ
1416 1274 1522 1324 τῶν
1548 1272 1837 1343 βαρεάρων

270 1369 290 1401 ε
331 1352 726 1420 αἰχμαλώτους.
779 1356 1119 1427 Ἀπηγγέλθη
1149 1359 1205 1411 δέ
1234 1377 1285 1411 τι
1312 1363 1442 1429 ἡμῖν
1470 1363 1562 1415 καὶ
1608 1364 1833 1417 ἄπιστον

268 1461 288 1491 ι
333 1444 390 1493 ὲν
424 1446 490 1513 τῇ
539 1443 688 1514 χώρᾳ
747 1447 897 1514 ὑμῶν
943 1450 1250 1517 γενόμενον,
1312 1452 1526 1514 πάντως
1580 1469 1677 1504 που
1728 1454 1834 1506 ὑπὸ

269 1550 289 1582 ι
332 1533 575 1598 ἀπίστων
630 1536 719 1586 καὶ
774 1537 983 1587 ἀσεϐῶν
1012 1540 1104 1590 καὶ
1148 1540 1219 1608 μὴ
1249 1541 1468 1593 εἰδότων
1496 1543 1626 1611 μηδέ
1661 1544 1831 1613 ὄνομα

267 1641 287 1672 ε
327 1625 551 1693 Κυρίου,
590 1627 669 1677 ὅτι
728 1628 833 1697 ἄρα
864 1630 941 1689 εἰς
978 1631 1227 1682 τοσοῦτόν
1267 1648 1408 1695 τινες
1435 1632 1714 1703 ὠμότητος
1738 1636 1831 1688 καὶ

267 1731 285 1763 ι
332 1714 726 1783 ἀπανθρωπίας
761 1716 1173 1787 προεχώρησαν,
1202 1720 1341 1771 ὥστε
1370 1722 1521 1783 τινὰς
1564 1725 1688 1785 τοὺς
1714 1724 1830 1777 δια-

264 1822 285 1849 ι
324 1806 589 1871 φυγόντας
622 1808 996 1876 αἰχμαλώτους
1027 1808 1115 1879 βίᾳ
1139 1812 1409 1880 κατέχειν.
1452 1815 1828 1867 ’Δποσ-τείλατέ

1933 650 2176 709 oporteat
2199 641 2515 705 admittatis,
2540 655 2592 698 et
2619 660 2755 713 quos
2783 646 2932 698 decet
2954 646 3216 703 abdicetis
3237 687 3251 709 .
3278 650 3383 705 hoc
3420 660 3497 705 est

1934 730 2165 798 ejiciatis
2190 731 2258 784 ab
2287 730 2544 797 Ecclesia,
2574 744 2733 802 atque
2763 751 2790 787 a
2822 734 3067 790 lidelibus
3098 740 3410 807 segregetis,
3438 758 3497 797 ne

1935 833 2057 871 cum
2089 819 2221 886 ipsis
2261 836 2367 872 una
2401 832 2706 890 precentur.
2744 821 2913 875 Porro
2945 840 3305 891 quorumnam
3336 846 3499 884 accu-

1933 908 2175 961 sationes
2200 924 2230 961 a
2255 910 2545 964 lmittendm
2578 915 2706 974 sint,
2734 924 2945 966 sextum
2978 920 3230 971 secunda:
3256 936 3497 975 (rc-ume-

1931 999 2066 1053 nicae
2112 1000 2300 1068 synodi
2334 1012 2495 1070 caput
2527 1004 2704 1055 docet.
2763 1004 3032 1072 ln-gantur
3074 1008 3236 1061 etiam
3269 1027 3388 1078 qum
3422 1012 3495 1065 ibi

1930 1088 2268 1157 scripsimus.

2105 1164 2115 1172 '
2526 1179 2751 1235 CANON
2808 1180 2895 1234 VL

2002 1285 2023 1319 ι
2062 1267 2136 1322 De
2168 1270 2233 1323 iis
2256 1270 2346 1337 qui
2366 1272 2611 1338 captivos
2626 1288 2686 1323 ex
2716 1272 2959 1326 barbaris
2984 1274 3251 1341 fugientes
3285 1279 3333 1329 vi
3362 1279 3493 1332 deti-

1932 1375 1953 1409 ε
1994 1368 2143 1410 nent.
2177 1358 2560 1413 Denuntiatum
2594 1370 2768 1413 autem
2797 1371 2875 1414 est
2912 1364 3068 1418 nobis
3098 1366 3373 1434 quidpiam
3407 1371 3491 1421 in-

1927 1464 1949 1498 c
1991 1448 2244 1501 credibile
2289 1450 2341 1500 in
2368 1462 2544 1502 vestra
2592 1452 2811 1519 regione
2853 1451 3223 1518 factumesse,
3269 1461 3489 1513 omnino

1928 1554 1947 1586 ι
1985 1538 2053 1589 ab
2086 1538 2394 1592 inﬁdelibus
2424 1549 2476 1592 et
2504 1540 2704 1607 impiis,
2730 1553 2781 1595 et
2811 1546 2899 1609 qui
2932 1560 2997 1597 ne
3033 1561 3228 1599 nomen
3270 1550 3487 1616 quidem

1928 1642 1943 1674 ι
1987 1622 2201 1677 Domini
2232 1641 2464 1691 novere;
2521 1630 2663 1696 quod
2709 1633 2953 1685 nonnulli
2983 1648 3047 1685 eo
3079 1636 3486 1694 inliumanitatis

1925 1732 1945 1765 ι
1984 1716 2427 1784 crudelitatisque
2457 1733 2787 1784 processere,
2816 1731 2871 1773 nt
2898 1724 3138 1788 captivos
3160 1726 3370 1792 δήμιος
3393 1730 3485 1796 qui

1925 1821 1945 1855 ε
1987 1805 2309 1874 eﬂ'ugerunt,
2352 1809 2399 1859 vi
2459 1810 2725 1861 retine-ant
2800 1809 2991 1864 Mittite
3048 1815 3260 1882 aliquos
3308 1819 3359 1870 in
3404 1836 3482 1874 re-

264 1914 282 1943 ι
321 1912 472 1957 τινας
500 1897 576 1957 εἰς
604 1898 701 1965 τὴν
728 1897 929 1967 χώραν,
966 1900 1039 1967 μὴ
1071 1901 1163 1951 καὶ
1208 1902 1437 1969 σκηπτοὶ
1473 1903 1708 1957 πέσωσιν
1734 1907 1825 1957 ἐπὶ
1853 1906 1859 1959 1

1853 1906 1892 1960 Β
1922 1911 1941 1944 ι
1983 1896 2220 1963 gionem,
2275 1912 2341 1950 ne
2395 1897 2478 1951 vel
2527 1898 2748 1952 fulmina
2784 1901 2837 1953 in
2880 1916 2974 1956 eos
3006 1905 3201 1957 cadant
3236 1910 3327 1975 qui
3372 1912 3482 1965 luce

263 2002 282 2033 ι
323 1986 451 2045 τοὺς
479 1983 547 2035 τὰ
574 1988 796 2037 τοιαῦτα
828 1988 1188 2057 πράσσοντας.
1206 2007 1223 2038 ι

330 2074 507 2125 ΒΑΛΣ
565 2075 801 2143 Ἐμαθεν
827 2078 853 2127 ὁ
901 2077 1051 2142 ἇγιος
1075 2078 1148 2140 ῶς
1168 2096 1311 2141 τινες
1329 2079 1594 2150 ὀρθόδοξοι
1632 2084 1827 2152 αἰχμά-

252 2164 439 2226 λωτοι,
488 2168 585 2225 τὰς
644 2164 981 2236 βαρϐαρικὰς
1032 2172 1217 2237 χεῖρας
1271 2170 1639 2239 διαφυγόντες,
1676 2173 1826 2225 κατέ-

251 2270 441 2321 χονται
465 2253 567 2304 ὑπό
595 2271 752 2306 τινων
783 2256 918 2307 κατὰ
944 2256 1087 2325 βίαν,
1136 2260 1229 2311 καὶ
1281 2262 1341 2313 οὑ
1376 2264 1824 2334 παραχωροῦνται

249 2344 437 2395 οἴκαδε
469 2343 823 2414 ὑποστρέψαι.
848 2348 1013 2415 Φησὶν
1041 2344 1131 2400 οὖν
1167 2350 1300 2421 πρὸς
1331 2350 1422 2414 οὓς
1452 2354 1731 2422 ἀπεστάλη
1762 2354 1822 2406 τδ

251 2432 661 2502 ἐπιστολιμαῖον
694 2434 847 2486 τοῦτο
878 2436 1130 2506 γράμμα,
1162 2438 1234 2501 ὡς
1292 2439 1448 2492 τοῦτο
1476 2443 1567 2494 καὶ
1594 2443 1822 2495 ἄπιστον

252 2523 505 2592 ἐλογίσθη
557 2525 722 2593 αὐτῷ·
762 2524 917 2595 ἔργον
967 2529 1073 2598 γάρ
1106 2530 1251 2581 ἐστιν
1304 2532 1544 2587 ἀπίστων
1579 2537 1672 2588 καὶ
1698 2536 1821 2588 ἀσε-

251 2613 383 2665 ϐῶν.
417 2614 478 2665 Εἰ
507 2614 562 2666 δὲ
595 2616 837 2682 γέγονεν,
868 2618 1215 2687 ἀνεκδίκητον
1243 2622 1341 2673 οὐκ
1371 2622 1540 2677 ἐσται.
1598 2625 1691 2676 Διὸ
1728 2625 1818 2678 καὶ

248 2702 520 2768 ὀφείλουσι
545 2704 612 2754 τὲι
644 2704 768 2773 περὶ
823 2704 1008 2757 τούτου
1062 2708 1673 2783 πολυπραγμονηθῆναι,
1726 2716 1817 2769 καὶ

247 2784 563 2844 ἀποστεῖλαι
626 2796 704 2855 εἰς
732 2792 1038 2865 τῆν’χὼραν
1096 2799 1190 2851 καὶ
1245 2802 1554 2872 ἐρευνῆσαι.
1587 2804 1815 2875 Νομίζει

245 2881 358 2949 γὰρ
386 2881 461 2941 ὼς
493 2882 584 2932 καὶ
641 2884 898 2951 σκηπτὸς,
955 2886 1119 2953 ἤγουν
1176 2889 1305 2957 πῦρ,
1340 2892 1403 2944 ἐκ
1450 2893 1543 2945 τοῦ
1591 2895 1816 2965 ούρανοῦ

244 2968 431 3028 ἔπεσε,
458 2973 547 3021 καὶ
576 2970 864 3039 κατέφλεξε
896 2975 1020 3036 τοὺς
1051 2976 1221 3029 ταῦτα
1248 2980 1607 3049 πράσσοντας.

319 3058 556 3109 ΖΩΝΑΡ.
587 3059 759 3122 Τινὲς,
791 3064 955 3130 φησὶν
1007 3066 1081 3128 ὡς
1114 3068 1405 3137 ἐμάθομεν.
1440 3072 1816 3141 αἰχμαλώτους

241 3146 600 3213 διαφυγόντας
629 3152 753 3213 τοὺς
779 3153 1088 3221 πολεμίους.
1123 3156 1213 3228 βίᾳ
1241 3160 1561 3227 κατέχουσιν
1580 3178 1593 3191 ⁸
1624 3164 1815 3227 οἵτινες

1922 2001 1942 2034 ε
1982 1994 2169 2052 agunt.
2211 2004 2230 2037 ι

1984 2074 2147 2129 Βιιε.
2182 2063 2400 2145 Accepit
2428 2089 2649 2133 sanctus
2672 2082 2814 2149 quod
2847 2084 3065 2150 quidam
3090 2089 3279 2153 captivi
3307 2092 3478 2147 ortho-

1911 2164 2056 2231 doxi,
2087 2177 2376 2236 postquam
2411 2185 2602 2223 manus
2634 2172 2942 2228 barbaricas
2970 2190 3209 2240 evasere,
3239 2182 3286 2231 vi
3315 2196 3342 2232 a
3366 2183 3477 2249 qui-

1912 2257 2139 2311 busdam
2170 2260 2500 2323 detinentur,
2540 2276 2635 2315 nec
2684 2264 2905 2315 domum
2956 2269 3150 2319 reverti
3197 2270 3475 2325 simmtur.

1910 2345 2050 2401 Dicit
2090 2363 2217 2416 ergo
2245 2349 2329 2411 iis,
2362 2351 2425 2401 ad
2460 2367 2595 2417 quos
2623 2353 2881 2420 scriptum
2912 2357 3011 2407 hoc
3038 2358 3325 2423 epistolare
3348 2362 3477 2416 mis-

1908 2451 2028 2490 sum
2074 2445 2177 2499 est,
2217 2438 2363 2505 quod
2413 2440 2514 2494 hoc
2545 2442 2591 2493 ei
2648 2442 2963 2495 incredibile
3008 2447 3185 2499 visum
3238 2462 3357 2504 est:
3396 2462 3476 2508 est

1907 2531 2051 2581 enim
2102 2528 2393 2582 inlidelium
2427 2540 2480 2583 et
2510 2532 2798 2599 impiorum
2841 2548 2998 2600 opus.
3033 2535 3125 2589 Sin
3168 2550 3347 2594 autem
3388 2542 3470 2597 fa-

1907 2625 2052 2669 ctum
2077 2627 2179 2677 est,
2214 2633 2320 2669 non
2352 2622 2647 2673 remanebit
2672 2623 3017 2689 impunitum.
3046 2627 3110 2680 Et
3135 2630 3253 2683 ideo
3278 2632 3475 2689 debent

1906 2706 2018 2760 hac
2047 2709 2330 2776 diligenter
2353 2711 2573 2777 inquiri,
2600 2722 2652 2765 et
2686 2716 2826 2767 mitti
2859 2718 2909 2768 in
2939 2721 3211 2786 regionem
3238 2723 3330 2788 qui
3360 2726 3473 2779 haec

1902 2807 2331 2864 perscrutentur.
2366 2799 2651 2855 Existimat
2676 2805 2841 2868 enim,
2882 2810 3024 2875 quod
3062 2814 3222 2865 etiam
3268 2813 3470 2870 fulmen

1901 2897 1996 2938 seu
2042 2888 2181 2955 ignis
2231 2890 2299 2942 sit
2345 2906 2594 2957 casurus,
2637 2904 2692 2946 et
2734 2910 2831 2950 eos
2872 2900 2965 2965 qui
3008 2902 3119 2953 haec
3153 2914 3471 2973 aguntexu-

1898 2985 2103 3031 sturus.

1966 3063 2164 3120 Zona.
2206 3065 2479 3133 Nonnulli,
2517 3072 2715 3141 inquit,
2774 3086 2831 3129 ut
2862 3078 3183 3142 didicimus.
3227 3088 3467 3153 captivos

1895 3169 1964 3210 cr.
1995 3156 2239 3211 hostibus
2269 3159 2608 3228 diliugientes
2640 3166 2685 3216 vi
2725 3168 2959 3222 retinent
3006 3189 3017 3223 :
3066 3176 3156 3240 qni
3194 3184 3315 3230 Sunt
3345 3193 3464 3232 om-

244 3238 462 3299 πάντως
492 3240 706 3291 ἄπιστοί
733 3243 838 3293 εἰσι
869 3244 962 3295 καὶ
996 3246 1230 3310 ἀσεϐεῖς,
1267 3252 1358 3301 καὶ
1387 3251 1507 3303 οὐδὲ
1539 3252 1671 3305 Θεοῦ
1696 3253 1813 3305 ἐπί·
1831 3238 1859 3294 ί

1833 3238 2024 3300 Ciiino
2068 3248 2310 3303 inﬁdeles
2357 3261 2410 3303 et
2465 3253 2637 3320 impii,
2695 3272 2868 3326 neque
2900 3262 2997 3314 veL
3027 3238 3191 3317 Deum
3239 3279 3457 3324 narunt.

240 3342 441 3393 γνωσιν
468 3328 695 3397 ἔχουσιν.
743 3333 986 3387 Ἀπαιτεῖ
1014 3332 1106 3388 οὖν
1135 3340 1163 3389 ὁ
1191 3339 1341 3405 ἀγιος
1375 3342 1499 3403 τοὺς
1542 3343 1679 3413 πρὸς
1718 3342 1810 3406 οὓς

241 3420 475 3488 γράφει,
521 3423 835 3476 ἀποστεῖλαι
884 3428 961 3488 εἰς
1006 3426 1100 3496 τὴν
1162 3429 1343 3499 χώραν
1389 3432 1482 3483 καὶ
1522 3433 1809 3503 ἐρευνῆσαι

240 3510 488 3578 περὶτοῦ
523 3515 859 3581 πράγματος,
892 3518 976 3571 ἴνα
1010 3518 1083 3588 μὴ
1107 3519 1237 3589 πῦρ,
1270 3522 1453 3590 φησὶν,
1491 3522 1551 3586 ἐξ
1580 3525 1806 3595 οὐρανοῦ

239 3600 382 3667 πέσῃ
413 3602 504 3651 καὶ
528 3605 834 3676 καταφλέξῃ
870 3608 990 3668 τοὺς
1028 3608 1195 3661 ταῦτα
1234 3611 1594 3680 πράσσοντας.
1642 3616 1809 3670 Τοῦτο

236 3686 293 3740 δέ
328 3684 467 3752 εἷπε,
499 3690 592 3761 τὴν
622 3694 848 3747 ἀτοπίαν
879 3690 1135 3750 δεικνύων
1165 3700 1261 3768 τῆς
1288 3702 1554 3772 πράξεως.

858 3790 1091 3841 ΚΑΝΩΝ
1125 3793 1195 3843 Ζ’.

316 3889 335 3920 ι
375 3872 507 3941 Περὶ
538 3875 645 3926 τῶν
671 3877 1172 3949 ἐγκαταλεχθέντων
1206 3886 1317 3947 τοῖς
1343 3884 1635 3957 βαρϐάροις
1654 3928 1668 3952 ,
1711 3893 1804 3943 καὶ

240 3976 258 4009 ι
301 3960 477 4012 ἄτοπὰ
500 3979 619 4014 τινα
644 3965 783 4016 κατὰ
800 3967 906 4017 τῶν
921 3969 1204 4037 ὁμοφύλων
1236 3973 1637 4042 τολμησάντων.
1665 3979 1801 4042 Τοὺς

241 4071 258 4099 ε
303 4053 401 4119 μὲν
430 4048 520 4103 οὗν
554 4054 1047 4123 ἐγκαταλεχθέντας
1074 4063 1185 4121 τοῖς
1234 4060 1525 4133 βαρϐάροις
1558 4068 1651 4118 καὶ
1684 4070 1800 4137 μετ’

238 4158 257 4190 ι
292 4142 473 4194 αὐτῶν
503 4145 560 4195 ἐν
596 4145 941 4217 αἰχμαλωσίᾳ
974 4149 1325 4215 ἐπελθόντας,
1358 4154 1797 4225 ἐπιλαθομένους,

236 4248 255 4280 ι
297 4230 379 4283 δτι
405 4227 545 4301 ἦσαν
577 4232 825 4285 Ποντικοὶ
863 4235 952 4288 καὶ
986 4237 1321 4307 Χριστιανοὶ,
1353 4241 1799 4313 ἐκϐαρδαρωθέν-

234 4338 253 4372 ι
288 4337 389 4384 τας
422 4322 477 4373 δέ
502 4321 577 4383 ὡς
604 4323 697 4374 καὶ
731 4324 979 4391 φονεύειν
1006 4327 1131 4388 τοὺς
1172 4328 1470 4395 ὁμοφύλους
1512 4330 1543 4400 ἢ
1593 4331 1731 4401 ξύλῳ
1761 4333 1794 4403 ἢ

234 4429 253 4461 ι
290 4410 515 4483 ἀγχόνῃ,
551 4412 927 4467 ὑποδεικνύναι
949 4415 1005 4467 δὲ
1038 4416 1070 4484 ἢ
1100 4408 1297 4488 ὀδοὺςῆ
1337 4420 1511 4482 οἰκίας
1546 4421 1797 4489 ἀγνοοῦσι

236 4518 253 4550 ι
293 4501 405 4562 τοίς
448 4499 769 4601 βαρόάροις⁹
801 4503 893 4601 καί
924 4502 1370 4601 τῇς-ἀκροάσεως
1405 4509 1658 4601 ἀπείρςαι
1695 4511 1793 4580 δεῖ,
1816 4545 1859 4601 D

228 4607 244 4635 ο
290 4587 483 4656 μέχρις
507 4588 572 4641 ἂν
602 4591 752 4659 κοινῇ
771 4590 899 4660 περὶ
913 4591 1093 4644 αὐτῶν
1118 4609 1168 4643 τι
1196 4592 1321 4663 δόξῃ
1354 4595 1660 4647 συνελθοῦσι
1684 4602 1795 4660 τοϊς

227 4696 245 4728 ι
282 4677 479 4744 ἁγίοις,
515 4678 606 4730 καὶ
633 4679 737 4748 πρὸ
767 4679 944 4732 αὐτῶν
974 4681 1050 4751 τῷ
1074 4682 1211 4752 ἀγίῳ
1243 4685 1536 4755 Πνεύματι.
1578 4705 1597 4738 ι

291 4859 483 4910 ΒΔΛΣ.
522 4859 658 4922 Τοὺς
688 4859 868 4927 μέντοι
905 4862 1041 4929 μετὰ
1067 4862 1125 4914 τὺ
1146 4866 1638 4936 αἰχμαλωτισθῆναι
1681 4872 1788 4934 τοῖς

222 4947 516 5019 βαρόάροις
536 4952 1032 5020 ὁμοφρονήσαντας.
1066 4954 1156 5005 καὶ
1190 4956 1305 5022 μετ’
1327 4956 1502 5008 αὐτῶν
1528 4953 1637 5009 οἷον
1667 4957 1790 5028 βαρ

221 5037 583 5107 εαρωθέντας,
617 5040 709 5092 καὶ
740 5041 865 5102 τοὺς
900 5041 1198 5108 ὁμοφύλους
1220 5044 1573 5113 Χριστιανοὺς
1601 5047 1789 5114 φονεύ-

222 5144 441 5190 σαντας,
474 5129 507 5197 η
562 5128 714 5191 ὀδοὺς
756 5130 1118 5198 ἀγνοουμενας
1154 5135 1266 5193 τοῖς
1318 5132 1645 5206 βαρϐάροις,
1696 5136 1783 5188 καὶ

219 5218 534 5280 ἀπαγούσας
568 5220 645 5282 εἰς
688 5219 1041 5287 Χριστιανοὺς
1086 5219 1496 5285 ύποδείξαντας,
1540 5224 1571 5293 ἢ
1613 5224 1785 5291 οἰκίας

218 5308 419 5361 τούτων
446 5307 775 5377 καταδήλους
801 5311 910 5371 τοῖς
938 5309 1212 5378 πολεμίοις
1256 5313 1579 5381 ποιήσαντας
1598 5352 1612 5376 ,
1650 5314 1783 5383 μηδι

217 5400 295 5460 είς
327 5399 587 5467 ἀκρόασιν
616 5396 721 5449 τῶν
738 5396 897 5449 θείων
922 5397 1235 5467 δοξολογιῶν
1261 5401 1661 5471 παραδεχθῖ-ψαι
1679 5404 1779 5457 διο-

220 5488 453 5561 ρίζεται·
490 5487 622 5540 ἀλλά
681 5488 786 5553 ἔξω
824 5487 1101 5551 παντελῶς
1159 5489 1256 5559 τῆς
1297 5492 1587 5558 ἐκκλησίας
1633 5494 1773 5546 ἱστα-

219 5577 343 5631 σθαι
390 5580 584 5641 αὐτοὺς
632 5580 688 5629 ἐν
728 5579 874 5647 τόπῳ
914 5579 1343 5648 προσκλαιόντων
1392 5582 1602 5645 πάντως
1647 5582 1778 5652 μετὰ

219 5673 314 5740 τήν
345 5669 728 5739 ἐξομολόγησιν
757 5670 787 5738 ἢ
816 5670 911 5735 τὴν
939 5670 1254 5740 καταδίκην,
1288 5672 1390 5734 ἕως
1418 5673 1481 5725 ἂν
1501 5675 1776 5742 σκοπήσω-

223 5762 375 5815 σινοί
403 5762 543 5827 ἆτισι
582 5759 701 5827 περὶ
733 5758 909 5810 αὐτῶν
956 5763 1103 5831 κοινῇ
1153 5762 1507 5827 συνελθόντες.
1571 5765 1773 5831 ’Λγίονς

1892 3334 2125 3393 Proinde
2150 3353 2371 3395 sanctus
2402 3344 2480 3395 vir
2504 3345 2573 3398 ab
2610 3347 2677 3401 iis
2718 3350 2782 3401 ad
2815 3366 2953 3418 quos
2984 3354 3190 3416 scribit,
3227 3361 3463 3423 postulat

1890 3430 2031 3483 mitti
2068 3432 2117 3482 in
2144 3434 2414 3500 regionem
2446 3435 2689 3492 homines
2718 3442 2806 3507 qui
2830 3442 2895 3495 dc
2932 3446 3029 3496 hac
3058 3460 3113 3498 re
3150 3447 3456 3515 inquirant;

1890 3534 1995 3583 ne,
2040 3522 2246 3587 inquit,
2296 3522 2434 3592 ignis
2482 3526 2638 3579 cadat
2689 3531 2941 3592 caelitus,
2984 3548 3046 3585 ac
3089 3549 3180 3588 eos
3223 3539 3313 3604 qui
3346 3540 3461 3594 hac

1888 3618 2055 3675 agunt
2083 3610 2352 3666 absumat.
2397 3611 2509 3668 Hoc
2543 3625 2717 3669 autem
2752 3620 2904 3683 dixit,
2937 3620 3193 3678 facinoris
3223 3629 3455 3691 gravita-

1889 3702 1994 3749 tem
2030 3698 2295 3753 indicans.

2357 3783 2461 3854 32
2480 3791 2706 3847 CANON
2742 3793 2849 3847 vu.

1960 3896 1978 3928 ε
2022 3878 2096 3933 De
2130 3881 2196 3935 iis
2226 3882 2316 3949 qui
2351 3883 2488 3936 inter
2522 3886 2782 3940 barbaros
2816 3890 3153 3942 annumerati
3192 3902 3349 3955 sunt,
3398 3907 3453 3949 et

1888 3987 1907 4019 ι
1952 3971 2184 4023 absurda
2212 3974 2456 4040 quaedam
2492 3974 2544 4025 in
2574 3989 2666 4027 eos
2695 3977 2784 4042 qui
2814 3987 2939 4029 sunt
2962 3979 3043 4029 sui
3076 3982 3288 4047 geni-ris
3318 3984 3455 4038 fece-

1888 4076 1907 4110 ι
1956 4070 2102 4111 runt.
2157 4058 2263 4111 Eos
2308 4060 2483 4128 itaque
2513 4062 2604 4130 qui
2654 4063 2790 4115 inter
2843 4066 3102 4119 barbaros
3150 4076 3449 4125 ennmcrati

1885 4165 1906 4199 ι
1949 4157 2107 4209 ευηι,
2137 4158 2334 4201 etcum
2364 4151 2443 4204 eis
2474 4151 2525 4203 in
2574 4154 2879 4221 captivitate
2911 4156 3256 4224 invaserunt,
3296 4162 3447 4215 obliti

1882 4256 1901 4287 ι
1948 4252 2007 4291 se
2051 4253 2171 4291 esse
2209 4228 2459 4294 Ponticos
2504 4252 2556 4295 et
2600 4242 2976 4309 Christianos,
3019 4246 3221 4301 eﬂerati
3268 4263 3448 4305 autem

1881 4345 1901 4378 ι
1948 4329 2269 4399 barbarique
2295 4332 2507 4397 redditi,
2539 4342 2595 4386 ut
2625 4344 2677 4386 et
2702 4349 2796 4387 eos
2823 4338 2913 4403 qui
2947 4337 3028 4388 sui
3057 4348 3181 4391 sunt
3204 4343 3447 4408 generis,

1880 4437 1898 4468 ε
1948 4420 2027 4473 vel
2067 4421 2211 4489 ligno
2242 4423 2319 4488 vel
2347 4423 2699 4478 suﬂocatione
2732 4426 3088 4491 interficiant,
3118 4431 3231 4484 vias
3264 4443 3446 4488 autem

1880 4529 1899 4562 ι
1946 4513 2026 4566 vel
2056 4513 2247 4567 domos
2273 4516 2633 4575 nescientibus
2659 4517 2900 4571 barbaris
2926 4522 3243 4584 ostendant;
3278 4532 3442 4577 etiam

1878 4620 1899 4653 ι
1942 4602 2011 4654 ab
2044 4602 2320 4656 auditione
2360 4619 2545 4657 arcere
2590 4615 2833 4673 oportet,
2878 4608 3049 4661 donec
3096 4612 3163 4663 de
3201 4612 3264 4665 iis
3308 4629 3440 4664 con-

1876 4708 1896 4742 ι
1944 4692 2176 4759 gregalis
2201 4693 2404 4757 sanctis
2433 4692 2632 4761 aliquid
2663 4698 3022 4749 communiter
3054 4699 3224 4753 visum
3253 4699 3437 4765 fuerit,

1876 4798 1895 4831 ι
1942 4790 1993 4833 et
2019 4790 2141 4834 ante
2172 4796 2266 4835 eos
2297 4791 2484 4835 sancto
2516 4782 2759 4851 Spiritui.
2801 4802 2819 4834 ι

1952 4870 2109 4924 lius.
2152 4870 2257 4922 Eos
2315 4873 2529 4939 quidem
2580 4874 2671 4941 qui
2716 4883 2999 4943 postquam
3054 4879 3247 4946 captivi
3307 4878 3437 4933 facti

1868 4970 2031 5025 sunt,
2080 4961 2321 5014 barbaris
2366 4973 2799 5025 consenserunt,
2848 4975 2900 5016 et
2961 4981 3085 5018 cum
3143 4970 3223 5020 eis
3267 4969 3430 5023 Veluti

1869 5051 2085 5105 barbari
2118 5051 2290 5105 enecti
2324 5060 2481 5119 sunt,
2520 5063 2571 5105 et
2613 5054 2693 5106 sui
2721 5054 2933 5123 generis
2972 5054 3312 5112 Christianos
3350 5059 3433 5111 iu-

1868 5140 2230 5204 teri‘ecerunt,
2269 5144 2348 5196 vel
2388 5145 2503 5197 vias
2541 5146 2783 5199 barbaris
2829 5149 3125 5219 ignotaswt
3158 5149 3221 5201 ad
3273 5148 3429 5203 Clu-is

1866 5231 2073 5285 stianos
2117 5232 2376 5287 ducentes
2420 5235 2788 5296 ostenderunt,
2816 5235 2893 5287 vel
2938 5250 3123 5289 eorum
3161 5239 3300 5291 aedes
3333 5240 3431 5291 hn-

1833 5332 1837 5337 '
1864 5322 2038 5374 stibus
2064 5321 2375 5377 manifestas
2408 5324 2666 5387 fecerunt,
2698 5340 2762 5378 ne
2784 5325 2849 5377 ad
2880 5328 3181 5380 divinarum
3213 5329 3430 5396 quidem

1864 5410 2081 5465 laudum
2118 5412 2442 5466 auditionem
2477 5414 2835 5467 admittendos
2874 5430 2993 5469 esse
3025 5416 3297 5469 decernit:
3332 5419 3426 5471 sed

1863 5517 1957 5556 e0s
1986 5504 2207 5557 omnino
2251 5514 2398 5558 extra
2459 5506 2741 5559 ecclesiam
2775 5506 2935 5559 statui
2981 5507 3032 5557 in
3074 5506 3193 5559 loco
3227 5506 3429 5561 deﬂen-

1863 5605 1994 5649 tium
2017 5636 2032 5659 ,
2088 5608 2207 5666 post
2238 5600 2632 5652 confessionem
2666 5601 2869 5655 scilicet
2901 5602 2978 5654 vel
3022 5602 3429 5655 condemnatio-

1862 5701 2023 5751 nem,
2074 5690 2247 5741 donec
2287 5690 2455 5741 sancti
2503 5690 2662 5741 simul
2709 5692 3015 5758 congregati
3067 5692 3132 5743 dc
3175 5690 3237 5742 iis
3279 5704 3427 5741 comc

1862 5780 2094 5833 tnttnilcr
2121 5780 2419 5831 Statuet’int.
2460 5780 2686 5833 Sanetus
2722 5789 2896 5833 autem
2931 5781 3210 5848 episcupus
3245 5782 3420 5849 appel-
