4224 6440
742 382 845 445 539

2033 395 2310 459 TllEOD.
2353 395 2438 459 BA
2452 398 2750 461 LSAMON

3880 405 3984 471 540

746 525 842 577 lat.
892 524 1026 577 lllud
1076 538 1274 583 autem,
1306 536 1429 577 ante
1482 524 1624 588 ipsos
1670 534 1851 575 sancto
1904 522 2153 590 Spiritui,
2189 524 2319 578 sub-
2352 526 2392 577 Α

2308 550 2319 565 -
2352 526 2392 577 Α
2419 528 2476 581 δὶ
2497 528 2621 591 τοὺς
2648 530 2970 591 ἐπισκόπους
2991 530 3158 583 καλεῖ.
3185 530 3345 592 rm,
3373 531 3485 600 πρὸ
3510 531 3700 586 αὐτῶν
3724 533 3801 599 τῷ
3829 535 3976 602 ἁγίῳ

745 614 961 682 junxit,
1005 612 1327 676 ostendens,
1380 612 1523 680 quod
1564 626 1898 679 quaecunque
1943 612 1996 665 in
2045 612 2319 666 communi

747 701 1187 755 consideratione
1214 701 1281 754 ab
1305 699 1574 768 episcopis
1594 699 1972 767 dispensantur
2000 710 2053 755 et
2079 710 2321 756 statuun-

749 801 873 855 tur,
907 790 1147 859 Spiritus
1194 800 1415 845 sanctus
1460 806 1522 844 ea
1568 792 1823 859 suggerit.
1876 790 1940 844 Et
1984 792 2067 846 lex
2100 791 2317 863 quidem

744 883 1120 940 ecclesiastica
1163 885 1310 952 ipsos
1352 883 1433 938 sic
1477 887 1652 951 punit.
1693 882 1804 937 Lex
1848 898 1979 937 vero
2019 884 2191 938 civilis
2224 898 2317 938 eos

746 976 1053 1046 maiestatis
1091 977 1306 1031 crimini
1336 976 1575 1044 subjicit.
1612 974 1751 1027 Dicit
1779 975 1923 1027 enim
1960 975 2192 1042 primum
2224 989 2318 1028 ea-

748 1077 866 1137 put,
909 1069 976 1122 56
1007 1070 1111 1130 tit.,
1147 1083 1213 1120 ιι
1248 1067 1339 1120 lib.
1380 1086 1391 1119 :
1431 1065 1539 1119 Lex
1568 1065 1863 1133 majestatis
1888 1064 2079 1118 similis
2107 1072 2189 1118 est
2214 1064 2319 1136 legi

744 1158 814 1211 de
840 1157 1145 1225 sacrilegio.
1176 1154 1241 1208 Et
1279 1164 1490 1209 tenetur
1515 1170 1597 1218 ea,
1623 1155 1715 1222 qui
1748 1154 2007 1209 adversus
2060 1154 2315 1222 populum

746 1245 1056 1301 Romanum
1102 1244 1415 1306 commisit,
1477 1251 1530 1297 et
1569 1243 1661 1312 qui
1727 1243 1852 1296 dolo
1914 1242 2058 1296 malo
2112 1244 2320 1297 curavit

744 1337 958 1406 injussu
997 1332 1257 1404 principis
1306 1334 1521 1388 obsides
1566 1332 1836 1397 interimi;
1893 1333 1973 1384 vel
2023 1338 2082 1385 ut
2125 1333 2317 1386 armati

746 1427 999 1481 homines
1029 1426 1081 1477 in
1114 1426 1248 1479 urbe
1274 1425 1382 1479 sint
1406 1424 1666 1477 adversus
1701 1422 2119 1489 rempublicam,
2152 1421 2233 1474 vel
2261 1429 2319 1475 ut

745 1518 865 1572 loca
901 1527 993 1570 aut
1018 1516 1214 1584 templa
1246 1522 1598 1582 occupentur,
1633 1512 1713 1565 vel
1746 1512 2036 1565 seditiosus
2069 1511 2159 1563 ﬂat
2190 1524 2319 1565 cetr-

745 1618 962 1671 ventus,
998 1607 1079 1660 vel
1122 1616 1180 1659 ut
1220 1605 1497 1660 occidatur
1529 1604 1877 1673 magistratus
1900 1643 1913 1667 ,
1944 1611 1998 1656 et
2028 1603 2094 1656 ad
2135 1601 2321 1656 hostes

750 1701 998 1754 nuntium
1022 1698 1105 1754 vel
1131 1699 1340 1752 litteras
1363 1695 1531 1758 misit,
1558 1696 1641 1749 vel
1670 1696 1822 1763 signa
1852 1695 1930 1748 eis
1954 1695 2116 1759 dedit,
2146 1694 2321 1748 aliove

749 1791 914 1844 modo
948 1790 1026 1844 eis
1056 1789 1176 1842 tulit
1202 1787 1461 1841 auxilium
1485 1827 1500 1851 ,
1535 1796 1586 1839 et
1614 1785 1708 1853 qui
1740 1783 2046 1838 sollicitavit
2077 1783 2159 1837 vel
2190 1796 2322 1837 con-

2419 616 2735 682 Πνούματι,
2762 617 3028 685 ἐπήγαγε,
3047 618 3275 681 δείκνῦς,
3296 621 3373 671 ὅτι
3400 623 3496 673 ὅσα
3516 623 3572 674 ἑν
3595 625 3743 692 κοινῇ
3762 623 3979 676 διασκέ-

2418 704 2507 771 ψει
2550 706 2949 775 οίκονομοῦνται
2999 706 3147 776 παρὰ
3191 708 3299 761 τῶν
3350 711 3674 776 ἐπισκόπων,
3722 710 3786 764 τό
3828 713 3982 780 ἀγιον

2419 792 2638 864 Πνεῦμα
2667 796 2981 866 ὑποτίθησιν
3008 798 3165 852 αὑτά.
3194 800 3304 852 Καὶ
3326 802 3355 853 ό
3401 800 3497 870 μὲν
3535 801 3983 873 ἑκκλησιαστικὸς

2418 884 2579 956 νόμος
2601 885 2742 940 οὕτω
2767 888 2985 952 τούτους
3028 890 3241 954 κολάζει
3260 909 3273 922 ι
3304 895 3332 945 ό
3371 894 3427 945 δὲ
3456 894 3726 959 πολιτικὸς
3749 894 3827 965 τῷ
3852 896 3983 968 περὶ

2416 972 2793 1037 καθοσιώσεως
2805 976 3108 1047 ἐγκλήματι
3135 977 3527 1033 καθυποδάλλει
3545 982 3669 1045 τοὺς
3686 980 3977 1047 τοιούτους.

2415 1062 2551 1131 Φησὶ
2575 1063 2682 1133 γάρ
2712 1064 2905 1133 κεφάλ.
2940 1072 2988 1118 α’
3018 1066 3111 1119 τοῦ
3163 1067 3249 1131 λς’
3292 1068 3474 1122 τίτλου
3516 1071 3609 1123 τοῦ
3644 1070 3683 1135 ξ’
3731 1072 3937 1141 βιϐλίου
3964 1090 3977 1103 ·

2429 1152 2485 1204 '0
2515 1152 2776 1222 περὶτῶν
2820 1155 3118 1209 ἐπιϐούλων
3144 1157 3309 1225 νόμος
3351 1158 3532 1227 ὅμοιός
3576 1161 3689 1213 ἐστι
3727 1161 3806 1231 τῷ
3853 1163 3982 1231 περὶ

2418 1242 2733 1313 ἱεροσυλίας.
2760 1245 2868 1298 Kal.
2896 1247 3136 1316 ἐνέχεται
3160 1248 3308 1318 αὐτῷ
3327 1251 3356 1301 ό
3382 1250 3522 1304 κατά
3548 1252 3641 1304 τοῦ
3674 1253 3982 1321 Ῥωμαῖκοῦ

2413 1331 2584 1402 δήμου
2612 1334 3031 1407 πλημμελήσας,
3055 1339 3146 1391 καὶ
3170 1340 3471 1405 σπουδάσας
3500 1344 3639 1395 κατά
3664 1344 3812 1397 δόλον
3831 1345 3984 1415 παρά

2416 1423 2659 1477 κέλευσιν
2680 1425 2947 1495 βασιλέως
2974 1428 3326 1500 ἀναιρεθῆναι
3354 1433 3478 1495 τοὺς
3516 1434 3756 1503 ὁμήρους
3774 1452 3786 1464 ·
3829 1435 3985 1506 ἢ-ῖνα

2414 1514 2623 1569 ἔνοπλοι
2649 1518 2920 1588 ἄνθρωποι
2951 1522 3009 1572 ἐν
3035 1520 3186 1573 πόλει
3215 1521 3353 1574 κατά
3378 1522 3476 1591 τῆς
3524 1524 3793 1587 πολιτείας
3825 1519 3982 1591 ὧσιν,

2414 1605 2448 1671 ἢ
2478 1606 2565 1661 ἵνα
2595 1607 2756 1671 τόπος
2785 1609 2818 1679 ἢ
2855 1610 2973 1681 ίερά
2999 1610 3426 1680 κατασχεθῶσιν,
3465 1612 3498 1682 ἢ
3552 1613 3847 1683 στασιώδης
3889 1616 3977 1683 γέ-

2414 1711 2569 1765 νηται
2604 1697 2838 1762 σύνοδος,
2867 1699 2900 1769 ἢ
2934 1699 3020 1753 ἵνα
3052 1700 3291 1769 φονευθῇ⁵
3320 1702 3349 1752 ό
3387 1700 3567 1770 ἄρχων
3588 1718 3601 1731 ·
3644 1704 3737 1755 καὶ
3774 1705 3804 1755 ό
3846 1706 3984 1773 πρὸς

2412 1788 2536 1850 τοὺς
2569 1788 2857 1859 πολεμίους
2883 1790 3165 1861 γράμμαῆ
3189 1790 3413 1858 ἄγγελον
3443 1792 3661 1861 πέμψας
3689 1793 3721 1863 ἢ
3757 1798 3986 1865 σημεῖον

747 1882 936 1935 citavit
988 1880 1188 1933 milites
1236 1880 1301 1932 ad
1345 1879 1669 1932 seditionem
1720 1877 1803 1930 vel
1869 1878 2078 1930 turbam
2127 1882 2319 1929 contra
2355 1867 2415 1922 B.

2318 1920 2319 1925 η
2355 1867 2599 1939 Βαὺτοῖς
2629 1878 2952 1949 δεδωκὼςῂ
2983 1880 3155 1945 ἄλλως
3191 1882 3461 1953 βοηθήσας
3489 1884 3691 1945 αὐτοῖς,
3725 1886 3819 1937 καὶ
3852 1887 3986 1937 ὐπο-

747 1971 1159 2039 rempublieam.
1213 1970 1277 2023 Et
1320 1985 1439 2039 cap.
1487 1970 1521 2023 '5
1564 1969 1803 2036 ejusdem
1836 1968 1916 2021 tit.
1962 1976 2013 2020 et
2048 1966 2141 2020 lib.
2170 1982 2183 2019 :
2214 1963 2321 2030 Qui

747 2057 934 2110 hostes
960 2056 1299 2121 sollicitavit,
1325 2066 1377 2110 et
1404 2057 1483 2109 eis
1517 2055 1899 2124 rempublicam
1930 2055 2184 2118 tradidit,
2224 2069 2320 2107 ca-

748 2145 857 2213 pite
904 2146 1147 2213 punitur.
1206 2142 1269 2195 Et
1310 2144 1565 2211 deinceps
1614 2142 1831 2195 disserit
1873 2149 2035 2209 caput
2081 2140 2147 2194 de
2199 2139 2320 2193 aliis

748 2231 1077 2302 quibusdam
1112 2231 1401 2285 similibus.
1452 2231 1517 2284 Et
1549 2232 1661 2285 haec
1691 2230 1906 2299 quidem
1944 2230 2012 2283 de
2046 2230 2112 2283 iis
2140 2230 2231 2298 qui
2263 2230 2319 2284 in

748 2326 1113 2393 captivitatem
1146 2323 1360 2377 abducti
1390 2333 1537 2385 sunt,
1567 2332 1618 2376 et
1642 2322 1883 2376 hostibus
1908 2329 2318 2387 consenserunt,

747 2418 894 2472 etde
946 2418 1011 2472 iis
1057 2418 1239 2471 itidem
1296 2417 1386 2486 qui
1428 2430 1535 2469 non
1578 2415 1629 2468 in
1681 2414 2045 2482 captivitatem
2100 2412 2320 2467 abducti

748 2518 900 2571 sunt,
930 2524 1054 2562 cum
1092 2510 1335 2562 hostibus
1370 2516 1545 2561 tamen
1574 2514 1989 2567 consenserunt,
2030 2512 2085 2557 et
2132 2503 2323 2556 adver-

751 2614 846 2655 sus
891 2599 1196 2655 Romanum
1243 2599 1528 2668 imperium
1565 2598 1961 2665 conspirarnnt.
2008 2594 2110 2659 Qui
2140 2600 2319 2646 autem

747 2704 875 2744 cum
922 2689 989 2744 iis
1038 2689 1130 2757 qui
1187 2697 1384 2742 terram
1437 2703 1691 2755 mareque
1741 2684 2169 2753 depopulantur,
2214 2697 2321 2736 una

753 2779 1041 2851 depraedati
1072 2788 1233 2843 sunt,
1262 2777 1464 2846 magis,
1501 2786 1557 2829 ut
1589 2776 1721 2829 mihi
1748 2776 1972 2837 videtur,
1999 2773 2319 2842 punientur,

752 2871 880 2941 quia
924 2869 1100 2938 major
1130 2878 1214 2923 est
1255 2883 1441 2922 eorum
1480 2867 1817 2934 improbitas.
1852 2865 2044 2919 Hostes
2079 2863 2224 2918 enim
2264 2878 2323 2917 a-

748 2969 906 3031 perta
940 2960 1137 3022 fronte,
1172 2968 1225 3014 et
1254 2959 1421 3023 nudo,
1454 2967 1511 3011 ut
1546 2958 1715 3021 aiunt,
1752 2958 1923 3025 capite
1943 2955 2139 3008 bellum
2168 2968 2321 3007 eom-

753 3060 982 3121 parant;
1013 3050 1251 3103 latrones
1278 3058 1454 3102 autem
1493 3048 1632 3101 clam
1661 3056 1713 3099 et
1747 3046 1955 3099 occulte
1991 3043 2322 3112 inopinatam

756 3142 955 3196 eadem
1005 3141 1324 3193 moliuntur.
1382 3137 1597 3202 Quanto
1646 3151 1773 3205 ergo
1840 3135 2051 3204 przevisi
2098 3134 2323 3203 periculi

759 3247 939 3302 pugna
970 3231 1140 3283 levior
1171 3237 1254 3281 est
1284 3228 1561 3296 inopinato
1590 3227 1750 3289 malo,
1787 3234 1936 3278 tanto
1967 3224 2203 3278 hostium
2237 3224 2327 3277 in-

754 3320 933 3377 sultus
962 3328 1044 3373 est
1073 3317 1401 3372 tolerabilior
1432 3317 1698 3370 latronum
1731 3314 1959 3367 insidiis.

2414 1965 2669 2029 νοθεύσας
2711 1968 3045 2038 στρατιώτας
3092 1970 3226 2040 πρὸς
3269 1972 3454 2025 στάσιν
3492 1974 3525 2041 ἢ
3587 1972 3813 2045 θόρυσον
3843 1976 3989 2029 κατά

2413 2053 2511 2120 τῆς
2540 2055 2829 2118 πολιτείας.
2868 2056 2977 2109 Καὶ
3006 2057 3198 2125 κεφάλ.
3233 2065 3302 2126 γ’,
3348 2059 3443 2111 τοῦ
3474 2060 3637 2113 αὑτοῦ
3680 2063 3856 2116 τιτλου
3893 2066 3990 2116 καὶ

2415 2142 2617 2212 βιϐλίου
2637 2161 2650 2173 ·
2693 2144 2751 2197 '0
2775 2147 2899 2208 τοὺς
2928 2147 3215 2217 πολεμίους
3237 2150 3507 2219 ἐρεθίσας,
3532 2151 3562 2220 ἢ
3590 2153 3860 2222 παραδοὺς
3886 2155 3987 2206 αὐ-

2412 2237 2522 2298 τοῖς
2550 2235 2808 2305 πολίτην,
2854 2239 2932 2300 είς
2973 2238 3211 2309 κεφαλὴν
3261 2242 3600 2309 τιμωρεῖται.
3636 2243 3745 2294 Καὶ
3790 2245 3987 2315 ἑφεξῆς

2413 2326 2713 2395 διαλέγεται
2746 2329 2808 2381 τὸ
2843 2329 3131 2397 κεφάλαιον
3174 2331 3303 2401 περὶ
3348 2332 3522 2386 ἀλλων
3557 2335 3717 2387 τινῶν
3763 2336 3983 2405 ὁμοίων.

2415 2416 2526 2468 Καὶ
2549 2415 2720 2469 ταῦτα
2748 2418 2845 2488 μὲν
2875 2419 3003 2490 περὶ
3030 2418 3135 2471 τῶν
3170 2419 3705 2488 αἰχμαλωτισθέντων
3732 2423 3828 2474 καὶ
3854 2426 3985 2492 όμο-

2415 2507 2775 2575 φωνησάντων
2806 2511 2915 2571 τοῖς
2950 2508 3248 2578 πολεμίοις,
3279 2509 3374 2563 καὶ
3402 2511 3531 2580 περὶ
3561 2511 3669 2564 τῶν
3695 2513 3768 2582 μὴ
3794 2516 3991 2582 αἰχμα-

2413 2595 2802 2663 λωτισθέντων,
2835 2599 2983 2669 ὅμως
3019 2599 3197 2668 μέντοι
3225 2602 3336 2663 τοῖς
3369 2600 3642 2671 πολεμίοις
3669 2603 3991 2672 ὁμογνωμο-

2415 2689 2692 2757 νησάντων
2716 2728 2731 2752 ,
2774 2689 2867 2743 καὶ
2916 2689 3295 2776 φμησάντων
3338 2677 3484 2743 κατά
3525 2692 3622 2759 τῆς
3675 2692 3989 2763 Ῥωμαῖκῆς

2415 2779 2682 2844 ἐξουσίας.
2716 2784 2777 2833 ΟΞ
2816 2782 2874 2834 δὲ
2902 2785 3013 2843 τοῖς
3041 2781 3181 2833 κατά
3220 2781 3411 2851 χέρσον
3454 2781 3547 2834 καὶ
3588 2782 3853 2835 θάλατταν
3896 2784 3991 2854 λῃ-

2420 2869 2663 2923 στεύουσι
2688 2871 3198 2941 συλλῃστεύσαντες,
3238 2870 3516 2935 πλειόνως,
3547 2873 3622 2934 ὼς
3661 2873 3783 2943 ἐμοὶ
3821 2873 3987 2937 δοκεῖ,

2418 2958 2863 3028 κολασθήσονταιι
2889 2958 2968 3010 ὅτι
3001 2958 3094 3011 καὶ
3120 2958 3317 3025 μείζων
3349 2957 3464 3009 ἐστὶ
3502 2959 3704 3010 τούτων
3737 2960 3769 3026 ή
3802 2956 3988 3010 κακία.

2420 3050 2481 3101 Oi
2511 3048 2609 3117 μὲν
2634 3048 2741 3118 γὰρ
2774 3047 3017 3117 πολέμιοι
3060 3046 3198 3099 κατὰ
3230 3047 3514 3117 πρόσωπον
3558 3047 3647 3100 καὶ
3672 3048 3851 3116 γυμνῇ
3894 3062 3987 3097 κε-

2421 3138 2584 3208 φαλῇ,
2617 3138 2679 3191 τὸ
2705 3138 3015 3208 λεγόμενον,
3041 3138 3130 3189 τὸν
3158 3137 3389 3207 πόλεμον
3442 3137 3759 3190 συνιστιῖηιν
3780 3153 3794 3166 ·
3841 3137 3890 3189 οι
3934 3138 3991 3190 δὲ

2420 3226 2613 3298 λῃσταὶ
2644 3226 2887 3293 ἀοράτως
2921 3226 3014 3277 καὶ
3047 3225 3262 3292 ἀφανῶς
3293 3226 3695 3295 ἀπροσδόκητον
3724 3226 3989 3292 μελετῶσι

2419 3315 2595 3382 φόνον.
2628 3316 2787 3367 Ὅσον
2813 3310 2905 3367 οὖν
2929 3312 3023 3365 τοῦ
3060 3314 3413 3384 προκειμένου
3443 3315 3564 3367 κατ’
3594 3313 3650 3375 ὕιι
3666 3330 3716 3367 ιν
3742 3312 3988 3368 κινδύνου

756 3425 791 3497 ἡ
840 3426 988 3496 μάχη
1036 3422 1337 3494 κουφοτέρα
1374 3423 1490 3475 ἐστὶ
1526 3421 1618 3473 τοῦ
1670 3420 2074 3491 ἀπροσδοκήτου
2123 3423 2322 3489 κακοῦ,
2372 3421 2619 3476 τοσοῦτον
2646 3422 2735 3473 καὶ
2768 3416 2933 3491 ἡτῶν
2968 3416 3234 3485 πολεμίων
3277 3416 3461 3485 ἔφοδος
3514 3414 3840 3482 ἀνεκτοτέρα
3865 3408 3985 3461 ἐστὶ

755 3516 853 3586 τῆς
878 3517 983 3568 τῶν
1010 3516 1376 3587 λῃστευόντων
1413 3514 1717 3583 ἐπιϐουλῆς.

835 3616 1038 3669 Zona.
1080 3614 1400 3681 Quicunque
1444 3612 1699 3680 quidem,
1749 3611 1866 3673 ait,
1929 3607 2224 3676 aliquando
2274 3606 2328 3659 in

765 3709 1079 3763 servitutem
1108 3704 1323 3757 abducti
1365 3719 1423 3756 se
1454 3701 1698 3755 barbaris
1730 3700 2111 3767 adiunxerunt,
2147 3704 2198 3747 ct
2224 3709 2328 3749 una

764 3810 887 3848 cum
927 3794 993 3847 iis
1039 3791 1269 3862 grassati
1320 3800 1445 3843 sunt
1494 3804 1704 3843 morum
1752 3787 2055 3840 barbariem
2106 3785 2332 3837 induen-

765 3896 843 3939 tes
868 3925 881 3947 ,
925 3898 987 3936 ac
1019 3882 1163 3934 velut
1197 3880 1344 3933 obliti
1387 3893 1444 3932 se
1485 3894 1551 3931 er
1601 3875 1771 3929 Ponto
1795 3875 2135 3928 Christianos
2175 3882 2328 3939 esse,

764 3990 859 4029 eos
897 3973 987 4042 qui
1016 3970 1258 4040 cjusrlem
1292 3978 1418 4023 sunt
1451 3966 1664 4037 generis
1694 3963 2006 4018 interfecere
2028 4004 2041 4025 ,
2094 3962 2173 4015 vel
2209 3962 2332 4015 bar-

764 4065 913 4118 baris
948 4064 1158 4133 ignotas
1205 4068 1573 4113 monstravere
1616 4058 1749 4119 vias,
1786 4055 2042 4107 domosve
2082 4051 2216 4120 ipsis
2246 4065 2335 4104 oc-

767 4154 975 4215 cultas;
1023 4152 1076 4205 hi
1117 4167 1184 4204 ne
1222 4150 1285 4203 ad
1320 4149 1652 4202 auditionem
1684 4144 1901 4213 quidem
1936 4141 2289 4195 admittantur
2313 4176 2330 4204 ,

766 4243 1137 4315 pmnitentiam
1183 4251 1437 4309 agentes;
1490 4239 1594 4292 hoc
1657 4244 1777 4297 est,
1836 4242 1987 4286 extra
2048 4229 2333 4284 ecclesiam

767 4337 994 4391 omnino
1024 4334 1359 4395 consistant,
1410 4330 1464 4382 in
1497 4329 1615 4383 loco
1640 4326 1886 4379 videlicet
1926 4321 2164 4375 ﬂentium
2185 4359 2199 4383 ,
2237 4318 2336 4372 do-

766 4442 868 4481 nec
893 4427 945 4479 in
975 4424 1250 4479 communi
1295 4429 1560 4476 conventu
1608 4417 1779 4471 sancti
1814 4414 1880 4467 de
1926 4413 2094 4481 ipsius
2131 4408 2335 4463 delibo-

2482 3596 2723 3650 ΖΩΝΔΡ.
2762 3595 2914 3647 Ὅσοι
2950 3593 3051 3664 μὲν
3081 3590 3195 3655 οὖν,
3224 3590 3420 3663 φησὶν,
3464 3592 3991 3661 αἰχμαλωτισθέντες

2414 3689 2565 3752 ποτὲ,
2599 3687 3083 3755 ωγκατετάγησαν
3113 3687 3221 3746 τοῖς
3267 3683 3590 3754 βαρϐάροις,
3627 3683 3719 3735 καὶ
3750 3685 3865 3753 μετ’
3894 3687 3995 3738 αὺ-

2414 3780 2523 3835 τῶν
2554 3779 2787 3848 ἐπῆλθον
2818 3776 3260 3847 βαρϐαρωθέντες
3285 3775 3353 3826 τὰ
3380 3774 3474 3844 ἔθη
3495 3791 3508 3803 ·
3541 3775 3633 3827 καὶ
3660 3774 3849 3844 ὥσπερ
3876 3776 3995 3827 ὲπι-

2415 3869 2719 3938 λαθόμενοι,
2751 3870 2833 3920 ὅτι
2861 3868 2925 3919 ὲκ
2946 3867 3041 3919 τοῦ
3074 3866 3277 3919 Πόντου
3310 3861 3450 3942 ἦσαν
3477 3865 3822 3935 Χριστιανοὶ.
3861 3866 3994 3934 ὀμο-

2416 3959 2615 4027 φύλους
2631 3956 2993 4027 ἐφόνευσαν,ἢ
3021 3957 3172 4019 ὀδοὺς
3194 3955 3539 4008 ὑπεδείκνυον
3567 3958 3677 4017 τοῖς
3698 3953 3993 4025 βαρὸἁροις

2417 4048 2784 4119 ἀγνοουμένας
2803 4047 3049 4115 αὐτοῖς,ἢ
3078 4048 3252 4109 οῑκίας
3276 4044 3637 4107 λανθανούσας
3654 4044 3869 4107 αὐτούς·
3904 4040 3997 4097 οὖ-

2417 4158 2499 4193 τοι
2532 4140 2665 4212 μηδὶ
2691 4143 2769 4201 είς
2785 4141 3045 4209 ἀκρόασιν
3062 4137 3555 4207 παραδεχθήτωσαν
3579 4134 3988 4205 μετανοοῦντες·

2419 4231 2699 4283 τουτέστιν
2735 4230 2839 4291 ἔξω
2889 4227 3161 4291 παντελῶς
3209 4228 3310 4296 τῆς
3348 4226 3640 4296 ἐκκλησίας
3691 4225 3995 4294 ὲστηκέτωο

2424 4340 2542 4385 σαν,
2580 4323 2637 4373 ὲν
2668 4321 2818 4390 τόπῳ
2846 4318 3044 4390 δηλαδὴ
3074 4317 3524 4388 προσκλαιόντων,
3556 4316 3658 4377 ἕως
3684 4317 3749 4367 ἀν
3786 4316 3998 4385 σκοπή-

2425 4429 2589 4465 σωσιν
2617 4412 2666 4463 οἱ
2691 4411 2833 4479 ἅγιοι
2862 4409 2988 4479 περὶ
3014 4409 3192 4461 αὐτῶν
3209 4410 3360 4475 κοινῇ
3386 4406 3745 4467 συνελθόντες.
3781 4406 3994 4471 Ἀγίους

766 4526 907 4572 rent.
961 4516 1192 4569 Sanctus
1228 4527 1389 4581 porro
1418 4520 1509 4563 aut
1542 4508 1827 4576 episcopos
1861 4513 2048 4566 vocat,
2082 4510 2174 4554 aut
2205 4500 2338 4555 sim-
2368 4502 2434 4581 ni

2333 4529 2338 4540 -
2368 4502 2479 4581 “6‘s
2509 4502 2542 4573 ἢ
2576 4503 2700 4565 τοὺς
2732 4502 3059 4562 ἐπισκόπους
3090 4499 3279 4561 καλεῖ,
3312 4498 3345 4566 ἢ
3384 4498 3510 4559 τοὺς
3548 4496 3770 4556 πιστοὺς
3813 4492 4001 4555 ἁπλῶς

767 4609 976 4679 plieiter
1040 4606 1262 4666 lideles,
1331 4600 1512 4670 magni
1574 4597 1727 4650 Pauli
1779 4594 2005 4663 apostoli
2067 4592 2314 4661 exemplo
2366 4585 2435 4648 νε

2366 4585 2409 4613 ν
2427 4595 2567 4650 κατά
2598 4596 2686 4647 τὸν
2721 4595 2890 4663 μέγαν
2925 4590 3220 4661 ἀπόστολον
3250 4588 3481 4644 Παῦλον.
3522 4587 3594 4638 Τὸ
3620 4587 3695 4649 δὲ,
3729 4585 3843 4650 πρὸ
3892 4586 3998 4635 αὺ-

767 4697 860 4752 Illa
906 4710 1083 4751 autem
1133 4696 1290 4749 verba
1315 4734 1328 4755 ,
1378 4706 1499 4743 ante
1544 4685 1683 4757 ipsos
1715 4686 1938 4755 Spiritui
1964 4699 2178 4747 sancto,
2215 4684 2336 4738 ideo

766 4787 1048 4856 adjunxit,
1096 4794 1154 4838 ut
1197 4794 1531 4853 quaecunque
1581 4780 1633 4831 in
1690 4792 1789 4830 con
1818 4776 1965 4828 muni
2004 4775 2228 4829 consilio
2269 4772 2337 4825 ab

766 4881 1060 4951 episcopis,
1093 4878 1172 4931 vel
1195 4877 1354 4930 etiam
1383 4890 1411 4927 a
1442 4873 1856 4941 quibuscunque
1882 4868 2126 4920 lldelibus
2150 4867 2340 4918 decer-

2428 4686 2544 4742 τῶν
2564 4685 2641 4749 τῷ
2672 4686 2816 4754 ἁγίῳ
2844 4686 3178 4751 Ηνεύματι,.
3210 4684 3480 4751 ἐπήγαγε,
3514 4679 3725 4739 δεικνὺς
3744 4716 3759 4739 ,
3786 4678 3869 4729 ὅτι
3900 4677 4003 4729 ὅσα

2431 4778 2487 4829 ὲν
2517 4778 2669 4847 κοινῇ
2707 4776 2987 4844 διασκέψει
3026 4771 3431 4843 οίκονομοῦνται
3480 4770 3628 4839 παρά
3664 4767 4000 4829 ἐπισκόπων,

2428 4870 2462 4939 ἢ
2498 4871 2590 4922 καὶ
2618 4869 2800 4930 ἁπλῶς
2828 4867 2935 4919 τῶν
2959 4865 3184 4926 πιστῶν,
3218 4864 3279 4915 τὸ
3298 4864 3449 4929 ἆγιον
3480 4860 3703 4929 Πνεῦμα
3748 4858 4006 4927 ὑποτίθη-

770 4982 995 5034 nuntur,
1029 4970 1289 5038 Spiritum
1314 4975 1559 5021 sanctum
1605 4976 1666 5015 ea
1690 4958 2111 5013 deliberantibus
2148 4970 2341 5026 sugge-
2432 4983 2438 5012 ι

2049 4972 2111 5009 US
2148 4970 2341 5026 50836-
2432 4979 2515 5015 σιν
2544 4960 2683 5016 αὐτὰ
2713 4962 2825 5023 τοῖς
2854 4959 2979 5028 περὶ
3014 4957 3189 5010 αὐτῶν
3220 4952 3714 5021 διασκεπτομένοις.

772 5075 893 5115 rere
920 5059 1274 5112 demonstret.

1235 5134 1340 5204 33
1355 5139 1579 5194 CANON
1616 5135 1748 5192 Vlll.

850 5260 867 5292 ι
914 5240 990 5295 De
1031 5239 1099 5293 iis
1132 5238 1222 5306 qui
1254 5236 1457 5288 alienas
1488 5235 1674 5287 domos
1699 5228 1964 5283 hostiliter
1992 5226 2195 5297 ingredi
2222 5225 2342 5279 ausi

3047 5138 3283 5196 ΚΛΝΩΝ
3319 5137 3393 5188 H'.

2511 5254 2530 5286 ι
2572 5236 2705 5305 Περὶ
2735 5233 2840 5286 τῶν
2871 5233 3037 5294 οἴκοις
3076 5228 3371 5297 ἀλλοτρίοις
3415 5224 3658 5277 ἐπελθεῖν
3701 5223 4007 5311 τολμησάν-

777 5349 797 5379 ε
847 5344 975 5384 sunt
1026 5329 1077 5380 in
1128 5325 1482 5379 barbarorum
1522 5322 1847 5373 incursione.
1892 5316 1998 5371 Eos
2043 5326 2218 5369 autem
2250 5313 2345 5382 qui
2441 5352 2445 5367 .

2340 5350 2345 5366 ι
2441 5347 2458 5378 ι
2496 5345 2603 5381 των
2642 5330 2696 5380 ὲν
2729 5328 2791 5395 τῇ
2821 5325 2929 5377 τῶν
2962 5322 3247 5393 βαρϐάρων
3268 5318 3552 5388 ἐπιδρομῇ.
3583 5316 3722 5376 Τοὺς
3753 5314 3809 5365 δὲ
3842 5315 4008 5373 οἴκοις

779 5441 798 5471 ε
846 5422 1054 5474 alienas
1091 5418 1279 5470 domos
1304 5412 1577 5465 invadere
1608 5409 1723 5462 ensi
1756 5408 1987 5471 fuerint,
2030 5405 2072 5458 si
2107 5402 2345 5458 accusati
2445 5446 2447 5467 ,

2341 5428 2345 5455 ί
2445 5438 2463 5473 ι
2500 5418 2796 5490 ἀλλοτρίοις
2829 5416 3070 5468 ἐπελθεῖν
3098 5412 3472 5481 τολμήσαντας
3496 5449 3509 5470 ,
3560 5408 3652 5459 ἐὰν
3698 5405 3797 5474 μὲν
3843 5420 4009 5471 κατη-

779 5532 797 5563 ε
846 5511 1065 5581 quidem
1109 5506 1340 5562 convicti
1395 5502 1633 5564 fuerint,
1700 5516 1797 5553 nec
1840 5498 2114 5552 auditione
2152 5496 2345 5565 dignos
2445 5546 2447 5554 Α

2341 5531 2345 5543 ’
2445 5530 2464 5563 ι
2506 5507 2826 5583 γορηθέιτες
2858 5504 3173 5575 ἐλεγχθῶσι,
3204 5502 3335 5572 μηδὲ
3362 5501 3460 5569 τῆς
3487 5497 3803 5568 ἀκροάσεως
3845 5494 4009 5559 ἀξιῶ-

777 5627 797 5655 ε
845 5602 1176 5658 existimare.
1206 5597 1301 5652 Sin
1330 5605 1510 5649 autem
1550 5592 1837 5646 iudicarint
1869 5606 1926 5643 se
1960 5590 2104 5658 ipsos
2136 5602 2199 5641 ac
2229 5586 2349 5639 red-

2342 5613 2349 5623 '
2448 5622 2466 5654 ι
2508 5620 2593 5655 σαι
2614 5619 2625 5630 ·
2658 5600 2748 5652 ἐὰν
2793 5598 2847 5650 δὲ
2875 5598 3070 5656 αὐτοὺς
3105 5592 3357 5657 ὲξείπωσι
3392 5589 3483 5642 καὶ
3517 5586 3786 5641 ἀποδῶσιν
3809 5623 3821 5647 ,
3855 5586 3916 5638 ἰν
3948 5583 4010 5647 τῇ

778 5716 797 5745 ε
845 5694 1120 5754 diderint,
1190 5693 1242 5744 in
1293 5704 1478 5744 eorum
1528 5687 1617 5756 qui
1670 5693 2053 5739 convertuntur
2102 5677 2345 5733 ordinem

2018 5696 2053 5733 ¹¹’
2102 5677 2345 5733 ordinem
2452 5714 2470 5747 ι
2506 5695 2612 5748 τῶν
2641 5691 3078 5761 ὑποστρεψάντων
3107 5686 3252 5749 τάξει
3287 5683 3625 5737 ὑποπίπτειν.
3671 5700 3686 5730 ι

782 5807 801 5839 ι
848 5787 1138 5844 substerni.
1174 5806 1189 5837 ι
