4224 6440
264 398 363 464 δια
1209 401 1281 461 ΙΝ
1317 402 1550 465 EPIST.
1583 407 1639 466 S.
1671 405 1932 464 GllEGO

1807 404 2053 464 EGORII
2113 402 2539 462 NEOCAESAR.
3370 394 3475 459 542

321 527 516 581 ΒΔΔΣ.
546 525 877 596 Παχυμερῶς
906 524 1170 579 διαλαϐὼν
1189 526 1218 578 6
1238 525 1387 594 ἀγιος
1421 530 1545 596 περὶ
1577 529 1682 580 τῶν
1712 530 1806 598 ἀρ-
1835 533 1876 585 Α
1974 526 1989 579 Ι

1795 557 1806 568 -
1835 533 1876 585 Α
1974 526 2132 583 Βιιε.
2170 523 2462 595 Postquam
2498 535 2718 581 sanctus
2749 522 2924 581 fusius
2956 530 3263 583 tractaverit
3291 527 3358 584 de
3397 530 3463 585 iis

252 618 544 673 scaeam
572 616 604 685 ἢ
638 614 942 685 εὑρηκότων
975 615 1269 685 πράγματά
1294 632 1452 669 τινων
1478 618 1808 685 αἰχμαλωτι-
1901 634 1920 672 ι

1793 646 1808 658 -
1901 619 1995 687 qui
2035 626 2344 684 rapuerunt,
2386 618 2467 671 vel
2511 602 2869 686 quorumdam
2896 618 3227 684 captivorum
3258 634 3344 672 res
3378 620 3461 671 in-

252 707 524 768 οθιντων,
573 707 692 758 ὅσον
733 706 869 767 τέως
897 707 975 767 είς
1014 705 1104 756 τὸν
1133 704 1285 772 λόγον
1338 706 1446 759 τῶν
1493 708 1806 776 ιπιτιμίωνο
1902 723 1920 761 ι

1790 724 1806 738 ο
1902 715 2205 771 venerunt,
2256 704 2398 774 quod
2461 706 2526 758 ad
2582 719 2861 772 pinnarum
2915 704 3175 759 rationem
3224 706 3457 769 attinet;

252 797 379 868 ἄρτι
407 796 499 849 καὶ
524 795 589 848 τὰ
623 796 734 865 εἴδη
774 795 874 863 τῆς
911 795 1191 864 μετανοίας
1225 799 1339 866 ἠτοι
1372 796 1481 849 τῶν
1523 797 1803 867 ἐκκλησια-
1904 814 1920 851 ι

1794 825 1803 838 -
1904 813 2049 851 nunc
2074 810 2291 864 quoque
2318 794 2525 862 species
2551 793 2894 861 paenitentiae,
2928 794 3041 847 sive
3072 794 3462 847 ecclesiastica-

253 885 452 937 πικῶν
485 887 768 953 ἐπιτιμίων
793 884 1014 954 ἀρχεται
1038 885 1231 951 λέγειν.
1275 886 1383 938 Kal
1414 886 1608 939 αὐτίκα
1648 886 1810 957 διορίρ
1910 904 1921 940 l

1792 914 1810 931 -
1910 902 2028 940 rum
2070 900 2348 955 pinnarum
2395 885 2580 951 incipit
2612 884 2810 937 dicere.
2861 882 2925 936 Et
2985 884 3169 936 statim
3219 884 3460 937 decernit

256 975 429 1038 ζεται,
486 976 569 1026 l’va
628 974 758 1043 μηδὲ
812 974 946 1042 μετά
984 972 1090 1025 τῶν
1122 974 1482 1043 ἀκροωμένων
1532 975 1800 1040 ίστῶηαι,
1906 994 1924 1030 ι

1795 1017 1800 1035 ,
1906 987 1963 1031 ιιι
2010 991 2106 1031 nec
2151 985 2293 1031 stent
2324 990 2444 1028 cum
2479 974 2860 1036 audientibus,
2910 974 3001 1028 sed
3049 987 3171 1026 cum
3222 974 3463 1027 deﬂenti-

253 1065 387 1117 ἀλλά
435 1065 569 1134 μετά
610 1064 717 1117 τῶν
758 1064 1187 1135 προσκλαιόντων
1242 1064 1438 1128 ἔξωθεν
1473 1065 1569 1133 τῆς
1619 1068 1812 1137 ικκλη-
1906 1066 1921 1118 ι

1790 1092 1812 1108 -
1906 1066 2026 1127 bus,
2061 1073 2209 1118 extra
2241 1063 2555 1124 ecclesiam,
2598 1062 2690 1130 qui
2736 1077 2846 1115 rem
2895 1062 3091 1129 captivi
3126 1073 3458 1129 rapuerunt,

257 1156 376 1216 σίας
399 1194 413 1217 ,
432 1155 481 1207 οί
510 1155 847 1225 ἁρπάσαντες
873 1152 1109 1205 τοιοῦτόν
1122 1170 1175 1204 τι
1201 1156 1429 1222 πρᾶγμα
1447 1154 1808 1223 αἰχμαλώτου,
1902 1170 1925 1209 ε

1795 1192 1808 1215 ,
1902 1163 1956 1209 et
1986 1169 2104 1207 eam
2134 1168 2240 1208 non
2284 1156 2652 1213 restituerunt.
2682 1151 2775 1205 sed
2807 1152 3202 1204 accusationem
3246 1161 3299 1204 et
3337 1168 3463 1217 pro-

254 1246 349 1297 καὶ
384 1246 457 1314 μὴ
486 1243 929 1313 ἀντιστρέψαντες
943 1242 1093 1305 αὐτὸ,
1119 1242 1251 1295 ἀλλά
1266 1244 1652 1313 ἀναμείναντες
1670 1260 1807 1297 κατ·
1904 1242 1922 1299 ι

1793 1272 1807 1284 -
1904 1242 2174 1299 bationem
2211 1251 2588 1311 exspoctarunt
2634 1249 2847 1308 propter
2911 1239 3305 1293 inlitiationem.
3358 1240 3461 1293 Eos

260 1334 494 1405 ηγορίαν
539 1335 631 1386 καὶ
656 1333 870 1401 ιλεγχον
888 1332 974 1385 διὰ
1002 1332 1097 1401 τὴν
1141 1332 1385 1403 ἄρνησιν.
1424 1334 1561 1396 Τοὺς
1601 1333 1655 1386 δὲ
1686 1335 1811 1388 ἑαυ-
1905 1348 1928 1386 a

1795 1361 1811 1374 -
1905 1342 2081 1387 autem
2120 1333 2213 1401 qui
2255 1347 2313 1386 se
2360 1332 2505 1400 ipsos
2529 1329 2852 1393 detulerunt,
2882 1336 2936 1382 et
2973 1343 3070 1383 sua
3114 1338 3305 1396 sponte
3342 1344 3463 1396 qua

254 1427 381 1488 τοὺς
413 1424 899 1494 προσαγγείλαντας
927 1424 1018 1476 καί⁵
1042 1424 1227 1485 δόντας
1256 1422 1554 1486 καλοθελῶς
1572 1423 1675 1493 πρὸ
1686 1424 1813 1476 ἀνα·
1904 1437 1922 1477 I

1794 1452 1813 1464 -
1904 1422 2196 1484 abstulere,
2236 1428 2359 1474 ante
2390 1420 2657 1474 actionem
2707 1418 2992 1482 dederunt,
3025 1420 3213 1471 statuit
3244 1427 3301 1471 ut
3334 1434 3462 1486 pro-

254 1511 440 1579 γωγῆς
474 1510 513 1564 ά
544 1510 852 1577 ἀφείλοντο,
893 1508 1183 1579 διορίζεται
1211 1509 1299 1563 διά
1330 1510 1426 1579 τὴν
1457 1511 1816 1580 μεταμέλειαί
1906 1527 1922 1579 ι

1792 1527 1816 1563 ι
1906 1520 2024 1579 pter
2046 1511 2411 1579 pmnitentiam
2435 1519 2865 1576 comprecentur,
2896 1524 2990 1562 seu
3014 1512 3311 1563 consistant
3339 1524 3460 1564 cum

258 1598 629 1667 συνεύχεσθαι,
657 1598 821 1666 ἧγουν
851 1597 1227 1661 συνίστασθαι,
1266 1598 1403 1667 μετά
1430 1599 1537 1651 τῶν
1576 1601 1810 1654 πιστῶν
1906 1598 1926 1651 ί

1793 1615 1810 1633 ⁸
1906 1598 2180 1663 fidelibus;
2214 1598 2625 1652 substeruantur
2678 1606 2857 1650 autem
2903 1598 3044 1658 illis,
3090 1612 3154 1651 eo
3193 1598 3334 1665 quod
3366 1612 3461 1650 co-

257 1688 584 1740 ύποπίπιιιν
611 1686 666 1739 δὲ
693 1686 867 1744 αὐτῶν
888 1686 974 1749 διὰ
1000 1686 1062 1738 τὸ
1083 1685 1483 1755 ἀναγκάζεσθαι
1502 1688 1815 1760 ιξιρχεσθαι
1905 1704 1925 1758 ε

1791 1705 1815 1743 ι
1905 1697 2106 1758 guntur
2147 1688 2327 1757 egredi
2361 1702 2485 1741 cum
2524 1687 2947 1741 catecliumenis.
2990 1686 3067 1741 Ac
3111 1687 3191 1740 lex
3243 1688 3459 1755 quidem

262 1793 401 1847 μετα
429 1778 534 1829 τῶν
568 1777 1002 1847 κατηχουμίνων.
1038 1777 1146 1829 Kal
1184 1779 1214 1830 6
1238 1779 1334 1847 μιν
1367 1778 1815 1849 δκκλησιαστικδς
1906 1792 1930 1830 e

1796 1796 1815 1843 ;
1906 1777 2263 1831 ecclesiastica
2299 1791 2394 1830 eos
2430 1777 2511 1831 sic
2542 1778 2714 1844 punit.
2758 1774 2868 1831 Lex
2906 1790 3034 1830 vero
3076 1777 3252 1830 civilis
3284 1785 3464 1845 rapto—

260 1868 426 1937 νόμος
448 1867 586 1920 οὕτω
615 1858 835 1928 τούτους
864 1865 1077 1929 κολάζει
1095 1883 1107 1896 ·
1136 1868 1165 1918 6
1192 1867 1249 1919 δι
1276 1868 1546 1932 πολιτικὸς
1570 1872 1693 1933 τοὺς
1720 1871 1817 1941 ἀρ-
1842 1849 1885 1902 Β
1908 1884 1928 1920 r

1795 1899 1817 1911 -
1842 1849 1885 1902 Β
1908 1882 1993 1921 res
2022 1866 2163 1935 quod
2182 1867 2253 1919 ab
2280 1866 2413 1934 ipsis
2443 1876 2653 1933 raptum
2686 1874 2767 1918 est
2792 1865 2952 1918 etiam
2982 1874 3104 1918 ante
3134 1867 3463 1919 condemna-

259 1973 441 2024 παγάς
470 1958 561 2010 καὶ
593 1958 697 2027 πρὸ
722 1957 1011 2026 καταδίκης
1044 1956 1408 2026 προσάγοντας
1436 1957 1497 2010 τδ
1523 1958 1614 2012 ὑπ’
1638 1959 1818 2012 αὐτῶν
1906 1967 1927 2011 ι

1797 1980 1818 2012 ν
1906 1959 2111 2011 tionem
2152 1958 2476 2020 oﬂ‘crentes,
2534 1971 2640 2009 non
2673 1956 2949 2019 admittit,
2996 1955 3089 2009 sed
3145 1956 3465 2009 condemnat

260 2048 510 2118 ἀρπαγὲν
539 2048 598 2100 οὑ
631 2046 1011 2118 προσδέχεται.
1060 2046 1172 2099 ἀλλ’
1219 2049 1299 2109 είς
1336 2047 1396 2100 τδ
1430 2047 1817 2118 τετραπλάσιον
1906 2047 1922 2099 i

1796 2065 1817 2101 ν
1906 2047 1961 2099 in
2006 2047 2385 2115 quadruplum.
2455 2046 2594 2100 Dicit
2632 2046 2776 2098 enim
2820 2060 2943 2113 cap.
2993 2044 3047 2107 6,
3106 2045 3172 2098 l7
3226 2047 3347 2107 tit.,
3396 2060 3464 2099 ιι

261 2138 626 2200 καταδικάζει.
655 2138 790 2205 Φησὶ
816 2138 921 2203 γὰρ
946 2153 1070 2204 κεφ.
1096 2142 1170 2200 ς’,
1199 2136 1291 2189 τοῦ
1318 2136 1381 2200 ιζ’
1430 2136 1625 2199 τίτλου,
1664 2137 1751 2190 τοῦ
1772 2139 1814 2205 ξ’
1906 2136 1929 2189 Ιχ

1796 2142 1814 2202 ἵ
1906 2136 1999 2195 lib.
2032 2153 2046 2189 :
2081 2134 2286 2204 Raptor
2325 2150 2483 2204 poma
2514 2150 2619 2188 non
2635 2134 2901 2189 liberatur
2931 2136 3198 2190 oblatione
3222 2139 3294 2191 rei
3341 2147 3464 2193 ante

264 2229 468 2299 βιϐλίου
488 2245 500 2259 ·
545 2229 601 2281 ⁸0
629 2227 811 2298 ἀρπαξ
840 2229 938 2280 οὐκ
964 2228 1358 2281 ἀπαλλάττεται
1372 2228 1471 2297 τῆς
1502 2229 1691 2298 ποινῆς
1713 2228 1819 2299 πρὸ
1905 2227 1932 2279 li

1793 2230 1819 2283 δ
1905 2227 2072 2281 litem.
2133 2225 2193 2280 Et
2240 2226 2415 2280 thema
2464 2225 2494 2277 7
2522 2263 2538 2288 ,
2581 2240 2696 2293 cap.
2738 2225 2774 2279 2
2817 2226 3057 2294 ejusdem
3122 2226 3212 2279 lib.
3246 2239 3300 2281 et
3331 2228 3409 2281 tit.
3446 2242 3461 2281 :

261 2320 362 2390 τῆς
388 2319 542 2390 δίκης
569 2319 856 2389 προσάγων
897 2319 958 2371 τὸ
1004 2320 1253 2389 πρᾶγμα.
1295 2319 1403 2372 Kal
1444 2320 1583 2388 θεμα
1628 2319 1692 2384 ξ’,
1725 2320 1818 2373 τοῦ
1906 2314 1924 2369 l

1794 2320 1818 2373 ὖ
1906 2314 2046 2371 Intra
2092 2329 2292 2370 annum
2346 2330 2533 2369 verum
2581 2315 2811 2383 pretium
2876 2317 3306 2385 quadruplatur,
3359 2333 3462 2371 non

266 2389 328 2479 pi
359 2389 550 2475 κειραλ.
591 2406 684 2459 τοῦ
718 2405 879 2461 αὑτοῦ
907 2406 1109 2477 βιϐλίου
1126 2407 1218 2461 καὶ
1234 2405 1407 2460 τίτλου
1426 2423 1440 2438 °
1467 2408 1819 2461 Erum-twau-
1905 2420 1933 2459 a

1797 2437 1819 2449 -
1905 2414 2081 2460 autem
2133 2405 2186 2460 id
2240 2406 2381 2474 quod
2444 2405 2687 2459 interest.
2753 2405 2908 2470 Quod
2953 2414 3132 2459 autem
3194 2406 3282 2460 hic
3335 2408 3465 2461 dicit

263 2498 360 2551 τοῦ
389 2498 451 2551 τδ
481 2496 675 2567 ἀληθὲς
721 2495 814 2550 τοῦ
848 2497 1167 2567 πράγματος
1200 2496 1410 2567 τίμημα
1430 2497 1822 2569 τετραπλάσιά·
1905 2510 1931 2550 s

1797 2526 1822 2537 -
1905 2510 2125 2550 sanctus
2155 2494 2222 2549 de
2263 2496 2330 2549 iis
2370 2494 2465 2563 qui
2514 2506 2638 2549 ante
2673 2496 3177 2550 condemnationem
3220 2504 3271 2550 et
3306 2512 3465 2551 accu-

267 2589 441 2654 ζεται,
462 2589 522 2642 οὐ
550 2589 653 2659 μὴν
676 2588 737 2640 τὺ
762 2587 1035 2658 διαφέρον.
1065 2588 1237 2656 Ὅπερ
1255 2587 1312 2640 δέ
1339 2604 1503 2657 φησιν
1538 2587 1765 2642 ἐνταῦθα
1793 2591 1823 2642 6
1906 2600 1935 2639 si

1798 2591 1823 2642 6
1906 2584 2165 2639 sationem
2214 2599 2326 2638 rem
2364 2587 2684 2652 restituunt,
2727 2587 2812 2641 lex
2857 2587 3009 2656 jubet
3040 2588 3088 2641 id
3122 2588 3236 2642 fieri
3278 2589 3331 2643 in
3374 2605 3466 2646 eos

269 2677 425 2745 ἆγιος
448 2677 602 2747 χάριν
638 2675 747 2727 τῶν
778 2675 884 2743 πρὸ
913 2673 1204 2743 καταδίκης
1235 2675 1330 2727 καὶ
1375 2674 1701 2744 κατηγορίας
1742 2674 1822 2727 δι·
1906 2689 1937 2742 q

1800 2703 1822 2715 -
1906 2674 1999 2742 qui
2057 2675 2256 2743 aliquid
2323 2692 2387 2731 ex
2455 2678 2636 2745 aliquo
2702 2687 2847 2732 metu
2923 2692 3262 2749 acceperunt.
3330 2682 3468 2739 Dicit

267 2769 464 2822 δόντων
487 2767 548 2820 τδ
576 2765 895 2835 ἀψαιρεθὲν,
927 2763 1084 2817 τοῦτο
1119 2764 1148 2815 6
1187 2764 1350 2834 νόμος
1396 2764 1821 2834 παρακελεύεται
1904 2778 1935 2817 e

1805 2780 1821 2815 ι
1904 2765 2047 2817 enim
2081 2763 2114 2818 5
2154 2765 2367 2831 thema,
2414 2765 2482 2822 i3
2520 2768 2722 2835 cap.~,2
2765 2768 2871 2835 tit.,
2894 2784 2926 2822 x
2972 2770 3100 2823 lib.:
3134 2771 3289 2826 Actio
3312 2774 3467 2843 cujus

268 2845 517 2925 γίνεοθῖιι
543 2857 622 2918 είς
651 2856 775 2919 τοὺς
810 2854 947 2908 κατά
978 2854 1140 2922 φόϐον
1168 2853 1426 2915 λαϐόντας
1466 2871 1517 2906 τι
1556 2855 1619 2906 tit
1661 2854 1821 2915 τινός.
1908 2866 1936 2905 1

1797 2871 1821 2911 π.
1908 2864 2083 2906 metus
2118 2869 2311 2920 causa,
2353 2865 2436 2911 est
2461 2856 2667 2921 libera;
2700 2866 2755 2912 et
2792 2858 2912 2912 licet
2949 2860 2997 2913 ei
3024 2862 3282 2917 adversus
3307 2879 3465 2932 quem

268 2947 406 3019 οησὶ
437 2946 544 3016 γάρ
567 2946 627 2998 τδ
657 2950 694 2997 ε’
723 2944 881 3015 θίμα,
926 2944 1019 2997 τοῦ
1050 2949 1115 3010 ιγ’
1158 2942 1369 3010 κεφαλ.,
1406 2941 1500 2996 τοῦ
1541 2942 1581 3011 β’
1617 2942 1817 3005 τίτλου,
1909 2957 1936 2996 a

1800 2979 1817 3005 ,
1909 2942 2108 3013 agitur,
2137 2943 2202 2996 ad
2236 2946 2553 2999 sententiam
2586 2961 2756 3016 usque
2783 2963 2894 3001 rem
2938 2950 3240 3010 restituere.
3275 2960 3329 3005 ct
3359 2968 3463 3005 nou

270 3038 368 3093 τοῦ
400 3037 622 3092 δεκάτου
656 3035 885 3106 βιϐλίου·
950 3036 1014 3088 Ἦ
1051 3034 1138 3087 διὰ
1179 3033 1339 3103 φόϐον
1368 3033 1600 3097 αἰτίασις
1634 3033 1822 3104 αἱρετή
1910 3037 1938 3088 d

1797 3034 1822 3103 ή
1910 3037 2038 3091 dare
2085 3036 2467 3106 quadruplum.
2523 3036 2616 3090 Est
2678 3046 2856 3091 autem
2912 3033 2965 3091 e't
3017 3038 3116 3092 alia
3169 3040 3465 3094 diﬂ'erentia

270 3130 389 3184 tm
408 3146 421 3159 -
452 3128 545 3181 καὶ
571 3126 745 3190 ἔξεστι
769 3125 843 3196 τῷ
876 3125 1183 3196 εναγομένῳ
1215 3124 1372 3223 μέχρι
1402 3124 1580 3225 ιζιήφου
1618 3124 1826 3225 ἀπεοῖα-
1849 3169 1890 3225 c
1910 3140 1938 3179 ο

1804 3140 2097 3225 -ceorum
2131 3126 2222 3193 qui
2262 3127 2313 3178 vi
2370 3141 2456 3180 res
2503 3124 2779 3187 auferunt,
2824 3134 2879 3180 et
2922 3141 3110 3180 eorum
3142 3130 3233 3197 qui
3264 3128 3464 3196 aliquid

270 3218 532 3288 ταστῆσαι
560 3216 619 3268 τὺ
645 3216 891 3284 πρᾶγμα,
921 3215 1013 3267 καὶ
1042 3213 1116 3283 μὴ
1157 3211 1337 3266 δοῦναι
1371 3212 1432 3265 τὸ
1475 3210 1823 3282 τετραπλοῦν.
1852 3210 1890 3225 “
1913 3230 1938 3268 a

1793 3228 1823 3265 δ.
1852 3210 1890 3225 “
1913 3214 1983 3269 ab
2007 3216 2189 3283 aliquo
2215 3224 2358 3269 metu
2386 3215 2674 3283 accipiunt.
2731 3216 2989 3283 Raptores
3033 3217 3172 3270 enim
3206 3234 3310 3273 una
3339 3235 3461 3275 cum

274 3307 433 3359 Ἐστι
459 3306 515 3358 δὲ
539 3308 632 3357 καὶ
656 3305 815 3374 ἑτέρα
841 3303 1067 3375 διαφορά
1084 3303 1190 3355 τῶν
1211 3302 1392 3372 βιαίως
1418 3300 1828 3370 ἀφαιρουμένων
1912 3319 1942 3372 q

1796 3316 1828 3351 ιν
1912 3304 2197 3373 quadrupli
2224 3305 2573 3358 retributione
2596 3304 2755 3358 etiam
2779 3305 3136 3371 infamantur;
3170 3308 3260 3376 qui
3288 3318 3464 3364 autem

275 3398 571 3470 πράγματα
593 3392 813 3449 καὶτῶν
852 3396 991 3448 κατά
1020 3394 1180 3463 φόϐον
1211 3394 1585 3464 λαμϐανόντων
1628 3409 1679 3445 τι
1717 3392 1826 3445 ἀπό
1914 3408 1943 3446 n

1798 3392 1826 3443 6
1914 3402 2114 3446 metum
2158 3394 2473 3457 intulerunt,
2523 3393 2577 3446 in
2609 3394 3005 3449 existimatione
3051 3405 3254 3451 tantum
3294 3399 3464 3453 labem

274 3503 417 3549 τινος
440 3503 453 3517 -
480 3487 528 3537 ol
560 3486 655 3555 μὲν
677 3486 786 3554 γὰρ
809 3486 1051 3555 ἅρπαγες
1094 3486 1189 3537 σὺν
1228 3486 1293 3554 τῇ
1329 3483 1578 3537 ἀποδόσει
1615 3480 1708 3535 τοῦ
1736 3499 1828 3535 τε-
1916 3495 1942 3534 a

856 3502 1051 3555 ρπαγες
1094 3486 1189 3537 σὺν
1228 3486 1293 3554 τῇ
1329 3483 1578 3537 ἀποδόσει
1615 3480 1708 3535 τοῦ
1736 3499 1828 3535 τε·
1916 3480 2153 3549 aliquam
2180 3484 2524 3537 contrahunt.

275 3574 514 3644 τραπλοῦ
553 3575 646 3627 καὶ
691 3573 1031 3643 ἀτιμοῢνται·
1076 3575 1124 3627 οί
1162 3573 1217 3630 δὲ
1263 3572 1421 3642 φόϐον
1445 3571 1830 3639 ἐπαγαγόντες,

278 3664 589 3718 σπιλοῢνται
620 3666 776 3735 μόνον
801 3665 939 3718 κατά
963 3665 1058 3735 τὴν
1086 3663 1367 3732 ὑπόληψιν.

352 3754 592 3806 ΖΩΝΔΡ.
621 3755 687 3807 Οἴ
712 3770 854 3816 τινες
880 3753 936 3806 δι
963 3752 1193 3822 ιπῆλθον
1218 3752 1387 3815 οῐκοις
1409 3751 1702 3824 ἀλλοτρίοις
1742 3753 1834 3815 καὶ

278 3844 530 3913 ἥρπασαν
557 3842 760 3898 εκεῑθεν
791 3845 1059 3915 χρήματα,
1100 3836 1262 3909 οὗτοι,
1295 3844 1476 3914 φησιν,
1497 3846 1545 3897 εί
1564 3850 1831 3915 μεν,κατ-

281 3932 639 4004 ηγορηθὲντες
700 3934 792 3988 καὶ
833 3934 1181 4005 ἀρνούμενοι,
1234 3932 1557 4003 ιλεγχθῶσιν
1580 3972 1596 3999 ,
1637 3936 1836 4005 δμοίως

281 4028 393 4089 τοῖς
414 4026 835 4097 ,προειρημένοις
854 4027 945 4080 καὶ
973 4026 1072 4095 τῆς
1097 4024 1407 4097 ἀκροάσεως
1432 4025 1834 4089 ιαυλυίσθωσαν,

284 4116 377 4168 καὶ
412 4115 549 4185 μετά
579 4116 687 4168 τῶν
716 4116 1145 4186 προσκλαιόντων
1170 4114 1537 4185 τετάχθωσανο
1569 4117 1617 4167 εἰ
1638 4114 1694 4168 δὲ
1719 4114 1837 4167 tau-

282 4204 411 4266 τσὺς
440 4196 747 4267 ὲξείπωσιν,
772 4205 804 4274 ἢ
832 4204 936 4275 πρὸ
966 4204 1058 4256 τοῦ
1103 4204 1541 4276 κατηγορηθῆναι
1589 4204 1840 4274 ὁμολογή-

286 4309 452 4346 σωσιν
480 4293 831 4362 ἀγνοούμενον
852 4294 912 4346 τὸ
932 4295 1249 4363 ἁμάρτημα,
1269 4295 1361 4346 καὶ
1381 4293 1669 4346 ἀποδοῖενά
1691 4292 1832 4361 ἀφεί-

285 4386 456 4448 λοντο,
482 4385 720 4438 εστωσαν
747 4386 803 4438 tv
834 4389 944 4448 τοῖς
971 4385 1399 4455 ὑποστρέφουσιν
1428 4384 1534 4437 ἀπὸ
1551 4384 1838 4454 ἁμαρτίας,

1990 3760 2187 3817 lorus.
2218 3763 2319 3829 Qui
2342 3777 2467 3818 vero
2485 3764 2687 3818 alienas
2713 3762 2907 3818 domos
2937 3762 3246 3817 invaserunt
3279 3779 3474 3833 resque

1922 3856 2044 3910 inde
2078 3857 2405 3925 surripuere,
2454 3857 2551 3920 illi,
2587 3856 2778 3925 inquit,
2812 3856 2857 3910 si
2885 3856 3101 3925 quidem
3128 3857 3364 3909 accusati
3410 3872 3474 3911 ac

1923 3953 2275 4014 pernegantes
2316 3946 2544 4001 convicti
2588 3944 2804 4012 fuerint,
2835 3961 2957 4002 cum
3004 3945 3069 3999 iis
3112 3947 3313 4013 pariter
3338 3962 3475 4014 quos

1925 4051 2086 4106 snpra
2120 4036 2356 4092 diximus
2392 4039 2458 4092 ab
2496 4038 2769 4092 auditione
2804 4051 3017 4107 quoque
3056 4038 3476 4106 prohibeantur,

1925 4136 2085 4194 atque
2110 4126 2161 4180 in
2184 4126 2425 4181 tlentium
2451 4129 2692 4182 ordinem
2725 4129 3060 4196 relegantur;
3092 4128 3175 4181 siu
3208 4138 3384 4182 autem
3421 4144 3479 4183 se

1929 4216 2075 4283 ipsos
2103 4214 2431 4279 detexerint,
2471 4226 2565 4269 aut
2607 4228 2731 4271 ante
2772 4218 3170 4272 accusationem
3206 4218 3477 4271 occultum

1928 4304 2131 4357 crimen
2161 4303 2394 4359 confessi
2424 4304 2643 4369 fuerint,
2670 4321 2862 4375 resque
2887 4306 3092 4360 ablatas
3121 4307 3480 4369 reddiderint,

1930 4392 2326 4446 constituantur
2374 4394 2426 4447 in
2472 4408 2659 4447 eorum
2689 4396 2875 4449 ordine
2907 4396 3059 4463 quia
3096 4404 3314 4462 peccato
3359 4410 3485 4448 con-

290 4477 534 4530 τουτόστι
557 4478 654 4545 τῆς
690 4477 892 4542 τάξεως
913 4475 1019 4529 τῶν
1040 4476 1467 4536 ὑποπιπτόντων,
1493 4474 1682 4537 οἵτινες
1714 4474 1844 4526 ὑπο-
1875 4472 1916 4527 D
1933 4494 1958 4533 ν

1817 4503 1844 4515 -
1875 4472 2233 4544 Dvertuntur,
2276 4482 2378 4536 hoc
2416 4491 2519 4547 est,
2560 4484 2746 4537 ordine
2788 4484 3207 4547 substratorum,
3235 4483 3326 4551 qui
3362 4498 3485 4536 cum

294 4566 638 4636 συνεύχονται
674 4567 770 4636 μὲν
793 4570 902 4629 τοϊς
929 4568 1134 4628 πιστοῖς
1177 4566 1432 4629 εἰσιόντες
1461 4566 1540 4629 εἰς
1573 4565 1663 4618 τὸν
1699 4565 1841 4631 ναὸν,

290 4660 601 4730 ἐξέρχονται
621 4657 678 4711 δὲ
706 4660 780 4721 ὡς
802 4660 850 4710 οἰ
884 4659 1289 4728 κατηχούμενοι.

890 4749 1125 4803 ΚΔΝΩΝ
1176 4749 1251 4801 8'.

367 4861 389 4894 ε
425 4843 561 4913 Περί
602 4842 709 4894 τῶν
756 4842 812 4892 tv
841 4840 916 4910 τῷ
961 4840 1184 4908 πεδίῳῆ
1233 4841 1289 4891 tv
1326 4840 1437 4899 τοῖς
1490 4837 1637 4898 ἰδίοις
1681 4837 1847 4897 οῐκοις

297 4952 316 4984 ι
353 4932 619 5003 εὑρόντων
661 4932 731 4984 τὰ
780 4930 883 4983 ὑπὸ
932 4931 1039 4983 τῶν
1079 4928 1361 4999 βαρϐάρων
1408 4926 1842 4992 καταλειφθέντα.

298 5045 318 5077 ε
354 5025 494 5087 Τοὺς
519 5024 574 5077 δὲ
620 5025 676 5076 tv
726 5023 887 5091 πεδίῳ
915 5021 1170 5091 εὑρόντας
1214 5036 1265 5071 τι
1308 5018 1341 5088 ἢ
1382 5018 1439 5069 tv
1482 5020 1601 5079 ταῖς
1646 5015 1848 5068 ἑαυτῶν

300 5133 318 5164 ι
356 5114 557 5174 οἰκίαις
585 5110 934 5177 καταλειφθὲν
974 5109 1077 5161 ὑπὸ
1119 5108 1228 5160 τῶν
1268 5105 1583 5176 βαρϐάρων,
1613 5105 1706 5155 ἐὰν
1754 5105 1847 5172 μὲν

301 5222 319 5253 ι
360 5200 826 5271 κατηγορηθέντες
870 5196 1192 5266 ἐλεγχθῶσιν
1212 5235 1227 5257 ,
1255 5196 1454 5263 ὁμοίως
1483 5196 1540 5245 tv
1579 5197 1687 5255 τοίς
1720 5195 1849 5245 ὑπο-

303 5310 322 5342 :
365 5292 681 5342 πίπτουσιν·
714 5288 807 5341 ἰὰν
848 5286 903 5339 δὲ
935 5286 1155 5346 ἑαυτοὺς
1182 5282 1435 5348 ίξείπωσι
1464 5282 1555 5333 καὶ
1580 5280 1813 5332 ἀποδῶσι
1832 5318 1845 5343 ,

304 5401 322 5433 ι
364 5382 457 5434 καὶ
484 5380 581 5448 τῆς
611 5379 773 5447 εὗχης
801 5376 1046 5439 ἀξιῶσαι.
1079 5393 1095 5425 ι

375 5472 565 5524 ΒΛΛΣ.
598 5470 821 5538 Εῑρηται
850 5465 1064 5517 ὄπισθεν
1094 5463 1218 5532 περὶ
1248 5460 1354 5513 τῶν
1394 5462 1651 5526 λεγόντων
1679 5459 1851 5527 εὑρεῖν

301 5562 668 5631 ἀνεπιμέλητα
701 5560 767 5609 τὰ
798 5556 904 5608 τῶν
949 5551 1482 5623 αἰχμαλωτισθέντων
1536 5550 1851 5619 πράγματα,

304 5656 397 5706 καὶ
427 5649 737 5704 ἰδιώσασθαι
766 5646 921 5700 αὐτὰ.
955 5646 1062 5697 Kal
1102 5642 1195 5695 νῦν
1223 5642 1277 5693 δὲ
1320 5641 1606 5709 διορίζεται
1647 5642 1675 5692 6
1703 5641 1853 5705 ἅγιος

303 5747 430 5804 τοὺς
463 5746 520 5794 ἐν
547 5743 662 5801 ταῖς
691 5738 885 5797 οἰκίαις
911 5735 1015 5787 τῶν
1043 5731 1572 5801 αἰχμαλωτισθέντων
1600 5729 1849 5797 εὑρόντας

1935 4569 2179 4625 ﬁdelibus
2222 4572 2435 4639 quidem
2468 4582 2751 4640 precantur
2786 4574 3040 4641 templum
3070 4574 3349 4638 intrantes,
3386 4588 3489 4627 ca:-

1937 4668 2108 4714 tcrum
2135 4676 2281 4715 more
2306 4664 2812 4716 catechumenorum
2845 4664 3211 4732 egrediuntur.

2534 4752 2758 4807 CANON
2804 4752 2894 4808 IX.

2014 4859 2036 4894 ε
2070 4842 2143 4897 De
2174 4842 2239 4895 iis
2264 4844 2353 4911 qui
2377 4844 2431 4896 in
2463 4858 2591 4911 agro
2621 4845 2703 4897 vel
2730 4845 2782 4897 in
2806 4845 3009 4898 adibus
3037 4845 3150 4899 suis
3190 4860 3275 4904 ea,
3306 4859 3425 4911 qua!
3459 4858 3493 4897 α

1945 4948 1967 4984 ε
2012 4932 2257 4986 barbaris
2286 4934 2463 4986 relicta
2490 4944 2636 4995 sunt,
2677 4936 3014 4988 invenerunt.
3053 4933 3159 4987 Eos
3194 4934 3374 4986 autem
3398 4935 3493 5001 qui

1946 5039 1970 5075 ε
2012 5023 2067 5077 ἰιι
2103 5039 2291 5092 campo
2328 5024 2529 5093 aliquid
2580 5026 2918 5086 invenerunt,
2945 5025 3028 5078 vel
3071 5025 3123 5077 in
3152 5024 3267 5078 suis
3288 5026 3495 5078 aedibus

1947 5132 1967 5164 ε
2014 5129 2043 5166 a
2075 5115 2316 5171 barbaris
2351 5117 2621 5178 relictum,
2655 5116 2701 5170 si
2735 5117 2971 5169 accusati
3002 5116 3218 5184 quidem
3265 5118 3496 5170 convicti

1950 5222 1969 5255 ι
2014 5204 2231 5270 fuerint,
2262 5208 2369 5261 sint
2394 5208 2642 5261 similiter
2666 5208 2805 5260 inter
2821 5223 2914 5261 eos
2936 5208 3026 5275 qui
3050 5207 3493 5272 substernuntur;

1952 5315 1971 5348 ι
2014 5298 2097 5351 sin
2126 5307 2304 5350 autem
2334 5314 2390 5352 se
2413 5300 2558 5367 ipsos
2588 5298 2873 5351 drtuleriut
2891 5308 2945 5352 et
2965 5296 3311 5361 reddiderint,
3336 5298 3496 5349 etiam

1952 5402 1973 5437 ι
2018 5386 2266 5454 precibus
2291 5386 2439 5455 digni
2480 5386 2799 5438 habeantur.
2850 5403 2867 5434 ι

2018 5472 2174 5527 Βλιε.
2224 5472 2432 5527 Dictum
2474 5485 2557 5527 est
2604 5472 2851 5540 superius
2876 5472 2941 5525 de
2970 5473 3036 5525 iis
3073 5472 3170 5539 qui
3216 5471 3404 5524 dicunt
3442 5487 3500 5523 se

1951 5561 2218 5615 invenisse
2233 5563 2662 5629 rescaptivor'um
2691 5561 2952 5629 neglectui
2979 5562 3211 5622 habitas,
3235 5569 3287 5611 et
3314 5574 3505 5611 eat-unt

1949 5650 2051 5704 sibi
2096 5651 2473 5719 proprietatem
2500 5652 2822 5704 vindicasse.
2856 5649 3006 5703 Nunc
3055 5659 3231 5703 autem
3261 5649 3502 5701 decernit

1951 5751 2192 5805 sanctus,
2212 5752 2303 5795 eos
2329 5742 2418 5809 qui
2441 5758 2523 5795 res
2559 5745 2891 5809 captivorum
2921 5742 2973 5793 iu
3000 5741 3250 5794 dantibus
3276 5740 3497 5795 iuvenc-
