  <div class='ocr_page' id='page_1' title='image "/cluster/home/n/w/nwhite01/storage/ocr_20150623/138/nnc1.0046980083/279.png"; bbox 0 0 4224 6440; ppageno 0'>
   <div class='ocr_carea' id='block_1_1' title="bbox 788 386 895 450">
    <p class='ocr_par' dir='ltr' id='par_1_1' title="bbox 788 386 895 450">
     <span class='ocr_line' id='line_1_1' title="bbox 788 386 895 450; baseline 0.009 -1"><span class='ocrx_word' id='word_1_1' title='bbox 788 386 895 450; x_wconf 79' lang='grc'><strong>543</strong></span> 
     </span>
    </p>
   </div>
   <div class='ocr_carea' id='block_1_2' title="bbox 2043 372 2753 436">
    <p class='ocr_par' dir='ltr' id='par_1_2' title="bbox 2043 372 2753 436">
     <span class='ocr_line' id='line_1_2' title="bbox 2043 372 2753 436; baseline -0.007 0"><span class='ocrx_word' id='word_1_2' title='bbox 2043 379 2137 436; x_wconf 78' lang='grc' dir='ltr'><strong>’1Ἰί</strong></span> <span class='ocrx_word' id='word_1_3' title='bbox 2152 376 2312 435; x_wconf 72' lang='lat' dir='ltr'><strong>E01).</strong></span> <span class='ocrx_word' id='word_1_4' title='bbox 2360 372 2587 433; x_wconf 81' lang='lat' dir='ltr'><strong>BALSA</strong></span> <span class='ocrx_word' id='word_1_5' title='bbox 2597 372 2753 434; x_wconf 80' lang='lat' dir='ltr'><strong>MON</strong></span> 
     </span>
    </p>
   </div>
   <div class='ocr_carea' id='block_1_3' title="bbox 3889 364 3994 432">
    <p class='ocr_par' dir='ltr' id='par_1_3' title="bbox 3889 364 3994 432">
     <span class='ocr_line' id='line_1_3' title="bbox 3889 364 3994 432; baseline -0.01 0"><span class='ocrx_word' id='word_1_6' title='bbox 3889 364 3994 432; x_wconf 71' lang='lat' dir='ltr'><strong>6H</strong></span> 
     </span>
    </p>
   </div>
   <div class='ocr_carea' id='block_1_4' title="bbox 785 496 2453 586">
    <p class='ocr_par' dir='ltr' id='par_1_4' title="bbox 785 506 2453 586">
     <span class='ocr_line' id='line_1_4' title="bbox 785 506 2453 586; baseline -0.008 -17"><span class='ocrx_word' id='word_1_7' title='bbox 785 529 929 584; x_wconf 85' lang='lat' dir='ltr'><strong>runt,</strong></span> <span class='ocrx_word' id='word_1_8' title='bbox 956 528 1136 586; x_wconf 82' lang='lat' dir='ltr'><strong>utpote</strong></span> <span class='ocrx_word' id='word_1_9' title='bbox 1163 532 1268 571; x_wconf 91' lang='lat' dir='ltr'><strong>non</strong></span> <span class='ocrx_word' id='word_1_10' title='bbox 1306 532 1336 570; x_wconf 94' lang='lat' dir='ltr'><strong>a</strong></span> <span class='ocrx_word' id='word_1_11' title='bbox 1377 515 1615 569; x_wconf 82' lang='lat' dir='ltr'><strong>barbaris</strong></span> <span class='ocrx_word' id='word_1_12' title='bbox 1644 514 1867 573; x_wconf 84' lang='lat' dir='ltr'><strong>ablatas,</strong></span> <span class='ocrx_word' id='word_1_13' title='bbox 1896 509 1975 563; x_wconf 89' lang='lat' dir='ltr'><strong>vel</strong></span> <span class='ocrx_word' id='word_1_14' title='bbox 2004 510 2055 561; x_wconf 92' lang='lat' dir='ltr'><strong>in</strong></span> <span class='ocrx_word' id='word_1_15' title='bbox 2082 508 2181 560; x_wconf 83' lang='lat' dir='ltr'><strong>viis</strong></span> <span class='ocrx_word' id='word_1_16' title='bbox 2231 506 2312 559; x_wconf 74' lang='lat' dir='ltr'><strong>ab</strong></span> <span class='ocrx_word' id='word_1_17' title='bbox 2363 516 2406 569; x_wconf 73' lang='grc' dir='ltr'><strong>Α</strong></span> <span class='ocrx_word' id='word_1_18' title='bbox 2437 521 2453 555; x_wconf 85' lang='lat'>1</span> 
     </span>
    </p>
   </div>
   <div class='ocr_carea' id='block_1_5' title="bbox 2322 496 3990 586">
    <p class='ocr_par' dir='ltr' id='par_1_5' title="bbox 2363 496 3990 572">
     <span class='ocr_line' id='line_1_5' title="bbox 2363 496 3990 572; baseline -0.003 -17"><span class='ocrx_word' id='word_1_19' title='bbox 2363 516 2406 569; x_wconf 73' lang='grc' dir='ltr'><strong>Α</strong></span> <span class='ocrx_word' id='word_1_20' title='bbox 2437 502 2756 572; x_wconf 86' lang='grc' dir='ltr'><strong>πράγματα,</strong></span> <span class='ocrx_word' id='word_1_21' title='bbox 2776 500 2851 563; x_wconf 82' lang='grc' dir='ltr'><strong>ὡς</strong></span> <span class='ocrx_word' id='word_1_22' title='bbox 2878 498 2950 570; x_wconf 75' lang='grc' dir='ltr'><strong>μὴ</strong></span> <span class='ocrx_word' id='word_1_23' title='bbox 2986 499 3134 569; x_wconf 78' lang='grc' dir='ltr'><strong>παρὰ</strong></span> <span class='ocrx_word' id='word_1_24' title='bbox 3162 498 3267 551; x_wconf 91' lang='grc' dir='ltr'><strong>τῶν</strong></span> <span class='ocrx_word' id='word_1_25' title='bbox 3295 496 3580 570; x_wconf 74' lang='grc' dir='ltr'><strong>βαρϐάρων</strong></span> <span class='ocrx_word' id='word_1_26' title='bbox 3610 496 3990 569; x_wconf 82' lang='grc' dir='ltr'><strong>ἀφαιρεθέντα,</strong></span> 
     </span>
    </p>
   </div>
   <div class='ocr_carea' id='block_1_6' title="bbox 778 597 2325 675">
    <p class='ocr_par' dir='ltr' id='par_1_6' title="bbox 778 597 2325 675">
     <span class='ocr_line' id='line_1_6' title="bbox 778 597 2325 675; baseline -0.006 -16"><span class='ocrx_word' id='word_1_27' title='bbox 778 610 962 675; x_wconf 77' lang='lat' dir='ltr'><strong>jectas,</strong></span> <span class='ocrx_word' id='word_1_28' title='bbox 988 608 1212 661; x_wconf 76' lang='lat' dir='ltr'><strong>fortasse</strong></span> <span class='ocrx_word' id='word_1_29' title='bbox 1230 616 1441 674; x_wconf 87' lang='lat' dir='ltr'><strong>propter</strong></span> <span class='ocrx_word' id='word_1_30' title='bbox 1458 604 1684 672; x_wconf 86' lang='lat' dir='ltr'><strong>pondus,</strong></span> <span class='ocrx_word' id='word_1_31' title='bbox 1705 603 1946 655; x_wconf 86' lang='lat' dir='ltr'><strong>iuventas</strong></span> <span class='ocrx_word' id='word_1_32' title='bbox 1961 598 2173 666; x_wconf 97' lang='lat' dir='ltr'><strong>quidem</strong></span> <span class='ocrx_word' id='word_1_33' title='bbox 2188 597 2325 650; x_wconf 83' lang='lat' dir='ltr'><strong>bona</strong></span> 
     </span>
    </p>
   </div>
   <div class='ocr_carea' id='block_1_7' title="bbox 786 687 2348 764">
    <p class='ocr_par' dir='ltr' id='par_1_7' title="bbox 786 687 2348 764">
     <span class='ocr_line' id='line_1_7' title="bbox 786 687 2348 764; baseline -0.008 -13"><span class='ocrx_word' id='word_1_34' title='bbox 786 700 887 751; x_wconf 89' lang='lat' dir='ltr'><strong>lide</strong></span> <span class='ocrx_word' id='word_1_35' title='bbox 920 700 1287 752; x_wconf 76' lang='lat' dir='ltr'><strong>restituentes.</strong></span> <span class='ocrx_word' id='word_1_36' title='bbox 1319 697 1370 747; x_wconf 90' lang='lat' dir='ltr'><strong>in</strong></span> <span class='ocrx_word' id='word_1_37' title='bbox 1390 694 1495 764; x_wconf 59' lang='lat'><strong>34</strong></span> <span class='ocrx_word' id='word_1_38' title='bbox 1514 693 1753 761; x_wconf 80' lang='lat' dir='ltr'><strong>perfecto</strong></span> <span class='ocrx_word' id='word_1_39' title='bbox 1775 692 1940 760; x_wconf 77' lang='lat' dir='ltr'><strong>gradu</strong></span> <span class='ocrx_word' id='word_1_40' title='bbox 1971 699 2115 743; x_wconf 90' lang='lat' dir='ltr'><strong>stare</strong></span> <span class='ocrx_word' id='word_1_41' title='bbox 2146 687 2348 741; x_wconf 81' lang='lat' dir='ltr'><strong>debere</strong></span> 
     </span>
    </p>
   </div>
   <div class='ocr_carea' id='block_1_8' title="bbox 786 775 2344 835">
    <p class='ocr_par' dir='ltr' id='par_1_8' title="bbox 786 775 2344 835">
     <span class='ocr_line' id='line_1_8' title="bbox 786 775 2344 835; baseline -0.005 -1"><span class='ocrx_word' id='word_1_42' title='bbox 786 797 907 834; x_wconf 76' lang='lat' dir='ltr'><strong>cum</strong></span> <span class='ocrx_word' id='word_1_43' title='bbox 930 781 1195 834; x_wconf 81' lang='lat' dir='ltr'><strong>ﬁdelibus.</strong></span> <span class='ocrx_word' id='word_1_44' title='bbox 1212 781 1304 834; x_wconf 90' lang='lat' dir='ltr'><strong>Sin</strong></span> <span class='ocrx_word' id='word_1_45' title='bbox 1325 793 1500 833; x_wconf 87' lang='lat' dir='ltr'><strong>autem</strong></span> <span class='ocrx_word' id='word_1_46' title='bbox 1520 776 2100 835; x_wconf 83' lang='lat' dir='ltr'><strong>condcmnatifuerint.</strong></span> <span class='ocrx_word' id='word_1_47' title='bbox 2122 775 2344 829; x_wconf 86' lang='lat' dir='ltr'><strong>colloca-</strong></span> 
     </span>
    </p>
   </div>
   <div class='ocr_carea' id='block_1_9' title="bbox 786 868 2347 940">
    <p class='ocr_par' dir='ltr' id='par_1_9' title="bbox 786 868 2347 940">
     <span class='ocr_line' id='line_1_9' title="bbox 786 868 2347 940; baseline -0.003 -16"><span class='ocrx_word' id='word_1_48' title='bbox 786 873 832 924; x_wconf 87' lang='lat' dir='ltr'><strong>ri</strong></span> <span class='ocrx_word' id='word_1_49' title='bbox 850 886 973 925; x_wconf 87' lang='lat' dir='ltr'><strong>eum</strong></span> <span class='ocrx_word' id='word_1_50' title='bbox 993 872 1058 923; x_wconf 91' lang='lat' dir='ltr'><strong>iis</strong></span> <span class='ocrx_word' id='word_1_51' title='bbox 1075 872 1165 940; x_wconf 86' lang='lat' dir='ltr'><strong>qui</strong></span> <span class='ocrx_word' id='word_1_52' title='bbox 1184 888 1243 925; x_wconf 92' lang='lat' dir='ltr'><strong>su</strong></span> <span class='ocrx_word' id='word_1_53' title='bbox 1254 872 1629 933; x_wconf 87' lang='lat' dir='ltr'><strong>bsteruuutur,</strong></span> <span class='ocrx_word' id='word_1_54' title='bbox 1648 870 1852 923; x_wconf 74' lang='lat' dir='ltr'><strong>scilicet</strong></span> <span class='ocrx_word' id='word_1_55' title='bbox 1866 868 2048 937; x_wconf 81' lang='lat' dir='ltr'><strong>egredi</strong></span> <span class='ocrx_word' id='word_1_56' title='bbox 2063 881 2184 921; x_wconf 89' lang='lat' dir='ltr'><strong>cum</strong></span> <span class='ocrx_word' id='word_1_57' title='bbox 2205 877 2347 919; x_wconf 85' lang='lat' dir='ltr'><strong>cate-</strong></span> 
     </span>
    </p>
   </div>
   <div class='ocr_carea' id='block_1_10' title="bbox 784 954 2328 1021">
    <p class='ocr_par' dir='ltr' id='par_1_10' title="bbox 784 954 2328 1021">
     <span class='ocr_line' id='line_1_10' title="bbox 784 954 2328 1021; baseline -0.005 -10"><span class='ocrx_word' id='word_1_58' title='bbox 784 959 1086 1011; x_wconf 86' lang='lat' dir='ltr'><strong>chumenis.</strong></span> <span class='ocrx_word' id='word_1_59' title='bbox 1106 955 1225 1009; x_wconf 56' lang='lat' dir='ltr'><strong>Hinc</strong></span> <span class='ocrx_word' id='word_1_60' title='bbox 1241 971 1361 1007; x_wconf 92' lang='lat' dir='ltr'><strong>cum</strong></span> <span class='ocrx_word' id='word_1_61' title='bbox 1387 956 1455 1007; x_wconf 91' lang='lat' dir='ltr'><strong>ita</strong></span> <span class='ocrx_word' id='word_1_62' title='bbox 1480 970 1533 1008; x_wconf 85' lang='lat' dir='ltr'><strong>se</strong></span> <span class='ocrx_word' id='word_1_63' title='bbox 1560 956 1809 1017; x_wconf 76' lang='lat' dir='ltr'><strong>habeant,</strong></span> <span class='ocrx_word' id='word_1_64' title='bbox 1832 955 2025 1006; x_wconf 79' lang='lat' dir='ltr'><strong>dixerit</strong></span> <span class='ocrx_word' id='word_1_65' title='bbox 2042 954 2328 1021; x_wconf 77' lang='lat' dir='ltr'><strong>quispiam,</strong></span> 
     </span>
    </p>
   </div>
   <div class='ocr_carea' id='block_1_11' title="bbox 784 1047 2330 1116">
    <p class='ocr_par' dir='ltr' id='par_1_11' title="bbox 784 1047 2330 1116">
     <span class='ocr_line' id='line_1_11' title="bbox 784 1047 2330 1116; baseline -0.004 -13"><span class='ocrx_word' id='word_1_66' title='bbox 784 1067 876 1103; x_wconf 78' lang='lat' dir='ltr'><strong>eos</strong></span> <span class='ocrx_word' id='word_1_67' title='bbox 912 1050 987 1103; x_wconf 89' lang='lat' dir='ltr'><strong>sic</strong></span> <span class='ocrx_word' id='word_1_68' title='bbox 1017 1050 1211 1116; x_wconf 91' lang='lat' dir='ltr'><strong>puniri,</strong></span> <span class='ocrx_word' id='word_1_69' title='bbox 1242 1050 1332 1116; x_wconf 89' lang='lat' dir='ltr'><strong>qui</strong></span> <span class='ocrx_word' id='word_1_70' title='bbox 1368 1063 1463 1115; x_wconf 90' lang='lat' dir='ltr'><strong>pro</strong></span> <span class='ocrx_word' id='word_1_71' title='bbox 1492 1064 1548 1100; x_wconf 91' lang='lat' dir='ltr'><strong>re</strong></span> <span class='ocrx_word' id='word_1_72' title='bbox 1578 1048 1789 1100; x_wconf 80' lang='lat' dir='ltr'><strong>inventa</strong></span> <span class='ocrx_word' id='word_1_73' title='bbox 1824 1047 2148 1099; x_wconf 85' lang='lat' dir='ltr'><strong>restituenda</strong></span> <span class='ocrx_word' id='word_1_74' title='bbox 2200 1059 2330 1099; x_wconf 90' lang='lat' dir='ltr'><strong>con-</strong></span> 
     </span>
    </p>
   </div>
   <div class='ocr_carea' id='block_1_12' title="bbox 786 1126 2329 1203">
    <p class='ocr_par' dir='ltr' id='par_1_12' title="bbox 786 1126 2329 1203">
     <span class='ocr_line' id='line_1_12' title="bbox 786 1126 2329 1203; baseline -0.004 -10"><span class='ocrx_word' id='word_1_75' title='bbox 786 1140 1181 1193; x_wconf 79' lang='lat' dir='ltr'><strong>demnationem</strong></span> <span class='ocrx_word' id='word_1_76' title='bbox 1226 1145 1561 1203; x_wconf 80' lang='lat' dir='ltr'><strong>exspectant,</strong></span> <span class='ocrx_word' id='word_1_77' title='bbox 1604 1126 1722 1188; x_wconf 75' lang='lat' dir='ltr'><strong>es&#39;se</strong></span> <span class='ocrx_word' id='word_1_78' title='bbox 1752 1136 2111 1202; x_wconf 87' lang='lat' dir='ltr'><strong>justissimum</strong></span> <span class='ocrx_word' id='word_1_79' title='bbox 2136 1175 2151 1197; x_wconf 93' lang='lat'><strong>,</strong></span> <span class='ocrx_word' id='word_1_80' title='bbox 2189 1149 2329 1203; x_wconf 87' lang='lat' dir='ltr'><strong>quo-</strong></span> 
     </span>
    </p>
   </div>
   <div class='ocr_carea' id='block_1_13' title="bbox 788 1224 2330 1293">
    <p class='ocr_par' dir='ltr' id='par_1_13' title="bbox 788 1224 2330 1293">
     <span class='ocr_line' id='line_1_13' title="bbox 788 1224 2330 1293; baseline -0.003 -12"><span class='ocrx_word' id='word_1_81' title='bbox 788 1230 932 1281; x_wconf 92' lang='lat' dir='ltr'><strong>niam</strong></span> <span class='ocrx_word' id='word_1_82' title='bbox 966 1227 1092 1279; x_wconf 83' lang='lat' dir='ltr'><strong>l&#39;urti</strong></span> <span class='ocrx_word' id='word_1_83' title='bbox 1122 1241 1333 1293; x_wconf 91' lang='lat' dir='ltr'><strong>quoque</strong></span> <span class='ocrx_word' id='word_1_84' title='bbox 1366 1225 1576 1277; x_wconf 84' lang='lat' dir='ltr'><strong>actione</strong></span> <span class='ocrx_word' id='word_1_85' title='bbox 1606 1234 1885 1287; x_wconf 89' lang='lat' dir='ltr'><strong>tenentur,</strong></span> <span class='ocrx_word' id='word_1_86' title='bbox 1917 1224 2211 1278; x_wconf 89' lang='lat' dir='ltr'><strong>secundum</strong></span> <span class='ocrx_word' id='word_1_87' title='bbox 2251 1225 2330 1277; x_wconf 83' lang='lat' dir='ltr'><strong>le-</strong></span> 
     </span>
    </p>
   </div>
   <div class='ocr_carea' id='block_1_14' title="bbox 788 1312 2332 1385">
    <p class='ocr_par' dir='ltr' id='par_1_14' title="bbox 788 1312 2332 1385">
     <span class='ocr_line' id='line_1_14' title="bbox 788 1312 2332 1385; baseline -0.004 -16"><span class='ocrx_word' id='word_1_88' title='bbox 788 1333 926 1385; x_wconf 78' lang='lat' dir='ltr'><strong>gem,</strong></span> <span class='ocrx_word' id='word_1_89' title='bbox 956 1331 1075 1384; x_wconf 71' lang='lat' dir='ltr'><strong>qua:</strong></span> <span class='ocrx_word' id='word_1_90' title='bbox 1108 1316 1270 1368; x_wconf 85' lang='lat' dir='ltr'><strong>dicit:</strong></span> <span class='ocrx_word' id='word_1_91' title='bbox 1301 1312 1407 1365; x_wconf 87' lang='lat' dir='ltr'><strong>Fur</strong></span> <span class='ocrx_word' id='word_1_92' title='bbox 1430 1321 1513 1365; x_wconf 91' lang='lat' dir='ltr'><strong>est</strong></span> <span class='ocrx_word' id='word_1_93' title='bbox 1534 1314 1624 1380; x_wconf 93' lang='lat' dir='ltr'><strong>qui</strong></span> <span class='ocrx_word' id='word_1_94' title='bbox 1654 1329 1762 1366; x_wconf 90' lang='lat' dir='ltr'><strong>rem</strong></span> <span class='ocrx_word' id='word_1_95' title='bbox 1788 1314 2015 1366; x_wconf 88' lang='lat' dir='ltr'><strong>alienam</strong></span> <span class='ocrx_word' id='word_1_96' title='bbox 2039 1318 2332 1366; x_wconf 90' lang='lat' dir='ltr'><strong>contrectat</strong></span> 
     </span>
    </p>
   </div>
   <div class='ocr_carea' id='block_1_15' title="bbox 789 1402 2329 1472">
    <p class='ocr_par' dir='ltr' id='par_1_15' title="bbox 789 1402 2329 1472">
     <span class='ocr_line' id='line_1_15' title="bbox 789 1402 2329 1472; baseline -0.001 -18"><span class='ocrx_word' id='word_1_97' title='bbox 789 1415 978 1472; x_wconf 70' lang='lat' dir='ltr'><strong>practer</strong></span> <span class='ocrx_word' id='word_1_98' title='bbox 1008 1404 1210 1456; x_wconf 89' lang='lat' dir='ltr'><strong>domini</strong></span> <span class='ocrx_word' id='word_1_99' title='bbox 1240 1402 1590 1465; x_wconf 86' lang='lat' dir='ltr'><strong>voluntatem,</strong></span> <span class='ocrx_word' id='word_1_100' title='bbox 1635 1406 1811 1455; x_wconf 89' lang='lat' dir='ltr'><strong>sciens</strong></span> <span class='ocrx_word' id='word_1_101' title='bbox 1834 1403 1882 1454; x_wconf 90' lang='lat' dir='ltr'><strong>id</strong></span> <span class='ocrx_word' id='word_1_102' title='bbox 1922 1402 1995 1454; x_wconf 86' lang='lat' dir='ltr'><strong>illi</strong></span> <span class='ocrx_word' id='word_1_103' title='bbox 2047 1402 2329 1455; x_wconf 87' lang='lat' dir='ltr'><strong>molestum</strong></span> 
     </span>
    </p>
   </div>
   <div class='ocr_carea' id='block_1_16' title="bbox 786 1492 2329 1552">
    <p class='ocr_par' dir='ltr' id='par_1_16' title="bbox 786 1492 2329 1552">
     <span class='ocr_line' id='line_1_16' title="bbox 786 1492 2329 1552; baseline -0.004 -4"><span class='ocrx_word' id='word_1_104' title='bbox 786 1510 923 1548; x_wconf 84' lang='lat' dir='ltr'><strong>esse.</strong></span> <span class='ocrx_word' id='word_1_105' title='bbox 955 1494 1088 1546; x_wconf 83' lang='lat' dir='ltr'><strong>Cum</strong></span> <span class='ocrx_word' id='word_1_106' title='bbox 1120 1493 1363 1545; x_wconf 83' lang='lat' dir='ltr'><strong>lidelibus</strong></span> <span class='ocrx_word' id='word_1_107' title='bbox 1384 1502 1560 1544; x_wconf 84' lang='lat' dir='ltr'><strong>autem</strong></span> <span class='ocrx_word' id='word_1_108' title='bbox 1587 1492 1905 1552; x_wconf 90' lang='lat' dir='ltr'><strong>consistere,</strong></span> <span class='ocrx_word' id='word_1_109' title='bbox 1931 1500 1984 1544; x_wconf 91' lang='lat' dir='ltr'><strong>et</strong></span> <span class='ocrx_word' id='word_1_110' title='bbox 2018 1505 2329 1545; x_wconf 85' lang='lat' dir='ltr'><strong>sacramen-</strong></span> 
     </span>
    </p>
   </div>
   <div class='ocr_carea' id='block_1_17' title="bbox 790 1580 2327 1648">
    <p class='ocr_par' dir='ltr' id='par_1_17' title="bbox 790 1580 2327 1648">
     <span class='ocr_line' id='line_1_17' title="bbox 790 1580 2327 1648; baseline -0.001 -15"><span class='ocrx_word' id='word_1_111' title='bbox 790 1583 857 1635; x_wconf 89' lang='lat' dir='ltr'><strong>tis</strong></span> <span class='ocrx_word' id='word_1_112' title='bbox 910 1591 1115 1634; x_wconf 87' lang='lat' dir='ltr'><strong>tantum</strong></span> <span class='ocrx_word' id='word_1_113' title='bbox 1141 1596 1245 1632; x_wconf 91' lang='lat' dir='ltr'><strong>non</strong></span> <span class='ocrx_word' id='word_1_114' title='bbox 1280 1580 1487 1648; x_wconf 72' lang='lat' dir='ltr'><strong>dignari</strong></span> <span class='ocrx_word' id='word_1_115' title='bbox 1513 1595 1634 1632; x_wconf 88' lang='lat' dir='ltr'><strong>eum</strong></span> <span class='ocrx_word' id='word_1_116' title='bbox 1664 1580 1754 1648; x_wconf 89' lang='lat' dir='ltr'><strong>qui</strong></span> <span class='ocrx_word' id='word_1_117' title='bbox 1783 1595 1839 1632; x_wconf 90' lang='lat' dir='ltr'><strong>se</strong></span> <span class='ocrx_word' id='word_1_118' title='bbox 1866 1580 2038 1646; x_wconf 88' lang='lat' dir='ltr'><strong>ipsum</strong></span> <span class='ocrx_word' id='word_1_119' title='bbox 2062 1580 2327 1641; x_wconf 88' lang='lat' dir='ltr'><strong>detulerit,</strong></span> 
     </span>
    </p>
   </div>
   <div class='ocr_carea' id='block_1_18' title="bbox 788 1668 2331 1738">
    <p class='ocr_par' dir='ltr' id='par_1_18' title="bbox 788 1668 2331 1738">
     <span class='ocr_line' id='line_1_18' title="bbox 788 1668 2331 1738; baseline 0 -15"><span class='ocrx_word' id='word_1_120' title='bbox 788 1681 839 1724; x_wconf 82' lang='lat' dir='ltr'><strong>et</strong></span> <span class='ocrx_word' id='word_1_121' title='bbox 864 1672 1026 1738; x_wconf 84' lang='lat' dir='ltr'><strong>probe</strong></span> <span class='ocrx_word' id='word_1_122' title='bbox 1045 1685 1155 1722; x_wconf 91' lang='lat' dir='ltr'><strong>rem</strong></span> <span class='ocrx_word' id='word_1_123' title='bbox 1183 1671 1450 1721; x_wconf 83' lang='lat' dir='ltr'><strong>inventam</strong></span> <span class='ocrx_word' id='word_1_124' title='bbox 1474 1668 1697 1730; x_wconf 80' lang='lat' dir='ltr'><strong>dederit,</strong></span> <span class='ocrx_word' id='word_1_125' title='bbox 1725 1684 1919 1721; x_wconf 87' lang='lat' dir='ltr'><strong>novum</strong></span> <span class='ocrx_word' id='word_1_126' title='bbox 1945 1680 2058 1731; x_wconf 86' lang='lat' dir='ltr'><strong>est;</strong></span> <span class='ocrx_word' id='word_1_127' title='bbox 2088 1678 2168 1723; x_wconf 89' lang='lat' dir='ltr'><strong>est</strong></span> <span class='ocrx_word' id='word_1_128' title='bbox 2188 1669 2331 1723; x_wconf 89' lang='lat' dir='ltr'><strong>enim</strong></span> 
     </span>
    </p>
   </div>
   <div class='ocr_carea' id='block_1_19' title="bbox 790 1757 2334 1827">
    <p class='ocr_par' dir='ltr' id='par_1_19' title="bbox 790 1757 2334 1827">
     <span class='ocr_line' id='line_1_19' title="bbox 790 1757 2334 1827; baseline 0 -16"><span class='ocrx_word' id='word_1_129' title='bbox 790 1761 970 1827; x_wconf 84' lang='lat' dir='ltr'><strong>potius</strong></span> <span class='ocrx_word' id='word_1_130' title='bbox 1002 1757 1335 1810; x_wconf 82' lang='lat' dir='ltr'><strong>Eucharistia</strong></span> <span class='ocrx_word' id='word_1_131' title='bbox 1362 1757 1572 1824; x_wconf 78' lang='lat' dir='ltr'><strong>dignus.</strong></span> <span class='ocrx_word' id='word_1_132' title='bbox 1598 1760 1763 1825; x_wconf 91' lang='lat' dir='ltr'><strong>utqui</strong></span> <span class='ocrx_word' id='word_1_133' title='bbox 1791 1774 1900 1811; x_wconf 92' lang='lat' dir='ltr'><strong>rem</strong></span> <span class='ocrx_word' id='word_1_134' title='bbox 1931 1758 2123 1825; x_wconf 92' lang='lat' dir='ltr'><strong>captivi</strong></span> <span class='ocrx_word' id='word_1_135' title='bbox 2152 1772 2334 1811; x_wconf 83' lang='lat' dir='ltr'><strong>serva-</strong></span> 
     </span>
    </p>
   </div>
   <div class='ocr_carea' id='block_1_20' title="bbox 2436 588 3989 664">
    <p class='ocr_par' dir='ltr' id='par_1_20' title="bbox 2436 588 3989 664">
     <span class='ocr_line' id='line_1_20' title="bbox 2436 588 3989 664; baseline -0.005 -18"><span class='ocrx_word' id='word_1_136' title='bbox 2436 593 2469 664; x_wconf 74' lang='grc' dir='ltr'><strong>ῆ</strong></span> <span class='ocrx_word' id='word_1_137' title='bbox 2500 592 2591 646; x_wconf 79' lang='grc' dir='ltr'><strong>καὶ</strong></span> <span class='ocrx_word' id='word_1_138' title='bbox 2623 591 2762 645; x_wconf 87' lang='grc' dir='ltr'><strong>κατά</strong></span> <span class='ocrx_word' id='word_1_139' title='bbox 2788 589 2885 653; x_wconf 87' lang='grc' dir='ltr'><strong>τάς</strong></span> <span class='ocrx_word' id='word_1_140' title='bbox 2929 590 3079 651; x_wconf 84' lang='grc' dir='ltr'><strong>ὀδοὺς</strong></span> <span class='ocrx_word' id='word_1_141' title='bbox 3120 588 3358 659; x_wconf 78' lang='grc' dir='ltr'><strong>ῥιφέντα,</strong></span> <span class='ocrx_word' id='word_1_142' title='bbox 3394 590 3480 643; x_wconf 90' lang='grc' dir='ltr'><strong>διά</strong></span> <span class='ocrx_word' id='word_1_143' title='bbox 3514 591 3573 644; x_wconf 76' lang='grc' dir='ltr'><strong>τὸ</strong></span> <span class='ocrx_word' id='word_1_144' title='bbox 3605 591 3769 663; x_wconf 82' lang='grc' dir='ltr'><strong>βάρος</strong></span> <span class='ocrx_word' id='word_1_145' title='bbox 3806 590 3989 659; x_wconf 78' lang='grc' dir='ltr'><strong>τυχὸν,</strong></span> 
     </span>
    </p>
   </div>
   <div class='ocr_carea' id='block_1_21' title="bbox 2436 678 3993 751">
    <p class='ocr_par' dir='ltr' id='par_1_21' title="bbox 2436 678 3993 751">
     <span class='ocr_line' id='line_1_21' title="bbox 2436 678 3993 751; baseline -0.003 -15"><span class='ocrx_word' id='word_1_146' title='bbox 2436 682 2910 742; x_wconf 81' lang='grc' dir='ltr'><strong>ἀποκαθιστῶντας</strong></span> <span class='ocrx_word' id='word_1_147' title='bbox 2940 680 3036 749; x_wconf 72' lang='grc' dir='ltr'><strong>μὲν</strong></span> <span class='ocrx_word' id='word_1_148' title='bbox 3078 678 3430 748; x_wconf 80' lang='grc' dir='ltr'><strong>εὐγνωμόνως</strong></span> <span class='ocrx_word' id='word_1_149' title='bbox 3470 679 3538 733; x_wconf 86' lang='grc' dir='ltr'><strong>τά</strong></span> <span class='ocrx_word' id='word_1_150' title='bbox 3578 681 3885 751; x_wconf 71' lang='grc' dir='ltr'><strong>εὑρεθέντα,</strong></span> <span class='ocrx_word' id='word_1_151' title='bbox 3913 681 3993 742; x_wconf 88' lang='grc' dir='ltr'><strong>εἰς</strong></span> 
     </span>
    </p>
   </div>
   <div class='ocr_carea' id='block_1_22' title="bbox 2436 770 3988 841">
    <p class='ocr_par' dir='ltr' id='par_1_22' title="bbox 2436 770 3988 841">
     <span class='ocr_line' id='line_1_22' title="bbox 2436 770 3988 841; baseline -0.001 -16"><span class='ocrx_word' id='word_1_152' title='bbox 2436 774 2525 826; x_wconf 79' lang='grc' dir='ltr'><strong>τὺν</strong></span> <span class='ocrx_word' id='word_1_153' title='bbox 2569 772 2730 825; x_wconf 80' lang='grc' dir='ltr'><strong>τόπον</strong></span> <span class='ocrx_word' id='word_1_154' title='bbox 2778 770 3023 823; x_wconf 82' lang='grc' dir='ltr'><strong>ίστασθαι</strong></span> <span class='ocrx_word' id='word_1_155' title='bbox 3065 770 3155 823; x_wconf 85' lang='grc' dir='ltr'><strong>τὸν</strong></span> <span class='ocrx_word' id='word_1_156' title='bbox 3191 770 3389 823; x_wconf 84' lang='grc' dir='ltr'><strong>τέλειον</strong></span> <span class='ocrx_word' id='word_1_157' title='bbox 3424 770 3559 841; x_wconf 89' lang='grc' dir='ltr'><strong>μετά</strong></span> <span class='ocrx_word' id='word_1_158' title='bbox 3595 771 3702 825; x_wconf 87' lang='grc' dir='ltr'><strong>τῶν</strong></span> <span class='ocrx_word' id='word_1_159' title='bbox 3744 770 3988 824; x_wconf 84' lang='grc' dir='ltr'><strong>πιστῶν·</strong></span> 
     </span>
    </p>
   </div>
   <div class='ocr_carea' id='block_1_23' title="bbox 2437 860 3991 924">
    <p class='ocr_par' dir='ltr' id='par_1_23' title="bbox 2437 860 3991 924">
     <span class='ocr_line' id='line_1_23' title="bbox 2437 860 3991 924; baseline -0.001 -9"><span class='ocrx_word' id='word_1_160' title='bbox 2437 866 2484 915; x_wconf 93' lang='grc' dir='ltr'><strong>εἰ</strong></span> <span class='ocrx_word' id='word_1_161' title='bbox 2512 863 2566 915; x_wconf 76' lang='grc' dir='ltr'><strong>δὲ</strong></span> <span class='ocrx_word' id='word_1_162' title='bbox 2595 860 3046 922; x_wconf 82' lang='grc' dir='ltr'><strong>καταδικασθῶσι,</strong></span> <span class='ocrx_word' id='word_1_163' title='bbox 3075 860 3360 913; x_wconf 79' lang='grc' dir='ltr'><strong>τάττεσθαι</strong></span> <span class='ocrx_word' id='word_1_164' title='bbox 3391 862 3485 913; x_wconf 75' lang='grc' dir='ltr'><strong>σὺν</strong></span> <span class='ocrx_word' id='word_1_165' title='bbox 3514 865 3624 924; x_wconf 78' lang='grc' dir='ltr'><strong>τοῖς</strong></span> <span class='ocrx_word' id='word_1_166' title='bbox 3657 861 3991 915; x_wconf 64' lang='grc' dir='ltr'><strong>ὑποπίπτων</strong></span> 
     </span>
    </p>
   </div>
   <div class='ocr_carea' id='block_1_24' title="bbox 2438 946 3994 1019">
    <p class='ocr_par' dir='ltr' id='par_1_24' title="bbox 2438 946 3994 1019">
     <span class='ocr_line' id='line_1_24' title="bbox 2438 946 3994 1019; baseline -0.002 -16"><span class='ocrx_word' id='word_1_167' title='bbox 2438 969 2541 1013; x_wconf 89' lang='grc' dir='ltr'><strong>σιν,</strong></span> <span class='ocrx_word' id='word_1_168' title='bbox 2566 953 2729 1019; x_wconf 69' lang='grc' dir='ltr'><strong>ἤγουν</strong></span> <span class='ocrx_word' id='word_1_169' title='bbox 2755 949 3067 1018; x_wconf 75' lang='grc' dir='ltr'><strong>ἑξέρχεσθαι</strong></span> <span class='ocrx_word' id='word_1_170' title='bbox 3099 950 3231 1018; x_wconf 86' lang='grc' dir='ltr'><strong>μετά</strong></span> <span class='ocrx_word' id='word_1_171' title='bbox 3261 950 3367 1002; x_wconf 90' lang='grc' dir='ltr'><strong>τῶν</strong></span> <span class='ocrx_word' id='word_1_172' title='bbox 3398 950 3834 1019; x_wconf 80' lang='grc' dir='ltr'><strong>κατηχουμένων.</strong></span> <span class='ocrx_word' id='word_1_173' title='bbox 3861 946 3994 1003; x_wconf 71' lang='grc' dir='ltr'><strong>Τοῦ-</strong></span> 
     </span>
    </p>
   </div>
   <div class='ocr_carea' id='block_1_25' title="bbox 2435 1038 3994 1110">
    <p class='ocr_par' dir='ltr' id='par_1_25' title="bbox 2435 1038 3994 1110">
     <span class='ocr_line' id='line_1_25' title="bbox 2435 1038 3994 1110; baseline -0.003 -15"><span class='ocrx_word' id='word_1_174' title='bbox 2435 1060 2541 1095; x_wconf 97' lang='grc' dir='ltr'><strong>των</strong></span> <span class='ocrx_word' id='word_1_175' title='bbox 2568 1040 2738 1103; x_wconf 75' lang='grc' dir='ltr'><strong>οὕτως</strong></span> <span class='ocrx_word' id='word_1_176' title='bbox 2781 1041 3009 1110; x_wconf 76' lang='grc' dir='ltr'><strong>ἑχόντων</strong></span> <span class='ocrx_word' id='word_1_177' title='bbox 3031 1081 3045 1103; x_wconf 86' lang='grc'><strong>,</strong></span> <span class='ocrx_word' id='word_1_178' title='bbox 3076 1041 3216 1092; x_wconf 85' lang='grc' dir='ltr'><strong>είποι</strong></span> <span class='ocrx_word' id='word_1_179' title='bbox 3258 1056 3361 1103; x_wconf 87' lang='grc' dir='ltr'><strong>τις,</strong></span> <span class='ocrx_word' id='word_1_180' title='bbox 3391 1040 3467 1103; x_wconf 84' lang='grc' dir='ltr'><strong>ὼς</strong></span> <span class='ocrx_word' id='word_1_181' title='bbox 3496 1040 3557 1092; x_wconf 78' lang='grc' dir='ltr'><strong>τὸ</strong></span> <span class='ocrx_word' id='word_1_182' title='bbox 3598 1038 3737 1092; x_wconf 73' lang='grc' dir='ltr'><strong>οὕτω</strong></span> <span class='ocrx_word' id='word_1_183' title='bbox 3774 1039 3994 1103; x_wconf 72' lang='grc' dir='ltr'><strong>κολάζε-</strong></span> 
     </span>
    </p>
   </div>
   <div class='ocr_carea' id='block_1_26' title="bbox 2439 1130 3992 1200">
    <p class='ocr_par' dir='ltr' id='par_1_26' title="bbox 2439 1130 3992 1200">
     <span class='ocr_line' id='line_1_26' title="bbox 2439 1130 3992 1200; baseline -0.002 -17"><span class='ocrx_word' id='word_1_184' title='bbox 2439 1132 2561 1185; x_wconf 89' lang='grc' dir='ltr'><strong>σθαι</strong></span> <span class='ocrx_word' id='word_1_185' title='bbox 2598 1132 2725 1193; x_wconf 70' lang='grc' dir='ltr'><strong>τοὺς</strong></span> <span class='ocrx_word' id='word_1_186' title='bbox 2758 1130 3123 1199; x_wconf 81' lang='grc' dir='ltr'><strong>ἀναμένοντας</strong></span> <span class='ocrx_word' id='word_1_187' title='bbox 3174 1130 3469 1199; x_wconf 81' lang='grc' dir='ltr'><strong>καταδίκην</strong></span> <span class='ocrx_word' id='word_1_188' title='bbox 3511 1130 3669 1200; x_wconf 81' lang='grc' dir='ltr'><strong>χάριν</strong></span> <span class='ocrx_word' id='word_1_189' title='bbox 3711 1131 3992 1197; x_wconf 83' lang='grc' dir='ltr'><strong>ἀντιστρο-</strong></span> 
     </span>
    </p>
   </div>
   <div class='ocr_carea' id='block_1_27' title="bbox 2438 1217 3991 1290">
    <p class='ocr_par' dir='ltr' id='par_1_27' title="bbox 2438 1217 3991 1290">
     <span class='ocr_line' id='line_1_27' title="bbox 2438 1217 3991 1290; baseline -0.005 -15"><span class='ocrx_word' id='word_1_190' title='bbox 2438 1222 2542 1290; x_wconf 76' lang='grc' dir='ltr'><strong>φῆς</strong></span> <span class='ocrx_word' id='word_1_191' title='bbox 2587 1221 2679 1273; x_wconf 88' lang='grc' dir='ltr'><strong>τοῦ</strong></span> <span class='ocrx_word' id='word_1_192' title='bbox 2703 1221 3025 1290; x_wconf 80' lang='grc' dir='ltr'><strong>εὑρέματος,</strong></span> <span class='ocrx_word' id='word_1_193' title='bbox 3055 1219 3385 1272; x_wconf 83' lang='grc' dir='ltr'><strong>δικαιότατόν</strong></span> <span class='ocrx_word' id='word_1_194' title='bbox 3438 1222 3583 1272; x_wconf 66' lang='grc' dir='ltr'><strong>ἑστιν</strong></span> <span class='ocrx_word' id='word_1_195' title='bbox 3608 1258 3623 1282; x_wconf 89' lang='grc'><strong>,</strong></span> <span class='ocrx_word' id='word_1_196' title='bbox 3673 1220 3752 1271; x_wconf 84' lang='grc' dir='ltr'><strong>ὃτι</strong></span> <span class='ocrx_word' id='word_1_197' title='bbox 3802 1217 3894 1270; x_wconf 70' lang='grc' dir='ltr'><strong>καὶ</strong></span> <span class='ocrx_word' id='word_1_198' title='bbox 3924 1220 3991 1285; x_wconf 76' lang='grc' dir='ltr'><strong>τῇ</strong></span> 
     </span>
    </p>
   </div>
   <div class='ocr_carea' id='block_1_28' title="bbox 2437 1307 3994 1380">
    <p class='ocr_par' dir='ltr' id='par_1_28' title="bbox 2437 1307 3994 1380">
     <span class='ocr_line' id='line_1_28' title="bbox 2437 1307 3994 1380; baseline -0.002 -19"><span class='ocrx_word' id='word_1_199' title='bbox 2437 1310 2565 1380; x_wconf 77' lang='grc' dir='ltr'><strong>περὶ</strong></span> <span class='ocrx_word' id='word_1_200' title='bbox 2607 1310 2810 1377; x_wconf 80' lang='grc' dir='ltr'><strong>κλοπῆς</strong></span> <span class='ocrx_word' id='word_1_201' title='bbox 2831 1310 3029 1379; x_wconf 72' lang='grc' dir='ltr'><strong>ἀγωγῇ</strong></span> <span class='ocrx_word' id='word_1_202' title='bbox 3062 1310 3365 1378; x_wconf 73' lang='grc' dir='ltr'><strong>ἐνέχονται,</strong></span> <span class='ocrx_word' id='word_1_203' title='bbox 3399 1307 3538 1361; x_wconf 86' lang='grc' dir='ltr'><strong>κατά</strong></span> <span class='ocrx_word' id='word_1_204' title='bbox 3583 1308 3673 1361; x_wconf 81' lang='grc' dir='ltr'><strong>τὸν</strong></span> <span class='ocrx_word' id='word_1_205' title='bbox 3712 1308 3875 1376; x_wconf 84' lang='grc' dir='ltr'><strong>νόμον</strong></span> <span class='ocrx_word' id='word_1_206' title='bbox 3902 1313 3994 1358; x_wconf 78' lang='grc' dir='ltr'><strong>τὸν</strong></span> 
     </span>
    </p>
   </div>
   <div class='ocr_carea' id='block_1_29' title="bbox 2436 1398 3994 1469">
    <p class='ocr_par' dir='ltr' id='par_1_29' title="bbox 2436 1398 3994 1469">
     <span class='ocr_line' id='line_1_29' title="bbox 2436 1398 3994 1469; baseline -0.002 -17"><span class='ocrx_word' id='word_1_207' title='bbox 2436 1401 2687 1467; x_wconf 74' lang='grc' dir='ltr'><strong>λέ·,οντα’</strong></span> <span class='ocrx_word' id='word_1_208' title='bbox 2752 1398 3000 1469; x_wconf 71' lang='grc' dir='ltr'><strong>κλέπτης</strong></span> <span class='ocrx_word' id='word_1_209' title='bbox 3059 1400 3204 1452; x_wconf 64' lang='grc' dir='ltr'><strong>ἐστὶν</strong></span> <span class='ocrx_word' id='word_1_210' title='bbox 3256 1402 3285 1452; x_wconf 82' lang='grc' dir='ltr'><strong>δ</strong></span> <span class='ocrx_word' id='word_1_211' title='bbox 3326 1398 3387 1451; x_wconf 74' lang='grc' dir='ltr'><strong>τὸ</strong></span> <span class='ocrx_word' id='word_1_212' title='bbox 3430 1398 3705 1468; x_wconf 82' lang='grc' dir='ltr'><strong>ἀλλότριον</strong></span> <span class='ocrx_word' id='word_1_213' title='bbox 3761 1400 3994 1469; x_wconf 77' lang='grc' dir='ltr'><strong>πρᾶγμα</strong></span> 
     </span>
    </p>
   </div>
   <div class='ocr_carea' id='block_1_30' title="bbox 2435 1484 3994 1560">
    <p class='ocr_par' dir='ltr' id='par_1_30' title="bbox 2435 1484 3994 1560">
     <span class='ocr_line' id='line_1_30' title="bbox 2435 1484 3994 1560; baseline -0.001 -20"><span class='ocrx_word' id='word_1_214' title='bbox 2435 1489 2696 1559; x_wconf 62' lang='grc' dir='ltr'><strong>ψηλαφῶν</strong></span> <span class='ocrx_word' id='word_1_215' title='bbox 2727 1487 2877 1560; x_wconf 83' lang='grc' dir='ltr'><strong>παρά</strong></span> <span class='ocrx_word' id='word_1_216' title='bbox 2907 1486 3127 1558; x_wconf 80' lang='grc' dir='ltr'><strong>γνώμην</strong></span> <span class='ocrx_word' id='word_1_217' title='bbox 3160 1487 3254 1540; x_wconf 89' lang='grc' dir='ltr'><strong>τοῦ</strong></span> <span class='ocrx_word' id='word_1_218' title='bbox 3284 1487 3539 1541; x_wconf 79' lang='grc' dir='ltr'><strong>δεσπότου</strong></span> <span class='ocrx_word' id='word_1_219' title='bbox 3580 1489 3638 1539; x_wconf 79' lang='grc' dir='ltr'><strong>ὲν</strong></span> <span class='ocrx_word' id='word_1_220' title='bbox 3674 1488 3872 1556; x_wconf 80' lang='grc' dir='ltr'><strong>εἰδήσει</strong></span> <span class='ocrx_word' id='word_1_221' title='bbox 3899 1484 3994 1540; x_wconf 89' lang='grc' dir='ltr'><strong>τοῦ</strong></span> 
     </span>
    </p>
   </div>
   <div class='ocr_carea' id='block_1_31' title="bbox 2436 1576 3995 1648">
    <p class='ocr_par' dir='ltr' id='par_1_31' title="bbox 2436 1576 3995 1648">
     <span class='ocr_line' id='line_1_31' title="bbox 2436 1576 3995 1648; baseline -0.003 -17"><span class='ocrx_word' id='word_1_222' title='bbox 2436 1579 2673 1648; x_wconf 73' lang='grc' dir='ltr'><strong>λυπῆσαι</strong></span> <span class='ocrx_word' id='word_1_223' title='bbox 2714 1579 2894 1631; x_wconf 79' lang='grc' dir='ltr'><strong>αὐτόν.</strong></span> <span class='ocrx_word' id='word_1_224' title='bbox 2932 1579 3004 1631; x_wconf 84' lang='grc' dir='ltr'><strong>Τὸ</strong></span> <span class='ocrx_word' id='word_1_225' title='bbox 3033 1579 3090 1631; x_wconf 82' lang='grc' dir='ltr'><strong>δὲ</strong></span> <span class='ocrx_word' id='word_1_226' title='bbox 3132 1577 3478 1630; x_wconf 83' lang='grc' dir='ltr'><strong>συνίστασθαι</strong></span> <span class='ocrx_word' id='word_1_227' title='bbox 3509 1578 3619 1638; x_wconf 74' lang='grc' dir='ltr'><strong>τοῖς</strong></span> <span class='ocrx_word' id='word_1_228' title='bbox 3641 1578 3869 1639; x_wconf 75' lang='grc' dir='ltr'><strong>πιστοῖς,</strong></span> <span class='ocrx_word' id='word_1_229' title='bbox 3904 1576 3995 1628; x_wconf 79' lang='grc' dir='ltr'><strong>καὶ</strong></span> 
     </span>
    </p>
   </div>
   <div class='ocr_carea' id='block_1_32' title="bbox 2439 1668 3996 1740">
    <p class='ocr_par' dir='ltr' id='par_1_32' title="bbox 2439 1668 3996 1740">
     <span class='ocr_line' id='line_1_32' title="bbox 2439 1668 3996 1740; baseline -0.003 -17"><span class='ocrx_word' id='word_1_230' title='bbox 2439 1669 2597 1734; x_wconf 87' lang='grc' dir='ltr'><strong>μόνον</strong></span> <span class='ocrx_word' id='word_1_231' title='bbox 2633 1670 2707 1740; x_wconf 81' lang='grc' dir='ltr'><strong>μὴ</strong></span> <span class='ocrx_word' id='word_1_232' title='bbox 2751 1668 3028 1733; x_wconf 78' lang='grc' dir='ltr'><strong>ἀξιοῦσθαι</strong></span> <span class='ocrx_word' id='word_1_233' title='bbox 3065 1670 3121 1721; x_wconf 76' lang='grc' dir='ltr'><strong>δὲ</strong></span> <span class='ocrx_word' id='word_1_234' title='bbox 3162 1668 3271 1721; x_wconf 84' lang='grc' dir='ltr'><strong>τῶν</strong></span> <span class='ocrx_word' id='word_1_235' title='bbox 3321 1668 3673 1737; x_wconf 84' lang='grc' dir='ltr'><strong>ἀγιασμάτων</strong></span> <span class='ocrx_word' id='word_1_236' title='bbox 3707 1668 3797 1719; x_wconf 75' lang='grc' dir='ltr'><strong>τὸν</strong></span> <span class='ocrx_word' id='word_1_237' title='bbox 3828 1682 3996 1737; x_wconf 84' lang='grc' dir='ltr'><strong>προσ-</strong></span> 
     </span>
    </p>
   </div>
   <div class='ocr_carea' id='block_1_33' title="bbox 2436 1757 3993 1827">
    <p class='ocr_par' dir='ltr' id='par_1_33' title="bbox 2436 1757 3993 1827">
     <span class='ocr_line' id='line_1_33' title="bbox 2436 1757 3993 1827; baseline -0.003 -14"><span class='ocrx_word' id='word_1_238' title='bbox 2436 1760 2761 1827; x_wconf 84' lang='grc' dir='ltr'><strong>αγγείλαντα</strong></span> <span class='ocrx_word' id='word_1_239' title='bbox 2786 1759 2977 1811; x_wconf 77' lang='grc' dir='ltr'><strong>ἑαυτὸν</strong></span> <span class='ocrx_word' id='word_1_240' title='bbox 2996 1759 3088 1810; x_wconf 74' lang='grc' dir='ltr'><strong>καὶ</strong></span> <span class='ocrx_word' id='word_1_241' title='bbox 3115 1758 3465 1827; x_wconf 71' lang='grc' dir='ltr'><strong>εὐγνωμόνως</strong></span> <span class='ocrx_word' id='word_1_242' title='bbox 3491 1758 3648 1811; x_wconf 86' lang='grc' dir='ltr'><strong>δόντα</strong></span> <span class='ocrx_word' id='word_1_243' title='bbox 3675 1758 3735 1809; x_wconf 87' lang='grc' dir='ltr'><strong>τὸ</strong></span> <span class='ocrx_word' id='word_1_244' title='bbox 3766 1757 3993 1826; x_wconf 80' lang='grc' dir='ltr'><strong>εὕρεμα.</strong></span> 
     </span>
    </p>
   </div>
   <div class='ocr_carea' id='block_1_34' title="bbox 791 1846 2459 1918">
    <p class='ocr_par' dir='ltr' id='par_1_34' title="bbox 791 1846 2459 1914">
     <span class='ocr_line' id='line_1_34' title="bbox 791 1846 2459 1914; baseline 0.001 -12"><span class='ocrx_word' id='word_1_245' title='bbox 791 1849 946 1908; x_wconf 77' lang='lat' dir='ltr'><strong>verit.</strong></span> <span class='ocrx_word' id='word_1_246' title='bbox 979 1856 1031 1901; x_wconf 93' lang='lat' dir='ltr'><strong>et</strong></span> <span class='ocrx_word' id='word_1_247' title='bbox 1061 1852 1229 1914; x_wconf 88' lang='lat' dir='ltr'><strong>ipsam</strong></span> <span class='ocrx_word' id='word_1_248' title='bbox 1254 1847 1567 1900; x_wconf 85' lang='lat' dir='ltr'><strong>restituerit.</strong></span> <span class='ocrx_word' id='word_1_249' title='bbox 1608 1846 1673 1899; x_wconf 83' lang='lat' dir='ltr'><strong>Et</strong></span> <span class='ocrx_word' id='word_1_250' title='bbox 1716 1848 1833 1900; x_wconf 89' lang='lat' dir='ltr'><strong>ideo</strong></span> <span class='ocrx_word' id='word_1_251' title='bbox 1856 1848 2040 1900; x_wconf 91' lang='lat' dir='ltr'><strong>dicunt</strong></span> <span class='ocrx_word' id='word_1_252' title='bbox 2067 1847 2331 1913; x_wconf 77' lang='lat' dir='ltr'><strong>nonnulli,</strong></span> <span class='ocrx_word' id='word_1_253' title='bbox 2372 1846 2411 1900; x_wconf 90' lang='grc' dir='ltr'><strong><em>Β</em></strong></span> <span class='ocrx_word' id='word_1_254' title='bbox 2436 1867 2459 1904; x_wconf 77' lang='lat' dir='ltr'><strong>a</strong></span> 
     </span>
    </p>
   </div>
   <div class='ocr_carea' id='block_1_35' title="bbox 2322 1846 3990 1918">
    <p class='ocr_par' dir='ltr' id='par_1_35' title="bbox 2322 1846 3990 1918">
     <span class='ocr_line' id='line_1_35' title="bbox 2322 1846 3990 1918; baseline -0.001 -18"><span class='ocrx_word' id='word_1_255' title='bbox 2322 1887 2331 1912; x_wconf 78' lang='lat'><strong>,</strong></span> <span class='ocrx_word' id='word_1_256' title='bbox 2372 1846 2411 1900; x_wconf 90' lang='grc' dir='ltr'><strong><em>Β</em></strong></span> <span class='ocrx_word' id='word_1_257' title='bbox 2436 1851 2620 1904; x_wconf 84' lang='grc' dir='ltr'><strong>καινόν</strong></span> <span class='ocrx_word' id='word_1_258' title='bbox 2653 1853 2828 1903; x_wconf 66' lang='grc' dir='ltr'><strong>ἐστιν’</strong></span> <span class='ocrx_word' id='word_1_259' title='bbox 2860 1848 3006 1912; x_wconf 76' lang='grc' dir='ltr'><strong>ἄξιος</strong></span> <span class='ocrx_word' id='word_1_260' title='bbox 3038 1848 3147 1918; x_wconf 74' lang='grc' dir='ltr'><strong>γάρ</strong></span> <span class='ocrx_word' id='word_1_261' title='bbox 3194 1846 3388 1916; x_wconf 81' lang='grc' dir='ltr'><strong>μάλλον</strong></span> <span class='ocrx_word' id='word_1_262' title='bbox 3425 1848 3785 1917; x_wconf 74' lang='grc' dir='ltr'><strong>Εὕχαριστίας</strong></span> <span class='ocrx_word' id='word_1_263' title='bbox 3825 1846 3990 1908; x_wconf 65' lang='grc' dir='ltr'><strong>ἐστὶν,</strong></span> 
     </span>
    </p>
   </div>
   <div class='ocr_carea' id='block_1_36' title="bbox 791 1936 2459 2010">
    <p class='ocr_par' dir='ltr' id='par_1_36' title="bbox 791 1937 2459 2006">
     <span class='ocr_line' id='line_1_36' title="bbox 791 1937 2459 2006; baseline 0.003 -16"><span class='ocrx_word' id='word_1_264' title='bbox 791 1953 912 1990; x_wconf 89' lang='lat' dir='ltr'><strong>cum</strong></span> <span class='ocrx_word' id='word_1_265' title='bbox 937 1938 1183 1991; x_wconf 76' lang='lat' dir='ltr'><strong>ﬁdelibus</strong></span> <span class='ocrx_word' id='word_1_266' title='bbox 1206 1937 2105 2000; x_wconf 82' lang='lat' dir='ltr'><strong>consistentiam,sacramentorum</strong></span> <span class='ocrx_word' id='word_1_267' title='bbox 2123 1950 2333 2006; x_wconf 78' lang='lat' dir='ltr'><strong>quoque</strong></span> <span class='ocrx_word' id='word_1_268' title='bbox 2434 1941 2459 1994; x_wconf 71' lang='lat' dir='ltr'><strong>tl</strong></span> 
     </span>
    </p>
   </div>
   <div class='ocr_carea' id='block_1_37' title="bbox 2329 1936 3997 2010">
    <p class='ocr_par' dir='ltr' id='par_1_37' title="bbox 2329 1936 3997 2010">
     <span class='ocr_line' id='line_1_37' title="bbox 2329 1936 3997 2010; baseline -0.004 -15"><span class='ocrx_word' id='word_1_269' title='bbox 2329 1957 2333 1989; x_wconf 81' lang='grc' dir='ltr'>ι</span> <span class='ocrx_word' id='word_1_270' title='bbox 2434 1941 2511 2004; x_wconf 79' lang='grc' dir='ltr'><strong>ὥς</strong></span> <span class='ocrx_word' id='word_1_271' title='bbox 2554 1941 2615 1994; x_wconf 69' lang='lat' dir='ltr'><strong>sb</strong></span> <span class='ocrx_word' id='word_1_272' title='bbox 2646 1942 2874 2010; x_wconf 82' lang='grc' dir='ltr'><strong>πρᾶγμα</strong></span> <span class='ocrx_word' id='word_1_273' title='bbox 2926 1938 3019 1991; x_wconf 92' lang='grc' dir='ltr'><strong>τοῦ</strong></span> <span class='ocrx_word' id='word_1_274' title='bbox 3069 1937 3586 2008; x_wconf 86' lang='grc' dir='ltr'><strong>αἰχμαλωτισθέντος</strong></span> <span class='ocrx_word' id='word_1_275' title='bbox 3612 1936 3849 2005; x_wconf 80' lang='grc' dir='ltr'><strong>φυλάξας</strong></span> <span class='ocrx_word' id='word_1_276' title='bbox 3902 1937 3997 1989; x_wconf 82' lang='grc' dir='ltr'><strong>καὶ</strong></span> 
     </span>
    </p>
   </div>
   <div class='ocr_carea' id='block_1_38' title="bbox 792 2030 1748 2098">
    <p class='ocr_par' dir='ltr' id='par_1_38' title="bbox 792 2030 1748 2098">
     <span class='ocr_line' id='line_1_38' title="bbox 792 2030 1748 2098; baseline 0.004 -21"><span class='ocrx_word' id='word_1_277' title='bbox 792 2031 1247 2098; x_wconf 69' lang='lat' dir='ltr'><strong>participationem</strong></span> <span class='ocrx_word' id='word_1_278' title='bbox 1280 2030 1439 2083; x_wconf 88' lang='lat' dir='ltr'><strong>tacite</strong></span> <span class='ocrx_word' id='word_1_279' title='bbox 1474 2030 1748 2097; x_wconf 87' lang='lat' dir='ltr'><strong>consequi.</strong></span> 
     </span>
    </p>
   </div>
   <div class='ocr_carea' id='block_1_39' title="bbox 862 2296 2332 2367">
    <p class='ocr_par' dir='ltr' id='par_1_39' title="bbox 862 2296 2332 2367">
     <span class='ocr_line' id='line_1_39' title="bbox 862 2296 2332 2367; baseline -0.001 -16"><span class='ocrx_word' id='word_1_280' title='bbox 862 2299 1055 2353; x_wconf 66' lang='lat' dir='ltr'><strong>Zoxan.</strong></span> <span class='ocrx_word' id='word_1_281' title='bbox 1093 2296 1335 2359; x_wconf 78' lang='lat' dir='ltr'><strong>Barbati,</strong></span> <span class='ocrx_word' id='word_1_282' title='bbox 1363 2313 1483 2351; x_wconf 91' lang='lat' dir='ltr'><strong>cum</strong></span> <span class='ocrx_word' id='word_1_283' title='bbox 1539 2299 1984 2366; x_wconf 85' lang='lat' dir='ltr'><strong>depopularentur</strong></span> <span class='ocrx_word' id='word_1_284' title='bbox 2032 2299 2332 2367; x_wconf 73' lang='lat' dir='ltr'><strong>regionem,</strong></span> 
     </span>
    </p>
   </div>
   <div class='ocr_carea' id='block_1_40' title="bbox 794 2387 2334 2458">
    <p class='ocr_par' dir='ltr' id='par_1_40' title="bbox 794 2387 2334 2458">
     <span class='ocr_line' id='line_1_40' title="bbox 794 2387 2334 2458; baseline -0.003 -12"><span class='ocrx_word' id='word_1_285' title='bbox 794 2407 878 2446; x_wconf 77' lang='lat' dir='ltr'><strong>res</strong></span> <span class='ocrx_word' id='word_1_286' title='bbox 911 2391 1170 2458; x_wconf 85' lang='lat' dir='ltr'><strong>quasdam</strong></span> <span class='ocrx_word' id='word_1_287' title='bbox 1230 2399 1558 2458; x_wconf 87' lang='lat' dir='ltr'><strong>rapuerunt;</strong></span> <span class='ocrx_word' id='word_1_288' title='bbox 1618 2404 1847 2457; x_wconf 88' lang='lat' dir='ltr'><strong>moxque</strong></span> <span class='ocrx_word' id='word_1_289' title='bbox 1900 2389 1981 2441; x_wconf 88' lang='lat' dir='ltr'><strong>vel</strong></span> <span class='ocrx_word' id='word_1_290' title='bbox 2007 2388 2146 2441; x_wconf 90' lang='lat' dir='ltr'><strong>obvii</strong></span> <span class='ocrx_word' id='word_1_291' title='bbox 2208 2387 2334 2443; x_wconf 75' lang='lat' dir='ltr'><strong>facti</strong></span> 
     </span>
    </p>
   </div>
   <div class='ocr_carea' id='block_1_41' title="bbox 794 2481 2339 2549">
    <p class='ocr_par' dir='ltr' id='par_1_41' title="bbox 794 2481 2339 2549">
     <span class='ocr_line' id='line_1_41' title="bbox 794 2481 2339 2549; baseline -0.001 -15"><span class='ocrx_word' id='word_1_292' title='bbox 794 2483 1129 2543; x_wconf 86' lang='lat' dir='ltr'><strong>melioribus,</strong></span> <span class='ocrx_word' id='word_1_293' title='bbox 1159 2481 1237 2534; x_wconf 86' lang='lat' dir='ltr'><strong>vel</strong></span> <span class='ocrx_word' id='word_1_294' title='bbox 1264 2483 1466 2549; x_wconf 78' lang='lat' dir='ltr'><strong>gravati</strong></span> <span class='ocrx_word' id='word_1_295' title='bbox 1494 2482 1882 2549; x_wconf 87' lang='lat' dir='ltr'><strong>poudere,cum</strong></span> <span class='ocrx_word' id='word_1_296' title='bbox 1908 2496 2027 2548; x_wconf 71' lang='lat' dir='ltr'><strong>quae</strong></span> <span class='ocrx_word' id='word_1_297' title='bbox 2050 2486 2339 2547; x_wconf 82' lang='lat' dir='ltr'><strong>rapuerant</strong></span> 
     </span>
    </p>
   </div>
   <div class='ocr_carea' id='block_1_42' title="bbox 796 2570 2333 2639">
    <p class='ocr_par' dir='ltr' id='par_1_42' title="bbox 796 2570 2333 2639">
     <span class='ocr_line' id='line_1_42' title="bbox 796 2570 2333 2639; baseline -0.001 -16"><span class='ocrx_word' id='word_1_298' title='bbox 796 2574 935 2626; x_wconf 81' lang='lat' dir='ltr'><strong>ferre</strong></span> <span class='ocrx_word' id='word_1_299' title='bbox 961 2573 1180 2623; x_wconf 82' lang='lat' dir='ltr'><strong>minime</strong></span> <span class='ocrx_word' id='word_1_300' title='bbox 1220 2581 1460 2639; x_wconf 87' lang='lat' dir='ltr'><strong>possent,</strong></span> <span class='ocrx_word' id='word_1_301' title='bbox 1492 2572 1687 2638; x_wconf 85' lang='lat' dir='ltr'><strong>partim</strong></span> <span class='ocrx_word' id='word_1_302' title='bbox 1715 2586 1809 2638; x_wconf 90' lang='lat' dir='ltr'><strong>per</strong></span> <span class='ocrx_word' id='word_1_303' title='bbox 1836 2586 2051 2637; x_wconf 87' lang='lat' dir='ltr'><strong>campos</strong></span> <span class='ocrx_word' id='word_1_304' title='bbox 2074 2570 2333 2638; x_wconf 85' lang='lat' dir='ltr'><strong>abjecere,</strong></span> 
     </span>
    </p>
   </div>
   <div class='ocr_carea' id='block_1_43' title="bbox 795 2658 2336 2725">
    <p class='ocr_par' dir='ltr' id='par_1_43' title="bbox 795 2658 2336 2725">
     <span class='ocr_line' id='line_1_43' title="bbox 795 2658 2336 2725; baseline 0.003 -18"><span class='ocrx_word' id='word_1_305' title='bbox 795 2658 985 2723; x_wconf 82' lang='lat' dir='ltr'><strong>partim</strong></span> <span class='ocrx_word' id='word_1_306' title='bbox 1043 2658 1094 2709; x_wconf 92' lang='lat' dir='ltr'><strong>in</strong></span> <span class='ocrx_word' id='word_1_307' title='bbox 1130 2658 1433 2724; x_wconf 83' lang='lat' dir='ltr'><strong>aliquorum</strong></span> <span class='ocrx_word' id='word_1_308' title='bbox 1492 2659 1713 2719; x_wconf 56' lang='lat' dir='ltr'><strong>aedibus,</strong></span> <span class='ocrx_word' id='word_1_309' title='bbox 1768 2658 1819 2709; x_wconf 91' lang='lat' dir='ltr'><strong>in</strong></span> <span class='ocrx_word' id='word_1_310' title='bbox 1872 2659 2068 2725; x_wconf 90' lang='lat' dir='ltr'><strong>quibus</strong></span> <span class='ocrx_word' id='word_1_311' title='bbox 2117 2658 2336 2711; x_wconf 82' lang='lat' dir='ltr'><strong>meliora</strong></span> 
     </span>
    </p>
   </div>
   <div class='ocr_carea' id='block_1_44' title="bbox 796 2746 2335 2815">
    <p class='ocr_par' dir='ltr' id='par_1_44' title="bbox 796 2746 2335 2815">
     <span class='ocr_line' id='line_1_44' title="bbox 796 2746 2335 2815; baseline 0.001 -18"><span class='ocrx_word' id='word_1_312' title='bbox 796 2748 925 2799; x_wconf 78' lang='lat' dir='ltr'><strong>forte</strong></span> <span class='ocrx_word' id='word_1_313' title='bbox 954 2756 1280 2813; x_wconf 72' lang='lat' dir='ltr'><strong>repereraut,</strong></span> <span class='ocrx_word' id='word_1_314' title='bbox 1311 2747 1623 2812; x_wconf 63' lang='lat' dir='ltr'><strong>deposuere.</strong></span> <span class='ocrx_word' id='word_1_315' title='bbox 1681 2746 1997 2814; x_wconf 78' lang='lat' dir='ltr'><strong>Quicmique</strong></span> <span class='ocrx_word' id='word_1_316' title='bbox 2031 2747 2212 2815; x_wconf 74' lang='lat' dir='ltr'><strong>igitur,</strong></span> <span class='ocrx_word' id='word_1_317' title='bbox 2248 2747 2335 2799; x_wconf 87' lang='lat' dir='ltr'><strong>in-</strong></span> 
     </span>
    </p>
   </div>
   <div class='ocr_carea' id='block_1_45' title="bbox 793 2835 2334 2903">
    <p class='ocr_par' dir='ltr' id='par_1_45' title="bbox 793 2835 2334 2903">
     <span class='ocr_line' id='line_1_45' title="bbox 793 2835 2334 2903; baseline 0 -16"><span class='ocrx_word' id='word_1_318' title='bbox 793 2837 928 2903; x_wconf 85' lang='lat' dir='ltr'><strong>quit,</strong></span> <span class='ocrx_word' id='word_1_319' title='bbox 958 2847 1047 2887; x_wconf 88' lang='lat' dir='ltr'><strong>aut</strong></span> <span class='ocrx_word' id='word_1_320' title='bbox 1080 2837 1131 2885; x_wconf 91' lang='lat' dir='ltr'><strong>in</strong></span> <span class='ocrx_word' id='word_1_321' title='bbox 1156 2836 1360 2902; x_wconf 90' lang='lat' dir='ltr'><strong>campis</strong></span> <span class='ocrx_word' id='word_1_322' title='bbox 1392 2846 1483 2888; x_wconf 91' lang='lat' dir='ltr'><strong>aut</strong></span> <span class='ocrx_word' id='word_1_323' title='bbox 1528 2837 1577 2889; x_wconf 91' lang='lat' dir='ltr'><strong>in</strong></span> <span class='ocrx_word' id='word_1_324' title='bbox 1616 2837 1729 2890; x_wconf 90' lang='lat' dir='ltr'><strong>suis</strong></span> <span class='ocrx_word' id='word_1_325' title='bbox 1777 2838 2021 2889; x_wconf 87' lang='lat' dir='ltr'><strong>domibus</strong></span> <span class='ocrx_word' id='word_1_326' title='bbox 2043 2838 2221 2901; x_wconf 87' lang='lat' dir='ltr'><strong>aliqua</strong></span> <span class='ocrx_word' id='word_1_327' title='bbox 2250 2835 2334 2887; x_wconf 89' lang='lat' dir='ltr'><strong>in-</strong></span> 
     </span>
    </p>
   </div>
   <div class='ocr_carea' id='block_1_46' title="bbox 796 2923 2336 2991">
    <p class='ocr_par' dir='ltr' id='par_1_46' title="bbox 796 2923 2336 2991">
     <span class='ocr_line' id='line_1_46' title="bbox 796 2923 2336 2991; baseline -0.001 -15"><span class='ocrx_word' id='word_1_328' title='bbox 796 2934 1074 2985; x_wconf 81' lang='lat' dir='ltr'><strong>venerunt,</strong></span> <span class='ocrx_word' id='word_1_329' title='bbox 1094 2924 1165 2975; x_wconf 88' lang='lat' dir='ltr'><strong>illi</strong></span> <span class='ocrx_word' id='word_1_330' title='bbox 1192 2926 1234 2977; x_wconf 92' lang='lat' dir='ltr'><strong>si</strong></span> <span class='ocrx_word' id='word_1_331' title='bbox 1271 2926 1485 2991; x_wconf 85' lang='lat' dir='ltr'><strong>quidem</strong></span> <span class='ocrx_word' id='word_1_332' title='bbox 1518 2927 1752 2978; x_wconf 84' lang='lat' dir='ltr'><strong>accusati</strong></span> <span class='ocrx_word' id='word_1_333' title='bbox 1779 2934 1831 2977; x_wconf 94' lang='lat' dir='ltr'><strong>ct</strong></span> <span class='ocrx_word' id='word_1_334' title='bbox 1862 2926 2086 2978; x_wconf 86' lang='lat' dir='ltr'><strong>convicti</strong></span> <span class='ocrx_word' id='word_1_335' title='bbox 2118 2923 2336 2985; x_wconf 77' lang='lat' dir='ltr'><strong>fuerint,</strong></span> 
     </span>
    </p>
   </div>
   <div class='ocr_carea' id='block_1_47' title="bbox 796 3011 2339 3081">
    <p class='ocr_par' dir='ltr' id='par_1_47' title="bbox 796 3011 2339 3081">
     <span class='ocr_line' id='line_1_47' title="bbox 796 3011 2339 3081; baseline 0 -16"><span class='ocrx_word' id='word_1_336' title='bbox 796 3015 932 3065; x_wconf 86' lang='lat' dir='ltr'><strong>inter</strong></span> <span class='ocrx_word' id='word_1_337' title='bbox 952 3028 1046 3066; x_wconf 89' lang='lat' dir='ltr'><strong>eos</strong></span> <span class='ocrx_word' id='word_1_338' title='bbox 1068 3014 1158 3081; x_wconf 92' lang='lat' dir='ltr'><strong>qui</strong></span> <span class='ocrx_word' id='word_1_339' title='bbox 1179 3013 1598 3066; x_wconf 87' lang='lat' dir='ltr'><strong>substernuutur</strong></span> <span class='ocrx_word' id='word_1_340' title='bbox 1621 3014 1795 3067; x_wconf 90' lang='lat' dir='ltr'><strong>locum</strong></span> <span class='ocrx_word' id='word_1_341' title='bbox 1818 3014 2098 3080; x_wconf 87' lang='lat' dir='ltr'><strong>accipiant.</strong></span> <span class='ocrx_word' id='word_1_342' title='bbox 2129 3011 2185 3065; x_wconf 91' lang='lat' dir='ltr'><strong>Si</strong></span> <span class='ocrx_word' id='word_1_343' title='bbox 2211 3026 2339 3065; x_wconf 82' lang='lat' dir='ltr'><strong>vero</strong></span> 
     </span>
    </p>
   </div>
   <div class='ocr_carea' id='block_1_48' title="bbox 2437 2025 3997 2097">
    <p class='ocr_par' dir='ltr' id='par_1_48' title="bbox 2437 2025 3997 2097">
     <span class='ocr_line' id='line_1_48' title="bbox 2437 2025 3997 2097; baseline -0.004 -14"><span class='ocrx_word' id='word_1_344' title='bbox 2437 2030 2890 2097; x_wconf 77' lang='grc' dir='ltr'><strong>ἀποκαταστήσας</strong></span> <span class='ocrx_word' id='word_1_345' title='bbox 2918 2027 3069 2081; x_wconf 86' lang='grc' dir='ltr'><strong>αὐτό.</strong></span> <span class='ocrx_word' id='word_1_346' title='bbox 3105 2026 3194 2079; x_wconf 80' lang='grc' dir='ltr'><strong>Διὸ</strong></span> <span class='ocrx_word' id='word_1_347' title='bbox 3222 2027 3315 2079; x_wconf 81' lang='grc' dir='ltr'><strong>καί</strong></span> <span class='ocrx_word' id='word_1_348' title='bbox 3348 2026 3562 2093; x_wconf 83' lang='grc' dir='ltr'><strong>λέγουσί</strong></span> <span class='ocrx_word' id='word_1_349' title='bbox 3586 2043 3732 2088; x_wconf 89' lang='grc' dir='ltr'><strong>τινες</strong></span> <span class='ocrx_word' id='word_1_350' title='bbox 3765 2025 3997 2078; x_wconf 84' lang='grc' dir='ltr'><strong>συνέπε-</strong></span> 
     </span>
    </p>
   </div>
   <div class='ocr_carea' id='block_1_49' title="bbox 2441 2114 3999 2189">
    <p class='ocr_par' dir='ltr' id='par_1_49' title="bbox 2441 2114 3999 2189">
     <span class='ocr_line' id='line_1_49' title="bbox 2441 2114 3999 2189; baseline -0.003 -17"><span class='ocrx_word' id='word_1_351' title='bbox 2441 2119 2559 2173; x_wconf 74' lang='grc' dir='ltr'><strong>σθαι</strong></span> <span class='ocrx_word' id='word_1_352' title='bbox 2596 2122 2661 2189; x_wconf 78' lang='grc' dir='ltr'><strong>τῇ</strong></span> <span class='ocrx_word' id='word_1_353' title='bbox 2698 2119 2833 2189; x_wconf 89' lang='grc' dir='ltr'><strong>μετά</strong></span> <span class='ocrx_word' id='word_1_354' title='bbox 2881 2117 2989 2170; x_wconf 87' lang='grc' dir='ltr'><strong>τῶν</strong></span> <span class='ocrx_word' id='word_1_355' title='bbox 3032 2117 3235 2169; x_wconf 83' lang='grc' dir='ltr'><strong>πιστῶν</strong></span> <span class='ocrx_word' id='word_1_356' title='bbox 3280 2118 3564 2181; x_wconf 75' lang='grc' dir='ltr'><strong>συστάσει,</strong></span> <span class='ocrx_word' id='word_1_357' title='bbox 3612 2116 3705 2170; x_wconf 73' lang='grc' dir='ltr'><strong>καί⁵</strong></span> <span class='ocrx_word' id='word_1_358' title='bbox 3748 2114 3846 2186; x_wconf 80' lang='grc' dir='ltr'><strong>τὴν</strong></span> <span class='ocrx_word' id='word_1_359' title='bbox 3889 2116 3999 2168; x_wconf 84' lang='grc' dir='ltr'><strong>τῶν</strong></span> 
     </span>
    </p>
   </div>
   <div class='ocr_carea' id='block_1_50' title="bbox 2440 2207 3375 2279">
    <p class='ocr_par' dir='ltr' id='par_1_50' title="bbox 2440 2207 3375 2279">
     <span class='ocr_line' id='line_1_50' title="bbox 2440 2207 3375 2279; baseline -0.004 -16"><span class='ocrx_word' id='word_1_360' title='bbox 2440 2208 2788 2278; x_wconf 86' lang='grc' dir='ltr'><strong>ἀγιασμάτων</strong></span> <span class='ocrx_word' id='word_1_361' title='bbox 2823 2207 3034 2277; x_wconf 83' lang='grc' dir='ltr'><strong>μέθεξιν</strong></span> <span class='ocrx_word' id='word_1_362' title='bbox 3068 2207 3375 2279; x_wconf 86' lang='grc' dir='ltr'><strong>σιωπηρῶς.</strong></span> 
     </span>
    </p>
   </div>
   <div class='ocr_carea' id='block_1_51' title="bbox 2508 2296 3996 2369">
    <p class='ocr_par' dir='ltr' id='par_1_51' title="bbox 2508 2296 3996 2369">
     <span class='ocr_line' id='line_1_51' title="bbox 2508 2296 3996 2369; baseline -0.001 -17"><span class='ocrx_word' id='word_1_363' title='bbox 2508 2300 2747 2352; x_wconf 83' lang='grc' dir='ltr'><strong>ΖΩΝΑΡ.</strong></span> <span class='ocrx_word' id='word_1_364' title='bbox 2795 2300 2859 2351; x_wconf 85' lang='lat' dir='ltr'><strong>Ol</strong></span> <span class='ocrx_word' id='word_1_365' title='bbox 2894 2299 3182 2368; x_wconf 81' lang='grc' dir='ltr'><strong>βάρδαροι,</strong></span> <span class='ocrx_word' id='word_1_366' title='bbox 3228 2296 3608 2367; x_wconf 72' lang='grc' dir='ltr'><strong>λεηλατοῦντες</strong></span> <span class='ocrx_word' id='word_1_367' title='bbox 3648 2296 3745 2367; x_wconf 78' lang='grc' dir='ltr'><strong>τὴν</strong></span> <span class='ocrx_word' id='word_1_368' title='bbox 3789 2296 3996 2369; x_wconf 83' lang='grc' dir='ltr'><strong>χώραν,</strong></span> 
     </span>
    </p>
   </div>
   <div class='ocr_carea' id='block_1_52' title="bbox 2437 2388 3999 2460">
    <p class='ocr_par' dir='ltr' id='par_1_52' title="bbox 2437 2388 3999 2460">
     <span class='ocr_line' id='line_1_52' title="bbox 2437 2388 3999 2460; baseline 0.003 -22"><span class='ocrx_word' id='word_1_369' title='bbox 2437 2390 2679 2460; x_wconf 67' lang='grc' dir='ltr'><strong>ἥρπαζον</strong></span> <span class='ocrx_word' id='word_1_370' title='bbox 2734 2390 3058 2459; x_wconf 87' lang='grc' dir='ltr'><strong>πράγματα·</strong></span> <span class='ocrx_word' id='word_1_371' title='bbox 3110 2390 3203 2441; x_wconf 78' lang='grc' dir='ltr'><strong>καί</strong></span> <span class='ocrx_word' id='word_1_372' title='bbox 3258 2388 3290 2458; x_wconf 82' lang='grc' dir='ltr'>ἢ</span> <span class='ocrx_word' id='word_1_373' title='bbox 3340 2388 3610 2457; x_wconf 82' lang='grc' dir='ltr'><strong>κρείττοσι</strong></span> <span class='ocrx_word' id='word_1_374' title='bbox 3657 2389 3791 2458; x_wconf 76' lang='grc' dir='ltr'><strong>μετά</strong></span> <span class='ocrx_word' id='word_1_375' title='bbox 3830 2390 3999 2442; x_wconf 85' lang='grc' dir='ltr'><strong>ταῦτα</strong></span> 
     </span>
    </p>
   </div>
   <div class='ocr_carea' id='block_1_53' title="bbox 2440 2480 3998 2551">
    <p class='ocr_par' dir='ltr' id='par_1_53' title="bbox 2440 2480 3998 2551">
     <span class='ocr_line' id='line_1_53' title="bbox 2440 2480 3998 2551; baseline 0.001 -19"><span class='ocrx_word' id='word_1_376' title='bbox 2440 2482 2871 2549; x_wconf 64' lang='grc' dir='ltr'><strong>ἐντυγχάνοντες,</strong></span> <span class='ocrx_word' id='word_1_377' title='bbox 2893 2482 2933 2550; x_wconf 80' lang='grc' dir='ltr'>ἢ</span> <span class='ocrx_word' id='word_1_378' title='bbox 2962 2480 3047 2533; x_wconf 70' lang='grc' dir='ltr'><strong>διὰ</strong></span> <span class='ocrx_word' id='word_1_379' title='bbox 3080 2480 3241 2551; x_wconf 83' lang='grc' dir='ltr'><strong>βάρος</strong></span> <span class='ocrx_word' id='word_1_380' title='bbox 3274 2480 3347 2549; x_wconf 78' lang='grc' dir='ltr'><strong>μὴ</strong></span> <span class='ocrx_word' id='word_1_381' title='bbox 3374 2480 3653 2549; x_wconf 86' lang='grc' dir='ltr'><strong>δυνάμενοι</strong></span> <span class='ocrx_word' id='word_1_382' title='bbox 3684 2481 3870 2551; x_wconf 86' lang='grc' dir='ltr'><strong>φέρειν</strong></span> <span class='ocrx_word' id='word_1_383' title='bbox 3900 2482 3998 2533; x_wconf 83' lang='grc' dir='ltr'><strong>ὃσα</strong></span> 
     </span>
    </p>
   </div>
   <div class='ocr_carea' id='block_1_54' title="bbox 2439 2570 4000 2641">
    <p class='ocr_par' dir='ltr' id='par_1_54' title="bbox 2439 2570 4000 2641">
     <span class='ocr_line' id='line_1_54' title="bbox 2439 2570 4000 2641; baseline 0.002 -19"><span class='ocrx_word' id='word_1_384' title='bbox 2439 2572 2708 2640; x_wconf 67' lang='grc' dir='ltr'><strong>ἥρπασαν,</strong></span> <span class='ocrx_word' id='word_1_385' title='bbox 2744 2571 2811 2623; x_wconf 77' lang='grc' dir='ltr'><strong>τὰ</strong></span> <span class='ocrx_word' id='word_1_386' title='bbox 2845 2572 2939 2639; x_wconf 79' lang='grc' dir='ltr'><strong>μὲν</strong></span> <span class='ocrx_word' id='word_1_387' title='bbox 2984 2573 3041 2622; x_wconf 81' lang='grc' dir='ltr'><strong>ὲν</strong></span> <span class='ocrx_word' id='word_1_388' title='bbox 3068 2571 3145 2640; x_wconf 81' lang='grc' dir='ltr'><strong>τῷ</strong></span> <span class='ocrx_word' id='word_1_389' title='bbox 3176 2570 3339 2640; x_wconf 80' lang='grc' dir='ltr'><strong>πεδίῳ</strong></span> <span class='ocrx_word' id='word_1_390' title='bbox 3386 2570 3669 2641; x_wconf 69' lang='grc' dir='ltr'><strong>ἔρριπτον,</strong></span> <span class='ocrx_word' id='word_1_391' title='bbox 3706 2572 3773 2624; x_wconf 79' lang='grc' dir='ltr'><strong>τά</strong></span> <span class='ocrx_word' id='word_1_392' title='bbox 3804 2573 3859 2625; x_wconf 73' lang='grc' dir='ltr'><strong>δὲ</strong></span> <span class='ocrx_word' id='word_1_393' title='bbox 3907 2575 4000 2625; x_wconf 79' lang='grc' dir='ltr'><strong>καὶ</strong></span> 
     </span>
    </p>
   </div>
   <div class='ocr_carea' id='block_1_55' title="bbox 2439 2655 3996 2732">
    <p class='ocr_par' dir='ltr' id='par_1_55' title="bbox 2439 2655 3996 2732">
     <span class='ocr_line' id='line_1_55' title="bbox 2439 2655 3996 2732; baseline 0.003 -22"><span class='ocrx_word' id='word_1_394' title='bbox 2439 2661 2496 2711; x_wconf 70' lang='grc' dir='ltr'><strong>ὲν</strong></span> <span class='ocrx_word' id='word_1_395' title='bbox 2538 2660 2731 2722; x_wconf 91' lang='grc' dir='ltr'><strong>οἰκίαις</strong></span> <span class='ocrx_word' id='word_1_396' title='bbox 2777 2660 2973 2724; x_wconf 88' lang='grc' dir='ltr'><strong>τινῶν,</strong></span> <span class='ocrx_word' id='word_1_397' title='bbox 3021 2662 3077 2713; x_wconf 79' lang='grc' dir='ltr'><strong>ὲν</strong></span> <span class='ocrx_word' id='word_1_398' title='bbox 3125 2655 3211 2723; x_wconf 70' lang='grc' dir='ltr'><strong>αἷς</strong></span> <span class='ocrx_word' id='word_1_399' title='bbox 3264 2660 3391 2724; x_wconf 85' lang='grc' dir='ltr'><strong>ίσως</strong></span> <span class='ocrx_word' id='word_1_400' title='bbox 3435 2662 3684 2715; x_wconf 85' lang='grc' dir='ltr'><strong>καλλίονα</strong></span> <span class='ocrx_word' id='word_1_401' title='bbox 3725 2660 3996 2732; x_wconf 75' lang='grc' dir='ltr'><strong>εὕρισκον.</strong></span> 
     </span>
    </p>
   </div>
   <div class='ocr_carea' id='block_1_56' title="bbox 2442 2746 4001 2822">
    <p class='ocr_par' dir='ltr' id='par_1_56' title="bbox 2442 2746 4001 2822">
     <span class='ocr_line' id='line_1_56' title="bbox 2442 2746 4001 2822; baseline 0.002 -20"><span class='ocrx_word' id='word_1_402' title='bbox 2442 2752 2593 2803; x_wconf 83' lang='grc' dir='ltr'><strong>Ὅσοι</strong></span> <span class='ocrx_word' id='word_1_403' title='bbox 2640 2750 2802 2818; x_wconf 91' lang='grc' dir='ltr'><strong>γοῦν,</strong></span> <span class='ocrx_word' id='word_1_404' title='bbox 2856 2752 3050 2819; x_wconf 70' lang='grc' dir='ltr'><strong>φησὶν,</strong></span> <span class='ocrx_word' id='word_1_405' title='bbox 3096 2746 3248 2821; x_wconf 72' lang='grc' dir='ltr'><strong>εὗρόν</strong></span> <span class='ocrx_word' id='word_1_406' title='bbox 3292 2768 3413 2805; x_wconf 88' lang='grc' dir='ltr'><strong>τινα</strong></span> <span class='ocrx_word' id='word_1_407' title='bbox 3458 2756 3513 2806; x_wconf 74' lang='grc' dir='ltr'><strong>εν</strong></span> <span class='ocrx_word' id='word_1_408' title='bbox 3552 2753 3629 2822; x_wconf 85' lang='grc' dir='ltr'><strong>τῷ</strong></span> <span class='ocrx_word' id='word_1_409' title='bbox 3678 2753 3841 2821; x_wconf 80' lang='grc' dir='ltr'><strong>πεδίῳ</strong></span> <span class='ocrx_word' id='word_1_410' title='bbox 3876 2752 3909 2822; x_wconf 74' lang='grc' dir='ltr'>ἦ</span> <span class='ocrx_word' id='word_1_411' title='bbox 3944 2754 4001 2805; x_wconf 72' lang='grc' dir='ltr'><strong>ὲν</strong></span> 
     </span>
    </p>
   </div>
   <div class='ocr_carea' id='block_1_57' title="bbox 2440 2836 4002 2912">
    <p class='ocr_par' dir='ltr' id='par_1_57' title="bbox 2440 2836 4002 2912">
     <span class='ocr_line' id='line_1_57' title="bbox 2440 2836 4002 2912; baseline 0.003 -21"><span class='ocrx_word' id='word_1_412' title='bbox 2440 2843 2558 2902; x_wconf 80' lang='grc' dir='ltr'><strong>ταῖς</strong></span> <span class='ocrx_word' id='word_1_413' title='bbox 2590 2840 2796 2892; x_wconf 75' lang='grc' dir='ltr'><strong>ἑαυτῶν</strong></span> <span class='ocrx_word' id='word_1_414' title='bbox 2848 2841 3082 2904; x_wconf 90' lang='grc' dir='ltr'><strong>οἰκίαις,</strong></span> <span class='ocrx_word' id='word_1_415' title='bbox 3134 2836 3311 2904; x_wconf 75' lang='grc' dir='ltr'><strong>οὗτοι,</strong></span> <span class='ocrx_word' id='word_1_416' title='bbox 3341 2843 3389 2893; x_wconf 92' lang='grc' dir='ltr'><strong>εἰ</strong></span> <span class='ocrx_word' id='word_1_417' title='bbox 3445 2843 3541 2910; x_wconf 71' lang='grc' dir='ltr'><strong>μιν</strong></span> <span class='ocrx_word' id='word_1_418' title='bbox 3586 2842 4002 2912; x_wconf 85' lang='grc' dir='ltr'><strong>κατηγορηθῶσι</strong></span> 
     </span>
    </p>
   </div>
   <div class='ocr_carea' id='block_1_58' title="bbox 2442 2929 3995 2997">
    <p class='ocr_par' dir='ltr' id='par_1_58' title="bbox 2442 2929 3995 2997">
     <span class='ocr_line' id='line_1_58' title="bbox 2442 2929 3995 2997; baseline 0.003 -18"><span class='ocrx_word' id='word_1_419' title='bbox 2442 2929 2534 2981; x_wconf 77' lang='grc' dir='ltr'><strong>καὶ</strong></span> <span class='ocrx_word' id='word_1_420' title='bbox 2565 2929 2878 2997; x_wconf 81' lang='grc' dir='ltr'><strong>ἐλεγχθῶσι,</strong></span> <span class='ocrx_word' id='word_1_421' title='bbox 2919 2930 3295 2982; x_wconf 85' lang='grc' dir='ltr'><strong>ταττέσθωσαν</strong></span> <span class='ocrx_word' id='word_1_422' title='bbox 3337 2934 3393 2984; x_wconf 73' lang='grc' dir='ltr'><strong>εν</strong></span> <span class='ocrx_word' id='word_1_423' title='bbox 3421 2934 3533 2992; x_wconf 85' lang='grc' dir='ltr'><strong>τοῖς</strong></span> <span class='ocrx_word' id='word_1_424' title='bbox 3575 2932 3995 2983; x_wconf 78' lang='grc' dir='ltr'><strong>ὑποπίπτουσιν·</strong></span> 
     </span>
    </p>
   </div>
   <div class='ocr_carea' id='block_1_59' title="bbox 2442 3017 4003 3088">
    <p class='ocr_par' dir='ltr' id='par_1_59' title="bbox 2442 3017 4003 3088">
     <span class='ocr_line' id='line_1_59' title="bbox 2442 3017 4003 3088; baseline 0.002 -19"><span class='ocrx_word' id='word_1_425' title='bbox 2442 3017 2536 3070; x_wconf 73' lang='grc' dir='ltr'><strong>ὲάν</strong></span> <span class='ocrx_word' id='word_1_426' title='bbox 2587 3018 2643 3069; x_wconf 84' lang='grc' dir='ltr'><strong>δὲ</strong></span> <span class='ocrx_word' id='word_1_427' title='bbox 2700 3018 2923 3080; x_wconf 75' lang='grc' dir='ltr'><strong>ἑαυτοὺς</strong></span> <span class='ocrx_word' id='word_1_428' title='bbox 2972 3019 3439 3088; x_wconf 85' lang='grc' dir='ltr'><strong>προσαγγείλωσι,</strong></span> <span class='ocrx_word' id='word_1_429' title='bbox 3498 3021 3590 3072; x_wconf 80' lang='grc' dir='ltr'><strong>καὶ</strong></span> <span class='ocrx_word' id='word_1_430' title='bbox 3641 3019 3909 3072; x_wconf 83' lang='grc' dir='ltr'><strong>ἀποδῶσιν</strong></span> <span class='ocrx_word' id='word_1_431' title='bbox 3966 3020 4003 3073; x_wconf 77' lang='grc' dir='ltr'><strong>ἀ</strong></span> 
     </span>
    </p>
   </div>
   <div class='ocr_carea' id='block_1_60' title="bbox 795 3101 2463 3188">
    <p class='ocr_par' dir='ltr' id='par_1_60' title="bbox 795 3101 2463 3188">
     <span class='ocr_line' id='line_1_60' title="bbox 795 3101 2463 3188; baseline -0.002 -32"><span class='ocrx_word' id='word_1_432' title='bbox 795 3119 851 3156; x_wconf 75' lang='lat' dir='ltr'><strong>se</strong></span> <span class='ocrx_word' id='word_1_433' title='bbox 883 3103 1029 3169; x_wconf 90' lang='lat' dir='ltr'><strong>ipsos</strong></span> <span class='ocrx_word' id='word_1_434' title='bbox 1058 3102 1367 3188; x_wconf 68' lang='lat' dir='ltr'><strong>detulerint,</strong></span> <span class='ocrx_word' id='word_1_435' title='bbox 1392 3116 1454 3155; x_wconf 91' lang='lat' dir='ltr'><strong>ac</strong></span> <span class='ocrx_word' id='word_1_436' title='bbox 1476 3116 1537 3155; x_wconf 86' lang='lat' dir='ltr'><strong>ea</strong></span> <span class='ocrx_word' id='word_1_437' title='bbox 1570 3118 1689 3169; x_wconf 65' lang='lat' dir='ltr'><strong>qum</strong></span> <span class='ocrx_word' id='word_1_438' title='bbox 1714 3105 1961 3155; x_wconf 85' lang='lat' dir='ltr'><strong>invenere</strong></span> <span class='ocrx_word' id='word_1_439' title='bbox 1990 3101 2335 3165; x_wconf 84' lang='lat' dir='ltr'><strong>reddiderint,</strong></span> <span class='ocrx_word' id='word_1_440' title='bbox 2368 3105 2409 3161; x_wconf 88' lang='lat' dir='ltr'><strong><em>C</em></strong></span> <span class='ocrx_word' id='word_1_441' title='bbox 2442 3125 2463 3161; x_wconf 89' lang='grc' dir='ltr'><strong>ε</strong></span> 
     </span>
    </p>
   </div>
   <div class='ocr_carea' id='block_1_61' title="bbox 2330 3101 3998 3188">
    <p class='ocr_par' dir='ltr' id='par_1_61' title="bbox 2330 3102 3998 3181">
     <span class='ocr_line' id='line_1_61' title="bbox 2330 3102 3998 3181; baseline 0.001 -20"><span class='ocrx_word' id='word_1_442' title='bbox 2330 3105 2409 3161; x_wconf 77' lang='lat' dir='ltr'><strong>.C</strong></span> <span class='ocrx_word' id='word_1_443' title='bbox 2442 3102 2632 3178; x_wconf 78' lang='grc' dir='ltr'><strong>εὖρον,</strong></span> <span class='ocrx_word' id='word_1_444' title='bbox 2683 3110 2775 3161; x_wconf 70' lang='grc' dir='ltr'><strong>καὶ</strong></span> <span class='ocrx_word' id='word_1_445' title='bbox 2806 3109 2906 3177; x_wconf 80' lang='grc' dir='ltr'><strong>τῆς</strong></span> <span class='ocrx_word' id='word_1_446' title='bbox 2953 3110 3115 3179; x_wconf 74' lang='grc' dir='ltr'><strong>εὐχῆς</strong></span> <span class='ocrx_word' id='word_1_447' title='bbox 3162 3110 3564 3175; x_wconf 73' lang='grc' dir='ltr'><strong>ἀξιούσθωσαν·</strong></span> <span class='ocrx_word' id='word_1_448' title='bbox 3622 3111 3785 3179; x_wconf 72' lang='grc' dir='ltr'><strong>ἤγουν</strong></span> <span class='ocrx_word' id='word_1_449' title='bbox 3838 3111 3998 3181; x_wconf 77' lang='grc' dir='ltr'><strong>μέχρι</strong></span> 
     </span>
    </p>
   </div>
   <div class='ocr_carea' id='block_1_62' title="bbox 797 3189 2335 3261">
    <p class='ocr_par' dir='ltr' id='par_1_62' title="bbox 797 3189 2335 3261">
     <span class='ocr_line' id='line_1_62' title="bbox 797 3189 2335 3261; baseline -0.001 -17"><span class='ocrx_word' id='word_1_450' title='bbox 797 3193 1105 3259; x_wconf 85' lang='lat' dir='ltr'><strong>precatione</strong></span> <span class='ocrx_word' id='word_1_451' title='bbox 1135 3207 1350 3260; x_wconf 89' lang='lat' dir='ltr'><strong>quoque</strong></span> <span class='ocrx_word' id='word_1_452' title='bbox 1372 3192 1517 3261; x_wconf 81' lang='lat' dir='ltr'><strong>digni</strong></span> <span class='ocrx_word' id='word_1_453' title='bbox 1551 3192 1848 3245; x_wconf 84' lang='lat' dir='ltr'><strong>habeantur</strong></span> <span class='ocrx_word' id='word_1_454' title='bbox 1877 3211 1889 3244; x_wconf 90' lang='lat'>:</span> <span class='ocrx_word' id='word_1_455' title='bbox 1926 3192 2025 3245; x_wconf 85' lang='lat' dir='ltr'><strong>hoc</strong></span> <span class='ocrx_word' id='word_1_456' title='bbox 2050 3200 2150 3253; x_wconf 83' lang='lat' dir='ltr'><strong>est,</strong></span> <span class='ocrx_word' id='word_1_457' title='bbox 2178 3192 2243 3243; x_wconf 88' lang='lat' dir='ltr'><strong>ad</strong></span> <span class='ocrx_word' id='word_1_458' title='bbox 2270 3189 2335 3244; x_wconf 78' lang='lat' dir='ltr'><strong>li-</strong></span> 
     </span>
    </p>
   </div>
   <div class='ocr_carea' id='block_1_63' title="bbox 798 3281 2336 3348">
    <p class='ocr_par' dir='ltr' id='par_1_63' title="bbox 798 3281 2336 3348">
     <span class='ocr_line' id='line_1_63' title="bbox 798 3281 2336 3348; baseline 0.002 -16"><span class='ocrx_word' id='word_1_459' title='bbox 798 3296 917 3333; x_wconf 91' lang='lat' dir='ltr'><strong>nem</strong></span> <span class='ocrx_word' id='word_1_460' title='bbox 942 3296 1111 3347; x_wconf 89' lang='lat' dir='ltr'><strong>usquc</strong></span> <span class='ocrx_word' id='word_1_461' title='bbox 1140 3282 1467 3348; x_wconf 79' lang='lat' dir='ltr'><strong>precationis</strong></span> <span class='ocrx_word' id='word_1_462' title='bbox 1498 3297 1618 3335; x_wconf 89' lang='lat' dir='ltr'><strong>cum</strong></span> <span class='ocrx_word' id='word_1_463' title='bbox 1651 3281 1895 3335; x_wconf 83' lang='lat' dir='ltr'><strong>ﬁdelibus</strong></span> <span class='ocrx_word' id='word_1_464' title='bbox 1921 3282 2240 3346; x_wconf 84' lang='lat' dir='ltr'><strong>censistant,</strong></span> <span class='ocrx_word' id='word_1_465' title='bbox 2272 3294 2336 3335; x_wconf 84' lang='lat' dir='ltr'><strong>ac</strong></span> 
     </span>
    </p>
   </div>
   <div class='ocr_carea' id='block_1_64' title="bbox 797 3364 2334 3429">
    <p class='ocr_par' dir='ltr' id='par_1_64' title="bbox 797 3364 2334 3429">
     <span class='ocr_line' id='line_1_64' title="bbox 797 3364 2334 3429; baseline -0.002 -10"><span class='ocrx_word' id='word_1_466' title='bbox 797 3384 824 3419; x_wconf 92' lang='lat' dir='ltr'><strong>a</strong></span> <span class='ocrx_word' id='word_1_467' title='bbox 860 3376 1044 3420; x_wconf 87' lang='lat' dir='ltr'><strong>sancta</strong></span> <span class='ocrx_word' id='word_1_468' title='bbox 1079 3368 1459 3420; x_wconf 89' lang='lat' dir='ltr'><strong>communione</strong></span> <span class='ocrx_word' id='word_1_469' title='bbox 1507 3368 1879 3421; x_wconf 85' lang='lat' dir='ltr'><strong>tantummodo</strong></span> <span class='ocrx_word' id='word_1_470' title='bbox 1906 3374 2223 3429; x_wconf 79' lang='lat' dir='ltr'><strong>arceantur;</strong></span> <span class='ocrx_word' id='word_1_471' title='bbox 2250 3364 2334 3416; x_wconf 86' lang='lat' dir='ltr'><strong>vi-</strong></span> 
     </span>
    </p>
   </div>
   <div class='ocr_carea' id='block_1_65' title="bbox 797 3452 2336 3522">
    <p class='ocr_par' dir='ltr' id='par_1_65' title="bbox 797 3452 2336 3522">
     <span class='ocr_line' id='line_1_65' title="bbox 797 3452 2336 3522; baseline -0.001 -15"><span class='ocrx_word' id='word_1_472' title='bbox 797 3455 981 3507; x_wconf 87' lang='lat' dir='ltr'><strong>delicet</strong></span> <span class='ocrx_word' id='word_1_473' title='bbox 1025 3455 1323 3520; x_wconf 74' lang='lat' dir='ltr'><strong>usquedum</strong></span> <span class='ocrx_word' id='word_1_474' title='bbox 1362 3456 1727 3522; x_wconf 74' lang='lat' dir='ltr'><strong>ptBnitentiam</strong></span> <span class='ocrx_word' id='word_1_475' title='bbox 1772 3455 2205 3521; x_wconf 84' lang='lat' dir='ltr'><strong>ostenderint,ct</strong></span> <span class='ocrx_word' id='word_1_476' title='bbox 2234 3452 2336 3506; x_wconf 85' lang='lat' dir='ltr'><strong>hac</strong></span> 
     </span>
    </p>
   </div>
   <div class='ocr_carea' id='block_1_66' title="bbox 796 3544 1606 3613">
    <p class='ocr_par' dir='ltr' id='par_1_66' title="bbox 796 3544 1606 3613">
     <span class='ocr_line' id='line_1_66' title="bbox 796 3544 1606 3613; baseline -0.002 -16"><span class='ocrx_word' id='word_1_477' title='bbox 796 3560 1009 3613; x_wconf 77' lang='lat' dir='ltr'><strong>quoque</strong></span> <span class='ocrx_word' id='word_1_478' title='bbox 1033 3544 1178 3613; x_wconf 77' lang='lat' dir='ltr'><strong>digni</strong></span> <span class='ocrx_word' id='word_1_479' title='bbox 1213 3544 1606 3597; x_wconf 81' lang='lat' dir='ltr'><strong>existimentur.</strong></span> 
     </span>
    </p>
   </div>
   <div class='ocr_carea' id='block_1_67' title="bbox 1402 3631 1723 3686">
    <p class='ocr_par' dir='ltr' id='par_1_67' title="bbox 1402 3631 1723 3686">
     <span class='ocr_line' id='line_1_67' title="bbox 1402 3631 1723 3686; baseline -0.006 0"><span class='ocrx_word' id='word_1_480' title='bbox 1402 3631 1625 3686; x_wconf 78' lang='lat' dir='ltr'><strong>CANON</strong></span> <span class='ocrx_word' id='word_1_481' title='bbox 1657 3633 1723 3686; x_wconf 76' lang='grc' dir='ltr'><strong>Χ.</strong></span> 
     </span>
    </p>
   </div>
   <div class='ocr_carea' id='block_1_68' title="bbox 869 3720 2338 3792">
    <p class='ocr_par' dir='ltr' id='par_1_68' title="bbox 869 3720 2338 3792">
     <span class='ocr_line' id='line_1_68' title="bbox 869 3720 2338 3792; baseline -0.001 -17"><span class='ocrx_word' id='word_1_482' title='bbox 869 3742 887 3775; x_wconf 76' lang='grc' dir='ltr'><strong>ι</strong></span> <span class='ocrx_word' id='word_1_483' title='bbox 933 3723 1038 3778; x_wconf 87' lang='lat' dir='ltr'><strong>Eos</strong></span> <span class='ocrx_word' id='word_1_484' title='bbox 1068 3732 1245 3777; x_wconf 88' lang='lat' dir='ltr'><strong>autem</strong></span> <span class='ocrx_word' id='word_1_485' title='bbox 1279 3722 1367 3790; x_wconf 91' lang='lat' dir='ltr'><strong>qui</strong></span> <span class='ocrx_word' id='word_1_486' title='bbox 1400 3732 1616 3777; x_wconf 80' lang='lat' dir='ltr'><strong>servant</strong></span> <span class='ocrx_word' id='word_1_487' title='bbox 1643 3723 1910 3788; x_wconf 88' lang='lat' dir='ltr'><strong>mandata,</strong></span> <span class='ocrx_word' id='word_1_488' title='bbox 1958 3723 2160 3792; x_wconf 85' lang='lat' dir='ltr'><strong>absque</strong></span> <span class='ocrx_word' id='word_1_489' title='bbox 2190 3720 2338 3776; x_wconf 87' lang='lat' dir='ltr'><strong>omni</strong></span> 
     </span>
    </p>
   </div>
   <div class='ocr_carea' id='block_1_69' title="bbox 800 3812 2338 3882">
    <p class='ocr_par' dir='ltr' id='par_1_69' title="bbox 800 3812 2338 3882">
     <span class='ocr_line' id='line_1_69' title="bbox 800 3812 2338 3882; baseline 0.001 -18"><span class='ocrx_word' id='word_1_490' title='bbox 800 3834 816 3864; x_wconf 75' lang='grc' dir='ltr'><strong>ι</strong></span> <span class='ocrx_word' id='word_1_491' title='bbox 862 3815 1001 3882; x_wconf 89' lang='lat' dir='ltr'><strong>turpi</strong></span> <span class='ocrx_word' id='word_1_492' title='bbox 1052 3814 1205 3867; x_wconf 92' lang='lat' dir='ltr'><strong>lucro</strong></span> <span class='ocrx_word' id='word_1_493' title='bbox 1234 3827 1448 3866; x_wconf 86' lang='lat' dir='ltr'><strong>servare</strong></span> <span class='ocrx_word' id='word_1_494' title='bbox 1476 3822 1717 3880; x_wconf 83' lang='lat' dir='ltr'><strong>Oportet;</strong></span> <span class='ocrx_word' id='word_1_495' title='bbox 1772 3828 1869 3867; x_wconf 89' lang='lat' dir='ltr'><strong>nec</strong></span> <span class='ocrx_word' id='word_1_496' title='bbox 1901 3812 2080 3866; x_wconf 89' lang='lat' dir='ltr'><strong>indicii</strong></span> <span class='ocrx_word' id='word_1_497' title='bbox 2114 3812 2195 3864; x_wconf 91' lang='lat' dir='ltr'><strong>vel</strong></span> <span class='ocrx_word' id='word_1_498' title='bbox 2239 3826 2338 3872; x_wconf 84' lang='lat' dir='ltr'><strong>cu-</strong></span> 
     </span>
    </p>
   </div>
   <div class='ocr_carea' id='block_1_70' title="bbox 798 3901 2340 3971">
    <p class='ocr_par' dir='ltr' id='par_1_70' title="bbox 798 3901 2340 3971">
     <span class='ocr_line' id='line_1_70' title="bbox 798 3901 2340 3971; baseline -0.001 -16"><span class='ocrx_word' id='word_1_499' title='bbox 798 3923 816 3955; x_wconf 74' lang='grc' dir='ltr'><strong>ι</strong></span> <span class='ocrx_word' id='word_1_500' title='bbox 857 3904 1063 3967; x_wconf 68' lang='grc' dir='ltr'><strong>διοιίἰλε,</strong></span> <span class='ocrx_word' id='word_1_501' title='bbox 1106 3902 1185 3955; x_wconf 89' lang='lat' dir='ltr'><strong>vel</strong></span> <span class='ocrx_word' id='word_1_502' title='bbox 1227 3901 1552 3964; x_wconf 74' lang='lat' dir='ltr'><strong>inventionis</strong></span> <span class='ocrx_word' id='word_1_503' title='bbox 1582 3902 1833 3969; x_wconf 90' lang='lat' dir='ltr'><strong>pretium,</strong></span> <span class='ocrx_word' id='word_1_504' title='bbox 1880 3902 1961 3956; x_wconf 87' lang='lat' dir='ltr'><strong>vel</strong></span> <span class='ocrx_word' id='word_1_505' title='bbox 2016 3914 2340 3971; x_wconf 83' lang='lat' dir='ltr'><strong>quocunque</strong></span> 
     </span>
    </p>
   </div>
   <div class='ocr_carea' id='block_1_71' title="bbox 798 3991 1919 4059">
    <p class='ocr_par' dir='ltr' id='par_1_71' title="bbox 798 3991 1919 4059">
     <span class='ocr_line' id='line_1_71' title="bbox 798 3991 1919 4059; baseline -0.004 -13"><span class='ocrx_word' id='word_1_506' title='bbox 798 4012 818 4046; x_wconf 71' lang='grc' dir='ltr'><strong>ι</strong></span> <span class='ocrx_word' id='word_1_507' title='bbox 865 3994 1081 4048; x_wconf 90' lang='lat' dir='ltr'><strong>nomine</strong></span> <span class='ocrx_word' id='word_1_508' title='bbox 1111 3992 1213 4045; x_wconf 88' lang='lat' dir='ltr'><strong>hoc</strong></span> <span class='ocrx_word' id='word_1_509' title='bbox 1251 3991 1536 4058; x_wconf 87' lang='lat' dir='ltr'><strong>appellant,</strong></span> <span class='ocrx_word' id='word_1_510' title='bbox 1567 3991 1858 4059; x_wconf 78' lang='lat' dir='ltr'><strong>exigentes.</strong></span> <span class='ocrx_word' id='word_1_511' title='bbox 1902 4008 1919 4041; x_wconf 78' lang='grc' dir='ltr'><strong>ι</strong></span> 
     </span>
    </p>
   </div>
   <div class='ocr_carea' id='block_1_72' title="bbox 861 4080 2339 4136">
    <p class='ocr_par' dir='ltr' id='par_1_72' title="bbox 861 4080 2339 4136">
     <span class='ocr_line' id='line_1_72' title="bbox 861 4080 2339 4136; baseline -0.002 0"><span class='ocrx_word' id='word_1_512' title='bbox 861 4084 1021 4136; x_wconf 67' lang='lat' dir='ltr'><strong>lius.</strong></span> <span class='ocrx_word' id='word_1_513' title='bbox 1048 4082 1180 4134; x_wconf 86' lang='lat' dir='ltr'><strong>Cum</strong></span> <span class='ocrx_word' id='word_1_514' title='bbox 1223 4080 1528 4133; x_wconf 78' lang='lat' dir='ltr'><strong>admisisset</strong></span> <span class='ocrx_word' id='word_1_515' title='bbox 1562 4088 1781 4133; x_wconf 86' lang='lat' dir='ltr'><strong>sanctus</strong></span> <span class='ocrx_word' id='word_1_516' title='bbox 1804 4080 1998 4133; x_wconf 85' lang='lat' dir='ltr'><strong>bonam</strong></span> <span class='ocrx_word' id='word_1_517' title='bbox 2031 4094 2218 4133; x_wconf 86' lang='lat' dir='ltr'><strong>eorum</strong></span> <span class='ocrx_word' id='word_1_518' title='bbox 2244 4094 2339 4133; x_wconf 87' lang='lat' dir='ltr'><strong>vo—</strong></span> 
     </span>
    </p>
   </div>
   <div class='ocr_carea' id='block_1_73' title="bbox 794 4167 2335 4237">
    <p class='ocr_par' dir='ltr' id='par_1_73' title="bbox 794 4167 2335 4237">
     <span class='ocr_line' id='line_1_73' title="bbox 794 4167 2335 4237; baseline -0.001 -13"><span class='ocrx_word' id='word_1_519' title='bbox 794 4177 1074 4233; x_wconf 86' lang='lat' dir='ltr'><strong>luntatem,</strong></span> <span class='ocrx_word' id='word_1_520' title='bbox 1098 4170 1187 4237; x_wconf 84' lang='lat' dir='ltr'><strong>qui</strong></span> <span class='ocrx_word' id='word_1_521' title='bbox 1222 4183 1278 4221; x_wconf 90' lang='lat' dir='ltr'><strong>se</strong></span> <span class='ocrx_word' id='word_1_522' title='bbox 1309 4167 1456 4235; x_wconf 89' lang='lat' dir='ltr'><strong>ipsos</strong></span> <span class='ocrx_word' id='word_1_523' title='bbox 1480 4168 1786 4220; x_wconf 89' lang='lat' dir='ltr'><strong>detulerunt</strong></span> <span class='ocrx_word' id='word_1_524' title='bbox 1830 4176 1883 4221; x_wconf 91' lang='lat' dir='ltr'><strong>et</strong></span> <span class='ocrx_word' id='word_1_525' title='bbox 1938 4169 2213 4221; x_wconf 89' lang='lat' dir='ltr'><strong>inventum</strong></span> <span class='ocrx_word' id='word_1_526' title='bbox 2242 4167 2335 4222; x_wconf 83' lang='lat' dir='ltr'><strong>be-</strong></span> 
     </span>
    </p>
   </div>
   <div class='ocr_carea' id='block_1_74' title="bbox 795 4252 2337 4326">
    <p class='ocr_par' dir='ltr' id='par_1_74' title="bbox 795 4252 2337 4326">
     <span class='ocr_line' id='line_1_74' title="bbox 795 4252 2337 4326; baseline -0.006 -11"><span class='ocrx_word' id='word_1_527' title='bbox 795 4261 981 4315; x_wconf 89' lang='lat' dir='ltr'><strong>nevole</strong></span> <span class='ocrx_word' id='word_1_528' title='bbox 1004 4259 1374 4315; x_wconf 87' lang='lat' dir='ltr'><strong>reddiderunt,</strong></span> <span class='ocrx_word' id='word_1_529' title='bbox 1396 4257 1598 4325; x_wconf 82' lang='lat' dir='ltr'><strong>adjicit,</strong></span> <span class='ocrx_word' id='word_1_530' title='bbox 1617 4259 1758 4326; x_wconf 91' lang='lat' dir='ltr'><strong>quod</strong></span> <span class='ocrx_word' id='word_1_531' title='bbox 1784 4259 1825 4312; x_wconf 91' lang='lat' dir='ltr'><strong>si</strong></span> <span class='ocrx_word' id='word_1_532' title='bbox 1855 4258 1891 4310; x_wconf 90' lang='lat' dir='ltr'><strong>ii</strong></span> <span class='ocrx_word' id='word_1_533' title='bbox 1918 4257 2077 4311; x_wconf 88' lang='lat' dir='ltr'><strong>velint</strong></span> <span class='ocrx_word' id='word_1_534' title='bbox 2105 4252 2337 4309; x_wconf 88' lang='lat' dir='ltr'><strong>mandati</strong></span> 
     </span>
    </p>
   </div>
   <div class='ocr_carea' id='block_1_75' title="bbox 796 4344 2339 4416">
    <p class='ocr_par' dir='ltr' id='par_1_75' title="bbox 796 4344 2339 4416">
     <span class='ocr_line' id='line_1_75' title="bbox 796 4344 2339 4416; baseline -0.005 -12"><span class='ocrx_word' id='word_1_535' title='bbox 796 4352 885 4404; x_wconf 89' lang='lat' dir='ltr'><strong>Dei</strong></span> <span class='ocrx_word' id='word_1_536' title='bbox 912 4352 1285 4405; x_wconf 86' lang='lat' dir='ltr'><strong>observatores</strong></span> <span class='ocrx_word' id='word_1_537' title='bbox 1310 4347 1501 4410; x_wconf 87' lang='lat' dir='ltr'><strong>videri,</strong></span> <span class='ocrx_word' id='word_1_538' title='bbox 1534 4349 1728 4402; x_wconf 91' lang='lat' dir='ltr'><strong>debent</strong></span> <span class='ocrx_word' id='word_1_539' title='bbox 1752 4349 1953 4416; x_wconf 86' lang='lat' dir='ltr'><strong>absque</strong></span> <span class='ocrx_word' id='word_1_540' title='bbox 1983 4348 2173 4415; x_wconf 85' lang='lat' dir='ltr'><strong>quovis</strong></span> <span class='ocrx_word' id='word_1_541' title='bbox 2198 4344 2339 4413; x_wconf 85' lang='lat' dir='ltr'><strong>turpi</strong></span> 
     </span>
    </p>
   </div>
   <div class='ocr_carea' id='block_1_76' title="bbox 796 4437 2335 4501">
    <p class='ocr_par' dir='ltr' id='par_1_76' title="bbox 796 4437 2335 4501">
     <span class='ocr_line' id='line_1_76' title="bbox 796 4437 2335 4501; baseline -0.001 -10"><span class='ocrx_word' id='word_1_542' title='bbox 796 4440 946 4493; x_wconf 89' lang='lat' dir='ltr'><strong>lucro</strong></span> <span class='ocrx_word' id='word_1_543' title='bbox 974 4456 1086 4494; x_wconf 85' lang='lat' dir='ltr'><strong>rem</strong></span> <span class='ocrx_word' id='word_1_544' title='bbox 1127 4442 1395 4493; x_wconf 87' lang='lat' dir='ltr'><strong>inventam</strong></span> <span class='ocrx_word' id='word_1_545' title='bbox 1428 4439 1668 4492; x_wconf 87' lang='lat' dir='ltr'><strong>reddere.</strong></span> <span class='ocrx_word' id='word_1_546' title='bbox 1711 4437 1995 4491; x_wconf 87' lang='lat' dir='ltr'><strong>Delluitum</strong></span> <span class='ocrx_word' id='word_1_547' title='bbox 2030 4446 2205 4490; x_wconf 85' lang='lat' dir='ltr'><strong>autem</strong></span> <span class='ocrx_word' id='word_1_548' title='bbox 2234 4442 2335 4501; x_wconf 87' lang='lat' dir='ltr'><strong>est,</strong></span> 
     </span>
    </p>
   </div>
   <div class='ocr_carea' id='block_1_77' title="bbox 793 4525 2336 4599">
    <p class='ocr_par' dir='ltr' id='par_1_77' title="bbox 793 4525 2336 4599">
     <span class='ocr_line' id='line_1_77' title="bbox 793 4525 2336 4599; baseline -0.003 -16"><span class='ocrx_word' id='word_1_549' title='bbox 793 4544 899 4583; x_wconf 85' lang='lat' dir='ltr'><strong>non</strong></span> <span class='ocrx_word' id='word_1_550' title='bbox 934 4532 1143 4599; x_wconf 72' lang='lat' dir='ltr'><strong>exigere</strong></span> <span class='ocrx_word' id='word_1_551' title='bbox 1170 4541 1417 4599; x_wconf 81' lang='lat' dir='ltr'><strong>Oportere</strong></span> <span class='ocrx_word' id='word_1_552' title='bbox 1446 4544 1567 4583; x_wconf 89' lang='lat' dir='ltr'><strong>eum</strong></span> <span class='ocrx_word' id='word_1_553' title='bbox 1599 4528 1691 4597; x_wconf 91' lang='lat' dir='ltr'><strong>qui</strong></span> <span class='ocrx_word' id='word_1_554' title='bbox 1736 4528 1960 4589; x_wconf 84' lang='lat' dir='ltr'><strong>invenit.</strong></span> <span class='ocrx_word' id='word_1_555' title='bbox 2009 4528 2074 4580; x_wconf 88' lang='lat' dir='ltr'><strong>ab</strong></span> <span class='ocrx_word' id='word_1_556' title='bbox 2131 4541 2194 4579; x_wconf 89' lang='lat' dir='ltr'><strong>eo</strong></span> <span class='ocrx_word' id='word_1_557' title='bbox 2244 4525 2336 4594; x_wconf 85' lang='lat' dir='ltr'><strong>qui</strong></span> 
     </span>
    </p>
   </div>
   <div class='ocr_carea' id='block_1_78' title="bbox 793 4616 2339 4685">
    <p class='ocr_par' dir='ltr' id='par_1_78' title="bbox 793 4616 2339 4685">
     <span class='ocr_line' id='line_1_78' title="bbox 793 4616 2339 4685; baseline -0.001 -14"><span class='ocrx_word' id='word_1_558' title='bbox 793 4619 1036 4685; x_wconf 82' lang='lat' dir='ltr'><strong>captivus</strong></span> <span class='ocrx_word' id='word_1_559' title='bbox 1075 4618 1196 4683; x_wconf 79' lang='lat' dir='ltr'><strong>fuit,</strong></span> <span class='ocrx_word' id='word_1_560' title='bbox 1220 4620 1300 4672; x_wconf 86' lang='lat' dir='ltr'><strong>vel</strong></span> <span class='ocrx_word' id='word_1_561' title='bbox 1326 4618 1531 4683; x_wconf 90' lang='lat' dir='ltr'><strong>iudicii,</strong></span> <span class='ocrx_word' id='word_1_562' title='bbox 1562 4618 1637 4671; x_wconf 87' lang='lat' dir='ltr'><strong>vel</strong></span> <span class='ocrx_word' id='word_1_563' title='bbox 1665 4618 1943 4681; x_wconf 76' lang='lat' dir='ltr'><strong>custodiae,</strong></span> <span class='ocrx_word' id='word_1_564' title='bbox 1972 4616 2049 4669; x_wconf 85' lang='lat' dir='ltr'><strong>vel</strong></span> <span class='ocrx_word' id='word_1_565' title='bbox 2077 4616 2339 4670; x_wconf 88' lang='lat' dir='ltr'><strong>inventio-</strong></span> 
     </span>
    </p>
   </div>
   <div class='ocr_carea' id='block_1_79' title="bbox 794 4707 2334 4776">
    <p class='ocr_par' dir='ltr' id='par_1_79' title="bbox 794 4707 2334 4776">
     <span class='ocr_line' id='line_1_79' title="bbox 794 4707 2334 4776; baseline 0 -16"><span class='ocrx_word' id='word_1_566' title='bbox 794 4709 877 4760; x_wconf 86' lang='lat' dir='ltr'><strong>nis</strong></span> <span class='ocrx_word' id='word_1_567' title='bbox 902 4708 1152 4775; x_wconf 88' lang='lat' dir='ltr'><strong>pretium,</strong></span> <span class='ocrx_word' id='word_1_568' title='bbox 1186 4709 1263 4761; x_wconf 86' lang='lat' dir='ltr'><strong>vel</strong></span> <span class='ocrx_word' id='word_1_569' title='bbox 1296 4709 1495 4776; x_wconf 87' lang='lat' dir='ltr'><strong>aliquid</strong></span> <span class='ocrx_word' id='word_1_570' title='bbox 1520 4708 1694 4769; x_wconf 85' lang='lat' dir='ltr'><strong>aliud;</strong></span> <span class='ocrx_word' id='word_1_571' title='bbox 1735 4722 1798 4761; x_wconf 92' lang='lat' dir='ltr'><strong>eo</strong></span> <span class='ocrx_word' id='word_1_572' title='bbox 1833 4707 1977 4775; x_wconf 91' lang='lat' dir='ltr'><strong>quod</strong></span> <span class='ocrx_word' id='word_1_573' title='bbox 2003 4722 2105 4759; x_wconf 92' lang='lat' dir='ltr'><strong>non</strong></span> <span class='ocrx_word' id='word_1_574' title='bbox 2145 4721 2207 4760; x_wconf 91' lang='lat' dir='ltr'><strong>ex</strong></span> <span class='ocrx_word' id='word_1_575' title='bbox 2244 4721 2334 4760; x_wconf 87' lang='lat' dir='ltr'><strong>ne-</strong></span> 
     </span>
    </p>
   </div>
   <div class='ocr_carea' id='block_1_80' title="bbox 792 4795 2334 4868">
    <p class='ocr_par' dir='ltr' id='par_1_80' title="bbox 792 4795 2334 4868">
     <span class='ocr_line' id='line_1_80' title="bbox 792 4795 2334 4868; baseline -0.001 -17"><span class='ocrx_word' id='word_1_576' title='bbox 792 4799 1049 4868; x_wconf 71' lang='lat' dir='ltr'><strong>gligentia</strong></span> <span class='ocrx_word' id='word_1_577' title='bbox 1079 4798 1446 4859; x_wconf 88' lang='lat' dir='ltr'><strong>dominorum,</strong></span> <span class='ocrx_word' id='word_1_578' title='bbox 1473 4799 1556 4851; x_wconf 88' lang='lat' dir='ltr'><strong>vel</strong></span> <span class='ocrx_word' id='word_1_579' title='bbox 1575 4798 1735 4851; x_wconf 89' lang='lat' dir='ltr'><strong>etiam</strong></span> <span class='ocrx_word' id='word_1_580' title='bbox 1774 4795 1992 4849; x_wconf 83' lang='lat' dir='ltr'><strong>fortuito</strong></span> <span class='ocrx_word' id='word_1_581' title='bbox 2027 4811 2113 4851; x_wconf 79' lang='lat' dir='ltr'><strong>res</strong></span> <span class='ocrx_word' id='word_1_582' title='bbox 2140 4797 2334 4849; x_wconf 81' lang='lat' dir='ltr'><strong>amissa</strong></span> 
     </span>
    </p>
   </div>
   <div class='ocr_carea' id='block_1_81' title="bbox 792 4885 2335 4956">
    <p class='ocr_par' dir='ltr' id='par_1_81' title="bbox 792 4885 2335 4956">
     <span class='ocr_line' id='line_1_81' title="bbox 792 4885 2335 4956; baseline -0.003 -15"><span class='ocrx_word' id='word_1_583' title='bbox 792 4890 885 4952; x_wconf 88' lang='lat' dir='ltr'><strong>sit,</strong></span> <span class='ocrx_word' id='word_1_584' title='bbox 917 4889 1007 4941; x_wconf 77' lang='lat' dir='ltr'><strong>sed</strong></span> <span class='ocrx_word' id='word_1_585' title='bbox 1056 4903 1245 4956; x_wconf 85' lang='lat' dir='ltr'><strong>magna</strong></span> <span class='ocrx_word' id='word_1_586' title='bbox 1278 4888 1582 4941; x_wconf 87' lang='lat' dir='ltr'><strong>calamitate</strong></span> <span class='ocrx_word' id='word_1_587' title='bbox 1613 4894 1663 4937; x_wconf 91' lang='lat' dir='ltr'><strong>et</strong></span> <span class='ocrx_word' id='word_1_588' title='bbox 1694 4886 1974 4939; x_wconf 86' lang='lat' dir='ltr'><strong>barbarica</strong></span> <span class='ocrx_word' id='word_1_589' title='bbox 2005 4885 2335 4938; x_wconf 83' lang='lat' dir='ltr'><strong>incursione.</strong></span> 
     </span>
    </p>
   </div>
   <div class='ocr_carea' id='block_1_82' title="bbox 791 4972 2338 5045">
    <p class='ocr_par' dir='ltr' id='par_1_82' title="bbox 791 4972 2338 5045">
     <span class='ocr_line' id='line_1_82' title="bbox 791 4972 2338 5045; baseline -0.004 -14"><span class='ocrx_word' id='word_1_590' title='bbox 791 4979 894 5045; x_wconf 84' lang='lat' dir='ltr'><strong>Qui</strong></span> <span class='ocrx_word' id='word_1_591' title='bbox 939 4980 1080 5032; x_wconf 86' lang='lat' dir='ltr'><strong>enim</strong></span> <span class='ocrx_word' id='word_1_592' title='bbox 1119 4996 1203 5034; x_wconf 89' lang='lat' dir='ltr'><strong>res</strong></span> <span class='ocrx_word' id='word_1_593' title='bbox 1234 4979 1574 5033; x_wconf 88' lang='lat' dir='ltr'><strong>dominorum</strong></span> <span class='ocrx_word' id='word_1_594' title='bbox 1620 4976 1937 5043; x_wconf 75' lang='lat' dir='ltr'><strong>negligentia</strong></span> <span class='ocrx_word' id='word_1_595' title='bbox 1986 4976 2067 5027; x_wconf 86' lang='lat' dir='ltr'><strong>vel</strong></span> <span class='ocrx_word' id='word_1_596' title='bbox 2119 4972 2338 5025; x_wconf 78' lang='lat' dir='ltr'><strong>fortuito</strong></span> 
     </span>
    </p>
   </div>
   <div class='ocr_carea' id='block_1_83' title="bbox 793 5060 2337 5139">
    <p class='ocr_par' dir='ltr' id='par_1_83' title="bbox 793 5060 2337 5139">
     <span class='ocr_line' id='line_1_83' title="bbox 793 5060 2337 5139; baseline -0.005 -16"><span class='ocrx_word' id='word_1_597' title='bbox 793 5072 1027 5139; x_wconf 81' lang='lat' dir='ltr'><strong>perditas</strong></span> <span class='ocrx_word' id='word_1_598' title='bbox 1057 5070 1375 5123; x_wconf 88' lang='lat' dir='ltr'><strong>invenerunt</strong></span> <span class='ocrx_word' id='word_1_599' title='bbox 1416 5078 1469 5123; x_wconf 92' lang='lat' dir='ltr'><strong>et</strong></span> <span class='ocrx_word' id='word_1_600' title='bbox 1511 5084 1604 5122; x_wconf 88' lang='lat' dir='ltr'><strong>eas</strong></span> <span class='ocrx_word' id='word_1_601' title='bbox 1644 5066 1966 5129; x_wconf 72' lang='lat' dir='ltr'><strong>restituunt,</strong></span> <span class='ocrx_word' id='word_1_602' title='bbox 2016 5060 2337 5117; x_wconf 77' lang='lat' dir='ltr'><strong>inventionis</strong></span> 
     </span>
    </p>
   </div>
   <div class='ocr_carea' id='block_1_84' title="bbox 791 5152 2338 5231">
    <p class='ocr_par' dir='ltr' id='par_1_84' title="bbox 791 5152 2338 5231">
     <span class='ocr_line' id='line_1_84' title="bbox 791 5152 2338 5231; baseline -0.007 -16"><span class='ocrx_word' id='word_1_603' title='bbox 791 5164 1021 5231; x_wconf 78' lang='lat' dir='ltr'><strong>pretium</strong></span> <span class='ocrx_word' id='word_1_604' title='bbox 1049 5170 1194 5214; x_wconf 86' lang='lat' dir='ltr'><strong>recte</strong></span> <span class='ocrx_word' id='word_1_605' title='bbox 1224 5161 1463 5227; x_wconf 76' lang='lat' dir='ltr'><strong>exigunt,</strong></span> <span class='ocrx_word' id='word_1_606' title='bbox 1494 5158 1941 5227; x_wconf 76' lang='lat' dir='ltr'><strong>quemadmodum</strong></span> <span class='ocrx_word' id='word_1_607' title='bbox 1970 5156 2069 5208; x_wconf 86' lang='lat' dir='ltr'><strong>hoc</strong></span> <span class='ocrx_word' id='word_1_608' title='bbox 2101 5168 2161 5207; x_wconf 84' lang='lat' dir='ltr'><strong>ex</strong></span> <span class='ocrx_word' id='word_1_609' title='bbox 2210 5152 2338 5220; x_wconf 72' lang='lat' dir='ltr'><strong>legio</strong></span> 
     </span>
    </p>
   </div>
   <div class='ocr_carea' id='block_1_85' title="bbox 794 5252 1663 5321">
    <p class='ocr_par' dir='ltr' id='par_1_85' title="bbox 794 5252 1663 5321">
     <span class='ocr_line' id='line_1_85' title="bbox 794 5252 1663 5321; baseline -0.007 -16"><span class='ocrx_word' id='word_1_610' title='bbox 794 5254 893 5306; x_wconf 78' lang='lat' dir='ltr'><strong>bus</strong></span> <span class='ocrx_word' id='word_1_611' title='bbox 926 5254 1173 5320; x_wconf 88' lang='lat' dir='ltr'><strong>superius</strong></span> <span class='ocrx_word' id='word_1_612' title='bbox 1206 5252 1394 5321; x_wconf 83' lang='lat' dir='ltr'><strong>positis</strong></span> <span class='ocrx_word' id='word_1_613' title='bbox 1428 5258 1663 5318; x_wconf 86' lang='lat' dir='ltr'><strong>apparet.</strong></span> 
     </span>
    </p>
   </div>
   <div class='ocr_carea' id='block_1_86' title="bbox 868 5425 2331 5497">
    <p class='ocr_par' dir='ltr' id='par_1_86' title="bbox 868 5425 2331 5497">
     <span class='ocr_line' id='line_1_86' title="bbox 868 5425 2331 5497; baseline -0.003 -16"><span class='ocrx_word' id='word_1_614' title='bbox 868 5432 1064 5484; x_wconf 67' lang='lat' dir='ltr'><strong>Insui.</strong></span> <span class='ocrx_word' id='word_1_615' title='bbox 1096 5432 1229 5485; x_wconf 80' lang='lat' dir='ltr'><strong>Cum</strong></span> <span class='ocrx_word' id='word_1_616' title='bbox 1263 5430 1325 5482; x_wconf 81' lang='lat' dir='ltr'><strong>iis</strong></span> <span class='ocrx_word' id='word_1_617' title='bbox 1355 5429 1445 5497; x_wconf 90' lang='lat' dir='ltr'><strong>qui</strong></span> <span class='ocrx_word' id='word_1_618' title='bbox 1490 5444 1597 5479; x_wconf 84' lang='lat' dir='ltr'><strong>rem</strong></span> <span class='ocrx_word' id='word_1_619' title='bbox 1626 5428 1851 5480; x_wconf 83' lang='lat' dir='ltr'><strong>alienam</strong></span> <span class='ocrx_word' id='word_1_620' title='bbox 1896 5443 1921 5479; x_wconf 86' lang='lat' dir='ltr'><strong>a</strong></span> <span class='ocrx_word' id='word_1_621' title='bbox 1968 5442 2023 5478; x_wconf 90' lang='lat' dir='ltr'><strong>se</strong></span> <span class='ocrx_word' id='word_1_622' title='bbox 2069 5425 2331 5477; x_wconf 77' lang='lat' dir='ltr'><strong>inventam</strong></span> 
     </span>
    </p>
   </div>
   <div class='ocr_carea' id='block_1_87' title="bbox 792 5520 2333 5589">
    <p class='ocr_par' dir='ltr' id='par_1_87' title="bbox 792 5520 2333 5589">
     <span class='ocr_line' id='line_1_87' title="bbox 792 5520 2333 5589; baseline -0.001 -17"><span class='ocrx_word' id='word_1_623' title='bbox 792 5522 1141 5583; x_wconf 65' lang='lat' dir='ltr'><strong>deusmtiaut,</strong></span> <span class='ocrx_word' id='word_1_624' title='bbox 1192 5522 1468 5589; x_wconf 74' lang='lat' dir='ltr'><strong>benignius</strong></span> <span class='ocrx_word' id='word_1_625' title='bbox 1517 5522 1773 5589; x_wconf 69' lang='lat' dir='ltr'><strong>agvndum</strong></span> <span class='ocrx_word' id='word_1_626' title='bbox 1828 5535 1945 5573; x_wconf 85' lang='lat' dir='ltr'><strong>esse</strong></span> <span class='ocrx_word' id='word_1_627' title='bbox 2000 5520 2076 5571; x_wconf 92' lang='lat' dir='ltr'><strong>vir</strong></span> <span class='ocrx_word' id='word_1_628' title='bbox 2121 5524 2333 5572; x_wconf 73' lang='lat' dir='ltr'><strong>sanctus</strong></span> 
     </span>
    </p>
   </div>
   <div class='ocr_carea' id='block_1_88' title="bbox 884 5684 2162 5753">
    <p class='ocr_par' dir='ltr' id='par_1_88' title="bbox 884 5684 2162 5753">
     <span class='ocr_line' id='line_1_88' title="bbox 884 5684 2162 5753; baseline -0.011 -17"><span class='ocrx_word' id='word_1_629' title='bbox 884 5684 995 5751; x_wconf 69' lang='grc'><strong>(33)</strong></span> <span class='ocrx_word' id='word_1_630' title='bbox 1039 5687 1104 5737; x_wconf 69' lang='grc' dir='ltr'><em>Τὸ</em></span> <span class='ocrx_word' id='word_1_631' title='bbox 1141 5686 1171 5737; x_wconf 74' lang='grc' dir='ltr'>εὶ</span> <span class='ocrx_word' id='word_1_632' title='bbox 1198 5691 1210 5735; x_wconf 83' lang='lat' dir='ltr'><strong>l</strong></span> <span class='ocrx_word' id='word_1_633' title='bbox 1238 5687 1470 5751; x_wconf 59' lang='grc' dir='ltr'><strong>ἰύγγων.</strong></span> <span class='ocrx_word' id='word_1_634' title='bbox 1508 5685 1691 5739; x_wconf 68' lang='lat' dir='ltr'><strong>Scribe</strong></span> <span class='ocrx_word' id='word_1_635' title='bbox 1730 5686 1831 5737; x_wconf 76' lang='grc' dir='ltr'><strong>τῶν</strong></span> <span class='ocrx_word' id='word_1_636' title='bbox 1864 5685 2162 5753; x_wconf 59' lang='grc' dir='ltr'><strong>ἀληληιρξων,</strong></span> 
     </span>
    </p>
   </div>
   <div class='ocr_carea' id='block_1_89' title="bbox 2438 3198 3998 3269">
    <p class='ocr_par' dir='ltr' id='par_1_89' title="bbox 2438 3198 3998 3269">
     <span class='ocr_line' id='line_1_89' title="bbox 2438 3198 3998 3269; baseline 0.001 -19"><span class='ocrx_word' id='word_1_637' title='bbox 2438 3198 2625 3261; x_wconf 81' lang='grc' dir='ltr'><strong>τέλους</strong></span> <span class='ocrx_word' id='word_1_638' title='bbox 2682 3198 2793 3267; x_wconf 78' lang='grc' dir='ltr'><strong>τῆς-</strong></span> <span class='ocrx_word' id='word_1_639' title='bbox 2854 3199 3021 3268; x_wconf 79' lang='grc' dir='ltr'><strong>εὐχῆς</strong></span> <span class='ocrx_word' id='word_1_640' title='bbox 3075 3200 3546 3269; x_wconf 85' lang='grc' dir='ltr'><strong>συνεστηκέτωσαν</strong></span> <span class='ocrx_word' id='word_1_641' title='bbox 3594 3203 3704 3263; x_wconf 79' lang='grc' dir='ltr'><strong>τοῖς</strong></span> <span class='ocrx_word' id='word_1_642' title='bbox 3750 3203 3998 3262; x_wconf 82' lang='grc' dir='ltr'><strong>πιστοῖς,</strong></span> 
     </span>
    </p>
   </div>
   <div class='ocr_carea' id='block_1_90' title="bbox 2443 3288 4002 3361">
    <p class='ocr_par' dir='ltr' id='par_1_90' title="bbox 2443 3288 4002 3361">
     <span class='ocr_line' id='line_1_90' title="bbox 2443 3288 4002 3361; baseline 0.001 -21"><span class='ocrx_word' id='word_1_643' title='bbox 2443 3288 2609 3358; x_wconf 87' lang='grc' dir='ltr'><strong>μόνης</strong></span> <span class='ocrx_word' id='word_1_644' title='bbox 2667 3290 2766 3359; x_wconf 81' lang='grc' dir='ltr'><strong>τῆς</strong></span> <span class='ocrx_word' id='word_1_645' title='bbox 2815 3289 2977 3356; x_wconf 80' lang='grc' dir='ltr'><strong>ἁγίας</strong></span> <span class='ocrx_word' id='word_1_646' title='bbox 3043 3290 3389 3361; x_wconf 77' lang='grc' dir='ltr'><strong>μεταλήψεως</strong></span> <span class='ocrx_word' id='word_1_647' title='bbox 3433 3291 3783 3361; x_wconf 76' lang='grc' dir='ltr'><strong>κωλυόμενοι·</strong></span> <span class='ocrx_word' id='word_1_648' title='bbox 3834 3290 4002 3359; x_wconf 72' lang='grc' dir='ltr'><strong>ἡγουν</strong></span> 
     </span>
    </p>
   </div>
   <div class='ocr_carea' id='block_1_91' title="bbox 2444 3378 4001 3451">
    <p class='ocr_par' dir='ltr' id='par_1_91' title="bbox 2444 3378 4001 3451">
     <span class='ocr_line' id='line_1_91' title="bbox 2444 3378 4001 3451; baseline 0.003 -20"><span class='ocrx_word' id='word_1_649' title='bbox 2444 3378 2633 3449; x_wconf 88' lang='grc' dir='ltr'><strong>μέχρις</strong></span> <span class='ocrx_word' id='word_1_650' title='bbox 2662 3380 2726 3435; x_wconf 82' lang='grc' dir='ltr'><strong>ἀν</strong></span> <span class='ocrx_word' id='word_1_651' title='bbox 2761 3380 3055 3450; x_wconf 64' lang='grc' dir='ltr'><strong>μετάνοιαν</strong></span> <span class='ocrx_word' id='word_1_652' title='bbox 3077 3382 3465 3447; x_wconf 75' lang='grc' dir='ltr'><strong>ἐπιδείξωνται,</strong></span> <span class='ocrx_word' id='word_1_653' title='bbox 3490 3382 3584 3437; x_wconf 76' lang='grc' dir='ltr'><strong>καὶ</strong></span> <span class='ocrx_word' id='word_1_654' title='bbox 3604 3381 3804 3451; x_wconf 81' lang='grc' dir='ltr'><strong>ταύτης</strong></span> <span class='ocrx_word' id='word_1_655' title='bbox 3836 3381 4001 3445; x_wconf 88' lang='grc' dir='ltr'><strong>ἀξιω-</strong></span> 
     </span>
    </p>
   </div>
   <div class='ocr_carea' id='block_1_92' title="bbox 2441 3468 2596 3522">
    <p class='ocr_par' dir='ltr' id='par_1_92' title="bbox 2441 3468 2596 3522">
     <span class='ocr_line' id='line_1_92' title="bbox 2441 3468 2596 3522; baseline 0 0"><span class='ocrx_word' id='word_1_656' title='bbox 2441 3468 2596 3522; x_wconf 76' lang='grc' dir='ltr'><strong>θῶσι.</strong></span> 
     </span>
    </p>
   </div>
   <div class='ocr_carea' id='block_1_93' title="bbox 3055 3632 3381 3685">
    <p class='ocr_par' dir='ltr' id='par_1_93' title="bbox 3055 3632 3381 3685">
     <span class='ocr_line' id='line_1_93' title="bbox 3055 3632 3381 3685; baseline 0.006 -2"><span class='ocrx_word' id='word_1_657' title='bbox 3055 3632 3287 3684; x_wconf 81' lang='grc' dir='ltr'><strong>ΚΑΝΩΝ</strong></span> <span class='ocrx_word' id='word_1_658' title='bbox 3328 3634 3381 3685; x_wconf 80' lang='lat' dir='ltr'><strong>I&#39;.</strong></span> 
     </span>
    </p>
   </div>
   <div class='ocr_carea' id='block_1_94' title="bbox 2518 3718 4001 3791">
    <p class='ocr_par' dir='ltr' id='par_1_94' title="bbox 2518 3718 4001 3791">
     <span class='ocr_line' id='line_1_94' title="bbox 2518 3718 4001 3791; baseline 0.001 -21"><span class='ocrx_word' id='word_1_659' title='bbox 2518 3737 2536 3770; x_wconf 80' lang='grc' dir='ltr'><strong>ι</strong></span> <span class='ocrx_word' id='word_1_660' title='bbox 2577 3719 2713 3782; x_wconf 68' lang='grc' dir='ltr'><strong>τοὺς</strong></span> <span class='ocrx_word' id='word_1_661' title='bbox 2744 3720 2801 3773; x_wconf 67' lang='grc' dir='ltr'><strong>δὲ</strong></span> <span class='ocrx_word' id='word_1_662' title='bbox 2848 3720 2946 3791; x_wconf 75' lang='grc' dir='ltr'><strong>τὴν</strong></span> <span class='ocrx_word' id='word_1_663' title='bbox 2987 3721 3201 3791; x_wconf 72' lang='grc' dir='ltr'><strong>ἐντολὴν</strong></span> <span class='ocrx_word' id='word_1_664' title='bbox 3241 3719 3578 3791; x_wconf 83' lang='grc' dir='ltr'><strong>πληροῦντας</strong></span> <span class='ocrx_word' id='word_1_665' title='bbox 3616 3719 3773 3781; x_wconf 79' lang='grc' dir='ltr'><strong>ἰκτὺς</strong></span> <span class='ocrx_word' id='word_1_666' title='bbox 3818 3718 4001 3788; x_wconf 81' lang='grc' dir='ltr'><strong>πάσης</strong></span> 
     </span>
    </p>
   </div>
   <div class='ocr_carea' id='block_1_95' title="bbox 2448 3810 4002 3883">
    <p class='ocr_par' dir='ltr' id='par_1_95' title="bbox 2448 3810 4002 3883">
     <span class='ocr_line' id='line_1_95' title="bbox 2448 3810 4002 3883; baseline 0.004 -24"><span class='ocrx_word' id='word_1_667' title='bbox 2448 3827 2466 3859; x_wconf 75' lang='grc' dir='ltr'><strong>ι</strong></span> <span class='ocrx_word' id='word_1_668' title='bbox 2504 3810 2943 3880; x_wconf 78' lang='grc' dir='ltr'><strong>αἰσχροκερδείας</strong></span> <span class='ocrx_word' id='word_1_669' title='bbox 2975 3812 3209 3881; x_wconf 79' lang='grc' dir='ltr'><strong>πληροῦν</strong></span> <span class='ocrx_word' id='word_1_670' title='bbox 3236 3812 3335 3872; x_wconf 75' lang='grc' dir='ltr'><strong>δεῖ.</strong></span> <span class='ocrx_word' id='word_1_671' title='bbox 3369 3813 3505 3883; x_wconf 78' lang='grc' dir='ltr'><strong>μήτε</strong></span> <span class='ocrx_word' id='word_1_672' title='bbox 3550 3812 3791 3883; x_wconf 78' lang='grc' dir='ltr'><strong>μήνυτρα</strong></span> <span class='ocrx_word' id='word_1_673' title='bbox 3821 3812 3854 3882; x_wconf 74' lang='grc' dir='ltr'>ἢ</span> <span class='ocrx_word' id='word_1_674' title='bbox 3888 3810 4002 3865; x_wconf 79' lang='grc' dir='ltr'><strong>σῶ-</strong></span> 
     </span>
    </p>
   </div>
   <div class='ocr_carea' id='block_1_96' title="bbox 2446 3896 3998 3972">
    <p class='ocr_par' dir='ltr' id='par_1_96' title="bbox 2446 3896 3998 3972">
     <span class='ocr_line' id='line_1_96' title="bbox 2446 3896 3998 3972; baseline 0.003 -21"><span class='ocrx_word' id='word_1_675' title='bbox 2446 3917 2466 3950; x_wconf 77' lang='grc' dir='ltr'><strong>ε</strong></span> <span class='ocrx_word' id='word_1_676' title='bbox 2507 3916 2670 3969; x_wconf 90' lang='grc' dir='ltr'><strong>στρα,</strong></span> <span class='ocrx_word' id='word_1_677' title='bbox 2700 3901 2732 3970; x_wconf 76' lang='grc' dir='ltr'>ἢ</span> <span class='ocrx_word' id='word_1_678' title='bbox 2762 3900 2991 3971; x_wconf 81' lang='grc' dir='ltr'><strong>εῦρετρα</strong></span> <span class='ocrx_word' id='word_1_679' title='bbox 3014 3940 3029 3965; x_wconf 89' lang='grc'><strong>,</strong></span> <span class='ocrx_word' id='word_1_680' title='bbox 3063 3903 3095 3972; x_wconf 75' lang='grc' dir='ltr'>ἢ</span> <span class='ocrx_word' id='word_1_681' title='bbox 3144 3896 3189 3969; x_wconf 82' lang='grc' dir='ltr'>ᾧ</span> <span class='ocrx_word' id='word_1_682' title='bbox 3227 3902 3447 3972; x_wconf 82' lang='grc' dir='ltr'><strong>ὀνόματι</strong></span> <span class='ocrx_word' id='word_1_683' title='bbox 3494 3901 3663 3955; x_wconf 89' lang='grc' dir='ltr'><strong>ταῦτα</strong></span> <span class='ocrx_word' id='word_1_684' title='bbox 3711 3901 3998 3969; x_wconf 82' lang='grc' dir='ltr'><strong>καλοῦσιν,</strong></span> 
     </span>
    </p>
   </div>
   <div class='ocr_carea' id='block_1_97' title="bbox 2454 3991 2935 4053">
    <p class='ocr_par' dir='ltr' id='par_1_97' title="bbox 2454 3991 2935 4053">
     <span class='ocr_line' id='line_1_97' title="bbox 2454 3991 2935 4053; baseline -0.002 -11"><span class='ocrx_word' id='word_1_685' title='bbox 2454 4007 2470 4041; x_wconf 87' lang='grc' dir='ltr'><strong>ι</strong></span> <span class='ocrx_word' id='word_1_686' title='bbox 2507 3991 2887 4053; x_wconf 82' lang='grc' dir='ltr'><strong>ἀπαιτοῦντας.</strong></span> <span class='ocrx_word' id='word_1_687' title='bbox 2918 4010 2935 4041; x_wconf 74' lang='grc' dir='ltr'><strong>ι</strong></span> 
     </span>
    </p>
   </div>
   <div class='ocr_carea' id='block_1_98' title="bbox 2513 4078 4004 4149">
    <p class='ocr_par' dir='ltr' id='par_1_98' title="bbox 2513 4078 4004 4149">
     <span class='ocr_line' id='line_1_98' title="bbox 2513 4078 4004 4149; baseline -0.001 -18"><span class='ocrx_word' id='word_1_688' title='bbox 2513 4079 2703 4133; x_wconf 79' lang='grc' dir='ltr'><strong>ΒΑΛΣ.</strong></span> <span class='ocrx_word' id='word_1_689' title='bbox 2740 4080 3152 4148; x_wconf 72' lang='grc' dir='ltr'><strong>⁹Δποδεξάμενος</strong></span> <span class='ocrx_word' id='word_1_690' title='bbox 3176 4080 3270 4149; x_wconf 78' lang='grc' dir='ltr'><strong>τὴν</strong></span> <span class='ocrx_word' id='word_1_691' title='bbox 3298 4078 3677 4147; x_wconf 84' lang='grc' dir='ltr'><strong>ἀγαθοθέλειαν</strong></span> <span class='ocrx_word' id='word_1_692' title='bbox 3697 4078 3805 4130; x_wconf 90' lang='grc' dir='ltr'><strong>τῶν</strong></span> <span class='ocrx_word' id='word_1_693' title='bbox 3836 4093 4004 4136; x_wconf 81' lang='grc' dir='ltr'><strong>προσ-</strong></span> 
     </span>
    </p>
   </div>
   <div class='ocr_carea' id='block_1_99' title="bbox 2442 4169 4003 4237">
    <p class='ocr_par' dir='ltr' id='par_1_99' title="bbox 2442 4169 4003 4237">
     <span class='ocr_line' id='line_1_99' title="bbox 2442 4169 4003 4237; baseline -0.001 -15"><span class='ocrx_word' id='word_1_694' title='bbox 2442 4170 2805 4237; x_wconf 78' lang='grc' dir='ltr'><strong>αγγειλάντων</strong></span> <span class='ocrx_word' id='word_1_695' title='bbox 2862 4172 3084 4233; x_wconf 76' lang='grc' dir='ltr'><strong>ἑαυτοὺς</strong></span> <span class='ocrx_word' id='word_1_696' title='bbox 3140 4171 3233 4222; x_wconf 83' lang='grc' dir='ltr'><strong>καί</strong></span> <span class='ocrx_word' id='word_1_697' title='bbox 3290 4169 3590 4221; x_wconf 83' lang='grc' dir='ltr'><strong>ἀποδόντων</strong></span> <span class='ocrx_word' id='word_1_698' title='bbox 3647 4169 4003 4237; x_wconf 82' lang='grc' dir='ltr'><strong>εὐγνωμονως</strong></span> 
     </span>
    </p>
   </div>
   <div class='ocr_carea' id='block_1_100' title="bbox 2441 4258 4002 4331">
    <p class='ocr_par' dir='ltr' id='par_1_100' title="bbox 2441 4258 4002 4331">
     <span class='ocr_line' id='line_1_100' title="bbox 2441 4258 4002 4331; baseline -0.001 -20"><span class='ocrx_word' id='word_1_699' title='bbox 2441 4259 2502 4312; x_wconf 87' lang='grc' dir='ltr'><strong>τὸ</strong></span> <span class='ocrx_word' id='word_1_700' title='bbox 2534 4259 2774 4331; x_wconf 79' lang='grc' dir='ltr'><strong>εὕρεμα,</strong></span> <span class='ocrx_word' id='word_1_701' title='bbox 2808 4260 3156 4331; x_wconf 88' lang='grc' dir='ltr'><strong>προστίθησιν</strong></span> <span class='ocrx_word' id='word_1_702' title='bbox 3202 4259 3465 4325; x_wconf 78' lang='grc' dir='ltr'><strong>δ--ᾶγιος,</strong></span> <span class='ocrx_word' id='word_1_703' title='bbox 3510 4258 3615 4321; x_wconf 86' lang='grc' dir='ltr'><strong>ὡς,</strong></span> <span class='ocrx_word' id='word_1_704' title='bbox 3662 4260 3708 4310; x_wconf 89' lang='grc' dir='ltr'><strong>εἰ</strong></span> <span class='ocrx_word' id='word_1_705' title='bbox 3757 4258 4002 4312; x_wconf 85' lang='grc' dir='ltr'><strong>θέλουσιν</strong></span> 
     </span>
    </p>
   </div>
   <div class='ocr_carea' id='block_1_101' title="bbox 2441 4346 4001 4421">
    <p class='ocr_par' dir='ltr' id='par_1_101' title="bbox 2441 4346 4001 4421">
     <span class='ocr_line' id='line_1_101' title="bbox 2441 4346 4001 4421; baseline -0.001 -17"><span class='ocrx_word' id='word_1_706' title='bbox 2441 4346 2586 4405; x_wconf 79' lang='grc' dir='ltr'><strong>οῦτοι</strong></span> <span class='ocrx_word' id='word_1_707' title='bbox 2631 4352 2938 4421; x_wconf 77' lang='grc' dir='ltr'><strong>λογισθῆναι</strong></span> <span class='ocrx_word' id='word_1_708' title='bbox 2986 4352 3263 4421; x_wconf 77' lang='grc' dir='ltr'><strong>πληρωταὶ</strong></span> <span class='ocrx_word' id='word_1_709' title='bbox 3299 4351 3396 4419; x_wconf 83' lang='grc' dir='ltr'><strong>τῆς</strong></span> <span class='ocrx_word' id='word_1_710' title='bbox 3441 4350 3658 4419; x_wconf 69' lang='grc' dir='ltr'><strong>ὶντολῆς</strong></span> <span class='ocrx_word' id='word_1_711' title='bbox 3708 4350 3800 4402; x_wconf 84' lang='grc' dir='ltr'><strong>τοῦ</strong></span> <span class='ocrx_word' id='word_1_712' title='bbox 3841 4354 4001 4417; x_wconf 67' lang='grc' dir='ltr'><strong>Θεοῦ,</strong></span> 
     </span>
    </p>
   </div>
   <div class='ocr_carea' id='block_1_102' title="bbox 2380 4429 4002 4512">
    <p class='ocr_par' dir='ltr' id='par_1_102' title="bbox 2380 4429 4002 4512">
     <span class='ocr_line' id='line_1_102' title="bbox 2380 4429 4002 4512; baseline -0.002 -19"><span class='ocrx_word' id='word_1_713' title='bbox 2380 4429 2419 4483; x_wconf 81' lang='grc' dir='ltr'><strong>θ</strong></span> <span class='ocrx_word' id='word_1_714' title='bbox 2442 4442 2712 4509; x_wconf 81' lang='grc' dir='ltr'><strong>ὀφείλουσι</strong></span> <span class='ocrx_word' id='word_1_715' title='bbox 2771 4442 2938 4512; x_wconf 76' lang='grc' dir='ltr'><strong>χωρὶς</strong></span> <span class='ocrx_word' id='word_1_716' title='bbox 2985 4440 3209 4510; x_wconf 82' lang='grc' dir='ltr'><strong>αἰσχροῦ</strong></span> <span class='ocrx_word' id='word_1_717' title='bbox 3256 4440 3477 4509; x_wconf 79' lang='grc' dir='ltr'><strong>κέρδους</strong></span> <span class='ocrx_word' id='word_1_718' title='bbox 3512 4439 3622 4491; x_wconf 85' lang='grc' dir='ltr'><strong>οἴου</strong></span> <span class='ocrx_word' id='word_1_719' title='bbox 3644 4439 3705 4509; x_wconf 89' lang='grc' dir='ltr'><strong>δή</strong></span> <span class='ocrx_word' id='word_1_720' title='bbox 3729 4456 3870 4501; x_wconf 91' lang='grc' dir='ltr'><strong>τινος</strong></span> <span class='ocrx_word' id='word_1_721' title='bbox 3901 4440 4002 4509; x_wconf 77' lang='grc' dir='ltr'><strong>τὴν</strong></span> 
     </span>
    </p>
   </div>
   <div class='ocr_carea' id='block_1_103' title="bbox 2443 4527 4003 4599">
    <p class='ocr_par' dir='ltr' id='par_1_103' title="bbox 2443 4527 4003 4599">
     <span class='ocr_line' id='line_1_103' title="bbox 2443 4527 4003 4599; baseline -0.001 -16"><span class='ocrx_word' id='word_1_722' title='bbox 2443 4531 2692 4583; x_wconf 75' lang='grc' dir='ltr'><strong>ἀπόδοσιν</strong></span> <span class='ocrx_word' id='word_1_723' title='bbox 2723 4528 2815 4581; x_wconf 89' lang='grc' dir='ltr'><strong>τοῦ</strong></span> <span class='ocrx_word' id='word_1_724' title='bbox 2852 4529 3146 4599; x_wconf 77' lang='grc' dir='ltr'><strong>εὐρὲματος</strong></span> <span class='ocrx_word' id='word_1_725' title='bbox 3178 4531 3365 4580; x_wconf 82' lang='grc' dir='ltr'><strong>ποιεῖν.</strong></span> <span class='ocrx_word' id='word_1_726' title='bbox 3404 4527 3619 4597; x_wconf 83' lang='grc' dir='ltr'><strong>Ὠρίσθη</strong></span> <span class='ocrx_word' id='word_1_727' title='bbox 3648 4528 3703 4581; x_wconf 73' lang='grc' dir='ltr'><strong>δὲ</strong></span> <span class='ocrx_word' id='word_1_728' title='bbox 3727 4528 3803 4598; x_wconf 69' lang='grc' dir='ltr'><strong>μὴ</strong></span> <span class='ocrx_word' id='word_1_729' title='bbox 3835 4529 4003 4581; x_wconf 74' lang='grc' dir='ltr'><strong>ἀπαι-</strong></span> 
     </span>
    </p>
   </div>
   <div class='ocr_carea' id='block_1_104' title="bbox 2441 4616 4003 4689">
    <p class='ocr_par' dir='ltr' id='par_1_104' title="bbox 2441 4616 4003 4689">
     <span class='ocr_line' id='line_1_104' title="bbox 2441 4616 4003 4689; baseline -0.002 -15"><span class='ocrx_word' id='word_1_730' title='bbox 2441 4620 2649 4675; x_wconf 88' lang='grc' dir='ltr'><strong>τεῖσθαι</strong></span> <span class='ocrx_word' id='word_1_731' title='bbox 2698 4619 2846 4689; x_wconf 82' lang='grc' dir='ltr'><strong>παρά</strong></span> <span class='ocrx_word' id='word_1_732' title='bbox 2900 4618 2993 4670; x_wconf 88' lang='grc' dir='ltr'><strong>τοῦ</strong></span> <span class='ocrx_word' id='word_1_733' title='bbox 3050 4620 3336 4689; x_wconf 78' lang='grc' dir='ltr'><strong>εὑρηκότος</strong></span> <span class='ocrx_word' id='word_1_734' title='bbox 3387 4618 3452 4669; x_wconf 65' lang='lat' dir='ltr'><strong>lx</strong></span> <span class='ocrx_word' id='word_1_735' title='bbox 3514 4616 3605 4670; x_wconf 90' lang='grc' dir='ltr'><strong>τοῦ</strong></span> <span class='ocrx_word' id='word_1_736' title='bbox 3668 4617 3861 4688; x_wconf 85' lang='grc' dir='ltr'><strong>μέρους</strong></span> <span class='ocrx_word' id='word_1_737' title='bbox 3904 4617 4003 4671; x_wconf 88' lang='grc' dir='ltr'><strong>τοῦ</strong></span> 
     </span>
    </p>
   </div>
   <div class='ocr_carea' id='block_1_105' title="bbox 2444 4706 4002 4778">
    <p class='ocr_par' dir='ltr' id='par_1_105' title="bbox 2444 4706 4002 4778">
     <span class='ocr_line' id='line_1_105' title="bbox 2444 4706 4002 4778; baseline 0.001 -17"><span class='ocrx_word' id='word_1_738' title='bbox 2444 4707 2788 4778; x_wconf 80' lang='grc' dir='ltr'><strong>αἰχμαλώτου</strong></span> <span class='ocrx_word' id='word_1_739' title='bbox 2825 4709 3069 4778; x_wconf 82' lang='grc' dir='ltr'><strong>μήνυτρα</strong></span> <span class='ocrx_word' id='word_1_740' title='bbox 3113 4708 3143 4774; x_wconf 86' lang='grc' dir='ltr'><strong>ἦ</strong></span> <span class='ocrx_word' id='word_1_741' title='bbox 3178 4708 3453 4778; x_wconf 83' lang='grc' dir='ltr'><strong>σῶστραῆ</strong></span> <span class='ocrx_word' id='word_1_742' title='bbox 3484 4706 3750 4778; x_wconf 81' lang='grc' dir='ltr'><strong>εῦρετρα,</strong></span> <span class='ocrx_word' id='word_1_743' title='bbox 3798 4708 3829 4777; x_wconf 75' lang='grc' dir='ltr'><strong>ἦ</strong></span> <span class='ocrx_word' id='word_1_744' title='bbox 3873 4710 4002 4763; x_wconf 78' lang='grc' dir='ltr'><strong>ἀλλο</strong></span> 
     </span>
    </p>
   </div>
   <div class='ocr_carea' id='block_1_106' title="bbox 2442 4796 3990 4866">
    <p class='ocr_par' dir='ltr' id='par_1_106' title="bbox 2442 4796 3990 4866">
     <span class='ocr_line' id='line_1_106' title="bbox 2442 4796 3990 4866; baseline 0 -15"><span class='ocrx_word' id='word_1_745' title='bbox 2442 4815 2516 4858; x_wconf 80' lang='grc' dir='ltr'><strong>τι,</strong></span> <span class='ocrx_word' id='word_1_746' title='bbox 2544 4797 2629 4851; x_wconf 87' lang='grc' dir='ltr'><strong>διά</strong></span> <span class='ocrx_word' id='word_1_747' title='bbox 2654 4798 2716 4850; x_wconf 77' lang='grc' dir='ltr'><strong>τὸ</strong></span> <span class='ocrx_word' id='word_1_748' title='bbox 2752 4797 2823 4866; x_wconf 82' lang='grc' dir='ltr'><strong>μὴ</strong></span> <span class='ocrx_word' id='word_1_749' title='bbox 2857 4797 2914 4862; x_wconf 60' lang='lat' dir='ltr'><strong>ir:</strong></span> <span class='ocrx_word' id='word_1_750' title='bbox 2949 4797 3201 4866; x_wconf 80' lang='grc' dir='ltr'><strong>ἀμελείας</strong></span> <span class='ocrx_word' id='word_1_751' title='bbox 3241 4796 3349 4849; x_wconf 88' lang='grc' dir='ltr'><strong>τῶν</strong></span> <span class='ocrx_word' id='word_1_752' title='bbox 3390 4796 3659 4849; x_wconf 85' lang='grc' dir='ltr'><strong>δεσποτῶν</strong></span> <span class='ocrx_word' id='word_1_753' title='bbox 3706 4797 3739 4866; x_wconf 73' lang='grc' dir='ltr'>ἢ</span> <span class='ocrx_word' id='word_1_754' title='bbox 3783 4799 3879 4851; x_wconf 78' lang='grc' dir='ltr'><strong>καὶ</strong></span> <span class='ocrx_word' id='word_1_755' title='bbox 3904 4816 3990 4851; x_wconf 87' lang='grc' dir='ltr'><strong>τυ-</strong></span> 
     </span>
    </p>
   </div>
   <div class='ocr_carea' id='block_1_107' title="bbox 2444 4885 4001 4958">
    <p class='ocr_par' dir='ltr' id='par_1_107' title="bbox 2444 4885 4001 4958">
     <span class='ocr_line' id='line_1_107' title="bbox 2444 4885 4001 4958; baseline 0.002 -19"><span class='ocrx_word' id='word_1_756' title='bbox 2444 4890 2609 4958; x_wconf 83' lang='grc' dir='ltr'><strong>χαίως</strong></span> <span class='ocrx_word' id='word_1_757' title='bbox 2636 4888 2883 4954; x_wconf 83' lang='grc' dir='ltr'><strong>γενέσθαι</strong></span> <span class='ocrx_word' id='word_1_758' title='bbox 2911 4887 3005 4956; x_wconf 82' lang='grc' dir='ltr'><strong>τὴν</strong></span> <span class='ocrx_word' id='word_1_759' title='bbox 3027 4886 3317 4949; x_wconf 78' lang='grc' dir='ltr'><strong>ἀπώλειαν,</strong></span> <span class='ocrx_word' id='word_1_760' title='bbox 3342 4885 3476 4939; x_wconf 84' lang='grc' dir='ltr'><strong>ἀλλά</strong></span> <span class='ocrx_word' id='word_1_761' title='bbox 3503 4887 3611 4938; x_wconf 82' lang='grc' dir='ltr'><strong>ἀπὸ</strong></span> <span class='ocrx_word' id='word_1_762' title='bbox 3631 4890 4001 4957; x_wconf 82' lang='grc' dir='ltr'><strong>περιστάσεως</strong></span> 
     </span>
    </p>
   </div>
   <div class='ocr_carea' id='block_1_108' title="bbox 2448 4977 4001 5051">
    <p class='ocr_par' dir='ltr' id='par_1_108' title="bbox 2448 4977 4001 5051">
     <span class='ocr_line' id='line_1_108' title="bbox 2448 4977 4001 5051; baseline 0.001 -19"><span class='ocrx_word' id='word_1_763' title='bbox 2448 4978 2685 5047; x_wconf 82' lang='grc' dir='ltr'><strong>μεγάλης</strong></span> <span class='ocrx_word' id='word_1_764' title='bbox 2725 4980 2817 5031; x_wconf 69' lang='grc' dir='ltr'><strong>καὶ</strong></span> <span class='ocrx_word' id='word_1_765' title='bbox 2860 4978 3157 5048; x_wconf 66' lang='grc' dir='ltr'><strong>ἐπιδρομῆς</strong></span> <span class='ocrx_word' id='word_1_766' title='bbox 3200 4977 3552 5049; x_wconf 75' lang='grc' dir='ltr'><strong>βαρϐαρικῆς.</strong></span> <span class='ocrx_word' id='word_1_767' title='bbox 3586 4980 3647 5033; x_wconf 79' lang='lat' dir='ltr'><strong>Ol</strong></span> <span class='ocrx_word' id='word_1_768' title='bbox 3689 4980 3798 5050; x_wconf 85' lang='grc' dir='ltr'><strong>γάρ</strong></span> <span class='ocrx_word' id='word_1_769' title='bbox 3838 4982 4001 5051; x_wconf 68' lang='grc' dir='ltr'><strong>εὑρημ-</strong></span> 
     </span>
    </p>
   </div>
   <div class='ocr_carea' id='block_1_109' title="bbox 2445 5069 4001 5141">
    <p class='ocr_par' dir='ltr' id='par_1_109' title="bbox 2445 5069 4001 5141">
     <span class='ocr_line' id='line_1_109' title="bbox 2445 5069 4001 5141; baseline 0.013 -18"><span class='ocrx_word' id='word_1_770' title='bbox 2445 5069 2599 5132; x_wconf 84' lang='grc' dir='ltr'><strong>κότες</strong></span> <span class='ocrx_word' id='word_1_771' title='bbox 2631 5072 2925 5139; x_wconf 82' lang='grc' dir='ltr'><strong>πράγματα</strong></span> <span class='ocrx_word' id='word_1_772' title='bbox 2956 5069 3015 5134; x_wconf 72' lang='grc' dir='ltr'><strong>ἐξ</strong></span> <span class='ocrx_word' id='word_1_773' title='bbox 3043 5070 3296 5139; x_wconf 71' lang='grc' dir='ltr'><strong>ἀμελείας</strong></span> <span class='ocrx_word' id='word_1_774' title='bbox 3329 5070 3436 5123; x_wconf 77' lang='grc' dir='ltr'><strong>τῶν</strong></span> <span class='ocrx_word' id='word_1_775' title='bbox 3470 5070 3736 5123; x_wconf 66' lang='grc' dir='ltr'><strong>δεσποτῶν</strong></span> <span class='ocrx_word' id='word_1_776' title='bbox 3769 5070 3801 5139; x_wconf 76' lang='grc' dir='ltr'>ἢ</span> <span class='ocrx_word' id='word_1_777' title='bbox 3834 5072 4001 5141; x_wconf 73' lang='grc' dir='ltr'><strong>τύχης</strong></span> 
     </span>
    </p>
   </div>
   <div class='ocr_carea' id='block_1_110' title="bbox 2447 5161 4005 5226">
    <p class='ocr_par' dir='ltr' id='par_1_110' title="bbox 2447 5161 4005 5226">
     <span class='ocr_line' id='line_1_110' title="bbox 2447 5161 4005 5226; baseline -0.002 -11"><span class='ocrx_word' id='word_1_778' title='bbox 2447 5162 2827 5222; x_wconf 55' lang='grc' dir='ltr'><strong>ἀπολεσθὼτα,</strong></span> <span class='ocrx_word' id='word_1_779' title='bbox 2859 5163 2950 5215; x_wconf 71' lang='grc' dir='ltr'><strong>καὶ</strong></span> <span class='ocrx_word' id='word_1_780' title='bbox 2972 5161 3439 5226; x_wconf 84' lang='grc' dir='ltr'><strong>ἀποκαθιστῶντες</strong></span> <span class='ocrx_word' id='word_1_781' title='bbox 3468 5162 3659 5223; x_wconf 87' lang='grc' dir='ltr'><strong>ταῦτα,</strong></span> <span class='ocrx_word' id='word_1_782' title='bbox 3684 5163 4005 5215; x_wconf 82' lang='grc' dir='ltr'><strong>ἀπαιτοῦσιν</strong></span> 
     </span>
    </p>
   </div>
   <div class='ocr_carea' id='block_1_111' title="bbox 2448 5250 4006 5321">
    <p class='ocr_par' dir='ltr' id='par_1_111' title="bbox 2448 5250 4006 5321">
     <span class='ocr_line' id='line_1_111' title="bbox 2448 5250 4006 5321; baseline -0.002 -17"><span class='ocrx_word' id='word_1_783' title='bbox 2448 5252 2694 5321; x_wconf 80' lang='grc' dir='ltr'><strong>εῦρετρα,</strong></span> <span class='ocrx_word' id='word_1_784' title='bbox 2728 5250 2907 5313; x_wconf 84' lang='grc' dir='ltr'><strong>καθὼς</strong></span> <span class='ocrx_word' id='word_1_785' title='bbox 2939 5252 3094 5304; x_wconf 82' lang='grc' dir='ltr'><strong>τοῦτο</strong></span> <span class='ocrx_word' id='word_1_786' title='bbox 3120 5253 3463 5320; x_wconf 82' lang='grc' dir='ltr'><strong>ἀναφαίνεται</strong></span> <span class='ocrx_word' id='word_1_787' title='bbox 3506 5253 3612 5305; x_wconf 78' lang='grc' dir='ltr'><strong>ἀπὸ</strong></span> <span class='ocrx_word' id='word_1_788' title='bbox 3637 5251 3745 5304; x_wconf 84' lang='grc' dir='ltr'><strong>τῶν</strong></span> <span class='ocrx_word' id='word_1_789' title='bbox 3782 5253 4006 5306; x_wconf 69' lang='grc' dir='ltr'><strong>ὄπισθεν</strong></span> 
     </span>
    </p>
   </div>
   <div class='ocr_carea' id='block_1_112' title="bbox 2450 5340 3163 5411">
    <p class='ocr_par' dir='ltr' id='par_1_112' title="bbox 2450 5340 3163 5411">
     <span class='ocr_line' id='line_1_112' title="bbox 2450 5340 3163 5411; baseline 0 -17"><span class='ocrx_word' id='word_1_790' title='bbox 2450 5342 2933 5411; x_wconf 82' lang='grc' dir='ltr'><strong>καταστρωθέντων</strong></span> <span class='ocrx_word' id='word_1_791' title='bbox 2966 5340 3163 5409; x_wconf 83' lang='grc' dir='ltr'><strong>νόμων.</strong></span> 
     </span>
    </p>
   </div>
   <div class='ocr_carea' id='block_1_113' title="bbox 2518 5430 4003 5504">
    <p class='ocr_par' dir='ltr' id='par_1_113' title="bbox 2518 5430 4003 5504">
     <span class='ocr_line' id='line_1_113' title="bbox 2518 5430 4003 5504; baseline -0.001 -20"><span class='ocrx_word' id='word_1_792' title='bbox 2518 5434 2753 5485; x_wconf 76' lang='grc' dir='ltr'><strong>ΖΩΝΑΡ.</strong></span> <span class='ocrx_word' id='word_1_793' title='bbox 2824 5433 2945 5494; x_wconf 82' lang='grc' dir='ltr'><strong>Τοῖς</strong></span> <span class='ocrx_word' id='word_1_794' title='bbox 3002 5430 3315 5500; x_wconf 81' lang='grc' dir='ltr'><strong>ὁμολογοῦσι</strong></span> <span class='ocrx_word' id='word_1_795' title='bbox 3366 5432 3427 5485; x_wconf 77' lang='grc' dir='ltr'><strong>τὸ</strong></span> <span class='ocrx_word' id='word_1_796' title='bbox 3476 5431 3684 5504; x_wconf 78' lang='grc' dir='ltr'><strong>εὕρεμα</strong></span> <span class='ocrx_word' id='word_1_797' title='bbox 3732 5432 3792 5484; x_wconf 73' lang='grc' dir='ltr'><strong>τὸ</strong></span> <span class='ocrx_word' id='word_1_798' title='bbox 3853 5432 4003 5483; x_wconf 73' lang='grc' dir='ltr'><strong>ἀλλό-</strong></span> 
     </span>
    </p>
   </div>
   <div class='ocr_carea' id='block_1_114' title="bbox 2449 5510 4006 5592">
    <p class='ocr_par' dir='ltr' id='par_1_114' title="bbox 2449 5510 4006 5592">
     <span class='ocr_line' id='line_1_114' title="bbox 2449 5510 4006 5592; baseline -0.002 -20"><span class='ocrx_word' id='word_1_799' title='bbox 2449 5538 2592 5592; x_wconf 83' lang='grc' dir='ltr'><strong>τριον</strong></span> <span class='ocrx_word' id='word_1_800' title='bbox 2630 5522 2753 5589; x_wconf 51' lang='grc' dir='ltr'><strong>,(3ἰ)</strong></span> <span class='ocrx_word' id='word_1_801' title='bbox 2806 5522 3337 5592; x_wconf 57' lang='grc' dir='ltr'><strong>συγγεκυμονέστερον</strong></span> <span class='ocrx_word' id='word_1_802' title='bbox 3392 5510 3717 5575; x_wconf 72' lang='grc' dir='ltr'><strong>διατίθεσθαι</strong></span> <span class='ocrx_word' id='word_1_803' title='bbox 3770 5523 3799 5569; x_wconf 77' lang='grc' dir='ltr'><strong>δ</strong></span> <span class='ocrx_word' id='word_1_804' title='bbox 3855 5522 4006 5586; x_wconf 63' lang='grc' dir='ltr'><strong>ἅγιος</strong></span> 
     </span>
    </p>
   </div>
  </div>
