4224 6440
764 368 865 429 547

1997 356 2697 421 TIIEODJMLSAMON

3866 349 3972 413 518

767 478 1067 536 Salvatoris
1097 480 1271 536 nostri
1315 478 1585 550 graziam.
1630 475 1982 541 depellamus,
2036 474 2375 542 simplicio-A
2409 488 2435 539 ς

2299 477 2375 532 i-A
2409 470 2678 539 φέρε,διά
2705 468 2954 539 βραχέων
3008 467 3099 521 καὶ
3163 471 3259 538 τὴν
3321 463 3411 518 τοῦ
3468 463 3706 533 πονηροῦ
3759 462 3967 529 πλάνην

765 586 995 639 rumque
1014 581 1249 626 mentem
1267 571 1670 625 contirmemus.
1694 567 1881 619 Omnia
1901 565 2117 626 quidem
2132 566 2326 617 munda
2399 564 2433 616 ἀ

2304 581 2326 617 a
2399 563 2763 628 ἀπελάσωμεν
2806 561 3011 631 τῇ,τού
3048 559 3297 629 Σωτῆρος
3329 556 3694 627 ήμῶιχάριτι,
3729 556 3824 607 καὶ
3869 554 3972 620 τήν

762 665 973 718 mundis
999 666 1015 695 ί
1046 682 1059 717 :
1092 664 1184 718 sed
1228 662 1567 731 impurorum
1617 670 1730 715 tum
1769 657 2112 739 _conscientia
2143 697 2159 719 .
2214 666 2329 710 tum
2401 673 2429 706 τ

2304 670 2329 709 rt
2401 653 2509 706 τῶν
2545 650 2928 722 ἁπλουστέρων
2983 651 3210 719 γνώμην
3246 648 3611 719 στηρίξωμεν.
3642 644 3847 700 Πάντα
3872 645 3972 712 μιν

765 761 959 808 οωιεη
987 752 1167 805 omnia
1212 752 1486 805 immunda
1527 760 1673 805 sunt.
1717 737 1881 803 Miror
1907 760 2087 803 autem
2117 747 2317 802 diaboli

766 838 1057 904 vafritiem,
1084 841 1175 909 qui
1206 841 1418 894 tametsi
1444 840 1717 908 corruptio
1747 840 1969 907 tuosque
1987 846 2089 902 est,
2110 839 2315 907 cogita—

763 932 941 986 tiones
968 931 1204 1001 suggerit
1230 932 1407 999 specie
1437 932 1651 1000 quidem
1678 931 1907 999 puritate
1932 930 2136 997 plenas.
2159 928 2312 993 Quod

765 1022 876 1090 agit
918 1022 1006 1075 ille
1054 1022 1371 1075 insidiarum
1419 1022 1597 1090 potius
1645 1035 1845 1084 causa,
1899 1036 2059 1088 quam
2108 1018 2315 1086 experi-

767 1110 953 1163 incnti.
985 1109 1104 1173 Quo
1136 1110 1301 1174 enim,
1329 1122 1386 1163 ut
1412 1125 1572 1177 supra
1600 1110 1729 1173 dixi,
1760 1118 1971 1163 ascetas
1997 1125 2024 1161 a
2056 1117 2314 1162 consueta

767 1206 821 1250 et
850 1197 1069 1251 salutari
1098 1198 1443 1260 meditatione
1471 1205 1697 1257 aveztat,
1726 1206 1885 1264 atque
1929 1196 2027 1248 hac
2052 1195 2106 1247 in
2132 1208 2188 1247 re
2220 1209 2314 1247 su-

770 1290 947 1357 perior
975 1288 1194 1350 evadat,
1228 1286 1535 1355 hujusmodi
1564 1288 1809 1355 quadam
1841 1287 2165 1347 insusurrat,
2196 1298 2316 1350 quas

770 1378 903 1430 nihil
927 1378 1047 1430 vitae
1072 1376 1338 1429 commodi
1369 1375 1601 1428 an‘erunt
1628 1392 1641 1429 :
1676 1376 1767 1429 sed
1796 1388 1964 1427 vanas
1993 1373 2315 1441 quaestiones

768 1475 823 1520 et
855 1481 1053 1534 nugas,
1091 1481 1120 1518 a
1162 1465 1317 1518 nobis
1367 1479 1496 1518 sane
1540 1464 1917 1534 repudiandas.
1966 1462 2105 1529 Quid
2139 1462 2315 1526 enim,

768 1568 970 1622 (lutoso,
1006 1555 1195 1608 dilecte
1220 1569 1282 1607 ac
1313 1555 1571 1628 piissime,
1621 1550 1825 1620 peccati
1872 1562 1961 1605 aut
1993 1552 2189 1619 impuri
2221 1566 2315 1603 na-

769 1642 927 1695 turali
962 1641 1100 1695 inest
1130 1643 1509 1696 excremento?
1541 1642 1737 1710 Ecquis
1772 1642 1901 1693 vitio
1945 1648 2148 1694 vertere
2197 1639 2319 1692 velit

772 1745 1043 1785 mucorem
1071 1745 1100 1783 e
1139 1729 1363 1783 naribus
1391 1729 1641 1798 ejectum,
1671 1729 1753 1783 vel
1780 1739 1934 1797 sputa
1966 1743 2059 1782 ore
2083 1726 2317 1781 emissa?

775 1822 970 1888 quibus
998 1821 1224 1888 plurima
1272 1835 1555 1889 possemus
1582 1820 1795 1881 addere,
1836 1819 2038 1873 ventris
2064 1819 2315 1872 nimirum

768 1924 1128 1975 excrementa,
1166 1926 1286 1980 qua:
1310 1912 1525 1965 animali
1551 1910 1615 1963 ad
1646 1912 1807 1962 vitam
1842 1908 2140 1963 necessaria
2169 1916 2316 1961 sunt.

767 1998 846 2052 Ad
880 2000 1011 2062 haec,
1040 2000 1083 2052 si
1120 2000 1388 2053 hominem
1420 2013 1536 2051 esse
1562 2012 1817 2050 manuum
1854 1994 1944 2047 Dei
1968 2010 2102 2063 opus
2127 2010 2317 2048 secun-

765 2089 894 2141 dum
922 2087 1229 2156 Bcripturas
1252 2090 1542 2151 credimus.
1570 2088 1839 2157 quomodo
1868 2101 1931 2139 ex
1965 2100 2097 2153 pura
2129 2094 2318 2153 poten-

766 2178 841 2230 tia
869 2192 1005 2245 opus
1047 2179 1469 2231 contaminatum
1500 2178 1713 2246 prodire
1745 2174 1943 2228 valuit?
1973 2173 2034 2227 Et
2063 2174 2137 2239 si,
2171 2182 2229 2227 ut
2263 2175 2316 2227 in

769 2266 989 2321 Actibus
1016 2267 1386 2335 apostolorum
1429 2267 1642 2336 legitur,
1698 2280 1869 2334 genus
1909 2263 2000 2318 Dei
2049 2280 2239 2318 sumus
2273 2270 2315 2327 ²,

768 2357 897 2410 nihil
930 2372 1058 2412 sane
1088 2358 1142 2411 in
1169 2358 1322 2411 nobis
1349 2359 1618 2426 impurum
1663 2358 1941 2411 habemus.
1986 2355 2137 2410 Tunc
2175 2354 2319 2410 enim

768 2446 943 2501 solum
973 2448 1336 2517 inquinamur,
1381 2463 1503 2503 cum
1534 2449 1751 2518 pessimi
1782 2448 1968 2503 odoris
1995 2462 2130 2516 opus
2150 2484 2164 2507 ,
2196 2461 2320 2515 pec.

767 2539 945 2585 catum
980 2533 1219 2597 scilicet,
1254 2548 1561 2602 Operamur.
1596 2535 1663 2589 At
1695 2550 1817 2589 cum
1853 2545 2041 2604 praeter
2078 2534 2323 2588 volunta-

768 2625 874 2668 tem
936 2618 1180 2673 naturale
1225 2622 1511 2690 quodpiam
1570 2632 1967 2677 excrementum
2035 2624 2317 2685 emittitur,

769 2710 897 2758 tunc
943 2714 1150 2760 naturae
1190 2711 1546 2773 necessitate,
1595 2722 1654 2765 ut
1694 2728 1855 2781 supra
1904 2714 2109 2767 diximu
2158 2753 2172 2777 ,
2210 2713 2322 2767 ham

768 2810 889 2848 eum
924 2798 1129 2852 caneris
1179 2799 1489 2855 toleramus.
1549 2799 1651 2855 Sed
1686 2804 1808 2871 quia
1854 2804 1919 2867 ii,
1968 2804 2165 2871 quibus
2214 2816 2321 2855 una

770 2885 935 2951 probe
983 2886 1162 2949 dictis,
1195 2887 1304 2941 imo
1348 2904 1378 2942 a
1426 2888 1536 2944 Deo
1580 2893 1744 2960 gestis
1792 2892 1953 2945 rebus
1988 2890 2321 2960 repugnandi

772 2975 912 3028 inest
939 2992 1101 3041 cura,
1138 2979 1337 3035 dictum
1383 2980 1511 3034 illud
1552 2982 1915 3051 evangelicum
1952 2984 2270 3049 detorquent
2306 3000 2319 3036 :

769 3058 887 3117 Non
917 3078 1037 3131 quae
1068 3065 1455 3135 ingrediuntur,
1499 3070 1592 3123 sed
1640 3085 1759 3138 quae
1799 3070 2144 3135 egrediuntur
2175 3071 2324 3125 co'in-

768 3153 998 3222 quinant
1049 3158 1319 3212 hominem
1362 3166 1419 3226 ις
1473 3160 1609 3214 banc
1666 3176 1851 3215 eorum
1908 3162 2205 3224 insaniam,
2258 3177 2325 3216 ne

770 3244 943 3299 dicam
1011 3247 1404 3314 quaestionem,
1458 3249 1816 3303 conl‘utemus.
1883 3248 2121 3303 Primum
2177 3252 2320 3304 enim

2416 747 2522 815 γάρ
2558 744 2781 812 καθαρὰ
2818 738 2934 807 τοῖς
2968 740 3269 809 καθαροῖς·
3299 742 3402 795 τῶν
3434 742 3488 793 δὲ
3530 738 3849 810 ἀκαθάρτων
3876 738 3973 793 καὶ

2415 839 2448 905 ή
2481 835 2777 903 συνείδησις
2812 836 2903 887 καὶ
2929 833 2998 886 τά
3035 833 3210 885 πάντα
3241 832 3583 901 μεμόλυνται.
3640 833 3883 899 ’Δγαμαι
3912 828 3971 883 δι

2415 926 2508 977 τοῦ
2531 924 2775 978 διαϐόλου
2806 925 2868 977 τδ
2900 925 3137 993 σόφισμα
3165 964 3178 987 ,
3226 924 3413 991 ᾶτιπερ
3439 962 3451 982 ,
3504 920 3676 991 φθορὰ
3703 922 3797 974 καὶ
3823 920 3970 988 λύμη

2415 1018 2690 1085 ὑπάρχων,
2724 1015 3012 1084 λογισμοὺς
3044 1013 3328 1068 ὑποϐάλλει
3360 1014 3437 1083 τῷ
3467 1014 3639 1067 δοκεῖν
3674 1012 3771 1081 μὲν
3800 1010 3973 1064 καθα-

2418 1107 2654 1175 ρότητος
2696 1104 2806 1157 ἔστι
2828 1105 2885 1156 δὲ
2914 1106 2974 1157 τὸ
3000 1105 3312 1174 γιγνόμενον
3342 1103 3529 1173 ὶνέδρα
3554 1104 3750 1173 μᾶλλον
3772 1102 3804 1171 ἦ
3830 1102 3975 1153 δοκι.

2418 1196 2603 1264 μασία.
2634 1196 2748 1247 ἰνα
2774 1197 2901 1262 γὰρ,
2932 1195 3009 1257 ὼς
3035 1198 3307 1267 προεῖπον,
3332 1193 3682 1264 ἀπασχολήσῃ
3846 1193 3973 1253 τοὺς

2414 1283 2655 1353 ἀσκητάς
2682 1284 2781 1353 τῆς
2814 1284 3001 1354 έθίμου
3036 1285 3130 1337 καὶ
3159 1284 3527 1353 σωτηριὼδους
3568 1283 3823 1352 μελέτης,
3878 1282 3973 1334 καὶ

2415 1373 2539 1444 δόξῃ
2568 1376 2786 1442 κρατεῖν
2806 1390 2820 1403 ·
2852 1374 2990 1426 κατά
3020 1373 3175 1427 τοῦτο
3203 1373 3423 1426 τοιαῦτὰ
3446 1390 3568 1426 τινα
3596 1375 3732 1425 κινεῖ
3766 1370 3972 1441 βομσύο

2417 1480 2509 1515 κια
2529 1502 2543 1525 ,
2584 1464 2738 1516 ἅτινα
2764 1463 2916 1534 φέρει
2951 1463 3047 1532 μὲν
3076 1463 3225 1516 οὐδὲν
3255 1463 3329 1532 τῷ
3358 1462 3455 1532 βίῳ
3486 1463 3749 1533 χρήσιμον
3769 1501 3783 1523 ,
3813 1461 3975 1522 κενὰς

2414 1550 2470 1602 δὲ
2488 1549 2740 1621 ζητήσεις
2756 1551 2849 1603 καὶ
2865 1549 3147 1621 φλυαρίας,
3165 1550 3230 1613 ἁς
3246 1551 3325 1603 δεῖ
3342 1549 3739 1621 παραιτεῖσθαι.
3758 1549 3823 1601 Τί
3842 1549 3972 1618 γὰρ,

2418 1642 2536 1694 εἰπέ
2576 1658 2683 1709 μοι,
2713 1635 2758 1694 ὦ
2797 1642 3045 1709 ἁγαπητὲ
3071 1642 3164 1695 καὶ
3190 1641 3567 1703 εὑλαΰέστατε,
3592 1640 3698 1710 ἔχει
3726 1642 3977 1708 ἁμάρτη-

2422 1746 2496 1798 μα
2525 1730 2557 1799 ἢ
2595 1730 2897 1800 ἀκάθαρτον
2929 1732 3125 1799 φυσική
3154 1747 3236 1793 τις
3268 1730 3539 1801 ἔκκρισις;
3571 1731 3644 1793 ὼς
3675 1730 3834 1791 εἴτις
3860 1728 3977 1781 sos-

2418 1816 2496 1869 λοι
2549 1817 2814 1871 ποιεῖσθαι
2859 1818 3105 1887 έγκλημα
3154 1820 3244 1871 καὶ
3271 1818 3367 1879 τὰς
3396 1817 3483 1870 διά
3514 1818 3673 1885 ῥινῶν
3699 1820 3977 1884 ἐκπεμποι

2422 1907 2587 1976 μένας
2620 1908 2791 1976 μύξας
2826 1910 2918 1961 καὶ
2950 1910 3015 1961 τὰ
3043 1910 3128 1961 διὰ
3161 1910 3424 1977 πόματος
3457 1908 3745 1976 πτύσματα
3765 1924 3777 1937 ·
3808 1906 3895 1958 ἔτι
3920 1906 3977 1958 δὲ

2420 2000 2513 2052 καὶ
2540 2000 2739 2051 τούτων
2769 2000 2961 2069 ἔχομεν
2991 2000 3167 2066 λέγειν
3204 1999 3440 2061 πλείονα,
3467 1998 3563 2061 τὰς
3587 1996 3673 2049 διὰ
3697 1996 3978 2065 γαστέρων

2418 2089 2709 2159 ἐκκρίσεις,
2740 2090 2882 2160 άπερ
2910 2089 2985 2158 τῷ
3006 2089 3128 2157 ζώῳ
3155 2088 3289 2157 πρὸς
3314 2088 3372 2139 τὸ
3398 2089 3494 2157 ζῇν
3522 2089 3791 2153 ἀναγκαῖα
3848 2084 3981 2137 καθ-

2418 2178 2664 2248 έστηκεν.
2699 2180 2815 2231 Ἔτι
2842 2195 2899 2231 τε
2947 2215 2963 2240 ,
3098 2180 3145 2231 εί
3173 2176 3277 2230 τῶν
3300 2177 3391 2230 τοῦ
3428 2176 3559 2229 Θεοῦ
3594 2177 3787 2246 χειρῶν
3819 2176 3980 2244 ἔργον

2418 2265 2553 2321 εἶναι
2584 2268 2907 2337 πιστεύομεν
2937 2268 3026 2321 τὸν
3052 2267 3354 2339 ἄνθρωπον,
3385 2266 3523 2319 κατὰ
3549 2269 3642 2329 τὰς
3666 2267 3815 2327 θείας
3837 2265 3983 2334 Γρα-

2419 2358 2543 2427 φάς,
2576 2360 2689 2422 πῶς
2722 2360 2947 2428 ἠδύνατο
2975 2361 3039 2411 ὲκ
3068 2358 3308 2427 καθαρᾶς
3333 2358 3609 2428 δυνάμεως
3633 2358 3789 2429 ἔργον
3815 2373 3868 2408 τι
3895 2355 3981 2423 γί-

2420 2452 2601 2507 νεσθαι
2633 2451 3069 2522 μεμολυσμένον;
3100 2452 3207 2502 Καὶ
3240 2451 3286 2502 εί
3323 2450 3477 2517 γένος
3516 2450 3609 2502 τοῦ
3638 2449 3771 2502 Θεοῦ
3804 2450 3984 2518 ὑπάρ-

2420 2560 2583 2613 χομεν
2614 2543 2750 2596 κατὰ
2777 2542 2874 2605 τὰς
2900 2541 3049 2604 θείας
3069 2541 3177 2594 τῶν
3206 2541 3515 2596 ἀποστόλων
3542 2540 3791 2611 Πράξεις,
3829 2541 3983 2594 οὐδὲν

2420 2635 2612 2703 ἔχομεν
2641 2635 2698 2685 ὲν
2729 2635 2937 2696 ἑαυτοῖς
2966 2633 3291 2702 ἀκάθαρτον.
3322 2632 3450 2684 Τότε
3488 2633 3595 2701 γάρ
3626 2632 3784 2700 μόνον
3812 2649 3983 2702 μεμο-

2420 2726 2681 2794 λύσμεθα,
2711 2728 2796 2778 ὅτε
2821 2725 2919 2793 τὴν
2944 2724 3347 2793 δυσωδεστάτην
3380 2723 3649 2793 ἁμαρτίαν
3678 2722 3993 2793 ἐργαζόμεσ·

2420 2817 2506 2868 θα.
2546 2816 2671 2867 Ὅτε
2702 2815 2759 2868 δὲ
2786 2815 2985 2884 φυσική
3017 2830 3101 2876 τις
3135 2813 3378 2882 ικκρισις
3423 2812 3729 2883 ἁὸουλήτως
3900 2814 3986 2879 γί-

2420 2918 2567 2954 νεται
2586 2941 2599 2962 ,
2632 2902 2751 2954 τότε
2782 2904 2845 2972 τῇ
2873 2904 2971 2971 τῆς
3003 2902 3216 2969 φύσεως
3252 2901 3466 2973 ἀνάγκη
3498 2901 3633 2971 μετὰ
3657 2900 3763 2953 τῶν
3786 2902 3983 2966 ἄλλων,

2421 2991 2496 3053 ὡς
2520 2991 2847 3061 προείπομεν
2864 3031 2879 3054 ,
2919 2993 3013 3045 καὶ
3040 2991 3197 3045 τοῦτο
3221 2992 3579 3061 ὑπομένομεν.
3618 2992 3750 3043 Ἀλλ’
3773 2992 3988 3061 ἐπειδή-

2422 3098 2527 3151 περ
2560 3082 2609 3134 οῖ
2642 3080 2885 3144 θέλοντες
2916 3082 3071 3151 μόνον
3100 3081 3397 3149 ἀντιλέγειν
3426 3085 3536 3144 τοῖς
3566 3082 3736 3151 ὀρθῶς
3760 3081 3988 3152 λεγομέ-

2422 3189 2530 3233 νοις
2554 3209 2569 3234 ,
2608 3171 2805 3240 μᾶλλον
2833 3171 2891 3223 δὲ
2925 3170 3071 3240 παρὰ
3114 3171 3249 3223 Θεοῦ
3281 3171 3690 3241 πεποιημένοις,
3739 3171 3987 3241 παραφέ-

2425 3277 2575 3331 ρουσι
2604 3262 2697 3312 καὶ
2847 3262 3007 3330 ῥητὸν
3030 3261 3377 3327 εύαγγελικόν
3401 3278 3411 3291 ·
3432 3261 3505 3323 ὡς
3522 3262 3601 3313 ὅτι
3617 3261 3691 3312 Οὐ
3719 3260 3786 3311 τά
3808 3261 3987 3330 εἰσερ-

774 3333 1080 3403 Scripturas
1108 3351 1203 3405 pro
1244 3353 1338 3392 sua
1387 3339 1716 3407 ignorantia,
1766 3340 2042 3394 instabiles
2068 3356 2198 3394 sane
2227 3340 2322 3393 ho-
2349 3374 2389 3429 ε
2423 3370 2442 3419 λ

2314 3368 2322 3378 ·
2349 3374 2389 3429 C
2423 3352 2624 3420 χόμενα
2658 3354 2824 3404 κοινοῖ
2864 3352 2953 3405 τὸν
2980 3352 3261 3421 ἄνθρωπον
3285 3393 3299 3417 ,
3351 3351 3484 3404 ἀλλὰ
3523 3352 3590 3404 τά
3620 3352 3950 3420 έξερχόμενα
3970 3368 3982 3382 ·

773 3426 945 3479 mines
971 3464 985 3487 ,
1016 3426 1307 3494 depravant
1343 3432 1379 3480 ⁸.
1436 3428 1603 3483 Porro
1634 3430 1873 3483 divinum
1923 3433 2201 3484 oraculum
2244 3433 2321 3485 sic
2360 3426 2377 3429 ⁷
2424 3442 2441 3491 d

2318 3452 2321 3481 ‘-
2360 3426 2377 3429 ν
2424 3442 2734 3506 ἀναγκαίως
2755 3443 2932 3497 αὐτῶν
2962 3444 3054 3494 καὶ
3078 3441 3281 3510 ταύτην
3311 3442 3407 3511 τὴν
3435 3442 3672 3508 ἁλογίαψ
3697 3443 3757 3494 οὐ
3791 3443 3899 3512 γὰρ
3920 3441 3986 3494 ἂν

776 3514 934 3567 habet
964 3534 976 3568 :
1002 3529 1123 3569 cum
1160 3518 1377 3585 quidam
1412 3520 1553 3572 enim
1583 3560 1597 3583 ,
1628 3520 2080 3587 quemadmodum
2117 3522 2224 3583 isti,
2258 3522 2323 3574 de

773 3603 908 3657 cibis
954 3606 1285 3675 ambigerem
1309 3646 1324 3670 ,
1355 3607 1466 3675 ipse
1493 3607 1752 3662 Dominus
1783 3650 1797 3673 ,
1830 3619 1887 3663 ut
1915 3625 2100 3664 eorum
2126 3611 2325 3664 levaret

776 3690 1129 3759 ignorantiam
1151 3734 1165 3759 ,
1208 3695 1497 3765 dolumque
1531 3699 1739 3752 cunctis
1771 3708 2047 3768 retegeret,
2081 3701 2177 3764 ait,
2208 3698 2325 3755 Non

772 3798 833 3837 ea
882 3799 1002 3851 quae
1048 3785 1420 3854 ingrediuntur
1475 3788 1745 3842 hominem
1796 3790 2176 3857 coinquinare,
2234 3792 2326 3865 sed

772 3890 892 3943 qua:
948 3875 1313 3943 egrediuntur.
1361 3878 1522 3931 Addit
1571 3887 1690 3946 post
1735 3880 1881 3941 haec,
1941 3890 1995 3934 et
2056 3882 2325 3935 undenam

774 3966 1120 4035 egrediuntur
1153 3952 1253 4020 :cx
1300 3968 1479 4022 corde.
1546 3968 1699 4034 Quod
1749 3970 1916 4037 probe
1985 3980 2169 4025 nosset
2218 3972 2327 4026 illic

776 4055 1119 4122 profanarum
1180 4056 1563 4126 cogitationum
1638 4060 1982 4128 aliorumque
2058 4062 2324 4114 scelerum

774 4144 946 4197 malos
991 4146 1165 4199 inesse
1209 4146 1509 4200 thesauros.
1551 4146 1773 4201 Brevins
1823 4159 2000 4203 autem
2044 4149 2326 4216 Apostolus

776 4237 1003 4304 i.!ipsum
1031 4236 1211 4290 docuit
1243 4237 1389 4290 hisce
1410 4237 1583 4290 verbis
1609 4254 1620 4287 :
1658 4235 1792 4290 Esca
1820 4254 1920 4290 non
1953 4254 2044 4291 nos
2070 4255 2327 4291 commen-

772 4330 864 4383 c'at
900 4332 1037 4385 Dco'
1070 4372 1083 4384 .
1107 4331 1223 4385 Jam
1254 4334 1447 4400 aliquis
1477 4341 1775 4400 opportune
1804 4333 2000 4387 dixerit
2030 4352 2042 4386 :
2074 4332 2326 4386 Naturale

773 4431 1171 4475 excrementum
1210 4423 1339 4475 nulli
1386 4437 1484 4475 nos
1518 4422 1780 4489 supplicio
2007 4423 2222 4475 addicit.
2263 4420 2328 4475 Et

776 4510 1003 4565 fortasse
1038 4512 1136 4580 ipsi
1168 4512 1357 4567 mediei
1393 4516 1471 4576 (ut
1504 4513 1629 4567 hinc
1658 4513 1902 4566 homines
1936 4512 2009 4565 illi
2040 4512 2121 4565 vel
2145 4512 2212 4565 ab
2238 4528 2328 4567 ex-

775 4606 975 4657 traneis
1022 4604 1224 4673 pudore
1275 4603 1607 4668 ati‘uiautur)
1647 4604 1942 4675 .noliiscum
2002 4604 2321 4671 defendent,

2421 3530 2666 3599 εῖποιμεν
2813 3532 3053 3600 ζήτησιν,
3076 3529 3379 3600 ὲλέγξομεν.
3406 3532 3622 3601 Πρῶτον
3642 3531 3738 3601 μὲν
3762 3532 3871 3601 γάρ
3890 3530 3988 3592 τὰς

2423 3619 2643 3688 Γραφὰς
2670 3620 2807 3671 κατά
2834 3619 2932 3682 τὰς
2963 3620 3095 3682 ίδίας
3120 3620 3355 3689 ἀμαθίας
3369 3621 3683 3690 ἀστήρικτοι
3708 3621 3859 3681 ὄντες
3876 3620 3989 3689 βιά-

2426 3708 2624 3773 ζονται.
2645 3712 2796 3780 Ἔχει
2824 3711 2880 3763 δὲ
2899 3712 2958 3763 τὸ
2980 3710 3121 3763 θετον
3150 3709 3290 3763 οὕτω
3311 3711 3487 3777 λόγιον
3511 3728 3523 3742 ’
3556 3711 3727 3764 Τινῶν
3752 3710 3861 3779 γὰρ
3883 3712 3989 3764 πά-

2424 3802 2506 3853 λιν
2538 3801 2746 3863 τούτοις
2783 3801 2981 3870 ὁμοίως
3015 3802 3314 3865 ένδυαστῶς
3347 3803 3574 3872 ἑχόντων
3608 3801 3735 3871 περὶ
3766 3800 3991 3869 βρωμά-

2424 3909 2559 3951 των,
2593 3890 2753 3953 αὐτὸς
2795 3892 2823 3943 ὁ
2857 3891 3058 3960 Κύριος
3088 3891 3226 3944 λύων
3266 3891 3443 3943 αὐτῶν
3470 3892 3568 3961 τὴν
3598 3891 3837 3957 ἁγνοιαν,
3867 3890 3901 3959 ἥ
3935 3892 3987 3957 γ’

2426 3973 2515 4031 οὖν
2538 3977 2633 4047 τὴν
2666 3978 2879 4046 ἀπάτην
2910 3978 3279 4048 δημοσιεύων,
3320 3982 3452 4048 φησι⁵
3476 4018 3489 4041 ,
3518 3978 3609 4047 Μὴ
3641 3976 3710 4028 τὰ
3741 3976 3988 4047 dosori—

2429 4082 2562 4135 μενα
2596 4065 2941 4118 κοινοῦνετδν
2974 4065 3291 4135 ἄνθρωπον,
3344 4064 3477 4117 ἀλλά
3518 4064 3587 4117 τὰ
3638 4064 3987 4133 ἐξερχόμενα.

2426 4150 2559 4208 Εἶτα
2585 4156 2797 4222 ἐπάγει,
2826 4156 2919 4208 καὶ
2941 4155 3100 4208 πόθεν
3129 4156 3454 4226 έξερχόμενα
3472 4171 3485 4185 ·
3517 4155 3585 4207 τά
3611 4154 3717 4207 ἀπὺ
3741 4154 3987 4225 καρδίας.

2438 4248 2584 4299 Ἐκεῖ
2608 4246 2715 4316 γὰρ
2736 4243 2873 4299 εἶναι
2904 4248 3027 4308 τοὺς
3050 4247 3316 4316 πονηροὺς
3346 4246 3649 4316 θησαυροὺς
3676 4244 3783 4296 τῶν
3831 4244 3993 4312 βεϐή-

2426 4338 2530 4389 λων
2552 4338 2825 4406 λογισμῶν
2848 4339 3061 4389 καὶτῶν
3082 4337 3255 4390 ἀλλων
3280 4337 3685 4406 ἁμαρτημάτων
3709 4336 3941 4401 γίνωσκε
3951 4355 3989 4386 ι.

2426 4426 2833 4495 Συντομώτερον
2882 4427 2938 4479 δὲ
2984 4429 3012 4478 ό
3073 4426 3387 4489 ’Λπόστολος
3438 4426 3566 4478 αὐτὸ
3618 4424 3994 4493 δεδιδαγμένος

2428 4515 2558 4583 φησί
2578 4531 2591 4543 °
2627 4514 2835 4583 Βρῶμα
2859 4515 2925 4567 δὲ
2952 4514 3105 4583 ἡμᾶς
3128 4518 3198 4568 οὐ
3225 4499 3595 4583 παραστῆσει
3752 4513 3828 4577 τῷ
3847 4512 3990 4577 Θεῷ.

2425 4604 2561 4671 tltan
2594 4603 2637 4655 δ’
2664 4600 2727 4655 ἄν
2760 4621 2839 4664 τις
2870 4604 2960 4654 καὶ
2985 4603 3077 4655 νῦν
3107 4604 3340 4672 εὐλόγως
3359 4623 3371 4634 ·
3403 4606 3605 4673 Φυσική
3635 4622 3717 4666 τις
3746 4603 3992 4673 ἔκκρισις

773 4694 991 4747 animali
1043 4693 1196 4746 dalos
1245 4708 1365 4747 esse
1403 4693 1665 4758 quosdam
1708 4693 2041 4747 necessarios
2089 4703 2317 4758 meatus,
2356 4689 2441 4743 Di

2356 4689 2397 4741 Ι)
2426 4692 2570 4761 ἡμᾶς
2625 4693 2683 4743 ού
2739 4696 3075 4763 παραστήσει
3120 4696 3255 4764 πρὸς
3287 4696 3573 4765 τιμωρίαν.
3611 4695 3763 4763 Τάχα
3804 4694 3861 4745 δὲ
3897 4695 3992 4749 καὶ

774 4783 839 4835 ad
883 4784 1131 4835 humores
1159 4782 1249 4850 qui
1292 4782 1342 4833 in
1382 4782 1606 4849 singulis
1634 4781 1897 4834 habentur
1933 4783 2187 4836 membris
2221 4800 2321 4836 no-
2432 4800 2442 4833 ι

2432 4783 2612 4844 παῖδες
2643 4784 2858 4852 ἰατρῶν,
2886 4785 2971 4836 ἱνα
3001 4787 3098 4837 κᾶν
3125 4788 3187 4838 ἐκ
3215 4785 3321 4837 τῶν
3354 4784 3548 4849 ἔξωθεν
3577 4785 3989 4854 δυσωπηθῶσιν.

776 4872 901 4923 stris
952 4872 1242 4939 egerendos
1277 4888 1290 4923 :
1322 4870 1498 4937 qualia
1550 4880 1675 4924 sunt
1722 4872 1911 4937 capitis
1958 4881 2321 4931 excrementa.
2430 4874 2444 4925 ί

2430 4874 2566 4943 ὑπὲρ
2604 4875 2790 4927 τούτου
2829 4876 3255 4945 ἀπολογήσονται
3278 4896 3291 4909 ·
3350 4881 3430 4931 ὅτι
3460 4878 3536 4947 τῷ
3584 4878 3707 4947 (dim
3751 4878 3990 4930 δέδονται

766 4966 882 5034 pili,
909 4965 1383 5035 aquositatesqum
1406 4981 1471 5021 ex
1501 4968 1677 5033 rapite
1708 4966 2034 5019 emittuntur
2066 4980 2082 5018 :
2120 4966 2326 5021 ventris
2432 4982 2434 4995 ·

2432 4979 2573 5025 τινες
2613 4964 2915 5032 ἀναγκαῖαι
2956 4964 3175 5027 διέξοδοι
3214 4967 3357 5019 κατά
3401 4965 3509 5019 τῶν
3539 4965 3596 5016 έν
3625 4967 3759 5034 ἡμῖν
3789 4966 4007 5035 ἑκάστῳ

760 5056 888 5109 item
915 5070 1192 5118 secessus,
1219 5055 1415 5124 illaque
1441 5058 1894 5124 sperinaticorum
1923 5066 2195 5108 meatuuin
2234 5070 2327 5109 su-

2433 5054 2615 5121 με>.ῶν
2669 5058 3021 5123 τρεφομένων
3060 5056 3120 5107 τὸ
3149 5056 3406 5126 περιττὸν
3461 5057 3840 5123 ἀποπέμπειν
3893 5052 4005 5109 οἷον

758 5148 1057 5211 perliniias.
1085 5146 1434 5213 Ecquotluam
1461 5146 1560 5200 hac
1582 5147 1633 5200 in
1666 5161 1721 5200 re
1745 5157 2027 5211 peccatum
2062 5148 2114 5201 in
2130 5147 2322 5209 Deum.

2427 5145 2672 5212 κεφαλῆς
2697 5146 3112 5216 περιττώματα,
3149 5148 3356 5216 τρίχες,
3393 5148 3489 5203 καὶ
3519 5148 3589 5201 τά
3616 5148 3725 5201 ἀπὸ
3758 5151 4006 5215 κεφαλῆς

750 5252 917 5291 senex
957 5237 1390 5306 religiosissime.
1427 5249 1551 5291 cuni
1575 5236 1689 5302 ipse
1718 5236 1980 5289 Dominus
2002 5236 2093 5304 qui
2125 5235 2322 5288 animal

2428 5236 2675 5303 ύδατώδη
2707 5238 3059 5307 πεμπόμενα.
3079 5240 3171 5292 καὶ
3191 5240 3425 5305 γαστρὸς
3460 5241 3885 5308 διαχωρήματα,
3915 5244 4007 5294 καὶ

749 5326 1017 5393 condidit,
1056 5327 1107 5379 id
1149 5328 1359 5380 eurarit
1385 5325 1761 5393 eli‘eceritque.
1821 5333 1879 5377 ut
1929 5326 2043 5378 haec
2073 5325 2315 5378 membra

2424 5328 2604 5379 τοίνυν
2631 5330 2740 5382 τῶν
2774 5332 3170 5399 σπερματικῶν
3207 5332 3394 5400 πόρων
3440 5335 3619 5385 έκεῖνο
3648 5334 4000 5404 περίττωμα.

748 5428 926 5470 essent
956 5418 1527 5483 ejusniodi-iizeziILbus
1556 5428 1843 5471 instructa.
1888 5415 2158 5470 Caeterum
2192 5418 2314 5484 quia

2427 5420 2561 5490 Πυίᾳ
2587 5423 2764 5472 τοίνυν
2778 5423 2899 5475 ἐστι
2920 5424 3053 5492 πρὸς
3068 5418 3275 5485 Θιοῦ,ὧ
3292 5426 3568 5492 πρεσῦὗτα
3588 5424 4004 5493 θεοφιλέστατε,

750 5508 1125 5575 praevertenda
1154 5518 1281 5561 sunt
1302 5509 1671 5576 improborum
1695 5517 2011 5576 argumenta
2048 5524 2062 5559 :
2090 5507 2318 5560 fortasse

2430 5512 2693 5580 ἁμαρτία,
2712 5513 2877 5565 αὐτοῦ
2913 5515 2999 5566 τοῦ
3022 5514 3324 5578 πλάσαντος
3347 5517 3405 5569 τδ
3418 5514 3525 5580 ζῶν
3541 5520 3819 5570 Δεσπότου
3836 5518 3967 5583 θελή
3985 5546 4001 5559 -

748 5600 894 5653 cnim
932 5601 1171 5654 dixerint
1210 5620 1221 5654 :
1259 5598 1401 5669 Ergo
1463 5616 1559 5653 uec
1603 5616 1764 5655 verus
1819 5616 2008 5654 eorum
2072 5616 2202 5654 uSus
2234 5611 2319 5654 est

2430 5621 2618 5667 σαντος
2650 5606 2740 5658 καὶ
2760 5607 3086 5677 ποιήσαντος
3108 5608 3283 5662 ταῦτα
3310 5610 3375 5663 τά
3397 5609 3532 5680 μέλη
3552 5608 3812 5674 τοιαύτας
3852 5612 4000 5680 ἔχειν

826 5735 840 5751 ι
870 5720 973 5770 Tit.
1016 5738 1052 5780 ι,
1094 5723 1174 5778 13.
1259 5728 1275 5756 ³
1319 5724 1433 5778 Διί.
1485 5740 1609 5787 \\'l',
1662 5725 1746 5779 28.
1826 5726 1841 5755 ³
1874 5726 2059 5781 Matth.
2104 5743 2189 5789 xv,
2231 5726 2319 5781 ‘20.
2400 5726 2415 5755 ³
2451 5727 2489 5781 ιι

1826 5726 1841 5755 ³
1874 5726 2059 5781 Matth.
2104 5743 2189 5789 xv,
2231 5726 2319 5781 ‘20.
2400 5726 2415 5755 ³
2451 5727 2489 5781 il
2527 5729 2668 5787 Pctr.
2705 5746 2779 5792 ιιι,
2823 5730 2901 5786 ιδ.
2982 5733 3041 5785 ‘l
3080 5732 3201 5788 Cur.
3248 5749 3363 5793 \‘ltl,
3394 5733 3445 5788 8.
