4224 6440
275 400 380 462 54)

273 525 538 589 δ.εξὸδους
560 544 572 588 ;
607 529 821 600 Ἐπειδὴ
850 531 904 582 δὲ

275 619 526 687 πονηρῶν
556 621 925 689 ἐναντιώματα
944 663 957 685 ,
987 624 1187 676 εῐποιεν
1218 626 1324 694 γαρ
1349 627 1411 679 ἄν
1436 644 1446 655 ·
1484 630 1594 680 υὺκ
1618 626 1708 681 οὖν
1734 632 1830 681 οὑκ

274 706 421 759 ἐστιν
459 711 699 779 ἁμαρτία
744 711 859 761 οὐδὲ
892 713 923 779 ὴ
971 712 1171 780 ἀληθὴς
1210 715 1429 782 χρῆσις,
1462 717 1509 765 εί
1536 717 1599 767 τὰ
1630 717 1831 784 ὄργανα

276 799 427 865 παρὰ
457 799 548 849 τοῦ
578 802 914 869 Δημιουργοῦ
946 801 1357 858 διαπέπλασται.
1512 807 1652 875 Πρὸς
1678 807 1831 858 τοῦτο

273 887 702 956 ὲρωτηματικῶς
737 892 931 951 αὐτοὺς
962 890 1256 960 παύσωμεν
1297 894 1624 960 φάσκοντες·
1666 896 1830 947 Ποίαν

274 974 448 1039 λέγεις
471 976 683 1043 χρῆσιν,
702 977 796 1045 τὴν
822 977 1040 1045 ἔννομον
1057 1018 1070 1038 ,
1099 980 1163 1047 ἢν
1191 981 1283 1032 καὶ
1312 984 1339 1033 ὀ
1364 981 1492 1043 Θεὸς
1516 983 1829 1060 ἐπέτρεψεν,

272 1063 617 1127 Δὺξὰνεσθε
637 1107 649 1127 ,
682 1066 849 1131 λέγων
870 1108 882 1129 ,
917 1068 1012 1119 καί
1056 1072 1449 1135 πληθύνεσθε,
1486 1072 1581 1123 καί
1608 1070 1831 1137 πληρώ-

272 1170 421 1207 σατε
463 1156 575 1221 τὴν
604 1154 748 1223 γῆν·
799 1158 864 1226 ἢν
896 1160 924 1208 ὀ
960 1160 1274 1221 Ἀπόστολος
1310 1162 1601 1223 ἀπεδέξατο
1630 1160 1794 1212 εἰπών
1814 1178 1827 1190 ν

276 1248 469 1312 Τίμιος
502 1251 533 1299 ό
564 1247 747 1314 γάμος
790 1250 885 1300 καὶ
940 1251 976 1314 ὴ
1009 1251 1172 1317 κοίτη
1207 1252 1489 1318 ἀμίαντος
1512 1270 1523 1281 ·
1556 1252 1587 1320 ἢ
1616 1251 1711 1321 τὴν
1742 1253 1833 1319 δη-

273 1333 422 1404 μώδη
453 1335 570 1403 μὲν,
598 1336 862 1404 λαθραίως
885 1337 937 1387 δὲ
970 1340 1059 1389 καὶ
1094 1339 1354 1407 μοιχικῶς
1382 1340 1828 1408 ὲπιτελουμένηνς

286 1426 437 1476 Ἐπεὶ
464 1426 677 1477 καὶτῶν
699 1426 889 1487 ἄλλων,
914 1426 1020 1476 τῶν
1041 1428 1097 1477 ὲν
1122 1428 1196 1494 τῷ
1219 1428 1316 1495 βίῳ
1337 1428 1653 1495 γινομένων,
1677 1429 1833 1497 εὑρή-

268 1530 434 1568 σουεν
462 1516 556 1577 τὰς
587 1516 843 1586 διαφορὰς
873 1517 1010 1569 κατά
1038 1535 1087 1568 τι
1118 1518 1402 1586 γινομένας
1422 1535 1433 1547 ·
1457 1514 1565 1570 οἷον
1591 1518 1830 1585 φονεύειν

269 1606 368 1657 οὐκ
400 1606 624 1668 ἔξεστιν.
659 1606 769 1659 ἀλλ’
799 1609 854 1658 ὲν
873 1608 1124 1676 πολέμοις
1274 1609 1515 1676 ἀναιρεῖν
1540 1609 1661 1669 τοὺς
1682 1608 1830 1659 ἀντι-

269 1696 470 1759 πάλους
494 1697 584 1748 καὶ
614 1697 833 1766 ἔννομον
858 1698 949 1749 καὶ
977 1697 1195 1749 ἐπαίνου
1218 1694 1384 1762 ἄξιον.
1414 1697 1567 1749 Οὖτω
1585 1696 1711 1763 γοῦν
1737 1696 1830 1748 καὶ

269 1787 442 1854 τιμῶν
464 1788 711 1855 μεγάλων
726 1790 773 1839 οί
792 1788 931 1839 κατὰ
952 1789 1181 1856 πόλεμον
1198 1786 1615 1857 ἀριστεύσαντες
1633 1786 1830 1851 ἀξιοῦν-

1262 410 1339 468 ΙΝ
1380 411 1615 471 Εινῐςτ.
1659 411 1717 471 S.
1765 411 2164 471 A'l‘llANASll
2202 413 2426 471 ALEX.

1070 530 1149 583 δεῖ
1178 534 1611 603 προσλαμδάνειν
1641 538 1703 588 τὰ
1729 540 1831 591 τῶν
1860 550 1897 597 Α
1931 545 2229 603 peccatum,
2258 533 2522 601 siquidem
2560 548 2738 601 o-gan:

1817 561 1831 590 μ
1860 550 1897 597 Α
1931 545 2229 603 peccatum,
2258 533 2522 601 siquidem
2560 548 2753 601 o-gana
2788 549 2814 587 a
2843 534 3117 589 conditore
3149 534 3289 588 facta
3322 547 3485 599 sunt;

3386 415 3491 477 550

1931 622 2001 672 ita
2051 622 2397 687 loquentibus
2448 620 2552 672 illis
2599 620 2698 672 hac
2750 623 3164 691 interrogatione
3217 623 3485 675 silentium

1932 710 2271 776 imponamus
2300 729 2311 762 :
2345 712 2512 775 Quem
2540 714 2676 765 dicis
2707 729 2885 775 usum,
2920 715 3304 780 legitimumnc,
3324 728 3483 781 quem

1931 798 2072 851 Deus
2126 800 2208 852 his
2246 804 2487 867 permisit
2531 804 2749 855 verbis:
2788 802 3029 866 Crescite,
3080 814 3127 856 et
3163 805 3484 870 multiplica-

1932 892 2091 949 mini,
2135 900 2181 943 et
2228 893 2413 958 replete
2462 904 2652 946 terram
2689 904 2704 931 ι
2738 912 2749 945 :
2781 912 2939 963 quem
2994 907 3045 949 et
3087 898 3199 963 ipse
3239 897 3485 963 probavit

1932 980 2247 1045 Apostolus,
2299 998 2418 1035 cum
2471 985 2655 1035 dixit:
2697 985 3014 1037 Honorabile
3068 987 3379 1037 conuubium
3437 998 3485 1038 et

1934 1070 2109 1121 thorus
2164 1073 2530 1125 immaculata:
2569 1081 2627 1139 ²;
2696 1091 2762 1127 an
2834 1078 3105 1144 publicum
3172 1078 3318 1127 illum
3392 1077 3483 1141 qui

1930 1160 2233 1212 clanculum
2277 1172 2328 1215 et
2374 1164 2655 1218 libidinose
2688 1168 3006 1219 exercetur?
3035 1165 3164 1218 Nam
3196 1169 3247 1219 in
3277 1168 3486 1219 exteris

1934 1264 2167 1318 quoque,
2194 1267 2290 1320 per
2324 1253 2459 1305 hanc
2483 1256 2644 1307 vitam
2678 1256 2761 1324 agi
2799 1256 2992 1315 solitis,
3017 1257 3261 1323 qumdam
3288 1270 3482 1309 occur-

1932 1344 2059 1387 runt
2091 1338 2277 1405 agendi
2310 1339 2621 1393 discrimina
2655 1362 2667 1395 :
2705 1342 2863 1408 quale
2894 1343 3138 1395 occidere
3172 1357 3276 1395 non
3320 1343 3444 1396 licet
3459 1358 3479 1406 -;

1931 1432 1984 1474 at
2012 1426 2063 1474 in
2094 1424 2231 1477 bello
2261 1427 2599 1480 adversarios
2632 1428 2950 1490 interﬁcere,
2980 1441 3032 1482 et
3066 1431 3383 1499 legitimum,
3432 1439 3486 1482 et

1932 1509 2087 1562 laude
2112 1512 2329 1579 dignum
2356 1523 2453 1566 est.
2492 1512 2579 1567 Sic
2603 1516 2812 1584 magnis
2837 1515 3104 1569 donantur
3136 1517 3367 1585 praemiis
3391 1520 3481 1585 qui

1932 1616 1988 1655 se
2023 1602 2074 1654 in
2111 1603 2247 1655 bello
2276 1612 2490 1657 strenue
2516 1614 2729 1672 gerunt,
2757 1605 3005 1673 cippiqne
3033 1606 3333 1674 eriguntur,
3365 1621 3483 1673 qua:

1933 1692 2186 1757 praeclara
2213 1707 2399 1745 eorum
2447 1694 2717 1746 celebrent
2750 1692 3006 1747 facinora.
3040 1693 3219 1761 Itaque
3248 1695 3479 1763 idipsum

1931 1778 2163 1844 quodam
2197 1779 2377 1841 modo,
2407 1789 2459 1832 et
2485 1782 2716 1847 quodam
2753 1791 2990 1849 tempore
3016 1795 3121 1834 non
3152 1783 3310 1835 licet:
3344 1798 3481 1850 qua-

268 1895 355 1930 ιαι
379 1919 393 1940 ,
443 1880 534 1929 καὶ
583 1878 771 1947 στῆλαι
804 1878 1005 1930 τούτων
1032 1880 1330 1976 ἐγείρονται
1365 1878 1725 1948 κηρύττουσαι
1764 1880 1828 1930 τὰ
1865 1882 1936 1936 Β⁴

1813 1867 2049 1936 ιΒάαῐη
2111 1877 2287 1932 autem
2340 1868 2547 1921 ratione
2594 1878 2646 1922 et
2693 1870 3089 1937 opportunitate
3156 1873 3481 1938 permittitur

269 1967 683 2037 κατορθώματα.
721 1969 882 2019 Ὥστε
910 1968 970 2018 τὸ
1005 1967 1306 2022 αύτδ’κατά
1337 1986 1389 2020 τι
1426 1969 1523 2037 μὲν
1566 1971 1657 2021 καὶ
1692 1972 1828 2022 κατὰ

269 2059 455 2127 καιρὸν
480 2059 575 2109 οὐκ
609 2058 781 2124 ἔξεστι
802 2098 815 2120 ,
846 2060 985 2111 κατά
1022 2077 1073 2109 τι
1108 2060 1164 2111 δὲ
1197 2061 1287 2111 καὶ
1316 2060 1581 2127 εὐκαίρως
1614 2060 1826 2126 ἀφίεται

268 2150 362 2199 καὶ
412 2148 839 2218 συγκεχώρηται.
1046 2151 1102 2202 '0
1132 2150 1291 2210 αὐτὸς
1330 2149 1507 2200 τοίνυν
1550 2148 1703 2215 λόγος
1738 2151 1827 2201 καὶ

268 2240 395 2307 περὶ
423 2239 518 2306 τῆς
544 2239 763 2306 μίξεως·
788 2239 1065 2309 Μακάριος
1088 2240 1143 2301 ὃς
1167 2241 1222 2290 ἐν
1252 2238 1479 2307 νεότητι.
1510 2238 1666 2303 ζυγὸν
1692 2237 1827 2307 έχων

268 2328 576 2397 ἐλεύθερον,
612 2332 675 2397 τῇ
722 2329 877 2394 φύσει
923 2332 1051 2400 πρὸς
1081 2329 1417 2382 παιδοποιίαν
1449 2328 1706 2399 κέχρηται
1728 2345 1742 2359 ⁸
1778 2330 1823 2380 εί

268 2420 319 2470 δὲ
356 2420 489 2488 πρὸς
522 2419 823 2487 ἀσέλγειαν,
858 2420 1089 2490 πόρνους
1139 2421 1229 2471 καὶ
1261 2421 1478 2489 μοιχοὺς
1508 2422 1539 2489 ἠ
1575 2419 1720 2488 παρὰ
1750 2418 1827 2487 τῷ

279 2508 583 2577 Ἀποστόλῳ
607 2512 874 2577 γραφεῖσα
893 2509 1127 2578 τιμωρία
1153 2509 1444 2573 ἐκδέξεται.
1597 2509 1698 2560 Δύο
1720 2510 1827 2579 γὰρ

267 2598 441 2649 οὐσῶν
469 2598 600 2648 ὁδῶν
627 2600 681 2648 ὲν
704 2598 778 2666 τῷ
801 2598 897 2667 βίῳ
920 2598 1044 2667 περὶ
1068 2597 1290 2659 τούτων,
1326 2599 1451 2666 μιᾶς
1480 2599 1574 2666 μὲν
1601 2614 1827 2668 μετριωέ

267 2687 429 2754 τέρας
470 2688 560 2737 καὶ
596 2686 880 2753 βιωτικῆς,
911 2686 1003 2737 τοῦ
1032 2686 1207 2753 γάμου
1232 2686 1373 2752 λέγω
1393 2702 1405 2714 ·
1438 2688 1533 2754 τῆς
1560 2686 1615 2739 δὲ
1638 2687 1827 2757 ἑτέρας

266 2774 561 2841 ἀγγελικῆς
595 2774 685 2824 καὶ
719 2773 1137 2842 ἀνυπερὸλήτου,
1169 2770 1267 2841 τῆς
1291 2774 1581 2841 παρθενίας
1606 2792 1618 2804 ⁸
1652 2776 1696 2826 εί
1731 2774 1827 2842 μέν

265 2881 347 2926 τις
376 2865 473 2933 τὴν
501 2863 783 2933 κοσμικὴν,
818 2862 958 2913 τοῦτ’
989 2862 1099 2913 ἐστι
1131 2862 1219 2913 τὸν
1250 2865 1446 2931 γάμον,
1472 2866 1660 2920 ελοιτο.
1689 2865 1827 2933 μέμ-

264 2954 357 3019 ψιν
391 2956 487 3020 μὲν
518 2953 617 3003 οὐκ
651 2952 790 3020 ἔχει·
824 2950 1055 3003 τοσαῦτα
1077 2952 1131 3002 δὲ
1154 2951 1464 3021 χαρίσματα
1496 2955 1554 3005 οὺ
1578 2955 1823 3023 λήψεται.

265 3042 507 3111 Λὴψεται
542 3042 649 3110 γὰρ
670 3081 684 3104 ,
720 3040 944 3111 ἐπείπερ
973 3040 1124 3109 φέρει
1155 3041 1249 3095 καὶ
1293 3045 1453 3105 αὐτὸς
1487 3045 1694 3113 καρπὸν
1721 3043 1826 3095 τῶν

265 3133 583 3199 τριάκοντα.
750 3132 811 3183 El
840 3132 897 3189 δὲ
931 3132 1029 3204 τὴν
1057 3133 1221 3203 ἁγνήν
1249 3151 1330 3195 τις
1360 3134 1449 3185 καὶ
1467 3134 1825 3202 ὑπερκὸσμιον

266 3223 580 3283 ἁσπάσοιτο,
606 3222 651 3272 εί
680 3220 769 3272 καὶ
796 3200 1020 3293 τραχεῖα
1042 3200 1190 3293 παρα
1216 3209 1311 3293 τῆν
1338 3222 1555 3294 πρώτην
1576 3200 1677 3274 καὶ
1705 3200 1827 3274 δυσ-
1856 3200 1897 3255 C
1926 3214 1934 3268 l

1617 3224 1677 3274 at
1705 3200 1827 3274 δυσ-
1856 3200 1897 3255 C
1926 3214 2243 3270 lentioribus
2296 3217 2383 3272 ille
2433 3220 2745 3273 muneribus
2780 3212 3092 3275 'donandus
3143 3231 3225 3273 est
3275 3238 3285 3273 :

266 3313 604 3381 κατόρθωτος
639 3313 673 3384 ἡ
701 3314 845 3376 ὁδὸς,
876 3316 1022 3383 ὅμως
1044 3316 1154 3383 ἔχει
1182 3316 1493 3385 χαρίσματα
1512 3312 1825 3381 θαυμασιώ-

263 3420 428 3474 τερα·
463 3405 554 3457 τὸν
584 3406 689 3474 γὰρ
720 3405 919 3457 τέλειον
957 3406 1160 3476 καρπὸν
1190 3408 1285 3474 τὴν
1319 3404 1641 3456 ἑκατοντάδα
1670 3403 1825 3455 ἐϐλά-

271 3504 486 3559 στησεν.
524 3493 681 3544 ’Ὡς-τε
709 3494 773 3545 τὰ
805 3494 1084 3562 ἀκάθαρτα
1112 3494 1286 3545 αὐτῶν
1313 3493 1404 3543 καὶ
1434 3494 1639 3561 πονηρὰ
1664 3492 1828 3560 ζητή-

274 3597 418 3647 ματα
447 3579 624 3641 λύσεις
657 3581 789 3642 ἰδίας
820 3580 941 3648 ἔσχε
975 3583 1064 3633 καὶ
1099 3582 1246 3650 παρὰ
1277 3582 1381 3633 τῶν
1417 3581 1571 3633 θείων
1599 3583 1824 3651 Γραφῶν

272 3668 436 3720 πάλαι
468 3669 837 3738 προλυθείσας.
910 3672 1263 3741 ’Υποστήριξε
1296 3673 1491 3734 τοίνυν,
1544 3668 1587 3725 ὦ
1622 3672 1821 3738 Πάτερ,

268 3760 368 3819 τὰς
401 3759 505 3810 ὑπὸ
540 3760 730 3811 σαυτὸν
760 3760 986 3826 ἀγέλας,
1029 3762 1091 3811 ὲκ
1121 3761 1225 3813 τῶν
1251 3761 1616 3814 ἀποστολικῶν
1650 3778 1823 3828 παρα-

271 3845 476 3903 καλῶν,
643 3847 703 3897 ὲκ
726 3846 829 3897 τῶν
858 3847 1222 3913 εὐαγγελικῶν
1248 3848 1598 3917 ψυχαγαγῶν,
1632 3849 1694 3899 ὲκ
1716 3848 1820 3900 τῶν

267 3932 495 4000 ψαλμῶν
527 3933 929 4001 συμϐουλεύων·
961 3935 1165 4002 Ζῆσόν
1193 3952 1267 4003 με
1290 3974 1303 3997 ,
1336 3936 1505 4001 λέγων
1526 3973 1540 3997 ,
1586 3934 1733 3987 κατὰ
1758 3935 1823 3987 τὸ

268 4024 477 4089 ,λόγιόν
504 4040 640 4076 σου·
676 4024 849 4091 λόγιον
869 4027 924 4078 δὲ
961 4025 1123 4078 αὐτοῦ
1150 4027 1211 4078 τὸ
1244 4028 1305 4078 ἐκ
1332 4027 1574 4097 καθαρᾶς
1604 4026 1825 4095 καρδίας

268 4108 548 4177 λατρεύειν
571 4110 733 4179 αὐτῷ.
768 4111 933 4164 Τοῦτο
954 4112 1060 4183 γὰρ
1087 4112 1239 4175 εἰδὼς
1266 4115 1293 4165 ὀ
1326 4113 1483 4176 αὐτὸς
1512 4114 1821 4184 Προφήτης.

268 4195 457 4266 ὥσπερ
486 4199 674 4250 ἑαυτὸν
706 4201 1091 4270 μεταφράζων,
1150 4201 1328 4268 λέγει·
1360 4202 1620 4269 Καρδίαν
1644 4204 1826 4255 καθα-

265 4290 383 4352 ρὰν·
407 4290 617 4342 κτίσον
643 4291 712 4343 ἐν
734 4292 883 4358 ἐμοὶ.
911 4295 943 4344 ό
974 4293 1113 4357 Θεός
1132 4308 1146 4322 ’
1176 4293 1263 4345 ἶνα
1293 4293 1366 4363 μὴ
1396 4290 1659 4361 ῥυπώδεις
1682 4293 1828 4358 λογι-

262 4381 389 4451 σμοί
422 4398 487 4451 με
511 4382 802 4451 ταράξωσι.
838 4384 1002 4437 Πάλιν
1038 4386 1224 4438 Δαδίδ·
1248 4387 1355 4439 Καὶ
1382 4388 1673 4455 Πνεύματι
1692 4387 1825 4459 ἠτι-

260 4473 487 4540 μονικῷ
518 4474 802 4540 στήριεόν
820 4490 928 4542 με·
959 4476 1061 4537 ἵνα,
1092 4477 1191 4529 κᾶν
1218 4494 1343 4528 ποτε
1365 4477 1609 4547 λογισμοί
1642 4497 1709 4547 με
1739 4479 1828 4535 θο-

1929 1960 2369 2027 concediturque.
2404 1958 2601 2013 Eadem
2652 1962 2810 2028 igitur
2858 1971 2940 2015 est
2984 1962 3047 2015 de
3096 1963 3238 2015 coitu
3291 1964 3479 2016 ratio:

1930 2046 2123 2103 Beatus
2154 2051 2244 2117 qui
2279 2050 2330 2102 in
2363 2051 2643 2117 iuventute
2675 2053 2843 2104 libero
2864 2052 3080 2120 junctus
3116 2054 3481 2118 matrimonio,

1930 2147 2119 2191 natura
2150 2139 2215 2191 ad
2242 2140 2532 2193 liberorum
2563 2142 2985 2208 procreationem
3024 2158 3152 2196 usus
3176 2151 3259 2195 est
3294 2161 3305 2194 :
3337 2141 3482 2210 quod

1928 2226 1973 2279 si
2025 2228 2088 2279 ad
2135 2229 2445 2293 libidinem,
2506 2228 2862 2284 fornicatores
2912 2241 2964 2285 et
3007 2234 3286 2296 mtechos,
3337 2232 3482 2301 quod

1928 2318 2067 2386 apud
2102 2317 2415 2386 Apostolum
2464 2329 2793 2371 memoratur
2817 2360 2831 2382 ,
2866 2322 3186 2388 supplicium
3229 2323 3479 2390 excipiet.

1928 2408 2060 2462 Nam
2096 2408 2287 2477 duplex
2318 2424 2441 2462 cum
2471 2409 2540 2461 sit
2580 2407 2662 2460 via
2701 2409 2751 2460 in
2784 2411 2889 2462 vita
2915 2449 2929 2472 ,
2958 2412 3062 2463 alia
3099 2412 3312 2480 quidem
3347 2412 3482 2466 infc-

1932 2500 2038 2552 rior
2062 2499 2459 2567 vulgariorque,
2487 2500 2813 2563 matrimonii
2846 2501 3083 2566 scilicet;
3109 2504 3213 2554 alia
3240 2517 3363 2556 vero
3386 2518 3482 2556 an-

1927 2590 2094 2659 gelica
2129 2598 2182 2642 et
2212 2604 2462 2656 suprema
2496 2590 2735 2641 omnium
2766 2629 2780 2653 ,
2815 2605 3003 2658 nempe
3032 2593 3387 2661 virginitatis;
3434 2594 3480 2647 sl

1928 2680 2049 2746 quis
2082 2678 2407 2730 mundanam
2434 2718 2448 2739 ,
2482 2679 2700 2746 nuptias
2732 2679 2985 2731 nimirum
3026 2680 3280 2745 elegerit,
3325 2679 3479 2749 culpa

1926 2770 2140 2838 quidem
2178 2776 2358 2831 vacat,
2406 2768 2495 2821 sed
2547 2777 2623 2821 tot
2669 2778 2923 2838 tantaque
2969 2785 3074 2822 non
3123 2782 3481 2840 consequetur

1928 2857 2087 2911 dona.
2115 2856 2491 2924 Consequetur
2518 2864 2695 2909 tamen
2728 2858 2904 2925 aliqua
2923 2900 2937 2922 ,
2967 2861 3009 2913 si
3038 2862 3252 2927 quidem
3283 2870 3335 2915 et
3364 2866 3479 2931 ipse

1928 2946 2028 2999 fert
2061 2945 2290 2998 fructum
2316 2946 2667 2998 tricesimum.
2700 2944 2754 2998 Si
2786 2947 2907 3014 quis
2933 2963 3057 3001 vero
3086 2958 3288 3001 castam
3322 2966 3482 3002 mun-

1925 3033 2103 3101 doque
2155 3034 2486 3101 superiorem
2530 3033 2811 3100 amplexus
2841 3033 2999 3088 fuerit
3026 3038 3187 3089 vitam
3214 3079 3227 3102 ,
3266 3039 3476 3093 tametsi

1926 3124 2039 3177 haec
2069 3123 2233 3176 altera
2265 3124 2505 3192 asperior
2550 3130 2602 3174 et
2637 3122 2903 3180 difﬁcilior
2930 3126 3013 3178 via
3042 3136 3153 3191 est,
3189 3137 3239 3179 at
3293 3129 3473 3183 excel-

3348 3236 3473 3288 per-

1925 3305 2121 3359 fectum
2174 3307 2369 3375 quippe
2411 3308 2641 3362 fructum
2667 3350 2682 3371 ,
2726 3326 2914 3377 nempe
2946 3311 3296 3363 centesimum
3346 3323 3472 3377 pro-

1924 3395 2094 3447 duxit.
2126 3394 2306 3463 Itaque
2336 3396 2584 3451 obscenae
2612 3398 2821 3450 illorum
2860 3408 3018 3466 atque
3049 3398 3293 3465 maligna:
3326 3412 3471 3465 qum-

1925 3485 2165 3545 stiones,
2238 3488 2484 3554 proprias
2556 3489 2753 3541 habent
2807 3490 3100 3541 solutiones
3151 3503 3213 3540 ex
3275 3488 3472 3542 divinis

1926 3572 2217 3640 Scripturis
2245 3573 2353 3641 jam
2392 3576 2515 3627 olim
2549 3577 2758 3629 allatas.
2794 3575 3063 3629 Conﬁrma
3101 3590 3259 3644 ergo,
3291 3574 3470 3640 Pater,

1922 3678 2107 3732 greges
2162 3673 2283 3717 tuos
2313 3704 2325 3726 ,
2362 3666 2775 3735 apostolicisque
2819 3667 2994 3720 verbis
3030 3667 3261 3719 hortare.
3298 3663 3475 3717 Evan-

1923 3754 2102 3822 gelicis
2133 3754 2394 3819 demulce,
2425 3773 2486 3809 ex
2517 3758 2737 3825 psalmis
2770 3759 2834 3811 (la
2867 3758 3149 3811 consilium
3192 3773 3205 3809 :
3254 3757 3470 3824 Viriﬁca

1925 3860 2022 3907 me,
2054 3845 2259 3909 dicens,
2312 3848 2591 3898 secundum
2630 3848 2885 3917 eloquium
2925 3858 3066 3900 tuum
3108 3852 3128 3882 ³
3158 3866 3168 3900 :
3196 3848 3469 3915 eloquium

1920 3943 2094 3987 autem
2127 3933 2244 4003 ejus
2286 3934 2410 3995 illud
2439 3945 2555 3997 est,
2604 3944 2660 3987 nt
2704 3952 2766 3987 ex
2800 3951 2931 4002 puro
2966 3935 3127 3989 corde
3170 3935 3470 3988 serviamus

1919 4024 2017 4075 illi.
2054 4021 2161 4077 lloc
2192 4038 2311 4076 cum
2344 4039 2449 4077 non
2479 4026 2687 4094 ignoret
2715 4027 2825 4093 ipse
2849 4024 3136 4093 Propheta,
3166 4039 3285 4077 sese
3307 4024 3464 4092 quasi

1920 4112 2301 4180 interpretatur
2320 4114 2524 4168 dicens:
2548 4113 2651 4168 Cor
2670 4116 2917 4167 mundum
2930 4116 3111 4168 rreain
3139 4114 3381 4178 me,Deus
3418 4116 3465 4176 δ,

1920 4221 1986 4259 ne
2032 4221 2116 4259 me
2164 4207 2409 4261 obscenae
2460 4210 2813 4277 cogitationes
2865 4214 3201 4267 conturbent.
3259 4212 3469 4266 Rursus

1919 4296 2033 4361 ipse
2066 4295 2224 4349 David
2252 4314 2265 4349 :
2300 4295 2363 4347 Et
2395 4295 2595 4364 Spiritu
2621 4300 2899 4366 principali
2922 4303 3173 4367 conﬁrma
3199 4317 3274 4352 me
3298 4300 3318 4331 ⁸
3359 4344 3372 4364 ,
3414 4310 3471 4353 ιιι

1910 4385 1955 4441 si
1984 4385 2201 4456 quando
2229 4400 2315 4439 me
2340 4385 2692 4456 cogitationes
2726 4391 3051 4443 conturbent
3080 4428 3091 4451 ,
3124 4390 3297 4442 valida
3328 4405 3388 4442 ex
3423 4399 3472 4442 te

1909 4476 2079 4531 virtus
2115 4492 2199 4531 me
2227 4480 2379 4545 quasi
2416 4477 2562 4531 basis
2597 4476 2805 4530 fulciat.
2862 4475 2986 4531 Haec
3037 4478 3199 4546 igitur
3246 4488 3297 4531 et
3343 4479 3469 4531 talia

271 4549 577 4629 ρυὸήσωσιν
601 4603 613 4624 ,
654 4563 846 4632 ἰσχυρά
898 4579 980 4625 τις
1029 4564 1175 4633 παρὰ
1209 4564 1303 4617 σοῦ
1334 4565 1557 4635 δύναμις
1602 4566 1824 4642 στηρίξῃ
1852 4569 1939 4623 De

1800 4585 1824 4642 η
1852 4569 1891 4623 D
1910 4568 2239 4623 consulendo
2261 4610 2273 4631 ,
2309 4568 2395 4622 dio
2428 4568 2492 4622 iis
2517 4568 2607 4636 qui
2653 4568 2801 4620 tarde
2829 4567 3037 4620 veritati
3074 4568 3468 4634 obtemperant,

270 4665 362 4717 με,
543 4649 730 4719 ὥσπερ
764 4653 963 4721 κρηπὶς
1006 4654 1358 4721 τυγχάνουσα.
1420 4656 1586 4717 Αὐτὸς
1628 4657 1823 4724 τοίνυν,

264 4741 437 4793 ταῦτα
468 4741 560 4792 καὶ
592 4741 658 4792 τὰ
690 4742 907 4795 τοιαῦτα
933 4744 1307 4813 συμϐουλεύων
1332 4786 1344 4808 ,
1380 4745 1501 4814 λέγε
1532 4747 1667 4815 πρὸς
1701 4750 1825 4811 τοὺς

263 4830 481 4901 βράδιον
522 4834 586 4901 τῇ
620 4830 844 4901 ἀληθεία
878 4833 1247 4902 πειθομένους
1306 4835 1529 4899 Διδὰξω
1566 4837 1823 4905 ἀνόμους

263 4920 370 4985 τὰς
399 4920 574 4984 ὁδούς
596 4937 738 4973 oov'
770 4923 865 4973 καὶ
892 4922 1105 4993 θαρρῶν
1132 4925 1337 4993 Κυρίῳ,
1366 4926 1445 4977 ὃτι
1471 4926 1677 4988 πείσεις
1702 4929 1815 4978 ἀπο

263 5011 489 5081 σχέσθαι
537 5013 634 5082 τῆς
674 5014 925 5095 τοιαύτης
956 5016 1179 5090 κακίας,
1207 5017 1405 5083 ψάλλεο
1442 5018 1553 5070 Kal
1591 5019 1821 5083 ἀσεϐεῖς

255 5104 357 5155 ἐπὶ
392 5103 465 5154 σὲ
626 5104 1029 5171 ἐπιτρέψουσι.
1059 5106 1269 5158 Γένοιτο
1289 5108 1344 5159 δὲ
1366 5110 1486 5169 τοὺς
1530 5108 1626 5176 μὲν
1665 5125 1812 5159 κακο-

256 5189 406 5258 ήθως
441 5191 729 5261 ζητοῦντας
764 5193 1071 5246 παύσασθαι
1103 5195 1200 5264 τῆς
1232 5196 1481 5265 τοιαύτης
1532 5212 1810 5264 ματαιοπο-

256 5280 410 5341 νίας·
467 5281 593 5342 τοὺς
621 5280 674 5332 δὲ
708 5281 773 5333 δι’
808 5283 1056 5353 εὐήθειαν
1242 5285 1539 5346 ἐνδυαστῶς
1582 5284 1819 5353 ἔχοντας,

254 5368 568 5437 ἡγεμονικῷ
602 5370 873 5439 Πνεύματι
916 5374 1310 5444 κρατυνθῆναι·
1342 5377 1453 5428 ὅσοι
1493 5376 1549 5429 δὲ
1594 5375 1819 5445 βεὸαίως

249 5456 353 5523 τὴν
383 5455 637 5523 ἀλήθειαν
663 5459 973 5521 ἐπίστασθε,
992 5463 1206 5531 ἀρραγῆ
1232 5464 1431 5533 ταύτην
1448 5465 1701 5534 κατέχετε
1729 5465 1820 5518 καὶ

249 5544 547 5597 ἀσάλευτον
597 5547 653 5597 ὲν
704 5546 919 5617 Χριστῷ
961 5543 1134 5620 Ίήσοῦ
1160 5551 1235 5619 τῷ
1262 5553 1451 5622 Κυρίῳ
1477 5554 1663 5623 ἡμῶν,
1701 5552 1819 5623 μεθ’

1911 4660 2111 4713 Docebo
2143 4661 2346 4728 iniquos
2378 4661 2486 4712 vias
2521 4670 2638 4712 tuas
2663 4700 2676 4721 ,
2720 4660 2771 4711 in
2809 4658 3141 4726 Dominoque
3174 4659 3470 4721 conlidens,

1910 4757 1963 4803 te
1989 4764 2277 4803 suasurum
2306 4749 2409 4802 illis
2442 4759 2497 4802 ut
2527 4751 2594 4802 ab
2622 4748 2935 4817 huiusmodi
2968 4750 3098 4803 vitio
3143 4749 3470 4808 abstineant.

1909 4839 2107 4909 psalle,
2141 4849 2189 4892 et
2234 4840 2380 4908 impii
2426 4840 2492 4891 ad
2538 4849 2583 4893 te
2624 4848 2987 4893 convertentur
3032 4842 3068 4893 ⁸.
3113 4838 3327 4894 Utinam
3378 4841 3473 4909 qui

1910 4928 2053 4981 malo
2086 4929 2266 4982 animo
2302 4932 2461 4983 hasce
2512 4939 2729 4983 movent
2764 4932 3114 4999 qurestiones.
3166 4932 3216 4984 in
3256 4946 3471 4985 cassum

1908 5016 2185 5071 laborandi
2233 5019 2390 5071 linem
2446 5017 2645 5073 fat-iant
2674 5041 2685 5072 :
2715 5023 2806 5089 qui
2852 5036 2977 5075 vero
3016 5021 3085 5074 ob
3133 5020 3297 5073 animi
3341 5020 3473 5073 sim-

1910 5106 2199 5174 plicitatem
2236 5107 2287 5158 in
2321 5108 2657 5160 dubitatione
2688 5117 2991 5170 versantur,
3030 5106 3231 5176 Spiritu
3272 5108 3473 5175 princ'-

1909 5195 2013 5263 pali
2068 5194 2458 5248 confirmentur
2491 5213 2501 5246 :
2532 5205 2794 5265 quotquot
2830 5206 3005 5250 autem
3052 5197 3333 5250 velitazem
3383 5197 3474 5249 ﬁr-

1912 5285 2069 5337 miter
2110 5288 2280 5340 nostis
2305 5330 2318 5352 ,
2350 5302 2468 5340 eam
2521 5287 2802 5341 infractam
2834 5296 2887 5339 et
2935 5288 3312 5341 inconcussam
3348 5288 3479 5339 reti-

1913 5376 2082 5428 neatis
2114 5376 2164 5427 in
2394 5376 2609 5431 Christo
2656 5376 2781 5430 Jesu
2819 5376 3047 5430 Domino
3087 5386 3275 5431 nostro
3308 5393 3320 5428 :
3352 5376 3476 5445 qui-

1910 5476 2033 5515 cum
2084 5463 2223 5515 Patri
2278 5465 2449 5532 gioria
2480 5475 2530 5518 et
2559 5466 2841 5534 imperium
2876 5480 2998 5519 cum
3036 5463 3240 5535 Spiritu
3284 5473 3473 5517 sant-to

1914 5551 1965 5605 in
1994 5555 2207 5607 stecula.
2240 5555 2431 5611 Amen.

245 5650 303 5704 οἱ
333 5649 414 5719 τῷ
447 5649 617 5715 [lupi
643 5646 770 5709 δόξα
812 5648 902 5699 καὶ
930 5646 989 5698 τὸ
1020 5646 1218 5716 κράτος
1248 5646 1343 5698 σὺν
1366 5645 1504 5713 ἁγίῳ
1527 5645 1801 5714 Πνεύματι
1834 5645 1913 5706 είς
1947 5645 2068 5706 τοὺς
2112 5644 2336 5709 αἰῶνας.
2384 5641 2571 5713 Ἀμὴν.

325 5772 565 5827 ‘Genes.
606 5788 642 5834 I,
677 5769 766 5825 9.8.
844 5775 862 5802 '
900 5768 1061 5823 llebr.
1093 5785 1207 5833 ιιι,
1251 5770 1301 5823 ιι.
1378 5770 1395 5800 ³
1427 5769 1559 5822 Psal.
1602 5783 1786 5829 cxvm,
1832 5767 1951 5822 107.

1602 5783 1786 5829 cxvm,
1832 5767 1951 5822 107.
2031 5769 2047 5797 ⁸
2081 5770 2215 5830 Psal.
2250 5786 2297 5828 l.,
2333 5770 2412 5821 ιε.
2490 5771 2507 5800 ⁵
2545 5769 2671 5821 ibid.
2714 5770 2794 5823 lt.
2874 5769 2892 5801 ⁸
2919 5770 3057 5825 l‘sal.
3090 5788 3137 5839 ι,
3174 5771 3257 5829 l5.
