4224 6440
230 398 337 459 553

1144 394 1223 454 ιη
1268 392 1510 454 EPIST.
1555 391 1611 451 S.
1652 386 2066 449 ATHANASII
2103 387 2201 447 AD
2244 383 2551 444 AMMUM.

3376 379 3480 440 554

228 508 425 579 psam
469 505 597 567 τοὺς
636 503 1056 574 ἁκεραιοτέρους
1093 503 1191 571 τὴν
1229 503 1476 571 γνώμην,
1521 502 1642 571 ἦτοι
1682 495 1808 561 τοὺς
1841 502 1885 558 Α

1841 502 1885 558 Α
1917 501 2085 552 riores
2128 498 2329 560 animo,
2370 494 2729 561 simpliciores
2762 490 3013 545 videlicet
3041 490 3433 559 perturbantur
3469 506 3485 539 :

229 601 636 669 ἀπλουστίρους
666 615 683 632 ο
727 600 861 668 φέρε
902 598 972 650 δι’
994 598 1192 667 ὀλίγων
1232 598 1404 664 λόγων
1443 595 1808 663 ἀπελάσωμεν

228 694 289 745 ἑν
322 691 443 760 Θεῷ
475 691 575 761 τὴν
607 688 703 743 τοῦ
740 688 981 760 πονηροῦ
1021 689 1251 759 πλάνην.
1292 689 1414 741 ἀντὶ
1446 687 1543 740 τοῦ
1580 686 1659 756 τῷ
1692 682 1810 752 Θεῷ

228 783 559 854 θαρροῦντες
578 822 594 847 ,
627 782 719 833 καὶ
748 781 848 850 τὴν
875 780 1102 849 γνώμην
1130 780 1238 832 τῶν
1268 777 1652 846 ἁπλουστέρων
1683 792 1813 843 στη-

164 880 167 881 ⁷
230 874 493 944 ρίξωμεν.
523 874 786 941 Ἀρχεται
823 870 917 925 οῦν
956 870 1051 924 τοῦ
1093 871 1275 938 λόγου,
1312 870 1510 938 χρῆσιν
1549 867 1812 937 παράγων

228 966 295 1016 εκ
324 966 424 1029 τῆς
454 963 591 1031 πρὸς
622 963 779 1015 Τίτον
810 962 1099 1030 ὖπιστολῆς
1128 961 1223 1013 τοῦ
1257 960 1415 1028 ἀγίου
1452 959 1689 1021 Παύλου,
1721 958 1816 1011 καί

230 1070 400 1123 φησιν
429 1054 511 1106 ὃτι
542 1052 721 1106 πάντα
748 1051 968 1121 καθαρά
994 1053 1108 1113 τοῖς
1139 1049 1430 1121 καθαροῖς,
1461 1050 1567 1103 τῶν
1594 1049 1647 1101 δὲ
1676 1050 1816 1100 ἀκα-

228 1143 447 1212 θάρτων
484 1144 579 1195 καὶ
620 1143 654 1212 ἡ
701 1139 1007 1212 συνείδησις
1060 1142 1419 1211 μεμόλυνται.
1461 1140 1647 1194 Ταῦτα
1689 1141 1747 1191 δὲ
1790 1142 1817 1192 ό

231 1233 507 1301 μακάριος
546 1230 757 1293 Παῦλος
798 1232 924 1302 περὶ
960 1230 1062 1300 τῆς
1100 1232 1157 1284 εν
1201 1230 1485 1300 βρώμασιν
1522 1228 1817 1295 Ἰουδαϊκῆς

227 1326 379 1392 λέγει
414 1324 877 1395 παρατηρήσεως,
911 1324 992 1377 ὅτι
1021 1322 1131 1375 τῶν
1163 1323 1267 1376 ὑπὸ
1296 1323 1430 1375 Θεοῦ
1466 1321 1815 1385 κτισθέντων,

226 1419 385 1471 οὐδὲν
418 1418 735 1487 ἀκάθαρτον
770 1417 912 1469 κατά
946 1416 1045 1484 τὴν
1082 1414 1278 1468 ἑαυτοῦ
1319 1414 1483 1482 φύσιν
1507 1432 1520 1446 ⁸
1573 1414 1729 1466 ούδλν
1763 1413 1819 1466 δλ

226 1511 343 1572 τοῖς
388 1506 783 1578 μεμιασμένοις
821 1506 1083 1575 καθαρὸν,
1124 1506 1261 1558 ἀλλά
1305 1504 1601 1575 μεμίανται
1640 1502 1821 1556 αὐτῶν

227 1602 324 1652 καὶ
352 1602 382 1653 ό
412 1598 537 1660 νοῦς
564 1603 656 1653 καὶ
685 1602 718 1669 ἡ
752 1598 1057 1668 συνείδησις
1078 1613 1091 1625 ·
1129 1595 1424 1666 μεμίανται
1453 1594 1509 1647 δὲ
1540 1595 1607 1663 τῇ
1642 1594 1821 1661 ἁμαρ-

227 1690 321 1759 τίᾳ
353 1691 449 1742 καὶ
478 1689 557 1760 τῷ
590 1689 903 1759 λογίζεσθαι
936 1690 1003 1741 τά
1040 1687 1116 1759 μὴ
1150 1687 1452 1756 πρέποντα.
1483 1686 1582 1738 Διά
1612 1685 1824 1738 τούτων

226 1776 326 1835 οῦν
349 1780 460 1833 τῶν
486 1780 658 1849 λόγων
686 1779 1217 1852 προκατασκευάσας
1244 1780 1273 1830 ό
1300 1778 1477 1846 μίγας
1506 1775 1825 1838 Ἀθανάσιος

228 1868 333 1937 τὴν
360 1869 576 1922 οἰκείαν
605 1869 826 1940 γραφὴν
860 1869 1059 1936 ἀπάγει
1085 1882 1101 1898 ⁰
1136 1868 1387 1935 ’Δγαμαι
1419 1866 1476 1919 δὲ
1497 1905 1513 1931 ,
1545 1866 1667 1936 ἦτοι
1696 1865 1827 1919 θαυ-

230 1958 418 2030 μάζω,
445 1960 542 2013 τοῦ
568 1959 818 2013 διαϐόλου
845 1958 907 2013 τὸ
934 1957 1205 2029 σόφισμα.
1231 1957 1331 2028 τὴν
1357 1958 1576 2029 ἀπάτην
1602 1957 1830 2041 δηλαδὴ,

227 2051 315 2103 ὅτι
344 2049 523 2120 φθορά
550 2049 627 2102 ὢν
657 2049 753 2104 καὶ
783 2048 933 2120 λύμη
960 2048 1245 2116 ινθυμίζει
1276 2050 1571 2118 λογισμοὺς
1603 2050 1827 2104 δοκοῦν-

227 2158 331 2205 τας
360 2136 503 2196 εἶναι
530 2141 925 2213 καθαρότητος.
954 2141 1028 2194 Τὸ
1055 2142 1113 2194 δι
1140 2142 1273 2213 παρ’
1299 2140 1510 2195 ἐκείνου
1542 2143 1828 2211 γινόμενον

227 2232 426 2302 ινέὂρα
454 2232 626 2297 ἐστὶν,
653 2234 824 2303 ἤγουν
850 2231 1059 2303 κρυφία
1083 2232 1369 2303 επισουλὴ,
1397 2232 1513 2287 ἀλλ’
1535 2233 1654 2302 οὐχὶ
1683 2234 1830 2287 δοκι-

231 2323 432 2394 μασία.
461 2325 580 2378 Ἵνα
608 2329 717 2397 γὰρ
743 2324 1007 2397 ἀπαγάγῃ
1038 2325 1164 2387 τοὺς
1192 2325 1439 2396 ἀσκητάς
1467 2324 1567 2394 τῆς
1597 2325 1827 2396 εθίμου,

225 2416 481 2469 τουτέστι
510 2415 611 2485 τῆς
640 2416 907 2485 συνήθους
936 2416 1034 2470 καὶ
1062 2414 1345 2485 ὠφελίμου
1376 2415 1659 2484 φροντίδος
1681 2455 1696 2480 ,
1728 2416 1823 2469 καὶ

225 2504 357 2573 δόξῃ
391 2505 548 2574 νικᾷν
581 2504 782 2567 αὐτούς
810 2522 824 2536 ·
858 2503 999 2558 κατά
1026 2502 1187 2559 τοῦτο
1218 2503 1344 2575 (διὰ
1373 2503 1568 2575 τοῦτο)
1597 2505 1826 2561 τοιαῦτα

229 2596 376 2649 κινεῖ
421 2594 717 2664 βομσύκια,
763 2596 882 2665 ἦτοι
926 2595 1198 2666 φόϐητρα,
1240 2596 1478 2667 βόμϐους
1518 2597 1680 2665 μόνον
1721 2599 1823 2667 ιμ-

233 2687 522 2741 ποιοῦντα.
552 2687 618 2741 Τί
649 2690 782 2757 γὰρ,
815 2690 1001 2757 φησιν,
1031 2688 1145 2759 ἔχει
1177 2689 1484 2759 ἁμάρτημα
1512 2690 1545 2759 ἢ
1577 2689 1826 2761 ἀκάθαρ-

232 2796 329 2833 τον
354 2782 389 2850 ἡ
421 2780 629 2849 φυσικὴ
659 2779 950 2848 ικκρίσιςς
982 2778 1173 2849 ὥσπερ
1201 2782 1298 2835 ὲάν
1323 2798 1407 2843 τις
1435 2781 1674 2833 αἰτιᾶται
1701 2783 1827 2843 τοὺς

234 2873 562 2943 ἀνθρώπους
591 2876 686 2927 καὶ
710 2873 800 2927 διά
824 2874 922 2937 τάς
950 2874 1117 2937 ἀλλας
1146 2874 1449 2945 ἐκκρίσεις,
1478 2870 1590 2927 οἷον
1614 2874 1701 2927 διά
1727 2874 1827 2936 τάς

237 2964 416 3033 μύξεις
450 2966 544 3017 καὶ
573 2967 642 3017 τά
677 2966 1007 3034 πτύσματα,
1042 2966 1137 3020 καλ⁵
1165 2967 1267 3019 ὅσα
1297 2965 1386 3019 διὰ
1416 2966 1700 3036 γαστέρων
1730 2966 1827 3018 εκ-

233 3055 520 3128 κρίνονται
542 3095 557 3119 ,
589 3056 759 3125 ἤγουν
789 3054 1146 3109 ἑκϐάλλονται
1178 3055 1275 3109 καὶ
1308 3055 1592 3109 κενοῦνται
1615 3093 1630 3119 ,
1665 3056 1825 3109 ἅτινα

1915 606 2011 657 age
2046 589 2195 644 brevi
2222 601 2471 643 sermone
2504 585 2582 656 (id
2612 598 2714 648 eSI,
2746 582 2856 637 Deo
2881 583 3128 651 lidcntes)
3156 584 3487 652 disjiciamns

1918 685 1970 736 in
2022 683 2132 737 Deo
2168 680 2365 736 diaboli
2413 679 2666 740 fraudes,
2720 692 2783 730 ac
2840 675 3229 746 simpliciorum
3281 676 3492 730 animos

1917 775 2323 829 contirtnemus.
2380 768 2700 825 Sermonem
2755 770 2939 837 itaque
2996 768 3331 835 auspicatur.
3382 769 3491 824 divi

1918 866 2067 922 Pauli
2099 864 2421 921 sententiam
2469 862 2749 931 proterens
2782 872 2846 914 cx
2882 860 3117 929 Epistola
3153 860 3220 914 ad
3270 858 3451 912 Titum
3479 899 3495 923 ,

1919 962 2101 1028 aitque
2128 958 2306 1012 omnia
2334 956 2532 1011 munda
2569 954 2804 1018 mundis,
2841 955 3171 1020 impurornm
3202 968 3332 1008 vero
3362 968 3496 1007 ccu—

1922 1050 2206 1105 scientiam
2238 1062 2456 1118 quoque
2490 1060 2611 1101 esse
2637 1046 2912 1115 pollutam.
2954 1043 3078 1099 llaac
3125 1060 3255 1099 vero
3309 1046 3497 1098 beatus

1926 1142 2119 1197 Paulus
2148 1142 2214 1196 de
2239 1140 2459 1195 Judaica
2494 1139 2874 1193 observatione
2898 1137 2950 1191 in
2982 1137 3121 1191 cibis
3162 1138 3357 1190 asserit
3388 1179 3403 1201 ,
3437 1138 3501 1189 il-

1928 1235 2098 1289 lorum
2131 1247 2251 1301 qua:
2282 1246 2311 1285 ιι
2352 1230 2461 1285 Deo
2494 1239 2673 1283 creata
2708 1240 2833 1283 sunt
2861 1237 3053 1281 natura
3084 1242 3182 1280 sua
3218 1227 3352 1279 nihil
3378 1241 3505 1279 esse

1924 1326 2192 1394 impurum
2222 1340 2237 1379 :
2263 1335 2438 1391 neque
2461 1335 2589 1375 vero
2628 1318 2844 1388 pollutis
2872 1320 3167 1386 quidquam
3196 1331 3317 1370 esse
3345 1332 3502 1369 mun-

1924 1414 2075 1476 dum,
2105 1413 2199 1468 sed
2230 1412 2465 1481 ipsorum
2492 1423 2706 1478 quoque
2740 1419 3001 1471 mentem,
3029 1417 3082 1462 et
3116 1407 3501 1461 conscientiam

1926 1505 2183 1575 pollutam
2212 1516 2351 1558 esse.
2392 1499 2585 1555 Polluti
2616 1509 2743 1555 sunt
2765 1499 2913 1554 cnim
2947 1511 3192 1570 peccato,
3213 1507 3267 1553 et
3291 1512 3353 1551 ea
3383 1513 3503 1565 qua:

1927 1602 2179 1656 indecora
2226 1606 2395 1664 sunt,
2434 1596 2740 1667 cogitando.
2796 1595 2901 1649 Per
2951 1596 3064 1650 haec
3121 1596 3281 1665 igitur
3335 1593 3501 1647 verba

1929 1695 2220 1749 constituto
2243 1706 2355 1747 sua:
2381 1689 2690 1759 scriptionis
2719 1689 2982 1757 prommio
3009 1703 3233 1757 magnus
3264 1687 3505 1739 Athana-

1928 1787 2043 1840 sius
2071 1783 2327 1852 subiicit:
2360 1780 2529 1837 Miror
2578 1790 2787 1844 autem,
2834 1780 2949 1833 sive
2992 1793 3114 1831 cum
3146 1777 3505 1831 admiratione

1943 1872 2348 1945 spectodiaboli
2376 1871 2728 1927 calliditatem
2754 1911 2771 1936 ,
2825 1870 3045 1924 fraudes
3086 1869 3332 1923 videlicet
3365 1884 3379 1922 :
3417 1870 3508 1938 qui

1939 1980 2063 2021 cum
2096 1965 2369 2035 corruptio
2395 1962 2465 2018 sit
2492 1972 2548 2017 et
2579 1962 2712 2027 lues,
2748 1961 3102 2031 cogitationes
3148 1970 3325 2013 tamen
3345 2000 3360 2022 ,
3390 1973 3511 2027 qua:

1944 2073 2090 2128 pura
2119 2059 2368 2113 videntur
2389 2070 2534 2121 esse,
2567 2054 2621 2109 in
2640 2055 2887 2109 animum
2917 2053 3175 2108 insinuat.
3206 2051 3357 2119 Quod
3383 2065 3512 2105 vero

1942 2151 2009 2206 ab
2047 2151 2139 2207 illo
2170 2149 2227 2204 tit
2259 2148 2472 2203 insidia
2505 2158 2651 2210 sunt,
2682 2147 2786 2201 hoc
2829 2154 2932 2209 est,
2965 2144 3193 2200 occulta:
3232 2144 3516 2198 machina-

1935 2243 2135 2305 tiones,
2172 2254 2275 2294 non
2302 2237 2592 2309 probanda
2621 2236 2935 2291 constantia:
2954 2235 3408 2304 experimentum.
3441 2232 3513 2288 Ut

1938 2333 2083 2387 enim
2116 2344 2229 2393 eos,
2265 2328 2356 2398 qui
2384 2327 2441 2381 in
2484 2342 2663 2382 rerum
2712 2325 3021 2379 divinarum
3053 2323 3404 2381 meditatione
3450 2337 3513 2376 se

1938 2429 2216 2483 exercent.
2251 2434 2279 2473 a
2304 2429 2592 2479 consueta,
2622 2416 2724 2471 hoc
2754 2424 2858 2482 est,
2886 2411 3086 2471 usitata
3122 2414 3276 2483 ipsis,
3311 2424 3365 2468 et
3396 2412 3513 2468 fru-

1939 2525 2127 2571 ctuosa
2175 2512 2407 2567 abducat
2440 2510 2787 2579 cogitatione,
2856 2516 3018 2579 atque
3064 2508 3210 2579 ipsos
3249 2522 3513 2576 superare

1940 2608 2205 2669 videatur.
2254 2603 2552 2659 secundum
2603 2601 2706 2658 hoc
2752 2602 2888 2672 (sive
2944 2600 3086 2655 hanc
3138 2602 3207 2655 ob
3264 2606 3510 2667 causam)

1941 2698 2205 2767 ejusmodi
2234 2704 2414 2751 movet
2444 2694 2759 2766 hombycia,
2782 2709 2879 2749 seu
2909 2691 3347 2748 terriculamenta
3384 2707 3505 2759 quae

1938 2792 2274 2847 solummodo
2308 2788 2532 2844 bombos
2556 2788 2721 2842 cient.
2758 2784 2897 2851 Quid
2944 2793 3027 2839 est
3078 2785 3246 2848 enim,
3301 2786 3415 2848 ait,
3456 2785 3507 2835 in

1942 2883 2177 2938 naturali
2214 2882 2528 2935 excretione
2561 2879 2830 2942 criminis,
2856 2887 2948 2931 aut
2975 2877 3323 2945 impnritatis?
3351 2876 3513 2929 ιόΙιιιί

1940 2978 1984 3032 si
2007 2977 2126 3045 quis
2144 2975 2389 3029 homines
2415 2974 2486 3028 ob
2513 2973 2619 3026 alia
2650 2986 2865 3041 quoque
2890 2980 3239 3026 excrementa
3275 2977 3512 3029 sccusrt,

1938 3076 1998 3121 ut
2042 3067 2111 3121 ob
2146 3078 2421 3119 κουροι-ειη
2476 3062 2711 3126 narium,
2765 3070 2821 3114 et
2875 3069 3056 3130 sputa,
3093 3070 3148 3114 ct
3180 3073 3516 3126 quascunque

235 3144 607 3246 ἐκκρινόμενα
634 3143 905 3246 ὼῗελοῦσι
938 3144 1075 3214 πρὸς
1096 3145 1205 3246 τὴν
1238 3144 1406 3215 ζωήν.
1444 3145 1745 3215 Ἑπιχειρεϊ
1772 3145 1829 3197 δὲ
1862 3187 1903 3246 c

1862 3187 1905 3246 ο
1938 3173 2035 3226 per
2067 3155 2423 3209 ventriculum
2455 3159 2843 3216 excernuntur,
2876 3152 2977 3206 hoc
3010 3160 3110 3215 est,
3138 3152 3428 3221 ejiciuntur
3453 3164 3514 3202 se

237 3234 335 3284 καὶ
362 3232 651 3303 ἑτέρωθεν.
684 3233 747 3286 El
780 3233 887 3304 γὰρ
918 3232 1275 3301 πιστεύομεν,
1306 3235 1462 3303 φησι,
1494 3235 1606 3287 τῶν
1634 3236 1833 3305 χειρῶν

235 3325 332 3377 τοῦ
360 3323 498 3377 Θεοῦ
528 3324 742 3395 ποίημα
766 3320 904 3378 εἶναι
929 3325 1021 3377 τὸν
1048 3324 1359 3395 άνθρωτοον,
1387 3325 1504 3390 πῶς
1530 3328 1647 3379 εστι
1674 3326 1833 3379 δυνα-

236 3417 331 3468 τὸν
359 3416 423 3468 εκ
448 3414 543 3467 τοῦ
570 3413 707 3467 Θεοῦ
736 3416 1047 3486 ἀκάθαρτον
1070 3432 1126 3469 τι
1152 3414 1405 3483 γενέσθαι
1432 3418 1527 3470 καὶ
1558 3406 1830 3486 μεμολυσ-

241 3510 443 3577 μίνονς
471 3510 581 3561 Καὶ
616 3508 663 3561 ει
696 3507 851 3576 γίνος
889 3508 1027 3561 Θεοῦ
1066 3509 1388 3578 ύπάρχομεν
1424 3508 1565 3563 κατὰ
1596 3512 1695 3572 τὰς
1728 3510 1838 3561 τῶν

238 3600 406 3653 θείων
439 3598 755 3651 ἀποστόλων
788 3598 1027 3668 Πράξεις
1048 3639 1063 3664 ,
1098 3600 1252 3652 οὐδὲν
1289 3600 1487 3669 ιχομεν
1522 3601 1581 3651 ὲν
1622 3600 1840 3662 ἑαυτοῖς

237 3688 582 3757 ἀκάθαρτον.
620 3688 711 3741 Ἐν
740 3688 851 3760 γάρ
880 3692 947 3759 τῇ
979 3688 1152 3759 βίϐλῳ
1180 3689 1291 3742 τῶν
1323 3690 1585 3759 Ηράξεων
1615 3690 1837 3760 ἱστόρη-

238 3797 333 3833 ται
377 3784 406 3832 ὸ
452 3782 623 3850 μέγας
670 3781 881 3843 Παῦλος
928 3783 1043 3844 τοῖς
1078 3781 1389 3849 Ἀθηναίοις
1430 3781 1836 3851 διαλεγόμενος,

241 3872 342 3924 καὶ
384 3870 523 3939 πρὸς
560 3872 675 3933 τοῖς
713 3870 894 3933 ἀλλοις
936 3870 1033 3923 καὶ
1066 3869 1241 3923 ταῦτα
1278 3870 1450 3938 λέγων
1487 3874 1619 3941 περὶ
1654 3869 1791 3925 Θεοῦ
1821 3887 1837 3902 υ

254 3966 363 4018 ‘Er
391 3961 555 4027 αὐτῷ
586 3964 700 4030 τὰρ
734 3960 920 4030 ζῶμεν
951 3962 1051 4015 καὶ
1086 3964 1414 4031 κινούμεθα
1434 4004 1448 4026 ,
1484 3965 1584 4016 καί
1614 3963 1837 4033 ἐσμεν,

240 4056 325 4122 ὡς
369 4056 473 4109 καί
506 4072 667 4121 τινες
707 4054 827 4107 τῶν
861 4057 991 4108 καθ’
1025 4054 1183 4124 ὑμᾶς
1221 4054 1484 4123 ποιητῶν
1519 4055 1795 4125 similam
1821 4072 1837 4088 ο

250 4148 368 4203 Τοῦ
398 4149 508 4216 γὰρ
537 4147 712 4215 γένος
739 4148 946 4215 ἐσμέν.
974 4147 1146 4200 Τοῦτο
1170 4147 1227 4199 δὲ
1264 4147 1342 4217 τῷ
1381 4148 1598 4217 ’Δράτῳ
1626 4149 1839 4219 είρηται

242 4242 381 4310 περὶ
414 4240 510 4291 τοῦ
544 4240 667 4302 Διός
693 4254 710 4270 ⁸
743 4241 772 4290 ὁ
810 4239 867 4291 δι
905 4240 1229 4301 ’Δπόστολος
1267 4242 1346 4302 είς
1377 4240 1471 4291 τὸν
1501 4238 1671 4303 δντως
1707 4240 1840 4293 Θεὸν

243 4332 307 4384 τὸ
333 4330 516 4401 νόημα
547 4330 919 4400 ῂχμαλώτισε.
953 4328 1141 4398 Τούτῳ
1170 4332 1350 4383 τοίνυν
1381 4332 1461 4392 είς
1494 4331 1839 4398 κατασκευὴν

245 4420 344 4472 τοῦ
379 4421 586 4472 οἰκείου
616 4422 774 4487 λόγου
803 4420 832 4470 ὁ
864 4418 1039 4487 μέγας
1068 4420 1342 4487 ὶχρήσατο
1375 4421 1694 4484 ’Δθανάσιος
1718 4437 1733 4453 ο
1764 4422 1839 4485 ὡς

1937 3258 2324 3313 exoneramur,
2384 3260 2506 3317 qua:
2559 3244 2775 3313 quidem
2828 3258 2923 3312 per
2977 3244 3345 3297 excretionem
3404 3242 3516 3312 39

1939 3340 2138 3394 emissa
2170 3338 2236 3391 ad
2268 3338 2430 3392 vitam
2459 3335 2674 3405 juvant.
2716 3333 2890 3387 Aliam
2927 3348 3053 3387 vero
3087 3342 3346 3403 praeterea
3388 3348 3511 3401 pro-

1937 3432 2213 3488 bationem
2241 3429 2574 3498 aggreditur.
2609 3426 2667 3482 Si
2696 3427 2861 3489 enim,
2892 3426 3091 3495 inquit,
3112 3441 3250 3494 opus
3278 3425 3369 3480 Dei
3398 3440 3517 3479 ma-

1942 3537 2103 3576 nuum
2136 3535 2252 3576 esse
2284 3520 2556 3574 hominem
2588 3517 2885 3580 credimus,
2923 3519 3020 3585 qui
3049 3514 3162 3570 ﬁeri
3199 3526 3374 3586 potest
3402 3526 3459 3568 ut
3488 3530 3517 3567 ιι

1939 3612 2051 3668 Deo
2100 3612 2367 3679 impurum
2412 3609 2685 3678 quidpiam
2745 3608 3126 3676 pollutumqne
3162 3607 3517 3676 procreetur?

1939 3705 2019 3759 Ac
2046 3702 2313 3771 siquidem
2350 3698 2447 3754 Dei
2476 3714 2646 3768 genus
2681 3714 2892 3762 sumus,
2924 3708 2981 3751 ut
3033 3702 3084 3751 in
3126 3698 3274 3753 Actis
3306 3698 3517 3751 divinn-

1944 3810 2062 3850 rum
2100 3792 2468 3864 apostolorum
2517 3790 2734 3861 legitur,
2774 3791 2905 3843 nihil
2942 3791 2995 3844 in
3030 3792 3185 3845 nobis
3234 3792 3365 3860 ipsis
3417 3793 3519 3844 im-

1942 3884 2200 3939 mundum
2238 3882 2524 3937 habemus.
2550 3880 3023 3935 Commemoratur
3049 3898 3279 3951 namque
3302 3883 3354 3936 in
3382 3883 3518 3937 libro

1940 3979 2197 4033 Actorum
2246 3989 2473 4043 magnus
2506 3971 2705 4025 Paulus
2736 3971 2802 4025 ad
2834 3972 3194 4027 Athenienses
3221 3975 3515 4035 disserens,

1941 4081 2004 4119 ac
2040 4074 2233 4134 praeter
2266 4063 2371 4115 alia
2408 4063 2521 4114 haec
2547 4076 2763 4129 quoque
2790 4061 2987 4116 effatur
3030 4064 3095 4116 de
3126 4061 3233 4116 Deo
3266 4078 3280 4115 :
3316 4061 3380 4115 In
3406 4064 3519 4131 ipso

1941 4174 2078 4211 enim
2107 4156 2347 4214 trivimus,
2380 4168 2667 4213 moremur.
2695 4161 2743 4205 et
2790 4169 3004 4212 sumus.
3040 4162 3097 4205 ut
3130 4154 3288 4206 etiam
3326 4170 3522 4207 cestro-

1943 4262 2058 4299 ruttt
2085 4254 2355 4313 poetarum
2393 4242 2608 4311 quidam
2646 4242 2918 4302 dixerunt,
2966 4239 3143 4309 Ipsius
3184 4257 3408 4310 namque
3438 4248 3524 4311 g’e-

1944 4355 2040 4393 nus
2062 4353 2243 4391 sumus
2300 4339 2341 4390 ‘.
2372 4334 2485 4389 lloc
2514 4348 2641 4387 vero
2677 4335 2811 4387 dixit
2844 4335 3048 4387 Aratus
3079 4340 3141 4387 de
3165 4332 3297 4388 Jove
3326 4352 3337 4387 :
3380 4335 3523 4403 Apu-

1944 4430 2117 4485 stolus
2162 4439 2340 4481 autem
2382 4426 2447 4479 ad
2500 4440 2687 4479 verum
2726 4425 2891 4479 Deum
2942 4426 3266 4479 sententiam
3308 4441 3521 4478 accom-

248 4514 299 4567 εί
334 4514 492 4579 γένος
530 4511 662 4563 Θεοῦ
705 4510 893 4579 ἐσμὲν,
930 4511 1006 4572 ὡς
1039 4514 1096 4564 ἰν
1134 4514 1253 4574 ταῖς
1296 4511 1571 4581 Πράξεσιν
1593 4514 1834 4581 εἴρηται,
1868 4525 1912 4581 ι)

1868 4525 1912 4581 ι)
1942 4522 2203 4577 modavit.
2238 4518 2313 4574 Eo
2341 4518 2505 4587 igitur
2540 4519 2607 4570 ad
2638 4532 2749 4571 sua!
2773 4518 3036 4572 orationis
3060 4517 3521 4572 confirmationem

246 4604 402 4657 οὐδὲν
434 4604 628 4672 ἔχομεν
664 4601 1079 4671 μεμολυσμένον
1108 4601 1141 4671 ἢ
1180 4602 1400 4671 μιαρόν.
1429 4603 1562 4655 Τότε
1596 4606 1704 4672 γάρ
1741 4620 1837 4672 με·

251 4697 597 4765 μολύσμεθα,
622 4697 710 4748 ὅτε
737 4696 1130 4764 ἁμαρτάνομεν
1151 4709 1164 4723 ’
1190 4697 1225 4765 ἡ
1253 4696 1308 4748 δὲ
1339 4696 1545 4765 φυσικὴ
1574 4696 1842 4765 ἔκκρισις,

250 4791 521 4857 γινομένη
568 4786 627 4849 ιξ
672 4787 917 4855 ἀνάγκης
962 4786 1062 4855 τῆς
1104 4785 1343 4854 φύσεως,
1385 4787 1447 4837 ού
1495 4788 1718 4854 μιαίνει.
1756 4786 1845 4849 Ὠς

250 4880 417 4932 τινῶν
450 4878 508 4930 δὲ
543 4878 933 4945 ἀντιλεγόντων
965 4878 1062 4930 καὶ⁸
1095 4878 1461 4947 παραγόντων
1496 4878 1639 4948 ῥητὰ
1674 4879 1841 4945 εὐαγ-

250 4972 449 5039 γελικά
476 4970 546 5022 τά
576 4970 826 5037 λέγοντα,
863 4973 947 5025 Οὐ
968 4969 1051 5022 τὰ
1083 4970 1480 5041 είσερχόμενα
1514 4969 1710 5023 κοινοῖ
1734 4971 1843 5023 τὸν

251 5067 595 5130 ἀνθρωπυν,
622 5062 780 5116 ἀλλὰ
806 5064 876 5114 τὰ
907 5062 1275 5130 ἐξερχόμεγα
1298 5078 1311 5091 ·
1344 5062 1560 5113 ἵσταται
1588 5063 1682 5113 καὶ
1710 5065 1845 5130 προς

1942 4626 2167 4683 magnus
2197 4626 2325 4667 usus
2357 4620 2441 4665 est
2497 4610 2824 4663 Athanasius
2868 4610 3076 4673 dicens,
3126 4608 3390 4678 siquidem
3432 4608 3522 4663 Dei

1941 4720 2111 4776 genus
2134 4719 2343 4767 sumus,
2377 4712 2435 4756 ut
2468 4703 2520 4755 in
2567 4701 2718 4755 Actis
2748 4701 2966 4764 dicitur,
3013 4701 3144 4754 nihil
3181 4701 3379 4754 habere
3425 4717 3521 4753 nos

1942 4795 2231 4863 pollutum,
2264 4802 2360 4845 aut
2385 4792 2747 4845 immundum.
2782 4790 2934 4845 Tunc
2965 4792 3199 4860 namque
3228 4790 3521 4860 pollniutur

1943 4901 2065 4941 cum
2100 4900 2407 4953 peccamus.
2432 4882 2702 4937 Naturalis
2752 4894 2932 4937 autem
2980 4883 3242 4949 excretio,
3288 4899 3406 4951 quae
3460 4898 3523 4936 ex

1951 4990 2159 5032 natura:
2209 4977 2529 5031 necessitate
2582 4975 2679 5040 ﬁt,
2733 4976 2952 5029 minime
2986 4975 3192 5043 polluit.
3257 4975 3524 5028 Czcternm

1947 5085 2070 5123 cum
2125 5068 2366 5123 nonnulli
2414 5069 2846 5122 contradicerent
2883 5107 2897 5131 ,
2951 5082 3013 5119 ac
3068 5067 3385 5135 Evangelica
3439 5067 3527 5119 illa

252 5156 415 5209 τοῦτο
441 5153 653 5216 δεικνὺς
687 5154 762 5223 μὴ
789 5154 970 5216 καλῶς
1000 5154 1266 5223 νοούμενα
1292 5154 1363 5205 τὰ
1389 5153 1529 5223 ῥητά
1563 5154 1709 5223 παρὰ
1737 5151 1845 5205 τῶν

1948 5164 2111 5215 verba
2143 5159 2469 5229 proferrent,
2506 5157 2628 5213 Non
2660 5176 2778 5223 qua:
2802 5159 2996 5211 intrant
3034 5159 3376 5225 coinquinant
3428 5156 3522 5210 Ιιο-

254 5248 652 5315 ἀντιλεγόντων
676 5264 690 5277 ·
726 5248 820 5299 καί
855 5264 989 5316 φησι
1024 5247 1104 5299 ὅτι
1139 5249 1268 5317 περὶ
1305 5246 1611 5317 βρωμάτων
1643 5246 1847 5297 ἐνδοια-

1950 5254 2162 5317 minem,
2190 5253 2279 5305 sed
2303 5268 2421 5321 qua!
2451 5262 2640 5306 exeunt
2678 5258 2724 5314 ³,
2748 5251 2815 5303 ad
2846 5251 2945 5303 hoc
2972 5264 3181 5317 quoque
3214 5249 3523 5317 respondet.

256 5342 399 5403 στῶς
441 5340 677 5409 ἑχόντων
719 5338 883 5391 τινῶν
924 5339 1042 5407 ἦτοι
1086 5338 1436 5403 δειλιώντων,
1474 5338 1843 5408 ἁμφιϐαλλόν-

1950 5344 2017 5396 ab
2059 5343 2123 5396 iis
2160 5342 2249 5410 qui
2283 5352 2469 5395 contra
2505 5350 2742 5410 arguunt
2778 5353 2886 5392 non
2917 5339 3052 5390 bene
3108 5336 3331 5404 intelligi
3368 5334 3528 5389 verba

252 5454 364 5489 των
387 5476 404 5500 ,
436 5437 511 5495 ὼς
552 5435 891 5504 μολυνόντων
924 5436 1049 5496 τοὺς
1084 5434 1402 5505 χρωμένους
1437 5435 1657 5496 αὐτοῖς,
1696 5433 1840 5484 λύων

1947 5436 2036 5490 illa
2066 5435 2465 5499 demonstrans;
2493 5434 2677 5499 aitque
2700 5445 2823 5485 cum
2856 5431 2921 5484 de
2950 5429 3086 5483 cibis
3120 5428 3336 5495 quidam
3373 5426 3530 5480 dubi-

254 5530 439 5582 αὐτῶν
464 5530 562 5597 τὴν
587 5530 810 5596 ἄγνοιαν
833 5528 863 5580 ό
890 5527 1093 5598 Κύριός
1123 5543 1256 5597 φησι
1289 5526 1364 5597 μὴ
1390 5529 1458 5579 τὰ
1487 5528 1841 5595 εἰσερχόμενοι

1951 5536 2151 5591 tarent,
2196 5526 2310 5579 sive
2358 5522 2723 5579 timidiuscule
2774 5522 3125 5586 bscsitarent,
3164 5520 3273 5573 acsi
3321 5530 3532 5573 utentes

255 5620 502 5686 κοινοῦν,
537 5621 703 5690 ήγουν
740 5620 1007 5689 μιαίνειν,
1044 5620 1328 5689 μολύνειν,
1361 5619 1499 5673 ἀλλά
1530 5620 1596 5672 τὰ
1627 5618 1839 5688 ἐξερχό-

1951 5621 2079 5690 ipsis
2114 5618 2446 5689 polluerent,
2479 5632 2665 5671 eorum
2701 5615 3097 5685 ignorationem
3135 5611 3393 5667 Dominus
3421 5610 3531 5665 sol-

348 5807 361 5837 ¹
414 5804 539 5857 Act.
569 5816 671 5854 nu
701 5841 717 5867 ,
754 5799 847 5855 28.
950 5795 969 5823 ’
1007 5801 1194 5857 λζιιιιιι.
1233 5820 1297 5856 xv
1332 5844 1345 5863 ,
1379 5805 1459 5857 ιι.

583 5900 857 5960 Ριτιιοι.
902 5900 1020 5962 (in.
1060 5894 1453 5961 CXXXVIII.

3142 5880 3210 5944 ιδ
