  <div class='ocr_page' id='page_1' title='image "/cluster/home/n/w/nwhite01/storage/ocr_20150623/138/nnc1.0046980083/286.png"; bbox 0 0 4224 6446; ppageno 0'>
   <div class='ocr_carea' id='block_1_1' title="bbox 247 396 351 459">
    <p class='ocr_par' dir='ltr' id='par_1_1' title="bbox 247 396 351 459">
     <span class='ocr_line' id='line_1_1' title="bbox 247 396 351 459; baseline 0.019 -2"><span class='ocrx_word' id='word_1_1' title='bbox 247 396 351 459; x_wconf 77' lang='grc'><strong>557</strong></span> 
     </span>
    </p>
   </div>
   <div class='ocr_carea' id='block_1_2' title="bbox 1151 396 2579 460">
    <p class='ocr_par' dir='ltr' id='par_1_2' title="bbox 1151 396 2579 460">
     <span class='ocr_line' id='line_1_2' title="bbox 1151 396 2579 460; baseline -0.003 0"><span class='ocrx_word' id='word_1_2' title='bbox 1151 400 1235 460; x_wconf 85' lang='grc' dir='ltr'><strong>ΙΝ</strong></span> <span class='ocrx_word' id='word_1_3' title='bbox 1270 399 1517 460; x_wconf 85' lang='lat' dir='ltr'><strong>EPIST.</strong></span> <span class='ocrx_word' id='word_1_4' title='bbox 1567 400 1629 458; x_wconf 90' lang='lat' dir='ltr'><strong>S.</strong></span> <span class='ocrx_word' id='word_1_5' title='bbox 1672 396 2097 457; x_wconf 75' lang='lat' dir='ltr'><strong>ATHANASII</strong></span> <span class='ocrx_word' id='word_1_6' title='bbox 2135 398 2235 455; x_wconf 83' lang='lat' dir='ltr'><strong>Al)</strong></span> <span class='ocrx_word' id='word_1_7' title='bbox 2270 396 2579 457; x_wconf 78' lang='lat' dir='ltr'><strong>AMMUM.</strong></span> 
     </span>
    </p>
   </div>
   <div class='ocr_carea' id='block_1_3' title="bbox 3407 401 3506 459">
    <p class='ocr_par' dir='ltr' id='par_1_3' title="bbox 3407 401 3506 459">
     <span class='ocr_line' id='line_1_3' title="bbox 3407 401 3506 459; baseline 0 0"><span class='ocrx_word' id='word_1_8' title='bbox 3407 401 3506 459; x_wconf 84' lang='grc'><strong>558</strong></span> 
     </span>
    </p>
   </div>
   <div class='ocr_carea' id='block_1_4' title="bbox 248 504 1828 581">
    <p class='ocr_par' dir='ltr' id='par_1_4' title="bbox 248 508 1828 581">
     <span class='ocr_line' id='line_1_4' title="bbox 248 508 1828 581; baseline -0.003 -18"><span class='ocrx_word' id='word_1_9' title='bbox 248 511 459 580; x_wconf 77' lang='grc' dir='ltr'><strong>σφριγᾷ</strong></span> <span class='ocrx_word' id='word_1_10' title='bbox 480 526 491 538; x_wconf 91' lang='grc'><strong>·</strong></span> <span class='ocrx_word' id='word_1_11' title='bbox 522 508 601 561; x_wconf 85' lang='grc' dir='ltr'><strong>διδ</strong></span> <span class='ocrx_word' id='word_1_12' title='bbox 630 509 783 579; x_wconf 67' lang='grc' dir='ltr'><strong>παρὰ</strong></span> <span class='ocrx_word' id='word_1_13' title='bbox 808 510 907 580; x_wconf 79' lang='grc' dir='ltr'><strong>τὴν</strong></span> <span class='ocrx_word' id='word_1_14' title='bbox 938 510 1162 581; x_wconf 84' lang='grc' dir='ltr'><strong>πρώτην</strong></span> <span class='ocrx_word' id='word_1_15' title='bbox 1193 512 1428 580; x_wconf 73' lang='grc' dir='ltr'><strong>εἴρηται.</strong></span> <span class='ocrx_word' id='word_1_16' title='bbox 1451 511 1579 564; x_wconf 86' lang='grc' dir='ltr'><strong>Ὀτε</strong></span> <span class='ocrx_word' id='word_1_17' title='bbox 1606 510 1661 563; x_wconf 71' lang='grc' dir='ltr'><strong>δὲ</strong></span> <span class='ocrx_word' id='word_1_18' title='bbox 1694 510 1828 576; x_wconf 69' lang='grc' dir='ltr'><strong>πρὸς</strong></span> 
     </span>
    </p>
   </div>
   <div class='ocr_carea' id='block_1_5' title="bbox 1934 504 3505 581">
    <p class='ocr_par' dir='ltr' id='par_1_5' title="bbox 1936 504 3505 576">
     <span class='ocr_line' id='line_1_5' title="bbox 1936 504 3505 576; baseline 0.004 -18"><span class='ocrx_word' id='word_1_19' title='bbox 1936 504 2071 559; x_wconf 86' lang='lat' dir='ltr'><strong>Illud</strong></span> <span class='ocrx_word' id='word_1_20' title='bbox 2108 520 2235 561; x_wconf 85' lang='lat' dir='ltr'><strong>vero</strong></span> <span class='ocrx_word' id='word_1_21' title='bbox 2275 506 2448 576; x_wconf 81' lang='grc' dir='ltr'><strong>(παρά</strong></span> <span class='ocrx_word' id='word_1_22' title='bbox 2477 506 2575 575; x_wconf 84' lang='grc' dir='ltr'><strong>τὴν</strong></span> <span class='ocrx_word' id='word_1_23' title='bbox 2619 505 2863 575; x_wconf 85' lang='grc' dir='ltr'><strong>πρώτην)</strong></span> <span class='ocrx_word' id='word_1_24' title='bbox 2894 515 2985 561; x_wconf 82' lang='lat' dir='ltr'><strong>aut</strong></span> <span class='ocrx_word' id='word_1_25' title='bbox 3014 506 3081 561; x_wconf 86' lang='lat' dir='ltr'><strong>de</strong></span> <span class='ocrx_word' id='word_1_26' title='bbox 3130 508 3383 576; x_wconf 62' lang='lat' dir='ltr'><strong>pradicta</strong></span> <span class='ocrx_word' id='word_1_27' title='bbox 3423 513 3505 564; x_wconf 77' lang='lat' dir='ltr'><strong>via</strong></span> 
     </span>
    </p>
   </div>
   <div class='ocr_carea' id='block_1_6' title="bbox 244 600 1829 671">
    <p class='ocr_par' dir='ltr' id='par_1_6' title="bbox 244 600 1829 671">
     <span class='ocr_line' id='line_1_6' title="bbox 244 600 1829 671; baseline -0.003 -16"><span class='ocrx_word' id='word_1_28' title='bbox 244 602 423 669; x_wconf 69' lang='grc' dir='ltr'><strong>γῆρας</strong></span> <span class='ocrx_word' id='word_1_29' title='bbox 455 600 765 665; x_wconf 83' lang='grc' dir='ltr'><strong>ἀπονεύσει,</strong></span> <span class='ocrx_word' id='word_1_30' title='bbox 796 604 843 653; x_wconf 81' lang='grc' dir='ltr'><strong>εί</strong></span> <span class='ocrx_word' id='word_1_31' title='bbox 871 602 965 654; x_wconf 68' lang='grc' dir='ltr'><strong>καὶ</strong></span> <span class='ocrx_word' id='word_1_32' title='bbox 1000 602 1135 671; x_wconf 61' lang='grc' dir='ltr'><strong>μηδὲ</strong></span> <span class='ocrx_word' id='word_1_33' title='bbox 1160 603 1280 654; x_wconf 81' lang='grc' dir='ltr'><strong>τότε</strong></span> <span class='ocrx_word' id='word_1_34' title='bbox 1313 602 1597 654; x_wconf 73' lang='grc' dir='ltr'><strong>σϐέννυται</strong></span> <span class='ocrx_word' id='word_1_35' title='bbox 1624 601 1686 652; x_wconf 73' lang='grc' dir='ltr'><strong>τὸ</strong></span> <span class='ocrx_word' id='word_1_36' title='bbox 1715 600 1829 669; x_wconf 82' lang='grc' dir='ltr'><strong>πῦρ</strong></span> 
     </span>
    </p>
   </div>
   <div class='ocr_carea' id='block_1_7' title="bbox 244 690 1829 762">
    <p class='ocr_par' dir='ltr' id='par_1_7' title="bbox 244 690 1829 762">
     <span class='ocr_line' id='line_1_7' title="bbox 244 690 1829 762; baseline 0.001 -20"><span class='ocrx_word' id='word_1_37' title='bbox 244 693 309 743; x_wconf 72' lang='grc' dir='ltr'><strong>ἐκ</strong></span> <span class='ocrx_word' id='word_1_38' title='bbox 332 690 441 743; x_wconf 82' lang='grc' dir='ltr'><strong>τῶν</strong></span> <span class='ocrx_word' id='word_1_39' title='bbox 465 690 674 757; x_wconf 80' lang='grc' dir='ltr'><strong>παθῶν,</strong></span> <span class='ocrx_word' id='word_1_40' title='bbox 701 691 836 744; x_wconf 80' lang='grc' dir='ltr'><strong>ἀλλά</strong></span> <span class='ocrx_word' id='word_1_41' title='bbox 860 710 920 759; x_wconf 88' lang='grc' dir='ltr'><strong>γε</strong></span> <span class='ocrx_word' id='word_1_42' title='bbox 945 692 1370 762; x_wconf 81' lang='grc' dir='ltr'><strong>μαλθακώτερον</strong></span> <span class='ocrx_word' id='word_1_43' title='bbox 1388 692 1621 760; x_wconf 89' lang='grc' dir='ltr'><strong>γίνεται.</strong></span> <span class='ocrx_word' id='word_1_44' title='bbox 1644 691 1829 744; x_wconf 76' lang='grc' dir='ltr'><strong>Ταῦτα</strong></span> 
     </span>
    </p>
   </div>
   <div class='ocr_carea' id='block_1_8' title="bbox 243 781 1830 853">
    <p class='ocr_par' dir='ltr' id='par_1_8' title="bbox 243 781 1830 853">
     <span class='ocr_line' id='line_1_8' title="bbox 243 781 1830 853; baseline -0.001 -18"><span class='ocrx_word' id='word_1_45' title='bbox 243 781 419 835; x_wconf 84' lang='grc' dir='ltr'><strong>εἰπὼν</strong></span> <span class='ocrx_word' id='word_1_46' title='bbox 452 782 650 850; x_wconf 69' lang='grc' dir='ltr'><strong>ἐπάγει</strong></span> <span class='ocrx_word' id='word_1_47' title='bbox 686 785 766 836; x_wconf 86' lang='grc' dir='ltr'><strong>ὅτι</strong></span> <span class='ocrx_word' id='word_1_48' title='bbox 798 784 863 836; x_wconf 76' lang='grc' dir='ltr'><strong>τὰ</strong></span> <span class='ocrx_word' id='word_1_49' title='bbox 899 785 1192 853; x_wconf 79' lang='grc' dir='ltr'><strong>ζητήματα</strong></span> <span class='ocrx_word' id='word_1_50' title='bbox 1227 784 1407 837; x_wconf 83' lang='grc' dir='ltr'><strong>αὐτῶν</strong></span> <span class='ocrx_word' id='word_1_51' title='bbox 1440 786 1505 837; x_wconf 83' lang='grc' dir='ltr'><strong>τὰ</strong></span> <span class='ocrx_word' id='word_1_52' title='bbox 1542 784 1830 851; x_wconf 80' lang='grc' dir='ltr'><strong>ἀκάθαρτα</strong></span> 
     </span>
    </p>
   </div>
   <div class='ocr_carea' id='block_1_9' title="bbox 242 872 1832 943">
    <p class='ocr_par' dir='ltr' id='par_1_9' title="bbox 242 872 1832 943">
     <span class='ocr_line' id='line_1_9' title="bbox 242 872 1832 943; baseline 0.002 -20"><span class='ocrx_word' id='word_1_53' title='bbox 242 872 602 941; x_wconf 81' lang='grc' dir='ltr'><strong>προλέλυνται</strong></span> <span class='ocrx_word' id='word_1_54' title='bbox 635 874 790 943; x_wconf 73' lang='grc' dir='ltr'><strong>παρὰ</strong></span> <span class='ocrx_word' id='word_1_55' title='bbox 821 874 930 926; x_wconf 83' lang='grc' dir='ltr'><strong>τῶν</strong></span> <span class='ocrx_word' id='word_1_56' title='bbox 963 876 1125 926; x_wconf 88' lang='grc' dir='ltr'><strong>θείων</strong></span> <span class='ocrx_word' id='word_1_57' title='bbox 1158 876 1409 943; x_wconf 85' lang='grc' dir='ltr'><strong>Γραφῶν.</strong></span> <span class='ocrx_word' id='word_1_58' title='bbox 1444 876 1538 926; x_wconf 77' lang='grc' dir='ltr'><strong>καὶ</strong></span> <span class='ocrx_word' id='word_1_59' title='bbox 1568 877 1832 942; x_wconf 83' lang='grc' dir='ltr'><strong>παραινεῖ</strong></span> 
     </span>
    </p>
   </div>
   <div class='ocr_carea' id='block_1_10' title="bbox 240 963 1831 1034">
    <p class='ocr_par' dir='ltr' id='par_1_10' title="bbox 240 963 1831 1034">
     <span class='ocr_line' id='line_1_10' title="bbox 240 963 1831 1034; baseline 0.002 -19"><span class='ocrx_word' id='word_1_60' title='bbox 240 964 335 1015; x_wconf 70' lang='grc' dir='ltr'><strong>τὸν</strong></span> <span class='ocrx_word' id='word_1_61' title='bbox 377 966 735 1032; x_wconf 64' lang='grc' dir='ltr'><strong>ἐρωτήσαντα</strong></span> <span class='ocrx_word' id='word_1_62' title='bbox 781 963 1169 1034; x_wconf 78' lang='grc' dir='ltr'><strong>ύποστηρίζειν</strong></span> <span class='ocrx_word' id='word_1_63' title='bbox 1213 968 1342 1027; x_wconf 84' lang='grc' dir='ltr'><strong>τοὺς</strong></span> <span class='ocrx_word' id='word_1_64' title='bbox 1385 964 1477 1016; x_wconf 82' lang='grc' dir='ltr'><strong>ὑπ’</strong></span> <span class='ocrx_word' id='word_1_65' title='bbox 1506 966 1689 1028; x_wconf 82' lang='grc' dir='ltr'><strong>αὑτὸν,</strong></span> <span class='ocrx_word' id='word_1_66' title='bbox 1736 965 1831 1018; x_wconf 80' lang='grc' dir='ltr'><strong>καὶ</strong></span> 
     </span>
    </p>
   </div>
   <div class='ocr_carea' id='block_1_11' title="bbox 240 1052 1831 1126">
    <p class='ocr_par' dir='ltr' id='par_1_11' title="bbox 240 1052 1831 1126">
     <span class='ocr_line' id='line_1_11' title="bbox 240 1052 1831 1126; baseline 0.001 -21"><span class='ocrx_word' id='word_1_67' title='bbox 240 1058 473 1123; x_wconf 77' lang='grc' dir='ltr'><strong>χρήσεσι</strong></span> <span class='ocrx_word' id='word_1_68' title='bbox 504 1056 771 1123; x_wconf 77' lang='grc' dir='ltr'><strong>κέχρηται</strong></span> <span class='ocrx_word' id='word_1_69' title='bbox 802 1061 1101 1124; x_wconf 80' lang='grc' dir='ltr'><strong>γραφικαῐς</strong></span> <span class='ocrx_word' id='word_1_70' title='bbox 1133 1056 1413 1126; x_wconf 80' lang='grc' dir='ltr'><strong>διαφόροις</strong></span> <span class='ocrx_word' id='word_1_71' title='bbox 1433 1072 1449 1087; x_wconf 80' lang='grc' dir='ltr'><strong>ο</strong></span> <span class='ocrx_word' id='word_1_72' title='bbox 1481 1052 1596 1108; x_wconf 83' lang='grc' dir='ltr'><strong>εἶτα</strong></span> <span class='ocrx_word' id='word_1_73' title='bbox 1629 1058 1722 1108; x_wconf 76' lang='grc' dir='ltr'><strong>καὶ</strong></span> <span class='ocrx_word' id='word_1_74' title='bbox 1752 1060 1831 1119; x_wconf 87' lang='grc' dir='ltr'><strong>είς</strong></span> 
     </span>
    </p>
   </div>
   <div class='ocr_carea' id='block_1_12' title="bbox 239 1145 1830 1216">
    <p class='ocr_par' dir='ltr' id='par_1_12' title="bbox 239 1145 1830 1216">
     <span class='ocr_line' id='line_1_12' title="bbox 239 1145 1830 1216; baseline 0.003 -21"><span class='ocrx_word' id='word_1_75' title='bbox 239 1146 410 1212; x_wconf 77' lang='grc' dir='ltr'><strong>εὐχὴν</strong></span> <span class='ocrx_word' id='word_1_76' title='bbox 434 1145 639 1213; x_wconf 69' lang='grc' dir='ltr'><strong>τρίψας</strong></span> <span class='ocrx_word' id='word_1_77' title='bbox 662 1145 754 1197; x_wconf 77' lang='grc' dir='ltr'><strong>τὸν</strong></span> <span class='ocrx_word' id='word_1_78' title='bbox 786 1145 944 1211; x_wconf 85' lang='grc' dir='ltr'><strong>λόγον</strong></span> <span class='ocrx_word' id='word_1_79' title='bbox 964 1146 1081 1198; x_wconf 86' lang='grc' dir='ltr'><strong>τελε</strong></span> <span class='ocrx_word' id='word_1_80' title='bbox 1094 1148 1162 1198; x_wconf 71' lang='lat' dir='ltr'><strong>toi</strong></span> <span class='ocrx_word' id='word_1_81' title='bbox 1184 1148 1283 1216; x_wconf 83' lang='grc' dir='ltr'><strong>τὴν</strong></span> <span class='ocrx_word' id='word_1_82' title='bbox 1309 1146 1617 1215; x_wconf 70' lang='grc' dir='ltr'><strong>ἐπιστολήν.</strong></span> <span class='ocrx_word' id='word_1_83' title='bbox 1643 1146 1830 1200; x_wconf 86' lang='grc' dir='ltr'><strong>Ταῦτα</strong></span> 
     </span>
    </p>
   </div>
   <div class='ocr_carea' id='block_1_13' title="bbox 243 1232 1830 1307">
    <p class='ocr_par' dir='ltr' id='par_1_13' title="bbox 243 1232 1830 1307">
     <span class='ocr_line' id='line_1_13' title="bbox 243 1232 1830 1307; baseline 0.004 -22"><span class='ocrx_word' id='word_1_84' title='bbox 243 1239 343 1302; x_wconf 70' lang='grc' dir='ltr'><strong>μὲν</strong></span> <span class='ocrx_word' id='word_1_85' title='bbox 373 1232 469 1287; x_wconf 77' lang='grc' dir='ltr'><strong>οὖν</strong></span> <span class='ocrx_word' id='word_1_86' title='bbox 500 1237 527 1287; x_wconf 86' lang='lat'><strong>6</strong></span> <span class='ocrx_word' id='word_1_87' title='bbox 560 1239 734 1305; x_wconf 78' lang='grc' dir='ltr'><strong>μέγας</strong></span> <span class='ocrx_word' id='word_1_88' title='bbox 765 1241 929 1306; x_wconf 74' lang='grc' dir='ltr'><strong>φησιν</strong></span> <span class='ocrx_word' id='word_1_89' title='bbox 962 1237 1285 1298; x_wconf 78' lang='grc' dir='ltr'><strong>’Λθανάσιος</strong></span> <span class='ocrx_word' id='word_1_90' title='bbox 1312 1239 1441 1304; x_wconf 73' lang='grc' dir='ltr'><strong>περὶ</strong></span> <span class='ocrx_word' id='word_1_91' title='bbox 1469 1237 1564 1306; x_wconf 81' lang='grc' dir='ltr'><strong>τῆς</strong></span> <span class='ocrx_word' id='word_1_92' title='bbox 1596 1239 1830 1307; x_wconf 80' lang='grc' dir='ltr'><strong>φυσικῆς</strong></span> 
     </span>
    </p>
   </div>
   <div class='ocr_carea' id='block_1_14' title="bbox 237 1328 1830 1399">
    <p class='ocr_par' dir='ltr' id='par_1_14' title="bbox 237 1328 1830 1399">
     <span class='ocr_line' id='line_1_14' title="bbox 237 1328 1830 1399; baseline 0.002 -22"><span class='ocrx_word' id='word_1_93' title='bbox 237 1328 545 1395; x_wconf 66' lang='grc' dir='ltr'><strong>ἐκκρίσεως</strong></span> <span class='ocrx_word' id='word_1_94' title='bbox 574 1328 673 1395; x_wconf 80' lang='grc' dir='ltr'><strong>τῆς</strong></span> <span class='ocrx_word' id='word_1_95' title='bbox 705 1329 890 1397; x_wconf 85' lang='grc' dir='ltr'><strong>γονῆς.</strong></span> <span class='ocrx_word' id='word_1_96' title='bbox 927 1330 986 1382; x_wconf 88' lang='lat'><strong>&#39;0</strong></span> <span class='ocrx_word' id='word_1_97' title='bbox 1016 1328 1074 1382; x_wconf 72' lang='grc' dir='ltr'><strong>δὶ</strong></span> <span class='ocrx_word' id='word_1_98' title='bbox 1110 1330 1520 1399; x_wconf 72' lang='grc' dir='ltr'><strong>Ἀλεξανδρείας</strong></span> <span class='ocrx_word' id='word_1_99' title='bbox 1554 1329 1830 1391; x_wconf 85' lang='grc' dir='ltr'><strong>Διονύσιος</strong></span> 
     </span>
    </p>
   </div>
   <div class='ocr_carea' id='block_1_15' title="bbox 236 1417 1828 1490">
    <p class='ocr_par' dir='ltr' id='par_1_15' title="bbox 236 1417 1828 1490">
     <span class='ocr_line' id='line_1_15' title="bbox 236 1417 1828 1490; baseline 0.001 -20"><span class='ocrx_word' id='word_1_100' title='bbox 236 1423 296 1470; x_wconf 82' lang='grc' dir='ltr'><strong>ἐν</strong></span> <span class='ocrx_word' id='word_1_101' title='bbox 328 1422 392 1487; x_wconf 79' lang='grc' dir='ltr'><strong>τῇ</strong></span> <span class='ocrx_word' id='word_1_102' title='bbox 431 1419 568 1486; x_wconf 78' lang='grc' dir='ltr'><strong>πρὸς</strong></span> <span class='ocrx_word' id='word_1_103' title='bbox 604 1417 922 1489; x_wconf 83' lang='grc' dir='ltr'><strong>Βασιλείδην</strong></span> <span class='ocrx_word' id='word_1_104' title='bbox 952 1420 1208 1490; x_wconf 78' lang='grc' dir='ltr'><strong>ἐπιστολῇ</strong></span> <span class='ocrx_word' id='word_1_105' title='bbox 1240 1420 1413 1473; x_wconf 82' lang='grc' dir='ltr'><strong>ταῦτά</strong></span> <span class='ocrx_word' id='word_1_106' title='bbox 1446 1438 1611 1489; x_wconf 86' lang='grc' dir='ltr'><strong>φησιν</strong></span> <span class='ocrx_word' id='word_1_107' title='bbox 1634 1438 1646 1451; x_wconf 91' lang='grc'><strong>·</strong></span> <span class='ocrx_word' id='word_1_108' title='bbox 1678 1422 1741 1472; x_wconf 84' lang='lat' dir='ltr'><strong>Ol</strong></span> <span class='ocrx_word' id='word_1_109' title='bbox 1772 1420 1828 1472; x_wconf 60' lang='grc' dir='ltr'><strong>δὲ</strong></span> 
     </span>
    </p>
   </div>
   <div class='ocr_carea' id='block_1_16' title="bbox 236 1510 1828 1580">
    <p class='ocr_par' dir='ltr' id='par_1_16' title="bbox 236 1510 1828 1580">
     <span class='ocr_line' id='line_1_16' title="bbox 236 1510 1828 1580; baseline 0 -19"><span class='ocrx_word' id='word_1_110' title='bbox 236 1511 297 1561; x_wconf 75' lang='grc' dir='ltr'><strong>ἐν</strong></span> <span class='ocrx_word' id='word_1_111' title='bbox 326 1510 679 1580; x_wconf 82' lang='grc' dir='ltr'><strong>ἀπροαιρέτῳ</strong></span> <span class='ocrx_word' id='word_1_112' title='bbox 709 1513 999 1579; x_wconf 71' lang='grc' dir='ltr'><strong>νυκτερινῇ</strong></span> <span class='ocrx_word' id='word_1_113' title='bbox 1035 1513 1189 1579; x_wconf 82' lang='grc' dir='ltr'>ῥύσει</span> <span class='ocrx_word' id='word_1_114' title='bbox 1220 1512 1504 1579; x_wconf 89' lang='grc' dir='ltr'><strong>γενόμενοι</strong></span> <span class='ocrx_word' id='word_1_115' title='bbox 1536 1510 1611 1579; x_wconf 88' lang='grc' dir='ltr'><strong>τῷ</strong></span> <span class='ocrx_word' id='word_1_116' title='bbox 1640 1510 1828 1579; x_wconf 78' lang='grc' dir='ltr'><strong>οἰκείῳ</strong></span> 
     </span>
    </p>
   </div>
   <div class='ocr_carea' id='block_1_17' title="bbox 236 1599 1828 1663">
    <p class='ocr_par' dir='ltr' id='par_1_17' title="bbox 236 1599 1828 1663">
     <span class='ocr_line' id='line_1_17' title="bbox 236 1599 1828 1663; baseline 0.003 -14"><span class='ocrx_word' id='word_1_117' title='bbox 236 1599 505 1650; x_wconf 82' lang='grc' dir='ltr'><strong>συνειδότι</strong></span> <span class='ocrx_word' id='word_1_118' title='bbox 534 1599 1114 1652; x_wconf 84' lang='grc' dir='ltr'><strong>κατακολουθείτωσαν</strong></span> <span class='ocrx_word' id='word_1_119' title='bbox 1139 1618 1154 1633; x_wconf 91' lang='grc'><strong>·</strong></span> <span class='ocrx_word' id='word_1_120' title='bbox 1188 1602 1283 1654; x_wconf 76' lang='grc' dir='ltr'><strong>καὶ</strong></span> <span class='ocrx_word' id='word_1_121' title='bbox 1313 1602 1541 1663; x_wconf 69' lang='grc' dir='ltr'><strong>ἑαυτοὺς</strong></span> <span class='ocrx_word' id='word_1_122' title='bbox 1573 1602 1683 1653; x_wconf 81' lang='grc' dir='ltr'><strong>εἴτε</strong></span> <span class='ocrx_word' id='word_1_123' title='bbox 1711 1601 1828 1653; x_wconf 84' lang='grc' dir='ltr'><strong>δια·</strong></span> 
     </span>
    </p>
   </div>
   <div class='ocr_carea' id='block_1_18' title="bbox 232 1691 1828 1761">
    <p class='ocr_par' dir='ltr' id='par_1_18' title="bbox 232 1691 1828 1761">
     <span class='ocr_line' id='line_1_18' title="bbox 232 1691 1828 1761; baseline 0 -18"><span class='ocrx_word' id='word_1_124' title='bbox 232 1692 551 1760; x_wconf 73' lang='grc' dir='ltr'><strong>κρίνονται,</strong></span> <span class='ocrx_word' id='word_1_125' title='bbox 583 1693 692 1744; x_wconf 71' lang='grc' dir='ltr'><strong>εἴτε</strong></span> <span class='ocrx_word' id='word_1_126' title='bbox 730 1692 837 1761; x_wconf 85' lang='grc' dir='ltr'><strong>μὴ,</strong></span> <span class='ocrx_word' id='word_1_127' title='bbox 871 1693 1272 1746; x_wconf 79' lang='grc' dir='ltr'><strong>σκοπείτωσαν.</strong></span> <span class='ocrx_word' id='word_1_128' title='bbox 1308 1691 1396 1756; x_wconf 82' lang='grc' dir='ltr'><strong>Ὠς</strong></span> <span class='ocrx_word' id='word_1_129' title='bbox 1425 1693 1518 1745; x_wconf 65' lang='grc' dir='ltr'><strong>ἐπὶ</strong></span> <span class='ocrx_word' id='word_1_130' title='bbox 1545 1692 1656 1745; x_wconf 84' lang='grc' dir='ltr'><strong>τῶν</strong></span> <span class='ocrx_word' id='word_1_131' title='bbox 1685 1691 1828 1761; x_wconf 84' lang='grc' dir='ltr'><strong>βρω-</strong></span> 
     </span>
    </p>
   </div>
   <div class='ocr_carea' id='block_1_19' title="bbox 237 1784 1829 1853">
    <p class='ocr_par' dir='ltr' id='par_1_19' title="bbox 237 1784 1829 1853">
     <span class='ocr_line' id='line_1_19' title="bbox 237 1784 1829 1853; baseline 0 -18"><span class='ocrx_word' id='word_1_132' title='bbox 237 1784 431 1851; x_wconf 84' lang='grc' dir='ltr'><strong>μάτων</strong></span> <span class='ocrx_word' id='word_1_133' title='bbox 474 1785 502 1835; x_wconf 93' lang='lat'><strong>6</strong></span> <span class='ocrx_word' id='word_1_134' title='bbox 549 1784 995 1853; x_wconf 80' lang='grc' dir='ltr'><strong>διακρινόμενος,</strong></span> <span class='ocrx_word' id='word_1_135' title='bbox 1046 1784 1244 1853; x_wconf 74' lang='grc' dir='ltr'><strong>φησὶν,</strong></span> <span class='ocrx_word' id='word_1_136' title='bbox 1288 1785 1383 1837; x_wconf 72' lang='grc' dir='ltr'><strong>εάν</strong></span> <span class='ocrx_word' id='word_1_137' title='bbox 1430 1784 1610 1853; x_wconf 79' lang='grc' dir='ltr'><strong>φάγῃ,</strong></span> <span class='ocrx_word' id='word_1_138' title='bbox 1659 1799 1829 1837; x_wconf 85' lang='grc' dir='ltr'><strong>κατα-</strong></span> 
     </span>
    </p>
   </div>
   <div class='ocr_carea' id='block_1_20' title="bbox 1933 598 3507 666">
    <p class='ocr_par' dir='ltr' id='par_1_20' title="bbox 1933 598 3507 666">
     <span class='ocr_line' id='line_1_20' title="bbox 1933 598 3507 666; baseline 0.004 -16"><span class='ocrx_word' id='word_1_139' title='bbox 1933 598 2204 666; x_wconf 75' lang='lat' dir='ltr'><strong>conjugali</strong></span> <span class='ocrx_word' id='word_1_140' title='bbox 2241 598 2641 665; x_wconf 78' lang='lat' dir='ltr'><strong>intelligendum</strong></span> <span class='ocrx_word' id='word_1_141' title='bbox 2676 609 2780 661; x_wconf 87' lang='lat' dir='ltr'><strong>est,</strong></span> <span class='ocrx_word' id='word_1_142' title='bbox 2812 609 2906 652; x_wconf 86' lang='lat' dir='ltr'><strong>aut</strong></span> <span class='ocrx_word' id='word_1_143' title='bbox 2930 600 2996 652; x_wconf 87' lang='lat' dir='ltr'><strong>de</strong></span> <span class='ocrx_word' id='word_1_144' title='bbox 3025 598 3199 653; x_wconf 91' lang='lat' dir='ltr'><strong>initio.</strong></span> <span class='ocrx_word' id='word_1_145' title='bbox 3231 600 3333 666; x_wconf 97' lang='lat' dir='ltr'><strong>Qui</strong></span> <span class='ocrx_word' id='word_1_146' title='bbox 3363 604 3507 655; x_wconf 90' lang='lat' dir='ltr'><strong>enim</strong></span> 
     </span>
    </p>
   </div>
   <div class='ocr_carea' id='block_1_21' title="bbox 1935 689 3506 759">
    <p class='ocr_par' dir='ltr' id='par_1_21' title="bbox 1935 689 3506 759">
     <span class='ocr_line' id='line_1_21' title="bbox 1935 689 3506 759; baseline 0.004 -19"><span class='ocrx_word' id='word_1_147' title='bbox 1935 689 2301 756; x_wconf 69' lang='lat' dir='ltr'><strong>virginitatem</strong></span> <span class='ocrx_word' id='word_1_148' title='bbox 2336 689 2697 756; x_wconf 77' lang='lat' dir='ltr'><strong>ampiectitur,</strong></span> <span class='ocrx_word' id='word_1_149' title='bbox 2729 703 2850 742; x_wconf 89' lang='lat' dir='ltr'><strong>cum</strong></span> <span class='ocrx_word' id='word_1_150' title='bbox 2888 704 3017 742; x_wconf 88' lang='lat' dir='ltr'><strong>caro</strong></span> <span class='ocrx_word' id='word_1_151' title='bbox 3073 690 3139 743; x_wconf 85' lang='lat' dir='ltr'><strong>ad</strong></span> <span class='ocrx_word' id='word_1_152' title='bbox 3180 691 3506 759; x_wconf 79' lang='lat' dir='ltr'><strong>voluptates.</strong></span> 
     </span>
    </p>
   </div>
   <div class='ocr_carea' id='block_1_22' title="bbox 1933 780 3512 848">
    <p class='ocr_par' dir='ltr' id='par_1_22' title="bbox 1933 780 3512 848">
     <span class='ocr_line' id='line_1_22' title="bbox 1933 780 3512 848; baseline 0 -15"><span class='ocrx_word' id='word_1_153' title='bbox 1933 782 2274 848; x_wconf 78' lang='lat' dir='ltr'><strong>maximeque</strong></span> <span class='ocrx_word' id='word_1_154' title='bbox 2297 795 2559 834; x_wconf 77' lang='lat' dir='ltr'><strong>venereas</strong></span> <span class='ocrx_word' id='word_1_155' title='bbox 2583 781 2654 834; x_wconf 87' lang='lat' dir='ltr'><strong>sit</strong></span> <span class='ocrx_word' id='word_1_156' title='bbox 2684 782 2954 848; x_wconf 77' lang='lat' dir='ltr'><strong>proclivis;</strong></span> <span class='ocrx_word' id='word_1_157' title='bbox 2983 780 3327 835; x_wconf 84' lang='lat' dir='ltr'><strong>conﬂictatur</strong></span> <span class='ocrx_word' id='word_1_158' title='bbox 3358 784 3512 836; x_wconf 80' lang='lat' dir='ltr'><strong>initin</strong></span> 
     </span>
    </p>
   </div>
   <div class='ocr_carea' id='block_1_23' title="bbox 1932 872 3512 942">
    <p class='ocr_par' dir='ltr' id='par_1_23' title="bbox 1932 872 3512 942">
     <span class='ocr_line' id='line_1_23' title="bbox 1932 872 3512 942; baseline 0.001 -17"><span class='ocrx_word' id='word_1_159' title='bbox 1932 872 2362 932; x_wconf 55' lang='lat' dir='ltr'><strong>difﬁcultatibus.</strong></span> <span class='ocrx_word' id='word_1_160' title='bbox 2396 881 2583 925; x_wconf 83' lang='lat' dir='ltr'><strong>natura</strong></span> <span class='ocrx_word' id='word_1_161' title='bbox 2618 874 2681 924; x_wconf 90' lang='lat' dir='ltr'><strong>ad</strong></span> <span class='ocrx_word' id='word_1_162' title='bbox 2710 873 2984 927; x_wconf 80' lang='lat' dir='ltr'><strong>libidinem</strong></span> <span class='ocrx_word' id='word_1_163' title='bbox 3010 873 3322 937; x_wconf 88' lang='lat' dir='ltr'><strong>inclinante,</strong></span> <span class='ocrx_word' id='word_1_164' title='bbox 3351 875 3512 942; x_wconf 85' lang='lat' dir='ltr'><strong>idque</strong></span> 
     </span>
    </p>
   </div>
   <div class='ocr_carea' id='block_1_24' title="bbox 1934 964 3509 1033">
    <p class='ocr_par' dir='ltr' id='par_1_24' title="bbox 1934 964 3509 1033">
     <span class='ocr_line' id='line_1_24' title="bbox 1934 964 3509 1033; baseline 0.001 -18"><span class='ocrx_word' id='word_1_165' title='bbox 1934 966 2237 1033; x_wconf 67' lang='lat' dir='ltr'><strong>prmsertim</strong></span> <span class='ocrx_word' id='word_1_166' title='bbox 2269 966 2393 1017; x_wconf 93' lang='lat' dir='ltr'><strong>dum</strong></span> <span class='ocrx_word' id='word_1_167' title='bbox 2432 965 2483 1017; x_wconf 91' lang='lat' dir='ltr'><strong>in</strong></span> <span class='ocrx_word' id='word_1_168' title='bbox 2526 964 2704 1017; x_wconf 61' lang='lat' dir='ltr'><strong>astatis</strong></span> <span class='ocrx_word' id='word_1_169' title='bbox 2755 965 2884 1017; x_wconf 83' lang='lat' dir='ltr'><strong>ﬂore</strong></span> <span class='ocrx_word' id='word_1_170' title='bbox 2932 976 3203 1029; x_wconf 83' lang='lat' dir='ltr'><strong>versatur,</strong></span> <span class='ocrx_word' id='word_1_171' title='bbox 3237 980 3299 1018; x_wconf 89' lang='lat' dir='ltr'><strong>ac</strong></span> <span class='ocrx_word' id='word_1_172' title='bbox 3330 968 3509 1031; x_wconf 70' lang='lat' dir='ltr'><strong>viget;</strong></span> 
     </span>
    </p>
   </div>
   <div class='ocr_carea' id='block_1_25' title="bbox 1932 1054 3509 1122">
    <p class='ocr_par' dir='ltr' id='par_1_25' title="bbox 1932 1054 3509 1122">
     <span class='ocr_line' id='line_1_25' title="bbox 1932 1054 3509 1122; baseline 0.003 -18"><span class='ocrx_word' id='word_1_173' title='bbox 1932 1069 2091 1122; x_wconf 89' lang='lat' dir='ltr'><strong>quam</strong></span> <span class='ocrx_word' id='word_1_174' title='bbox 2116 1056 2185 1109; x_wconf 92' lang='lat' dir='ltr'><strong>ob</strong></span> <span class='ocrx_word' id='word_1_175' title='bbox 2214 1069 2430 1108; x_wconf 80' lang='lat' dir='ltr'><strong>causam</strong></span> <span class='ocrx_word' id='word_1_176' title='bbox 2453 1056 2613 1107; x_wconf 89' lang='lat' dir='ltr'><strong>verba</strong></span> <span class='ocrx_word' id='word_1_177' title='bbox 2648 1055 2734 1107; x_wconf 94' lang='lat' dir='ltr'><strong>illa</strong></span> <span class='ocrx_word' id='word_1_178' title='bbox 2764 1054 2958 1121; x_wconf 88' lang='lat' dir='ltr'><strong>(primo</strong></span> <span class='ocrx_word' id='word_1_179' title='bbox 2988 1058 3159 1122; x_wconf 79' lang='lat' dir='ltr'><strong>aditu)</strong></span> <span class='ocrx_word' id='word_1_180' title='bbox 3184 1068 3310 1109; x_wconf 86' lang='lat' dir='ltr'><strong>sunt</strong></span> <span class='ocrx_word' id='word_1_181' title='bbox 3345 1059 3509 1108; x_wconf 86' lang='lat' dir='ltr'><strong>dicta.</strong></span> 
     </span>
    </p>
   </div>
   <div class='ocr_carea' id='block_1_26' title="bbox 1933 1146 3514 1214">
    <p class='ocr_par' dir='ltr' id='par_1_26' title="bbox 1933 1146 3514 1214">
     <span class='ocr_line' id='line_1_26' title="bbox 1933 1146 3514 1214; baseline -0.001 -12"><span class='ocrx_word' id='word_1_182' title='bbox 1933 1146 2036 1202; x_wconf 90' lang='lat' dir='ltr'><strong>Ubi</strong></span> <span class='ocrx_word' id='word_1_183' title='bbox 2072 1162 2200 1201; x_wconf 81' lang='lat' dir='ltr'><strong>vero</strong></span> <span class='ocrx_word' id='word_1_184' title='bbox 2250 1149 2315 1201; x_wconf 89' lang='lat' dir='ltr'><strong>ad</strong></span> <span class='ocrx_word' id='word_1_185' title='bbox 2373 1156 2706 1199; x_wconf 89' lang='lat' dir='ltr'><strong>senectutem</strong></span> <span class='ocrx_word' id='word_1_186' title='bbox 2758 1150 2953 1214; x_wconf 75' lang='lat' dir='ltr'><strong>vergit,</strong></span> <span class='ocrx_word' id='word_1_187' title='bbox 2995 1150 3207 1201; x_wconf 89' lang='lat' dir='ltr'><strong>etiamsi</strong></span> <span class='ocrx_word' id='word_1_188' title='bbox 3258 1162 3325 1199; x_wconf 90' lang='lat' dir='ltr'><strong>ne</strong></span> <span class='ocrx_word' id='word_1_189' title='bbox 3385 1159 3514 1201; x_wconf 89' lang='lat' dir='ltr'><strong>tunc</strong></span> 
     </span>
    </p>
   </div>
   <div class='ocr_carea' id='block_1_27' title="bbox 1931 1237 3513 1306">
    <p class='ocr_par' dir='ltr' id='par_1_27' title="bbox 1931 1237 3513 1306">
     <span class='ocr_line' id='line_1_27' title="bbox 1931 1237 3513 1306; baseline 0.001 -17"><span class='ocrx_word' id='word_1_190' title='bbox 1931 1238 2147 1305; x_wconf 83' lang='lat' dir='ltr'><strong>quidem</strong></span> <span class='ocrx_word' id='word_1_191' title='bbox 2190 1239 2563 1305; x_wconf 80' lang='lat' dir='ltr'><strong>exstinguatur</strong></span> <span class='ocrx_word' id='word_1_192' title='bbox 2615 1237 2967 1306; x_wconf 80' lang='lat' dir='ltr'><strong>cupiditatum</strong></span> <span class='ocrx_word' id='word_1_193' title='bbox 3021 1238 3236 1291; x_wconf 85' lang='lat' dir='ltr'><strong>llautma</strong></span> <span class='ocrx_word' id='word_1_194' title='bbox 3268 1278 3282 1301; x_wconf 94' lang='lat'><strong>,</strong></span> <span class='ocrx_word' id='word_1_195' title='bbox 3339 1239 3513 1291; x_wconf 83' lang='lat' dir='ltr'><strong>lenior</strong></span> 
     </span>
    </p>
   </div>
   <div class='ocr_carea' id='block_1_28' title="bbox 1936 1328 3513 1396">
    <p class='ocr_par' dir='ltr' id='par_1_28' title="bbox 1936 1328 3513 1396">
     <span class='ocr_line' id='line_1_28' title="bbox 1936 1328 3513 1396; baseline 0.001 -15"><span class='ocrx_word' id='word_1_196' title='bbox 1936 1340 2109 1382; x_wconf 88' lang='lat' dir='ltr'><strong>tamen</strong></span> <span class='ocrx_word' id='word_1_197' title='bbox 2142 1332 2340 1383; x_wconf 82' lang='lat' dir='ltr'><strong>evadit.</strong></span> <span class='ocrx_word' id='word_1_198' title='bbox 2379 1328 2472 1381; x_wconf 86' lang='lat' dir='ltr'><strong>llis</strong></span> <span class='ocrx_word' id='word_1_199' title='bbox 2520 1330 2679 1382; x_wconf 89' lang='lat' dir='ltr'><strong>dictis</strong></span> <span class='ocrx_word' id='word_1_200' title='bbox 2717 1330 2969 1396; x_wconf 86' lang='lat' dir='ltr'><strong>subjicit,</strong></span> <span class='ocrx_word' id='word_1_201' title='bbox 3006 1330 3219 1382; x_wconf 89' lang='lat' dir='ltr'><strong>illorqu</strong></span> <span class='ocrx_word' id='word_1_202' title='bbox 3272 1331 3513 1395; x_wconf 82' lang='lat' dir='ltr'><strong>impuras</strong></span> 
     </span>
    </p>
   </div>
   <div class='ocr_carea' id='block_1_29' title="bbox 1931 1420 3513 1491">
    <p class='ocr_par' dir='ltr' id='par_1_29' title="bbox 1931 1420 3513 1491">
     <span class='ocr_line' id='line_1_29' title="bbox 1931 1420 3513 1491; baseline 0.001 -19"><span class='ocrx_word' id='word_1_203' title='bbox 1931 1424 2253 1491; x_wconf 60' lang='lat' dir='ltr'><strong>quastiones</strong></span> <span class='ocrx_word' id='word_1_204' title='bbox 2278 1422 2385 1490; x_wconf 81' lang='lat' dir='ltr'><strong>jam</strong></span> <span class='ocrx_word' id='word_1_205' title='bbox 2412 1430 2534 1474; x_wconf 82' lang='lat' dir='ltr'><strong>ante</strong></span> <span class='ocrx_word' id='word_1_206' title='bbox 2558 1436 2620 1474; x_wconf 80' lang='lat' dir='ltr'><strong>ex</strong></span> <span class='ocrx_word' id='word_1_207' title='bbox 2651 1422 2821 1474; x_wconf 82' lang='lat' dir='ltr'><strong>sacris</strong></span> <span class='ocrx_word' id='word_1_208' title='bbox 2854 1420 3073 1475; x_wconf 84' lang='lat' dir='ltr'><strong>Litteris</strong></span> <span class='ocrx_word' id='word_1_209' title='bbox 3099 1422 3263 1475; x_wconf 80' lang='lat' dir='ltr'><strong>fuisse</strong></span> <span class='ocrx_word' id='word_1_210' title='bbox 3286 1424 3513 1484; x_wconf 78' lang='lat' dir='ltr'><strong>Sululas,</strong></span> 
     </span>
    </p>
   </div>
   <div class='ocr_carea' id='block_1_30' title="bbox 1933 1513 3515 1580">
    <p class='ocr_par' dir='ltr' id='par_1_30' title="bbox 1933 1513 3515 1580">
     <span class='ocr_line' id='line_1_30' title="bbox 1933 1513 3515 1580; baseline -0.001 -16"><span class='ocrx_word' id='word_1_211' title='bbox 1933 1524 2222 1580; x_wconf 83' lang='lat' dir='ltr'><strong>monetque</strong></span> <span class='ocrx_word' id='word_1_212' title='bbox 2275 1514 2724 1577; x_wconf 80' lang='lat' dir='ltr'><strong>interrogantem,</strong></span> <span class='ocrx_word' id='word_1_213' title='bbox 2766 1522 2822 1566; x_wconf 90' lang='lat' dir='ltr'><strong>ut</strong></span> <span class='ocrx_word' id='word_1_214' title='bbox 2853 1514 2954 1566; x_wconf 83' lang='lat' dir='ltr'><strong>sibi</strong></span> <span class='ocrx_word' id='word_1_215' title='bbox 3017 1513 3264 1565; x_wconf 82' lang='lat' dir='ltr'><strong>subditos</strong></span> <span class='ocrx_word' id='word_1_216' title='bbox 3313 1513 3515 1565; x_wconf 81' lang='lat' dir='ltr'><strong>conﬁr-</strong></span> 
     </span>
    </p>
   </div>
   <div class='ocr_carea' id='block_1_31' title="bbox 1932 1601 3514 1672">
    <p class='ocr_par' dir='ltr' id='par_1_31' title="bbox 1932 1601 3514 1672">
     <span class='ocr_line' id='line_1_31' title="bbox 1932 1601 3514 1672; baseline 0.001 -17"><span class='ocrx_word' id='word_1_217' title='bbox 1932 1615 2062 1669; x_wconf 89' lang='lat' dir='ltr'><strong>met,</strong></span> <span class='ocrx_word' id='word_1_218' title='bbox 2098 1604 2370 1672; x_wconf 76' lang='lat' dir='ltr'><strong>variisque</strong></span> <span class='ocrx_word' id='word_1_219' title='bbox 2403 1601 2697 1672; x_wconf 69' lang='lat' dir='ltr'><strong>Scriptura:</strong></span> <span class='ocrx_word' id='word_1_220' title='bbox 2728 1605 3015 1671; x_wconf 86' lang='lat' dir='ltr'><strong>sententiis</strong></span> <span class='ocrx_word' id='word_1_221' title='bbox 3049 1606 3215 1657; x_wconf 90' lang='lat' dir='ltr'><strong>utitur</strong></span> <span class='ocrx_word' id='word_1_222' title='bbox 3243 1620 3258 1669; x_wconf 87' lang='lat'><strong>;</strong></span> <span class='ocrx_word' id='word_1_223' title='bbox 3297 1614 3407 1657; x_wconf 92' lang='lat' dir='ltr'><strong>tum</strong></span> <span class='ocrx_word' id='word_1_224' title='bbox 3447 1605 3514 1657; x_wconf 89' lang='lat' dir='ltr'><strong>ad</strong></span> 
     </span>
    </p>
   </div>
   <div class='ocr_carea' id='block_1_32' title="bbox 1931 1696 3511 1764">
    <p class='ocr_par' dir='ltr' id='par_1_32' title="bbox 1931 1696 3511 1764">
     <span class='ocr_line' id='line_1_32' title="bbox 1931 1696 3511 1764; baseline 0 -17"><span class='ocrx_word' id='word_1_225' title='bbox 1931 1696 2297 1763; x_wconf 76' lang='lat' dir='ltr'><strong>precationem</strong></span> <span class='ocrx_word' id='word_1_226' title='bbox 2331 1709 2593 1749; x_wconf 85' lang='lat' dir='ltr'><strong>conversa</strong></span> <span class='ocrx_word' id='word_1_227' title='bbox 2634 1696 2881 1748; x_wconf 88' lang='lat' dir='ltr'><strong>oratione</strong></span> <span class='ocrx_word' id='word_1_228' title='bbox 2930 1696 3211 1764; x_wconf 80' lang='lat' dir='ltr'><strong>epi5l0|um</strong></span> <span class='ocrx_word' id='word_1_229' title='bbox 3260 1696 3511 1749; x_wconf 78' lang='lat' dir='ltr'><strong>absolvit.</strong></span> 
     </span>
    </p>
   </div>
   <div class='ocr_carea' id='block_1_33' title="bbox 1941 1786 3517 1857">
    <p class='ocr_par' dir='ltr' id='par_1_33' title="bbox 1941 1786 3517 1857">
     <span class='ocr_line' id='line_1_33' title="bbox 1941 1786 3517 1857; baseline -0.001 -17"><span class='ocrx_word' id='word_1_230' title='bbox 1941 1786 2065 1841; x_wconf 34' lang='lat' dir='ltr'><strong>l‘lzc</strong></span> <span class='ocrx_word' id='word_1_231' title='bbox 2093 1803 2220 1857; x_wconf 71' lang='lat' dir='ltr'><strong>ergo</strong></span> <span class='ocrx_word' id='word_1_232' title='bbox 2259 1801 2485 1857; x_wconf 76' lang='lat' dir='ltr'><strong>magnus</strong></span> <span class='ocrx_word' id='word_1_233' title='bbox 2518 1788 2753 1854; x_wconf 89' lang='lat' dir='ltr'><strong>loquitur</strong></span> <span class='ocrx_word' id='word_1_234' title='bbox 2792 1788 3120 1840; x_wconf 83' lang='lat' dir='ltr'><strong>Athanasius</strong></span> <span class='ocrx_word' id='word_1_235' title='bbox 3168 1786 3235 1840; x_wconf 92' lang='lat' dir='ltr'><strong>de</strong></span> <span class='ocrx_word' id='word_1_236' title='bbox 3284 1787 3517 1839; x_wconf 76' lang='lat' dir='ltr'><strong>naturali</strong></span> 
     </span>
    </p>
   </div>
   <div class='ocr_carea' id='block_1_34' title="bbox 233 1844 1828 1945">
    <p class='ocr_par' dir='ltr' id='par_1_34' title="bbox 233 1873 1828 1943">
     <span class='ocr_line' id='line_1_34' title="bbox 233 1873 1828 1943; baseline 0 -19"><span class='ocrx_word' id='word_1_237' title='bbox 233 1885 492 1941; x_wconf 85' lang='grc' dir='ltr'><strong>κεκριται</strong></span> <span class='ocrx_word' id='word_1_238' title='bbox 526 1887 540 1901; x_wconf 82' lang='grc'><strong>⁸</strong></span> <span class='ocrx_word' id='word_1_239' title='bbox 596 1874 692 1926; x_wconf 73' lang='grc' dir='ltr'><strong>καὶ</strong></span> <span class='ocrx_word' id='word_1_240' title='bbox 745 1874 804 1924; x_wconf 72' lang='grc' dir='ltr'><strong>ἐν</strong></span> <span class='ocrx_word' id='word_1_241' title='bbox 852 1873 1068 1936; x_wconf 84' lang='grc' dir='ltr'><strong>τούτοις</strong></span> <span class='ocrx_word' id='word_1_242' title='bbox 1119 1874 1495 1943; x_wconf 87' lang='grc' dir='ltr'><strong>εύσυνείδητος</strong></span> <span class='ocrx_word' id='word_1_243' title='bbox 1547 1875 1688 1926; x_wconf 72' lang='grc' dir='ltr'><strong>ἔστω</strong></span> <span class='ocrx_word' id='word_1_244' title='bbox 1738 1874 1828 1926; x_wconf 72' lang='grc' dir='ltr'><strong>καὶ</strong></span> 
     </span>
    </p>
   </div>
   <div class='ocr_carea' id='block_1_35' title="bbox 1934 1844 3517 1945">
    <p class='ocr_par' dir='ltr' id='par_1_35' title="bbox 1939 1874 3517 1945">
     <span class='ocr_line' id='line_1_35' title="bbox 1939 1874 3517 1945; baseline 0.001 -14"><span class='ocrx_word' id='word_1_245' title='bbox 1939 1877 2162 1931; x_wconf 87' lang='lat' dir='ltr'><strong>seminis</strong></span> <span class='ocrx_word' id='word_1_246' title='bbox 2196 1878 2529 1930; x_wconf 80' lang='lat' dir='ltr'><strong>excretione.</strong></span> <span class='ocrx_word' id='word_1_247' title='bbox 2566 1874 2855 1945; x_wconf 82' lang='lat' dir='ltr'><strong>Dionysius</strong></span> <span class='ocrx_word' id='word_1_248' title='bbox 2902 1891 3065 1943; x_wconf 93' lang='lat' dir='ltr'><strong>porro</strong></span> <span class='ocrx_word' id='word_1_249' title='bbox 3117 1876 3517 1933; x_wconf 76' lang='lat' dir='ltr'><strong>Alexandrinus</strong></span> 
     </span>
    </p>
   </div>
   <div class='ocr_carea' id='block_1_36' title="bbox 230 1963 1829 2036">
    <p class='ocr_par' dir='ltr' id='par_1_36' title="bbox 230 1963 1829 2036">
     <span class='ocr_line' id='line_1_36' title="bbox 230 1963 1829 2036; baseline 0 -20"><span class='ocrx_word' id='word_1_250' title='bbox 230 1963 725 2034; x_wconf 60' lang='grc' dir='ltr'><strong>εὐπαρρησίαστος</strong></span> <span class='ocrx_word' id='word_1_251' title='bbox 761 1966 903 2017; x_wconf 88' lang='grc' dir='ltr'><strong>κατά</strong></span> <span class='ocrx_word' id='word_1_252' title='bbox 935 1965 995 2016; x_wconf 81' lang='grc' dir='ltr'><strong>τὸ</strong></span> <span class='ocrx_word' id='word_1_253' title='bbox 1023 1964 1155 2017; x_wconf 80' lang='grc' dir='ltr'><strong>ἴδιον</strong></span> <span class='ocrx_word' id='word_1_254' title='bbox 1190 1965 1447 2036; x_wconf 70' lang='grc' dir='ltr'><strong>ἐνθύμιον</strong></span> <span class='ocrx_word' id='word_1_255' title='bbox 1465 1966 1575 2028; x_wconf 77' lang='grc' dir='ltr'><strong>πᾶς</strong></span> <span class='ocrx_word' id='word_1_256' title='bbox 1608 1968 1635 2017; x_wconf 97' lang='lat'><strong>6</strong></span> <span class='ocrx_word' id='word_1_257' title='bbox 1659 1980 1829 2033; x_wconf 91' lang='grc' dir='ltr'><strong>προσ-</strong></span> 
     </span>
    </p>
   </div>
   <div class='ocr_carea' id='block_1_37' title="bbox 234 2049 1831 2127">
    <p class='ocr_par' dir='ltr' id='par_1_37' title="bbox 234 2049 1831 2127">
     <span class='ocr_line' id='line_1_37' title="bbox 234 2049 1831 2127; baseline 0.001 -20"><span class='ocrx_word' id='word_1_258' title='bbox 234 2056 332 2107; x_wconf 86' lang='grc' dir='ltr'><strong>ιὼν</strong></span> <span class='ocrx_word' id='word_1_259' title='bbox 363 2056 441 2125; x_wconf 78' lang='grc' dir='ltr'><strong>τῷ</strong></span> <span class='ocrx_word' id='word_1_260' title='bbox 472 2049 624 2119; x_wconf 65' lang='grc' dir='ltr'><strong>Θεῷξ</strong></span> <span class='ocrx_word' id='word_1_261' title='bbox 648 2058 713 2109; x_wconf 86' lang='grc' dir='ltr'><strong>Ὀ</strong></span> <span class='ocrx_word' id='word_1_262' title='bbox 741 2056 798 2108; x_wconf 77' lang='grc' dir='ltr'><strong>δὲ</strong></span> <span class='ocrx_word' id='word_1_263' title='bbox 828 2056 977 2121; x_wconf 84' lang='grc' dir='ltr'><strong>λέγει</strong></span> <span class='ocrx_word' id='word_1_264' title='bbox 1004 2056 1249 2110; x_wconf 83' lang='grc' dir='ltr'><strong>τοιοῦτόν</strong></span> <span class='ocrx_word' id='word_1_265' title='bbox 1277 2058 1446 2122; x_wconf 61' lang='grc' dir='ltr'><strong>ἐστιν,</strong></span> <span class='ocrx_word' id='word_1_266' title='bbox 1495 2058 1577 2109; x_wconf 83' lang='grc' dir='ltr'><strong>ὅτι</strong></span> <span class='ocrx_word' id='word_1_267' title='bbox 1622 2057 1682 2108; x_wconf 84' lang='grc' dir='ltr'><strong>Ὀ</strong></span> <span class='ocrx_word' id='word_1_268' title='bbox 1731 2057 1831 2127; x_wconf 82' lang='grc' dir='ltr'><strong>τὴν</strong></span> 
     </span>
    </p>
   </div>
   <div class='ocr_carea' id='block_1_38' title="bbox 228 2148 1827 2220">
    <p class='ocr_par' dir='ltr' id='par_1_38' title="bbox 228 2148 1827 2220">
     <span class='ocr_line' id='line_1_38' title="bbox 228 2148 1827 2220; baseline 0 -19"><span class='ocrx_word' id='word_1_269' title='bbox 228 2149 326 2201; x_wconf 76' lang='grc' dir='ltr'><strong>τοῦ</strong></span> <span class='ocrx_word' id='word_1_270' title='bbox 360 2150 681 2219; x_wconf 81' lang='grc' dir='ltr'><strong>σπέρματος</strong></span> <span class='ocrx_word' id='word_1_271' title='bbox 714 2149 953 2210; x_wconf 79' lang='grc' dir='ltr'><strong>ὑποστὰς</strong></span> <span class='ocrx_word' id='word_1_272' title='bbox 984 2148 1200 2217; x_wconf 81' lang='grc' dir='ltr'><strong>ρεὖσιν,</strong></span> <span class='ocrx_word' id='word_1_273' title='bbox 1231 2148 1423 2202; x_wconf 78' lang='grc' dir='ltr'><strong>ἑαυτὸν</strong></span> <span class='ocrx_word' id='word_1_274' title='bbox 1452 2150 1789 2220; x_wconf 81' lang='grc' dir='ltr'><strong>ἀνακρινέτω</strong></span> <span class='ocrx_word' id='word_1_275' title='bbox 1813 2165 1827 2181; x_wconf 87' lang='grc'><strong>·</strong></span> 
     </span>
    </p>
   </div>
   <div class='ocr_carea' id='block_1_39' title="bbox 230 2240 1827 2312">
    <p class='ocr_par' dir='ltr' id='par_1_39' title="bbox 230 2240 1827 2312">
     <span class='ocr_line' id='line_1_39' title="bbox 230 2240 1827 2312; baseline 0 -19"><span class='ocrx_word' id='word_1_276' title='bbox 230 2243 327 2293; x_wconf 74' lang='grc' dir='ltr'><strong>καὶ</strong></span> <span class='ocrx_word' id='word_1_277' title='bbox 355 2242 405 2293; x_wconf 88' lang='grc' dir='ltr'><strong>εί</strong></span> <span class='ocrx_word' id='word_1_278' title='bbox 441 2243 538 2310; x_wconf 82' lang='grc' dir='ltr'><strong>μὲν</strong></span> <span class='ocrx_word' id='word_1_279' title='bbox 567 2242 845 2310; x_wconf 73' lang='grc' dir='ltr'><strong>ἑμπάθειά</strong></span> <span class='ocrx_word' id='word_1_280' title='bbox 872 2258 956 2304; x_wconf 84' lang='grc' dir='ltr'><strong>τις</strong></span> <span class='ocrx_word' id='word_1_281' title='bbox 988 2242 1342 2311; x_wconf 81' lang='grc' dir='ltr'><strong>προηγήσατο</strong></span> <span class='ocrx_word' id='word_1_282' title='bbox 1371 2243 1434 2293; x_wconf 81' lang='grc' dir='ltr'><strong>ὲκ</strong></span> <span class='ocrx_word' id='word_1_283' title='bbox 1463 2241 1556 2293; x_wconf 79' lang='grc' dir='ltr'><strong>τοῦ</strong></span> <span class='ocrx_word' id='word_1_284' title='bbox 1586 2240 1827 2312; x_wconf 76' lang='grc' dir='ltr'><strong>πονηροῦ</strong></span> 
     </span>
    </p>
   </div>
   <div class='ocr_carea' id='block_1_40' title="bbox 234 2331 1829 2402">
    <p class='ocr_par' dir='ltr' id='par_1_40' title="bbox 234 2331 1829 2402">
     <span class='ocr_line' id='line_1_40' title="bbox 234 2331 1829 2402; baseline 0.001 -19"><span class='ocrx_word' id='word_1_285' title='bbox 234 2333 365 2393; x_wconf 86' lang='grc' dir='ltr'><strong>ῐσως</strong></span> <span class='ocrx_word' id='word_1_286' title='bbox 400 2334 659 2402; x_wconf 84' lang='grc' dir='ltr'><strong>ἐνθυμίου</strong></span> <span class='ocrx_word' id='word_1_287' title='bbox 694 2336 792 2385; x_wconf 76' lang='grc' dir='ltr'><strong>καὶ</strong></span> <span class='ocrx_word' id='word_1_288' title='bbox 824 2333 1298 2401; x_wconf 79' lang='grc' dir='ltr'><strong>συγκαταθέσεως,</strong></span> <span class='ocrx_word' id='word_1_289' title='bbox 1334 2334 1426 2386; x_wconf 66' lang='grc' dir='ltr'><strong>καὶ</strong></span> <span class='ocrx_word' id='word_1_290' title='bbox 1456 2331 1629 2396; x_wconf 79' lang='grc' dir='ltr'><strong>οὕτως</strong></span> <span class='ocrx_word' id='word_1_291' title='bbox 1666 2335 1698 2402; x_wconf 81' lang='grc' dir='ltr'>ὴ</span> <span class='ocrx_word' id='word_1_292' title='bbox 1732 2334 1829 2401; x_wconf 68' lang='grc' dir='ltr'><strong>τῆς</strong></span> 
     </span>
    </p>
   </div>
   <div class='ocr_carea' id='block_1_41' title="bbox 230 2423 1829 2494">
    <p class='ocr_par' dir='ltr' id='par_1_41' title="bbox 230 2423 1829 2494">
     <span class='ocr_line' id='line_1_41' title="bbox 230 2423 1829 2494; baseline 0 -19"><span class='ocrx_word' id='word_1_293' title='bbox 230 2425 399 2491; x_wconf 74' lang='grc' dir='ltr'><strong>γονῆς</strong></span> <span class='ocrx_word' id='word_1_294' title='bbox 436 2423 846 2494; x_wconf 71' lang='grc' dir='ltr'><strong>ἐπηκολούθησε</strong></span> <span class='ocrx_word' id='word_1_295' title='bbox 881 2423 1100 2494; x_wconf 82' lang='grc' dir='ltr'><strong>ῥεῦσις,</strong></span> <span class='ocrx_word' id='word_1_296' title='bbox 1131 2424 1230 2476; x_wconf 77' lang='grc' dir='ltr'><strong>οὐκ</strong></span> <span class='ocrx_word' id='word_1_297' title='bbox 1265 2426 1534 2492; x_wconf 82' lang='grc' dir='ltr'><strong>ἀμίαντος</strong></span> <span class='ocrx_word' id='word_1_298' title='bbox 1563 2427 1592 2477; x_wconf 89' lang='lat'><strong>6</strong></span> <span class='ocrx_word' id='word_1_299' title='bbox 1622 2424 1829 2492; x_wconf 78' lang='grc' dir='ltr'><strong>ταύτην</strong></span> 
     </span>
    </p>
   </div>
   <div class='ocr_carea' id='block_1_42' title="bbox 234 2515 1831 2585">
    <p class='ocr_par' dir='ltr' id='par_1_42' title="bbox 234 2515 1831 2585">
     <span class='ocr_line' id='line_1_42' title="bbox 234 2515 1831 2585; baseline 0 -18"><span class='ocrx_word' id='word_1_300' title='bbox 234 2516 426 2567; x_wconf 79' lang='grc' dir='ltr'><strong>παθών</strong></span> <span class='ocrx_word' id='word_1_301' title='bbox 450 2532 465 2545; x_wconf 79' lang='grc' dir='ltr'><strong>ο</strong></span> <span class='ocrx_word' id='word_1_302' title='bbox 506 2519 552 2567; x_wconf 87' lang='grc' dir='ltr'><strong>εί</strong></span> <span class='ocrx_word' id='word_1_303' title='bbox 590 2515 635 2567; x_wconf 80' lang='grc' dir='ltr'><strong>δ’</strong></span> <span class='ocrx_word' id='word_1_304' title='bbox 661 2516 815 2568; x_wconf 71' lang='grc' dir='ltr'><strong>οὐδὲν</strong></span> <span class='ocrx_word' id='word_1_305' title='bbox 849 2515 1088 2567; x_wconf 82' lang='grc' dir='ltr'><strong>τοιοῦτον</strong></span> <span class='ocrx_word' id='word_1_306' title='bbox 1127 2517 1519 2585; x_wconf 82' lang='grc' dir='ltr'><strong>προηγήσατο,</strong></span> <span class='ocrx_word' id='word_1_307' title='bbox 1557 2515 1679 2569; x_wconf 76' lang='grc' dir='ltr'><strong>οὐδὲ</strong></span> <span class='ocrx_word' id='word_1_308' title='bbox 1714 2516 1831 2569; x_wconf 71' lang='grc' dir='ltr'><strong>δια-</strong></span> 
     </span>
    </p>
   </div>
   <div class='ocr_carea' id='block_1_43' title="bbox 233 2605 1827 2677">
    <p class='ocr_par' dir='ltr' id='par_1_43' title="bbox 233 2605 1827 2677">
     <span class='ocr_line' id='line_1_43' title="bbox 233 2605 1827 2677; baseline 0 -18"><span class='ocrx_word' id='word_1_309' title='bbox 233 2609 482 2677; x_wconf 77' lang='grc' dir='ltr'><strong>κρίνεται</strong></span> <span class='ocrx_word' id='word_1_310' title='bbox 514 2607 603 2659; x_wconf 65' lang='lat' dir='ltr'><strong>sta</strong></span> <span class='ocrx_word' id='word_1_311' title='bbox 632 2624 686 2659; x_wconf 82' lang='grc' dir='ltr'><strong>τι</strong></span> <span class='ocrx_word' id='word_1_312' title='bbox 716 2605 960 2659; x_wconf 84' lang='grc' dir='ltr'><strong>τοιοῦτον</strong></span> <span class='ocrx_word' id='word_1_313' title='bbox 981 2647 995 2669; x_wconf 95' lang='grc'><strong>,</strong></span> <span class='ocrx_word' id='word_1_314' title='bbox 1029 2606 1122 2659; x_wconf 78' lang='grc' dir='ltr'><strong>καὶ</strong></span> <span class='ocrx_word' id='word_1_315' title='bbox 1152 2607 1212 2657; x_wconf 87' lang='grc' dir='ltr'><strong>οὐ</strong></span> <span class='ocrx_word' id='word_1_316' title='bbox 1251 2607 1582 2675; x_wconf 86' lang='grc' dir='ltr'><strong>μεμόλυνται</strong></span> <span class='ocrx_word' id='word_1_317' title='bbox 1616 2606 1765 2676; x_wconf 79' lang='grc' dir='ltr'><strong>αὐτῷ</strong></span> <span class='ocrx_word' id='word_1_318' title='bbox 1800 2609 1827 2659; x_wconf 89' lang='lat'><strong>6</strong></span> 
     </span>
    </p>
   </div>
   <div class='ocr_carea' id='block_1_44' title="bbox 233 2695 1827 2766">
    <p class='ocr_par' dir='ltr' id='par_1_44' title="bbox 233 2695 1827 2766">
     <span class='ocr_line' id='line_1_44' title="bbox 233 2695 1827 2766; baseline -0.001 -16"><span class='ocrx_word' id='word_1_319' title='bbox 233 2698 516 2766; x_wconf 76' lang='grc' dir='ltr'><strong>λογισμὸς.</strong></span> <span class='ocrx_word' id='word_1_320' title='bbox 550 2696 795 2766; x_wconf 80' lang='grc' dir='ltr'><strong>προσίτω</strong></span> <span class='ocrx_word' id='word_1_321' title='bbox 826 2700 938 2758; x_wconf 83' lang='grc' dir='ltr'><strong>τοῖς</strong></span> <span class='ocrx_word' id='word_1_322' title='bbox 968 2696 1301 2764; x_wconf 82' lang='grc' dir='ltr'><strong>ἀγιάσμασι.</strong></span> <span class='ocrx_word' id='word_1_323' title='bbox 1332 2696 1488 2758; x_wconf 76' lang='grc' dir='ltr'><strong>Τινὲς</strong></span> <span class='ocrx_word' id='word_1_324' title='bbox 1517 2695 1572 2747; x_wconf 71' lang='grc' dir='ltr'><strong>δὲ</strong></span> <span class='ocrx_word' id='word_1_325' title='bbox 1605 2696 1695 2749; x_wconf 79' lang='grc' dir='ltr'><strong>τὸν</strong></span> <span class='ocrx_word' id='word_1_326' title='bbox 1730 2696 1827 2765; x_wconf 81' lang='grc' dir='ltr'><strong>μέ-</strong></span> 
     </span>
    </p>
   </div>
   <div class='ocr_carea' id='block_1_45' title="bbox 233 2787 1829 2857">
    <p class='ocr_par' dir='ltr' id='par_1_45' title="bbox 233 2787 1829 2857">
     <span class='ocr_line' id='line_1_45' title="bbox 233 2787 1829 2857; baseline -0.001 -16"><span class='ocrx_word' id='word_1_327' title='bbox 233 2807 338 2857; x_wconf 81' lang='grc' dir='ltr'><strong>γαν</strong></span> <span class='ocrx_word' id='word_1_328' title='bbox 376 2787 664 2840; x_wconf 77' lang='grc' dir='ltr'><strong>Βασίλειάν</strong></span> <span class='ocrx_word' id='word_1_329' title='bbox 700 2804 863 2853; x_wconf 85' lang='grc' dir='ltr'><strong>φασιν</strong></span> <span class='ocrx_word' id='word_1_330' title='bbox 900 2789 1191 2855; x_wconf 77' lang='grc' dir='ltr'><strong>ἀπείργειν</strong></span> <span class='ocrx_word' id='word_1_331' title='bbox 1215 2788 1339 2849; x_wconf 82' lang='grc' dir='ltr'><strong>τοὺς</strong></span> <span class='ocrx_word' id='word_1_332' title='bbox 1363 2787 1602 2839; x_wconf 83' lang='grc' dir='ltr'><strong>τοιοῦτόν</strong></span> <span class='ocrx_word' id='word_1_333' title='bbox 1638 2804 1689 2839; x_wconf 87' lang='grc' dir='ltr'><strong>τι</strong></span> <span class='ocrx_word' id='word_1_334' title='bbox 1726 2804 1829 2840; x_wconf 86' lang='grc' dir='ltr'><strong>πα-</strong></span> 
     </span>
    </p>
   </div>
   <div class='ocr_carea' id='block_1_46' title="bbox 233 2878 1829 2949">
    <p class='ocr_par' dir='ltr' id='par_1_46' title="bbox 233 2878 1829 2949">
     <span class='ocr_line' id='line_1_46' title="bbox 233 2878 1829 2949; baseline -0.002 -16"><span class='ocrx_word' id='word_1_335' title='bbox 233 2882 431 2942; x_wconf 81' lang='grc' dir='ltr'><strong>θόντας</strong></span> <span class='ocrx_word' id='word_1_336' title='bbox 473 2881 571 2949; x_wconf 79' lang='grc' dir='ltr'><strong>τῆς</strong></span> <span class='ocrx_word' id='word_1_337' title='bbox 615 2880 722 2932; x_wconf 82' lang='grc' dir='ltr'><strong>τῶν</strong></span> <span class='ocrx_word' id='word_1_338' title='bbox 769 2880 1129 2948; x_wconf 75' lang='grc' dir='ltr'><strong>ἀγιασμάτων</strong></span> <span class='ocrx_word' id='word_1_339' title='bbox 1176 2878 1556 2948; x_wconf 75' lang='grc' dir='ltr'><strong>μεταλήψεως.</strong></span> <span class='ocrx_word' id='word_1_340' title='bbox 1590 2879 1829 2947; x_wconf 80' lang='grc' dir='ltr'><strong>Ἐρωτη-</strong></span> 
     </span>
    </p>
   </div>
   <div class='ocr_carea' id='block_1_47' title="bbox 232 2965 1826 3040">
    <p class='ocr_par' dir='ltr' id='par_1_47' title="bbox 232 2965 1826 3040">
     <span class='ocr_line' id='line_1_47' title="bbox 232 2965 1826 3040; baseline -0.001 -16"><span class='ocrx_word' id='word_1_341' title='bbox 232 2974 345 3034; x_wconf 77' lang='grc' dir='ltr'><strong>θεὶς</strong></span> <span class='ocrx_word' id='word_1_342' title='bbox 377 2975 485 3040; x_wconf 72' lang='grc' dir='ltr'><strong>γὰρ</strong></span> <span class='ocrx_word' id='word_1_343' title='bbox 516 2974 542 3023; x_wconf 89' lang='lat'><strong>6</strong></span> <span class='ocrx_word' id='word_1_344' title='bbox 570 2974 725 3039; x_wconf 76' lang='grc' dir='ltr'><strong>ἆγιος</strong></span> <span class='ocrx_word' id='word_1_345' title='bbox 752 2965 909 3035; x_wconf 71' lang='grc' dir='ltr'><strong>οὗτος</strong></span> <span class='ocrx_word' id='word_1_346' title='bbox 930 3013 943 3035; x_wconf 93' lang='grc'><strong>,</strong></span> <span class='ocrx_word' id='word_1_347' title='bbox 973 2970 1049 3032; x_wconf 79' lang='grc' dir='ltr'><strong>ὡς</strong></span> <span class='ocrx_word' id='word_1_348' title='bbox 1079 2974 1136 3023; x_wconf 73' lang='grc' dir='ltr'><strong>ὲν</strong></span> <span class='ocrx_word' id='word_1_349' title='bbox 1165 2975 1273 3033; x_wconf 81' lang='grc' dir='ltr'><strong>τοῖς</strong></span> <span class='ocrx_word' id='word_1_350' title='bbox 1305 2971 1625 3038; x_wconf 81' lang='grc' dir='ltr'><strong>ἀσκητικοῖς</strong></span> <span class='ocrx_word' id='word_1_351' title='bbox 1657 2971 1826 3023; x_wconf 76' lang='grc' dir='ltr'><strong>αὐτοῦ</strong></span> 
     </span>
    </p>
   </div>
   <div class='ocr_carea' id='block_1_48' title="bbox 232 3062 1830 3132">
    <p class='ocr_par' dir='ltr' id='par_1_48' title="bbox 232 3062 1830 3132">
     <span class='ocr_line' id='line_1_48' title="bbox 232 3062 1830 3132; baseline -0.002 -15"><span class='ocrx_word' id='word_1_352' title='bbox 232 3065 678 3132; x_wconf 79' lang='grc' dir='ltr'><strong>ἀναγέγραπται,</strong></span> <span class='ocrx_word' id='word_1_353' title='bbox 710 3064 756 3114; x_wconf 87' lang='grc' dir='ltr'><strong>εί</strong></span> <span class='ocrx_word' id='word_1_354' title='bbox 787 3062 895 3114; x_wconf 86' lang='grc' dir='ltr'><strong>τῶν</strong></span> <span class='ocrx_word' id='word_1_355' title='bbox 926 3062 1175 3132; x_wconf 89' lang='grc' dir='ltr'><strong>συνήθων</strong></span> <span class='ocrx_word' id='word_1_356' title='bbox 1202 3062 1298 3114; x_wconf 80' lang='grc' dir='ltr'><strong>καὶ</strong></span> <span class='ocrx_word' id='word_1_357' title='bbox 1328 3066 1472 3114; x_wconf 82' lang='grc' dir='ltr'><strong>κατὰ</strong></span> <span class='ocrx_word' id='word_1_358' title='bbox 1500 3063 1662 3131; x_wconf 87' lang='grc' dir='ltr'><strong>φύσιν</strong></span> <span class='ocrx_word' id='word_1_359' title='bbox 1688 3078 1830 3130; x_wconf 82' lang='grc' dir='ltr'><strong>γινο-</strong></span> 
     </span>
    </p>
   </div>
   <div class='ocr_carea' id='block_1_49' title="bbox 1936 1964 3515 2035">
    <p class='ocr_par' dir='ltr' id='par_1_49' title="bbox 1936 1964 3515 2035">
     <span class='ocr_line' id='line_1_49' title="bbox 1936 1964 3515 2035; baseline 0.001 -17"><span class='ocrx_word' id='word_1_360' title='bbox 1936 1966 1989 2018; x_wconf 83' lang='grc' dir='ltr'><strong>ἱιι</strong></span> <span class='ocrx_word' id='word_1_361' title='bbox 2023 1964 2251 2035; x_wconf 70' lang='lat' dir='ltr'><strong>epistola</strong></span> <span class='ocrx_word' id='word_1_362' title='bbox 2301 1964 2367 2019; x_wconf 87' lang='lat' dir='ltr'><strong>ad</strong></span> <span class='ocrx_word' id='word_1_363' title='bbox 2416 1964 2714 2018; x_wconf 85' lang='lat' dir='ltr'><strong>Basilidem</strong></span> <span class='ocrx_word' id='word_1_364' title='bbox 2765 1965 2878 2018; x_wconf 71' lang='lat' dir='ltr'><strong>haec</strong></span> <span class='ocrx_word' id='word_1_365' title='bbox 2922 1965 3083 2017; x_wconf 85' lang='lat' dir='ltr'><strong>habet</strong></span> <span class='ocrx_word' id='word_1_366' title='bbox 3117 1982 3131 2017; x_wconf 90' lang='lat'><strong>:</strong></span> <span class='ocrx_word' id='word_1_367' title='bbox 3169 1966 3269 2030; x_wconf 87' lang='lat' dir='ltr'><strong>Qui</strong></span> <span class='ocrx_word' id='word_1_368' title='bbox 3304 1980 3429 2019; x_wconf 74' lang='lat' dir='ltr'><strong>vero</strong></span> <span class='ocrx_word' id='word_1_369' title='bbox 3464 1968 3515 2019; x_wconf 90' lang='lat' dir='ltr'><strong>in</strong></span> 
     </span>
    </p>
   </div>
   <div class='ocr_carea' id='block_1_50' title="bbox 1937 2054 3517 2124">
    <p class='ocr_par' dir='ltr' id='par_1_50' title="bbox 1937 2054 3517 2124">
     <span class='ocr_line' id='line_1_50' title="bbox 1937 2054 3517 2124; baseline 0.001 -14"><span class='ocrx_word' id='word_1_370' title='bbox 1937 2070 2040 2110; x_wconf 91' lang='lat' dir='ltr'><strong>non</strong></span> <span class='ocrx_word' id='word_1_371' title='bbox 2072 2056 2380 2110; x_wconf 85' lang='lat' dir='ltr'><strong>voluntario</strong></span> <span class='ocrx_word' id='word_1_372' title='bbox 2418 2066 2687 2109; x_wconf 83' lang='lat' dir='ltr'><strong>nocturno</strong></span> <span class='ocrx_word' id='word_1_373' title='bbox 2716 2054 2862 2108; x_wconf 82' lang='lat' dir='ltr'><strong>ﬂuxu</strong></span> <span class='ocrx_word' id='word_1_374' title='bbox 2910 2054 3081 2118; x_wconf 86' lang='lat' dir='ltr'><strong>l&#39;uere,</strong></span> <span class='ocrx_word' id='word_1_375' title='bbox 3120 2056 3391 2124; x_wconf 82' lang='lat' dir='ltr'><strong>propriam</strong></span> <span class='ocrx_word' id='word_1_376' title='bbox 3429 2074 3517 2111; x_wconf 85' lang='lat' dir='ltr'><strong>se-</strong></span> 
     </span>
    </p>
   </div>
   <div class='ocr_carea' id='block_1_51' title="bbox 1933 2147 3515 2217">
    <p class='ocr_par' dir='ltr' id='par_1_51' title="bbox 1933 2147 3515 2217">
     <span class='ocr_line' id='line_1_51' title="bbox 1933 2147 3515 2217; baseline 0 -16"><span class='ocrx_word' id='word_1_377' title='bbox 1933 2160 2167 2217; x_wconf 89' lang='lat' dir='ltr'><strong>quantur</strong></span> <span class='ocrx_word' id='word_1_378' title='bbox 2198 2148 2611 2211; x_wconf 74' lang='lat' dir='ltr'><strong>conteicntiam,</strong></span> <span class='ocrx_word' id='word_1_379' title='bbox 2648 2156 2701 2200; x_wconf 90' lang='lat' dir='ltr'><strong>et</strong></span> <span class='ocrx_word' id='word_1_380' title='bbox 2735 2163 2941 2208; x_wconf 88' lang='lat' dir='ltr'><strong>secum.</strong></span> <span class='ocrx_word' id='word_1_381' title='bbox 2973 2162 3038 2199; x_wconf 90' lang='lat' dir='ltr'><strong>an</strong></span> <span class='ocrx_word' id='word_1_382' title='bbox 3064 2147 3129 2201; x_wconf 90' lang='lat' dir='ltr'><strong>de</strong></span> <span class='ocrx_word' id='word_1_383' title='bbox 3155 2162 3218 2201; x_wconf 93' lang='lat' dir='ltr'><strong>co</strong></span> <span class='ocrx_word' id='word_1_384' title='bbox 3247 2148 3515 2209; x_wconf 87' lang='lat' dir='ltr'><strong>dubitant.</strong></span> 
     </span>
    </p>
   </div>
   <div class='ocr_carea' id='block_1_52' title="bbox 1934 2238 3514 2307">
    <p class='ocr_par' dir='ltr' id='par_1_52' title="bbox 1934 2238 3514 2307">
     <span class='ocr_line' id='line_1_52' title="bbox 1934 2238 3514 2307; baseline 0 -14"><span class='ocrx_word' id='word_1_385' title='bbox 1934 2254 2124 2303; x_wconf 82' lang='lat' dir='ltr'><strong>necne,</strong></span> <span class='ocrx_word' id='word_1_386' title='bbox 2172 2240 2535 2293; x_wconf 83' lang='lat' dir='ltr'><strong>considerent.</strong></span> <span class='ocrx_word' id='word_1_387' title='bbox 2588 2238 3053 2303; x_wconf 75' lang='lat' dir='ltr'><strong>Quemadmodum</strong></span> <span class='ocrx_word' id='word_1_388' title='bbox 3105 2238 3157 2291; x_wconf 92' lang='lat' dir='ltr'><strong>in</strong></span> <span class='ocrx_word' id='word_1_389' title='bbox 3210 2240 3365 2300; x_wconf 85' lang='lat' dir='ltr'><strong>cibis,</strong></span> <span class='ocrx_word' id='word_1_390' title='bbox 3423 2241 3514 2307; x_wconf 79' lang='lat' dir='ltr'><strong>qui</strong></span> 
     </span>
    </p>
   </div>
   <div class='ocr_carea' id='block_1_53' title="bbox 1932 2331 3515 2400">
    <p class='ocr_par' dir='ltr' id='par_1_53' title="bbox 1932 2331 3515 2400">
     <span class='ocr_line' id='line_1_53' title="bbox 1932 2331 3515 2400; baseline -0.002 -15"><span class='ocrx_word' id='word_1_391' title='bbox 1932 2332 2168 2396; x_wconf 79' lang='lat' dir='ltr'><strong>dubitat,</strong></span> <span class='ocrx_word' id='word_1_392' title='bbox 2198 2331 2395 2400; x_wconf 85' lang='lat' dir='ltr'><strong>inquit,</strong></span> <span class='ocrx_word' id='word_1_393' title='bbox 2436 2333 2824 2385; x_wconf 78' lang='lat' dir='ltr'><strong>condemnatus</strong></span> <span class='ocrx_word' id='word_1_394' title='bbox 2856 2338 2937 2384; x_wconf 84' lang='lat' dir='ltr'><strong>est</strong></span> <span class='ocrx_word' id='word_1_395' title='bbox 2966 2372 2980 2395; x_wconf 91' lang='lat'><strong>,</strong></span> <span class='ocrx_word' id='word_1_396' title='bbox 3013 2332 3054 2383; x_wconf 87' lang='lat' dir='ltr'><strong>si</strong></span> <span class='ocrx_word' id='word_1_397' title='bbox 3086 2331 3378 2383; x_wconf 87' lang='lat' dir='ltr'><strong>comederit</strong></span> <span class='ocrx_word' id='word_1_398' title='bbox 3405 2369 3419 2392; x_wconf 94' lang='lat'><strong>,</strong></span> <span class='ocrx_word' id='word_1_399' title='bbox 3464 2331 3515 2382; x_wconf 92' lang='lat' dir='ltr'><strong>iu</strong></span> 
     </span>
    </p>
   </div>
   <div class='ocr_carea' id='block_1_54' title="bbox 1934 2422 3509 2493">
    <p class='ocr_par' dir='ltr' id='par_1_54' title="bbox 1934 2422 3509 2493">
     <span class='ocr_line' id='line_1_54' title="bbox 1934 2422 3509 2493; baseline -0.001 -17"><span class='ocrx_word' id='word_1_400' title='bbox 1934 2424 2016 2478; x_wconf 88' lang='lat' dir='ltr'><strong>his</strong></span> <span class='ocrx_word' id='word_1_401' title='bbox 2045 2439 2263 2493; x_wconf 88' lang='lat' dir='ltr'><strong>quoque</strong></span> <span class='ocrx_word' id='word_1_402' title='bbox 2299 2424 2453 2476; x_wconf 77' lang='lat' dir='ltr'><strong>home</strong></span> <span class='ocrx_word' id='word_1_403' title='bbox 2482 2425 2548 2476; x_wconf 88' lang='lat' dir='ltr'><strong>sit</strong></span> <span class='ocrx_word' id='word_1_404' title='bbox 2573 2423 2940 2487; x_wconf 63' lang='lat' dir='ltr'><strong>conscientias,</strong></span> <span class='ocrx_word' id='word_1_405' title='bbox 2966 2433 3018 2475; x_wconf 90' lang='lat' dir='ltr'><strong>et</strong></span> <span class='ocrx_word' id='word_1_406' title='bbox 3043 2422 3209 2476; x_wconf 88' lang='lat' dir='ltr'><strong>libere</strong></span> <span class='ocrx_word' id='word_1_407' title='bbox 3239 2425 3509 2490; x_wconf 77' lang='lat' dir='ltr'><strong>loquntur,</strong></span> 
     </span>
    </p>
   </div>
   <div class='ocr_carea' id='block_1_55' title="bbox 1926 2511 3515 2581">
    <p class='ocr_par' dir='ltr' id='par_1_55' title="bbox 1926 2511 3515 2581">
     <span class='ocr_line' id='line_1_55' title="bbox 1926 2511 3515 2581; baseline 0.001 -17"><span class='ocrx_word' id='word_1_408' title='bbox 1926 2511 2077 2580; x_wconf 74' lang='lat' dir='ltr'><strong>juxta</strong></span> <span class='ocrx_word' id='word_1_409' title='bbox 2110 2522 2424 2581; x_wconf 86' lang='lat' dir='ltr'><strong>conceptam</strong></span> <span class='ocrx_word' id='word_1_410' title='bbox 2464 2512 2644 2565; x_wconf 88' lang='lat' dir='ltr'><strong>animo</strong></span> <span class='ocrx_word' id='word_1_411' title='bbox 2669 2514 3074 2579; x_wconf 80' lang='lat' dir='ltr'><strong>cogitationem,</strong></span> <span class='ocrx_word' id='word_1_412' title='bbox 3105 2514 3281 2566; x_wconf 86' lang='lat' dir='ltr'><strong>omnis</strong></span> <span class='ocrx_word' id='word_1_413' title='bbox 3308 2515 3395 2581; x_wconf 90' lang='lat' dir='ltr'><strong>qui</strong></span> <span class='ocrx_word' id='word_1_414' title='bbox 3423 2528 3515 2566; x_wconf 87' lang='lat' dir='ltr'><strong>ac-</strong></span> 
     </span>
    </p>
   </div>
   <div class='ocr_carea' id='block_1_56' title="bbox 1941 2603 3515 2674">
    <p class='ocr_par' dir='ltr' id='par_1_56' title="bbox 1941 2603 3515 2674">
     <span class='ocr_line' id='line_1_56' title="bbox 1941 2603 3515 2674; baseline -0.002 -13"><span class='ocrx_word' id='word_1_415' title='bbox 1941 2606 2086 2662; x_wconf 88' lang='lat' dir='ltr'><strong>cedit</strong></span> <span class='ocrx_word' id='word_1_416' title='bbox 2125 2606 2186 2657; x_wconf 85' lang='lat' dir='ltr'><strong>ad</strong></span> <span class='ocrx_word' id='word_1_417' title='bbox 2224 2603 2412 2657; x_wconf 82' lang='lat' dir='ltr'><strong>Deum.</strong></span> <span class='ocrx_word' id='word_1_418' title='bbox 2444 2603 2594 2668; x_wconf 86' lang='lat' dir='ltr'><strong>Quod</strong></span> <span class='ocrx_word' id='word_1_419' title='bbox 2640 2618 2766 2657; x_wconf 79' lang='lat' dir='ltr'><strong>vero</strong></span> <span class='ocrx_word' id='word_1_420' title='bbox 2794 2605 2868 2657; x_wconf 85' lang='lat' dir='ltr'><strong>ait</strong></span> <span class='ocrx_word' id='word_1_421' title='bbox 2897 2604 3158 2670; x_wconf 82' lang='lat' dir='ltr'><strong>ejusmodi</strong></span> <span class='ocrx_word' id='word_1_422' title='bbox 3188 2615 3293 2668; x_wconf 87' lang='lat' dir='ltr'><strong>est,</strong></span> <span class='ocrx_word' id='word_1_423' title='bbox 3331 2616 3387 2659; x_wconf 87' lang='lat' dir='ltr'><strong>ut</strong></span> <span class='ocrx_word' id='word_1_424' title='bbox 3423 2607 3515 2674; x_wconf 85' lang='lat' dir='ltr'><strong>qui</strong></span> 
     </span>
    </p>
   </div>
   <div class='ocr_carea' id='block_1_57' title="bbox 1932 2695 3512 2763">
    <p class='ocr_par' dir='ltr' id='par_1_57' title="bbox 1932 2695 3512 2763">
     <span class='ocr_line' id='line_1_57' title="bbox 1932 2695 3512 2763; baseline 0 -13"><span class='ocrx_word' id='word_1_425' title='bbox 1932 2697 2151 2751; x_wconf 82' lang='lat' dir='ltr'><strong>seminis</strong></span> <span class='ocrx_word' id='word_1_426' title='bbox 2180 2697 2384 2750; x_wconf 79' lang='lat' dir='ltr'><strong>ﬂuxum</strong></span> <span class='ocrx_word' id='word_1_427' title='bbox 2414 2706 2494 2750; x_wconf 89' lang='lat' dir='ltr'><strong>est</strong></span> <span class='ocrx_word' id='word_1_428' title='bbox 2528 2710 2718 2762; x_wconf 74' lang='lat' dir='ltr'><strong>passus</strong></span> <span class='ocrx_word' id='word_1_429' title='bbox 2748 2695 2981 2763; x_wconf 89' lang='lat' dir='ltr'><strong>seipsum</strong></span> <span class='ocrx_word' id='word_1_430' title='bbox 3014 2698 3311 2761; x_wconf 83' lang='lat' dir='ltr'><strong>examinet,</strong></span> <span class='ocrx_word' id='word_1_431' title='bbox 3342 2713 3403 2750; x_wconf 74' lang='lat' dir='ltr'><strong>ac</strong></span> <span class='ocrx_word' id='word_1_432' title='bbox 3435 2698 3512 2750; x_wconf 82' lang='lat' dir='ltr'><strong>si-</strong></span> 
     </span>
    </p>
   </div>
   <div class='ocr_carea' id='block_1_58' title="bbox 1937 2787 3517 2857">
    <p class='ocr_par' dir='ltr' id='par_1_58' title="bbox 1937 2787 3517 2857">
     <span class='ocr_line' id='line_1_58' title="bbox 1937 2787 3517 2857; baseline 0.004 -18"><span class='ocrx_word' id='word_1_433' title='bbox 1937 2790 2154 2856; x_wconf 75' lang='lat' dir='ltr'><strong>quidem</strong></span> <span class='ocrx_word' id='word_1_434' title='bbox 2210 2787 2421 2842; x_wconf 74' lang='lat' dir='ltr'><strong>aﬂ‘ectio</strong></span> <span class='ocrx_word' id='word_1_435' title='bbox 2476 2789 2652 2857; x_wconf 88' lang='lat' dir='ltr'><strong>aliqua</strong></span> <span class='ocrx_word' id='word_1_436' title='bbox 2714 2788 3009 2855; x_wconf 70' lang='lat' dir='ltr'><strong>praecessit,</strong></span> <span class='ocrx_word' id='word_1_437' title='bbox 3042 2804 3105 2843; x_wconf 85' lang='lat' dir='ltr'><strong>ex</strong></span> <span class='ocrx_word' id='word_1_438' title='bbox 3166 2804 3330 2857; x_wconf 83' lang='lat' dir='ltr'><strong>prava</strong></span> <span class='ocrx_word' id='word_1_439' title='bbox 3378 2791 3517 2845; x_wconf 78' lang='lat' dir='ltr'><strong>forte</strong></span> 
     </span>
    </p>
   </div>
   <div class='ocr_carea' id='block_1_59' title="bbox 1934 2881 3516 2950">
    <p class='ocr_par' dir='ltr' id='par_1_59' title="bbox 1934 2881 3516 2950">
     <span class='ocr_line' id='line_1_59' title="bbox 1934 2881 3516 2950; baseline 0.002 -17"><span class='ocrx_word' id='word_1_440' title='bbox 1934 2881 2262 2949; x_wconf 76' lang='lat' dir='ltr'><strong>cogitatiOue</strong></span> <span class='ocrx_word' id='word_1_441' title='bbox 2297 2892 2456 2949; x_wconf 84' lang='lat' dir='ltr'><strong>atque</strong></span> <span class='ocrx_word' id='word_1_442' title='bbox 2512 2896 2780 2935; x_wconf 84' lang='lat' dir='ltr'><strong>consensu</strong></span> <span class='ocrx_word' id='word_1_443' title='bbox 2804 2922 2818 2945; x_wconf 93' lang='lat'><strong>,</strong></span> <span class='ocrx_word' id='word_1_444' title='bbox 2854 2890 2907 2934; x_wconf 91' lang='lat' dir='ltr'><strong>et</strong></span> <span class='ocrx_word' id='word_1_445' title='bbox 2960 2882 3057 2935; x_wconf 91' lang='lat' dir='ltr'><strong>hoc</strong></span> <span class='ocrx_word' id='word_1_446' title='bbox 3094 2892 3248 2950; x_wconf 84' lang='lat' dir='ltr'><strong>pacto</strong></span> <span class='ocrx_word' id='word_1_447' title='bbox 3295 2884 3516 2937; x_wconf 79' lang='lat' dir='ltr'><strong>seminis</strong></span> 
     </span>
    </p>
   </div>
   <div class='ocr_carea' id='block_1_60' title="bbox 1931 2969 3509 3043">
    <p class='ocr_par' dir='ltr' id='par_1_60' title="bbox 1931 2969 3509 3043">
     <span class='ocr_line' id='line_1_60' title="bbox 1931 2969 3509 3043; baseline 0.004 -19"><span class='ocrx_word' id='word_1_448' title='bbox 1931 2969 2105 3025; x_wconf 79' lang='lat' dir='ltr'><strong>ﬂuxus</strong></span> <span class='ocrx_word' id='word_1_449' title='bbox 2141 2982 2221 3025; x_wconf 87' lang='lat' dir='ltr'><strong>est</strong></span> <span class='ocrx_word' id='word_1_450' title='bbox 2253 2983 2601 3037; x_wconf 87' lang='lat' dir='ltr'><strong>consecutus,</strong></span> <span class='ocrx_word' id='word_1_451' title='bbox 2635 2970 2720 3027; x_wconf 92' lang='lat' dir='ltr'><strong>cui</strong></span> <span class='ocrx_word' id='word_1_452' title='bbox 2755 2974 2798 3025; x_wconf 84' lang='lat' dir='ltr'><strong>is</strong></span> <span class='ocrx_word' id='word_1_453' title='bbox 2834 2973 3057 3039; x_wconf 66' lang='lat' dir='ltr'><strong>contigit</strong></span> <span class='ocrx_word' id='word_1_454' title='bbox 3096 2973 3509 3043; x_wconf 76' lang='lat' dir='ltr'><strong>haudquaquam</strong></span> 
     </span>
    </p>
   </div>
   <div class='ocr_carea' id='block_1_61' title="bbox 1932 3067 3507 3137">
    <p class='ocr_par' dir='ltr' id='par_1_61' title="bbox 1932 3067 3507 3137">
     <span class='ocr_line' id='line_1_61' title="bbox 1932 3067 3507 3137; baseline 0.004 -18"><span class='ocrx_word' id='word_1_455' title='bbox 1932 3082 2099 3137; x_wconf 87' lang='lat' dir='ltr'><strong>purus</strong></span> <span class='ocrx_word' id='word_1_456' title='bbox 2131 3067 2530 3121; x_wconf 81' lang='lat' dir='ltr'><strong>existimabitur</strong></span> <span class='ocrx_word' id='word_1_457' title='bbox 2570 3082 2583 3118; x_wconf 89' lang='lat'><strong>:</strong></span> <span class='ocrx_word' id='word_1_458' title='bbox 2621 3068 2704 3121; x_wconf 91' lang='lat' dir='ltr'><strong>sin</strong></span> <span class='ocrx_word' id='word_1_459' title='bbox 2744 3068 2876 3120; x_wconf 85' lang='lat' dir='ltr'><strong>nihil</strong></span> <span class='ocrx_word' id='word_1_460' title='bbox 2924 3068 3028 3121; x_wconf 85' lang='lat' dir='ltr'><strong>tale</strong></span> <span class='ocrx_word' id='word_1_461' title='bbox 3060 3072 3372 3137; x_wconf 67' lang='lat' dir='ltr'><strong>praecessit,</strong></span> <span class='ocrx_word' id='word_1_462' title='bbox 3411 3088 3507 3125; x_wconf 90' lang='lat' dir='ltr'><strong>uec</strong></span> 
     </span>
    </p>
   </div>
   <div class='ocr_carea' id='block_1_62' title="bbox 237 3154 1828 3237">
    <p class='ocr_par' dir='ltr' id='par_1_62' title="bbox 237 3154 1825 3225">
     <span class='ocr_line' id='line_1_62' title="bbox 237 3154 1825 3225; baseline 0 -18"><span class='ocrx_word' id='word_1_463' title='bbox 237 3156 414 3225; x_wconf 84' lang='grc' dir='ltr'><strong>μένων</strong></span> <span class='ocrx_word' id='word_1_464' title='bbox 443 3157 551 3207; x_wconf 70' lang='grc' dir='ltr'><strong>τινὶ</strong></span> <span class='ocrx_word' id='word_1_465' title='bbox 582 3156 687 3224; x_wconf 81' lang='grc' dir='ltr'><strong>χρὴ</strong></span> <span class='ocrx_word' id='word_1_466' title='bbox 720 3154 925 3223; x_wconf 75' lang='grc' dir='ltr'><strong>τολμᾷν</strong></span> <span class='ocrx_word' id='word_1_467' title='bbox 953 3154 1031 3216; x_wconf 84' lang='grc' dir='ltr'><strong>είς</strong></span> <span class='ocrx_word' id='word_1_468' title='bbox 1062 3155 1351 3209; x_wconf 80' lang='grc' dir='ltr'><strong>κοινωνίαν</strong></span> <span class='ocrx_word' id='word_1_469' title='bbox 1382 3156 1489 3207; x_wconf 82' lang='grc' dir='ltr'><strong>τῶν</strong></span> <span class='ocrx_word' id='word_1_470' title='bbox 1521 3156 1693 3221; x_wconf 86' lang='grc' dir='ltr'><strong>ἁγίων</strong></span> <span class='ocrx_word' id='word_1_471' title='bbox 1727 3171 1825 3207; x_wconf 69' lang='grc' dir='ltr'><strong>παι</strong></span> 
     </span>
    </p>
   </div>
   <div class='ocr_carea' id='block_1_63' title="bbox 1934 3154 3514 3237">
    <p class='ocr_par' dir='ltr' id='par_1_63' title="bbox 1934 3159 3514 3229">
     <span class='ocr_line' id='line_1_63' title="bbox 1934 3159 3514 3229; baseline 0.001 -14"><span class='ocrx_word' id='word_1_472' title='bbox 1934 3162 1997 3215; x_wconf 87' lang='lat' dir='ltr'><strong>de</strong></span> <span class='ocrx_word' id='word_1_473' title='bbox 2030 3160 2206 3229; x_wconf 75' lang='lat' dir='ltr'><strong>aliqua</strong></span> <span class='ocrx_word' id='word_1_474' title='bbox 2240 3159 2504 3229; x_wconf 86' lang='lat' dir='ltr'><strong>ejusmodi</strong></span> <span class='ocrx_word' id='word_1_475' title='bbox 2540 3174 2595 3214; x_wconf 88' lang='lat' dir='ltr'><strong>re</strong></span> <span class='ocrx_word' id='word_1_476' title='bbox 2624 3160 2845 3228; x_wconf 75' lang='lat' dir='ltr'><strong>ambigit</strong></span> <span class='ocrx_word' id='word_1_477' title='bbox 2871 3198 2886 3223; x_wconf 94' lang='lat'><strong>,</strong></span> <span class='ocrx_word' id='word_1_478' title='bbox 2917 3176 3014 3214; x_wconf 91' lang='lat' dir='ltr'><strong>nec</strong></span> <span class='ocrx_word' id='word_1_479' title='bbox 3047 3161 3151 3212; x_wconf 72' lang='lat' dir='ltr'><strong>ulla</strong></span> <span class='ocrx_word' id='word_1_480' title='bbox 3190 3165 3383 3215; x_wconf 82' lang='lat' dir='ltr'><strong>rationi</strong></span> <span class='ocrx_word' id='word_1_481' title='bbox 3420 3166 3514 3217; x_wconf 84' lang='lat' dir='ltr'><strong>ad-</strong></span> 
     </span>
    </p>
   </div>
   <div class='ocr_carea' id='block_1_64' title="bbox 234 3244 1826 3316">
    <p class='ocr_par' dir='ltr' id='par_1_64' title="bbox 234 3244 1826 3316">
     <span class='ocr_line' id='line_1_64' title="bbox 234 3244 1826 3316; baseline 0.001 -20"><span class='ocrx_word' id='word_1_482' title='bbox 234 3245 583 3316; x_wconf 81' lang='grc' dir='ltr'><strong>ραδέχεσοαι,</strong></span> <span class='ocrx_word' id='word_1_483' title='bbox 628 3245 923 3314; x_wconf 84' lang='grc' dir='ltr'><strong>ἀπεκρίθη,</strong></span> <span class='ocrx_word' id='word_1_484' title='bbox 974 3245 1276 3313; x_wconf 82' lang='grc' dir='ltr'><strong>Κρείττονα</strong></span> <span class='ocrx_word' id='word_1_485' title='bbox 1317 3245 1415 3315; x_wconf 83' lang='grc' dir='ltr'><strong>τῆς</strong></span> <span class='ocrx_word' id='word_1_486' title='bbox 1465 3244 1680 3313; x_wconf 87' lang='grc' dir='ltr'><strong>φύσεως</strong></span> <span class='ocrx_word' id='word_1_487' title='bbox 1731 3245 1826 3298; x_wconf 74' lang='grc' dir='ltr'><strong>καὶ</strong></span> 
     </span>
    </p>
   </div>
   <div class='ocr_carea' id='block_1_65' title="bbox 231 3333 1825 3407">
    <p class='ocr_par' dir='ltr' id='par_1_65' title="bbox 231 3333 1825 3407">
     <span class='ocr_line' id='line_1_65' title="bbox 231 3333 1825 3407; baseline 0 -17"><span class='ocrx_word' id='word_1_488' title='bbox 231 3340 331 3406; x_wconf 75' lang='grc' dir='ltr'><strong>τῆς</strong></span> <span class='ocrx_word' id='word_1_489' title='bbox 365 3337 658 3407; x_wconf 80' lang='grc' dir='ltr'><strong>συνηθείας</strong></span> <span class='ocrx_word' id='word_1_490' title='bbox 688 3337 926 3401; x_wconf 77' lang='grc' dir='ltr'><strong>ἐδίδαξεν</strong></span> <span class='ocrx_word' id='word_1_491' title='bbox 954 3339 980 3389; x_wconf 93' lang='grc' dir='ltr'><strong>ό</strong></span> <span class='ocrx_word' id='word_1_492' title='bbox 1016 3338 1339 3399; x_wconf 82' lang='grc' dir='ltr'><strong>Ἀπόστολος</strong></span> <span class='ocrx_word' id='word_1_493' title='bbox 1372 3333 1510 3390; x_wconf 78' lang='grc' dir='ltr'><strong>εῖναι</strong></span> <span class='ocrx_word' id='word_1_494' title='bbox 1541 3337 1632 3390; x_wconf 76' lang='grc' dir='ltr'><strong>τὸν</strong></span> <span class='ocrx_word' id='word_1_495' title='bbox 1661 3339 1717 3390; x_wconf 68' lang='grc' dir='ltr'><strong>ἐν</strong></span> <span class='ocrx_word' id='word_1_496' title='bbox 1748 3336 1825 3407; x_wconf 85' lang='grc' dir='ltr'><strong>τῷ</strong></span> 
     </span>
    </p>
   </div>
   <div class='ocr_carea' id='block_1_66' title="bbox 234 3424 1825 3498">
    <p class='ocr_par' dir='ltr' id='par_1_66' title="bbox 234 3424 1825 3498">
     <span class='ocr_line' id='line_1_66' title="bbox 234 3424 1825 3498; baseline -0.002 -19"><span class='ocrx_word' id='word_1_497' title='bbox 234 3428 570 3498; x_wconf 71' lang='grc' dir='ltr'><strong>βαπτίσματι</strong></span> <span class='ocrx_word' id='word_1_498' title='bbox 605 3426 946 3493; x_wconf 80' lang='grc' dir='ltr'><strong>σννταφέντα</strong></span> <span class='ocrx_word' id='word_1_499' title='bbox 976 3424 1229 3495; x_wconf 77' lang='grc' dir='ltr'><strong>Χριστῷ·</strong></span> <span class='ocrx_word' id='word_1_500' title='bbox 1263 3425 1393 3477; x_wconf 83' lang='grc' dir='ltr'><strong>ποτὲ</strong></span> <span class='ocrx_word' id='word_1_501' title='bbox 1423 3425 1524 3489; x_wconf 81' lang='grc' dir='ltr'><strong>μὲν</strong></span> <span class='ocrx_word' id='word_1_502' title='bbox 1550 3425 1719 3476; x_wconf 75' lang='grc' dir='ltr'><strong>εἰπὼν</strong></span> <span class='ocrx_word' id='word_1_503' title='bbox 1744 3425 1825 3476; x_wconf 84' lang='grc' dir='ltr'><strong>ὅτι</strong></span> 
     </span>
    </p>
   </div>
   <div class='ocr_carea' id='block_1_67' title="bbox 246 3515 1828 3585">
    <p class='ocr_par' dir='ltr' id='par_1_67' title="bbox 246 3515 1828 3585">
     <span class='ocr_line' id='line_1_67' title="bbox 246 3515 1828 3585; baseline -0.004 -12"><span class='ocrx_word' id='word_1_504' title='bbox 246 3522 300 3573; x_wconf 88' lang='lat'><strong>&#39;0</strong></span> <span class='ocrx_word' id='word_1_505' title='bbox 338 3520 597 3580; x_wconf 76' lang='grc' dir='ltr'><strong>παλαιὸς</strong></span> <span class='ocrx_word' id='word_1_506' title='bbox 630 3517 803 3585; x_wconf 77' lang='grc' dir='ltr'><strong>ἡμῶν</strong></span> <span class='ocrx_word' id='word_1_507' title='bbox 832 3519 1145 3584; x_wconf 80' lang='grc' dir='ltr'><strong>ἄνθρωπος</strong></span> <span class='ocrx_word' id='word_1_508' title='bbox 1178 3515 1652 3583; x_wconf 78' lang='grc' dir='ltr'><strong>συνεσταυρώθη</strong></span> <span class='ocrx_word' id='word_1_509' title='bbox 1673 3554 1687 3578; x_wconf 88' lang='grc'><strong>,</strong></span> <span class='ocrx_word' id='word_1_510' title='bbox 1726 3516 1828 3567; x_wconf 79' lang='grc' dir='ltr'><strong>ἵνα</strong></span> 
     </span>
    </p>
   </div>
   <div class='ocr_carea' id='block_1_68' title="bbox 234 3604 1824 3679">
    <p class='ocr_par' dir='ltr' id='par_1_68' title="bbox 234 3604 1824 3679">
     <span class='ocr_line' id='line_1_68' title="bbox 234 3604 1824 3679; baseline -0.005 -13"><span class='ocrx_word' id='word_1_511' title='bbox 234 3608 582 3679; x_wconf 74' lang='grc' dir='ltr'><strong>καταργηθῇ</strong></span> <span class='ocrx_word' id='word_1_512' title='bbox 619 3610 686 3662; x_wconf 85' lang='grc' dir='ltr'><strong>τὸ</strong></span> <span class='ocrx_word' id='word_1_513' title='bbox 723 3607 897 3677; x_wconf 80' lang='grc' dir='ltr'><strong>σῶμα</strong></span> <span class='ocrx_word' id='word_1_514' title='bbox 931 3610 1040 3674; x_wconf 77' lang='grc' dir='ltr'><strong>τῆς</strong></span> <span class='ocrx_word' id='word_1_515' title='bbox 1073 3609 1387 3677; x_wconf 76' lang='grc' dir='ltr'><strong>ἁμαρτίας,</strong></span> <span class='ocrx_word' id='word_1_516' title='bbox 1424 3605 1532 3659; x_wconf 84' lang='grc' dir='ltr'><strong>τοῦ</strong></span> <span class='ocrx_word' id='word_1_517' title='bbox 1561 3607 1647 3675; x_wconf 82' lang='grc' dir='ltr'><strong>μὴ</strong></span> <span class='ocrx_word' id='word_1_518' title='bbox 1685 3604 1824 3658; x_wconf 83' lang='grc' dir='ltr'><strong>δου-</strong></span> 
     </span>
    </p>
   </div>
   <div class='ocr_carea' id='block_1_69' title="bbox 232 3696 1825 3769">
    <p class='ocr_par' dir='ltr' id='par_1_69' title="bbox 232 3696 1825 3769">
     <span class='ocr_line' id='line_1_69' title="bbox 232 3696 1825 3769; baseline -0.006 -13"><span class='ocrx_word' id='word_1_519' title='bbox 232 3706 443 3757; x_wconf 73' lang='grc' dir='ltr'><strong>λεύειν</strong></span> <span class='ocrx_word' id='word_1_520' title='bbox 482 3702 642 3769; x_wconf 70' lang='grc' dir='ltr'><strong>ἡμᾶς</strong></span> <span class='ocrx_word' id='word_1_521' title='bbox 684 3699 756 3768; x_wconf 81' lang='grc' dir='ltr'><strong>τῇ</strong></span> <span class='ocrx_word' id='word_1_522' title='bbox 802 3701 1059 3767; x_wconf 76' lang='grc' dir='ltr'><strong>ἁμαρτίᾳ</strong></span> <span class='ocrx_word' id='word_1_523' title='bbox 1084 3716 1099 3733; x_wconf 79' lang='grc' dir='ltr'><strong><em>ο</em></strong></span> <span class='ocrx_word' id='word_1_524' title='bbox 1146 3699 1275 3751; x_wconf 77' lang='grc' dir='ltr'><strong>ποτὲ</strong></span> <span class='ocrx_word' id='word_1_525' title='bbox 1317 3698 1375 3751; x_wconf 75' lang='grc' dir='ltr'><strong>δὲ</strong></span> <span class='ocrx_word' id='word_1_526' title='bbox 1418 3696 1825 3768; x_wconf 83' lang='grc' dir='ltr'><strong>παραγγείλας,</strong></span> 
     </span>
    </p>
   </div>
   <div class='ocr_carea' id='block_1_70' title="bbox 232 3787 1823 3861">
    <p class='ocr_par' dir='ltr' id='par_1_70' title="bbox 232 3787 1823 3861">
     <span class='ocr_line' id='line_1_70' title="bbox 232 3787 1823 3861; baseline -0.003 -14"><span class='ocrx_word' id='word_1_527' title='bbox 232 3793 591 3861; x_wconf 80' lang='grc' dir='ltr'><strong>Νεκρώσατε</strong></span> <span class='ocrx_word' id='word_1_528' title='bbox 630 3788 745 3846; x_wconf 88' lang='grc' dir='ltr'><strong>οὖν</strong></span> <span class='ocrx_word' id='word_1_529' title='bbox 778 3793 849 3844; x_wconf 79' lang='grc' dir='ltr'><strong>τὰ</strong></span> <span class='ocrx_word' id='word_1_530' title='bbox 883 3791 1040 3859; x_wconf 75' lang='grc' dir='ltr'><strong>μέλη</strong></span> <span class='ocrx_word' id='word_1_531' title='bbox 1082 3791 1249 3859; x_wconf 81' lang='grc' dir='ltr'><strong>ὑμῶν</strong></span> <span class='ocrx_word' id='word_1_532' title='bbox 1284 3789 1354 3842; x_wconf 83' lang='grc' dir='ltr'><strong>τὰ</strong></span> <span class='ocrx_word' id='word_1_533' title='bbox 1389 3789 1488 3841; x_wconf 80' lang='grc' dir='ltr'><strong>ἐπὶ</strong></span> <span class='ocrx_word' id='word_1_534' title='bbox 1525 3788 1636 3857; x_wconf 81' lang='grc' dir='ltr'><strong>τῆς</strong></span> <span class='ocrx_word' id='word_1_535' title='bbox 1673 3787 1784 3857; x_wconf 73' lang='grc' dir='ltr'><strong>γῆς</strong></span> <span class='ocrx_word' id='word_1_536' title='bbox 1808 3802 1823 3817; x_wconf 85' lang='grc'><strong><em>⁸</em></strong></span> 
     </span>
    </p>
   </div>
   <div class='ocr_carea' id='block_1_71' title="bbox 234 3875 1823 3952">
    <p class='ocr_par' dir='ltr' id='par_1_71' title="bbox 234 3875 1823 3952">
     <span class='ocr_line' id='line_1_71' title="bbox 234 3875 1823 3952; baseline -0.007 -14"><span class='ocrx_word' id='word_1_537' title='bbox 234 3899 550 3952; x_wconf 73' lang='grc' dir='ltr'><strong>πορνε.·αν,</strong></span> <span class='ocrx_word' id='word_1_538' title='bbox 581 3883 979 3948; x_wconf 76' lang='grc' dir='ltr'><strong>ἀκαθαρσίαν,</strong></span> <span class='ocrx_word' id='word_1_539' title='bbox 1010 3881 1223 3945; x_wconf 77' lang='grc' dir='ltr'><strong>πάθος,</strong></span> <span class='ocrx_word' id='word_1_540' title='bbox 1252 3880 1578 3947; x_wconf 76' lang='grc' dir='ltr'><strong>ἐπιθυμίαν</strong></span> <span class='ocrx_word' id='word_1_541' title='bbox 1604 3875 1823 3943; x_wconf 82' lang='grc' dir='ltr'><strong>κακὴν,</strong></span> 
     </span>
    </p>
   </div>
   <div class='ocr_carea' id='block_1_72' title="bbox 234 3968 1825 4042">
    <p class='ocr_par' dir='ltr' id='par_1_72' title="bbox 234 3968 1825 4042">
     <span class='ocr_line' id='line_1_72' title="bbox 234 3968 1825 4042; baseline -0.004 -13"><span class='ocrx_word' id='word_1_542' title='bbox 234 3982 336 4029; x_wconf 76' lang='lat' dir='ltr'><strong>aai</strong></span> <span class='ocrx_word' id='word_1_543' title='bbox 367 3976 483 4042; x_wconf 79' lang='grc' dir='ltr'><strong>τὴν</strong></span> <span class='ocrx_word' id='word_1_544' title='bbox 513 3974 903 4038; x_wconf 72' lang='grc' dir='ltr'><strong>πλεονεξίαν,</strong></span> <span class='ocrx_word' id='word_1_545' title='bbox 938 3972 975 4040; x_wconf 84' lang='grc' dir='ltr'><strong><em>ἦ</em></strong></span> <span class='ocrx_word' id='word_1_546' title='bbox 1010 3989 1099 4039; x_wconf 80' lang='grc' dir='ltr'><strong>τις</strong></span> <span class='ocrx_word' id='word_1_547' title='bbox 1131 3972 1308 4025; x_wconf 76' lang='grc' dir='ltr'><strong>ἐστίν</strong></span> <span class='ocrx_word' id='word_1_548' title='bbox 1337 3968 1825 4037; x_wconf 67' lang='grc' dir='ltr'><strong>είδωλολατρεία,</strong></span> 
     </span>
    </p>
   </div>
   <div class='ocr_carea' id='block_1_73' title="bbox 232 4060 1829 4135">
    <p class='ocr_par' dir='ltr' id='par_1_73' title="bbox 232 4060 1829 4135">
     <span class='ocr_line' id='line_1_73' title="bbox 232 4060 1829 4135; baseline -0.004 -14"><span class='ocrx_word' id='word_1_549' title='bbox 232 4068 308 4121; x_wconf 78' lang='grc' dir='ltr'><strong>δι’</strong></span> <span class='ocrx_word' id='word_1_550' title='bbox 340 4069 381 4121; x_wconf 79' lang='grc' dir='ltr'><strong>ἀ</strong></span> <span class='ocrx_word' id='word_1_551' title='bbox 408 4067 706 4135; x_wconf 58' lang='grc' dir='ltr'><strong>ἔρχεταιεή</strong></span> <span class='ocrx_word' id='word_1_552' title='bbox 738 4064 885 4133; x_wconf 78' lang='grc' dir='ltr'><strong>ὀργὴ</strong></span> <span class='ocrx_word' id='word_1_553' title='bbox 915 4063 1019 4118; x_wconf 85' lang='grc' dir='ltr'><strong>τοῦ</strong></span> <span class='ocrx_word' id='word_1_554' title='bbox 1052 4062 1196 4117; x_wconf 87' lang='grc' dir='ltr'><strong>Θεοῦ</strong></span> <span class='ocrx_word' id='word_1_555' title='bbox 1222 4064 1319 4117; x_wconf 75' lang='grc' dir='ltr'><strong>ἐπὶ</strong></span> <span class='ocrx_word' id='word_1_556' title='bbox 1350 4063 1492 4129; x_wconf 82' lang='grc' dir='ltr'><strong>τοὺς</strong></span> <span class='ocrx_word' id='word_1_557' title='bbox 1523 4062 1690 4128; x_wconf 81' lang='grc' dir='ltr'><strong>υἱοὺς</strong></span> <span class='ocrx_word' id='word_1_558' title='bbox 1720 4060 1829 4130; x_wconf 82' lang='grc' dir='ltr'><strong>τῆς</strong></span> 
     </span>
    </p>
   </div>
   <div class='ocr_carea' id='block_1_74' title="bbox 231 4154 1828 4227">
    <p class='ocr_par' dir='ltr' id='par_1_74' title="bbox 231 4154 1828 4227">
     <span class='ocr_line' id='line_1_74' title="bbox 231 4154 1828 4227; baseline -0.004 -13"><span class='ocrx_word' id='word_1_559' title='bbox 231 4162 547 4223; x_wconf 74' lang='grc' dir='ltr'><strong>ἀπειθείας</strong></span> <span class='ocrx_word' id='word_1_560' title='bbox 568 4175 581 4187; x_wconf 71' lang='grc'><strong>⁸</strong></span> <span class='ocrx_word' id='word_1_561' title='bbox 613 4160 742 4210; x_wconf 73' lang='grc' dir='ltr'><strong>ποτὶ</strong></span> <span class='ocrx_word' id='word_1_562' title='bbox 772 4158 829 4209; x_wconf 80' lang='grc' dir='ltr'><strong>δὲ</strong></span> <span class='ocrx_word' id='word_1_563' title='bbox 860 4159 982 4227; x_wconf 73' lang='grc' dir='ltr'><strong>ὅρον</strong></span> <span class='ocrx_word' id='word_1_564' title='bbox 1008 4157 1301 4225; x_wconf 74' lang='grc' dir='ltr'><strong>ἐκθέμενος</strong></span> <span class='ocrx_word' id='word_1_565' title='bbox 1332 4157 1388 4207; x_wconf 78' lang='grc' dir='ltr'><strong>ὲν</strong></span> <span class='ocrx_word' id='word_1_566' title='bbox 1410 4154 1492 4225; x_wconf 83' lang='grc' dir='ltr'><strong>’τῷ</strong></span> <span class='ocrx_word' id='word_1_567' title='bbox 1522 4157 1697 4208; x_wconf 80' lang='grc' dir='ltr'><strong>εἰπεῖν</strong></span> <span class='ocrx_word' id='word_1_568' title='bbox 1721 4172 1733 4186; x_wconf 90' lang='grc'><strong>·</strong></span> <span class='ocrx_word' id='word_1_569' title='bbox 1764 4157 1828 4209; x_wconf 80' lang='lat' dir='ltr'><strong>Ol</strong></span> 
     </span>
    </p>
   </div>
   <div class='ocr_carea' id='block_1_75' title="bbox 233 4248 1829 4317">
    <p class='ocr_par' dir='ltr' id='par_1_75' title="bbox 233 4248 1829 4317">
     <span class='ocr_line' id='line_1_75' title="bbox 233 4248 1829 4317; baseline -0.003 -12"><span class='ocrx_word' id='word_1_570' title='bbox 233 4253 302 4306; x_wconf 58' lang='lat' dir='ltr'><strong>se</strong></span> <span class='ocrx_word' id='word_1_571' title='bbox 344 4252 451 4305; x_wconf 85' lang='grc' dir='ltr'><strong>τοῦ</strong></span> <span class='ocrx_word' id='word_1_572' title='bbox 494 4249 754 4317; x_wconf 66' lang='grc' dir='ltr'><strong>Χριστοῦ</strong></span> <span class='ocrx_word' id='word_1_573' title='bbox 795 4249 987 4317; x_wconf 80' lang='grc' dir='ltr'><strong>Ἰησοῦ</strong></span> <span class='ocrx_word' id='word_1_574' title='bbox 1028 4250 1431 4316; x_wconf 73' lang='grc' dir='ltr'><strong>ἐσταύρωσαν</strong></span> <span class='ocrx_word' id='word_1_575' title='bbox 1474 4249 1591 4316; x_wconf 83' lang='grc' dir='ltr'><strong>τὴν</strong></span> <span class='ocrx_word' id='word_1_576' title='bbox 1629 4248 1829 4315; x_wconf 81' lang='grc' dir='ltr'><strong>σάρκα</strong></span> 
     </span>
    </p>
   </div>
   <div class='ocr_carea' id='block_1_76' title="bbox 233 4340 1831 4411">
    <p class='ocr_par' dir='ltr' id='par_1_76' title="bbox 233 4340 1831 4411">
     <span class='ocr_line' id='line_1_76' title="bbox 233 4340 1831 4411; baseline -0.005 -12"><span class='ocrx_word' id='word_1_577' title='bbox 233 4346 363 4399; x_wconf 81' lang='grc' dir='ltr'><strong>σὺν</strong></span> <span class='ocrx_word' id='word_1_578' title='bbox 394 4344 521 4409; x_wconf 80' lang='grc' dir='ltr'><strong>τοῖς</strong></span> <span class='ocrx_word' id='word_1_579' title='bbox 556 4343 872 4411; x_wconf 78' lang='grc' dir='ltr'><strong>παθήμασι</strong></span> <span class='ocrx_word' id='word_1_580' title='bbox 906 4340 1004 4394; x_wconf 79' lang='grc' dir='ltr'><strong>καί</strong></span> <span class='ocrx_word' id='word_1_581' title='bbox 1035 4341 1167 4405; x_wconf 80' lang='grc' dir='ltr'><strong>ταῖς</strong></span> <span class='ocrx_word' id='word_1_582' title='bbox 1198 4340 1563 4410; x_wconf 76' lang='grc' dir='ltr'><strong>ἐπιθυμίαις.</strong></span> <span class='ocrx_word' id='word_1_583' title='bbox 1599 4340 1741 4408; x_wconf 85' lang='grc' dir='ltr'><strong>Ἐγὼ</strong></span> <span class='ocrx_word' id='word_1_584' title='bbox 1773 4340 1831 4392; x_wconf 74' lang='grc' dir='ltr'><strong>δὲ</strong></span> 
     </span>
    </p>
   </div>
   <div class='ocr_carea' id='block_1_77' title="bbox 233 4433 1830 4507">
    <p class='ocr_par' dir='ltr' id='par_1_77' title="bbox 233 4433 1830 4507">
     <span class='ocr_line' id='line_1_77' title="bbox 233 4433 1830 4507; baseline -0.006 -15"><span class='ocrx_word' id='word_1_585' title='bbox 233 4440 412 4507; x_wconf 74' lang='grc' dir='ltr'><strong>ἔγνων</strong></span> <span class='ocrx_word' id='word_1_586' title='bbox 448 4440 531 4490; x_wconf 81' lang='grc' dir='ltr'><strong>ὅτι</strong></span> <span class='ocrx_word' id='word_1_587' title='bbox 564 4436 737 4488; x_wconf 83' lang='grc' dir='ltr'><strong>ταῦτα</strong></span> <span class='ocrx_word' id='word_1_588' title='bbox 780 4434 1115 4503; x_wconf 81' lang='grc' dir='ltr'><strong>κατωρθώθη</strong></span> <span class='ocrx_word' id='word_1_589' title='bbox 1152 4433 1391 4503; x_wconf 75' lang='grc' dir='ltr'><strong>Χριστοῦ</strong></span> <span class='ocrx_word' id='word_1_590' title='bbox 1426 4438 1609 4502; x_wconf 75' lang='grc' dir='ltr'><strong>χάριτι</strong></span> <span class='ocrx_word' id='word_1_591' title='bbox 1646 4433 1739 4485; x_wconf 71' lang='grc' dir='ltr'><strong>καὶ</strong></span> <span class='ocrx_word' id='word_1_592' title='bbox 1774 4434 1830 4482; x_wconf 77' lang='grc' dir='ltr'><strong>ἐν</strong></span> 
     </span>
    </p>
   </div>
   <div class='ocr_carea' id='block_1_78' title="bbox 1937 3250 3510 3317">
    <p class='ocr_par' dir='ltr' id='par_1_78' title="bbox 1937 3250 3510 3317">
     <span class='ocr_line' id='line_1_78' title="bbox 1937 3250 3510 3317; baseline 0.003 -12"><span class='ocrx_word' id='word_1_593' title='bbox 1937 3251 2092 3305; x_wconf 74' lang='lat' dir='ltr'><strong>laesit</strong></span> <span class='ocrx_word' id='word_1_594' title='bbox 2118 3252 2350 3315; x_wconf 77' lang='lat' dir='ltr'><strong>macula,</strong></span> <span class='ocrx_word' id='word_1_595' title='bbox 2378 3250 2441 3302; x_wconf 90' lang='lat' dir='ltr'><strong>ad</strong></span> <span class='ocrx_word' id='word_1_596' title='bbox 2472 3265 2627 3303; x_wconf 82' lang='lat' dir='ltr'><strong>sacra</strong></span> <span class='ocrx_word' id='word_1_597' title='bbox 2659 3250 2731 3302; x_wconf 91' lang='lat' dir='ltr'><strong>illi</strong></span> <span class='ocrx_word' id='word_1_598' title='bbox 2767 3252 3017 3317; x_wconf 81' lang='lat' dir='ltr'><strong>mysteria</strong></span> <span class='ocrx_word' id='word_1_599' title='bbox 3053 3250 3210 3305; x_wconf 89' lang='lat' dir='ltr'><strong>liceat</strong></span> <span class='ocrx_word' id='word_1_600' title='bbox 3233 3252 3510 3309; x_wconf 73' lang='lat' dir='ltr'><strong>accedere.</strong></span> 
     </span>
    </p>
   </div>
   <div class='ocr_carea' id='block_1_79' title="bbox 1942 3339 3513 3411">
    <p class='ocr_par' dir='ltr' id='par_1_79' title="bbox 1942 3339 3513 3411">
     <span class='ocr_line' id='line_1_79' title="bbox 1942 3339 3513 3411; baseline 0.003 -15"><span class='ocrx_word' id='word_1_601' title='bbox 1942 3341 2197 3396; x_wconf 81' lang='lat' dir='ltr'><strong>Nonnulli</strong></span> <span class='ocrx_word' id='word_1_602' title='bbox 2236 3358 2385 3404; x_wconf 90' lang='lat' dir='ltr'><strong>vero,</strong></span> <span class='ocrx_word' id='word_1_603' title='bbox 2422 3342 2602 3409; x_wconf 73' lang='lat' dir='ltr'><strong>magni</strong></span> <span class='ocrx_word' id='word_1_604' title='bbox 2636 3339 2818 3394; x_wconf 85' lang='lat' dir='ltr'><strong>Basilii</strong></span> <span class='ocrx_word' id='word_1_605' title='bbox 2847 3343 3115 3395; x_wconf 88' lang='lat' dir='ltr'><strong>sententia</strong></span> <span class='ocrx_word' id='word_1_606' title='bbox 3148 3384 3160 3404; x_wconf 93' lang='lat'><strong>,</strong></span> <span class='ocrx_word' id='word_1_607' title='bbox 3190 3348 3277 3411; x_wconf 87' lang='lat' dir='ltr'><strong>qui</strong></span> <span class='ocrx_word' id='word_1_608' title='bbox 3313 3345 3513 3411; x_wconf 78' lang='lat' dir='ltr'><strong>aliquid</strong></span> 
     </span>
    </p>
   </div>
   <div class='ocr_carea' id='block_1_80' title="bbox 1930 3433 3511 3503">
    <p class='ocr_par' dir='ltr' id='par_1_80' title="bbox 1930 3433 3511 3503">
     <span class='ocr_line' id='line_1_80' title="bbox 1930 3433 3511 3503; baseline 0.001 -16"><span class='ocrx_word' id='word_1_609' title='bbox 1930 3433 2191 3502; x_wconf 85' lang='lat' dir='ltr'><strong>ejusmodi</strong></span> <span class='ocrx_word' id='word_1_610' title='bbox 2227 3434 2367 3502; x_wconf 89' lang='lat' dir='ltr'><strong>passi</strong></span> <span class='ocrx_word' id='word_1_611' title='bbox 2400 3444 2545 3494; x_wconf 88' lang='lat' dir='ltr'><strong>sunt,</strong></span> <span class='ocrx_word' id='word_1_612' title='bbox 2584 3448 2611 3485; x_wconf 91' lang='lat' dir='ltr'><strong>a</strong></span> <span class='ocrx_word' id='word_1_613' title='bbox 2654 3448 2934 3487; x_wconf 75' lang='lat' dir='ltr'><strong>Sacrorum</strong></span> <span class='ocrx_word' id='word_1_614' title='bbox 2976 3436 3352 3503; x_wconf 82' lang='lat' dir='ltr'><strong>mysteriorum</strong></span> <span class='ocrx_word' id='word_1_615' title='bbox 3388 3452 3511 3503; x_wconf 88' lang='lat' dir='ltr'><strong>per-</strong></span> 
     </span>
    </p>
   </div>
   <div class='ocr_carea' id='block_1_81' title="bbox 1930 3523 3517 3596">
    <p class='ocr_par' dir='ltr' id='par_1_81' title="bbox 1930 3523 3517 3596">
     <span class='ocr_line' id='line_1_81' title="bbox 1930 3523 3517 3596; baseline 0.002 -16"><span class='ocrx_word' id='word_1_616' title='bbox 1930 3542 2029 3596; x_wconf 85' lang='lat' dir='ltr'><strong>cep</strong></span> <span class='ocrx_word' id='word_1_617' title='bbox 2061 3527 2183 3579; x_wconf 91' lang='lat' dir='ltr'><strong>ione</strong></span> <span class='ocrx_word' id='word_1_618' title='bbox 2229 3524 2401 3579; x_wconf 87' lang='lat' dir='ltr'><strong>arceri</strong></span> <span class='ocrx_word' id='word_1_619' title='bbox 2441 3538 2710 3579; x_wconf 80' lang='lat' dir='ltr'><strong>asserunt.</strong></span> <span class='ocrx_word' id='word_1_620' title='bbox 2758 3523 2995 3593; x_wconf 70' lang='lat' dir='ltr'><strong>Rogatus</strong></span> <span class='ocrx_word' id='word_1_621' title='bbox 3046 3542 3277 3596; x_wconf 88' lang='lat' dir='ltr'><strong>namque</strong></span> <span class='ocrx_word' id='word_1_622' title='bbox 3315 3528 3398 3581; x_wconf 92' lang='lat' dir='ltr'><strong>hic</strong></span> <span class='ocrx_word' id='word_1_623' title='bbox 3438 3532 3517 3583; x_wconf 85' lang='lat' dir='ltr'><strong>vir</strong></span> 
     </span>
    </p>
   </div>
   <div class='ocr_carea' id='block_1_82' title="bbox 1930 3617 3515 3687">
    <p class='ocr_par' dir='ltr' id='par_1_82' title="bbox 1930 3617 3515 3687">
     <span class='ocr_line' id='line_1_82' title="bbox 1930 3617 3515 3687; baseline 0 -14"><span class='ocrx_word' id='word_1_624' title='bbox 1930 3629 2153 3673; x_wconf 82' lang='lat' dir='ltr'><strong>sanctus</strong></span> <span class='ocrx_word' id='word_1_625' title='bbox 2190 3617 2290 3687; x_wconf 89' lang='lat' dir='ltr'><strong>(uti</strong></span> <span class='ocrx_word' id='word_1_626' title='bbox 2345 3617 2396 3669; x_wconf 91' lang='lat' dir='ltr'><strong>in</strong></span> <span class='ocrx_word' id='word_1_627' title='bbox 2452 3617 2617 3685; x_wconf 85' lang='lat' dir='ltr'><strong>ipsius</strong></span> <span class='ocrx_word' id='word_1_628' title='bbox 2669 3618 2931 3673; x_wconf 85' lang='lat' dir='ltr'><strong>Asceticis</strong></span> <span class='ocrx_word' id='word_1_629' title='bbox 2981 3629 3063 3672; x_wconf 90' lang='lat' dir='ltr'><strong>est</strong></span> <span class='ocrx_word' id='word_1_630' title='bbox 3114 3621 3395 3687; x_wconf 80' lang='lat' dir='ltr'><strong>scriptum)</strong></span> <span class='ocrx_word' id='word_1_631' title='bbox 3450 3637 3515 3673; x_wconf 90' lang='lat' dir='ltr'><strong>an</strong></span> 
     </span>
    </p>
   </div>
   <div class='ocr_carea' id='block_1_83' title="bbox 1933 3707 3505 3777">
    <p class='ocr_par' dir='ltr' id='par_1_83' title="bbox 1933 3707 3505 3777">
     <span class='ocr_line' id='line_1_83' title="bbox 1933 3707 3505 3777; baseline 0.001 -15"><span class='ocrx_word' id='word_1_632' title='bbox 1933 3724 2079 3771; x_wconf 88' lang='lat' dir='ltr'><strong>eum,</strong></span> <span class='ocrx_word' id='word_1_633' title='bbox 2128 3709 2213 3760; x_wconf 90' lang='lat' dir='ltr'><strong>cui</strong></span> <span class='ocrx_word' id='word_1_634' title='bbox 2253 3724 2315 3761; x_wconf 79' lang='lat' dir='ltr'><strong>ex</strong></span> <span class='ocrx_word' id='word_1_635' title='bbox 2375 3707 2767 3761; x_wconf 88' lang='lat' dir='ltr'><strong>consuetudine</strong></span> <span class='ocrx_word' id='word_1_636' title='bbox 2829 3716 2923 3762; x_wconf 84' lang='lat' dir='ltr'><strong>aut</strong></span> <span class='ocrx_word' id='word_1_637' title='bbox 2979 3718 3170 3762; x_wconf 85' lang='lat' dir='ltr'><strong>natura</strong></span> <span class='ocrx_word' id='word_1_638' title='bbox 3231 3711 3505 3777; x_wconf 74' lang='lat' dir='ltr'><strong>quidpiam</strong></span> 
     </span>
    </p>
   </div>
   <div class='ocr_carea' id='block_1_84' title="bbox 1930 3800 3518 3868">
    <p class='ocr_par' dir='ltr' id='par_1_84' title="bbox 1930 3800 3518 3868">
     <span class='ocr_line' id='line_1_84' title="bbox 1930 3800 3518 3868; baseline 0.001 -14"><span class='ocrx_word' id='word_1_639' title='bbox 1930 3800 2134 3863; x_wconf 80' lang='lat' dir='ltr'><strong>evenit,</strong></span> <span class='ocrx_word' id='word_1_640' title='bbox 2172 3800 2373 3852; x_wconf 85' lang='lat' dir='ltr'><strong>audere.</strong></span> <span class='ocrx_word' id='word_1_641' title='bbox 2400 3808 2645 3868; x_wconf 90' lang='lat' dir='ltr'><strong>oporteat</strong></span> <span class='ocrx_word' id='word_1_642' title='bbox 2692 3800 2760 3853; x_wconf 88' lang='lat' dir='ltr'><strong>ad</strong></span> <span class='ocrx_word' id='word_1_643' title='bbox 2821 3814 3101 3854; x_wconf 87' lang='lat' dir='ltr'><strong>sacrorum</strong></span> <span class='ocrx_word' id='word_1_644' title='bbox 3144 3806 3518 3857; x_wconf 87' lang='lat' dir='ltr'><strong>communica-</strong></span> 
     </span>
    </p>
   </div>
   <div class='ocr_carea' id='block_1_85' title="bbox 1931 3889 3522 3959">
    <p class='ocr_par' dir='ltr' id='par_1_85' title="bbox 1931 3889 3522 3959">
     <span class='ocr_line' id='line_1_85' title="bbox 1931 3889 3522 3959; baseline 0.002 -17"><span class='ocrx_word' id='word_1_645' title='bbox 1931 3889 2130 3944; x_wconf 89' lang='lat' dir='ltr'><strong>tionem</strong></span> <span class='ocrx_word' id='word_1_646' title='bbox 2164 3890 2489 3945; x_wconf 83' lang='lat' dir='ltr'><strong>admittere?</strong></span> <span class='ocrx_word' id='word_1_647' title='bbox 2520 3890 2832 3959; x_wconf 88' lang='lat' dir='ltr'><strong>respondit:</strong></span> <span class='ocrx_word' id='word_1_648' title='bbox 2860 3889 3202 3959; x_wconf 89' lang='lat' dir='ltr'><strong>Superiorem</strong></span> <span class='ocrx_word' id='word_1_649' title='bbox 3234 3904 3438 3946; x_wconf 74' lang='lat' dir='ltr'><strong>natura:</strong></span> <span class='ocrx_word' id='word_1_650' title='bbox 3468 3903 3522 3945; x_wconf 91' lang='lat' dir='ltr'><strong>ct</strong></span> 
     </span>
    </p>
   </div>
   <div class='ocr_carea' id='block_1_86' title="bbox 1949 3982 3522 4052">
    <p class='ocr_par' dir='ltr' id='par_1_86' title="bbox 1949 3982 3522 4052">
     <span class='ocr_line' id='line_1_86' title="bbox 1949 3982 3522 4052; baseline -0.001 -15"><span class='ocrx_word' id='word_1_651' title='bbox 1949 3982 2329 4037; x_wconf 85' lang='lat' dir='ltr'><strong>consuetudini</strong></span> <span class='ocrx_word' id='word_1_652' title='bbox 2362 3982 2543 4035; x_wconf 86' lang='lat' dir='ltr'><strong>docuit</strong></span> <span class='ocrx_word' id='word_1_653' title='bbox 2571 3982 2862 4050; x_wconf 82' lang='lat' dir='ltr'><strong>Apostolus</strong></span> <span class='ocrx_word' id='word_1_654' title='bbox 2892 3997 3013 4037; x_wconf 74' lang='lat' dir='ltr'><strong>esse</strong></span> <span class='ocrx_word' id='word_1_655' title='bbox 3052 3998 3196 4047; x_wconf 89' lang='lat' dir='ltr'><strong>eum,</strong></span> <span class='ocrx_word' id='word_1_656' title='bbox 3224 3986 3314 4052; x_wconf 85' lang='lat' dir='ltr'><strong>qni</strong></span> <span class='ocrx_word' id='word_1_657' title='bbox 3346 3986 3396 4037; x_wconf 90' lang='lat' dir='ltr'><strong>in</strong></span> <span class='ocrx_word' id='word_1_658' title='bbox 3432 3987 3522 4038; x_wconf 89' lang='lat' dir='ltr'><strong>ba-</strong></span> 
     </span>
    </p>
   </div>
   <div class='ocr_carea' id='block_1_87' title="bbox 1935 4074 3522 4146">
    <p class='ocr_par' dir='ltr' id='par_1_87' title="bbox 1935 4074 3522 4146">
     <span class='ocr_line' id='line_1_87' title="bbox 1935 4074 3522 4146; baseline 0.003 -20"><span class='ocrx_word' id='word_1_659' title='bbox 1935 4077 2132 4145; x_wconf 88' lang='lat' dir='ltr'><strong>ptismo</strong></span> <span class='ocrx_word' id='word_1_660' title='bbox 2168 4075 2516 4142; x_wconf 84' lang='lat' dir='ltr'><strong>consepultus</strong></span> <span class='ocrx_word' id='word_1_661' title='bbox 2548 4086 2631 4129; x_wconf 85' lang='lat' dir='ltr'><strong>est</strong></span> <span class='ocrx_word' id='word_1_662' title='bbox 2685 4074 2905 4129; x_wconf 86' lang='lat' dir='ltr'><strong>Christo</strong></span> <span class='ocrx_word' id='word_1_663' title='bbox 2950 4093 2963 4128; x_wconf 87' lang='lat'><strong>:</strong></span> <span class='ocrx_word' id='word_1_664' title='bbox 3004 4091 3149 4131; x_wconf 90' lang='lat' dir='ltr'><strong>nunc</strong></span> <span class='ocrx_word' id='word_1_665' title='bbox 3186 4079 3401 4146; x_wconf 85' lang='lat' dir='ltr'><strong>quidem</strong></span> <span class='ocrx_word' id='word_1_666' title='bbox 3440 4081 3522 4131; x_wconf 83' lang='lat' dir='ltr'><strong>di-</strong></span> 
     </span>
    </p>
   </div>
   <div class='ocr_carea' id='block_1_88' title="bbox 1934 4166 3519 4237">
    <p class='ocr_par' dir='ltr' id='par_1_88' title="bbox 1934 4166 3519 4237">
     <span class='ocr_line' id='line_1_88' title="bbox 1934 4166 3519 4237; baseline -0.001 -17"><span class='ocrx_word' id='word_1_667' title='bbox 1934 4181 2084 4232; x_wconf 83' lang='lat' dir='ltr'><strong>cens,</strong></span> <span class='ocrx_word' id='word_1_668' title='bbox 2117 4166 2271 4231; x_wconf 84' lang='lat' dir='ltr'><strong>Quod</strong></span> <span class='ocrx_word' id='word_1_669' title='bbox 2307 4177 2447 4221; x_wconf 73' lang='lat' dir='ltr'><strong>cetus</strong></span> <span class='ocrx_word' id='word_1_670' title='bbox 2483 4177 2659 4220; x_wconf 84' lang='lat' dir='ltr'><strong>noster</strong></span> <span class='ocrx_word' id='word_1_671' title='bbox 2692 4167 2845 4219; x_wconf 82' lang='lat' dir='ltr'><strong>homo</strong></span> <span class='ocrx_word' id='word_1_672' title='bbox 2874 4184 2989 4221; x_wconf 86' lang='lat' dir='ltr'><strong>cum</strong></span> <span class='ocrx_word' id='word_1_673' title='bbox 3022 4185 3080 4220; x_wconf 86' lang='lat' dir='ltr'><strong>eo</strong></span> <span class='ocrx_word' id='word_1_674' title='bbox 3116 4171 3399 4237; x_wconf 75' lang='lat' dir='ltr'><strong>cruciﬁxus</strong></span> <span class='ocrx_word' id='word_1_675' title='bbox 3425 4184 3519 4231; x_wconf 75' lang='lat' dir='ltr'><strong>est,</strong></span> 
     </span>
    </p>
   </div>
   <div class='ocr_carea' id='block_1_89' title="bbox 1934 4261 3523 4328">
    <p class='ocr_par' dir='ltr' id='par_1_89' title="bbox 1934 4261 3523 4328">
     <span class='ocr_line' id='line_1_89' title="bbox 1934 4261 3523 4328; baseline 0.001 -15"><span class='ocrx_word' id='word_1_676' title='bbox 1934 4268 1992 4313; x_wconf 86' lang='lat' dir='ltr'><strong>ut</strong></span> <span class='ocrx_word' id='word_1_677' title='bbox 2028 4261 2304 4313; x_wconf 84' lang='lat' dir='ltr'><strong>aboleatur</strong></span> <span class='ocrx_word' id='word_1_678' title='bbox 2348 4276 2537 4326; x_wconf 87' lang='lat' dir='ltr'><strong>corpus</strong></span> <span class='ocrx_word' id='word_1_679' title='bbox 2584 4261 2805 4323; x_wconf 81' lang='lat' dir='ltr'><strong>peccati,</strong></span> <span class='ocrx_word' id='word_1_680' title='bbox 2838 4275 2902 4311; x_wconf 84' lang='lat' dir='ltr'><strong>ne</strong></span> <span class='ocrx_word' id='word_1_681' title='bbox 2938 4276 3029 4313; x_wconf 84' lang='lat' dir='ltr'><strong>nos</strong></span> <span class='ocrx_word' id='word_1_682' title='bbox 3064 4262 3292 4328; x_wconf 76' lang='lat' dir='ltr'><strong>amplius</strong></span> <span class='ocrx_word' id='word_1_683' title='bbox 3323 4261 3523 4314; x_wconf 71' lang='lat' dir='ltr'><strong>servia-</strong></span> 
     </span>
    </p>
   </div>
   <div class='ocr_carea' id='block_1_90' title="bbox 1935 4351 3519 4419">
    <p class='ocr_par' dir='ltr' id='par_1_90' title="bbox 1935 4351 3519 4419">
     <span class='ocr_line' id='line_1_90' title="bbox 1935 4351 3519 4419; baseline -0.001 -15"><span class='ocrx_word' id='word_1_684' title='bbox 1935 4368 2052 4404; x_wconf 87' lang='lat' dir='ltr'><strong>mus</strong></span> <span class='ocrx_word' id='word_1_685' title='bbox 2110 4360 2322 4419; x_wconf 85' lang='lat' dir='ltr'><strong>peccato</strong></span> <span class='ocrx_word' id='word_1_686' title='bbox 2357 4356 2372 4386; x_wconf 88' lang='grc'>¹</span> <span class='ocrx_word' id='word_1_687' title='bbox 2426 4351 2591 4404; x_wconf 89' lang='lat' dir='ltr'><strong>:alibi</strong></span> <span class='ocrx_word' id='word_1_688' title='bbox 2644 4365 2774 4404; x_wconf 87' lang='lat' dir='ltr'><strong>vero</strong></span> <span class='ocrx_word' id='word_1_689' title='bbox 2814 4352 3148 4418; x_wconf 66' lang='lat' dir='ltr'><strong>praecipiens,</strong></span> <span class='ocrx_word' id='word_1_690' title='bbox 3205 4351 3519 4418; x_wconf 76' lang='lat' dir='ltr'><strong>Mortiﬁcate</strong></span> 
     </span>
    </p>
   </div>
   <div class='ocr_carea' id='block_1_91' title="bbox 1937 4444 3524 4511">
    <p class='ocr_par' dir='ltr' id='par_1_91' title="bbox 1937 4444 3524 4511">
     <span class='ocr_line' id='line_1_91' title="bbox 1937 4444 3524 4511; baseline 0 -16"><span class='ocrx_word' id='word_1_691' title='bbox 1937 4444 2102 4511; x_wconf 79' lang='lat' dir='ltr'><strong>igitur</strong></span> <span class='ocrx_word' id='word_1_692' title='bbox 2130 4444 2361 4496; x_wconf 87' lang='lat' dir='ltr'><strong>membra</strong></span> <span class='ocrx_word' id='word_1_693' title='bbox 2387 4452 2560 4496; x_wconf 80' lang='lat' dir='ltr'><strong>vestra</strong></span> <span class='ocrx_word' id='word_1_694' title='bbox 2593 4444 2893 4503; x_wconf 74' lang='lat' dir='ltr'><strong>terrestria,</strong></span> <span class='ocrx_word' id='word_1_695' title='bbox 2920 4444 3319 4502; x_wconf 79' lang='lat' dir='ltr'><strong>srortationem,</strong></span> <span class='ocrx_word' id='word_1_696' title='bbox 3350 4445 3524 4509; x_wconf 78' lang='lat' dir='ltr'><strong>inton</strong></span> 
     </span>
    </p>
   </div>
   <div class='ocr_carea' id='block_1_92' title="bbox 232 4523 1828 4600">
    <p class='ocr_par' dir='ltr' id='par_1_92' title="bbox 232 4523 1820 4595">
     <span class='ocr_line' id='line_1_92' title="bbox 232 4523 1820 4595; baseline -0.005 -14"><span class='ocrx_word' id='word_1_697' title='bbox 232 4528 467 4595; x_wconf 70' lang='grc' dir='ltr'><strong>ἀνδράσι</strong></span> <span class='ocrx_word' id='word_1_698' title='bbox 492 4526 586 4579; x_wconf 68' lang='grc' dir='ltr'><strong>καὶ</strong></span> <span class='ocrx_word' id='word_1_699' title='bbox 611 4525 827 4593; x_wconf 78' lang='grc' dir='ltr'><strong>γυναιξὶ</strong></span> <span class='ocrx_word' id='word_1_700' title='bbox 853 4526 1033 4575; x_wconf 85' lang='grc' dir='ltr'><strong>πίστει</strong></span> <span class='ocrx_word' id='word_1_701' title='bbox 1053 4526 1118 4594; x_wconf 79' lang='grc' dir='ltr'><strong>τῇ</strong></span> <span class='ocrx_word' id='word_1_702' title='bbox 1146 4526 1223 4586; x_wconf 86' lang='grc' dir='ltr'><strong>εἰς</strong></span> <span class='ocrx_word' id='word_1_703' title='bbox 1246 4523 1336 4574; x_wconf 78' lang='grc' dir='ltr'><strong>τὸν</strong></span> <span class='ocrx_word' id='word_1_704' title='bbox 1364 4523 1563 4593; x_wconf 81' lang='grc' dir='ltr'><strong>Κύριον</strong></span> <span class='ocrx_word' id='word_1_705' title='bbox 1588 4523 1787 4592; x_wconf 70' lang='grc' dir='ltr'><strong>γνησίᾳ.</strong></span> <span class='ocrx_word' id='word_1_706' title='bbox 1807 4536 1820 4549; x_wconf 81' lang='grc'><em>’</em></span> 
     </span>
    </p>
   </div>
   <div class='ocr_carea' id='block_1_93' title="bbox 1934 4523 3519 4600">
    <p class='ocr_par' dir='ltr' id='par_1_93' title="bbox 1934 4532 3519 4600">
     <span class='ocr_line' id='line_1_93' title="bbox 1934 4532 3519 4600; baseline -0.001 -14"><span class='ocrx_word' id='word_1_707' title='bbox 1934 4536 2161 4597; x_wconf 76' lang='lat' dir='ltr'><strong>ritalem,</strong></span> <span class='ocrx_word' id='word_1_708' title='bbox 2196 4534 2494 4595; x_wconf 80' lang='lat' dir='ltr'><strong>mollitiem,</strong></span> <span class='ocrx_word' id='word_1_709' title='bbox 2523 4535 2862 4600; x_wconf 77' lang='lat' dir='ltr'><strong>cupiditatem</strong></span> <span class='ocrx_word' id='word_1_710' title='bbox 2892 4532 3114 4594; x_wconf 83' lang='lat' dir='ltr'><strong>malum,</strong></span> <span class='ocrx_word' id='word_1_711' title='bbox 3134 4546 3179 4586; x_wconf 81' lang='lat' dir='ltr'><strong>et</strong></span> <span class='ocrx_word' id='word_1_712' title='bbox 3207 4535 3519 4593; x_wconf 80' lang='lat' dir='ltr'><strong>avaritiam.</strong></span> 
     </span>
    </p>
   </div>
   <div class='ocr_carea' id='block_1_94' title="bbox 232 4616 1827 4687">
    <p class='ocr_par' dir='ltr' id='par_1_94' title="bbox 232 4616 1827 4687">
     <span class='ocr_line' id='line_1_94' title="bbox 232 4616 1827 4687; baseline -0.004 -11"><span class='ocrx_word' id='word_1_713' title='bbox 232 4621 328 4676; x_wconf 82' lang='grc' dir='ltr'><strong>τοῦ</strong></span> <span class='ocrx_word' id='word_1_714' title='bbox 368 4621 425 4672; x_wconf 68' lang='grc' dir='ltr'><strong>δὲ</strong></span> <span class='ocrx_word' id='word_1_715' title='bbox 466 4621 523 4672; x_wconf 79' lang='grc' dir='ltr'><strong>ἐν</strong></span> <span class='ocrx_word' id='word_1_716' title='bbox 556 4618 869 4687; x_wconf 75' lang='grc' dir='ltr'><strong>ἀκαθαρσίᾳ</strong></span> <span class='ocrx_word' id='word_1_717' title='bbox 908 4617 1036 4668; x_wconf 73' lang='grc' dir='ltr'><strong>ὄντα</strong></span> <span class='ocrx_word' id='word_1_718' title='bbox 1068 4619 1189 4669; x_wconf 73' lang='grc' dir='ltr'><strong>τινὰ</strong></span> <span class='ocrx_word' id='word_1_719' title='bbox 1226 4616 1464 4683; x_wconf 76' lang='grc' dir='ltr'><strong>ἐγγίζειν</strong></span> <span class='ocrx_word' id='word_1_720' title='bbox 1498 4620 1610 4679; x_wconf 78' lang='grc' dir='ltr'><strong>τοῖς</strong></span> <span class='ocrx_word' id='word_1_721' title='bbox 1649 4619 1827 4684; x_wconf 80' lang='grc' dir='ltr'><strong>ἁγίοις</strong></span> 
     </span>
    </p>
   </div>
   <div class='ocr_carea' id='block_1_95' title="bbox 230 4708 1828 4779">
    <p class='ocr_par' dir='ltr' id='par_1_95' title="bbox 230 4708 1828 4779">
     <span class='ocr_line' id='line_1_95' title="bbox 230 4708 1828 4779; baseline -0.003 -11"><span class='ocrx_word' id='word_1_722' title='bbox 230 4716 329 4768; x_wconf 73' lang='grc' dir='ltr'><strong>καὶ</strong></span> <span class='ocrx_word' id='word_1_723' title='bbox 366 4719 430 4764; x_wconf 71' lang='grc' dir='ltr'><strong>ἑκ</strong></span> <span class='ocrx_word' id='word_1_724' title='bbox 465 4712 563 4778; x_wconf 66' lang='grc' dir='ltr'><strong>τῆς</strong></span> <span class='ocrx_word' id='word_1_725' title='bbox 603 4711 847 4771; x_wconf 75' lang='grc' dir='ltr'><strong>Παλαιᾶς</strong></span> <span class='ocrx_word' id='word_1_726' title='bbox 882 4708 1155 4779; x_wconf 84' lang='grc' dir='ltr'><strong>Διαθήκης</strong></span> <span class='ocrx_word' id='word_1_727' title='bbox 1194 4709 1425 4778; x_wconf 75' lang='grc' dir='ltr'><strong>φοϐερὸν</strong></span> <span class='ocrx_word' id='word_1_728' title='bbox 1458 4710 1828 4779; x_wconf 81' lang='grc' dir='ltr'><strong>διδασκόμεθα</strong></span> 
     </span>
    </p>
   </div>
   <div class='ocr_carea' id='block_1_96' title="bbox 230 4795 1827 4874">
    <p class='ocr_par' dir='ltr' id='par_1_96' title="bbox 230 4795 1827 4874">
     <span class='ocr_line' id='line_1_96' title="bbox 230 4795 1827 4874; baseline -0.002 -15"><span class='ocrx_word' id='word_1_729' title='bbox 230 4808 295 4858; x_wconf 84' lang='grc' dir='ltr'><strong>τὸ</strong></span> <span class='ocrx_word' id='word_1_730' title='bbox 331 4807 531 4874; x_wconf 81' lang='grc' dir='ltr'><strong>κρίμα.</strong></span> <span class='ocrx_word' id='word_1_731' title='bbox 569 4804 627 4855; x_wconf 78' lang='grc' dir='ltr'><strong>Εἰ</strong></span> <span class='ocrx_word' id='word_1_732' title='bbox 662 4802 716 4854; x_wconf 81' lang='grc' dir='ltr'><strong>δὲ</strong></span> <span class='ocrx_word' id='word_1_733' title='bbox 757 4802 943 4856; x_wconf 82' lang='grc' dir='ltr'><strong>πλεῖον</strong></span> <span class='ocrx_word' id='word_1_734' title='bbox 973 4800 1066 4853; x_wconf 73' lang='grc' dir='ltr'><strong>τοῦ</strong></span> <span class='ocrx_word' id='word_1_735' title='bbox 1105 4801 1253 4871; x_wconf 77' lang='grc' dir='ltr'><strong>ἱεροῦ</strong></span> <span class='ocrx_word' id='word_1_736' title='bbox 1287 4795 1412 4865; x_wconf 82' lang='grc' dir='ltr'><strong>ὦδε,</strong></span> <span class='ocrx_word' id='word_1_737' title='bbox 1447 4803 1827 4872; x_wconf 78' lang='grc' dir='ltr'><strong>φοϐερώτερον</strong></span> 
     </span>
    </p>
   </div>
   <div class='ocr_carea' id='block_1_97' title="bbox 232 4898 1828 4978">
    <p class='ocr_par' dir='ltr' id='par_1_97' title="bbox 232 4898 1828 4978">
     <span class='ocr_line' id='line_1_97' title="bbox 232 4898 1828 4978; baseline -0.006 -19"><span class='ocrx_word' id='word_1_738' title='bbox 232 4907 504 4978; x_wconf 79' lang='grc' dir='ltr'><strong>δηλονότι.</strong></span> <span class='ocrx_word' id='word_1_739' title='bbox 556 4902 846 4955; x_wconf 84' lang='grc' dir='ltr'><strong>Παιδεύσει</strong></span> <span class='ocrx_word' id='word_1_740' title='bbox 887 4900 958 4959; x_wconf 69' lang='grc' dir='ltr'><strong>δὲΔ</strong></span> <span class='ocrx_word' id='word_1_741' title='bbox 989 4900 1139 4967; x_wconf 74' lang='grc' dir='ltr'><strong>ἡμᾶς</strong></span> <span class='ocrx_word' id='word_1_742' title='bbox 1178 4900 1207 4949; x_wconf 85' lang='grc'>6</span> <span class='ocrx_word' id='word_1_743' title='bbox 1245 4898 1568 4959; x_wconf 77' lang='grc' dir='ltr'><strong>Ἀπόστολος</strong></span> <span class='ocrx_word' id='word_1_744' title='bbox 1612 4898 1784 4950; x_wconf 77' lang='grc' dir='ltr'><strong>είπὼν</strong></span> <span class='ocrx_word' id='word_1_745' title='bbox 1814 4909 1828 4926; x_wconf 89' lang='grc'><strong>⁹</strong></span> 
     </span>
    </p>
   </div>
   <div class='ocr_carea' id='block_1_98' title="bbox 243 4989 1829 5058">
    <p class='ocr_par' dir='ltr' id='par_1_98' title="bbox 243 4989 1829 5058">
     <span class='ocr_line' id='line_1_98' title="bbox 243 4989 1829 5058; baseline -0.006 -5"><span class='ocrx_word' id='word_1_746' title='bbox 243 5002 309 5053; x_wconf 89' lang='lat'><strong>&#39;0</strong></span> <span class='ocrx_word' id='word_1_747' title='bbox 338 4997 562 5051; x_wconf 84' lang='grc' dir='ltr'><strong>ἐσθίων</strong></span> <span class='ocrx_word' id='word_1_748' title='bbox 587 4994 684 5046; x_wconf 75' lang='grc' dir='ltr'><strong>καί</strong></span> <span class='ocrx_word' id='word_1_749' title='bbox 714 4995 909 5045; x_wconf 75' lang='grc' dir='ltr'><strong>πίνων</strong></span> <span class='ocrx_word' id='word_1_750' title='bbox 930 4991 1193 5055; x_wconf 81' lang='grc' dir='ltr'><strong>ἀναξίως</strong></span> <span class='ocrx_word' id='word_1_751' title='bbox 1219 4990 1400 5058; x_wconf 82' lang='grc' dir='ltr'><strong>κρῖμα</strong></span> <span class='ocrx_word' id='word_1_752' title='bbox 1424 4989 1615 5055; x_wconf 79' lang='grc' dir='ltr'><strong>ἐαυτῷ</strong></span> <span class='ocrx_word' id='word_1_753' title='bbox 1638 4991 1829 5044; x_wconf 82' lang='grc' dir='ltr'><strong>ἐσθίει</strong></span> 
     </span>
    </p>
   </div>
   <div class='ocr_carea' id='block_1_99' title="bbox 234 5081 1827 5152">
    <p class='ocr_par' dir='ltr' id='par_1_99' title="bbox 234 5081 1827 5152">
     <span class='ocr_line' id='line_1_99' title="bbox 234 5081 1827 5152; baseline -0.006 -9"><span class='ocrx_word' id='word_1_754' title='bbox 234 5092 335 5144; x_wconf 78' lang='grc' dir='ltr'><strong>καί</strong></span> <span class='ocrx_word' id='word_1_755' title='bbox 369 5089 555 5140; x_wconf 73' lang='grc' dir='ltr'><strong>πίνει.</strong></span> <span class='ocrx_word' id='word_1_756' title='bbox 593 5086 687 5138; x_wconf 83' lang='grc' dir='ltr'><strong>Ἐκ</strong></span> <span class='ocrx_word' id='word_1_757' title='bbox 718 5084 851 5152; x_wconf 73' lang='grc' dir='ltr'><strong>γοῦν</strong></span> <span class='ocrx_word' id='word_1_758' title='bbox 880 5083 979 5152; x_wconf 81' lang='grc' dir='ltr'><strong>τῆς</strong></span> <span class='ocrx_word' id='word_1_759' title='bbox 1012 5081 1355 5151; x_wconf 85' lang='grc' dir='ltr'><strong>ἀποκρίσεως</strong></span> <span class='ocrx_word' id='word_1_760' title='bbox 1387 5082 1588 5151; x_wconf 81' lang='grc' dir='ltr'><strong>ταύτης</strong></span> <span class='ocrx_word' id='word_1_761' title='bbox 1622 5081 1827 5135; x_wconf 72' lang='grc' dir='ltr'><strong>οἴονταί</strong></span> 
     </span>
    </p>
   </div>
   <div class='ocr_carea' id='block_1_100' title="bbox 231 5172 1829 5248">
    <p class='ocr_par' dir='ltr' id='par_1_100' title="bbox 231 5172 1829 5248">
     <span class='ocr_line' id='line_1_100' title="bbox 231 5172 1829 5248; baseline -0.007 -13"><span class='ocrx_word' id='word_1_762' title='bbox 231 5198 383 5247; x_wconf 87' lang='grc' dir='ltr'><strong>τινες</strong></span> <span class='ocrx_word' id='word_1_763' title='bbox 415 5180 506 5233; x_wconf 67' lang='grc' dir='ltr'><strong>τὸν</strong></span> <span class='ocrx_word' id='word_1_764' title='bbox 543 5180 716 5248; x_wconf 80' lang='grc' dir='ltr'><strong>μέγαν</strong></span> <span class='ocrx_word' id='word_1_765' title='bbox 749 5175 1033 5231; x_wconf 75' lang='grc' dir='ltr'><strong>Βασίλειον</strong></span> <span class='ocrx_word' id='word_1_766' title='bbox 1064 5173 1411 5243; x_wconf 64' lang='grc' dir='ltr'><strong>ἀκαθαρσίαν</strong></span> <span class='ocrx_word' id='word_1_767' title='bbox 1443 5172 1697 5242; x_wconf 84' lang='grc' dir='ltr'><strong>ἡγεῖσθαι</strong></span> <span class='ocrx_word' id='word_1_768' title='bbox 1730 5174 1829 5242; x_wconf 83' lang='grc' dir='ltr'><strong>τὴν</strong></span> 
     </span>
    </p>
   </div>
   <div class='ocr_carea' id='block_1_101' title="bbox 230 5262 1829 5340">
    <p class='ocr_par' dir='ltr' id='par_1_101' title="bbox 230 5262 1829 5340">
     <span class='ocr_line' id='line_1_101' title="bbox 230 5262 1829 5340; baseline -0.006 -15"><span class='ocrx_word' id='word_1_769' title='bbox 230 5273 330 5325; x_wconf 81' lang='grc' dir='ltr'><strong>τοῦ</strong></span> <span class='ocrx_word' id='word_1_770' title='bbox 366 5272 683 5340; x_wconf 72' lang='grc' dir='ltr'><strong>σπέρματος</strong></span> <span class='ocrx_word' id='word_1_771' title='bbox 712 5268 913 5337; x_wconf 77' lang='grc' dir='ltr'><strong>ἐκροήν</strong></span> <span class='ocrx_word' id='word_1_772' title='bbox 938 5283 952 5297; x_wconf 77' lang='grc' dir='ltr'><strong>ο</strong></span> <span class='ocrx_word' id='word_1_773' title='bbox 986 5265 1102 5318; x_wconf 78' lang='grc' dir='ltr'><strong>ἀλλ’</strong></span> <span class='ocrx_word' id='word_1_774' title='bbox 1124 5266 1227 5317; x_wconf 77' lang='grc' dir='ltr'><strong>οὐκ</strong></span> <span class='ocrx_word' id='word_1_775' title='bbox 1258 5265 1373 5318; x_wconf 76' lang='grc' dir='ltr'><strong>ἔστι</strong></span> <span class='ocrx_word' id='word_1_776' title='bbox 1401 5262 1581 5317; x_wconf 79' lang='grc' dir='ltr'><strong>τοῦτο.</strong></span> <span class='ocrx_word' id='word_1_777' title='bbox 1613 5263 1687 5316; x_wconf 72' lang='lat' dir='ltr'><strong>Ob</strong></span> <span class='ocrx_word' id='word_1_778' title='bbox 1722 5263 1829 5335; x_wconf 82' lang='grc' dir='ltr'><strong>γὰρ</strong></span> 
     </span>
    </p>
   </div>
   <div class='ocr_carea' id='block_1_102' title="bbox 234 5356 1831 5435">
    <p class='ocr_par' dir='ltr' id='par_1_102' title="bbox 234 5356 1831 5435">
     <span class='ocr_line' id='line_1_102' title="bbox 234 5356 1831 5435; baseline -0.006 -17"><span class='ocrx_word' id='word_1_779' title='bbox 234 5366 373 5435; x_wconf 77' lang='grc' dir='ltr'><strong>περὶ</strong></span> <span class='ocrx_word' id='word_1_780' title='bbox 404 5362 753 5431; x_wconf 75' lang='grc' dir='ltr'><strong>ἀφαντάστου</strong></span> <span class='ocrx_word' id='word_1_781' title='bbox 788 5363 922 5427; x_wconf 79' lang='grc' dir='ltr'><strong>φησὶ</strong></span> <span class='ocrx_word' id='word_1_782' title='bbox 954 5357 1166 5429; x_wconf 77' lang='grc' dir='ltr'><strong>ῥύσεως</strong></span> <span class='ocrx_word' id='word_1_783' title='bbox 1187 5397 1201 5419; x_wconf 90' lang='grc'><strong>,</strong></span> <span class='ocrx_word' id='word_1_784' title='bbox 1233 5356 1349 5408; x_wconf 86' lang='grc' dir='ltr'><strong>ἀλλ’</strong></span> <span class='ocrx_word' id='word_1_785' title='bbox 1376 5356 1496 5411; x_wconf 70' lang='grc' dir='ltr'><strong>οὐδὲ</strong></span> <span class='ocrx_word' id='word_1_786' title='bbox 1532 5357 1671 5426; x_wconf 88' lang='grc' dir='ltr'><strong>μετά</strong></span> <span class='ocrx_word' id='word_1_787' title='bbox 1704 5374 1831 5424; x_wconf 77' lang='grc' dir='ltr'><strong>φανο</strong></span> 
     </span>
    </p>
   </div>
   <div class='ocr_carea' id='block_1_103' title="bbox 231 5445 1841 5523">
    <p class='ocr_par' dir='ltr' id='par_1_103' title="bbox 231 5445 1841 5523">
     <span class='ocr_line' id='line_1_103' title="bbox 231 5445 1841 5523; baseline -0.004 -13"><span class='ocrx_word' id='word_1_788' title='bbox 231 5458 432 5518; x_wconf 78' lang='grc' dir='ltr'><strong>τασίας</strong></span> <span class='ocrx_word' id='word_1_789' title='bbox 463 5454 787 5523; x_wconf 80' lang='grc' dir='ltr'><strong>γενομένης,</strong></span> <span class='ocrx_word' id='word_1_790' title='bbox 818 5452 947 5506; x_wconf 77' lang='grc' dir='ltr'><strong>ἄνευ</strong></span> <span class='ocrx_word' id='word_1_791' title='bbox 980 5452 1168 5521; x_wconf 83' lang='grc' dir='ltr'><strong>μέντοι</strong></span> <span class='ocrx_word' id='word_1_792' title='bbox 1198 5448 1530 5519; x_wconf 83' lang='grc' dir='ltr'><strong>ὲμπαθείας,</strong></span> <span class='ocrx_word' id='word_1_793' title='bbox 1559 5445 1626 5519; x_wconf 83' lang='grc' dir='ltr'><strong>ἦς</strong></span> <span class='ocrx_word' id='word_1_794' title='bbox 1656 5450 1841 5503; x_wconf 75' lang='grc' dir='ltr'><strong>ὲπιθυο</strong></span> 
     </span>
    </p>
   </div>
   <div class='ocr_carea' id='block_1_104' title="bbox 237 5541 1841 5621">
    <p class='ocr_par' dir='ltr' id='par_1_104' title="bbox 237 5541 1841 5621">
     <span class='ocr_line' id='line_1_104' title="bbox 237 5541 1841 5621; baseline -0.005 -18"><span class='ocrx_word' id='word_1_795' title='bbox 237 5551 341 5621; x_wconf 85' lang='grc' dir='ltr'><strong>μία</strong></span> <span class='ocrx_word' id='word_1_796' title='bbox 390 5549 451 5601; x_wconf 81' lang='grc' dir='ltr'><strong>οὑ</strong></span> <span class='ocrx_word' id='word_1_797' title='bbox 498 5549 890 5618; x_wconf 85' lang='grc' dir='ltr'><strong>προηγήσατο’</strong></span> <span class='ocrx_word' id='word_1_798' title='bbox 937 5544 970 5613; x_wconf 78' lang='grc' dir='ltr'>ἢ</span> <span class='ocrx_word' id='word_1_799' title='bbox 1016 5542 1117 5595; x_wconf 82' lang='grc' dir='ltr'><strong>κᾶν</strong></span> <span class='ocrx_word' id='word_1_800' title='bbox 1168 5542 1548 5614; x_wconf 81' lang='grc' dir='ltr'><strong>προηγήσατο,</strong></span> <span class='ocrx_word' id='word_1_801' title='bbox 1595 5541 1841 5595; x_wconf 55' lang='grc' dir='ltr'><strong>ἀλλὀὐκ</strong></span> 
     </span>
    </p>
   </div>
   <div class='ocr_carea' id='block_1_105' title="bbox 234 5632 1843 5711">
    <p class='ocr_par' dir='ltr' id='par_1_105' title="bbox 234 5632 1843 5711">
     <span class='ocr_line' id='line_1_105' title="bbox 234 5632 1843 5711; baseline -0.004 -17"><span class='ocrx_word' id='word_1_802' title='bbox 234 5641 538 5711; x_wconf 73' lang='grc' dir='ltr'><strong>ινέμεινεν,</strong></span> <span class='ocrx_word' id='word_1_803' title='bbox 568 5638 683 5690; x_wconf 83' lang='grc' dir='ltr'><strong>ἀλλ’</strong></span> <span class='ocrx_word' id='word_1_804' title='bbox 709 5637 1052 5706; x_wconf 79' lang='grc' dir='ltr'><strong>ἀπεπέμφθη</strong></span> <span class='ocrx_word' id='word_1_805' title='bbox 1078 5632 1172 5688; x_wconf 85' lang='grc' dir='ltr'><strong>τοῦ</strong></span> <span class='ocrx_word' id='word_1_806' title='bbox 1202 5633 1517 5704; x_wconf 89' lang='grc' dir='ltr'><strong>κρείττονος</strong></span> <span class='ocrx_word' id='word_1_807' title='bbox 1546 5634 1843 5705; x_wconf 81' lang='grc' dir='ltr'><strong>ὲπικρατή.</strong></span> 
     </span>
    </p>
   </div>
   <div class='ocr_carea' id='block_1_106' title="bbox 337 5820 1460 5891">
    <p class='ocr_par' dir='ltr' id='par_1_106' title="bbox 337 5820 1460 5891">
     <span class='ocr_line' id='line_1_106' title="bbox 337 5820 1460 5891; baseline -0.005 -10"><span class='ocrx_word' id='word_1_808' title='bbox 337 5828 351 5856; x_wconf 83' lang='grc'>¹</span> <span class='ocrx_word' id='word_1_809' title='bbox 381 5826 543 5884; x_wconf 72' lang='lat' dir='ltr'><strong>Rom.</strong></span> <span class='ocrx_word' id='word_1_810' title='bbox 579 5840 651 5891; x_wconf 80' lang='lat' dir='ltr'><strong>v1.</strong></span> <span class='ocrx_word' id='word_1_811' title='bbox 688 5824 742 5882; x_wconf 80' lang='grc' dir='ltr'><strong>θ.</strong></span> <span class='ocrx_word' id='word_1_812' title='bbox 854 5820 874 5849; x_wconf 83' lang='grc'><strong><em>²</em></strong></span> <span class='ocrx_word' id='word_1_813' title='bbox 913 5822 1124 5880; x_wconf 83' lang='lat' dir='ltr'><strong>Coloss.</strong></span> <span class='ocrx_word' id='word_1_814' title='bbox 1164 5838 1269 5890; x_wconf 88' lang='grc' dir='ltr'><strong>ιιι,</strong></span> <span class='ocrx_word' id='word_1_815' title='bbox 1305 5822 1371 5889; x_wconf 80' lang='lat'><strong>5,</strong></span> <span class='ocrx_word' id='word_1_816' title='bbox 1404 5820 1460 5875; x_wconf 83' lang='lat'><strong>6.</strong></span> 
     </span>
    </p>
   </div>
   <div class='ocr_carea' id='block_1_107' title="bbox 1928 4626 3526 4697">
    <p class='ocr_par' dir='ltr' id='par_1_107' title="bbox 1928 4626 3526 4697">
     <span class='ocr_line' id='line_1_107' title="bbox 1928 4626 3526 4697; baseline 0 -18"><span class='ocrx_word' id='word_1_817' title='bbox 1928 4644 2047 4697; x_wconf 68' lang='lat' dir='ltr'><strong>qua</strong></span> <span class='ocrx_word' id='word_1_818' title='bbox 2078 4638 2154 4681; x_wconf 74' lang='lat' dir='ltr'><strong>est</strong></span> <span class='ocrx_word' id='word_1_819' title='bbox 2178 4627 2507 4692; x_wconf 84' lang='lat' dir='ltr'><strong>idololatria,</strong></span> <span class='ocrx_word' id='word_1_820' title='bbox 2530 4626 2593 4679; x_wconf 88' lang='lat' dir='ltr'><strong>ob</strong></span> <span class='ocrx_word' id='word_1_821' title='bbox 2622 4640 2737 4696; x_wconf 74' lang='lat' dir='ltr'><strong>qua:</strong></span> <span class='ocrx_word' id='word_1_822' title='bbox 2768 4626 2901 4678; x_wconf 82' lang='lat' dir='ltr'><strong>venit</strong></span> <span class='ocrx_word' id='word_1_823' title='bbox 2938 4628 3016 4677; x_wconf 87' lang='lat' dir='ltr'><strong>ira</strong></span> <span class='ocrx_word' id='word_1_824' title='bbox 3049 4626 3141 4678; x_wconf 85' lang='lat' dir='ltr'><strong>Dei</strong></span> <span class='ocrx_word' id='word_1_825' title='bbox 3172 4642 3328 4694; x_wconf 79' lang='lat' dir='ltr'><strong>super</strong></span> <span class='ocrx_word' id='word_1_826' title='bbox 3358 4626 3526 4679; x_wconf 79' lang='lat' dir='ltr'><strong>homi-</strong></span> 
     </span>
    </p>
   </div>
   <div class='ocr_carea' id='block_1_108' title="bbox 1930 4718 3526 4785">
    <p class='ocr_par' dir='ltr' id='par_1_108' title="bbox 1930 4718 3526 4785">
     <span class='ocr_line' id='line_1_108' title="bbox 1930 4718 3526 4785; baseline -0.001 -16"><span class='ocrx_word' id='word_1_827' title='bbox 1930 4733 2018 4769; x_wconf 83' lang='lat' dir='ltr'><strong>ues</strong></span> <span class='ocrx_word' id='word_1_828' title='bbox 2065 4726 2398 4770; x_wconf 77' lang='lat' dir='ltr'><strong>contumaces</strong></span> <span class='ocrx_word' id='word_1_829' title='bbox 2442 4721 2463 4751; x_wconf 74' lang='grc'>⁸</span> <span class='ocrx_word' id='word_1_830' title='bbox 2512 4736 2525 4773; x_wconf 85' lang='lat'><strong>:</strong></span> <span class='ocrx_word' id='word_1_831' title='bbox 2568 4718 2695 4771; x_wconf 81' lang='lat' dir='ltr'><strong>alibi</strong></span> <span class='ocrx_word' id='word_1_832' title='bbox 2748 4726 2925 4769; x_wconf 83' lang='lat' dir='ltr'><strong>autem</strong></span> <span class='ocrx_word' id='word_1_833' title='bbox 2962 4718 3196 4780; x_wconf 67' lang='lat' dir='ltr'><strong>regulum</strong></span> <span class='ocrx_word' id='word_1_834' title='bbox 3232 4734 3526 4785; x_wconf 71' lang='grc' dir='ltr'><strong>ιιιιμυιιριις,</strong></span> 
     </span>
    </p>
   </div>
   <div class='ocr_carea' id='block_1_109' title="bbox 1934 4807 3526 4876">
    <p class='ocr_par' dir='ltr' id='par_1_109' title="bbox 1934 4807 3526 4876">
     <span class='ocr_line' id='line_1_109' title="bbox 1934 4807 3526 4876; baseline 0 -15"><span class='ocrx_word' id='word_1_835' title='bbox 1934 4810 2061 4861; x_wconf 87' lang='lat' dir='ltr'><strong>dum</strong></span> <span class='ocrx_word' id='word_1_836' title='bbox 2094 4809 2188 4872; x_wconf 86' lang='lat' dir='ltr'><strong>ait,</strong></span> <span class='ocrx_word' id='word_1_837' title='bbox 2231 4807 2336 4873; x_wconf 86' lang='lat' dir='ltr'><strong>Qui</strong></span> <span class='ocrx_word' id='word_1_838' title='bbox 2363 4810 2502 4861; x_wconf 85' lang='lat' dir='ltr'><strong>enim</strong></span> <span class='ocrx_word' id='word_1_839' title='bbox 2535 4818 2655 4861; x_wconf 77' lang='lat' dir='ltr'><strong>situt</strong></span> <span class='ocrx_word' id='word_1_840' title='bbox 2702 4807 2925 4873; x_wconf 81' lang='lat' dir='ltr'><strong>Christi,</strong></span> <span class='ocrx_word' id='word_1_841' title='bbox 2990 4825 3199 4860; x_wconf 81' lang='lat' dir='ltr'><strong>carnem</strong></span> <span class='ocrx_word' id='word_1_842' title='bbox 3249 4810 3526 4876; x_wconf 62' lang='lat' dir='ltr'><strong>cruci/ise-</strong></span> 
     </span>
    </p>
   </div>
   <div class='ocr_carea' id='block_1_110' title="bbox 1934 4900 3531 4971">
    <p class='ocr_par' dir='ltr' id='par_1_110' title="bbox 1934 4900 3531 4971">
     <span class='ocr_line' id='line_1_110' title="bbox 1934 4900 3531 4971; baseline 0.002 -20"><span class='ocrx_word' id='word_1_843' title='bbox 1934 4908 2059 4951; x_wconf 83' lang='lat' dir='ltr'><strong>runt</strong></span> <span class='ocrx_word' id='word_1_844' title='bbox 2108 4915 2226 4952; x_wconf 87' lang='lat' dir='ltr'><strong>cum</strong></span> <span class='ocrx_word' id='word_1_845' title='bbox 2295 4900 2573 4968; x_wconf 78' lang='lat' dir='ltr'><strong>a/j&#39;ertibus</strong></span> <span class='ocrx_word' id='word_1_846' title='bbox 2645 4909 2693 4953; x_wconf 82' lang='lat' dir='ltr'><strong>et</strong></span> <span class='ocrx_word' id='word_1_847' title='bbox 2739 4903 3121 4969; x_wconf 73' lang='lat' dir='ltr'><strong>cupiditatibus</strong></span> <span class='ocrx_word' id='word_1_848' title='bbox 3169 4901 3212 4956; x_wconf 77' lang='grc'><strong>⁸.</strong></span> <span class='ocrx_word' id='word_1_849' title='bbox 3247 4904 3357 4971; x_wconf 72' lang='lat' dir='ltr'><strong>Ego</strong></span> <span class='ocrx_word' id='word_1_850' title='bbox 3404 4918 3531 4955; x_wconf 79' lang='lat' dir='ltr'><strong>vero</strong></span> 
     </span>
    </p>
   </div>
   <div class='ocr_carea' id='block_1_111' title="bbox 1934 4991 3531 5062">
    <p class='ocr_par' dir='ltr' id='par_1_111' title="bbox 1934 4991 3531 5062">
     <span class='ocr_line' id='line_1_111' title="bbox 1934 4991 3531 5062; baseline 0 -17"><span class='ocrx_word' id='word_1_851' title='bbox 1934 4993 2050 5045; x_wconf 86' lang='lat' dir='ltr'><strong>scio</strong></span> <span class='ocrx_word' id='word_1_852' title='bbox 2079 4992 2365 5044; x_wconf 81' lang='lat' dir='ltr'><strong>emendata</strong></span> <span class='ocrx_word' id='word_1_853' title='bbox 2394 4991 2510 5046; x_wconf 71' lang='lat' dir='ltr'><strong>haec</strong></span> <span class='ocrx_word' id='word_1_854' title='bbox 2541 4991 2711 5046; x_wconf 84' lang='lat' dir='ltr'><strong>luisse</strong></span> <span class='ocrx_word' id='word_1_855' title='bbox 2743 5007 2838 5059; x_wconf 89' lang='lat' dir='ltr'><strong>per</strong></span> <span class='ocrx_word' id='word_1_856' title='bbox 2866 4992 3069 5047; x_wconf 71' lang='lat' dir='ltr'><strong>Christi</strong></span> <span class='ocrx_word' id='word_1_857' title='bbox 3100 4996 3332 5062; x_wconf 78' lang='lat' dir='ltr'><strong>gratiam</strong></span> <span class='ocrx_word' id='word_1_858' title='bbox 3362 4995 3415 5045; x_wconf 90' lang='lat' dir='ltr'><strong>in</strong></span> <span class='ocrx_word' id='word_1_859' title='bbox 3447 4995 3531 5045; x_wconf 82' lang='lat' dir='ltr'><strong>vi-</strong></span> 
     </span>
    </p>
   </div>
   <div class='ocr_carea' id='block_1_112' title="bbox 1940 5081 3518 5159">
    <p class='ocr_par' dir='ltr' id='par_1_112' title="bbox 1940 5081 3518 5159">
     <span class='ocr_line' id='line_1_112' title="bbox 1940 5081 3518 5159; baseline -0.001 -24"><span class='ocrx_word' id='word_1_860' title='bbox 1940 5083 2015 5136; x_wconf 90' lang='lat' dir='ltr'><strong>ris</strong></span> <span class='ocrx_word' id='word_1_861' title='bbox 2049 5090 2102 5135; x_wconf 91' lang='lat' dir='ltr'><strong>et</strong></span> <span class='ocrx_word' id='word_1_862' title='bbox 2138 5081 2475 5147; x_wconf 85' lang='lat' dir='ltr'><strong>mulieribus,</strong></span> <span class='ocrx_word' id='word_1_863' title='bbox 2510 5084 2722 5159; x_wconf 81' lang='lat' dir='ltr'><strong>sincera</strong></span> <span class='ocrx_word' id='word_1_864' title='bbox 2754 5084 2808 5136; x_wconf 92' lang='lat' dir='ltr'><strong>in</strong></span> <span class='ocrx_word' id='word_1_865' title='bbox 2844 5082 3131 5136; x_wconf 89' lang='lat' dir='ltr'><strong>Dominum</strong></span> <span class='ocrx_word' id='word_1_866' title='bbox 3178 5084 3280 5136; x_wconf 82' lang='lat' dir='ltr'><strong>[ide</strong></span> <span class='ocrx_word' id='word_1_867' title='bbox 3311 5100 3323 5136; x_wconf 90' lang='lat'>:</span> <span class='ocrx_word' id='word_1_868' title='bbox 3360 5085 3424 5135; x_wconf 91' lang='lat' dir='ltr'><strong>de</strong></span> <span class='ocrx_word' id='word_1_869' title='bbox 3453 5101 3518 5136; x_wconf 85' lang='lat' dir='ltr'><strong>en</strong></span> 
     </span>
    </p>
   </div>
   <div class='ocr_carea' id='block_1_113' title="bbox 1939 5172 3531 5242">
    <p class='ocr_par' dir='ltr' id='par_1_113' title="bbox 1939 5172 3531 5242">
     <span class='ocr_line' id='line_1_113' title="bbox 1939 5172 3531 5242; baseline -0.002 -15"><span class='ocrx_word' id='word_1_870' title='bbox 1939 5187 2069 5227; x_wconf 89' lang='lat' dir='ltr'><strong>vero</strong></span> <span class='ocrx_word' id='word_1_871' title='bbox 2103 5172 2194 5241; x_wconf 89' lang='lat' dir='ltr'><strong>qui</strong></span> <span class='ocrx_word' id='word_1_872' title='bbox 2245 5173 2557 5241; x_wconf 86' lang='lat' dir='ltr'><strong>impurilate</strong></span> <span class='ocrx_word' id='word_1_873' title='bbox 2586 5174 2817 5242; x_wconf 70' lang='lat' dir='ltr'><strong>pollutus</strong></span> <span class='ocrx_word' id='word_1_874' title='bbox 2854 5175 3081 5227; x_wconf 83' lang='lat' dir='ltr'><strong>accessit</strong></span> <span class='ocrx_word' id='word_1_875' title='bbox 3109 5178 3175 5226; x_wconf 88' lang='lat' dir='ltr'><strong>ad</strong></span> <span class='ocrx_word' id='word_1_876' title='bbox 3204 5184 3420 5236; x_wconf 86' lang='lat' dir='ltr'><strong>sancta,</strong></span> <span class='ocrx_word' id='word_1_877' title='bbox 3466 5190 3531 5225; x_wconf 79' lang='lat' dir='ltr'><strong>ex</strong></span> 
     </span>
    </p>
   </div>
   <div class='ocr_carea' id='block_1_114' title="bbox 1940 5263 3533 5334">
    <p class='ocr_par' dir='ltr' id='par_1_114' title="bbox 1940 5263 3533 5334">
     <span class='ocr_line' id='line_1_114' title="bbox 1940 5263 3533 5334; baseline -0.003 -14"><span class='ocrx_word' id='word_1_878' title='bbox 1940 5266 2120 5320; x_wconf 79' lang='lat' dir='ltr'><strong>Veteri</strong></span> <span class='ocrx_word' id='word_1_879' title='bbox 2148 5280 2361 5334; x_wconf 80' lang='lat' dir='ltr'><strong>quoque</strong></span> <span class='ocrx_word' id='word_1_880' title='bbox 2395 5263 2743 5320; x_wconf 77' lang='lat' dir='ltr'><strong>Testamento</strong></span> <span class='ocrx_word' id='word_1_881' title='bbox 2774 5264 3104 5319; x_wconf 88' lang='lat' dir='ltr'><strong>horrendum</strong></span> <span class='ocrx_word' id='word_1_882' title='bbox 3132 5266 3422 5319; x_wconf 64' lang='lat' dir='ltr'><strong>edocemnr</strong></span> <span class='ocrx_word' id='word_1_883' title='bbox 3446 5266 3533 5331; x_wconf 81' lang='lat' dir='ltr'><strong>ju-</strong></span> 
     </span>
    </p>
   </div>
   <div class='ocr_carea' id='block_1_115' title="bbox 1944 5355 3534 5426">
    <p class='ocr_par' dir='ltr' id='par_1_115' title="bbox 1944 5355 3534 5426">
     <span class='ocr_line' id='line_1_115' title="bbox 1944 5355 3534 5426; baseline -0.004 -14"><span class='ocrx_word' id='word_1_884' title='bbox 1944 5358 2167 5413; x_wconf 88' lang='lat' dir='ltr'><strong>dicium.</strong></span> <span class='ocrx_word' id='word_1_885' title='bbox 2200 5358 2354 5422; x_wconf 84' lang='lat' dir='ltr'><strong>Quod</strong></span> <span class='ocrx_word' id='word_1_886' title='bbox 2393 5359 2437 5411; x_wconf 88' lang='lat' dir='ltr'><strong>si</strong></span> <span class='ocrx_word' id='word_1_887' title='bbox 2471 5356 2590 5425; x_wconf 86' lang='lat' dir='ltr'><strong>plus</strong></span> <span class='ocrx_word' id='word_1_888' title='bbox 2623 5357 2822 5426; x_wconf 84' lang='lat' dir='ltr'><strong>templo</strong></span> <span class='ocrx_word' id='word_1_889' title='bbox 2851 5359 2937 5411; x_wconf 89' lang='lat' dir='ltr'><strong>hic</strong></span> <span class='ocrx_word' id='word_1_890' title='bbox 2967 5369 3080 5422; x_wconf 89' lang='lat' dir='ltr'><strong>est,</strong></span> <span class='ocrx_word' id='word_1_891' title='bbox 3112 5373 3245 5411; x_wconf 90' lang='lat' dir='ltr'><strong>sane</strong></span> <span class='ocrx_word' id='word_1_892' title='bbox 3270 5369 3321 5410; x_wconf 89' lang='lat' dir='ltr'><strong>et</strong></span> <span class='ocrx_word' id='word_1_893' title='bbox 3344 5355 3534 5408; x_wconf 76' lang='lat' dir='ltr'><strong>formi-</strong></span> 
     </span>
    </p>
   </div>
   <div class='ocr_carea' id='block_1_116' title="bbox 1947 5448 3535 5521">
    <p class='ocr_par' dir='ltr' id='par_1_116' title="bbox 1947 5448 3535 5521">
     <span class='ocr_line' id='line_1_116' title="bbox 1947 5448 3535 5521; baseline -0.003 -15"><span class='ocrx_word' id='word_1_894' title='bbox 1947 5451 2205 5506; x_wconf 88' lang='lat' dir='ltr'><strong>dabilius.</strong></span> <span class='ocrx_word' id='word_1_895' title='bbox 2252 5450 2398 5505; x_wconf 84' lang='lat' dir='ltr'><strong>Idem</strong></span> <span class='ocrx_word' id='word_1_896' title='bbox 2451 5468 2549 5506; x_wconf 88' lang='lat' dir='ltr'><strong>nos</strong></span> <span class='ocrx_word' id='word_1_897' title='bbox 2578 5454 2791 5505; x_wconf 89' lang='lat' dir='ltr'><strong>erudiet</strong></span> <span class='ocrx_word' id='word_1_898' title='bbox 2837 5453 3129 5521; x_wconf 78' lang='lat' dir='ltr'><strong>Apostolus</strong></span> <span class='ocrx_word' id='word_1_899' title='bbox 3183 5454 3395 5517; x_wconf 68' lang='lat' dir='ltr'><strong>dicens,</strong></span> <span class='ocrx_word' id='word_1_900' title='bbox 3431 5448 3535 5515; x_wconf 81' lang='lat' dir='ltr'><strong>Qui</strong></span> 
     </span>
    </p>
   </div>
   <div class='ocr_carea' id='block_1_117' title="bbox 1952 5542 3534 5613">
    <p class='ocr_par' dir='ltr' id='par_1_117' title="bbox 1952 5542 3534 5613">
     <span class='ocr_line' id='line_1_117' title="bbox 1952 5542 3534 5613; baseline -0.003 -17"><span class='ocrx_word' id='word_1_901' title='bbox 1952 5545 2237 5596; x_wconf 84' lang='lat' dir='ltr'><strong>manducat</strong></span> <span class='ocrx_word' id='word_1_902' title='bbox 2265 5552 2314 5594; x_wconf 86' lang='lat' dir='ltr'><strong>et</strong></span> <span class='ocrx_word' id='word_1_903' title='bbox 2362 5542 2490 5595; x_wconf 86' lang='lat' dir='ltr'><strong>bibit</strong></span> <span class='ocrx_word' id='word_1_904' title='bbox 2540 5544 3063 5613; x_wconf 80' lang='lat' dir='ltr'><strong>indigne,jndicinm</strong></span> <span class='ocrx_word' id='word_1_905' title='bbox 3110 5545 3207 5597; x_wconf 85' lang='lat' dir='ltr'><strong>sibi</strong></span> <span class='ocrx_word' id='word_1_906' title='bbox 3252 5546 3534 5596; x_wconf 58' lang='lat' dir='ltr'><strong>manducet</strong></span> 
     </span>
    </p>
   </div>
   <div class='ocr_carea' id='block_1_118' title="bbox 1953 5630 3533 5704">
    <p class='ocr_par' dir='ltr' id='par_1_118' title="bbox 1953 5630 3533 5704">
     <span class='ocr_line' id='line_1_118' title="bbox 1953 5630 3533 5704; baseline -0.001 -18"><span class='ocrx_word' id='word_1_907' title='bbox 1953 5644 2000 5686; x_wconf 90' lang='lat' dir='ltr'><strong>et</strong></span> <span class='ocrx_word' id='word_1_908' title='bbox 2033 5633 2160 5685; x_wconf 83' lang='lat' dir='ltr'><strong>bibit</strong></span> <span class='ocrx_word' id='word_1_909' title='bbox 2216 5630 2258 5685; x_wconf 76' lang='grc'><strong>⁸.</strong></span> <span class='ocrx_word' id='word_1_910' title='bbox 2296 5631 2371 5685; x_wconf 80' lang='lat' dir='ltr'><strong>Ex</strong></span> <span class='ocrx_word' id='word_1_911' title='bbox 2407 5634 2509 5686; x_wconf 93' lang='lat' dir='ltr'><strong>hoc</strong></span> <span class='ocrx_word' id='word_1_912' title='bbox 2546 5633 2712 5702; x_wconf 75' lang='lat' dir='ltr'><strong>igitur</strong></span> <span class='ocrx_word' id='word_1_913' title='bbox 2764 5650 3027 5704; x_wconf 79' lang='lat' dir='ltr'><strong>responso</strong></span> <span class='ocrx_word' id='word_1_914' title='bbox 3062 5634 3280 5704; x_wconf 77' lang='lat' dir='ltr'><strong>quidam</strong></span> <span class='ocrx_word' id='word_1_915' title='bbox 3331 5632 3533 5702; x_wconf 83' lang='lat' dir='ltr'><strong>opinati</strong></span> 
     </span>
    </p>
   </div>
   <div class='ocr_carea' id='block_1_119' title="bbox 1556 5812 2590 5885">
    <p class='ocr_par' dir='ltr' id='par_1_119' title="bbox 1556 5812 2590 5885">
     <span class='ocr_line' id='line_1_119' title="bbox 1556 5812 2590 5885; baseline -0.005 -11"><span class='ocrx_word' id='word_1_916' title='bbox 1556 5817 1573 5846; x_wconf 86' lang='grc'>³</span> <span class='ocrx_word' id='word_1_917' title='bbox 1611 5817 1789 5874; x_wconf 85' lang='lat' dir='ltr'><strong>Galal.</strong></span> <span class='ocrx_word' id='word_1_918' title='bbox 1832 5834 1862 5871; x_wconf 88' lang='lat' dir='ltr'><strong>v</strong></span> <span class='ocrx_word' id='word_1_919' title='bbox 1891 5858 1905 5885; x_wconf 92' lang='lat'><strong>,</strong></span> <span class='ocrx_word' id='word_1_920' title='bbox 1934 5816 2027 5873; x_wconf 68' lang='grc'><strong>24.</strong></span> <span class='ocrx_word' id='word_1_921' title='bbox 2108 5818 2128 5847; x_wconf 71' lang='grc'>⁸</span> <span class='ocrx_word' id='word_1_922' title='bbox 2161 5815 2180 5871; x_wconf 91' lang='grc' dir='ltr'><strong>ι</strong></span> <span class='ocrx_word' id='word_1_923' title='bbox 2218 5814 2347 5871; x_wconf 85' lang='lat' dir='ltr'><strong>Cor.</strong></span> <span class='ocrx_word' id='word_1_924' title='bbox 2380 5829 2464 5881; x_wconf 72' lang='lat' dir='ltr'><strong>si,</strong></span> <span class='ocrx_word' id='word_1_925' title='bbox 2496 5812 2590 5869; x_wconf 69' lang='lat'><strong>21.</strong></span> 
     </span>
    </p>
   </div>
  </div>
