4224 6446
760 398 861 457 55’.)

1998 388 2094 447 Τί]
2112 386 2274 444 EOD.
2309 377 2703 442 BALSAMON

3870 363 3975 423 50

757 523 877 565 sinit
914 523 1154 578 magnum
1197 503 1807 569 Basiliuni‘impnritatis
1844 502 1959 555 loco
1994 502 2190 553 ducere
2222 512 2309 550 se-
2341 504 2384 555 Α

2416 508 2604 552 σαντος
2626 486 2883 555 λογισμοῦ
2904 502 2916 515 ·
2958 486 3093 537 ὥστε
3119 481 3253 552 μηδέ
3277 473 3677 546 συγκατάθεσιν
3699 474 3976 540 γενέσζιαε,

759 603 914 655 minis
936 601 1150 664 ﬂuxum;
1183 600 1272 652 sed
1302 614 1402 648 non
1436 606 1515 648 est
1544 596 1636 647 ita.
1667 592 1780 647 Non
1809 592 1949 645 enim
1982 591 2047 644 de
2076 606 2141 644 eo
2166 588 2309 641 fluxu

754 692 1013 760 loquitur,
1050 690 1138 756 qui
1176 690 1289 741 sine
1321 682 1701 749 imaginatione
1734 682 1819 746 fit,
1860 682 1964 733 into
1998 696 2093 732 nec
2124 681 2190 732 de
2223 693 2309 740 eo,

758 799 912 846 quem
944 780 1255 844 imaginalio
1286 777 1574 828 comitatur
1600 815 1615 837 ,
1664 775 1778 826 sine
1808 774 1908 824 ulla
1942 781 2117 824 tamen
2147 768 2310 821 animi

755 875 1055 933 ιιίῐυιειίοιιο,
1092 885 1247 937 quam
1275 867 1535 935 cupiditas
1595 880 1696 916 non
1748 862 2113 931 praecesserit;
2145 867 2236 909 aut
2268 856 2313 910 si

754 967 1041 1032 praccessit.
1077 960 1215 1014 haud
1260 958 1352 1011 diu
1392 968 1570 1009 tamen
1601 954 1859 1015 Substitit,
1893 952 1985 1005 sed
2033 948 2312 1003 exturbata

753 1068 831 1107 est
871 1034 1092 1121 potionis
1126 1050 1349 1116 imperio
1383 1046 1641 1109 rationis;
1674 1045 1743 1096 ita
1775 1054 1835 1095 ut
1864 1057 2037 1109 neque
2070 1039 2313 1092 assensio

752 1149 822 1197 sit
854 1149 1165 1202 consecuta,
1199 1152 1296 1191 nec
1319 1137 1501 1203 aliqua
1551 1149 1646 1202 per
1677 1132 1820 1185 illam
1856 1130 2067 1181 macula
2116 1125 2310 1179 rationi

752 1235 1058 1286 ndlueserit.
1094 1229 1257 1294 quue
1304 1241 1368 1277 ex
1423 1226 1647 1291 ipsumet
1694 1219 1869 1288 magni
1927 1218 2099 1270 Patris
2158 1217 2302 1268 illius

751 1321 1040 1387 scriptione
1093 1313 1542 1368 animadverteuti
1595 1310 1749 1361 facile
1792 1308 1896 1361 erit
1961 1319 2307 1374 cognoscere.

752 1410 990 1477 Apostoli
1022 1420 1250 1473 namque
1280 1404 1459 1465 verba,
1483 1400 1676 1469 quibus
1706 1399 1789 1451 ille
1816 1398 1880 1450 ad
1902 1412 2010 1449 suae
2036 1394 2315 1448 sententiae

752 1502 1208 1550 conﬁrmationem
1243 1503 1326 1546 est
1370 1506 1518 1554 usus,
1573 1487 1780 1556 peccati
1815 1488 2102 1538 meminere
2136 1484 2313 1549 impu-

756 1589 1056 1652 titulisque,
1084 1594 1137 1635 et
1170 1576 1619 1646 concupisCentia:
1671 1574 1822 1627 mala:
1847 1613 1860 1639 ,
1908 1586 1968 1625 ex
2006 1571 2199 1638 quibus
2226 1571 2313 1622 ille

753 1695 905 1729 suam
950 1674 1207 1729 stabilivit
1251 1670 1596 1731 sententiam,
1643 1666 1848 1728 dicens,
1896 1664 2138 1728 Aliquem
2188 1674 2312 1714 vero

759 1769 1064 1837 impuritate
1112 1765 1370 1833 pollutum
1419 1760 1484 1813 ad
1532 1768 1714 1811 sancta
1743 1756 1845 1825 41
1881 1756 2134 1807 accedere
2158 1792 2172 1816 ,
2205 1768 2309 1806 etc.

758 1861 939 1925 Neque
964 1871 1091 1909 vero
1112 1852 1433 1919 inipuritatis
1459 1849 1671 1902 nomine
1693 1847 1910 1899 seminis
1930 1843 2314 1923 ex‘cretionem,

758 1967 876 2017 ιιιιευ
931 1950 1137 2013 absque
1188 1941 1350 1994 animi
1403 1936 1806 2006 perturbat'one
1859 1916 2167 2001 contingit,
2205 1947 2320 1985 ma-

760 2059 917 2110 gnum
945 2040 1188 2092 llasilium
1209 2036 1535 2088 intellexisse
1559 2030 1819 2099 quispiam
1846 2027 2039 2080 dixerit
2071 2044 2084 2078 :
2115 2024 2323 2077 esthoc

761 2150 988 2201 namque
1045 2142 1299 2184 accusare
1343 2140 1581 2179 carnem.
1633 2122 1793 2191 Atqui
1845 2120 1931 2172 ille
1979 2119 2029 2169 in
2080 2116 2321 2183 pluribus

761 2230 877 2280 suis
907 2222 1239 2277 orationibus
1268 2217 1538 2278 disseruit,
1572 2214 1708 2267 haud
1742 2212 1934 2263 malum
1954 2222 2073 2262 esse
2104 2219 2322 2273 corpus,

757 2337 854 2370 tn-c
888 2317 1006 2367 mali
1036 2312 1379 2383 principium,
1421 2321 1475 2358 ut
1508 2304 1750 2359 nonnulli
1786 2302 2186 2355 existimarunt.
2214 2296 2321 2349 Nec

761 2409 907 2460 illum
942 2403 1205 2458 contraria
1239 2413 1429 2467 magno
1450 2394 2034 2462 Atlmnasiqdisserere
2056 2388 2320 2457 quispiam

763 2500 1077 2560 at-bilretur,
1113 2494 1263 2561 cujus
1294 2493 1433 2544 dicta
1465 2502 1651 2541 omnes
1683 2484 1853 2538 sancti
1894 2483 2082 2537 Patres
2126 2482 2175 2533 in
2213 2478 2322 2547 pri-

766 2592 869 2644 mis
904 2594 1251 2645 venerantur,
1291 2583 1382 2633 sed
1413 2582 1568 2648 plane
1605 2576 1820 2629 nomine
1859 2572 2183 2641 impuritatis
2210 2585 2322 2621 nta-

761 2696 895 2749 gnus
928 2678 1153 2729 Basilius
1183 2689 1284 2727 non
1312 2670 1673 2723 excretiouetn
1702 2665 1944 2725 seminis,
1972 2663 2066 2715 sed
2100 2675 2319 2729 pravam

760 2770 1113 2839 cuiiiditatem
1148 2763 1431 2833 signiﬁcat,
1466 2775 1583 2828 qua:
1614 2757 1702 2811 ubi
1749 2755 2076 2815 dominatur,
2126 2766 2320 2820 pecca-

764 2872 870 2911 tum
907 2872 1116 2925 quoque
1149 2856 1200 2907 in
1233 2850 1555 2921 cogitatione
1592 2845 1865 2916 perficitur
1899 2856 1965 2894 ex
2000 2854 2265 2894 consensu
2297 2875 2314 2902 ,

764 2963 925 3015 atque
955 2949 1054 3000 hoc
1082 2955 1234 3014 pacto
1252 2941 1627 3008 concipiuntur
1652 2936 1911 3002 imagines
1934 2947 2025 2998 per
2048 2943 2318 2993 somnum,

761 3038 1088 3104 seminisque
1123 3034 1281 3086 [lusio
1308 3030 1588 3096 contingit.
1642 3027 1779 3091 Quin
1835 3040 1899 3077 ex
1959 3021 2063 3074 illis
2116 3020 2316 3081 verbis,

761 3147 858 3199 ego
889 3144 1007 3182 vero
1035 3127 1145 3179 scio
1175 3123 1452 3177 emendata
1489 3124 1599 3171 haec
1630 3118 1795 3169 fuisse
1829 3114 1921 3167 Dei
1955 3112 2126 3180 gratia
2158 3115 2211 3165 in
2235 3112 2316 3163 vi-
2346 3155 2389 3213 ϐ

763 3222 837 3273 ris
872 3230 921 3270 et
957 3216 1285 3277 mulieribus;
1315 3222 1498 3279 aperte
1527 3207 1847 3268 ostenditur,
1880 3206 1945 3257 de
1976 3203 2199 3255 seminis
2224 3217 2318 3254 ex-

761 3312 1019 3371 aretioue,
1054 3320 1213 3374 quam
1250 3301 1561 3367 imaginatio
1593 3298 1902 3353 comitatur.
1938 3297 2115 3362 ipsum
2150 3292 2321 3362 loqui,

761 3414 1029 3470 quantque
1082 3410 1242 3464 prava
1297 3392 1507 3445 affectio
1557 3398 1610 3442 et
1665 3396 1941 3456 peccatum
1997 3383 2323 3451 cogitatione

762 3501 1078 3557 conceptum
1114 3486 1407 3555 praecessit.
1439 3481 1533 3534 Est
1578 3480 1721 3534 enim
1758 3479 2070 3544 prtcclarum
2118 3476 2325 3527 facinus

763 3581 1131 3635 assensionem
1161 3575 1364 3643 fugere,
1397 3582 1449 3627 et
1481 3586 1599 3641 qua:
1627 3585 1719 3637 per
1758 3569 1925 3635 ipsam
1963 3567 2158 3619 rationi
2208 3581 2323 3619 nia-

764 3672 882 3724 cula
934 3671 1163 3721 adliceret
1195 3683 1207 3719 :
1246 3681 1347 3719 non
1393 3674 1569 3716 autem
1602 3659 1883 3714 excludere
1920 3657 2316 3725 cupiditatem,

766 3762 906 3830 quod
948 3770 1026 3814 est
1072 3760 1311 3813 animum
1354 3756 1419 3808 ad
1477 3754 1619 3805 illam
1674 3750 1818 3803 nullo
1853 3758 2008 3813 pacto
2055 3750 2315 3817 adjicere.

2416 584 2546 651 μηδέ
2590 580 2913 649 μολυνθῆναι
2946 576 3120 647 ταύτῃ
3150 575 3240 626 τὸν
3273 573 3551 638 λογισμόν.
3589 564 3697 618 Καὶ
3729 562 3889 615 τοῦτο
3922 564 3980 627 ἐξ

2411 671 2580 739 αὐτῆς
2610 671 2704 736 τῆς
2738 666 2955 736 γραφῆς
2986 665 3079 716 τοῦ
3117 662 3354 732 μεγάλου
3393 658 3600 725 Πατρδς
3636 655 3848 706 ἐκείνου
3882 670 3981 704 κα-

2410 760 2813 829 ταληφθήσεται
2836 757 2913 825 τῷ
2938 756 3272 824 προσέχοντι.
3302 750 3380 802 Τὰ
3406 751 3513 817 γὰρ
3535 745 3625 799 τοῦ
3650 748 3706 798 Ἀ
3718 744 3981 797 ποστόλνιυ

2414 853 2635 921 ῥήματα
2664 844 2741 911 οίς
2772 849 2977 907 ἐκεῖνος
3008 850 3085 905 είς
3116 842 3461 908 κατασκευὴν
3490 839 3758 907 ἐχρήσατο
3784 835 3876 887 τοῦ
3908 834 3985 884 εξ-

2414 943 2562 993 κείου
2602 942 2791 1007 λόγου,
2834 938 3107 1008 ἁμαρτίας
3154 938 3424 1004 μίμνηται
3468 932 3562 983 καὶ
3605 929 3983 996 ἀκαθαρσίας,

2413 1035 2504 1084 καὶ
2541 1031 2832 1100 ἐπιθυμίας
2878 1030 3073 1097 κακῆς.
3119 1029 3259 1095 "pb;
3304 1026 3445 1093 ἆπερ
3486 1025 3689 1079 ἐκεῖνος
3736 1018 3984 1087 στηρίξει

2412 1123 2511 1191 τὴν
2540 1122 2764 1190 γνώμην
2790 1120 2885 1189 τὴν
2914 1118 3131 1176 ἐαυτοῦ.
3164 1118 3337 1182 λέγων
3356 1132 3370 1146 ·
3399 1116 3472 1165 Τὸ
3497 1114 3553 1164 δὲ
3585 1114 3641 1162 ἐν
3668 1110 3987 1177 ἀκαθαρσίᾳ.

2413 1212 2540 1263 ὄντα
2569 1212 2689 1263 τινὰ
2716 1212 2954 1277 ἐγγίζειν
2980 1211 3091 1269 τοῖς
3118 1210 3317 1273 ἀγίοις,
3348 1208 3440 1256 καὶ
3466 1204 3533 1256 τὰ
3565 1202 3749 1253 λοιπά.
3776 1202 3891 1251 Οὐκ
3922 1201 3987 1251 ἂν

2412 1303 2470 1357 δὲ
2507 1322 2589 1365 τις
2628 1305 2767 1356 εἷποι
2806 1304 3143 1371 ἀκαθαρσίαν
3181 1300 3439 1366 ὀνομάσαι
3477 1284 3783 1363 τὺνημὲγαν
3825 1292 3988 1344 Βασί-

2414 1393 2557 1445 λειον
2590 1394 2686 1463 τὴν
2722 1393 3101 1462 σπερματικὴν
3135 1392 3383 1459 ἔκκρισιν
3414 1388 3636 1447 ἀπαθῶς
3670 1386 3986 1453 γινομένην.

2413 1486 2587 1537 Τοῦτο
2622 1488 2730 1553 γὰρ
2765 1484 2982 1553 διαῆολὴ
3014 1484 3110 1551 τῆς
3145 1482 3345 1551 σαρκός
3370 1497 3384 1511 ·
3418 1482 3444 1531 ό
3478 1478 3533 1530 δέ
3566 1480 3621 1529 ἐν
3653 1475 3862 1528 πλείοσι
3900 1475 3988 1524 λό-

2413 1592 2531 1641 γοις
2560 1575 2949 1643 ἐφιλοσόφησεν
2968 1612 2982 1635 ,
3012 1574 3088 1634 ὡς
3119 1573 3179 1623 οὐ
3215 1570 3383 1623 κακὸν
3413 1571 3475 1621 τὸ
3506 1568 3664 1637 σῶμα
3685 1605 3699 1628 ,
3730 1566 3852 1617 οὐδέ
3882 1582 3988 1615 κα-

2415 1664 2537 1726 κίας
2577 1666 2757 1733 ἀρχὴ,
2798 1663 2976 1725 καθὼς
3017 1662 3163 1725 ἐδοξέ
3198 1678 3360 1715 τισιν.
3401 1660 3521 1711 Οὐδ’
3554 1658 3769 1711 ἐναντία
3812 1656 3993 1721 λέγειν

2415 1756 2574 1809 αὑτὸν
2617 1756 2693 1823 τῷ
2730 1756 2949 1822 μεγαλῳ
2984 1753 3280 1820 Ἀθανασίῳ
3315 1752 3589 1818 λογίσαιτό
3619 1766 3701 1810 τις
3728 1788 3744 1811 ,
3773 1744 3834 1801 οὗ
3865 1750 3993 1807 τοὺς

2350 1844 2389 1897 Β
2420 1848 2609 1914 λόγους
2638 1848 2873 1906 ἅπαντες
2900 1847 2950 1897 0i.
2979 1846 3116 1913 ίεροὶ
3151 1844 3389 1912 ιιατίρες
3418 1842 3615 1910 ἐξόχως
3645 1840 3993 1903 σεῦἀζονται.

2438 1938 2595 1989 ’Λλλά
2624 1937 2840 1998 παντως
2872 1934 3214 2003 ἀκαθαρσίαν
3240 1935 3268 1985 ό
3299 1934 3471 2003 μιγας
3500 1931 3777 1992 Βασίλειος
3806 1930 3869 1983 οὐ
3897 1928 3996 1998 τὴν

2426 2026 2809 2096 σπερματικὴν
2839 2026 3124 2094 ὠνόμασεν
3156 2025 3424 2093 ἔκκρισιν,
3457 2021 3592 2076 ἀλλά
3622 2021 3718 2091 τὴν
3749 2021 3997 2089 πονηρὰν

2422 2117 2718 2185 ἐπιθυμίαν
2739 2132 2753 2145 ο
2774 2110 2839 2184 ἦς
2862 2116 3191 2183 ἡγουμένης,
3214 2114 3307 2165 καὶ
3331 2115 3361 2182 ὴ
3387 2113 3527 2164 κατά
3546 2112 3787 2164 διάνοιαν
3813 2111 3997 2179 ἀμαρο

2422 2207 2509 2259 τία
2538 2208 2771 2259 τελεῖται
2803 2208 2889 2258 διὰ
2923 2206 3399 2272 συγκαταθέσεως.
3434 2203 3546 2255 Καὶ
3576 2202 3749 2260 οὕτως
3782 2201 3999 2266 γίνεται

2424 2296 2694 2365 φαντασία
2722 2296 2844 2349 καθ’
2866 2294 3066 2355 ὕπνους
3092 2294 3300 2347 καὶτοῦ
3331 2295 3647 2363 σπέρματος
3672 2295 3860 2364 ἐκροή,
3888 2295 4000 2345 Κδὶ

2422 2390 2485 2441 ἐκ
2521 2389 2612 2439 τοῦ
2653 2390 2815 2456 φάναι
2855 2389 2909 2439 δὲ
2952 2389 3034 2439 ὅτι
3073 2386 3213 2452 Ἐγὼ
3247 2386 3417 2453 ἔγνων
3455 2388 3538 2437 ὃτι
3574 2385 3744 2437 ταῦτα
3784 2402 4002 2453 κατωρ-

2425 2479 2568 2547 θώθη
2596 2479 2729 2532 Θεοῦ
2760 2480 2939 2547 χάριτι
2968 2479 3058 2529 καὶ
3085 2477 3309 2545 ἀνδράσι
3337 2477 3429 2528 καὶ
3456 2476 3691 2543 γυναιξὶ,
3717 2476 3999 2527 δείκνυται

2424 2569 2666 2638 ἐναργῶς
2693 2571 2773 2622 ὅτι
2804 2571 2928 2637 περὶ
2957 2568 3255 2637 ἐκκρίσεως
3285 2567 3597 2635 σπέρματος
3628 2566 3763 2633 μετά
3793 2582 4002 2633 φαντα-

2426 2661 2545 2724 σίας
2578 2661 2866 2729 γινομένης
2898 2661 3079 2728 φησὶν,
3112 2654 3178 2727 ἧς
3213 2659 3485 2727 ἐμπαθεια
3520 2659 3877 2727 προηγήσατο
3906 2659 4001 2708 καὶ

2422 2752 2455 2819 ή
2484 2752 2623 2803 κατὰ
2649 2751 2889 2803 διάνοιαν
2914 2751 3176 2819 ἁμαρτία.
3200 2749 3371 2803 Τοῦτο
3393 2751 3499 2817 γάρ
3525 2752 3639 2801 ἐστι
3670 2747 4005 2816 κατόρθωμα

2420 2845 2481 2893 τὸ
2508 2844 2604 2911 τὴν
2632 2842 3027 2909 συγκατάθεσιν
3058 2844 3333 2911 ἐκφυγεῖν,
3369 2843 3460 2893 καὶ
3489 2840 3578 2892 τὸν
3607 2840 3671 2891 δι’
3704 2840 3873 2907 αὐτῆς
3904 2838 4002 2890 τοῦ

2423 2932 2685 3000 λογισμοῦ
2723 2934 3031 3001 μολυσμὸν,
3068 2933 3182 2985 ἀλλ’
3207 2933 3328 2999 οὐχὶ
3360 2933 3419 2982 τὸ
3456 2931 3530 2998 μὴ
3562 2931 3936 2999 ἐπιθυμῆσαι,
3977 2931 4004 2980 ὃ

2422 3026 2539 3075 ἐστι
2567 3027 2628 3075 τὸ
2664 3026 2738 3092 μὴ
2770 3023 3098 3093 προσϐαλεῖν
3128 3023 3403 3092 λογισμόν.
3437 3022 3605 3074 Τοῦτο
3637 3025 3747 3091 γὰρ
3772 3022 3871 3089 τῆς
3901 3021 4003 3087 φύε

2430 3131 2570 3175 σεως
2610 3114 2641 3182 ἢ
2678 3114 3019 3182 ἠλιθιότητος
3044 3130 3056 3143 ο
3090 3114 3150 3166 τὸ
3182 3114 3237 3165 δὲ
3274 3116 3349 3183 μὴ
3384 3114 3743 3182 ὑποκλιθῆναι
3775 3118 3839 3182 τῇ
3878 3117 4005 3165 ἐπι-

2422 3204 2623 3275 θυμίᾳ,
2660 3205 2793 3273 μηδὲ
2828 3192 3266 3271 συγκαταθέσθαι
3298 3206 3375 3276 τῷ
3411 3206 3659 3274 λογισμῴ
3682 3246 3697 3271 ,
3733 3204 3869 3274 μηδὲ
3902 3206 4005 3274 τὴν

2420 3300 2560 3349 κατὰ
2584 3297 2824 3350 διάνοιαν
2853 3297 3129 3366 ἁμαρτίαν
3155 3298 3540 3367 ἐκτελεσθῆναι
3568 3300 3662 3351 καὶ
3688 3299 3855 3366 ἀρετή
3886 3299 4003 3349 ἐστι

2422 3388 2517 3440 καὶ
2547 3388 2897 3459 κατόρθωμα.
2930 3391 3065 3442 Οὐδὲ
3092 3392 3153 3441 τὸ
3186 3390 3260 3458 μὴ
3288 3390 3542 3455 γενέσθαι
3570 3390 3677 3443 τινὶ
3702 3390 3794 3441 τοῦ
3828 3394 4006 3457 cncip-

2427 3496 2590 3548 ματος
2633 3482 2881 3549 ἔκκρισιν
2929 3482 3272 3548 καθόρθωσις
3317 3482 3725 3550 λογισθήσεται.
3768 3482 4005 3533 Φυσικὸν

2426 3572 2534 3636 γὰρ
2562 3570 2720 3622 τοῦτο
2746 3588 2757 3600 ·
2790 3572 2869 3621 διὸ
2899 3572 2994 3622 καὶ
3024 3573 3307 3639 γινόμενον
3337 3573 3671 3639 ἀνέγκλητον
3694 3587 3707 3602 ·
3738 3572 3853 3623 ἀλλ’
3881 3574 4005 3624 οὑδέ

2427 3678 2507 3721 τις
2537 3657 2688 3730 οἶμαι
2716 3662 2813 3731 τὴν
2842 3664 3074 3734 φυσικὴν
3106 3663 3289 3734 ρεῦσιν
3317 3662 3520 3716 δι’ὃλου
3550 3661 3826 3732 φεύξεται,
3853 3664 3901 3714 εί
3929 3664 4003 3729 μή

2427 3768 2509 3813 τις
2540 3754 2624 3821 εἴη
2654 3755 2771 3807 λίαν
2802 3754 3029 3822 ἠλίθιος.

768 3855 877 3907 lloc
910 3869 1139 3921 namque
1165 3861 1245 3906 est
1280 3866 1307 3903 a
1341 3858 1531 3903 natura
1565 3856 1655 3900 aut
1712 3844 2028 3897 stoliditate.
2092 3842 2309 3895 Verum.
2362 3861 2388 3897 a
2433 3847 2731 3911 cupiditate
2765 3851 2988 3903 minime
3020 3850 3188 3914 vinci,
3220 3865 3319 3905 nec
3350 3852 3599 3905 assentiri
3632 3853 3826 3904 rationi
3859 3892 3875 3915 ,
3910 3866 4009 3904 ne-

768 3956 1038 4006 I'ect'uttttlt
1075 3945 1396 4013 cegitatione
1440 3938 1695 4009 perlicere
1720 3977 1734 4003 ,
1775 3938 1876 3990 ltoc
1926 3935 2141 3990 virtutis
2190 3949 2325 4004 opus
2364 3946 2443 3989 est
2480 3936 2793 4008 facinusque
2824 3942 3165 4008 praeclarum.
3211 3940 3397 4011 Neque
3430 3944 3571 4011 quod
3635 3943 3795 3996 alicui
3869 3961 4007 3996 nun-

767 4056 925 4105 quam
972 4038 1192 4090 seminis
1218 4036 1454 4089 excretio
1504 4032 1809 4101 contigerit,
1869 4029 2143 4096 egregium
2211 4026 2422 4081 facinus
2458 4031 2877 4085 existimabitur.
2915 4032 3030 4086 lloc
3073 4034 3217 4087 enim
3254 4036 3497 4087 naturale
3526 4045 3608 4087 est
3653 4050 3667 4085 :
3720 4049 4011 4102 pr0plerea

768 4149 889 4183 runt
922 4133 1132 4192 accidit,
1159 4129 1309 4194 culpa
1336 4137 1501 4181 caret.
1543 4126 1650 4178 llllO
1703 4138 1830 4177 vero
1881 4136 1978 4175 nec
2029 4121 2325 4174 naturalem
2367 4122 2505 4177 banc
2553 4123 2843 4179 ﬂuxionem
2890 4126 3177 4195 quisquam
3247 4126 3484 4195 penitus,
3533 4124 3640 4179 nisi
3716 4127 4013 4180 admodum

770 4225 1016 4292 stupidus
1045 4222 1231 4284 fuerit,
1271 4234 1325 4273 ut
1352 4221 1565 4287 opinor,
1617 4216 1858 4284 effugiet.

772 4316 879 4387 £2
915 4312 1164 4382 Ejusdem
1186 4328 1248 4367 ea:
1273 4313 1531 4365 tricesima
1556 4327 1691 4433 uluna
1712 4309 1932 4378 epistola
1958 4310 2156 4379 (astuti,
2183 4310 2333 4362 initio

1456 4393 1580 4433 muti
1608 4399 1658 4433 a.

1456 4393 1658 4434 mutua.

839 4498 908 4549 At
940 4497 1378 4566 quandoquidem
1422 4499 1486 4550 de
1519 4495 1787 4550 haereticis
1820 4504 2080 4564 tanquam
2112 4493 2341 4547 mortuis

770 4588 1098 4642 mentionem
1132 4587 1381 4650 fecimus,
1439 4587 1504 4640 de
1529 4586 1685 4639 nobis
1726 4595 1929 4649 autem,
1977 4594 2034 4636 ut
2082 4584 2174 4650 qui
2206 4582 2343 4635 divi-

771 4700 867 4737 nas
899 4683 962 4734 ad
999 4684 1227 4735 salutem
1257 4678 1461 4732 litteras
1520 4677 1837 4737 habeamus,
1894 4684 1946 4727 et
1990 4674 2115 4743 quia
2152 4687 2340 4725 vereor

770 4788 854 4833 ne,
894 4780 950 4823 ut
978 4772 1041 4823 ad
1068 4768 1378 4823 Corinthios
1411 4765 1611 4819 Paulus
1667 4764 1883 4831 scripsit
1952 4765 1993 4824 ⁸,
2036 4778 2099 4817 ex
2130 4763 2335 4831 simpli-

767 4863 1005 4915 cioribus
1038 4861 1212 4929 pauci,
1243 4874 1271 4912 a
1330 4857 1674 4925 simplicitate
1706 4855 2046 4922 puritateque
2077 4868 2195 4915 sua,
2245 4868 2339 4920 per

768 4951 1124 5018 quorumdam
1165 4950 1445 5001 hominum
1503 4945 1770 4998 vafritiem
1817 4953 2127 4998 avertantur
2164 4961 2174 4995 :
2207 4958 2338 4996 neve

766 5043 1021 5108 deinceps
1055 5040 1222 5092 libros
1270 5039 1405 5090 alios
1434 5038 1634 5104 legant,
1674 5038 1766 5104 qui
1804 5036 2097 5105 apocryplii
2136 5050 2335 5087 vocan-

768 5142 874 5194 tur,
906 5132 1184 5185 nominum
1219 5129 1576 5182 similitudine
1636 5127 1867 5196 decepti,
1904 5142 2011 5195 qua
2043 5140 2165 5177 cum
2193 5123 2337 5177 veris

770 5224 919 5276 libris
950 5223 1308 5283 conveniunt;
1338 5235 1515 5287 aequo,
1553 5235 1761 5287 quaeso,
1814 5218 1949 5272 ferte
1983 5218 2167 5269 animo
2194 5217 2239 5268 si
2274 5218 2339 5269 de

769 5314 962 5381 quibus
986 5313 1151 5380 probe
1184 5312 1377 5371 nostis,
1406 5310 1470 5362 de
1504 5309 1693 5361 iisdem
1718 5324 1816 5375 ego
1864 5306 2064 5367 scribo,
2101 5305 2243 5373 quod
2274 5319 2337 5355 ex

772 5420 827 5456 re
863 5404 1199 5471 utilitateque
1230 5400 1483 5453 Ecclesiae
1509 5399 1623 5452 fore
1654 5401 1982 5451 existiment.
2035 5396 2126 5448 llla
2154 5406 2336 5447 autem

771 5501 1192 5555 memoraturus,
1227 5491 1292 5543 ad
1336 5490 1556 5543 audacis
1612 5489 1875 5557 propositi
1911 5487 2012 5541 mni
2041 5486 2335 5541 confirma-

774 5584 993 5644 tionem,
1029 5582 1369 5647 evangelista:
1408 5581 1564 5631 Lttcm.
1601 5580 1773 5633 forma
1814 5589 1934 5630 utar
1973 5579 2021 5638 ‘,
2058 5574 2288 5629 dicendo
2322 5589 2333 5625 :

772 5673 1035 5739 Quoniam
1091 5674 1297 5739 quidem
1354 5673 1517 5737 n'iqui
1562 5673 1898 5730 conatisunt,
1939 5684 2057 5737 qua:
2080 5668 2339 5721 dicuntur

835 5824 1069 5879 'llCor.
1117 5840 1182 5883 λι,
1222 5823 1270 5874 5.
1382 5823 1397 5850 τ
1440 5819 1572 5873 l.':c.
1615 5834 1649 5884 I,
1702 5818 1740 5869 Ι.

2450 4332 2559 4386 Τοῦ
2594 4317 2792 4385 ἀὐτοῦ
2840 4329 2909 4383 ἐκ
2940 4327 3052 4397 τῆς
3076 4326 3166 4382 ,ω’
3217 4324 3609 4393 ἑορταστικῆς
3653 4324 4011 4389 ἐπιστολῆς.

2522 4506 2659 4559 Ἀλλ’
2683 4504 2865 4571 ἐπειδὴ
2898 4504 3023 4569 περὶ
3059 4499 3157 4569 μὲν
3198 4497 3303 4550 τῶν
3344 4492 3633 4565 αἱρετικῶν
3662 4491 4014 4562 ἐμνήσθημεν

2441 4598 2515 4658 ὼς
2544 4594 2772 4660 νεκρῶν·
2812 4593 2937 4661 ἰτερλ⁵
2971 4591 3025 4642 δὲ
3071 4589 3226 4658 ήμῶν
3253 4587 3326 4649 ὡς
3361 4586 3591 4653 ἐχόντων
3644 4582 3785 4651 πρὸς
3842 4598 4011 4645 σωτη-

2445 4687 2564 4755 ρίαν
2597 4683 2694 4744 τὰς
2733 4681 2877 4743 θείας
2913 4679 3151 4749 Γραφάς·
3190 4678 3283 4728 καὶ
3332 4674 3598 4743 φοϐοῦμαι
3795 4671 4015 4740 μήπως,

2438 4775 2512 4835 ὠς
2543 4771 2745 4841 ἔγραψε
2771 4768 3075 4839 Κορινθίοις
3123 4765 3351 4827 Παῦλος,
3390 4763 3558 4828 ὀλίγοι
3601 4760 3711 4812 τῶν
3740 4758 4015 4828 ἀκεραίων

2440 4865 2549 4915 ἀπὸ
2572 4864 2667 4930 τῆς
2698 4861 2995 4929 ἁπλότητος
3044 4858 3138 4910 καὶ
3189 4857 3285 4925 τῆς
3326 4854 3619 4922 ἀγνότητος
3668 4849 4015 4917 πλανηθῶσιν

2440 4954 2547 5005 ἀπὸ
2574 4953 2672 5020 τῆς
2726 4948 3056 5018 πανουργίας
3098 4946 3257 4999 τινῶν
3310 4942 3639 5013 ἀνθρώπων,
3691 4942 3785 4993 καὶ
3831 4940 4014 4992 λοιπὶι

2440 5043 2782 5110 ἐντυγχάνειν
2856 5039 3060 5106 ἑτέροις
3133 5036 3430 5104 ἄρξωνται,
3504 5034 3614 5092 τοῖς
3694 5029 4015 5096 λεγομένοις

2440 5132 2795 5200 ἀποκρύφοις,
2832 5126 3176 5195 ἀπατώμενοι
3225 5128 3290 5195 τῇ
3348 5122 3636 5193 ὁμωνυμίᾳ
3684 5118 3791 5170 τῶν
3831 5120 4009 5187 ἀληθι-

2438 5226 2543 5277 νῶν
2576 5224 2685 5291 (80)
2710 5221 2946 5291 βιϐλίωψ
2980 5218 3276 5288 παρακαλῶ
3325 5216 3629 5285 ἀνέχεσθαι,
3688 5216 3735 5264 εί
3784 5213 3913 5281 περὶ
3944 5206 4015 5265 ῶν

2439 5314 2753 5374 ἐπίστασθε,
2809 5311 3169 5381 περὶτούτων
3198 5306 3350 5375 κάγὼ
3396 5303 3747 5375 μνημονεύων
3797 5305 4017 5373 γράφω,

2439 5408 2525 5457 διά
2550 5423 2604 5457 τε
2629 5406 2724 5473 τὴν
2758 5403 3000 5470 ἀνάγκην
3030 5402 3123 5452 καὶ
3152 5400 3210 5450 τὸ
3239 5397 3506 5466 χρήσιμον
3552 5393 4015 5460 τῆςἘκκ).ησία;.

2439 5494 2661 5547 Μέλλων
2684 5493 2736 5544 δὲ
2767 5491 2967 5543 τούτων
3011 5486 3383 5559 μνημονεύειν,
3434 5486 3706 5553 χρήσομαι
3752 5483 3893 5549 πρὸς
3928 5480 4015 5533 σύ-

2444 5602 2627 5635 στασιν
2686 5584 2784 5651 τῆς
2842 5579 3078 5649 ἐμαυτοῦ
3133 5578 3333 5647 τόλμης
3383 5576 3458 5643 τῷ
3519 5573 3672 5639 τύπῳ
3721 5571 3815 5622 τοῦ
3857 5572 4017 5635 εὐαγ-

2440 5674 2685 5741 γελιστοῦ
2714 5676 2912 5734 Anax},
2951 5671 3121 5740 λέγων
3149 5671 3239 5722 κα)⁸
3278 5667 3426 5720 αὑτό·
3477 5661 3821 5726 ’Ῑῖςειδιξπείκ
3862 5662 4017 5726 τινὲς
