4224 6446
256 380 358 446 561

1141 384 1224 446 IN
1270 387 1505 449 EPIST.
1549 387 1613 446 S.
1653 386 2062 447 ATHANASH
2101 388 2195 444 AD
2237 382 2548 444 AMMUM.

3378 382 3483 442 561’

252 510 654 574 ἐπεχείρησαν
716 502 1081 568 ἀνατάξασθαι
1152 502 1361 562 ἑαυτοῖς
1427 499 1493 550 τά
1559 498 1820 568 λεγόμενα
1848 507 1920 556 Αέ

1812 516 1820 551 ι
1848 507 1889 556 Α
1916 497 2221 569 apocrypha
2249 498 2301 549 in
2324 511 2483 556 suum
2508 495 2752 550 ordinem
2782 497 3040 565 redigere,
3062 508 3230 563 caque
3254 491 3480 547 miscere

252 600 581 666 ἀπόκρυφα,
645 598 736 648 καὶ
800 594 1047 662 ἑπιμίξαι
1115 593 1285 643 ταῦτα
1355 591 1418 657 τῇ
1485 588 1822 658 θεοπνεύστῳ

254 690 469 757 Γραφῇ,
504 688 627 754 περὶ
656 682 720 754 ἧς
749 682 1292 754 ἑπληροφορήθημεν,
1326 679 1502 741 καθὼς
1527 680 1822 748 παρέδοσαν

253 783 363 840 τοῖς
398 779 669 847 Πατράσιν
701 777 747 828 οί
773 770 865 829 ἀπ’
894 775 1064 844 ἀρχῆς
1102 772 1365 825 αὐτόπται
1419 772 1511 822 καὶ
1557 771 1821 838 ὑπηρέται

254 870 535 937 γενόμενοι
586 867 677 919 τοῦ
741 868 917 932 λόγου·
981 856 1124 926 ἔδοξε
1188 863 1385 932 κάμοὶ,
1456 862 1823 931 προτραπέντι

254 959 407 1025 παρά
440 958 671 1026 γνησίων
726 956 988 1021 ἀδελφῶν,
1030 954 1124 1005 καὶ
1179 952 1400 1022 μαθόντι
1442 952 1664 1012 ἀνωθεν,
1699 950 1823 1016 ἑξῆς

254 1048 510 1099 ἐκθέσθαι
544 1048 610 1098 τὰ
639 1046 1025 1113 κανονιζόμενα
1048 1044 1142 1095 καὶ
1189 1041 1577 1111 παραδοθέντα,
1608 1056 1823 1090 πιστευ-

258 1138 417 1189 θέντα
446 1153 502 1188 τε
530 1137 646 1188 Θεία
675 1132 809 1187 εἶναι
838 1135 1031 1202 βιὸλία·
1084 1128 1167 1185 ἵνα
1211 1132 1457 1191 ἕκαστος,
1482 1131 1528 1181 εί
1564 1130 1657 1198 μὲν
1691 1130 1813 1195 ἠπα-

254 1225 417 1293 τήθη,
482 1221 733 1291 καταγνῷ
783 1222 891 1273 τῶν
950 1220 1355 1288 πλανησάντων·
1409 1219 1437 1268 ὀ
1484 1216 1539 1269 δὲ
1589 1215 1825 1285 καθαρὸς

254 1314 535 1383 διαμείνας
564 1313 728 1382 χαίρῃ
753 1312 913 1364 πάλιν
936 1310 1499 1380 ὑπομιμνησκόμενος.
1538 1308 1691 1359 Ἔστι
1717 1306 1825 1358 τοί-

256 1424 350 1453 ἰυν
372 1404 469 1468 τῆς
500 1405 595 1466 μιν
624 1402 861 1463 Παλαιᾰς
884 1402 1152 1471 Διαθήκης
1197 1399 1372 1469 βιϐλία
1413 1398 1490 1466 τῷ
1521 1395 1736 1468 ἀριθμῷ
1758 1396 1824 1449 τὰ

258 1494 433 1542 πάντα
462 1490 744 1542 εἰκοσιδύο·
782 1490 1015 1542 τοσαῦτα
1071 1490 1198 1558 γὰρ,
1240 1489 1312 1554 ὡς
1357 1490 1581 1559 ἤκουσα,
1627 1490 1719 1542 καὶ
1756 1488 1825 1540 τὰ

263 1582 501 1648 στοιχεῖα
528 1580 593 1630 τά
646 1580 775 1647 παρ’
819 1562 1087 1648 Ἐὄραίοις
1136 1577 1274 1631 εἶναι
1327 1580 1700 1647 παραδέδοται·
1755 1579 1821 1647 τῇ

259 1670 317 1719 δὲ
374 1668 524 1733 τάξει
590 1670 683 1721 καὶ
731 1669 808 1737 τῷ
862 1668 1080 1736 ὀνόματί
1133 1669 1281 1720 ἑστιν
1337 1668 1563 1719 ἑκαστον
1628 1666 1819 1729 οὕτως·

263 1759 485 1826 Πρῶτον
650 1759 883 1820 Γένεσις,
914 1754 1029 1809 εἶτα
1064 1758 1300 1821 Ἐξοδος,
1352 1752 1469 1808 εἶτα
1520 1756 1821 1818 Δευϊτικὺν,

1917 589 2213 657 Scriptura;
2246 605 2274 641 a
2305 588 2410 642 Deo
2447 590 2740 656 inspiraue,
2774 603 2937 655 quam
2971 588 3132 641 certis
3174 588 3479 654 accepimus

1916 682 2264 743 testimoniis,
2290 682 2744 749 quemadmodum
2772 678 3022 733 Patrihus
3080 678 3347 730 tradidere
3382 678 3473 742 qui

1921 773 1989 825 ab
2020 772 2172 823 initio
2195 772 2293 839 ipsi
2316 771 2583 845 viderunt,
2602 780 2652 823 et
2680 758 2906 823 tniniStri
2933 770 3151 822 fuerunt
3176 771 3475 821 sermonis:

1918 863 2097 915 visum
2131 872 2212 915 est
2238 862 2474 922 cbmihi,
2530 862 2943 914 adhortantibus
2991 861 3263 930 germanis
3295 859 3479 912 fratri-

1920 950 2042 1014 bus,
2068 958 2227 1019 prout
2267 950 2555 1014 didici,-ab
2591 950 2744 1003 initio
2782 959 2836 1002 et
2885 950 3079 1003 ordine
3102 950 3270 1001 libros
3294 963 3481 1001 recen-

1923 1056 2062 1104 sere,
2096 1056 2231 1108 quos
2255 1042 2464 1094 divinos
2491 1056 2632 1103 esse,
2678 1042 2941 1095 canonice
3003 1042 3284 1107 scriptum,
3320 1039 3485 1091 tradi-

1922 1139 2035 1183 tum
2065 1140 2117 1184 et
2146 1116 2407 1185 creditum
2431 1142 2541 1186 est:
2568 1142 2625 1185 ut
2658 1133 2887 1201 quisque
2912 1132 2957 1185 si
2989 1132 3240 1185 seductus
3267 1130 3481 1198 quidem

1924 1220 2108 1282 fuerit,
2133 1236 2226 1274 eos
2252 1233 2508 1290 coarguat
2549 1225 2639 1288 qui
2692 1240 2749 1277 se
2806 1223 3148 1287 seduxerint;
3192 1223 3273 1274 sin
3316 1235 3486 1289 purus

1925 1314 2301 1381 permanserit,
2328 1314 2482 1367 laetus
2524 1315 2636 1368 haec
2682 1315 2884 1367 monita
2922 1315 3168 1382 accipiat.
3218 1313 3353 1366 Sunt
3387 1313 3482 1364 ita-

1926 1417 2032 1469 que
2062 1401 2270 1458 Veteris
2295 1403 2624 1457 Testamenti
2659 1405 2779 1457 libri
2810 1419 2998 1458 omnes
3034 1418 3259 1456 numero
3300 1402 3485 1469 viginti

1926 1489 2055 1545 duo.
2087 1490 2188 1545 Tot
2208 1494 2371 1556 enim,
2404 1503 2461 1546 ut
2492 1493 2691 1555 audivi,
2738 1494 3001 1550 elementa
3037 1492 3176 1559 apud
3235 1490 3486 1543 Hebraeos

1926 1593 2047 1634 esse
2077 1583 2330 1635 traditum
2366 1592 2464 1637 est.
2528 1582 2736 1650 Singuli
2773 1593 2951 1636 autem
3010 1584 3112 1635 hoc
3138 1582 3347 1642 ordine,
3386 1582 3488 1636 hoc

1930 1669 2148 1721 nomine
2177 1679 2304 1723 sunt
2357 1691 2368 1724 :
2424 1670 2661 1723 Primum
2719 1670 2963 1733 Genesis,
2997 1671 3190 1724 deinde
3242 1668 3482 1733 Exodus,

1929 1756 2055 1811 hinc
2087 1759 2374 1821 Levitieus,
2404 1768 2590 1827 postea
2641 1759 2885 1824 Numeri,
2921 1760 3115 1814 eximie
3156 1758 3484 1813 Deuterono-

267 1846 361 1891 καὶ
394 1842 529 1909 μετά
566 1842 721 1893 τοῦτο
764 1841 1028 1909 Ἀριθμοὶ,
1078 1844 1169 1893 καὶ
1222 1842 1401 1893 λοιπὸν
1466 1842 1525 1893 τὸ
1574 1844 1827 1911 Δευτερο-
1856 1833 1896 1884 Β
1930 1858 1935 1892 l

1811 1871 1827 1882 -
1856 1833 1896 1884 Β
1930 1843 2119 1893 inium.
2151 1842 2259 1895 Hos
2287 1844 2578 1910 excipiunt,
2630 1840 2787 1894 Jesus
2843 1843 2984 1895 ﬁlius
3034 1840 3197 1905 Nave,
3245 1838 3479 1895 Judiccs.

265 1932 473 2001 νόμιον.
524 1933 674 2002 Ἑξῆς
697 1934 752 1986 δὲ
794 1934 1001 1996 τούτοις
1052 1936 1194 1985 ἑστὶν
1232 1933 1434 2001 Ἰησοῦς
1476 1933 1619 1985 ὁτοῦ
1648 1932 1823 2000 Ναυῆ,

266 2026 361 2077 καὶ
386 2025 597 2096 Κριταί·
629 2024 722 2077 καὶ
761 2024 893 2093 μετά
919 2023 1074 2074 τοῦτο
1104 2024 1137 2091 ὴ
1177 2021 1350 2073 Ῥούθ·
1392 2023 1483 2073 καὶ
1518 2020 1675 2072 πάλιν
1700 2019 1825 2086 ἑξῆς

265 2115 557 2166 Βασιλειῶν
584 2115 822 2181 τέσσαρα
864 2112 1041 2181 βιϐλία
1078 2148 1094 2172 .
1188 2176 1197 2184 ,
1251 2112 1343 2163 καὶ
1394 2112 1592 2163 τούτων
1639 2109 1700 2161 τὸ
1731 2109 1826 2177 μὲν

268 2205 482 2273 πρῶτον
511 2205 599 2255 καὶ
632 2204 878 2271 δεύτερον
899 2203 975 2262 είς
1001 2202 1057 2253 ἑν
1097 2201 1297 2269 βιϐλίον
1323 2202 1654 2270 ἀριθμεῖται·
1682 2200 1741 2250 τὸ
1769 2199 1825 2251 δὲ

264 2296 444 2363 τρίτον
471 2296 561 2345 καὶ
594 2295 843 2364 τέταρτον
890 2294 1084 2362 ὁμοίως
1140 2294 1217 2353 είς
1262 2292 1337 2343 ἑν.
1376 2292 1526 2343 Μετά
1571 2290 1624 2341 δὲ
1657 2290 1825 2341 ταῦτα

267 2386 755 2454 ιξαραλειπομὲνων
838 2388 882 2434 α’
969 2385 1064 2435 καὶ
1158 2380 1201 2450 β’
1275 2384 1473 2452 ὁμοίως
1518 2386 1596 2445 είς
1644 2384 1700 2435 ἓν
1748 2382 1825 2450 βι-

266 2479 416 2529 ϐλίον
468 2478 623 2529 πάλιν
680 2475 1072 2546 ἀριθμούμενα·
1108 2471 1222 2526 εἶτα
1274 2476 1504 2543 Ἔσδρας
1544 2482 1589 2526 α’
1642 2474 1732 2525 καὶ⁵
1782 2474 1824 2541 β’

263 2570 464 2636 ὁμοίως
496 2570 572 2630 είς
596 2569 670 2619 ἓν.
699 2569 850 2619 Μετά
907 2567 962 2617 δὲ
996 2566 1165 2619 ταῦτα
1200 2565 1379 2634 βίὸλος
1428 2564 1689 2631 Ψαλμῶν,
1732 2564 1825 2615 καὶ

266 2661 392 2727 ἑξῆς
446 2659 756 2727 Παροιμίαι·
812 2653 929 2709 εἶτα
992 2655 1447 2723 Ἐκκλησιαστὴς,
1495 2655 1585 2705 καὶ
1635 2650 1823 2723 ⁷ᾼσμα

266 2749 545 2815 ᾀσμάτων.
593 2749 732 2815 Πρὸς
776 2746 982 2809 τούτοις
1037 2746 1149 2796 ἑστὶ
1214 2745 1305 2795 καὶ
1353 2743 1491 2804 Ὶὼὸ,
1523 2744 1611 2795 καὶ
1645 2744 1824 2794 λοιπὸν

265 2838 558 2905 προφῆται·
584 2839 631 2888 οἱ
668 2838 762 2905 μὲν
786 2836 989 2887 δώδεκα
1011 2837 1087 2896 είς
1112 2835 1167 2886 ἓν
1189 2834 1386 2901 βιϐλίον
1416 2833 1820 2902 ἀριθμούμενοι·

265 2924 383 2979 εἶτα
450 2926 690 2988 Ἡσαΐας,
753 2923 1052 2994 Ἱερεμίας,
1110 2926 1202 2976 καὶ
1254 2926 1349 2976 σὺν
1402 2924 1548 2993 αὐτῷ
1592 2925 1821 2991 Rapo-LX,

262 3016 480 3085 θρῆνοι,
524 3015 805 3083 Ἐπιστολὴ
846 3031 859 3044 ·
994 3015 1085 3065 καὶ
1114 3012 1228 3082 μετ’
1263 3014 1423 3066 αὑτὸν
1456 3014 1709 3081 Ἰεζεκιὴλ
1734 3014 1825 3064 καὶ

262 3106 480 3174 Δανιὴλ.
526 3106 687 3174 Ἀχρι
750 3104 949 3157 τούτων
1004 3104 1069 3156 τὰ
1124 3105 1220 3173 τῆς
1270 3106 1507 3166 Παλαιᾶς
1554 3105 1824 3173 Διαθήκης

263 3196 497 3248 ἵσταται.
551 3196 630 3247 Τὰ
679 3197 736 3248 δὲ
797 3198 891 3265 τῆς
954 3197 1158 3263 Καινῆς
1209 3196 1367 3247 πάλιν
1425 3196 1521 3246 οὑκ
1574 3196 1825 3263 ὀκνητέον

259 3288 453 3337 εἰπεῖν·
480 3286 591 3337 ἑστι
632 3287 738 3354 γάρ
784 3287 978 3338 ταῦτα·
1008 3286 1310 3351 Εὑαγγέλια
1373 3285 1629 3351 τέσσαρα·
1686 3288 1827 3335 κατά

264 3374 563 3431 Ματθαῖον.
589 3374 726 3425 κατά
757 3375 1000 3443 Μάρκον,
1030 3373 1169 3424 κατά
1212 3374 1440 3433 Λουκᾶν,
1470 3370 1609 3422 κατά
1650 3371 1826 3422 Ἰωάν-

260 3482 376 3530 νην.
415 3459 545 3515 Εἶτα
574 3464 707 3533 μετά
734 3464 901 3515 ταῦτα
1079 3462 1310 3531 Πράξεις
1341 3461 1671 3521 ἀποστόλων,
1733 3461 1825 3512 καὶ

271 3554 577 3606 Ἐπιστολαὶ
641 3554 938 3606 Καθολικαὶ
998 3552 1326 3621 καλούμεναι
1363 3552 1469 3603 τῶν
1516 3549 1823 3602 ἀποστόλων

259 3647 418 3697 ἑπτά·
470 3644 609 3696 οὕτω
666 3645 762 3713 μὲν
808 3642 1059 3694 Ίακώὀου
1115 3649 1182 3701 α’,
1226 3642 1428 3709 Πέτρου
1475 3641 1529 3691 δὲ
1590 3640 1654 3707 β’,
1706 3635 1823 3691 εἶτα

269 3735 513 3786 Ἰωάννου
540 3734 606 3799 γ’,
639 3734 731 3785 καὶ
768 3733 903 3802 μετὰ
955 3731 1151 3793 ταύτας
1206 3730 1370 3782 ’ἰούδα
1401 3738 1468 3782 α’.
1532 3729 1671 3798 Πρὸς
1703 3729 1822 3780 τού-

254 3841 369 3885 τοις
398 3822 608 3875 Παύλου
632 3823 926 3874 ἀποστόλου
956 3821 1089 3872 εἰσὶν
1113 3820 1387 3872 ἐπιστολαὶ
1408 3819 1818 3888 δεκατέσσαρες,

254 3916 319 3981 τῇ
350 3913 500 3974 τάξει
521 3914 860 3980 γραφόμεναι
896 3910 1082 3971 οὕτως·
1115 3909 1301 3979 πρώτη
1336 3909 1469 3973 πρὸς
1501 3909 1817 3975 Ῥωμαίους·

257 4003 373 4056 εἶτα
408 4005 543 4070 πρὸς
564 4002 879 4071 Κορινθίους
900 4001 991 4053 δύο
1013 4017 1026 4031 ·
1062 4001 1153 4051 καὶ
1190 4001 1321 4068 μετά
1354 4000 1518 4051 ταῦτα
1686 3999 1820 4067 πρὸς

257 4094 522 4154 Γαλάτας·
572 4093 663 4144 καὶ
728 4090 852 4158 ἑξῆς
924 4092 1059 4161 πρὸς
1139 4090 1447 4158 Ἐφεσίους·
1500 4085 1615 4141 εἶτα
1687 4090 1821 4159 πρὸς

254 4184 663 4253 Φιλιππησίους,
695 4183 789 4234 καὶ
836 4183 968 4251 πρὸς
1012 4182 1359 4244 Κολασσαετς·
1404 4180 1496 4232 καὶ
1534 4181 1666 4248 μετά
1693 4180 1821 4231 ταύ-

254 4293 351 4337 τας
382 4275 516 4343 πρὸς
546 4272 950 4334 Θεσσαλονικείς
974 4271 1085 4335 δύο,
1126 4271 1218 4324 καὶ
1252 4273 1283 4342 ὴ
1336 4271 1469 4342 πρὸς
1519 4271 1815 4340 Ἐϐραίους·

256 4367 347 4418 καὶ
382 4365 538 4425 εὐθὺς
570 4365 703 4433 πρὸς
740 4365 834 4433 μὲν
863 4364 1121 4432 Τιμόθεον
1278 4362 1388 4423 δύο,
1425 4361 1558 4433 πρὸς
1582 4364 1636 4414 δὲ
1661 4362 1817 4414 Τίτον

257 4455 374 4521 μία·
424 4454 517 4503 καὶ
556 4452 837 4504 τελευταία
897 4453 928 4521 ἡ
984 4451 1119 4521 πρὸς
1176 4452 1469 4520 Φιλήμονα·
1519 4452 1612 4503 καὶ
1660 4451 1817 4503 πάλιν
1848 4468 1925 4523 οι

1468 4472 1469 4480 ι
1519 4452 1612 4503 καὶ
1660 4451 1817 4503 πάλιν
1848 4468 1891 4523 ι)
1921 4455 2161 4508 docetur.
2194 4453 2359 4509 Nemo
2392 4457 2457 4510 iis
2505 4458 2685 4520 addat,
2717 4465 2809 4510 aut
2834 4458 3036 4527 aliquid
3069 4459 3136 4512 ab

264 4543 510 4593 Ἰωάννου
562 4540 945 4607 Ἀποκάλυψις.
986 4538 1166 4592 Ταῦτα
1192 4541 1364 4607 πηγαὶ
1399 4540 1491 4592 τοῦ
1523 4542 1809 4610 σωτηρίου,

248 4632 389 4683 ὥστε
426 4631 516 4681 τὸν
548 4630 784 4696 διψῶντα
827 4630 934 4681 τῶν
991 4631 1047 4681 ἑν
1094 4631 1299 4691 τούτοις
1337 4630 1686 4699 ἐμφορεῖσθαι
1725 4631 1811 4682 λο-

249 4723 405 4786 γίων·
441 4721 497 4769 ἑν
530 4719 734 4779 τούτοις
772 4719 950 4786 μόνοις
998 4718 1057 4770 τὸ
1090 4719 1187 4792 τῆς
1235 4719 1511 4781 εὐσεϐείας
1559 4719 1811 4771 διδασκα-

245 4808 391 4859 λ;ἴσν
436 4806 863 4873 εὐαγγελίζεται.
925 4808 1127 4877 Μηδεὶς
1174 4807 1385 4869 τούτοις
1442 4809 1808 4871 ἑπιῦαλ).ἐτω,

249 4899 387 4967 μηδὲ
417 4896 618 4948 τούτων
642 4896 976 4966 ἀφαιρείσθω
1003 4914 1073 4949 τι.
1096 4899 1229 4967 Περὶ
1256 4899 1310 4949 δὲ
1336 4900 1537 4951 τούτων
1557 4901 1585 4950 ὁ
1613 4900 1812 4968 Κύριος

245 4987 636 5048 Σαδδουκαίους
669 4988 763 5054 μὲν
802 4985 1087 5050 ἐδυσώπει,
1136 4987 1323 5054 λέγων·
1385 4988 1700 5043 Πλανᾶσθε
1722 4989 1807 5058 μὴ

242 5080 470 5142 ειδότες
503 5078 605 5142 τὰς
634 5078 895 5144 Γραφάς·
928 5080 1039 5140 τοῖς
1086 5077 1143 5130 δὲ
1204 5079 1468 5139 Ἰουδαίοις
1670 5098 1810 5152 παρ-

244 5169 383 5237 ῄνει·
458 5167 759 5233 Ἐρευνᾶτε
790 5170 896 5233 τὰς
930 5168 1190 5236 Γραφάς·
1226 5169 1311 5221 ὅτι
1345 5172 1519 5223 attat
1565 5175 1723 5225 εἶσιν
1750 5178 1807 5227 al

237 5256 648 5325 μαρτυροῦσαι
706 5259 834 5324 περί
895 5258 1057 5325 ἐμοῦ.
1100 5258 1237 5312 Ἀλλ’
1270 5260 1432 5313 ἕνεκά
1482 5278 1543 5329 γε
1570 5263 1808 5327 πλείονος

242 5346 528 5417 ἀκριϐείας
552 5347 878 5416 προστίθημι
910 5349 1001 5400 καὶ
1032 5347 1187 5401 τοῦτο
1220 5350 1443 5418 γράφων
1475 5351 1804 5419 ἀναγκαίως,

238 5436 316 5496 ὡς
489 5434 569 5485 ὅτι
594 5436 708 5487 ἑστι
738 5436 832 5487 καὶ
860 5435 1019 5503 ἕτερα
1068 5435 1246 5503 βιϐλία
1273 5436 1473 5490 τούτων
1506 5438 1718 5501 ἔξωθεν·
1745 5444 1802 5492 οὗ

239 5524 631 5594 κανονιζόμενα
666 5527 785 5595 μὲν,
830 5514 1183 5595 τετυπωμένα
1209 5527 1266 5580 δὲ
1294 5528 1441 5596 παρὰ
1492 5529 1597 5580 τῶν
1634 5531 1803 5583 Πατέ-

326 5720 339 5751 ¹
371 5720 563 5776 Μειῐιίι.
600 5719 842 5785 unﬁt).
920 5724 939 5757 ²
974 5721 1124 5780 Joan.
1155 5745 1201 5793 ν,
1234 5729 1321 5783 59.

1927 1941 1979 1983 et
2020 1941 2201 1998 postea
2229 1929 2391 1983 Ruth.
2424 1929 2559 1984 Hinc
2597 1945 2813 1983 rursum
2857 1928 3165 1999 Regnorum
3206 1931 3325 1983 libri
3349 1946 3481 1999 qua-

1927 2028 2046 2071 tuor
2080 2038 2092 2072 :
2126 2035 2190 2073 ex
2216 2020 2411 2089 quibus
2459 2021 2665 2087 primus
2690 2027 2742 2071 ct
2778 2018 3048 2071 secundus
3111 2032 3207 2086 pro
3241 2033 3347 2071 uno
3376 2033 3480 2070 nu-

1928 2122 2202 2165 merantur
2224 2112 2379 2177 libro;
2438 2112 2630 2164 tertius
2660 2118 2713 2163 et
2754 2118 2981 2179 quartus
3027 2124 3123 2177 pro
3154 2124 3261 2162 uno
3291 2110 3481 2163 simili-

1927 2211 2027 2253 ter.
2056 2200 2185 2254 Post
2216 2202 2328 2255 haec
2366 2200 2813 2267 Paralipomenon
2858 2201 3066 2267 primus
3116 2208 3170 2251 et
3214 2200 3482 2252 secundus

1930 2305 2025 2355 pro
2057 2304 2165 2344 uno
2200 2292 2395 2358 pariter
2419 2290 2556 2343 libro
2584 2298 2893 2344 censentur.
2914 2287 3049 2342 llinc
3080 2288 3259 2341 Esdrrc
3281 2291 3483 2355 primus

1926 2390 1979 2433 ct
2028 2382 2331 2441 secundus,
2399 2396 2497 2448 pro
2554 2395 2662 2432 uno
2726 2380 2972 2432 similiter
3029 2396 3043 2432 :
3116 2388 3296 2444 postea
3354 2380 3484 2433 liber

1927 2472 2288 2536 Psalmorum,
2320 2471 2574 2540 deinceps
2597 2470 2910 2535 Prorerbia,
2945 2480 3055 2524 tum
3109 2469 3480 2533 Ecclesiastes,

1925 2575 1977 2616 et
2002 2564 2283 2616 Canticum
2320 2564 2677 2616 canticorum.
2711 2562 2788 2615 Ad
2822 2563 2933 2616 haec
2981 2561 3101 2626 Job,
3150 2577 3212 2615 ac
3236 2563 3483 2631 deinceps

1927 2655 2216 2724 prophetae,
2248 2669 2312 2708 ex
2338 2654 2535 2721 quibus
2556 2654 2834 2705 duodecim
2870 2667 2965 2720 pro
2996 2668 3101 2704 uno
3131 2652 3273 2704 libro
3298 2668 3481 2705 nume-

1927 2756 2133 2798 rantur.
2162 2743 2300 2797 Hinc
2334 2744 2522 2804 lsaias,
2552 2742 2815 2795 Jeremias
2854 2752 2906 2795 et
2935 2758 3054 2795 cum
3092 2743 3207 2810 ipso
3248 2741 3481 2806 Baruch,

1928 2834 2384 2894 Lamentationes,
2446 2829 2680 2899 Epistola
2719 2848 2733 2885 :
2777 2841 2959 2899 postea
3012 2831 3257 2885 Ezechiel
3293 2839 3343 2885 et
3384 2831 3479 2884 Da-

1927 2927 2052 2979 niel.
2078 2924 2347 2979 Hactenus
2373 2923 2576 2978 Veteris
2606 2923 2930 2979 Tcstanienti
2960 2924 3099 2977 libri.
3140 2923 3272 2978 Novi
3305 2936 3481 2977 autem

1929 3015 2256 3069 Testamenti
2296 3016 2461 3069 libros
2504 3014 2704 3068 referre
2732 3030 2796 3068 ne
2828 3015 3023 3083 pigeat.
3056 3013 3191 3068 Sunt
3225 3016 3364 3068 enim
3392 3015 3440 3068 hi
3467 3034 3478 3067 :

1928 3104 2213 3174 Evangelia
2238 3117 2489 3174 quatuor,
2510 3106 2803 3158 secunddm
2837 3104 3166 3169 Manlianum,
3188 3107 3481 3158 secundum

1927 3194 2188 3259 Marcum,
2227 3197 2520 3249 secundum
2575 3193 2797 3259 Lucam,
2852 3196 3147 3248 secundum
3201 3195 3480 3247 Joannem.

1926 3282 2115 3336 Postea
2168 3284 2296 3335 Acta
2358 3283 2755 3350 apostolorum,
2814 3293 2865 3336 et
2928 3282 3174 3352 Epistula:
3253 3283 3485 3340 Catholi-

1927 3387 2033 3432 cae,
2075 3388 2195 3439 qua:
2243 3373 2622 3440 Apostolorum
2665 3384 2963 3437 vocantur,
3016 3388 3240 3427 numero
3278 3386 3481 3443 septeni

1927 3476 2137 3528 nempe,
2172 3460 2354 3514 Jacobi
2388 3477 2513 3525 una,
2565 3461 2703 3515 Petri
2735 3464 2872 3526 duae,
2932 3462 3152 3517 Joannis
3180 3475 3305 3527 tres,
3335 3465 3485 3520 Judae

1926 3566 2054 3603 una.
2109 3552 2184 3603 Ad
2238 3552 2349 3605 haec
2402 3552 2553 3606 Pauli
2617 3554 2845 3621 apostoli
2898 3554 3301 3623 quatuordecim
3356 3568 3482 3610 sunt

1925 3640 2197 3707 Epistolze,
2254 3643 2331 3694 sic
2385 3644 2571 3696 ordine
2626 3645 2944 3712 descripto:
3006 3645 3200 3712 prima,
3265 3646 3327 3701 ad
3374 3645 3483 3701 ilo-

1921 3742 2115 3781 manns
2146 3746 2158 3780 :
2205 3739 2316 3781 tum
2362 3729 2481 3781 duae
2535 3730 2598 3781 ad
2629 3729 2937 3783 Corinthios
2971 3748 2983 3782 :
3017 3730 3232 3795 dehinc,
3286 3735 3348 3785 ad
3381 3732 3477 3786 Ca-

1923 3818 2095 3873 latas:
2129 3829 2338 3887 postea,
2397 3821 2461 3872 ad
2511 3820 2771 3889 Ephesios
2810 3838 2822 3871 :
2874 3821 3121 3887 dcinde,,
3161 3823 3224 3876 ad
3281 3823 3484 3891 Philip-

1924 3924 2149 3978 penscs:
2182 3920 2317 3972 tum,
2379 3911 2443 3963 ad
2492 3909 2841 3963 Colossenses
2880 3930 2891 3963 :
2950 3922 3157 3981 postea,
3218 3915 3279 3966 ad
3310 3913 3483 3970 Thcs-

1923 4000 2292 4055 salonicenses
2322 4000 2459 4061 dure,
2485 4008 2537 4051 et
2560 4014 2619 4051 ea
2652 4015 2770 4066 qua:
2803 4002 2867 4054 ad
2903 4000 3154 4057 Hebraeos
3193 4004 3482 4073 dirigitur:

1920 4092 2115 4145 deinde
2145 4092 2209 4145 ad
2254 4089 2595 4143 Timotheum
2632 4093 2750 4147 dua:
2784 4096 2901 4147 :‘ad
2956 4094 3138 4147 Titum
3205 4092 3346 4149 una':
3399 4099 3481 4151 ul-

1921 4182 2076 4244 timo,
2113 4181 2177 4235 ad
2208 4181 2576 4234 Philemonem
2617 4197 2767 4238 una:
2822 4185 2886 4239 ad
2948 4188 3059 4240 hate
3088 4186 3313 4240 Joannis
3340 4188 3482 4259 Apo-

1919 4274 2168 4343 calypsis.
2210 4272 2272 4325 lli
2302 4282 2428 4327 sunt
2460 4274 2650 4329 salutis
2679 4274 2874 4339 fontes,
2923 4286 2979 4330 ut
3011 4278 3267 4344 quirsitit,
3292 4293 3479 4334 eorum

1919 4366 2149 4433 eloquiis
2198 4367 2525 4436 impleatur:
2581 4368 2633 4421 in
2698 4368 2781 4423 bis
2817 4368 2945 4422 solis
2986 4370 3198 4436 pielatis
3236 4371 3478 4428 doc'rina

3378 4462 3479 4515 illis

1917 4546 2183 4600 detrahat.
2224 4545 2295 4599 De
2342 4548 2422 4603 his
2477 4546 2739 4603 Dominus
2772 4546 3095 4603 Sadduczeos
3121 4550 3322 4617 pudore
3364 4552 3478 4604 alii-

1914 4637 2109 4702 ciebat,
2136 4637 2219 4690 bis
2248 4638 2427 4691 verbis
2466 4656 2478 4689 :
2532 4637 2736 4691 Erratis
2769 4640 3048 4694 nescientes
3077 4638 3372 4707 Scripmras
3419 4644 3431 4671 ¹
3464 4660 3478 4695 :

1912 4724 2127 4780 Judzeos
2159 4742 2283 4781 vero
2332 4728 2652 4781 hortabatur
2698 4728 2927 4783 dicens:
2976 4728 3298 4783 Sc-rulamini
3335 4731 3476 4785 Scri-

1910 4825 2116 4882 pturas,
2170 4817 2293 4884 quia
2335 4816 2443 4868 illa:
2493 4825 2613 4868 sunt
2660 4831 2777 4885 qua
2827 4818 3178 4871 testimonium
3217 4822 3475 4887 perhibent

1912 4907 1975 4957 de
2018 4922 2096 4957 me
2186 4906 2227 4957 ’.
2278 4904 2380 4959 Sed
2446 4906 2666 4972 majoris
2714 4909 3080 4963 accurationis
3134 4926 3301 4964 causa
3346 4912 3475 4965 illud

1912 5011 2127 5066 quoque
2159 4996 2361 5070 scripto
2394 4998 2588 5053 addere
2628 5014 2849 5055 necesse
2877 5001 3033 5065 duxi;
3062 5016 3181 5055 esse
3222 4981 3474 5055 nimirum

1911 5090 2048 5143 alios
2072 5090 2240 5144 libros
2272 5102 2464 5157 praater
2494 5090 2647 5156 istos,
2702 5107 2808 5146 non
2865 5093 2916 5143 in
2950 5107 3214 5145 canonem
3257 5095 3474 5161 quidem

1910 5179 2179 5241 redactos,
2210 5178 2299 5232 sed
2330 5194 2466 5246 quos
2491 5194 2520 5231 a
2552 5179 2803 5234 Patribus
2846 5181 3121 5234 decretum
3158 5190 3259 5245 est,
3302 5184 3476 5253 legen-

1909 5270 2007 5323 dos
2031 5269 2186 5322 abiis
2219 5284 2339 5322 esse
2366 5269 2456 5338 qui
2518 5285 2690 5338 nuper
2742 5271 3013 5324 ediscendi
3069 5272 3278 5340 pietatis
3329 5275 3470 5327 verbi

1909 5360 2079 5428 gratia
2112 5360 2459 5414 accesserint.
2498 5359 2775 5429 Sapientia
2810 5360 3138 5422 Salomonis,
3172 5374 3223 5415 et
3258 5362 3471 5430 sapien-

1911 5452 1981 5504 tia
2010 5449 2223 5512 Sirach,
2252 5446 2462 5516 Esth'er,
2489 5450 2698 5514 Judith,
2730 5449 2949 5516 Tobias,
2983 5452 3259 5517 Doctrina,
3291 5462 3348 5506 ut
3382 5469 3472 5508 vo-

1908 5551 2053 5605 cant,
2108 5543 2499 5613 apostolorum,
2548 5552 2601 5597 et
2653 5541 2864 5599 Pastor.
2915 5544 3199 5607 Attamen,
3265 5544 3467 5608 dilecti,
