4224 6446
744 372 853 440 563

2006 380 2284 466 :rusop.
2327 380 2722 442 BALSAMON

3897 388 4000 450 564

738 497 869 540 Cllm
920 489 991 541 illi
1040 490 1091 543 in
1152 503 1411 541 cauoucm
1470 488 1670 541 redacti
1726 490 1854 551 sint,
1909 488 1963 541 hi
2035 488 2304 556 legantur,

2421 506 2531 558 ρων
2560 491 3039 559 ἀναγινώσκεσθαι
3077 497 3191 557 τοῖς
3223 497 3357 565 ἄρτι
3405 500 3864 566 προσερχομένας
3904 507 4002 553 καὶ

712 594 1006 645 ,ιιυειιιιαιιι
1040 579 1475 648 apocryphorum
1510 580 1712 633 mentio
1750 580 1978 633 habetur
2008 579 2121 649 (9-2)
2150 598 2163 646 ;
2220 580 2313 634 sed

744 670 781 723 ii
839 682 963 724 sunt
1029 673 1408 725 hmreticorum
1461 682 1846 737 commentum,
1905 672 1993 739 qui
2048 672 2309 725 arbitratu

746 775 845 813 suo
874 762 1037 815 libros
1056 764 1428 825 conscribunt,
1471 764 1670 830 quibus
1714 764 2000 830 assignant
2044 773 2309 829 tempora,

743 861 885 904 utea
918 868 1079 920 quam
1118 854 1248 918 ipsis
1295 854 1568 907 ascribunt
1610 854 1951 914 antiquitatis
1984 854 2185 922 specie,
2221 865 2312 903 oc-

738 943 1011 997 casionem
1040 953 1254 1013 captent
1280 945 1632 1014 simpliciores
1668 943 1911 997 fallendi.

2425 580 2770 650 βουλομένοις
2832 585 3189 654 κατηχεῖσθαι
3252 588 3344 639 τὸν
3407 589 3509 657 τῆς
3567 592 3851 649 εὐσεϐείας
3914 592 4001 644 λό-

2421 689 2516 739 γον
2548 691 2560 705 ο
2636 673 2801 739 Σοφία
2856 676 3228 744 Σολομῶντος.
3288 680 3381 731 καὶ
3427 681 3601 748 Σοφία
3654 682 3847 750 Σιράχ,
3905 687 3999 736 καὶ

2434 763 2652 833 Ἐσθὴρ,
2685 768 2781 819 καὶ
2821 767 3029 827 Ἰουδὶθ,
3063 769 3158 822 καὶ
3185 767 3405 833 Τοδίας,
3441 772 3534 823 καὶ
3564 771 3761 841 Διδαχὴ
3790 775 3995 827 καλουο

2429 855 2565 924 μένη
2624 856 2732 908 τῶν
2786 857 3120 922 ἀποστόλων,
3178 861 3273 913 καὶ
3319 863 3348 913 ό
3396 862 3628 931 Ποιμήν.
3673 865 3783 917 Καὶ
3820 866 3996 931 ὅμως,

2420 947 2729 1014 ἀγαπητοὶ,
2785 948 3053 1001 κάκείνων
3124 951 3559 1020 κανονιζομένων
3626 957 3715 1008 καὶ
3786 955 3998 1007 τούτων

2425 1039 2976 1107 ἀναγινωσκομένων,
2997 1042 3234 1113 οὐδαμοῦ
3262 1043 3373 1096 τῶν
3402 1045 3741 1114 ἀποκρύφων
3777 1029 3994 1115 μνήμηῖ

734 1129 872 1183 ἀλλά
900 1132 1189 1200 αἱρετικῶν
1228 1134 1376 1188 ἐστιν
1418 1132 1663 1197 ἐπίνοια,
1724 1131 2044 1200 γραφόντων
2096 1127 2196 1198 μὲν
2255 1129 2342 1179 ὅτε
2402 1127 2645 1182 θέλουσιν
2707 1131 2877 1195 αύτά,
2923 1134 3297 1201 χαριζομένων
3342 1136 3397 1188 δὲ
3449 1137 3541 1187 καὶ
3592 1138 3995 1203 προστιθέντων

735 1223 917 1281 αὐτοῖς
956 1226 1203 1291 χρόνιυς,
1243 1225 1330 1287 ἵν’,
1359 1224 1432 1285 ὡς
1466 1224 1669 1275 παλαιὰ
1697 1224 2079 1291 προφέροντες,
2116 1220 2385 1286 πρόφασιν
2413 1218 2605 1287 ἔχωσιν
2638 1222 2855 1291 ἀπατᾷν
2885 1224 2949 1275 ὲκ
2979 1224 3167 1278 τούτου
3197 1228 3321 1289 τοὺς
3349 1229 3657 1299 ἀκεραίους.

808 1312 1003 1366 ΒΑι,8.
1061 1313 1370 1364 [δυκινριιιιιε
1405 1326 1577 1365 canon
1639 1311 1972 1377 apostolicus
2024 1315 2308 1362 enumerat

738 1406 905 1457 lihros
937 1403 1026 1468 qui
1066 1403 1168 1469 legi
1202 1402 1421 1466 debent,
1461 1411 1514 1453 et
1574 1400 1782 1453 Veteris
1838 1399 2192 1459 Testamenti,
2256 1408 2304 1449 et

738 1495 893 1548 Novi.
935 1493 1033 1547 llic
1079 1504 1256 1545 autem
1304 1503 1548 1551 sanctus,
1580 1507 1701 1545 cum
1744 1488 2051 1543 rescivisset
2102 1488 2184 1558 (ut
2229 1497 2311 1541 cst

748 1585 1065 1650 verisimile)
1107 1585 1247 1653 quod
1303 1584 1568 1648 nonnulli,
1606 1582 1845 1635 volentes
1884 1595 1999 1643 eos,
2055 1583 2144 1648 qui
2189 1588 2313 1632 sunt

745 1670 1025 1745 inpietate
1066 1691 1126 1728 ac
1162 1676 1422 1743 religione
1455 1668 1646 1742 integri
1680 1672 1897 1743 (quibus
1937 1671 2143 1725 seilicct
2179 1670 2307 1723 nihil

740 1767 940 1830 deficit,
962 1782 1059 1820 nec
1084 1768 1208 1835 quid
1242 1768 1439 1819 habent
1462 1766 1841 1833 compositum,
1864 1764 1948 1818 vel
1979 1772 2308 1828 contortum,

741 1861 836 1911 sed
893 1869 1019 1912 sunt
1067 1859 1362 1926 simplices)
1414 1860 1693 1921 seducere,
1748 1856 1932 1911 dicunt
1975 1870 2124 1909 cssse
2175 1854 2310 1907 alios

740 1955 1005 2017 quosdam
1077 1950 1261 2015 libros,
1335 1950 1427 2018 qui
1476 1949 1690 2019 quidem
1741 1958 1865 2001 sunt
1933 1962 2307 2015 perversorum

2491 1310 2682 1364 ΒΛΛΣ.
2736 1310 2795 1362 Ὀ
2836 1313 3143 1378 τελευταῖος
3177 1316 3531 1381 ἀποστολικδς
3569 1322 3749 1373 κανὼν
3787 1322 3995 1388 ἀπαρι-

2419 1401 2634 1467 θμεῖται
2679 1405 2746 1455 τά
2791 1404 3078 1470 ὀφείλοντα
3134 1409 3609 1475 ἀναγινώσκεσθαι
3656 1414 3836 1482 βιϐλία
3893 1416 3996 1479 τῆς

2418 1493 2663 1553 Παλαιᾶς
2696 1494 2973 1563 Διαθήκης
3006 1498 3100 1549 καὶ
3154 1499 3254 1565 τῆς
3301 1499 3466 1562 Νέας.
3530 1502 3795 1555 Ἐνταῦθα
3854 1503 3911 1555 δὲ
3968 1507 3994 1555 ὁ

2420 1584 2597 1649 ἅγιος,
2628 1585 2700 1647 ὡς
2736 1586 2906 1651 ἔοικε,
2941 1587 3127 1653 μαθὼν
3177 1591 3261 1643 ὅτι
3307 1593 3454 1655 τινὲς
3486 1593 3737 1656 θέλοντες
3771 1596 3993 1664 άπατᾷν

2420 1678 2545 1738 τοὺς
2573 1678 2870 1747 ἀκεραίους
2896 1682 3039 1733 κατὰ
3063 1681 3159 1751 τὴν
3200 1683 3511 1746 εὐσέϐειαν,
3544 1684 3711 1753 ἤγουν
3737 1687 3866 1746 τοὺς
3918 1686 3991 1753 μὴ

2417 1766 2639 1836 ἔχοντας
2690 1768 2904 1831 ἐλλιπές
2949 1787 3001 1821 τι
3051 1770 3083 1839 ἦ
3142 1774 3394 1825 σύνθετον
3425 1774 3517 1826 καὶ
3562 1774 3798 1836 σκολιὸν.
3853 1774 3995 1827 ἀλλά

2416 1860 2575 1921 ὄντας
2609 1859 2833 1924 ἁπλοῦς,
2874 1860 3123 1928 λέγουσιν
3154 1858 3291 1917 εἶναι
3324 1864 3418 1916 καὶ
3445 1864 3609 1933 ἕτερά
3637 1883 3755 1916 τινα
3784 1864 3991 1932 βιϐλία,

2414 1950 2863 2019 διεστραμμένων
2918 1952 3017 2020 μὲν
3061 1953 3193 2005 ὅντα
3238 1954 3544 2021 δογμάτων,
3588 1956 3885 2022 ἀπόκρυφα
3935 1955 3992 2007 δὲ

739 2039 1078 2107 dugtnatum,
1102 2050 1152 2093 et
1182 2041 1433 2092 dicuntur
1461 2038 1805 2108 apocrypha;
1840 2036 2057 2104 scripsit
2094 2046 2147 2089 et
2174 2036 2309 2103 ipse,

2416 2039 2705 2109 λεγόμενα,
2752 2042 2959 2113 ἔγραψε
2988 2044 3045 2097 δὲ
3086 2046 3246 2106 αὐτὸς
3277 2046 3345 2099 τὰ
3382 2047 3665 2115 ὀφείλοντα
3714 2048 3991 2112 ἀναγινώο

741 2134 903 2186 libras
948 2147 1080 2201 quos
1133 2132 1232 2201 legi
1264 2140 1529 2201 oporteat.
1568 2129 1644 2183 Ne
1674 2127 1884 2182 mireris
1920 2137 2118 2189 autem,
2154 2127 2197 2179 si
2230 2126 2311 2179 in-

741 2226 956 2280 veneris
986 2239 1247 2278 canouem
1279 2223 1657 2291 apostolicum,
1692 2222 1781 2290 qui
1829 2221 1964 2274 alios
1993 2234 2206 2288 quoque
2243 2218 2309 2272 li-

737 2318 868 2371 1›ι·οε
894 2325 1218 2370 enumerat:
1258 2314 1353 2368 sed
1400 2314 1516 2383 lege
1550 2328 1671 2383 quae
1716 2312 1769 2367 in
1815 2313 1959 2367 dicto
2011 2311 2310 2381 apostolico

739 2421 949 2460 canone
984 2408 1182 2475 scripta
1221 2416 1367 2461 sunt.

812 2496 1059 2553 ΖΟΝΛΒ.
1096 2500 1193 2552 Hic
1216 2514 1439 2568 magnus
1459 2498 1785 2552 Athanasius
1812 2497 2022 2551 Veteris
2044 2496 2312 2565 Novmque

745 2589 1037 2659 Scriptura
1076 2592 1241 2645 libros
1279 2602 1582 2658 enumerat,
1618 2592 1762 2660 quia
1807 2591 2056 2645 fidelibus
2086 2590 2185 2660 legi
2220 2591 2313 2643 tle-

742 2682 913 2747 bent;
948 2696 1011 2734 ne
1044 2682 1136 2749 qui
1174 2682 1377 2749 decepti
1411 2682 1576 2735 libros
1628 2682 1965 2751 apocryphos
2019 2682 2192 2735 dictos
2230 2681 2308 2735 lc-

743 2788 893 2843 pant,
926 2781 1016 2841 qui
1044 2796 1147 2834 non
1183 2788 1327 2834 recte
1362 2795 1419 2834 se
1452 2778 1672 2841 habent,
1702 2786 1755 2830 et
1779 2776 2047 2844 ἀκέραιοι,
2075 2776 2177 2829 ltoc
2206 2786 2307 2841 est,

742 2869 1016 2938 simplices
1047 2880 1099 2922 et
1130 2872 1353 2941 tlecepttt
1386 2869 1569 2925 faciles
1596 2869 1788 2922 exinde
1820 2867 2163 2921 incctuntodo
2198 2868 2310 2923 alli-

738 2963 981 3016 ciuntur.
1020 2962 1123 3015 Eos
1171 2974 1347 3016 autent
1394 2971 1448 3017 et
1493 2977 1663 3015 canon
1718 2959 1787 3014 85
1811 2960 1909 3014 SS.
1945 2961 2311 3029 apostolorum

739 3063 896 3107 antea
934 3054 1224 3107 recensuit.
1264 3052 1360 3106 llic
1392 3062 1568 3105 autem
1598 3054 1774 3116 Pater,
1810 3064 2071 3121 quantum
2112 3052 2176 3106 ad
2210 3066 2309 3103 nu-

741 3163 947 3202 merum
976 3163 1159 3201 eurum
1185 3157 1411 3215 spectat,
1455 3147 1641 3199 ultimo
1679 3146 1761 3198 isti
1798 3145 2092 3214 apostolico
2116 3144 2309 3199 canoni

739 3242 791 3292 in
822 3240 1075 3293 omnibus
1113 3255 1215 3291 non
1252 3240 1524 3291 convenit.
1558 3237 1798 3307 Apostuli
1832 3238 1974 3291 enint
2024 3235 2221 3291 Esther
2255 3244 2311 3290 et

746 3330 1081 3398 Sapientiam
1117 3330 1306 3384 Sirach
1347 3339 1401 3383 et
1437 3329 1605 3384 libros
1647 3328 2067 3382 Maccabaeorum
2101 3342 2310 3381 connu-

738 3433 1017 3476 tlerarnnt
1059 3442 1071 3476 :
1107 3425 1193 3476 hic
1237 3434 1414 3477 autem
1472 3437 1567 3476 eos
1623 3421 1985 3491 praetermisit.
2044 3421 2101 3474 In
2149 3419 2311 3473 Nova:

737 3515 902 3567 etiam
940 3513 1428 3581 Scriptnrznlibris,
1460 3514 1627 3568 divini
1658 3512 1877 3583 quidem
1913 3511 2144 3581 apostoli
2174 3525 2306 3563 con-

739 3606 1047 3659 stitutiones
1102 3620 1229 3658 suas
1256 3620 1281 3655 a
1316 3603 1593 3659 Clemente
1641 3604 1982 3670 conscriptas
2019 3616 2310 3655 enumera-

744 3706 867 3768 ruut
903 3714 915 3749 :
956 3697 1042 3755 hic
1074 3710 1254 3749 autem
1279 3710 1371 3749 eas
1398 3695 1599 3749 omisit.
1646 3694 1865 3748 Addidit
1896 3708 2021 3746 vero
2053 3692 2310 3760 Theologi

745 3789 1139 3857 Apocalypsim.
1181 3788 1305 3841 Post
1343 3788 1508 3842 libros
1550 3796 1729 3840 autem
1789 3795 2158 3850 enumeratos,
2212 3787 2310 3850 ait,

740 3881 881 3951 quod
911 3882 1001 3935 alii
1033 3880 1139 3933 sint
1168 3890 1361 3948 prteter
1387 3894 1480 3934 eos
1511 3879 1654 3943 libri,
1703 3878 1757 3931 iu
1793 3894 2056 3933 canouem
2092 3868 2310 3945 qnidem

747 3990 849 4025 non
878 3973 1061 4043 relati,
1096 3953 1307 4041 legendi
1356 3981 1572 4035 tamen;
1610 3985 1745 4039 quos
1774 3970 1905 4023 dicit
1932 3984 2051 4023 esse
2083 3968 2313 4037 Sapien-

747 4068 873 4117 tiam
904 4065 1232 4127 Salomonis,
1269 4074 1321 4118 et
1354 4064 1681 4133 Sapientiam
1714 4062 1923 4127 Sirach,
1965 4062 2178 4123 Esther,
2213 4059 2309 4114 Ju-

742 4152 878 4215 dith,
914 4165 965 4205 et
1000 4153 1179 4216 Tnbit,
1215 4162 1270 4205 et
1313 4154 1614 4205 doctrinam
1670 4152 2035 4219 apostolorum
2084 4151 2308 4217 dictam,

735 4260 873 4313 quas
918 4252 1174 4299 asserunt
1216 4258 1337 4298 esse
1385 4243 1812 4298 Constitutiones
1870 4243 2240 4311 apostolorum
2279 4255 2309 4294 a

737 4337 1015 4390 Clemente
1046 4338 1416 4405 conscriptas;
1465 4350 1600 4403 quas
1648 4350 1710 4389 ea
1764 4350 1881 4403 qua:
1918 4344 2067 4388 sexta
2110 4333 2311 4387 dicitur

719 4428 978 4494 .synntlns
1009 4426 1106 4491 legi
1143 4442 1246 4480 non
1274 4427 1560 4495 permittit,
1594 4436 1649 4479 ut
1677 4425 2007 4479 atlulteratas
2040 4433 2094 4477 et
2123 4437 2309 4477 corru-

738 4530 857 4581 ptas
900 4517 967 4569 al)
1009 4517 1304 4571 ltzcreticis.
1354 4518 1454 4581 Qui
1513 4524 1692 4568 autem
1750 4515 2070 4584 apocryphi,
2109 4516 2305 4583 inquit,

733 4618 996 4661 vocantur
1026 4609 1173 4674 libri,
1206 4623 1383 4678 neque
1428 4607 1568 4661 inter
1596 4620 1712 4681 e95,
1743 4605 1835 4675 qui
1871 4618 2024 4659 extra
2072 4607 2203 4659 istos
2233 4607 2310 4660 le-

2416 2134 2642 2186 σκεσθαι
2704 2134 2903 2202 βιϐλία.
2961 2136 3053 2205 Μὴ
3111 2136 3399 2208 θαυμάσῃς
3463 2138 3519 2189 δὲ
3569 2138 3841 2208 εὑρίσκων
3900 2140 3993 2191 τὸν

2414 2223 2771 2278 ἀποστολικδν
2800 2226 2999 2279 κανόνα
3032 2228 3125 2279 καὶ
3155 2228 3362 2293 ἐτέρων
3395 2228 3617 2295 βιϐλίων
3666 2230 3983 2297 ἀπαρίθμη-

2415 2332 2500 2367 σιν
2541 2317 2899 2383 ποιούμενονο
2934 2315 3071 2368 ἀλλά
3118 2317 3393 2382 ἀνάγνωθι
3438 2318 3509 2370 τὰ
3553 2321 3612 2371 ιν
3660 2318 3737 2388 τῷ
3767 2318 3991 2389 ῥηθέντι

2413 2406 2755 2474 ἀποστολικῷ
2789 2408 2977 2461 κανόνι
3008 2409 3313 2476 γραφέντα.

2488 2499 2731 2552 ΖΩΝΑΡ.
2762 2497 3028 2552 Ἐνταῦθα
3056 2501 3132 2567 (α)
3158 2502 3185 2553 ὁ
3220 2500 3726 2570 μέγαςἋθανάσιος
3755 2504 3994 2566 ἀπαρίθ-

2418 2607 2586 2660 μησιν
2616 2595 2851 2645 ποιεῖται
2872 2592 2981 2644 τῶν
3019 2593 3239 2662 βιϐλίων
3261 2594 3358 2661 τῆς
3384 2610 3443 2645 τε
3479 2595 3724 2658 Παλαιᾶς
3763 2597 3993 2663 Γραφῆς

2415 2686 2507 2736 καὶ
2538 2684 2637 2750 τῆς
2670 2674 2811 2747 Νέας
2847 2684 2954 2736 τῶν
2980 2684 3305 2751 ὀφειλόντων
3335 2686 3810 2753 ἀναγινώσκεσθαι
3839 2687 3993 2756 παρά

2414 2778 2522 2829 τῶν
2576 2778 2819 2830 πιστῶνο
2854 2777 2944 2829 ἵνα
3008 2780 3080 2847 μή
3136 2796 3284 2842 τινες
3319 2780 3665 2847 πλανώμενοι
3712 2781 3989 2846 ἀναγινώ-

2416 2886 2588 2921 σκωσι
2624 2870 2719 2921 καὶ
2762 2869 2862 2931 τὰς
2897 2870 3199 2937 λεγομένας
3246 2872 3604 2939 ἀποκρύφους
3660 2872 3899 2940 βίϐλους,
3934 2871 3992 2925 αἱ

2412 2961 2511 3013 οὐκ
2565 2961 2740 3030 ὀρθῶς
2769 2961 2972 3030 ἔχουσι,
2996 2963 3091 3013 καὶ
3121 2961 3371 3015 ἐντεῦθεν
3394 2963 3723 3033 βλάπτονται
3742 2964 3990 3029 ἀκέραιοι

2412 3055 2561 3117 ὄντες
2605 3056 2724 3125 ἦτοι
2768 3054 3037 3108 ἄπλαστοι
3082 3055 3179 3108 καὶ
3224 3055 3643 3121 εὐεξαπάτητοι.
3693 3053 3883 3107 Ταῦτα
3935 3054 3992 3107 δὶ

2416 3148 2508 3201 καὶ
2551 3150 2578 3200 ὁ
2614 3146 2695 3200 πε⁹
2744 3148 2926 3201 κανὼν
2959 3148 3067 3202 τῶν
3103 3148 3273 3216 ἁγίων
3304 3150 3621 3201 ἀποστόλων
3653 3150 3758 3217 πρδ
3797 3149 3992 3201 τούτου

2415 3242 2722 3310 ἀπαριθμεῖ
2750 3257 2762 3269 ·
2795 3241 2893 3291 οὐκ
2928 3242 2985 3292 ἐν
3012 3242 3144 3293 πᾶσι
3178 3241 3235 3292 δὲ
3282 3242 3308 3291 ὁ
3349 3239 3539 3309 Πατὴρ
3575 3232 3730 3302 οὗτος
3761 3256 3990 3308 συμφω·

2416 3328 2600 3398 νεῖτῷ
2634 3327 2975 3397 ἀποστολικῷ
3018 3328 3311 3395 τελευταίῳ
3354 3330 3539 3382 κανόνι
3586 3330 3643 3379 ἐν
3683 3331 3749 3396 τῇ
3786 3333 3994 3399 ἀπαρι-

2340 3399 2380 3456 C
2415 3422 2640 3491 θμήσει.
2693 3422 2754 3473 Οἱ
2787 3422 2887 3491 μὲν
2920 3422 3026 3491 γάρ
3056 3421 3345 3474 ἀπόστολοι
3381 3422 3475 3473 καὶ
3502 3422 3602 3489 τὴν
3643 3420 3847 3489 Ἐσθὴρ
3885 3423 3997 3473 ἀπ-

2417 3514 2819 3581 ηριθμήσαντο,
2854 3511 3063 3581 καὶΙτὴν
3088 3511 3298 3578 Σοφίαν
3321 3511 3512 3581 Σιράχ,
3538 3512 3631 3564 καὶ
3660 3510 3728 3562 τὰ
3762 3513 3996 3563 Μακκαο

2415 3605 2581 3657 ϐαἳκά
2603 3620 2617 3635 ·
2652 3600 2803 3657 οὗτος
2831 3604 2885 3655 δὲ
2916 3603 3283 3671 παραλέλοιπε
3313 3602 3509 3656 ταῦτα.
3553 3603 3641 3653 Ἐν
3666 3603 3723 3653 δὲ
3747 3606 3872 3663 ταῖς
3890 3602 3994 3666 τῆς

2414 3696 2556 3756 Νέας
2586 3694 2806 3763 Γραφῆς
2835 3692 3061 3762 βίϐλοις,
3086 3693 3134 3743 οἱ
3169 3692 3264 3759 μὲν
3295 3690 3426 3743 θεῖοι
3461 3690 3751 3744 ἀπόστολοι
3778 3691 3997 3751 καὶτὰς

2413 3788 2500 3841 διά
2531 3786 2625 3839 τοῦ
2670 3786 2985 3854 Κλήμεντος
3016 3783 3431 3851 συγγραζείσας
3483 3780 3748 3849 διαταγὰς
3813 3782 3997 3832 αὐτῶν

2414 3877 2846 3948 ἀπηρίθμησανσ
2881 3870 3035 3939 οὗτος
3080 3874 3137 3927 δὲ
3183 3872 3387 3935 ταύτας
3444 3873 3541 3941 μὲν
3583 3873 3994 3940 παραλέλοιπε·

2414 3969 2710 4041 προσέθετο
2755 3968 2811 4021 δὲ
2850 3967 2947 4035 τὴν
2992 3964 3357 4032 ’Δποκάλυψιν
3382 3964 3475 4016 τοῦ
3516 3965 3807 4033 Θεολόγου.
3842 3968 3998 4020 Μετά

2412 4062 2468 4116 δέ
2502 4078 2563 4129 γε
2594 4061 2695 4129 τὴν
2725 4059 3129 4128 ἀπαρίθμησιν,
3176 4060 3362 4127 φησὶν,
3394 4058 3477 4109 ὅτι
3516 4056 3665 4109 ἔστιν
3711 4058 3882 4127 ’ἐτερα
3918 4061 3993 4126 βι.

2414 4153 2538 4205 ϐλία
2568 4152 2774 4203 τούτων
2803 4148 3024 4215 ἔξωθεν,
3052 4149 3112 4200 οὺ
3145 4147 3540 4217 κανονιζόμενα
3571 4148 3692 4215 μὲν,
3726 4149 3999 4216 ἀναγινωο

2415 4246 2652 4313 σκόμενα
2683 4242 2761 4303 δὲ,
2814 4239 2977 4293 ἀτινα
3025 4238 3175 4305 λέγει
3221 4234 3361 4291 εἶναι
3414 4240 3517 4311 τὴν
3551 4240 3745 4306 σοφίαν
3798 4240 3994 4309 Σιράχ,

2426 4334 2649 4400 Ἐσθὴρ,
2692 4331 2921 4400 ’1ουδὴθ,
2948 4334 3041 4383 καὶ
3075 4328 3293 4399 Τωϐὴτ,
3325 4331 3421 4383 καὶ
3462 4330 3683 4399 διδαχὴν
3718 4330 3999 4398 καλουμέ-

2414 4443 2511 4493 νην
2538 4424 2646 4476 τῶν
2677 4424 2990 4475 ἀποστόλων
3025 4422 3279 4491 λέγουσιν
3307 4418 3447 4474 εἶναι
3475 4424 3571 4482 τάς
3611 4422 3699 4473 διὰ
3721 4422 3819 4474 τοῦ
3852 4424 4002 4490 Κλή-

2416 4535 2609 4588 μεντος
2636 4515 3055 4584 συγγραφείσας
3098 4516 3207 4567 τῶν
3241 4512 3558 4567 ἀποστόλων
3589 4513 3897 4578 διατάξεις,
3934 4515 4000 4576 ἃς

2413 4613 2733 4683 ήλεγομένη
2759 4610 2892 4677 ἕκτη
2925 4608 3142 4670 σύνοδος
3177 4605 3655 4673 ἀναγινώσκεσθαι
3675 4607 3738 4657 οὐ
3779 4608 3999 4675 συγχω-

734 4701 892 4768 geniti
928 4703 1354 4764 constituuntur,
1403 4700 1493 4767 qui
1532 4699 1741 4752 scilicet
1778 4699 1833 4750 in
1881 4711 2149 4751 eanonem
2199 4712 2307 4751 non

2417 4706 2519 4775 ρεῖ,
2536 4702 2610 4764 ώς
2635 4699 2981 4760 νοθευθείσας
3006 4698 3101 4751 καὶ
3129 4697 3428 4767 φθαρείσας
3460 4698 3563 4749 ὑπὸ
3581 4698 3911 4766 αίρετικών.
3937 4702 4000 4751 Δί

700 4848 703 4851 ἰ
736 4792 1063 4845 referuntur.
1099 4792 1403 4846 Canonicos
1429 4802 1606 4844 antem
1638 4792 1750 4844 sive
1784 4790 1834 4842 in
1866 4804 2129 4844 canonem
2166 4790 2308 4844 rela-

736 4894 820 4938 tos
842 4882 1009 4937 libros
1045 4893 1265 4937 sanctus
1293 4885 1605 4937 denominat
1637 4898 1701 4936 ex
1739 4897 1946 4936 canone
1963 4882 2077 4936 sive
2103 4882 2306 4952 regula,

734 4978 875 5041 quod
903 4977 1105 5044 lignum
1138 4985 1242 5038 est,
1276 4990 1382 5042 quo
1414 4975 1651 5029 artilices
1681 4984 1904 5029 utuntur
1943 4976 2010 5029 ad
2037 4974 2307 5045 lignorum

734 5077 830 5121 aut
864 5067 1103 5136 lapidum
1141 5066 1542 5143 rectitudinem.
1582 5066 1843 5136 Regulam
1876 5068 2022 5121 enim
2056 5067 2141 5147 iis,
2190 5081 2310 5136 qua:

733 5171 1051 5229 operantur,
1088 5167 1445 5226 apponcntes,
1486 5172 1580 5225 per
1606 5173 1723 5212 eam
1758 5158 1803 5212 si
1833 5174 1970 5226 quas
2024 5159 2308 5213 inveniunt

735 5254 787 5306 in
822 5254 937 5305 istis
977 5253 1344 5321 aliliquitates,
1384 5251 1754 5304 imminentias
1793 5261 1848 5306 et
1897 5251 2309 5318 prominentias,

735 5344 803 5397 ad
832 5345 1207 5397 rectitudinem
1244 5345 1509 5396 ahratlunt
1565 5351 1619 5396 et
1674 5342 1750 5395 sic
1790 5357 1938 5409 opus
1991 5341 2311 5396 rectilicant.

734 5434 847 5488 lloc
879 5434 1065 5504 itaque
1098 5435 1149 5486 in
1179 5434 1299 5488 istis
1330 5433 1484 5489 libris
1518 5434 1656 5487 ratio
1683 5445 1936 5502 tanquam
1972 5432 2151 5501 regula
2177 5432 2309 5487 elle-

735 5529 829 5587 cit,
865 5527 985 5579 illos
1015 5526 1351 5594 distinguens
1385 5525 1452 5578 ab
1495 5524 1635 5589 istis,
1673 5526 1763 5593 qui
1799 5540 1903 5577 non
1947 5535 2093 5578 recte
2119 5539 2177 5577 se
2209 5524 2309 5577 ha-

734 5618 884 5674 bent,
918 5616 1011 5667 sed
1044 5612 1283 5680 perversi
1318 5622 1441 5665 sunt
1474 5626 1488 5666 :
1518 5624 1570 5667 el
1605 5614 1704 5667 hos
1739 5612 1955 5681 quidem
1997 5614 2307 5675 admittens.

738 5717 795 5759 et
836 5708 1163 5774 approbans,
1197 5716 1249 5759 et
1280 5706 1380 5774 piis
1406 5705 1662 5774 legendos
1693 5720 2031 5775 proponens;
2063 5705 2182 5759 illos
2210 5720 2307 5759 au-

2414 4795 2472 4847 δὲ
2520 4792 2879 4861 καλούμεναι,
2934 4792 3122 4861 φησὶν,
3160 4790 3471 4860 ἀπόκρυφοι
3519 4788 3714 4859 βίϐλοι,
3780 4790 3911 4844 οὔτε
3945 4794 4001 4843 ὲν

2394 4888 2534 4949 ⁸ταῖς
2563 4883 3051 4953 ἀπηριθμημέναις
3091 4880 3294 4949 βίϐλοις
3349 4879 3723 4949 εὑρίσκονται,
3780 4881 3911 4934 οὔτε
3944 4886 4004 4935 ιν

2415 4979 2625 5040 τούτοις
2646 4976 2801 5037 ἐκτὸς
2827 4974 3052 5027 ἐκείνων
3083 4974 3441 5041 τεταγμένοις
3486 4971 4002 5039 ἀναγινώσκεσθαι,

2416 5071 2616 5141 δηλαδὴ
2666 5071 2777 5131 τοῖς
2801 5067 3197 5127 ἀκανονίστοις.
3252 5065 3700 5133 Κεκανονισμένα
3727 5064 3784 5116 δὲ
3816 5064 4005 5133 βιϐλία

2418 5167 2520 5234 ἔφη
2567 5166 2594 5215 ό
2627 5165 2779 5230 ἅγιος
2810 5161 2875 5212 ὲκ
2904 5159 2999 5212 τοῦ
3034 5158 3277 5223 κανόνος,
3310 5159 3337 5210 ὅ
3364 5162 3479 5211 ἐστι
3506 5157 3663 5221 ξύλον
3682 5151 3728 5223 ᾧ
3762 5158 4007 5227 κέχρηνο

2416 5273 2504 5307 ται
2533 5254 2583 5305 ot
2611 5255 2855 5322 τεχνῖται
2891 5252 2972 5312 είς
2999 5250 3172 5315 ξύλων
3203 5250 3235 5318 ἢ
3266 5248 3431 5301 λίθων
3459 5247 3737 5315 εὐθύτητα
3760 5264 3774 5278 ·
3820 5266 4007 5316 παρα-

2413 5345 2662 5405 τεθέντες
2706 5342 2816 5413 γάρ
2846 5344 2936 5394 τὸν
2966 5342 3170 5393 κανόνα
3199 5342 3311 5401 τοῖς
3372 5336 3503 5406 παρ’
3538 5334 3723 5387 αὐτῶν
3759 5337 4006 5406 ἐργαζο.

2419 5435 2620 5504 μένοις,
2672 5434 2738 5487 δι’
2776 5430 2944 5487 αὐτοῦ
2977 5430 3048 5503 ,εἰ
3100 5447 3249 5493 τινας
3308 5429 3660 5496 εὑρίσκουσιν
3713 5428 3774 5479 ὲν
3810 5429 4008 5491 αὐτοῖς

2415 5526 2710 5593 λοξότητας
2768 5524 2985 5592 εἰσοχάς
3033 5538 3093 5575 τε
3156 5523 3252 5574 καὶ
3300 5519 3513 5587 ιξοχάς,
3570 5519 3651 5581 είς
3714 5517 4011 5585 εὐθύτητα

2417 5616 2730 5681 ἀποξέουσι,
2765 5616 2856 5667 καὶ
2895 5613 3116 5684 ὀρθοῦσι
3162 5611 3223 5664 τὸ
3256 5610 3663 5680 ἐργαζόμενον
3710 5607 3877 5661 τοῦτο
3913 5609 4010 5662 οῦν

2419 5707 2513 5760 καὶ
2543 5707 2633 5759 ἐπὶ
2676 5707 2785 5758 τῶν
2818 5705 3039 5774 βιδὶλίων
3070 5702 3277 5757 τούτων
3325 5704 3353 5756 ό
3384 5702 3543 5769 λόγος
3594 5700 3788 5771 ὥσπερ
3821 5700 4011 5756 κανὼν

799 5828 873 5884 (ο)
899 5829 1039 5887 Apud
1068 5828 1396 5883 lleverezt'um
1424 5829 1474 5877 in
1503 5827 1653 5882 notis.
1683 5842 1730 5883 ι).
1753 5828 1863 5887 22!,
1899 5840 1958 5877 ex
1987 5827 2153 5879 COdlCC
2184 5828 2590 5878 Amerbachiano.
2618 5827 2752 5878 Εοιτ.
