4224 6446
252 413 355 474 565

1187 406 1271 466 IN
1309 405 1553 466 EPIST.
1587 405 1651 465 S.
1686 406 2110 470 ATHANASII
2150 412 2251 472 AD
2290 413 2555 476 RUFlN.

3410 414 3515 477 566

252 529 543 595 ἐποίησεν·
576 519 875 577 ἀποδιελών
896 519 1037 573 αὐτὰ
1069 519 1180 572 τῶν
1217 518 1293 587 μὴ
1338 515 1516 587 ὀρθῶς
1568 518 1825 585 ἑχόντων,
1857 526 1903 582 Α

1857 526 1903 582 Α
1936 530 2042 575 tem
2075 526 2470 592 condemnans,
2505 538 2557 584 et
2589 530 2693 598 legi
2724 529 3041 595 prohibens.
3094 528 3290 604 Quaere
3343 534 3513 584 etiam

257 618 393 669 ἀλλά
424 616 876 684 διεστραμμένων
900 626 915 643 ·
950 610 1045 664 καὶ
1075 611 1144 663 τά
1195 610 1293 679 μὶν
1322 607 1579 679 ἀγκρίνας
1602 608 1697 660 καὶ
1737 608 1823 660 δο-

251 725 305 759 κι
317 708 497 775 μάσας
520 707 613 760 καὶ
630 706 962 778 προθέμενος
984 704 1065 765 είς
1089 701 1396 769 ἀνάγνωσιν
1412 701 1527 760 τοῖς
1544 698 1791 751 εὐσεϐέσι
1809 711 1825 727 ⁸

250 799 318 852 τὰ
348 801 408 854 δὲ
440 799 843 867 ἀποδοκιμάσας
863 836 879 861 ,
922 795 1013 848 καὶ
1043 791 1307 865 ἀπείρξας
1336 789 1829 861 ἀναγινώσκεσθαι.

481 1002 843 1054 ΕΠΙΣῚῸΛΠ
883 996 1076 1050 ΠΡΟΣ
1122 988 1645 1045 ΡΟΥΦΙΝῘΑΝΟΝ.

342 1116 530 1183 Κυρίῳ
558 1114 657 1181 υίῷ
688 1112 778 1164 καὶ
803 1106 1168 1174 ποθεινοτάτῳ
1201 1101 1596 1173 συλλειτουργῷ
1636 1100 1848 1165 Ῥουφιι-

266 1207 458 1275 νιανῷ,
509 1205 824 1263 ’Λθανὰσιος
854 1203 911 1252 ὲν
937 1199 1129 1269 Κυρίῳ
1158 1196 1387 1265 χαίρειν.

260 1272 269 1280 ”
341 1272 419 1349 Eii
454 1297 550 1365 μὲν
601 1294 667 1346 τὰ
720 1293 819 1363 υἱῷ
873 1288 1210 1359 ἠγαπημένῳ
1256 1284 1536 1355 πρέποντα
1714 1278 1845 1346 πρὸς

269 1387 490 1457 Πατέρα
519 1389 766 1455 γράφεις·
804 1384 1094 1450 ἐγγίσαντα
1126 1378 1252 1444 γοῦν
1305 1393 1361 1427 σε
1419 1374 1505 1425 διὰ
1549 1371 1642 1424 τοῦ
1671 1372 1846 1441 γραμ-

274 1494 442 1544 ματος
496 1473 973 1545 περιεπτυξάμην,
1040 1470 1255 1521 πάντων
1317 1464 1437 1534 ἐμοὶ
1508 1464 1847 1516 ποθεινότατι

283 1568 639 1632 Ῥουψινιανέ·
675 1563 828 1630 κάγὼ
858 1563 931 1622 δὲ,
962 1562 1035 1621 ὡς
1060 1558 1159 1626 υίῷ
1210 1557 1501 1623 δυνάμενος
1532 1555 1761 1623 γράφειν
1793 1551 1848 1603 εν

271 1673 330 1708 τε
358 1659 470 1718 τοῖς
650 1652 952 1724 προοιμίοις
1005 1650 1099 1702 καὶ
1131 1649 1313 1717 μέσοις
1369 1646 1462 1697 καὶ
1498 1643 1849 1724 τελευταίοις,

270 1746 523 1814 ἐπέσχον,
569 1746 654 1797 ἵνα
713 1745 786 1812 μὴ
838 1744 901 1793 ὲκ
932 1739 1268 1809 γραμμάτων
1318 1738 1352 1806 ἡ
1405 1735 1657 1795 σύστασις
1692 1733 1786 1784 καὶ
1814 1732 1850 1801 ἡ

1934 628 2054 681 qua:
2082 617 2132 669 in
2162 618 2413 674 ultimum
2463 629 2780 676 sanctorum
2830 622 3200 691 apostolorum
3246 636 3510 678 canonem

1935 705 2135 775 scripta
2162 719 2300 763 sunt.

2062 988 2549 1061 “EPISTULA
2606 998 2699 1051 AD
2741 997 3258 1053 RUFINIANUM.

2005 1108 2233 1161 Domino
2267 1111 2396 1171 ﬁlio,
2453 1119 2504 1163 et
2558 1110 2901 1176 optatissime
2950 1111 3327 1165 comministro
3354 1110 3503 1164 Rufi-

1934 1198 2116 1259 niano,
2148 1200 2474 1253 Athanasius
2498 1199 2549 1251 in
2586 1198 2812 1252 Domino
2838 1200 3092 1253 salutem.

2003 1286 2083 1339 Tu
2112 1289 2325 1356 quidem
2359 1304 2479 1356 quae
2503 1291 2760 1342 dilectum
2798 1290 2963 1340 tilium
2989 1290 3177 1341 decent
3199 1289 3263 1342 ad
3291 1288 3501 1342 Patrem

1934 1377 2163 1430 scribis:
2195 1386 2243 1429 te
2276 1379 2456 1446 itaque
2480 1379 2673 1431 litteris
2705 1380 3047 1431 accedentem
3087 1380 3191 1431 tuis
3221 1382 3504 1447 amplevns

1936 1482 2082 1530 sum,
2129 1468 2373 1521 omnium
2432 1469 2782 1522 dilectissime
2832 1470 2963 1521 mihi
3016 1469 3318 1521 Ruﬁniane.
3365 1470 3501 1523 Cum

1935 1567 2115 1609 autem
2174 1567 2227 1609 et
2272 1559 2324 1611 in
2384 1559 2649 1612 sermonis
2683 1560 2906 1611 exordio
2929 1569 2982 1613 et
3022 1560 3074 1611 in
3128 1561 3305 1613 medio
3355 1570 3407 1613 et
3450 1562 3502 1613 iu

1936 1646 2061 1708 ﬁne,
2098 1646 2215 1709 tibi,
2267 1650 2421 1715 quasi
2482 1649 2591 1701 ﬁlio
2647 1650 2885 1702 scribere
2946 1664 3201 1718 possem,
3261 1666 3345 1703 me
3392 1652 3506 1717 ipse

1938 1736 2177 1798 cohibui,
2209 1752 2273 1789 ne
2302 1754 2361 1791 ex
2393 1738 2585 1790 litteris
2612 1740 3012 1791 commendatio
3044 1750 3094 1792 et
3130 1740 3500 1792 testimonium

276 1836 551 1904 μαρτυρία
595 1834 943 1903 γνωρίζηται.
980 1832 1050 1882 Σὺ
1081 1829 1189 1899 γὰρ
1235 1828 1356 1897 ἐμοὶ
1411 1824 1688 1892 ἐπιστολὴ,
1711 1821 1850 1875 κατὰ
1874 1840 1944 1911 Β]

1838 1826 2112 1911 inpalam
2172 1827 2339 1878 fieret.
2389 1825 2466 1878 Tu
2523 1828 2665 1879 enim
2740 1828 2868 1879 mihi
2931 1842 2989 1881 es
3047 1829 3305 1895 cpistola,
3364 1829 3506 1881 sicut

268 1926 332 1977 τὸ
357 1926 759 1994 γεγραμμένον,
819 1920 1285 1988 ὲπιγινωσκομένη
1346 1916 1439 1969 καὶ
1486 1916 1853 1981 ἀναγινωσκο-

273 2016 409 2085 μένη
436 2019 491 2067 ὲν
526 2013 739 2083 καρδία.
770 2012 925 2065 Οὕτω
946 2011 1123 2062 τοίνυν
1176 2010 1396 2060 πίστευε
1579 2003 1850 2072 διακείμε-

270 2121 380 2166 νος,
409 2105 497 2155 ναὶ
558 2104 798 2155 πίστευε.
852 2099 1250 2169 Προσαγορεύω
1309 2115 1367 2149 σε
1420 2097 1514 2149 καὶ
1558 2095 1850 2163 προτρέπω

268 2196 524 2262 γράφειν·
558 2194 617 2245 οὔ
653 2194 760 2263 γὰρ
797 2192 1009 2257 ὀλίγως,
1067 2189 1201 2242 ἀλλὰ
1257 2186 1506 2263 μεγάλως
1544 2184 1850 2253 εὐφραίνεις

266 2285 427 2335 τοῦτο
457 2284 643 2335 ποιῶν.
821 2282 1039 2349 Ἐπειδὴ
1068 2280 1123 2330 δὲ
1178 2276 1480 2345 φιλοκάλως
1530 2274 1624 2325 καὶ
1650 2272 1851 2338 ἐκκλη-

272 2374 597 2435 σιαστικῶς,
626 2372 783 2425 τοῦτο
816 2372 922 2441 γὰρ
947 2370 1106 2423 πάλιν
1138 2369 1337 2438 πρέπει
1369 2370 1435 2436 τῇ
1470 2369 1534 2434 σῇ
1572 2364 1850 2433 εὐλαϐείᾳ,

270 2461 565 2531 ᾒρὼτησας
591 2460 850 2529 περὶτῶν
906 2459 972 2511 δι’
1004 2458 1247 2525 ἀνάγκην
1310 2454 1686 2524 ὑποσυρέντων
1734 2453 1851 2520 μὲν,

274 2554 351 2623 μὴ
380 2543 693 2622 φθαρέντων
739 2553 794 2603 δὲ
831 2554 886 2603 ὲν
915 2554 981 2621 τῇ
1030 2548 1377 2615 κακοπιστία,
1428 2546 1522 2598 καὶ
1576 2542 1849 2612 ἠθέλησας

264 2647 474 2715 γράψαι
519 2662 583 2713 με
618 2645 683 2696 τὰ
711 2644 934 2706 δόξαντα
962 2642 1090 2711 περὶ
1146 2638 1323 2693 αὐτῶν
1356 2640 1411 2689 ὲν
1451 2638 1571 2697 ταῖς
1619 2634 1856 2698 συνόδοις

270 2734 368 2784 καὶ
402 2731 674 2799 πανταχοῦ
707 2747 720 2761 ’
855 2730 1112 2794 γίνωσκε,
1151 2727 1323 2797 Κύριέ
1355 2742 1454 2794 μου
1488 2723 1853 2782 ποθεινότατε,

270 2825 355 2876 ὅτι
390 2824 448 2873 ὲν
477 2824 617 2889 ἀρχῇ
654 2821 771 2889 μὲν,
822 2819 1179 2886 παυσαμένης
1228 2815 1328 2883 τῆς
1371 2814 1660 2882 γινομένης
1714 2812 1855 2880 βίας,

270 2914 463 2979 γέγονε
499 2910 735 2971 σύνοδος,
768 2910 1045 2980 παρόντων
1078 2906 1184 2958 ἀπὸ
1216 2906 1321 2958 τῶν
1373 2904 1477 2968 ἔξω
1524 2901 1701 2971 μερῶν
1734 2901 1856 2952 ἑπι-

272 3002 513 3054 σκόπων·
545 3002 731 3067 γέγονε
753 3000 808 3051 δὲ
849 3000 942 3051 καὶ
975 2996 1126 3067 παρά
1152 2998 1265 3056 τοῖς
1293 2994 1391 3063 τὴν
1426 2993 1648 3044 Ἐλλάδα
1674 3007 1855 3043 κατοιο

272 3074 431 3141 κοῦσι
469 3088 914 3157 συλλειτουργοῖς·
944 3086 1095 3138 οὐδὲν
1112 3084 1167 3135 δὲ
1190 3080 1349 3153 ἧττον
1381 3082 1598 3144 καὶτοῖς
1632 3081 1689 3131 ὲν
1712 3080 1859 3131 Σπα-

270 3182 362 3249 νίᾳ
394 3182 488 3233 καὶ
518 3180 747 3250 Γαλλίᾳ·
789 3180 881 3232 καὶ
941 3179 1138 3247 ᾕρεσεν
1272 3176 1408 3243 ὅπερ
1463 3167 1562 3226 ὧδε
1596 3171 1688 3223 καί⁵
1723 3187 1856 3223 παν·

269 3268 441 3335 ταχοῦ
470 3303 484 3323 .
581 3266 717 3319 ὥστε
738 3270 847 3328 τοῖς
878 3268 973 3336 μὲν
997 3264 1461 3319 κακαπεπτωκόσι
1494 3264 1586 3315 καὶ
1609 3265 1854 3329 προϊστα-

275 3359 459 3427 μένοις
490 3360 589 3427 τῆς
614 3359 867 3419 ἀσεϐείας
932 3354 1326 3422 συγγινώσκειν
1375 3353 1471 3421 μὲν
1515 3349 1853 3419 μετανοοῦσι,

277 3447 353 3516 μὴ
379 3448 580 3499 διδόναι
607 3448 661 3499 δὲ
686 3448 868 3508 αὐτοῖς
908 3446 1068 3497 τόπον
1121 3445 1341 3513 κλήρου·
1404 3443 1513 3505 τοῖς
1559 3441 1615 3493 δὲ
1651 3440 1723 3508 μὴ
1760 3441 1856 3492 αὺ-

273 3538 520 3590 θεντοῦσι
587 3539 683 3606 μὲν
751 3538 849 3605 τῆς
913 3535 1200 3596 ἀσεϐείας,
1264 3535 1623 3602 παρασυρεῖσι
1677 3532 1732 3582 δὲ
1790 3532 1885 3583 δι’·

272 3628 524 3696 ἀνάγκην
558 3628 649 3679 καὶ
680 3626 820 3694 βίαν,
875 3626 1017 3689 εδοξε
1063 3622 1296 3676 δίδοσθαι
1364 3623 1459 3693 μὲν
1506 3622 1854 3689 συγγνώμην,

272 3718 419 3786 ἔχειν
448 3718 502 3769 δὲ
529 3718 622 3768 καὶ
652 3718 742 3768 τὸν
767 3718 928 3768 τόπον
951 3713 1041 3765 τοῦ
1088 3714 1312 3783 κλήροιν
1344 3712 1577 3781 μάλιστα
1603 3712 1682 3763 ὅτι
1720 3711 1857 3763 ἀπο-

272 3809 465 3874 λογίαν
514 3807 747 3874 πιθανὴν
808 3803 1150 3873 ἐπορίσαντο,
1197 3805 1288 3856 καὶ
1328 3802 1473 3867 ἔδοξε
1524 3800 1681 3855 τοῦτό
1739 3817 1855 3863 πως

270 3898 635 3967 οἰκονομικῶς
667 3896 941 3963 γενέσθαι.
1108 3891 1569 3947 Διεϐεϐαιὼσαντο
1623 3894 1731 3963 γὰρ
1782 3892 1856 3963 μὴ

276 3986 720 4059 μεταϐεϐλῆσθαι
748 3987 827 4047 είς
860 3984 1133 4037 ἀσέϐειαν·
1165 3984 1250 4036 ἵνα
1290 3984 1347 4035 δὲ
1384 3984 1456 4053 μὴ
1493 3982 1857 4035 κατασταθέν-

271 4095 366 4139 τες
397 4076 544 4138 τινὲς
575 4074 926 4127 ἀσεϐέστατοι
970 4074 1325 4141 διαφθείρωσι
1368 4072 1465 4133 τὰς
1509 4073 1853 4142 Ἐκκλησίας,

273 4168 481 4219 εἴλοντο
520 4166 718 4235 μᾶλλον
754 4166 1079 4234 συνδραμεῖν
1138 4168 1202 4233 τῇ
1237 4164 1327 4233 βία
1358 4167 1451 4217 καὶ
1486 4164 1747 4232 βαστάσαι
1793 4167 1856 4220 τὸ

276 4260 464 4329 βάρος,
491 4259 522 4327 ἦ
550 4259 713 4319 λαοὺς
740 4257 1055 4310 ἀπολέσθαι.
1087 4256 1257 4308 Τοῦτο
1389 4256 1442 4308 δὲ
1467 4256 1713 4322 λέγοντες
1742 4257 1855 4309 ἔδο-

276 4348 371 4412 ξαν
409 4350 540 4416 ἡμῖν
568 4346 810 4407 πιθανῶς
839 4345 1036 4410 λέγειν·
1076 4345 1161 4396 διὰ
1197 4344 1257 4396 τὸ
1309 4344 1401 4395 καὶ
1428 4341 1854 4412 προφασίζεσθαι

273 4440 475 4498 αὐτοὺς
493 4440 581 4489 τὸν
626 4436 834 4500 Ἀαρὼν
862 4439 950 4487 τον
1001 4436 1093 4486 τοῦ
1141 4434 1416 4495 Μωῦσέως
1451 4432 1676 4501 ἀδελφὸν
1701 4436 1757 4486 ὲν
1786 4436 1851 4502 τῇ

278 4510 471 4579 ἐρήμῳ
498 4509 820 4576 συνδραμεῖν
852 4511 945 4578 μὲν
979 4513 1042 4577 τῇ
1075 4509 1167 4560 τοῦ
1196 4510 1323 4561 λαοῦ
1356 4512 1677 4579 παραύάσευ
1710 4516 1847 4567 ἀπο-
1876 4504 1916 4559 Ῑ)

276 4597 468 4664 λογίαν
500 4597 554 4649 δὲ
590 4598 901 4666 ἐσχηκέναι,
930 4598 1014 4649 ἴνα
1043 4599 1117 4667 μὴ
1172 4600 1199 4651 ὁ
1248 4600 1372 4663 λαὸς
1523 4599 1847 4668 ἐπιστρέψας

277 4685 357 4745 είς
390 4685 666 4749 Αἴγυπτον
722 4686 978 4755 angebar,
1034 4689 1096 4754 τῇ
1146 4686 1571 4758 είδωλολατρεία·
1623 4692 1714 4741 καὶ
1747 4692 1853 4759 γάρ

279 4768 342 4839 ἢν
372 4772 433 4823 τὸ
473 4772 793 4840 φαινόμενον
818 4772 1055 4840 εὔλογον·
1088 4777 1167 4826 δτι
1205 4776 1453 4845 μένοντες
1479 4779 1536 4830 ὲν
1568 4780 1633 4846 τῇ
1664 4780 1853 4847 ἐρήμῳ

278 4857 530 4907 δύνανται
560 4858 869 4911 παύσασθαι
910 4860 1007 4929 τῆς
1035 4862 1306 4924 ἀσεϐείας·
1332 4865 1661 4928 είσελθόντες
1690 4868 1745 4919 δὲ
1776 4870 1853 4929 εἰς

278 4946 570 5011 Αἴγυπτον,
631 4948 978 5017 ἐπετρίϐοντο
1039 4952 1130 5002 καὶ¹
1177 4952 1403 5020 ηὔξανον
1446 4957 1501 5007 ὲν
1640 4954 1850 5018 ἑαυτοῖς

278 5036 375 5102 τὴν
403 5036 679 5087 ἀσέϐειαν.
730 5037 945 5090 Τούτων
994 5040 1170 5092 τοίνυν
1225 5044 1385 5095 ἓνεκα
1430 5047 1767 5112 συγγνωστὸν
1791 5046 1852 5099 τὸ

277 5125 412 5194 πρὸς
446 5125 533 5177 τὸν
565 5127 764 5196 κλῆρον
792 5128 1001 5195 γέγονε·
1031 5133 1140 5192 τοῖς
1166 5132 1220 5183 δὲ
1257 5134 1577 5202 ἁπατηθεῖσι
1612 5137 1703 5186 καὶ
1731 5136 1850 5203 βίαν

279 5215 509 5267 παθοῦσι
563 5217 861 5288 συγγνώμη
920 5218 1134 5272 δίδοται.
1184 5221 1367 5276 Ταῦτα
1543 5226 1635 5277 καὶ
1686 5230 1749 5295 τῇ
1785 5230 1847 5296 σῇ

278 5305 530 5376 εὐσεϐείᾳ
552 5306 713 5375 δηλῶ,
741 5307 979 5377 θαρρῶν,
1018 5310 1097 5361 ὅτι
1126 5312 1217 5361 καὶ
1250 5313 1315 5364 τὰ
1342 5312 1563 5377 δόξαντα
1595 5316 1849 5378 ἀποδέξε-

276 5397 365 5448 ταί
400 5412 493 5447 σου
526 5399 556 5466 ὴ
588 5382 993 5455 θεοσέϐειαααὶ.
1025 5402 1084 5451 οὐ
1121 5404 1523 5469 καταγνώσεται
1548 5406 1850 5476 ἐκεχειρίας

276 5485 383 5535 τῶν
421 5485 782 5538 συνελθόντων
816 5487 1002 5548 οὓτως.
1058 5491 1405 5554 Καταξίωσον
1458 5495 1513 5545 δὲ
1546 5496 1683 5547 αὐτὰ
1716 5497 1850 5565 ἀνατ

278 5576 479 5641 γνῶναι
515 5576 592 5645 τῷ
628 5578 877 5647 ίερατείῳ
902 5581 991 5631 καὶ
1021 5580 1097 5649 τῷ
1129 5581 1241 5651 λαῷ
1278 5582 1356 5652 τῷ
1389 5586 1491 5638 ὑπὸ
1525 5587 1583 5637 σὲ
1612 5623 1627 5646 ,
1740 5588 1846 5651 ἵνα,

280 5666 370 5717 καὶ
399 5666 553 5717 αὐτοὶ
584 5666 962 5733 γινώσκοντες,
1001 5671 1072 5739 μὴ
1108 5671 1426 5740 μέμφωνται
1457 5674 1597 5735 οὕτω
1629 5678 1685 5728 σὲ
1741 5678 1851 5730 δια-

280 5753 527 5820 κείμενον
554 5757 680 5826 περὶ
710 5758 834 5820 τοὺς
864 5758 1151 5823 τοιούτους.
1202 5762 1469 5827 Ἀποεπὲς
1518 5765 1622 5833 γάρ
1652 5762 1714 5835 ἦν
1752 5768 1845 5836 ἐμὲ

1936 1913 2197 1981 scriptum
2233 1922 2316 1967 est
2343 1915 2407 1976 ⁸³,
2442 1917 2620 1981 agnita
2651 1917 2893 1984 lectaque
2925 1918 2977 1969 in
3014 1919 3194 1971 corde.
3228 1916 3317 1970 Sic
3343 1919 3505 1983 igitur

1938 2004 2162 2065 credito,
2200 2013 2249 2057 et
2306 2005 2375 2057 ita
2432 2006 2653 2058 affectus
2683 2015 2823 2066 esto,
2880 2006 3039 2059 etiam
3067 2008 3289 2061 credito.
3319 2008 3506 2060 Saluto

1936 2101 2010 2159 te,
2044 2104 2186 2147 etut
2233 2096 2501 2149 rescribas
2556 2096 2774 2162 hortor;
2828 2113 2935 2151 non
2987 2112 3176 2165 parum
3203 2098 3368 2159 enim,
3410 2098 3503 2149 sed

1938 2196 2281 2249 summopere
2339 2198 2442 2246 me,
2524 2185 2594 2238 ita
2640 2186 2865 2252 agendo,
2918 2187 3171 2239 delectas.
3234 2185 3503 2249 Quoniam

1938 2282 2118 2326 autem
2147 2273 2387 2328 studiose
2414 2282 2467 2327 et
2511 2275 2897 2339 ccelesiastice,
2950 2284 3010 2328 ut
3049 2276 3230 2343 pietati
3256 2277 3505 2329 convenit

1940 2370 2067 2424 tum,
2131 2363 2475 2433 interrogasti
2534 2365 2599 2418 de
2634 2365 2699 2418 iis
2735 2366 2827 2432 qui
2877 2365 2927 2418 vi
2976 2367 3195 2434 quidem
3226 2366 3504 2431 subducti,

1940 2452 2070 2520 lapsi
2114 2464 2257 2515 sunt,
2286 2471 2379 2508 nec
2420 2465 2596 2508 tamen
2620 2472 2783 2524 prava
2827 2457 2930 2511 ﬁde
2990 2458 3271 2525 corrupti:
3310 2467 3364 2511 et
3413 2473 3507 2511 vo—

1940 2543 2086 2597 luisti
2117 2561 2201 2598 tnc
2235 2548 2555 2609 rescribere,
2589 2563 2711 2616 qua:
2734 2549 2798 2601 de
2833 2549 2961 2611 illis,
2993 2564 3115 2602 cum
3151 2549 3201 2601 in
3258 2551 3502 2618 synodis,

1940 2645 2050 2689 tum
2081 2637 2276 2704 ubique
2304 2640 2435 2693 alias
2504 2640 2718 2693 decreta
2772 2651 2930 2705 sunt;
2990 2643 3127 2695 scito
3178 2640 3401 2695 Domine
3432 2644 3502 2694 mi

1938 2726 2307 2793 Optatissime,
2376 2729 2429 2780 in
2506 2729 2772 2797 principio
2822 2730 3040 2797 quidem
3094 2744 3216 2782 cum
3276 2731 3358 2783 vis
3416 2730 3503 2783 illa

1938 2816 2206 2879 desiisset,
2242 2827 2481 2872 coactam
2523 2819 2790 2889 synodum
2843 2819 3011 2873 fuisse
3060 2819 3192 2888 (99),
3228 2820 3507 2886 praesenti-

1940 2906 2043 2958 bus
2074 2917 2379 2960 exterarum
2406 2910 2639 2975 partium
2674 2910 2945 2977 episcopis
2982 2928 2993 2961 :
3024 2911 3349 2961 celebratam
3377 2912 3502 2961 item

1940 2998 2100 3051 aliam
2137 2996 2299 3050 fuisse
2333 2999 2471 3065 apud
2506 2998 2724 3053 Cvrc-cia:
2772 3000 3195 3059 comministros,
3230 3000 3507 3068 nihiloque

1940 3087 2117 3140 secius
2143 3087 2277 3154 apud
2309 3087 2428 3140 illos
2468 3088 2559 3155 qui
2617 3089 2667 3140 in
2713 3087 2969 3156 llispania
3030 3098 3083 3141 et
3116 3089 3166 3140 in
3213 3087 3383 3141 Gallia
3413 3090 3507 3143 de-

1941 3185 2072 3244 gunt
2111 3196 2121 3229 :
2180 3188 2339 3246 atque
2375 3178 2605 3246 idipsum
2644 3178 2729 3231 hic
2760 3188 2811 3231 et
2858 3178 3057 3246 ubique
3093 3178 3379 3245 placuisse,
3422 3180 3507 3232 ni-

1943 3265 2137 3316 mirum
2169 3275 2222 3317 ut
2275 3244 2340 3319 iis
2395 3244 2485 3333 qui
2521 3266 2653 3334 lapsi
2685 3275 2829 3324 sunt,
2886 3265 2931 3317 si
2976 3264 3265 3331 impietatis
3306 3263 3506 3317 fuerint

1940 3353 2197 3422 praefecti,
2230 3357 2381 3407 venia
2416 3357 2767 3417 concedatur,
2809 3355 2854 3407 si
2910 3355 3127 3423 quidem
3163 3355 3502 3421 rcsipiscant,

1943 3460 2040 3497 nec
2065 3445 2218 3496 detur
2248 3452 2427 3497 tamen
2491 3446 2543 3498 in
2582 3446 2727 3499 clero
2759 3445 2912 3498 locus
2950 3464 2963 3498 :
2998 3445 3063 3497 iis
3101 3459 3226 3497 vero
3262 3446 3353 3512 qui
3405 3445 3506 3497 im-

1943 3538 2124 3604 pietati
2164 3538 2483 3605 patrocinati
2510 3552 2616 3590 non
2653 3546 2801 3597 sunt,
2833 3536 2924 3590 sed
2957 3536 3272 3588 necessitate
3303 3551 3363 3588 ac
3392 3537 3507 3589 vio-

1944 3624 2105 3677 lentia
2142 3627 2295 3679 tracti
2334 3625 2503 3687 fuere,
2540 3626 2812 3679 decretum
2860 3635 2961 3686 est,
2998 3634 3136 3677 utet
3169 3628 3323 3679 venia
3379 3641 3507 3679 con-

1941 3719 2184 3778 cedatur,
2208 3724 2259 3768 et
2288 3714 2340 3768 in
2374 3715 2518 3768 clero
2544 3716 2700 3769 detur
2731 3716 2916 3778 locus;
2984 3716 3328 3783 potissimum
3380 3718 3507 3786 quia

1941 3812 2361 3857 consentaneum
2409 3805 2709 3858 attulerunt
2764 3806 3194 3867 excusationem,
3264 3816 3316 3860 et
3364 3811 3507 3875 quod

1941 3895 2240 3947 meonomia
2278 3894 2511 3962 quadam
2542 3896 2593 3948 id
2628 3894 2829 3949 factum
2875 3897 3138 3950 videatur.
3160 3896 3511 3951 Afﬁrmabant

1941 3982 2137 4048 quippe
2160 3996 2216 4035 se
2243 3982 2469 4037 minime
2499 3984 2551 4036 in
2582 3984 2912 4053 impietatem
2947 3986 3129 4054 lapsos
3179 3985 3346 4039 fuisse
3377 4005 3386 4038 :
3416 3988 3507 4039 sed

1943 4084 2008 4123 ne
2055 4070 2365 4139 impiissimi
2417 4074 2637 4141 quidam
2696 4075 2943 4130 homines
3012 4076 3076 4129 ad
3133 4076 3507 4143 episcopatum

1940 4160 2131 4223 evecti,
2160 4157 2435 4213 Ecclesias
2496 4172 2926 4229 corrumperent,
2978 4178 3037 4217 se
3086 4165 3343 4218 maluisse
3386 4179 3509 4217 cum

1941 4248 2193 4304 violentia
2250 4266 2606 4315 concurrere,
2662 4260 2713 4305 et
2781 4253 2833 4305 id
2891 4255 3073 4308 oneris
3132 4252 3293 4315 ferre,
3348 4270 3511 4322 quam

1940 4340 2170 4405 populos
2201 4340 2444 4409 perdere.
2501 4339 2627 4396 llaec
2685 4341 2759 4394 illi
2802 4343 2959 4395 verba
2996 4358 3103 4396 non
3131 4344 3228 4397 abs
3254 4360 3310 4397 re
3365 4345 3512 4413 loqui

1940 4427 2099 4481 nobis
2123 4429 2224 4481 visi
2267 4440 2394 4483 sunt
2427 4450 2439 4484 :
2502 4433 2648 4501 quod
2708 4436 2944 4487 maxime
2977 4435 3077 4502 ipsi
3127 4437 3177 4488 in
3207 4438 3513 4504 exemplum

1945 4514 2216 4579 afferrent,
2251 4519 2539 4582 Aaronem,
2566 4515 2763 4583 Moysis
2795 4516 3034 4579 fratrem,
3077 4518 3127 4570 in
3160 4519 3371 4568 deserto
3416 4530 3513 4584 po-

1956 4606 2063 4673 puli
2091 4608 2516 4674 prazvaricationi
2544 4607 2890 4661 concurrisse
3016 4622 3030 4659 :
3168 4607 3306 4659 hanc
3334 4616 3511 4658 tamen

1954 4698 2357 4750 excusationem
2422 4697 2699 4758 habuisse,
2774 4713 2841 4749 ne
2906 4697 3141 4766 populus
3194 4696 3397 4750 scilicet
3460 4698 3513 4748 in

1954 4784 2241 4855 Aigyptum
2270 4801 2518 4840 reversus
2550 4787 2603 4839 in
2632 4786 2928 4840 idololatria
2965 4795 3302 4855 pertnaneret
3338 4804 3349 4837 :
3389 4800 3513 4839 nam

1953 4876 2002 4929 id
2040 4876 2232 4929 rationi
2261 4884 2402 4929 certe
2436 4886 2861 4931 consentaneum
2901 4876 3216 4939 videbatur;
3247 4876 3513 4943 siquidem

1952 4960 2005 5012 in
2039 4962 2254 5013 deserto
2306 4956 2631 5027 'manentes,
2702 4971 2952 5029 poterant
3010 4963 3301 5030 impietatis
3352 4965 3513 5015 ﬁnem

1952 5048 2144 5112 facere,
2172 5050 2253 5101 sin
2286 5058 2463 5103 autem
2496 5050 2546 5102 in
2586 5049 2875 5119 Egyptum
2929 5051 3153 5117 ingressi
3177 5049 3423 5110 fuissent,
3459 5051 3513 5102 in

1953 5142 2222 5208 impietate
2261 5141 2457 5191 versati
2485 5141 2735 5208 auctique
2771 5139 3021 5194 fuissent.
3080 5140 3415 5209 Quapropter
3444 5141 3513 5193 ad

1948 5230 2151 5281 clerum
2186 5228 2388 5280 reditus
2414 5228 2515 5281 illis
2541 5243 2832 5282 concessus
2858 5238 2976 5291 est;
3023 5228 3090 5282 iis
3135 5230 3276 5281 enim
3305 5230 3396 5297 qui
3425 5232 3515 5283 de-

1949 5319 2085 5384 cepti
2120 5327 2171 5370 et
2199 5317 2304 5369 vim
2340 5316 2486 5384 passi
2545 5328 2671 5371 sunt
2732 5318 2888 5372 venia
2932 5317 3090 5371 facile
3151 5320 3331 5372 datur.
3390 5318 3515 5374 Haec

1950 5417 2053 5460 tua:
2076 5422 2289 5475 qucque
2332 5407 2517 5474 pietati
2558 5408 2829 5477 signiﬁco,
2864 5409 3167 5471 conﬁdens,
3202 5418 3348 5463 tuam
3388 5413 3516 5464 reli-

1949 5499 2157 5566 gionem
2193 5513 2311 5566 quae
2348 5499 2561 5552 decreta
2611 5508 2737 5553 sunt
2772 5511 3167 5568 suscepturam,
3199 5518 3297 5555 nec
3321 5502 3515 5556 lenita-

1951 5601 2053 5645 tem
2081 5608 2266 5644 eorum
2304 5594 2393 5661 qui
2418 5608 2718 5648 convenere
2745 5594 3149 5649 damnaturam.
3191 5594 3312 5651 Haec
3338 5597 3516 5667 legere

1947 5682 2185 5749 digneris
2209 5683 2378 5735 sacris
2411 5682 2675 5737 ministris
2724 5693 2773 5737 et
2810 5684 3005 5753 populo
3040 5686 3131 5755 qui
3169 5687 3263 5740 tibi
3295 5688 3510 5751 subest;

1950 5780 2004 5823 ut
2039 5780 2088 5823 et
2116 5772 2213 5839 ipsi
2244 5772 2323 5825 his
2358 5773 2667 5841 compertis,
2704 5783 2754 5828 te
2810 5776 2950 5830 circa
2990 5778 3109 5831 illos
3153 5777 3222 5831 ita
3264 5777 3512 5833 affectum
