4224 6446
736 385 835 447 567

1955 381 2226 441 THEUD.
2260 381 2488 443 BALSA
2500 378 2657 439 MON

3865 391 3967 453 568

731 507 835 546 non
866 504 1177 565 coarguant.
1219 495 1329 550 Abs
1352 511 1410 550 re
1436 497 1579 549 enim
1606 504 1746 551 esset
1774 509 1861 549 me
1882 495 2133 557 scribere,
2156 508 2277 547 cum
2322 493 2363 545 Α

2322 493 2363 545 Α
2414 490 2659 557 γράφειν,
2687 490 2987 563 δυναμένης
3016 496 3114 564 τῆς
3145 498 3241 568 σῆς
3261 498 3541 564 εὐλαϐείας
3576 503 3665 554 καὶ
3691 504 3786 573 τὴν
3814 505 3970 573 ἡμῶν

730 595 818 642 tua
846 588 1017 656 pietas
1052 586 1244 653 possit,
1279 596 1333 640 et
1386 595 1629 640 nostrum
1676 601 1802 653 erga
1851 586 1974 638 illos
2030 582 2280 636 allectum

730 678 995 737 nuntiare,
1026 688 1075 730 et
1106 679 1286 734 omnia
1311 690 1429 744 quae
1457 674 1653 729 desunt
1706 676 1945 742 implere.
1979 673 2159 729 Gratia
2184 673 2282 725 Do-

730 768 897 830 mino,
930 768 1022 835 qui
1049 767 1286 834 implevit
1310 777 1360 819 te
1388 768 1535 819 omni
1567 766 1731 820 verbo
1754 775 1807 819 et
1850 765 1995 819 omni
2034 765 2277 818 scientia.

727 857 828 924 Qui
860 858 1041 925 itaque
1077 858 1447 925 paenitentiam
1488 864 1674 923 agunt,
1724 855 2071 908 anathemate
2129 854 2281 907 dam-

731 955 877 1005 nent,
905 958 1159 1011 expresso
1192 943 1434 1007 nomine,
1480 959 1700 1011 pravam
1751 942 1942 996 Euzoii
1970 952 2024 996 et
2054 941 2280 995 Eudoxii

728 1036 1048 1087 dominam.
1081 1033 1157 1085 llli
1207 1034 1350 1087 enim
1402 1034 1616 1087 Arianze
1650 1034 1918 1087 haereseos
1962 1034 2196 1101 patroni,
2224 1032 2278 1084 ir.

727 1124 1005 1176 Christum
1070 1122 1505 1190 blasphemantcs
1581 1132 1885 1175 creaturam
1968 1136 2093 1175 cum
2162 1135 2281 1174 esse

729 1214 1086 1280 scripserunt.
1133 1212 1501 1265 Conﬁteantur
1551 1226 1765 1279 quoque
1822 1211 1979 1263 ﬁdem
2032 1208 2220 1263 Nicaea:
2250 1225 2281 1263 a

730 1301 977 1355 Patribus
1027 1302 1385 1365 declaratam,
1444 1309 1497 1353 et
1544 1300 1749 1353 nullam
1806 1300 1965 1352 aliam
2018 1299 2282 1368 synodqu

731 1391 856 1445 huic
921 1400 1267 1460 anteponant.
1342 1388 1527 1442 Saluta
1602 1388 1796 1443 fratres
1852 1389 1943 1458 qui
2024 1389 2164 1456 apud
2230 1398 2283 1441 te

730 1490 885 1543 sunt;
936 1480 1029 1548 qui
1093 1479 1235 1550 apud
1285 1495 1370 1534 me
1419 1480 1639 1550 degunt,
1697 1489 1747 1535 te
1798 1479 1852 1534 in
1914 1478 2142 1533 Domino
2193 1492 2284 1533 sa-

729 1570 996 1702 “mils.
1029 1646 1106 1702 De
1140 1646 1230 1711 iis,
1263 1648 1353 1714 qui
1373 1646 1543 1702 idolis
1592 1646 1870 1702 immolata
1919 1649 2295 1710 comederunt.

732 1753 781 1794 et
808 1742 898 1809 qui
934 1740 1092 1795 idolis
1135 1741 1529 1805 sacriﬁcarunt,
1572 1748 1809 1812 synodus
1859 1742 2211 1812 Gangrensis,
2244 1753 2296 1797 et

731 1830 902 1883 sancti
930 1828 1071 1882 Petri
1103 1830 1496 1899 archiepiscopi
1550 1830 1921 1895 Alexandrini,
1946 1842 1999 1887 et
2022 1833 2293 1903 martyris,

712 1935 965 1975 .canones
997 1919 1103 1991 45
1140 1920 1309 1975 fusius
1343 1931 1597 1976 tractant.
1627 1920 1873 1976 Praesens
1905 1933 2089 1977 autem
2124 1924 2295 1977 sancti

729 2012 1008 2067 Athanasii
1056 2012 1280 2080 cpistola
1343 2020 1537 2067 tractat
1597 2014 1664 2067 de
1730 2014 1816 2078 iis,
1870 2016 1963 2082 qui
2028 2014 2296 2069 limreticis

730 2105 1270 2169 communicarunt,et
1298 2106 1363 2159 ad
1389 2105 1684 2162 Ecclesiam
1723 2105 2002 2161 accedunt.
2029 2108 2105 2159 Ad
2132 2105 2296 2159 Bulli—

730 2192 947 2244 nianum
982 2192 1149 2256 enim,
1179 2192 1269 2260 qui
1322 2192 1469 2246 illum
1525 2194 1972 2261 interrogarent,
2022 2195 2293 2260 scribens,

726 2296 949 2341 sanctus
978 2290 1077 2350 ait,
1107 2288 1277 2356 quod,
1303 2288 1395 2356 qui
1432 2288 1569 2359 lapsi
1594 2297 1722 2343 sunt
1745 2298 1797 2344 et
1834 2289 2102 2345 haereticis
2146 2305 2295 2344 com-

727 2379 1077 2433 mnnicarunt
1103 2388 1157 2433 et
1204 2381 1501 2448 impietatis
1526 2381 1809 2450 praesides,
1834 2390 1887 2436 et
1914 2383 2127 2451 patroni
2175 2379 2294 2434 fue-

727 2480 877 2536 runt,
914 2472 979 2524 ad
1008 2473 1379 2541 paenitentiam
1408 2473 1624 2541 quidem
1667 2474 2067 2528 admittuntur:
2101 2474 2147 2528 si
2198 2488 2297 2526 au-

726 2576 829 2618 tem
862 2566 969 2619 sint
1002 2566 1206 2630 clerici,
1232 2566 1316 2621 vel
1354 2568 1487 2622 alias
1527 2568 1579 2622 in
1625 2569 1796 2623 sacris
1850 2569 2152 2634 ordinibus,
2203 2582 2294 2623 sa-

720 2657 967 2711 cerdotio
997 2659 1141 2725 digni
1173 2673 1277 2712 non
1309 2659 1597 2713 habentur.
1650 2659 1752 2725 Qui
1790 2669 1967 2715 autem
2000 2660 2294 2728 impietatis

726 2764 829 2802 non
874 2749 1071 2805 ruerint
1125 2761 1396 2813 auctores,
1443 2766 1537 2807 seu
1585 2752 1674 2821 qui
1721 2768 1817 2809 sua
1876 2754 2197 2809 auctoritate
2240 2764 2293 2809 et

726 2835 999 2890 voluntate
1032 2852 1154 2891 cum
1194 2839 1464 2893 haereticis
1493 2855 1602 2893 non
1634 2843 2170 2908 commnnicaverint,
2199 2845 2292 2897 sed

723 2927 977 2993 apictate
1012 2926 1080 2980 ad
1120 2927 1447 2997 impietatem
1490 2931 1542 2983 vi
1590 2932 1744 2985 tracti
1789 2930 2026 2997 fuerint;
2085 2933 2130 2986 si
2184 2932 2293 2988 sint

719 3018 935 3086 quidem
969 3018 1175 3087 clerici,
1208 3029 1257 3074 et
1297 3022 1451 3076 venia
1494 3024 1639 3093 digni
1668 3024 1954 3088 habentur,
2004 3032 2056 3078 et
2081 3039 2109 3077 a
2144 3023 2293 3078 clere

2412 580 2536 645 περὶ
2563 580 2756 644 αὐτοὺς
2773 583 3006 638 διάθεσιν
3032 587 3383 654 ἀπαγγείλαι,
3411 593 3501 644 καὶ
3559 595 3732 646 πάντα
3767 595 3835 648 τὰ
3860 594 3971 648 λεί-

2411 687 2579 723 ποντα
2638 673 3056 746 ἀποπληρῶσαι.
3111 680 3285 748 Χάρις
3336 680 3412 750 τῷ
3463 684 3652 753 Κυρίῳ
3697 684 3772 754 τῷ
3827 685 3968 756 πλη-

2412 759 2643 830 ρώσαντί
2672 779 2731 815 σε
2761 764 2820 816 ὲν
2858 768 3018 818 παντὶ
3042 768 3184 837 λόγῳ
3222 771 3317 822 κα)⁸
3348 772 3495 843 πάσῃ
3529 774 3744 840 γνώσει.
3777 776 3840 827 Ol
3872 777 3976 844 μὲν

2409 847 2501 903 οὖν
2526 851 2906 921 μετανοοῦντες
2937 858 3182 927 φανερῶς
3211 859 3747 930 ἀναθεματιζέτωσαν
3775 865 3970 929 ὀνομά-

2409 938 2590 1001 ζοντες
2619 942 2867 1007 Εὑδοξίου
2902 944 2995 996 καὶ
3022 946 3259 1009 Εύζωῒου
3284 948 3382 1021 τὴν
3407 953 3744 1017 κακοδοξίαν.
3867 955 3970 1005 Δὺ.

2407 1028 2489 1079 τοὶ
2511 1030 2617 1098 γὰρ
2640 1031 2821 1083 λοιπὸν
2856 1032 3295 1103 βλασφημοῦντες
3320 1065 3342 1099 ,-
3397 1039 3558 1091 αὑτὸν
3608 1041 3809 1108 κτίσμα
3867 1043 3971 1094 ἀπ-

2406 1118 2716 1188 εγράψαντο
2755 1122 2852 1191 τῆς
2889 1125 3162 1193 Ἀρειανῆς
3190 1126 3451 1195 αἱρέσεως
3468 1130 3780 1198 προστάται.
3812 1130 3969 1201 Ὁμο-

2409 1206 2733 1274 λογεὶτωσαν
2783 1211 2839 1262 δὲ
2886 1213 2982 1281 τὴν
3037 1214 3095 1264 ὲν
3118 1214 3318 1285 Νικαίᾳ
3371 1216 3521 1286 παρὰ
3565 1216 3668 1269 τῶν
3704 1219 3969 1288 Πατέρων

2405 1298 2818 1367 ὁμολογηθεῖσαν
2852 1301 3048 1364 πίστιν,
3102 1302 3194 1354 καὶ
3254 1304 3515 1372 μηδεμίαν
3560 1304 3722 1375 ἀλλην
3752 1308 3967 1361 σύνοδον

2408 1388 2717 1459 προκρίνειν
2744 1389 2942 1458 ταύτης
2968 1391 3064 1459 τῆς
3098 1392 3333 1444 συνόδου.
3386 1395 3651 1463 Πρόσειπε
3682 1397 3777 1465 τὴν
3808 1400 3958 1465 παρὰ

2410 1475 2491 1526 σοὶ
2538 1475 2895 1546 ἀδελφότητα·
2943 1477 3004 1529 σὲ
3047 1478 3082 1545 ἡ
3124 1478 3220 1531 σὺν
3272 1480 3401 1550 ἡμῖν
3446 1481 3503 1531 δν
3553 1481 3741 1552 Κυρίῳ
3787 1499 3965 1552 προσ-

2408 1564 2676 1633 αγορεύει.

2478 1654 2675 1708 ΒΛΛΣ.
2704 1656 2838 1725 Περὶ
2870 1657 2977 1709 τῶν
3008 1656 3332 1710 εἰδωλόθυτα
3383 1657 3686 1723 φαγόντων,
3719 1655 3815 1707 καὶ
3840 1654 3971 1721 περὶ

2403 1743 2510 1796 τῶν
2536 1744 2814 1799 θυσάντων
2843 1750 2955 1808 τοῖς
3002 1748 3260 1810 είδώλοις,
3300 1749 3332 1816 ή
3383 1749 3450 1818 ἐν
3474 1747 3705 1815 Γάγγρᾳ
3750 1745 3971 1805 σύνοὸπ

2402 1836 2493 1887 καὶ⁸
2550 1837 2599 1887 οί
2648 1838 2869 1901 κανόνες
2918 1838 3011 1890 τοῦ
3048 1838 3201 1905 ἀγίου
3258 1838 3469 1907 Πέτρου
3528 1836 3969 1908 ἀρχιεπισκόπου

2413 1926 2817 1996 Ἀλεξανδρείας
2844 1929 2939 1981 καὶ
2973 1929 3248 1998 μάρτυρος
3279 1928 3615 1997 πλατύτερον
3654 1926 3970 1993 διαλαμϐἀο

2398 2035 2600 2071 νουσιν.
2636 2017 2701 2071 Ἤ
2739 2021 2795 2072 δὲ
2826 2019 3076 2089 παροῦσα
3118 2020 3373 2090 ἐπιστολὴ
3411 2020 3507 2073 τοῦ
3538 2020 3698 2085 ἁγίου
3730 2020 3969 2073 Ἀθανα-

2401 2110 2519 2161 σίου
2549 2108 2905 2179 διαλαμϐάνει
2930 2112 3057 2180 περὶ
3085 2110 3192 2164 τῶν
3235 2110 3789 2179 συγκοινωνησάντων
3822 2112 3975 2176 adp:-

2395 2204 2588 2268 τικοῐς,
2620 2202 2713 2254 καὶ
2768 2203 3221 2272 προσερχομένων
3248 2205 3315 2271 τῇ
3344 2202 3661 2271 Ἐκκλησία.
3692 2202 3831 2269 Φησῖ
3857 2201 3968 2271 γὰρ

2397 2294 2426 2345 ό
2459 2292 2615 2361 ᾶγιος
2645 2291 2976 2345 ἐπιστέλλων
3003 2293 3139 2362 πρὸς
3166 2292 3267 2345 τὸν.
3284 2290 3972 2363 ὲρωτήσανταῬουφιανὶν

2396 2385 2479 2437 ὅτι
2508 2384 2558 2436 οί
2609 2383 2683 2454 μὴ
2717 2385 3225 2452 παραπεπτωκότες
3258 2385 3351 2437 καὶ
3378 2383 3812 2451 κοινωνήσαντες
3857 2385 3972 2443 τοῖς

2395 2473 2717 2541 αἱρετικοῖς.
2767 2473 2859 2524 καὶ
2895 2472 3196 2543 προστάται
3239 2472 3334 2524 καὶ
3367 2472 3658 2539 συνήγοροι
3689 2469 3792 2538 τῆς
3834 2472 3972 2522 ἀσε-

2396 2564 2548 2625 ϐείας
2572 2565 2875 2634 γενόμενοι.
2910 2566 2989 2626 είς
3023 2563 3315 2634 μετάνοιαν
3348 2563 3445 2631 μὶν
3473 2562 3741 2631 δέχονται,
3773 2561 3972 2629 κληρι-

2395 2657 2480 2709 κοὶ
2509 2656 2565 2709 δὲ
2592 2655 2801 2724 ὄντεςῆ
2844 2655 3015 2714 ἄλλως
3067 2655 3349 2724 ίερωμένοι
3383 2655 3482 2720 τῆς
3525 2651 3829 2720 ίερωσύνης
3872 2651 3975 2703 οὐκ

2394 2748 2691 2815 ἀξιοῦνται.
2741 2747 2805 2801 Ol
2853 2746 2927 2817 μὴ
2949 2743 3332 2807 αὑθεντοῦντες
3382 2746 3520 2813 ὑπὲρ
3555 2744 3657 2811 τῆς
3687 2742 3973 2807 ἀσεϐείας,

2394 2840 2561 2909 ἦγουν
2588 2840 2661 2908 μὴ
2700 2837 2840 2891 κατά
2867 2836 3152 2889 αὑθεντίαν
3180 2837 3272 2889 καὶ
3299 2836 3441 2887 κατά
3467 2834 3715 2887 ἑκούσιον
3741 2832 3974 2902 γνώμην

2394 2933 2816 3000 κοινωνήσαντες
2851 2930 2961 2991 τοῖς
2984 2929 3299 2998 αίρετικοίς,
3339 2927 3474 2980 ἀλλά
3506 2926 3698 2994 βιαίως
3734 2924 3968 2991 ὲξελκυ-

2396 3021 2610 3085 σθέντες
2638 3021 2746 3074 ἀπὸ
2773 3023 2869 3089 τῆς
2919 3019 3208 3080 εὐσεϐείας
3252 3020 3333 3080 είς
3381 3016 3658 3076 ἀσέϐειαν.
3709 3013 3973 3085 κληρικοὶ

720 3124 824 3162 non
857 3111 1233 3182 abalienantur
1278 3129 1291 3166 :
1321 3128 1497 3181 eoque
1529 3118 1719 3185 magis,
1756 3116 1898 3183 quod
1947 3123 2202 3169 asserunt
2233 3128 2290 3167 se
2318 3124 2361 3178 ο

2318 3124 2361 3178 c
2394 3112 2567 3176 ὄντες,
2627 3112 2955 3181 συγγνώμης
2987 3109 3285 3173 ἀξιοῦνται,
3337 3107 3431 3161 καὶ
3480 3106 3573 3159 τοῦ
3623 3105 3830 3175 κλήρου
3872 3105 3974 3155 οὐκ

718 3201 783 3253 ad
813 3201 1140 3271 impietatem
1185 3219 1289 3258 non
1324 3205 1491 3260 fuisse
1526 3207 1833 3271 traductos,
1871 3219 1964 3260 seu
2006 3205 2286 3259 barretico-

718 3303 835 3342 rum
876 3292 1154 3347 sententia:
1208 3307 1313 3346 non
1364 3292 1531 3348 fuisse
1576 3309 1851 3355 assensos,
1908 3294 2001 3348 sed
2055 3296 2285 3363 quodam

714 3381 939 3437 consilio
970 3383 1048 3437 eis
1077 3386 1529 3451 communicasse,
1565 3401 1631 3440 ne
1670 3387 1736 3441 iis
1792 3386 1859 3441 ab
1896 3386 2144 3442 ecclesiis
2193 3400 2286 3440 ex-

714 3474 902 3542 pulsis,
951 3477 1039 3531 alii
1072 3478 1223 3546 impii
1257 3480 1309 3534 in
1339 3494 1528 3534 eorum
1562 3478 1740 3534 locum
1785 3480 2282 3542 introducerentur,

711 3578 765 3621 ist
796 3571 1051 3638 pupulum
1104 3572 1460 3626 orthodoxam
1508 3581 1937 3640 corrumperent.
1995 3570 2107 3626 Visi
2157 3581 2287 3627 eunt

714 3659 895 3725 igitur,
930 3661 1131 3731 inquit,
1158 3663 1271 3716 hac
1310 3662 1494 3718 dicere
1515 3662 1888 3730 probabiliter,
1928 3664 2106 3717 Aaron
2141 3676 2277 3729 quo-

713 3768 815 3821 que
851 3753 1095 3821 exemplo
1126 3763 1359 3809 utentes.
1410 3753 1500 3807 llle
1551 3757 1718 3816 enim.
1781 3770 1901 3810 eum
1965 3753 2175 3825 Moyses
2226 3754 2279 3807 in

712 3852 894 3898 monte
920 3844 1119 3899 diutius
1151 3854 1297 3900 esset
1328 3857 1593 3911 moratus,
1636 3855 1688 3900 et
1718 3848 2071 3901 Hebraaorum
2111 3860 2282 3915 popu-

712 3936 794 3989 lus
822 3937 949 3991 deos
985 3945 1272 4004 quaereret,
1313 3940 1480 3993 cessit
1510 3954 1695 3993 eorum
1741 3938 2203 4008 prmvaricationi,
2227 3948 2282 3993 et

709 4027 921 4080 t'nsilem
952 4028 1173 4080 vitulum
1209 4029 1255 4082 ei
1299 4029 1414 4083 lieri
1454 4028 1872 4099 permisit.-Hoc
1914 4040 2092 4083 autem
2133 4028 2277 4094 fecit,

707 4133 772 4172 ne
820 4134 1069 4173 reversus
1114 4120 1167 4172 in
1222 4119 1515 4190 ,Ἕω-μυεῖ]
1571 4120 1801 4191 populus
1856 4120 1908 4173 in
1959 4119 2275 4189 Egyptiaca

704 4210 1003 4264 idololatria
1034 4222 1397 4277 permaneret,
1424 4222 1699 4280 reputans,
1728 4212 1894 4281 quod,
1939 4226 2062 4264 cum
2092 4211 2203 4264 sint
2227 4214 2277 4265 in

701 4304 935 4364 deserto,
978 4308 1233 4369 poterunt
1280 4305 1347 4357 ab
1375 4304 1649 4371 impietate
1697 4304 1954 4357 desistere
1989 4319 2003 4358 :
2039 4304 2129 4357 sed
2148 4303 2192 4356 si
2221 4303 2277 4356 in

702 4393 1183 4462 1E3yptol'uerint,
1215 4395 1566 4464 cruntmagis
1592 4395 1761 4461 impii,
1796 4409 1973 4449 mores
1998 4393 2277 4463 Egyptia-

702 4501 820 4539 rum
856 4496 1165 4554 sequentes.
1202 4487 1280 4540 Ac
1312 4487 1379 4540 de
1412 4486 1478 4541 iis
1512 4486 1750 4553 quidem,
1784 4486 1876 4553 qui
1909 4501 2097 4541 sacros
2130 4486 2277 4539 ordi-

700 4593 796 4630 nes
825 4587 1192 4644 Sumpscrunt,
1240 4580 1351 4630 haec
1386 4578 1535 4633 dicit.
1572 4576 1820 4645 Deceptis
1844 4587 2047 4641 autem,
2080 4586 2133 4630 et
2168 4578 2273 4629 vim

698 4670 876 4737 passis
902 4670 1053 4724 laicis
1087 4669 1245 4724 venia
1278 4670 1458 4733 datur,
1493 4670 1780 4737 susceptis,
1823 4679 1873 4721 et
1914 4668 1983 4723 ab
2007 4668 2274 4738 episcopis

697 4762 959 4814 canonice
994 4759 1341 4829 dispensatis,
1373 4769 1560 4827 utpote
1608 4761 1699 4828 qui
1744 4761 1995 4813 haeretica
2041 4760 2275 4812 debeant

698 4863 883 4923 aperte
920 4854 1383 4907 anathematizare
1435 4869 1531 4908 seu
1583 4852 1633 4905 in
1684 4851 1928 4906 Ecclesia
1972 4850 2272 4905 :Niccnam

698 4960 879 5001 autem
917 4946 1272 5000 orthodoxam
1307 4946 1464 4998 (idem
1493 4946 1763 4999 confiteri.
1811 4944 2119 5015 Ἐκεχειρία
2148 4960 2276 4998 vero

694 5042 899 5094 dicitur
924 5039 1100 5108 quies,
1133 5048 1190 5092 et
1235 5038 1420 5106 operis
1466 5038 1735 5101 remissio,
1795 5052 1917 5106 quae
1967 5046 2021 5090 ct
2068 5037 2272 5092 vacatio

697 5135 922 5189 remissa
948 5133 1166 5196 dicitur,
1202 5146 1227 5184 ο
1261 5132 1511 5185 manibus
1545 5130 1906 5194 continendis,
1950 5141 2007 5182 ut
2047 5145 2165 5199 quae
2204 5131 2275 5185 sit

697 5241 950 5280 manuum
977 5225 1332 5279 continentia.
1352 5221 1485 5279 Nota
1509 5236 1641 5292 ergo
1660 5237 1721 5277 ex
1749 5224 1999 5290 przesenti
2026 5223 2272 5290 cpistola,

693 5319 836 5386 quod
868 5318 1021 5372 aliter
1057 5319 1376 5387 puniuntur,
1405 5317 1493 5385 qui
1542 5331 1642 5385 per-
1679 5318 1783 5370 vitn
1833 5331 1953 5370 cum
2011 5316 2274 5370 haereticis

692 5412 867 5467 solum
896 5414 1387 5477 connnunicarunt,
1415 5410 1569 5463 aliter
1595 5412 1686 5479 qui
1740 5411 1825 5465 his
1855 5420 2274 5477 consenuerunt,

692 5515 747 5558 et
773 5505 1097 5571 impieiatem
1126 5502 1505 5567 defenderunt,
1527 5502 1685 5556 aliter
1715 5503 1805 5572 qui
1843 5504 1907 5555 ad
1938 5503 2271 5572 impietatem

694 5596 1117 5667 transfugerunt,
1149 5597 1307 5651 aliter
1341 5596 1434 5667 qui
1476 5596 1558 5649 his
1586 5596 2077 5658 communicarunt,
2106 5605 2158 5651 et
2187 5611 2274 5652 sa-

698 5687 1029 5752 crificarunt,
1064 5691 1222 5744 aliter
1256 5688 1350 5759 qui
1396 5687 1691 5759 idolothyta
1724 5690 1769 5741 vi
1799 5691 2171 5755 comederunt,
2224 5698 2278 5742 cl.

695 5780 1064 5850 aliterquibus
1091 5782 1153 5838 ad
1178 5783 1278 5839 boc
1311 5782 1506 5854 ipsum,
1527 5791 1583 5839 ut
1611 5782 1976 5852 comederent,
2005 5783 2085 5838 vis
2117 5782 2275 5837 allata

2394 3203 2817 3269 ἀποξενοῦνταιο
2879 3201 2975 3254 καὶ
3012 3200 3212 3270 μᾶλλον
3263 3199 3348 3251 ὅτι
3400 3193 3846 3249 διαϐεϐαιοῦνται
3896 3191 3974 3261 μὴ

2398 3294 2801 3364 μεταϐληθῆναι
2832 3294 2910 3352 είς
2940 3291 3215 3353 ἀσέϐειαν,
3251 3291 3423 3360 ἤγουν
3469 3289 3544 3357 μὴ
3576 3285 3869 3341 συνθέσθαι
3904 3287 3971 3355 τῇ

2393 3388 2519 3457 δόξῃ
2571 3389 2680 3441 τῶν
2727 3388 3046 3456 αἱρετικῶν.
3092 3386 3227 3440 ἀλλὰ
3272 3384 3412 3438 κατά
3452 3384 3611 3450 λόγον
3657 3381 3975 3447 οίκονομίας

2394 3478 2831 3546 συγκοινωνῆσαι
2857 3477 3089 3541 τούτοις,
3119 3478 3205 3529 ῐνα
3232 3474 3329 3545 μὴ.
3352 3474 3534 3527 αὐτῶν
3563 3471 3976 3539 ὲκδιωχθέντων

2391 3564 2502 3618 ἀπὸ
2550 3563 2656 3618 τῶν
2710 3564 3037 3634 ἐκκλησιῶν,
3070 3564 3251 3634 ιτεροι
3299 3562 3519 3624 ἀσεϐεῖς
3568 3560 3975 3629 ἀντεισαχθιτλσι

2392 3654 2487 3707 καὶ
2542 3653 2899 3724 διαφθείρωσι
2938 3655 3029 3707 τὸν
3088 3654 3369 3724 όρθόδοξον
3398 3652 3549 3706 λαόν.
3582 3652 3811 3715 Ἐδοξαν
3854 3645 3973 3714 οὖν,

2392 3742 2545 3811 φησὶ,
2578 3742 2827 3807 πιθανῶς
2857 3742 3031 3796 ταῦτα
3058 3744 3262 3812 λέγειν,
3313 3741 3590 3813 χρώμενοι
3634 3742 3730 3793 καὶ
3772 3758 3975 3810 παρα-

2389 3833 2643 3903 δείγματι
2681 3834 2913 3905 ’Δαρὼν.
2957 3835 3199 3897 Ἐκεῖνος
3248 3835 3359 3902 γὰρ
3401 3833 3498 3885 τοῦ
3531 3830 3814 3891 Μωῡσέως
3848 3848 3978 3898 χρο-

2391 3923 2637 3987 νίσαντος
2670 3926 2731 3979 ὲν
2784 3924 2860 3994 τῷ
2912 3924 3049 3995 ὄρει,
3102 3925 3199 3978 καὶ
3230 3924 3324 3977 τοῦ
3357 3923 3493 3976 λαοῦ
3546 3923 3655 3975 τῶν
3696 3920 3976 3989 Ἐϐραίων

2390 4014 2547 4078 θεοὺς
2577 4015 2887 4086 ζητοῦντος,
2922 4017 3149 4069 ἐνέδωκε
3177 4017 3242 4086 τῇ
3271 4014 3478 4068 τούτων
3508 4013 3848 4081 παραϐάσει.
3880 4012 3975 4063 καὶ

2390 4106 2645 4173 γενέσθαι
2669 4109 2854 4170 αὐτοῖς
2875 4106 3240 4178 παρεχώρησε
3258 4106 3530 4177 χωνευτὸν
3558 4104 3777 4173 μόσχον.
3798 4102 3977 4154 Τοῦτο

2385 4198 2441 4251 δὲ
2475 4200 2757 4266 ιποίησεν,
2808 4200 2893 4253 ἵνα
2944 4200 3019 4269 μὴ
3064 4200 3093 4251 ό
3140 4199 3266 4261 λαὸς
3295 4196 3655 4267 ὑποστρέψας
3685 4196 3767 4257 είς
3800 4194 3973 4261 Afru-

2386 4309 2519 4345 πτον
2542 4293 2799 4363 ἑπιμείνη
2820 4295 2886 4363 τῇ
2912 4291 3328 4361 εἰδωλολατρεία
3351 4292 3417 4359 τῇ
3434 4290 3804 4357 Αίγυπτιακῇ,
3826 4286 3978 4353 λογι-

2388 4385 2619 4453 σάμενος
2636 4385 2737 4447 ὅτι,
2762 4388 2817 4437 ὲν
2836 4387 2901 4453 τῇ
2922 4385 3017 4453 ὲρή
3028 4401 3111 4453 μῳ
3127 4382 3302 4445 ὄντες,
3320 4383 3642 4452 δυνήσονται
3664 4380 3973 4447 ἀποστῆναι

2317 4467 2356 4520 θ
2385 4476 2483 4540 τῆς
2515 4474 2772 4537 ἀσεϐείας
2796 4491 2811 4506 υ
2851 4475 2910 4526 ὲν
2937 4474 2993 4526 δὲ
3031 4476 3098 4542 τῇ
3133 4473 3394 4541 Αἰγύπτῳ
3423 4471 3730 4539 γενόμενοι,
3766 4467 3974 4535 μᾶλλον

2380 4567 2857 4637 ἀσεϐήσουσιτοϊς
2912 4565 3229 4634 Αίγυπτίων
3289 4565 3548 4631 ἑπόμενοι
3612 4562 3785 4613 ἔθεσι.
3858 4560 3972 4612 Καὶ

2379 4659 2507 4729 περὶ
2539 4658 2636 4727 μὲν
2663 4657 2980 4727 ἱερωμένων
3006 4655 3183 4710 ταῦτά
3206 4671 3360 4723 φησι.
3395 4654 3527 4715 Τοῖς»
3546 4653 3602 4705 δὲ
3635 4649 3962 4719 ἀπατηθείσι

2377 4755 2471 4805 καὶ
2502 4750 2625 4820 βίαν
2656 4750 2893 4803 παθοῦσι
2919 4749 3132 4810 λαῖκοῖς
3160 4745 3461 4814 συγγνώμη
3488 4744 3714 4803 δίδοται,
3746 4742 3967 4810 δεχομέ-

2380 4860 2493 4905 νοις
2526 4844 2618 4895 καὶ
2667 4839 3147 4910 οίκονομουμένοις
3186 4838 3340 4906 παρά
3370 4836 3479 4888 τῶν
3512 4832 3832 4886 ἐπισκόπων
3872 4848 3970 4881 κα-

2378 4934 2624 4995 νονικῶς,
2656 4932 2730 4995 ὡς
2784 4932 2877 4984 καὶ
2922 4930 3237 4999 ὀφείλουσιν
3280 4925 3711 4995 ἀναθεματίζειν
3769 4924 3870 4989 μιν
3905 4922 3971 4973 τὰ

2377 5023 2486 5076 τῶν
2530 5022 2824 5089 αίρετικῶν
2884 5019 3177 5088 φανερῶς,
3233 5020 3406 5087 ἤγουν
3473 5017 3562 5070 ἐπ’
3618 5013 3966 5080 ἐκκλησίαςο

2378 5112 2660 5181 ὁμολογεῖν
2685 5110 2742 5163 δὲ
2777 5109 2877 5180 τὴν
2916 5110 2975 5161 ἐν
3002 5107 3209 5178 Νικαία
3239 5106 3530 5178 όρθόδοξον
3564 5104 3773 5156 πίστιν.
3814 5101 3972 5154 Ἐκε-

2381 5206 2564 5276 χειρία
2593 5204 2650 5257 δὲ
2707 5204 2927 5271 λέγεται
2971 5205 3006 5274 ἡ
3038 5201 3208 5272 ἀργία
3265 5200 3361 5254 καὶ
3411 5196 3675 5268 ἀπραξία,
3716 5196 3843 5265 ἥτις
3875 5196 3971 5247 καὶ

2379 5300 2568 5361 ἄνετος
2601 5298 2755 5349 ἄδεια
2793 5297 3036 5363 λέγεται,
3067 5294 3177 5348 ἀπὸ
3224 5293 3317 5345 τοῦ
3370 5291 3593 5362 ιπέχειν
3623 5289 3720 5350 τὰς
3752 5288 3970 5357 χεῖρας,

2379 5391 2659 5460 ἐκεχειρία
2712 5406 2797 5452 τις
2836 5382 2993 5442 οὖσα.
3053 5387 3371 5455 Σημείωσαι
3421 5383 3514 5436 οῦν
3573 5382 3667 5433 καὶ
3722 5379 3833 5432 ἀπο
3870 5378 3971 5447 τῆς

2382 5482 2666 5553 παρούσης
2708 5481 2999 5550 ἐπιστολῆς
3025 5482 3106 5533 ὅτι
3154 5480 3333 5543 ἄλλως
3366 5476 3689 5539 κολάζονται
3720 5473 3774 5524 οί
3826 5472 3974 5524 κατά

2382 5577 2507 5642 βὲαν
2543 5576 2974 5645 κοινωνήσαντες
3006 5572 3171 5642 μόκον
3195 5575 3305 5633 τοῖς
3337 5568 3654 5636 αίρετικοῐς.
3698 5563 3883 5625 ἄλλως
3920 5565 3973 5616 οί

2382 5668 2859 5737 ὀμοφρονήσαντες
2890 5665 3101 5727 τούτοις
3137 5663 3229 5716 καὶ
3261 5660 3399 5728 ὑπὲρ
3426 5659 3523 5729 τῆς
3556 5655 3815 5724 ἀσεϐείας
3848 5670 3976 5706 συν-

2387 5762 2785 5831 ηγορήσαντες,
2809 5759 2983 5821 ἄλλως
3003 5760 3049 5810 οἱ
3079 5754 3572 5824 αὐτομολήσαντες,
3589 5748 3767 5811 ἄλλως
3786 5749 3830 5801 οί
3857 5763 3973 5800 κοι-
