4224 6446
252 394 358 452 5G9

1178 394 1258 454 IN
1290 396 1532 455 EPIST.
1562 398 1631 455 S.
1668 395 2090 457 A'i‘ii-ANASII
2137 402 2236 459 AD
2277 398 2543 459 RUFIN.

3408 390 3517 451 570

256 502 591 563 νωνήσαντες
613 502 821 565 τούτοις
848 504 937 557 καὶ
966 503 1248 569 θύσαντες,
1274 508 1443 568 ἄλλως
1470 508 1521 559 oi
1544 508 1683 560 κατά
1708 508 1829 574 βίαν

1950 521 2032 563 est
2064 528 2075 562 :
2110 523 2160 564 et
2190 523 2246 562 ut
2271 508 2436 563 semel
2468 509 2671 567 dicam,
2708 518 2902 568 magna
2965 503 3080 556 haec
3128 500 3530 555 examinatione

258 594 524 657 φαγιίντες
540 595 865 649 εἰδωλόθυτα
882 611 895 625 ο
926 599 1017 648 καὶ
1043 596 1218 659 ἄλλως
1238 601 1286 650 οί
1309 599 1572 666 παθόντες
1594 599 1716 670 βξαν
1742 600 1839 651 καὶ

1954 601 2211 666 indigent,
2238 600 2496 667 quoniam
2526 597 2689 650 etiam
2721 596 3005 647 difliculter
3038 602 3294 645 curantur

258 688 389 752 περὶ
411 687 542 739 αὒτδ
572 688 632 741 τὺ
655 692 868 755 φαγεῖν.
892 697 987 741 καὶ
1018 691 1204 751 ἀτελῶς
1230 694 1296 744 τά
1316 692 1426 745 τῶν
1452 694 1708 746 τοιούτων
1731 691 1973 760 μεγάλης
1994 693 2294 755 ἓεετάσεως
2323 694 2555 754 δέονται,
2580 690 2661 742 ὅτι
2693 690 2787 740 καὶ
2810 686 3087 756 δυσχερῶς
3110 680 3531 751 θεραπεύονται.

329 776 575 830 ΖΩΝΛΡ.
613 778 689 830 Οὐ
747 780 873 845 περὶ
926 780 1035 831 τῶν
1069 780 1313 843 εἰδώλοις
1370 783 1677 844 θυσάντων,
1733 785 1849 834 καὶη

258 866 433 931 οὕτως
490 870 1010 933 παραπεπτωκότων
1060 852 1100 941 ἦ
1155 874 1427 943 έρώτησις
1464 874 1604 945 αὕτη
1662 877 1833 937 ἐστὶν,

260 960 394 1014 ἀλλά
431 964 557 1028 περὶ
579 963 685 1015 τῶν
711 963 1007 1028 αίρετικοῐς
1042 968 1626 1033 συγκοινωνησάντων,
1664 968 1837 1036 ἧγουν

266 1052 594 1120 Ἀρειανοῖς.
648 1054 712 1107 0i
747 1054 855 1123 γὰρ
882 1056 981 1124 τῆς
1019 1057 1229 1125 Ἀρείου
1261 1059 1550 1126 αίρέσειυς,
1599 1075 1836 1128 προστε-

258 1145 448 1205 θέντας
503 1147 686 1208 αὐτοῖς
739 1148 964 1216 σχόντες
1024 1148 1266 1214 βασιλεῖς
1303 1150 1399 1202 τὸν
1453 1152 1838 1205 Κωνστάντιον

257 1240 351 1284 καὶ
380 1235 474 1284 τὸν
504 1234 801 1297 Οὐάλεντα,
846 1237 1146 1289 κάντεῦθεν
1181 1240 1325 1305 μέγα
1356 1241 1669 1308 δυνάμενοι,
1704 1238 1837 1291 πολ-

255 1326 382 1383 λοὺς
422 1324 714 1403 ἐϐιάσαντο
767 1328 1135 1397 προστεθῆναι
1188 1334 1253 1399 τῇ
1312 1330 1437 1401 δόξῃ
1494 1331 1697 1389 αὐτῶν.
1736 1324 1837 1383 Ὧν

255 1412 486 1480 ὕστερον
517 1416 942 1483 μετανοούντων,
982 1421 1076 1471 καὶ
1109 1424 1565 1489 προσερχομένων
1601 1424 1667 1489 τῇ
1701 1420 1839 1473 καθ-

254 1503 415 1574 ολικῇ
472 1506 793 1578 Ἐκκλησία,
843 1508 1189 1579 ἠρώτησενό
1224 1502 1598 1579 Ῥουφινιανδς
1617 1510 1840 1563 ἐπίσκο-

255 1614 360 1661 πος
390 1597 489 1661 ῶν,
515 1600 665 1662 ὅπως
695 1600 801 1670 χρὴ
830 1602 956 1663 τοὺς
982 1590 1260 1665 τοιούτους
1287 1601 1539 1671 δέχεσθαι
1567 1616 1580 1631 ·
1608 1603 1744 1670 πρὸς
1774 1602 1840 1669 ἢν

255 1685 531 1758 ἐρώτησιν
562 1690 835 1761 ἀπεκρίθη
867 1694 895 1746 ό
932 1693 1101 1761 μέγας
1146 1693 1461 1754 Ἀθανάσιος
1491 1695 1598 1754 ὅτι,
1630 1693 1841 1746 πολλῶν

254 1782 569 1843 γενομένων
621 1782 858 1834 συνόδων
894 1782 1134 1837 τοπικῶν
1172 1784 1373 1853 δηλαδὴ
1432 1786 1564 1853 περὶ
1608 1785 1843 1845 τούτων,

254 1874 460 1935 ἔδοξεν,
492 1874 631 1928 ὥστε
651 1878 763 1937 τοῖς
800 1876 896 1943 μὲν
917 1878 1304 1945 παραπεσοῦσι
1323 1879 1696 1946 κοινωνήσασι
1728 1881 1841 1939 τοῖς

254 1966 579 2029 αἱρετικοίς.
616 1963 708 2015 καὶ
740 1964 807 2016 τά
853 1965 994 2018 αὑτᾶ
1044 1966 1280 2029 έκείνοις
1312 1968 1536 2033 φρονεῖν
1563 1966 1841 2034 ὁμολογή-

259 2066 411 2143 σασι.
450 2054 542 2104 καὶ
581 2053 643 2105 οὐ
701 2052 863 2121 μόνον
896 2054 1081 2118 τοῦτο,
1112 2056 1247 2107 ἀλλά
1292 2058 1386 2107 καὶ
1414 2057 1839 2123 προϊσταμένοις
1876 2090 1917 2143 Β

252 2142 358 2210 τῆς
394 2143 687 2205 ἀσεϐείας·
732 2145 901 2213 ἢγουν
938 2148 1511 2217 ὑπεραγωνιςομένοις
1548 2148 1719 2216 αὐτῆς
1747 2146 1847 2205 καὶ

254 2232 644 2303 συνηγοροῦσι,
693 2236 787 2287 καὶ
845 2235 1056 2289 πείθειν
1095 2236 1424 2289 σπεύδουσιν
1467 2237 1543 2300 ὡς
1584 2236 1840 2306 ἀσφαλὴς

254 2326 289 2392 ἠ
324 2325 555 2377 suiva
600 2326 716 2378 ἐστὶ
758 2324 908 2390 δόξα,
959 2325 1281 2394 μετανοοῦσι
1333 2328 1428 2381 καὶ
1472 2327 1848 2397 προσερχομέ-

252 2433 370 2478 νοις
425 2420 488 2485 τῇ
550 2417 814 2487 όρθοδόξῳ
862 2418 1181 2490 Ἐκκλησία,
1228 2418 1467 2473 δίδοσθαι
1518 2421 1616 2488 μὲν
1675 2420 1845 2488 μετά·

254 2528 410 2563 νοιαν
467 2514 562 2565 καὶ
624 2512 997 2583 συγγνώμην·
1060 2515 1136 2583 μὴ
1193 2514 1377 2583 μέντοι
1409 2530 1474 2581 γε
1538 2514 1632 2565 καὶ
1679 2515 1845 2567 τόπον

254 2600 465 2670 κλήρου
522 2603 707 2665 αὺτοῖς
762 2603 1191 2672 παραδέχεσθαι.
1249 2604 1369 2656 Κᾶν
1398 2604 1508 2672 γὰρ
1544 2604 1842 2655 ἐπίσκοποι

254 2695 422 2760 τυγὲιν
447 2688 589 2764 ἦσαν
614 2694 647 2763 ἢ
674 2695 947 2764 κληρικοὶ,
980 2695 1164 2757 οὐκέτι
1194 2695 1551 2765 δεχθήσονται
1574 2696 1655 2757 είς
1678 2697 1843 2748 τόπον

254 2786 594 2855 ἱερωμένων,
624 2786 740 2839 ἀλλ’
773 2786 849 2850 ὡς
867 2786 1048 2864 λαῖικοὶ
1078 2787 1313 2841 έσονται.
1348 2788 1473 2851 Τοῖς
1502 2788 1558 2841 δὲ
1593 2788 1668 2857 μὴ
1698 2787 1835 2841 αὐθ-

254 2877 472 2930 εντοῦσι
516 2879 617 2946 μὲν
658 2879 757 2945 τῆς
816 2878 1097 2943 ἀσεϐείας,
1148 2880 1317 2951 {mw
1357 2880 1432 2949 μὴ
1464 2880 1605 2932 κατὰ
1649 2879 1844 2933 αὐθεν-

252 2972 377 3023 τίαν
410 2972 506 3023 καὶ
537 2970 765 3041 γνώμην
814 2972 1064 3025 ἑκούσιον
1098 2973 1480 3041 κοινωνήσασι
1526 2973 1642 3031 τοῖς
1689 2973 1845 3038 αἱρε-

253 3064 463 3124 τικοῖςο
504 3065 874 3131 παρασυρεῖσι
907 3063 966 3115 δὲ
1024 3062 1095 3114 δι’
1122 3063 1371 3132 ἀνάγκην
1403 3063 1499 3114 καὶ
1549 3061 1690 3130 βίαν,
1724 3061 1844 3129 ἦτοι

253 3153 450 3223 βιαίως
505 3154 858 3222 συνθεμένοις
904 3157 973 3224 τῇ
1025 3153 1413 3222 ἀσεϐεία,-καὶ
1464 3151 1843 3217 έξελκυσθεῖσι

254 3248 350 3314 τῆς
382 3245 672 3309 εὐσεϐείας
714 3246 931 3316 (ῶσπερ
991 3245 1103 3315 γὰρ
1141 3247 1168 3297 ὸ
1206 3245 1313 3297 ὑπὸ
1359 3244 1597 3313 σφοδρᾶς
1631 3242 1843 3294 ὑδάτων

254 3339 433 3409 φορᾶς
489 3338 951 3408 παρασυρόμενως
986 3339 1047 3391 οὐ
1078 3338 1224 3391 κατὰ
1272 3337 1599 3406 προαίρεσιν
1630 3333 1842 3389 οίκείαν

2009 781 2406 836 ZONAR.'Nou
2437 783 2503 832 de
2531 780 2618 840 iis.
2639 781 2729 846 qui
2756 779 2911 833 idciis
2940 776 3315 835 immolavere,
3363 787 3425 824 ac
3456 770 3529 822 ita

1938 874 2071 942 lapsi
2106 886 2255 936 sunt.
2295 875 2406 927 hac
2438 873 2667 942 qurestio
2694 880 2799 933 est,
2834 885 3018 924 verum
3073 869 3142 921 de
3178 867 3244 918 iis
3276 864 3366 929 qni
3400 879 3529 917 cum

1940 968 2214 1020 luet-etic‘s
2244 965 2735 1029 conummicavere,
2761 964 2976 1018 Ariauis
3016 958 3291 1013 nimirum.
3320 955 3531 1009 Etenim

1943 1058 2154 1118 Ariani,
2191 1072 2314 1111 cum
2350 1057 2452 1109 sibi
2510 1057 2922 1110 consentientes
2975 1054 3238 1108 haberent
3288 1050 3529 1110 ἰπιῐδθηο

1946 1162 2091 1203 tores
2123 1148 2506 1205 Constantium
2539 1158 2593 1201 et
2623 1148 2931 1207 Valentem,
2973 1157 3039 1197 ex
3091 1155 3261 1203 eoque
3298 1137 3528 1191 multum

1947 1243 2221 1307 valerent,
2250 1241 2579 1308 complures,
2611 1249 2668 1293 nt
2707 1240 2945 1307 ipsorum
2976 1235 3285 1303 opinionem
3317 1234 3529 1295 ample-

1944 1343 2247 1395 cterentur,
2286 1347 2383 1401 per
2412 1332 2519 1384 vim
2554 1330 2802 1395 adegere.
2831 1327 2956 1394 Qui,
3011 1340 3137 1380 cum
3192 1339 3314 1377 mox
3359 1319 3533 1388 paeni-

1942 1426 2109 1478 tentia
2143 1425 2292 1477 ducti
2319 1424 2383 1476 ad
2416 1421 2714 1477 Ecclesiam
2746 1418 3070 1475 catholicam
3105 1430 3164 1471 se
3194 1415 3530 1474 conferrent,

1946 1514 2543 1583 rogavitltufiinianus,
2596 1513 2794 1582 quippe
2845 1511 3153 1579 episcopus,
3180 1498 3439 1575 quamam
3477 1505 3532 1555 in

1943 1605 2209 1675 ejusmodi
2267 1605 2579 1659 hominibus
2646 1601 3001 1677 admittendis
3070 1598 3338 1653 servanda
3394 1595 3533 1649 ratio

1943 1704 2107 1751 esset.
2140 1695 2218 1749 Ad
2250 1709 2417 1764 quam
2474 1682 2959 1761 interrogationem
3013 1701 3244 1757 magnus
3292 1683 3534 1738 Athana-

1944 1788 2056 1843 sius
2103 1786 2382 1853 respondit
2411 1826 2426 1850 ,
2470 1800 2594 1839 cum
2629 1784 2811 1836 multa:
2847 1780 3062 1851 synodi,
3114 1777 3314 1829 locales
3370 1774 3537 1829 nimi-

1947 1892 2088 1941 rum,
2116 1878 2182 1931 de
2208 1877 2293 1931 his
2325 1876 2613 1931 celebrata;
2642 1874 2772 1936 sint,
2813 1873 3093 1925 decretum
3129 1865 3322 1929 fuisse,
3370 1871 3429 1917 ut
3454 1863 3534 1916 la-

1946 1970 2078 2038 psis,
2104 1967 2194 2037 qui
2225 1982 2346 2022 cum
2393 1965 2664 2021 bereticis
2695 1962 3199 2019 conuuunicarunt,
3236 1956 3535 2023 eademque

1948 2077 2070 2117 cum
2103 2060 2441 2115 illis‘sentire
2482 2074 2543 2113 se
2574 2056 2805 2127 professi
2844 2064 2997 2112 sunt.
3033 2066 3211 2121 neque
3262 2050 3367 2103 hoe
3419 2059 3537 2101 tan-

1949 2165 2089 2217 tum,
2114 2153 2207 2208 sed
2230 2161 2285 2207 et
2310 2151 2611 2221 impietatis
2645 2147 2928 2219 primipili,
2958 2145 3063 2198 hoc
3089 2153 3195 2205 est,
3225 2141 3534 2209 prapugnaA

1949 2254 2097 2299 tores
2120 2254 2172 2299 et
2199 2244 2408 2313 patroni
2446 2242 2688 2303 fuerunt,
2710 2254 2772 2293 ac
2797 2247 2965 2292 tutam
2987 2236 3202 2289 illorum
3223 2232 3534 2298 opinionem

1948 2352 2069 2393 esse
2095 2337 2427 2406 persuadere
2455 2334 2813 2397 studuerunt;
2863 2332 2908 2385 si
2964 2325 3318 2395 resipuerint,
3370 2336 3537 2390 seque

1949 2430 2271 2486 orthodoxae
2312 2428 2567 2482 Ecclesia:
2601 2424 2974 2491 adiunxerint,
3030 2418 3368 2489 pmnitentiaa
3412 2414 3535 2482 qui-

1949 2524 2071 2577 dem
2094 2522 2161 2575 sit
2193 2522 2343 2576 locus
2374 2528 2430 2573 et
2459 2518 2627 2571 venias
2659 2536 2673 2572 :
2720 2524 2977 2570 cteterum
3008 2513 3074 2567 ad
3105 2512 3284 2565 locum
3316 2511 3366 2563 in
3391 2507 3537 2560 clero

1945 2612 2300 2668 obtinendum
2340 2609 2649 2664 nullatenus
2693 2606 3079 2661 admittantur.
3134 2602 3271 2656 Nam
3312 2598 3529 2654 etiamsi

1945 2703 2183 2775 episc0pi
2220 2701 2448 2756 fuissent
2508 2698 2739 2754 forsitan
2791 2696 2874 2750 vel
2925 2694 3132 2758 clerici,
3194 2704 3535 2759 nequaquam

1946 2798 1999 2852 iu
2030 2809 2313 2851 sacrorum
2350 2794 2631 2847 hominum
2667 2791 2919 2845 ordinem
2967 2788 3322 2858 recipientur,
3352 2783 3446 2839 sed
3479 2792 3541 2837 ut

1948 2887 2073 2941 laici
2105 2898 2287 2941 erunt.
2330 2885 2434 2952 Qui
2470 2900 2599 2939 vero
2650 2883 2951 2953 impietatis
2998 2892 3253 2936 auctores
3316 2878 3540 2932 minime

1948 2978 2188 3039 fuerunt.
2224 2979 2327 3031 hoc
2357 2988 2461 3039 est,
2492 2978 2584 3044 qui
2618 2988 2810 3044 sponte
2858 2983 2913 3030 et
2944 2972 3251 3027 voluntarie
3279 2987 3399 3025 cum
3430 2970 3541 3023 bas-

1949 3070 2134 3123 reticis
2178 3082 2285 3121 nou
2339 3068 2834 3129 communicarunt,
2897 3065 3228 3119 necessitate
3266 3068 3446 3115 autem
3480 3071 3539 3115 et

1944 3160 1997 3213 vi
2026 3158 2188 3212 tracti
2224 3168 2371 3221 sunt,
2409 3157 2545 3222 sive,
2571 3173 2666 3225 per
2688 3157 2792 3210 vim
2819 3156 3081 3225 impietati
3115 3162 3534 3213 consenserunt.

1944 3260 2179 3319 suntque
2202 3267 2231 3303 a
2260 3251 2465 3319 pietate
2489 3249 2748 3303 abstracti
2781 3248 2863 3318 (ut
2914 3246 3081 3310 enim,
3113 3244 3203 3314 qui
3226 3242 3536 3299 vehementi

1953 3358 2219 3413 aquarum
2274 3343 2476 3411 impetu
2508 3342 2737 3409 rapitur,
2767 3354 2873 3392 non
2905 3354 3000 3391 sua
3025 3338 3304 3390 voluntate
3358 3334 3541 3389 deler-

255 3433 507 3500 φέρεται,
544 3430 681 3484 ἀλλά
716 3429 907 3499 βιαίως
960 3431 1215 3483 ἕλκεται⁸
1267 3428 1441 3491 οὕτως
1479 3428 1725 3479 κάκεῖνοι
1776 3426 1845 3495 τῇ

1958 3448 2064 3498 tur,
2093 3434 2185 3489 sed
2220 3435 2456 3487 trahitur
2487 3434 2538 3486 vi
2573 3432 2685 3504 46
2715 3430 2943 3485 adactus
2974 3446 2987 3484 :
3020 3431 3098 3483 sic
3123 3438 3177 3483 et
3205 3428 3303 3493 illi,
3329 3430 3398 3480 ob
3424 3428 3539 3480 vim

256 3523 352 3593 βία
390 3522 711 3590 νικηθέντες
754 3521 863 3573 τῶν
913 3520 1231 3589 αίρετικῶν,
1282 3518 1693 3587 παρεσύρησαν
1752 3518 1847 3568 καὶ

253 3613 570 3684 ὑπέκυψαν)
623 3612 793 3677 εδοξε,
845 3614 1002 3681 φησι,
1048 3611 1140 3666 καὶ
1194 3610 1531 3678 συγγνώμην
1598 3607 1846 3661 δίδοσθαι

257 3704 731 3776 μεταμελομένοις
754 3719 768 3733 ’
808 3702 1105 3771 ἀπονέμειν
1133 3699 1194 3753 δι
1225 3701 1409 3763 αὐτοῖς
1437 3700 1533 3752 καὶ
1556 3698 1650 3751 τὸν
1678 3699 1846 3750 τόπον

254 3796 348 3849 τοῦ
378 3796 609 3866 κλήρου.
641 3795 755 3848 Καὶ
780 3796 842 3847 οὐ
879 3794 1061 3863 μόνον,
1101 3794 1184 3847 ὃτι
1246 3792 1565 3863 βιασθέντες
1621 3790 1848 3844 ινδεδώ-

257 3905 411 3955 κασι,
444 3887 985 3959 συγγιιςυμονοῦνται,
1017 3887 1205 3955 φησὶν,
1243 3884 1360 3937 ἀλλ’
1402 3886 1483 3937 ὅτι
1527 3885 1623 3937 καὶ
1652 3882 1850 3935 ἀπολοο

257 3984 384 4050 γίαν
414 3981 656 4052 πιθανὴν
695 3981 999 4035 ποιοῦνται·
1039 3982 1108 4034 δι⁹
1141 3984 1206 4051 ἢν
1243 3980 1392 4045 ἔδοξε
1450 3979 1513 4032 τὸ
1564 3976 1846 4045 ὑποκύψαι

257 4075 460 4137 αὐτοὺς
486 4076 601 4136 τοῖς
651 4074 953 4142 αίρετικοῖς
1003 4072 1367 4137 οἰκονομικῶς
1418 4070 1696 4140 γενέσθαι.
1754 4072 1847 4122 Δι-

259 4168 663 4223 εϐεϐαιώσαντο
684 4166 817 4237 γὰρ,
840 4169 956 4220 ἀντὶ
969 4165 1087 4227 τοῦ,
1108 4166 1341 4237 βεϐαίως
1368 4164 1849 4236 ιπληροφόρησαν,

263 4259 339 4329 μὴ
379 4256 793 4327 μεταϐληθῆναι
830 4257 909 4320 εις
948 4255 1210 4309 ἀσέϐειαν
1238 4270 1252 4285 ⁸
1305 4255 1475 4324 ἧγουν
1525 4254 1601 4323 μὴ
1638 4251 1850 4306 τσυνθέο

263 4351 389 4405 σθαι
416 4351 485 4419 τῇ
542 4349 671 4420 δόξῃ
725 4348 837 4402 τῶν
870 4340 1191 4418 αίρετικῶν,
1233 4346 1371 4402 ἀλλά
1398 4349 1497 4416 τῆς
1521 4344 1692 4416 ὀρθῆς
1729 4344 1850 4412 ἐχε-

262 4444 388 4497 οθαι
421 4442 660 4502 πίστεως
687 4458 701 4472 ·
740 4441 901 4511 μόνον
941 4441 999 4495 δὲ
1035 4441 1474 4509 συγκοινωνῆσαι
1508 4440 1623 4498 τοῖς
1689 4436 1847 4506 αἱρε-

258 4537 457 4598 τικοῖς,
492 4533 579 4585 ῐνα
620 4534 715 4602 μὴ,
757 4533 940 4586 αὐτῶν
979 4532 1381 4602 ἐκδιωχθέντων
1407 4530 1517 4583 τῶν
1541 4526 1850 4596 ἐκκλησιῶν

258 4628 440 4696 ἕτεροι
479 4624 700 4687 ἀσεϐεῖς
738 4623 1162 4692 ἀντεισαχθῶσι,
1219 4623 1316 4675 καὶ
1338 4619 1695 4690 διαφθείρωσι
1746 4618 1885 4681 τὰςςο

258 4716 558 4785 ἐκκλησίας
609 4716 730 4785 ἢτοι
779 4717 872 4768 τδν
903 4715 1193 4785 όρθόδοξον
1222 4714 1380 4768 λαόν.
1428 4715 1538 4766 Καὶ
1565 4711 1656 4765 διά
1686 4710 1848 4763 τοῦτο

258 4808 589 4877 ᾖριτίσιιντο
630 4804 958 4873 συνδραμεῖν
1003 4807 1068 4874 τῇ
1108 4804 1223 4875 βίᾳ,
1260 4803 1535 4873 βαστάσαι
1569 4802 1631 4854 τὺ
1683 4800 1849 4871 βάρος

259 4897 353 4952 τοῦ
378 4897 684 4966 ἐπιτιμίου,
706 4896 795 4950 διά
815 4899 878 4950 τὸ
905 4896 1054 4963 δόξαι
1082 4896 1390 4965 ὑποκύψαι,
1419 4897 1516 4948 καὶ
1544 4895 1618 4964 μὴ
1644 4894 1850 4964 μᾶλλον

260 4992 385 5052 τοὺς
426 4992 591 5053 λαοὺς
620 4990 943 5050 ἀπολέσθαι.
980 4990 1205 5055 Ἔδοξαν
1240 4989 1363 5053 οὖν,
1397 4988 1553 5059 φησὶ,
1604 4986 1853 5050 πιθανῶς

259 5081 437 5136 ταῦτα
454 5082 657 5149 λέγειν,
677 5083 952 5153 χρώμενοι
975 5084 1071 5136 καὶ
1090 5083 1500 5151 παραδείγματι
1512 5078 1591 5149 τῷ
1604 5076 1845 5148 Ἀαρών.

268 5173 511 5235 Ἐκεῖνος
532 5174 660 5243 γὰρ,
685 5173 775 5227 τοῦ
794 5174 1039 5237 Μωσέως
1059 5174 1404 5245 χρονίσαντος
1421 5173 1479 5224 ὲν
1496 5170 1573 5239 τῷ
1588 5170 1729 5240 opst,
1750 5170 1847 5221 καὶ

260 5265 358 5319 τοῦ
388 5265 521 5317 λαοῦ
549 5264 941 5331 τῶνἘϐραίων
968 5264 1125 5328 θεολς
1154 5264 1465 5332 ζητοῦντος,
1496 5263 1756 5316 ἑνδέδωκε
1780 5264 1847 5331 τῇ

258 5356 355 5411 τοῦ
391 5356 524 5411 λαοῦ
552 5357 889 5426 παραϐάσει,
944 5359 1038 5410 καὶ
1082 5356 1342 5426 γενέσθαι
1367 5358 1552 5419 αὐτοῖς
1578 5354 1846 5424 παρεχώ-

262 5464 403 5519 ρησε
441 5448 715 5516 χωνευτὸν
754 5450 975 5518 μόσχον.
1008 5449 1183 5502 Τοῦτο
1213 5449 1269 5502 δὲ
1316 5449 1600 5517 ἐποίησεν,
1643 5448 1731 5500 ἶνα
1770 5448 1846 5516 μὴ

257 5546 285 5593 ὀ
320 5540 478 5603 λαὸς,
517 5540 867 5609 ὑποστρέψας
912 5543 992 5604 εἰς
1026 5540 1333 5607 Αἴγυπτον,
1369 5539 1633 5610 ὲπιμείνῃ
1669 5542 1737 5609 τῇ
1771 5540 1847 5591 εί-

256 5629 630 5701 δωλολατρείᾳ
683 5634 750 5702 τῇ
806 5634 1181 5703 Αίγυπτιακῇ,
1224 5632 1587 5701 λογισάμενος
1646 5634 1751 5695 ὅτι,
1786 5633 1845 5682 ὲν

257 5724 326 5791 τῇ
368 5723 563 5793 ἐρήμῳ
602 5723 777 5788 ὄντες,
836 5724 1163 5794 δυνήσονται
1214 5725 1521 5794 ἀποστῆναι
1558 5725 1657 5793 τῆς
1715 5727 1845 5777 ἀσε-

258 5815 413 5881 ϐείας
439 5832 451 5846 ·
480 5818 535 5870 έν
568 5816 624 5870 δὲ
652 5819 715 5887 τῇ
752 5817 1014 5888 Λίγύπτῳ
1058 5820 1362 5890 γενόμενοι,
1406 5816 1605 5888 μᾶλλον
1646 5816 1844 5889 ἀσεϐή-

1883 4759 1927 4814 D

1956 3528 2025 3582 ab
2061 3527 2336 3581 ilazl'ﬂit'is
2362 3525 2564 3578 illatam
2607 3525 2880 3582 cedentes.
2918 3520 3213 3575 transversi
3247 3520 3350 3572 acti
3388 3528 3538 3579 sunt,

1949 3629 2004 3673 ct
2042 3619 2491 3682 succubuerunt),
2543 3615 2764 3681 placuit,
2804 3612 3000 3680 inquit,
3050 3620 3105 3665 et
3153 3610 3365 3665 veniam
3407 3610 3545 3678 ipsis

1951 3708 2201 3772 concedi,
2236 3708 2283 3763 si
2315 3706 2694 3776 pmnitentiam
2730 3713 2920 3774 agant,
2952 3713 3006 3758 et
3056 3702 3237 3757 locum
3270 3712 3538 3771 praeterea

1949 3804 2083 3859 cieri
2115 3801 2409 3870 assignari.
2452 3798 2564 3854 Nec
2596 3808 2831 3862 tantum,
2860 3795 3005 3867 quod
3035 3795 3086 3850 vi
3135 3794 3315 3849 adacti
3367 3807 3544 3846 cesse-

1951 3903 2102 3959 runt,
2138 3894 2337 3961 inquit,
2375 3893 2506 3961 ipsis
2537 3890 2837 3959 ignoscitur
2879 3907 2895 3944 :
2952 3887 3047 3942 sed
3099 3886 3228 3957 quia
3278 3894 3545 3955 praterea

1950 3984 2318 4039 defensionem
2373 3980 2709 4053 probabilem
2745 3979 3006 4042 aderunt,
3042 3993 3137 4048 per
3165 3992 3353 4047 quam,
3393 3972 3543 4044 quod

1954 4076 2230 4132 luereticis
2261 4075 2557 4139 cesserint,
2607 4071 2861 4143 prudenti
2917 4071 2973 4126 id
3025 4070 3261 4126 consilio
3302 4070 3371 4123 ab
3408 4067 3549 4137 ipsis

1954 4168 2162 4223 factum
2212 4181 2335 4223 esse
2384 4165 2627 4220 videtur.
2680 4163 3088 4219 Confirmarunt
3120 4162 3195 4216 illi
3245 4160 3547 4230 siquidem,

1954 4262 2059 4316 hoc
2089 4267 2196 4323 est.
2233 4268 2390 4315 certo
2422 4258 2583 4328 plane
2621 4257 2928 4326 probarunt
2960 4254 3188 4310 minime
3239 4270 3299 4309 se
3335 4253 3401 4307 ad
3436 4253 3546 4306 im-

1950 4354 2210 4425 pietatem
2238 4351 2549 4414 traductos,
2580 4364 2929 4419 nequaquam
2961 4348 3219 4403 videlicet
3249 4345 3544 4401 haeretico-

1951 4458 2073 4498 rum
2106 4441 2457 4511 Opinionibus
2483 4441 2809 4503 adhaesisse.
2876 4441 2971 4496 sed
3027 4448 3234 4495 rectam
3292 4440 3549 4495 tenuisse

1953 4528 2115 4582 fidem
2170 4544 2181 4577 :
2232 4528 2616 4582 tantummodo
2672 4538 2857 4581 autem
2911 4530 3354 4583 communicasse
3410 4542 3543 4581 cum

1953 4619 2253 4685 lmreticis,
2306 4635 2373 4673 ne
2404 4620 2538 4674 dum
2592 4620 2662 4674 ab
2699 4620 2951 4675 ecclesiis
2993 4620 3093 4688 ipsi
3156 4620 3395 4685 depulsi,
3453 4619 3551 4673 alii

1954 4709 2178 4778 quidem
2224 4710 2376 4780 impii
2419 4712 2929 4775 introducereutur,
2983 4720 3037 4765 et
3093 4711 3386 4772 ecclesias,
3445 4711 3552 4765 hoc

1958 4811 2064 4867 est,
2112 4802 2374 4872 potiulum
2440 4803 2813 4857 orthodosum
2872 4813 3314 4873 corrumperent.
3370 4803 3548 4871 Atque

1964 4897 2105 4950 hanc
2127 4896 2198 4949 ob
2228 4910 2451 4949 causam
2479 4895 2743 4949 maluisse
2777 4895 2828 4948 vi
2854 4895 3075 4960 cedere,
3105 4910 3170 4949 ac
3200 4896 3383 4950 multa:
3404 4911 3548 4950 unus

1963 4978 2177 5051 subire,
2205 5002 2270 5042 ex
2299 5003 2365 5043 eo
2396 4988 2543 5057 quod
2595 4988 2955 5043 succubuisse
2986 4988 3305 5044 viderentur
3327 5030 3340 5051 ,
3380 5004 3548 5058 quam

1957 5081 2218 5151 populum
2253 5081 2501 5149 perdere.
2554 5078 2679 5134 llaec
2718 5095 2872 5151 ergo,
2930 5082 3130 5151 inquit.
3189 5081 3556 5150 probabiliter

1958 5170 2107 5241 loqui
2139 5170 2243 5224 visi
2274 5182 2426 5235 sunt,
2457 5171 2771 5237 exemplum
2806 5185 3026 5241 quoque
3054 5172 3237 5226 Aaron
3262 5172 3550 5242 proferen-

1958 5273 2063 5318 les.
2108 5263 2202 5318 Ille
2251 5278 2515 5331 namque.
2581 5278 2704 5317 cum
2751 5264 2941 5319 Moses
2996 5264 3208 5319 diutius
3257 5266 3311 5317 in
3360 5275 3548 5319 monte

1954 5366 2333 5420 cunctaretur,
2366 5372 2430 5410 ac
2463 5355 2822 5411 Hebraeorum
2867 5355 3099 5425 populus
3139 5358 3271 5411 deos
3303 5356 3549 5424 require-

1960 5462 2068 5514 ret,
2131 5451 2553 5520 trausgressioui
2622 5449 2812 5519 populi
2872 5450 3061 5511 cessit,
3106 5448 3436 5519 fusilemque
3479 5450 3552 5505 ab

1957 5543 2093 5611 ipsis
2129 5543 2364 5597 vitulqu
2404 5542 2521 5596 fieri
2579 5542 2855 5610 permisit.
2893 5540 2948 5594 Id
2988 5550 3172 5595 autem
3212 5555 3280 5596 eo
3313 5541 3557 5595 consilio

1955 5635 2185 5690 fecitne
2236 5635 2469 5706 populus
2513 5634 2567 5687 in
2597 5633 2892 5704 Egyptum
2953 5647 3210 5688 rerersus
3269 5633 3321 5688 in
3375 5631 3547 5702 Egy-

1955 5731 2134 5799 ptiaca
2166 5729 2479 5784 idololatria
2532 5727 2857 5796 persisterct
2894 5745 2908 5781 :
2941 5741 3128 5780 secum
3186 5727 3304 5791 ipse
3366 5741 3543 5793 repn-

1957 5821 2277 5889 tans,quod
2334 5822 2386 5875 in
2440 5819 2661 5876 deserto
2708 5820 2995 5874 continere
3054 5834 3111 5875 sc
3158 5820 3225 5875 ab
3266 5818 3401 5890 impi
3436 5827 3548 5873 tate
