4224 6446
707 390 809 452 513
1989 377 2261 441 THEOD.
2308 384 2397 442 BA
2408 384 2706 444 LSAlilON
3848 380 3953 446 5TB

704 512 953 579 peritum,
998 512 1220 582 fugerit.
1258 511 1481 580 Antiqui
1531 508 1676 561 enim
1718 507 1851 562 illud
1884 508 2156 578 baptisma
2195 526 2290 565 su-

2388 502 2553 573 ιιλθεν.
2615 502 2821 555 Ἐκεῖνο
2896 499 3004 574 γὰρ
3066 515 3281 574 εκρινον
3336 506 3386 558 οἱ
3434 509 3652 559 παλαιοὶ
3702 509 3949 577 δέχεσθαι

708 600 1053 667 spiciendum
1106 611 1400 669 putavere,
1450 596 1597 667 quod
1651 596 1786 649 nihil
1833 611 1861 650 a
1899 597 2002 653 lide
2047 600 2290 671 recedit;

2388 596 2675 662 ιάπτισμα.
2712 593 2773 645 τὸ
2796 592 2961 661 μηδὲν
3004 594 3105 663 τῆς
3139 594 3375 657 πίστεως
3406 598 3773 666 παρεκίιαῖνον
3805 598 3881 665 (4
3905 602 3918 658 l
3940 614 3953 627 ·

710 690 850 742 unde
877 690 1015 743 alias
1052 690 1271 756 quidem
1310 688 1569 750 haereses,
1621 686 1728 739 alia
1780 687 2100 755 schismata,
2157 691 2290 746 alias

2388 684 2487 736 ι’)εν
2510 684 2610 746 τὰς
2626 684 2724 753 μὲν
2749 684 2990 755 αἱρέσεις
3009 684 3322 754 ὠνόμασαν,
3347 687 3416 738 τὰ
3443 687 3501 737 δὲ
3527 687 3801 755 σχίσματα
3823 690 3839 756 (
3861 692 3896 745 5
3920 689 3956 749 ),

709 793 1162 847 parasynagogas
1211 779 1582 847 appellarunt.
1620 776 1868 832 llaareses
1906 779 2127 847 quidem
2176 796 2290 845 eos,

2388 774 2468 835 τὰς
2499 774 2554 827 δὲ
2587 776 3086 845 παρασυναγωγάς.
3127 777 3375 846 Αίρέσεις
3408 778 3507 847 μὲν
3536 779 3659 840 τοὺς
3684 778 3960 839 παντελῶς

706 871 796 934 qui
836 869 1054 935 penitus
1090 869 1286 922 resecti
1318 875 1469 927 sunt,
1501 878 1552 920 et
1584 868 1636 919 in
1670 867 1786 936 ipsa
1819 868 1925 922 ﬁde
1958 869 2288 935 abalienati;

2388 867 2848 936 ὶπερῥηγμένους,
2895 868 2987 918 καὶ
3022 867 3142 919 κατ’
3185 867 3354 937 αὐτὴν
3386 869 3483 937 τὴν
3516 867 3695 919 πίστιν
3728 867 3964 935 ἀπηλλο-

706 958 1001 1011 schismata
1064 974 1216 1019 vero,
1281 974 1399 1021 eos,
1448 959 1543 1027 qui
1597 968 1818 1026 propter
1883 962 2287 1017 ecclesiasticae

2388 958 2713 1026 ῖριωμένους
2736 974 2747 986 ο
2785 959 3059 1027 σχίσματα
3098 958 3154 1009 δὲ
3204 960 3332 1021 τοὺς
3371 959 3439 1011 δι’
3477 959 3659 1019 αἰτίας
3680 957 3835 1019 ⁴τινὰς
3866 959 3961 1008 ὲκ-

704 1050 972 1116 quasdam
1002 1064 1197 1102 causas
1233 1056 1287 1101 et
1316 1050 1653 1118 qtmstiones
1682 1050 1824 1102 inter
1857 1057 2141 1118 utramque
2171 1067 2290 1120 par-

2388 1048 2769 1117 ιλησιαστικὰς
2806 1048 2902 1100 καὶ
2955 1048 3244 1118 ζητήματα
3293 1050 3487 1117 ίάσιμα
3528 1048 3662 1113 πρὸς
3698 1047 3965 1117 ἀλλήλους

705 1150 810 1194 tem
844 1154 950 1192 non
995 1141 1335 1193 insanabiles
1370 1140 1673 1203 dissident;
1708 1154 2152 1211 parasynagogas
2196 1159 2289 1195 au-

2388 1138 2743 1206 ῖιενεχοὲντας
2765 1154 2777 1167 ·
2843 1138 3321 1207 παρασυναγωγὰς
3365 1139 3419 1190 δὲ
3447 1138 3546 1201 τὰς
3583 1138 3829 1203 συνάξεις
3865 1136 3966 1199 τὰς

706 1241 834 1292 tem,
877 1242 1187 1284 conventus
1220 1232 1346 1284 illos
1378 1232 1470 1300 qui
1510 1232 1577 1283 ab
1616 1232 1984 1301 immorigeris
2015 1234 2290 1301 presbyte-

2388 1227 2526 1296 παρὰ
2551 1226 2661 1277 τῶν
2698 1225 3090 1279 ἁνυποτόικτων
3132 1228 3521 1299 πρεσϐυτέρων
3565 1229 3599 1297 ἦ
3630 1229 3964 1281 ἐπισκόπων

705 1324 781 1373 ris
838 1331 931 1374 aut
992 1323 1268 1390 episcopis
1327 1330 1380 1375 et
1434 1336 1461 1373 a
1523 1323 1739 1391 populis
1987 1324 2287 1392 disciplin:

2388 1317 2467 1368 καὶ
2514 1317 2663 1386 παρὰ
2697 1316 2804 1369 τῶν
2840 1316 3181 1369 ἀπαιδεύτων
3219 1317 3364 1371 λαῶν
3407 1318 3716 1387 γινομένας.
3749 1312 3877 1370 Οἷον
3916 1317 3971 1370 ετ

703 1413 1023 1480 expertibus
1074 1415 1232 1465 liunt.
1279 1410 1440 1465 Velut
1482 1415 1528 1464 si
1579 1412 1705 1480 quis
1766 1411 1818 1466 in
1854 1410 2052 1467 delicto
2094 1414 2283 1481 depre-

2388 1424 2479 1469 τις,
2537 1408 2596 1458 ὲν
2637 1408 2940 1478 πταίσματι
3003 1408 3346 1474 ὲξετασθεὶς,
3398 1410 3665 1478 ἐπεσχέθη
3714 1408 3813 1477 τῆς
3852 1409 3967 1461 λει-

706 1508 929 1559 hensus.
967 1516 995 1553 a
1039 1501 1351 1554 ministerio
1409 1511 1683 1560 arceatur,
1735 1516 1836 1554 nec
1882 1517 1941 1556 se
1987 1503 2289 1555 canonihus

2388 1500 2657 1569 τουργίας,
2690 1499 2785 1550 καὶ
2810 1498 2885 1569 μὴ
2917 1498 3165 1567 ὑπέκυψε
3216 1502 3330 1562 τοῖς
3370 1499 3612 1561 κανόσιν,
3637 1500 3749 1550 ἀλλ’
3788 1498 3969 1567 ἑαυτῷ

704 1592 1031 1653 summittat,
1084 1590 1180 1645 sed
1235 1590 1340 1645 sibi
1402 1591 1770 1659 principatum
1827 1597 1882 1644 et
1928 1590 2289 1645 ministerium

2388 1590 2654 1659 ἱξεδίκησε
2704 1590 2800 1659 τὴν
2848 1585 3143 1658 προεδρίαν
3193 1589 3288 1641 καὶ
3331 1589 3429 1659 τὴν
3472 1588 3836 1657 λειτουργίαν,
3874 1587 3970 1640 καὶ

703 1682 963 1744 vindicet,
997 1697 1060 1736 ac
1092 1682 1345 1736 nonnulli
1373 1698 1479 1735 una
1504 1696 1628 1735 cum
1674 1696 1758 1745 eo,
1797 1681 1987 1735 relicta
2019 1682 2289 1735 catholica

2388 1676 2728 1746 συναπῆλοον
2752 1677 2929 1746 τούτῳ
2949 1676 3093 1739 τινὲς
3133 1676 3528 1739 καταλιπόντες
3556 1678 3654 1745 τὴν
3674 1674 3970 1746 καθολικὴν

705 1772 971 1834 Ecclesia,
1041 1772 1379 1841 discedant;
1442 1773 1546 1826 hoc
1600 1772 1803 1825 dicitur
1856 1787 2287 1844 parasynagoga.

2392 1769 2743 1839 Ἐκκλησίαν,
2792 1769 3239 1839 παρασυναγωγὴ
3293 1769 3355 1820 τὸ
3397 1766 3627 1821 τοιοῦτο.
3662 1767 3877 1837 Σχίσμα
3909 1767 3969 1819 δὲ

698 1862 948 1915 διτΙΙίειηῖὶ
997 1872 1183 1917 autem
1224 1874 1331 1925 est,
1381 1863 1450 1917 de
1501 1864 1829 1932 paenitentia
1874 1863 1942 1917 ab
1978 1864 2043 1916 iis
2072 1866 2164 1932 qui
2215 1878 2285 1917 ex

2388 1861 2440 1913 τὸ
2460 1862 2587 1930 περὶ
2615 1861 2713 1930 τῆς
2747 1860 3037 1929 μετανοίας
3061 1860 3333 1930 διαφόρως
3367 1859 3512 1929 ἔχειν
3543 1860 3680 1930 πρὸς
3709 1862 3837 1923 τοὺς
3860 1860 3971 1912 ἀπὸ

707 1952 951 2007 Ecclesia
1010 1962 1162 2016 sunt,
1215 1954 1537 2008 dissentire.
1595 1950 1846 2007 [hereses
1894 1960 2099 2013 autem,
2142 1953 2290 2005 velut

2388 1950 2479 2018 τῆς
2521 1949 2867 2016 Ἐκκλησίας.
2904 1948 3152 2019 Αίρέσεις
3173 1948 3250 2011 δὲ,
3283 1942 3394 2000 οἷον
3424 1948 3457 2017 ὴ
3487 1946 3594 1999 τῶν
3628 1946 3969 2015 Μανιχαίων,

703 2042 1145 2107 Manichaeorum,
1169 2053 1224 2099 et
1262 2042 1767 2098 V'alentinianorum
1786 2083 1798 2106 ,
1825 2050 1878 2097 ct
1909 2041 2289 2096 Marcionista-

700 2149 818 2186 rum
837 2174 852 2197 ,
879 2145 932 2189 et
960 2136 1153 2189 borum
1192 2136 1434 2206 ipsorum
1459 2134 1904 2205 Pepuzenorum;
1939 2134 2119 2188 statim
2144 2134 2287 2190 enim

700 2221 769 2275 de
805 2224 923 2290 ipsa
956 2225 1009 2277 in
1046 2223 1218 2278 Deum
1247 2225 1351 2279 ﬁde
1380 2225 1659 2279 dissensio
1692 2232 1796 2279 est.
1828 2222 2014 2278 Visum
2046 2230 2129 2278 est
2160 2238 2291 2292 ergo

702 2313 946 2382 antiquis
974 2314 1361 2369 haereticorum
1398 2315 1619 2386 quidem
1653 2316 1924 2387 baptisma
1957 2318 2176 2387 penitus
2204 2330 2290 2370 re-

699 2456 948 2524 prianum
983 2456 1049 2508 de
1079 2455 1357 2524 baptismo
1397 2456 1659 2511 sensisse.
1713 2454 1945 2510 Videtur
1981 2465 2083 2511 hac
2132 2459 2188 2510 in
2221 2473 2281 2513 re

700 2523 872 2593 inajor
898 2523 1195 2578 auctoritas
1242 2523 1444 2579 Basilio
1482 2529 1829 2580 attribuenda
1872 2542 2035 2595 quam
2094 2527 2285 2583 Hiero«

700 2610 885 2664 nymo.
944 2596 1072 2649 Plus
1118 2611 1299 2665 opera:
1349 2596 1722 2665 insumpserat
1772 2596 2011 2651 Basilius
2047 2598 2101 2651 in
2132 2613 2195 2651 ea
2225 2614 2282 2652 re

699 2663 1077 2718 ctaniinanda.
1115 2663 1382 2719 Praeterea
1427 2663 1551 2718 cuni
1602 2666 1749 2719 illius
1805 2668 2123 2721 testimonio
2157 2683 2281 2721 con-

700 2738 845 2801 gruit
877 2745 987 2817 tota
1026 2735 1268 2817 Dionysii
1303 2736 1506 2817 agendi
1540 2739 1701 2816 ratio,
1736 2738 1828 2802 qui
1862 2742 2275 2817 deprecatorem

700 2819 760 2858 se
822 2819 919 2872 pro
961 2804 1217 2875 Asiaticis
1268 2812 1321 2857 et
1364 2804 1514 2859 Afris
1573 2807 1901 2875 interposuit
1936 2804 1950 2858 Ξ
1989 2807 2187 2862 nedum
2226 2806 2280 2859 in

697 2876 884 2927 eadem
908 2888 971 2926 ac
994 2874 1070 2925 illi
1103 2889 1267 2927 causa
1302 2888 1636 2929 versaretur.
1667 2875 1810 2940 Quin
1834 2878 1996 2929 etiam
2031 2891 2184 2930 suam
2218 2891 2283 2931 ac

699 2944 1054 2995 decessurum
1117 2958 1343 2997 suorum
1398 2946 1728 2999 sententiam
1765 2948 1901 2999 satis
1949 2946 2279 3008 declaravit,

699 3012 1121 3085 cumbomiuem
1154 3012 1330 3085 impio
1351 3021 1403 3066 et
1428 3014 1781 3085 blasphemia:
1798 3084 1803 3085 ί
1818 3017 1978 3085 pleno
2006 3017 2282 3085 baptismo

2382 2042 2477 2094 καὶ
2507 2039 2900 2101 Οὑαλεντίνων,
2924 2040 3019 2090 καὶ
3058 2038 3495 2109 Μαρκιονιστῶν,
3526 2038 3619 2089 καὶ
3639 2036 3819 2089 αὐτῶν
3844 2036 3971 2088 τού-

2381 2148 2490 2184 των
2511 2129 2618 2183 τῶν
2650 2126 3016 2198 Πεπουζηνῶν
3038 2145 3051 2158 ·
3080 2127 3243 2191 εὐθὺς
3270 2129 3376 2199 γὰρ
3412 2128 3541 2198 περὶ
3570 2127 3737 2195 αὐτῆς
3761 2127 3861 2195 τῆς
3891 2127 3971 2188 είς

2383 2221 2515 2274 Θεὸν
2566 2217 2803 2280 πίστεώς
2850 2219 3000 2270 ἐστιν
3046 2221 3079 2288 ἡ
3111 2219 3368 2289 διαφορά.
3415 2217 3601 2282 Ἔδοξε
3649 2219 3832 2270 τοίνυν
3862 2220 3974 2279 τοῖς

2384 2312 2442 2378 ἐξ
2499 2313 2672 2382 ἀρχῆς
2724 2309 2876 2381 (6),
2921 2311 2983 2363 τὸ
3044 2311 3142 2382 μὲν
3186 2309 3294 2364 τῶν
3350 2310 3648 2380 αίρετικῶν
3696 2306 3978 2371 παντελῶς

2383 2460 2451 2512 At
2479 2459 2726 2528 profecto
2751 2475 3032 2529 nunquam
3073 2470 3224 2513 tanta
3260 2477 3396 2516 usus
3430 2468 3578 2515 esset
3610 2460 3976 2529 indulgentia,

2388 2531 2433 2582 si
2470 2532 2741 2599 baptisma
2774 2546 2804 2582 a
2842 2530 2947 2584 [ide
2974 2532 3228 2584 recedere
3256 2542 3349 2583 aut
3382 2546 3490 2584 non
3515 2532 3771 2585 recedere
3792 2532 3980 2584 existi-

2387 2609 2609 2663 niasset,
2645 2608 2805 2669 prout
2842 2601 3165 2721 Bnescripta
3207 2616 3235 2652 a
3279 2602 3499 2655 Christo
3533 2600 3701 2653 forma
3740 2601 3981 2653 violatur

2388 2679 2477 2721 aut
2514 2679 2783 2721 servatur.
2888 2671 3086 2721 eniuue
3114 2671 3294 2721 sancit
3355 2686 3478 2721 can.
3511 2669 3578 2721 47
3618 2670 3979 2721 bantizandos

2388 2679 2477 2738 a_ut
2514 2679 2783 2722 servatur.
2842 2669 3086 2737 Denique
3114 2671 3294 2723 sancit
3355 2686 3478 2724 can.
3511 2669 3578 2721 47
3618 2670 3979 2738 baptizandos

2387 2736 2713 2807 Encratitas,
2740 2736 3230 2807 quamvisdicant,
3273 2739 3339 2792 In
3374 2738 3591 2791 Patrem
3624 2736 3901 2791 et‘Filium
3931 2752 3977 2793 et

2389 2806 2647 2872 Spiritum
2698 2806 2939 2861 sanctum
2973 2809 3232 2875 baptizati
3281 2826 3485 2862 sumus.
3518 2808 3821 2875 chiciebat
3850 2825 3982 2876 ergo

2389 2876 2520 2930 illud
2552 2879 2821 2946 baptisma
2881 2894 2989 2932 non
3038 2883 3107 2932 ob
3156 2880 3384 2931 violatos
3446 2879 3753 2947 baptizandi
3815 2880 3976 2941 ritus,

2388 2947 2482 2999 sed
2515 2950 2641 3016 quia
2679 2947 2992 3010 Eucratitaa,
3033 2958 3090 3001 ut
3121 2948 3320 3002 ibidem
3355 2946 3607 3010 tes-tatur,
3657 2946 3825 2999 Deum
3875 2965 3975 3001 au-

2388 3025 2594 3070 ctorem
2619 3018 2887 3070 malorum
2914 3020 3325 3083 existimabant,
3349 3017 3537 3071 itidem
3566 3025 3623 3069 ut
3654 3016 3903 3073 Marcion
3925 3026 3978 3071 et

701 3084 844 3156 apud
897 3084 1182 3156 haereticos
1216 3082 1510 3156 initiatum,
1537 3083 1631 3156 sed
1661 3082 1981 3153 jamdudum
2017 3082 2138 3137 sine
2188 3084 2280 3136 ba-
2311 3100 2354 3156 ο
2390 3087 2506 3138 alia:
2528 3088 2780 3156 haereses.

702 3154 902 3221 ptismo
934 3154 1002 3205 ab
1034 3152 1476 3207 antecessoribus
1511 3154 1628 3206 suis
1664 3152 1963 3222 receptum,
2015 3160 2143 3207 ante
2169 3168 2278 3206 non

701 3236 870 3277 ausus
899 3236 982 3277 est
1014 3222 1313 3293 baptizare,
1338 3237 1501 3293 quain
1538 3222 1768 3293 Xystttui
1810 3226 2127 3293 episcopum
2168 3222 2280 3293 Ro-

702 3307 922 3344 manum
975 3291 1370 3354 consuluisset,
1429 3291 1625 3345 Euseb.
1691 3291 1906 3348 Ilistﬁl.
1968 3308 2067 3355 vit,
2130 3306 2181 3346 c.
2223 3292 2278 3344 9.

700 3360 756 3413 ἓν
786 3360 897 3416 Etsi
940 3371 1173 3415 testatur
1205 3361 1444 3433 Basilius
1480 3378 1589 3415 non
1620 3364 1882 3431 reiectum
1938 3376 1968 3414 a
2019 3361 2283 3433 Dionysio

704 3437 875 3486 luisse
915 3433 1186 3500 baptisma
1220 3430 1633 3501 Pepuzenorum
1656 3430 1687 3497 ;'
1717 3448 1825 3485 non
1864 3440 2046 3487 tamen
2068 3430 2285 3485 videtur

700 3502 1051 3555 existimasse
1078 3515 1333 3569 magnum
1365 3503 1517 3555 illum
1558 3504 1733 3571 virum
1764 3502 1954 3571 eadem
1996 3503 2285 3571 indulgen-

704 3573 777 3622 tia
810 3573 862 3621 in
898 3571 1033 3624 alios
1089 3571 1374 3625 hait-eticos
1424 3587 1583 3625 usum
1623 3570 1814 3625 fuisse.
1858 3570 2088 3626 Miratur
2137 3570 2284 3624 enim

704 3656 802 3691 cur
853 3650 960 3692 tam
1003 3639 1297 3692 liberaliter
1346 3642 1520 3708 egerit
1568 3657 1691 3693 cuni
1732 3640 2035 3708 Pcpuzenis
2098 3649 2285 3708 utpote

706 3712 1012 3773 liaireticis;
1067 3709 1211 3775 quod
1273 3709 1523 3778 profecto
1580 3712 1777 3761 mirum
1836 3709 1915 3778 ei_
1946 3710 2119 3763 visum
2175 3726 2282 3763 non

706 3778 924 3839 fuisset,
957 3781 1001 3832 si
1034 3781 1187 3849 ipsos
1207 3776 1370 3849 etiam
1401 3778 1752 3833 Marcionitas
1784 3785 1839 3832 et
1873 3776 2285 3849 Valentinianus

704 3852 773 3903 ab
802 3864 869 3904 eo
912 3850 1039 3921 sine
1058 3847 1358 3921 baptismo
1396 3856 1646 3921 receptos
1698 3849 2053 3921 credidisset.
2077 3847 2285 3921 Quam-

701 3923 895 3974 obrem
922 3918 1107 3973 Basilii
1129 3917 1398 3990 sententia
1426 3917 1587 3990 paulo
1610 3920 1919 3990 restrictius
1941 3917 2282 3990 accipienda,

706 4006 871 4058 quam
922 3991 1084 4059 vulgo
1119 3989 1405 4059 accipitur.
1427 3987 1670 4044 'Constat
1702 3991 1848 4043 illius
1882 3988 1948 4043 de
1984 3987 2285 4058 Pcpuzenis

705 4068 827 4115 sine
862 4062 1136 4129 baptismo
1176 4062 1413 4128 receptis
1451 4061 1850 4121 testimonium,
1884 4069 2047 4129 atque
2077 4074 2145 4114 ex
2179 4060 2283 4113 hoc

706 4132 1023 4185 testimonio
1082 4129 1215 4182 illud
1263 4131 1429 4183 etiam
1492 4131 1674 4199 colligi
1724 4136 1941 4199 potest,
2004 4130 2287 4198 quodlibet

706 4201 998 4266 baptisma,
1035 4199 1197 4252 modo
1226 4199 1365 4253 ritus
1400 4198 1674 4268 legitimus
1706 4198 1814 4252 non
1845 4198 2081 4259 deesset.
2108 4213 2285 4253 ratum

706 4287 734 4323 a
780 4269 1038 4340 Dionysio
1081 4268 1325 4340 habitum
1366 4268 1558 4325 fuisse.
1617 4270 1723 4323 Sed
1764 4268 1997 4323 Basilius
2057 4269 2175 4336 ipse
2219 4268 2287 4321 de

707 4342 843 4395 solis
877 4339 1183 4408 Pepuzenis
1212 4339 1504 4409 loquitur,
1536 4348 1591 4393 et
1646 4340 1722 4409 in,
1760 4340 1864 4392 hoc
1907 4340 2029 4409 ipso
2076 4353 2287 4409 canone

2462 3157 2573 3221 (5)
2614 3156 2689 3226 Td
2741 3154 3183 3226 δὲνσχίσματα.
3234 3155 3327 3210 Sic
3375 3155 3623 3226 plerique
3657 3170 3791 3209 mss.
3830 3154 3978 3210 Editi

2380 3225 2479 3287 τὰς
2621 3223 2882 3278 Nonnulli
2930 3227 3157 3280 codices
3215 3223 3417 3281 habent
3469 3223 3567 3288 τὰς
3604 3225 3661 3279 δὲ
3705 3242 3983 3297 παρασυν-

2384 3296 2625 3363 αγωγάς.

2457 3364 2572 3486 μ’)
2613 3363 2740 3428 Τοῖς
2764 3434 2773 3443 ι
2798 3363 2866 3427 ἐξ
2920 3363 3135 3432 ἀρχῆς.
3168 3366 3449 3445 quosnam
3486 3365 3573 3418 hic
3605 3364 3865 3445 antiquos
3898 3366 3982 3419 in-

2484 3444 2580 3486 tatt
2610 3433 2888 3486 Basnltus?
2918 3437 3000 3486 An
3032 3433 3437 3486 Firmilianuni.
3473 3449 3540 3486 an
3575 3451 3695 3486 eius
3727 3443 3982 3486 anteces-

2386 3433 2580 3503 telligit
2610 3433 2888 3488 Basdius‘!
2918 3437 3000 3487 An
3032 3433 3437 3503 Firmilianum,
3473 3449 3540 3488 an
3575 3435 3695 3503 ejus
3727 3443 3982 3489 anteces-

2386 3502 2563 3568 sores,
2599 3519 2667 3556 an
2702 3503 3095 3559 successores?
3117 3502 3236 3559 Non
3263 3506 3506 3573 loquitur
3529 3505 3595 3559 de
3617 3502 3979 3571 Firmiliano;

2384 3574 2504 3641 ejus
2537 3574 2681 3627 enim
2704 3573 3171 3643 sentcntiatnAnon
3202 3588 3394 3643 parum
3428 3574 3497 3627 ab
3520 3576 3623 3628 ista
3647 3575 3975 3643 discrepan-

2386 3640 2492 3695 tem
2531 3644 2671 3695 inlra
2722 3656 2965 3711 exponit.
3008 3640 3075 3694 Si
3124 3640 3215 3696 de—
3245 3645 3661 3697 successoribus
3699 3640 3972 3709 loquitur,

2386 3712 2521 3765 nihil
2552 3713 2657 3780 erit
2678 3712 2941 3780 ambigui,
2973 3714 3111 3765 nihil
3143 3728 3253 3765 non
3285 3720 3541 3765 accurate
3580 3713 3809 3766 dictum.
3843 3712 3979 3765 Nam

2386 3795 2511 3834 cum
2547 3779 2899 3835 Firmilianus
2941 3782 3092 3835 nullo
3130 3781 3446 3835 discrimine
3483 3782 3769 3835 habuisset
3793 3784 3980 3851 bapti-

2386 3865 2505 3907 sma
2531 3852 2646 3905 sive
2676 3852 2731 3903 in
2758 3852 2974 3912 haeresi,
3009 3855 3123 3907 sive
3157 3852 3212 3905 in
3240 3852 3561 3914 schismate,
3614 3853 3732 3905 sive
3775 3852 3833 3905 in
3882 3866 3979 3921 pa:

2387 3921 2742 3991 rasynagogis
2787 3921 2997 3983 datum,
3033 3930 3095 3975 ut
3138 3929 3286 3990 patet
3326 3936 3391 3974 ex
3442 3922 3565 3990 ejus
3609 3922 3847 3991 epistola
3886 3919 3978 3976 ad

2387 3990 2720 4061 Cyprianum
2744 3999 2799 4061 et
2832 4006 2896 4044 ex
2929 3992 3033 4044 hoc
3057 3992 3175 4060 ipso
3208 4005 3454 4055 canone;
3486 3992 3555 4045 de
3584 3990 3731 4045 illius
3770 3993 3981 4045 severi-

2388 4060 2501 4114 tate
2554 4060 2760 4130 aliquid
2799 4070 2987 4130 postea
3017 4063 3287 4122 limatum,
3328 4069 3384 4114 et
3418 4075 3481 4113 ca
3511 4063 3734 4116 inducta
3783 4061 3984 4115 distin-

2388 4132 2499 4183 ctio
2528 4146 2693 4200 quam
2747 4130 2983 4185 Basilius
3003 4140 3416 4186 commemorat.
3444 4130 3552 4185 Sed
3582 4134 3794 4185 videtur
3826 4130 3983 4184 Basi-

2390 4200 2497 4270 lius
2555 4200 2843 4270 episcopos
2894 4200 3218 4254 Firmiliano
3267 4200 3606 4269 antiquiores
3661 4200 3978 4270 designare.

2392 4269 2515 4324 llaec
2541 4274 2685 4323 enim
2724 4269 2884 4324 verba
2916 4274 3031 4333 τοῖς
3067 4270 3126 4333 ἐξ
3167 4271 3341 4340 ἀρχῆς
3381 4273 3515 4326 satis
3548 4281 3673 4339 apte
3700 4269 3798 4340 eos
3833 4271 3982 4323 indi-

2390 4348 2538 4403 cant,
2577 4340 2667 4408 qui
2696 4340 2764 4394 de
2795 4341 3065 4407 baptismo
3096 4338 3257 4409 primi
3299 4338 3722 4407 'pertractarunt.
3750 4338 3982 4393 Prmter-

707 4412 889 4500 magni
922 4407 1167 4500 Bioniysii
1200 4407 2287 4500 erratum'(sic_enimﬁappellttunfo
2322 4441 2371 4500 υ
2396 4407 2737 4500 ξοηιιὲιέιιιιις.
2779 4409 3039 4500 Basilius:
3077 4407 3601 4500 quod-Dionysius...
3627 4412 3719 4479 qui
3749 4409 3980 4500 aequalis

707 4478 1146 4535 inanilestum’et
1197 4491 1323 4533 ante
1357 4479 1551 4534 oculos
1591 4479 1832 4548 positum
1879 4493 2004 4532 esse
2028 4478 2291 4540 declarat,

706 4553 852 4619 quod
877 4548 1200 4604 discesserit
1234 4563 1264 4600 a
1290 4549 1500 4602 sancita
1532 4549 1731 4619 priscis
1761 4548 2069 4619 canonibtts
2087 4549 2294 4619 regula,

709 4631 767 4674 ut
799 4622 958 4674 aliter
1007 4619 1281 4680 haretici,
1334 4620 1493 4672 aliter
1545 4618 1884 4685 scitisutatici
1930 4618 2291 4685 recipiantur.

705 4691 977 4744 Credebat
1006 4705 1139 4757 ergo
1174 4692 1449 4758 opinatam
1498 4689 1643 4742 illam
1678 4688 1918 4758 regulam
1956 4688 2011 4740 in
2034 4688 2157 4742 aliis
2186 4689 2297 4741 bie-

712 4762 931 4815 rcsibus
960 4776 988 4811 a
1016 4756 1274 4815 Dionvsio
1292 4760 1638 4813 observatam
1681 4756 1868 4811 fuisse.

780 4832 894 4901 (4)
928 4833 990 4901 _T
989 4828 1019 4881 ὸ
1039 4824 1245 4901 μηδὲν
1282 4828 1395 4901 τῆς
1432 4831 1705 4901 *πίστεως
1740 4826 2165 4901 παρελκόαῖνοντ
2199 4824 2297 4883 His

707 4898 891 4954 verbis
926 4899 1186 4959 Basilius,
1230 4900 1319 4967 qui
1365 4898 1498 4952 nihil
1533 4918 1563 4951 ιι
1601 4900 1704 4967 ﬁde
1752 4898 1970 4956 recedit,
2023 4898 2294 4966 baptisma

709 4971 984 5039 intelligit,
1020 4969 1164 5039 quod
1193 4970 1260 5022 ab
1281 4971 1594 5023 hominibus
1622 4968 1756 5039 nihil
1783 4970 1837 5039 in_
1873 4967 2030 5021 Iidem
2063 4983 2297 5037 peccan-

710 5046 859 5095 tibus
888 5037 1045 5095 extra
1095 5038 1393 5093 Ecclesium
1445 5039 1628 5092 datur.
1656 5037 1790 5089 Nam
1828 5037 1883 5090 in
1913 5048 2027 5089 toto
2058 5044 2161 5091 hoc
2202 5054 2295 5091 ca-

709 5126 853 5167 none
909 5125 1018 5164 non
1064 5109 1280 5179 quierit,
1338 5116 1520 5179 utrum
1574 5108 1865 5179 observata
1917 5122 2092 5161 necne
2127 5107 2292 5161 fuerit

710 5184 1029 5253 praescripti
1071 5198 1099 5232 a
1141 5181 1359 5233 Christo
1382 5178 1555 5233 forma
1594 5178 1737 5253 :_scd
1770 5191 1889 5253 eam
1928 5192 2065 5253 rein,
2104 5186 2162 5253 ut
2190 5179 2293 5253 mi-

711 5248 858 5307 iiime
910 5248 1319 5306 controversam
1366 5249 1817 5317 prietcrntittens,
1850 5248 2133 5317 baptismi
2177 5248 2295 5313 reji-

710 5325 888 5377 ciendi
927 5331 1020 5373 aut
1083 5316 1379 5390 probandi’
1406 5320 1647 5390 regulam
1690 5316 1886 5387 repetit
1928 5333 1992 5370 ex
2030 5333 2162 5390 sana
2199 5326 2292 5370 aut

712 5396 968 5447 haeretica
998 5388 1269 5445 doctrina.
1310 5389 1446 5442 Ilinc
1484 5390 1573 5443 illa
1605 5389 1899 5449 haeresuin,
1932 5388 2288 5441 schismatum

709 5476 763 5519 et
797 5476 1331 5533 parasynagogarutu
1361 5459 1675 5533 distinctio,
1702 5474 1766 5511 es
1798 5472 1902 5525 qua
1933 5460 2177 5533 profecto
2207 5457 2291 5533 di-

710 5529 899 5601 gnosci
958 5529 1291 5600 iion’pussit,
1326 5541 1508 5584 utrum
1553 5532 1827 5601 observan
1870 5544 2037 5601 necne
2088 5529 2290 5582 fuerint

712 5600 936 5674 legitimi
984 5607 1143 5657 ritus.
1207 5602 1343 5654 Hinc
1395 5605 1567 5674 etiam
1605 5600 1846 5674 Basilius
1910 5600 2286 5653 haereticorum

713 5671 1004 5745 baptisma,
1043 5674 1145 5728 etsi
1195 5690 1227 5725 a
1267 5674 1370 5739 [ide
1401 5673 1612 5734 recedit,
1662 5671 1938 5745 interdum
1977 5679 2169 5745 tamen
2204 5684 2289 5722 ra.

714 5741 827 5799 tum
863 5759 986 5799 csse
1028 5746 1255 5813 patitur,
1297 5746 1341 5798 si
1398 5752 1466 5796 ita
1502 5742 1736 5812 postulet
1794 5741 2010 5810 publica
2058 5743 2284 5795 utilitas.

2401 4478 2501 4531 fuit
2533 4476 2857 4539 Firutiliani.
2905 4482 2974 4533 ab
3021 4476 3122 4533 hac
3150 4476 3506 4534 distinctione
3551 4476 3877 4534 discesserit
3925 4479 3980 4531 in

2400 4549 2715 4629 recipiendo
2746 4548 3173 4629 Pepuzenorurn
3192 4550 3485 4618 baptismo.
3521 4547 3794 4629 Jamtuin
3836 4564 3978 4629 ergo

2399 4616 2544 4671 illam
2574 4620 2809 4688 viguisse
2826 4616 3101 4673 credebat.
3133 4616 3468 4673 Haec‘autem
3514 4618 3688 4672 sancti
3723 4616 3978 4673 doctoris

2400 4690 2584 4757 opinio
2608 4705 2734 4742 cum
2768 4706 2867 4743 sua
2898 4700 3091 4758 spOnte
3127 4705 3236 4741 non
3269 4689 3587 4742 verisimilis
3622 4696 3726 4749 est,
3757 4697 3876 4742 tum
3914 4689 3982 4742 ab

2399 4761 2520 4828 ipso
2560 4759 2879 4813 Firmiliano
2915 4758 3202 4819 refellitur,
3251 4759 3344 4827 qui
3393 4760 3718 4813 sententiam
3749 4772 3911 4813 suam
3954 4772 3984 4811 a

2401 4830 2700 4896 majoribus
2731 4829 3007 4897 accepisse
3054 4844 3114 4883 se
3159 4836 3414 4882 testatur.
3474 4829 3583 4882 Aea
3622 4829 3982 4891 meminimus,

2398 4900 2575 4968 inquit
2606 4901 2659 4954 in
2690 4901 2918 4968 epistola
2956 4900 3098 4952 inter
3129 4898 3491 4968 Cyprianicas
3515 4899 3600 4961 75,
3650 4915 3700 4967 p.
3748 4899 3853 4951 149
3881 4914 3983 4951 no-

2398 4986 2477 5023 τρε
2509 4972 2665 5031 edit.,
2696 4969 2790 5020 hoc
2813 4968 2952 5033 apud
2992 4985 3085 5021 nos
3113 4968 3401 5037 aliquando
3426 4970 3659 5036 coepisse,
3692 4984 3833 5037 curn,
3853 4984 3985 5020 sem-

2396 5057 2485 5103 per
2506 5041 2626 5092 istic
2663 5040 2994 5091 obseruatum
3026 5039 3115 5101 sit,
3147 5036 3326 5091 utnon
3355 5040 3459 5091 nisi
3488 5056 3646 5092 unam
3666 5037 3764 5091 Dei
3794 5036 3984 5090 Eccle-

2395 5112 2527 5161 siam
2551 5125 2840 5170 nossemus,
2871 5119 2919 5161 et
2950 5120 3193 5162 sanctum
3224 5108 3489 5176 baptisma
3512 5126 3614 5162 non
3643 5110 3746 5160 nisi
3775 5118 3982 5161 sancta

2400 5178 2649 5231 Ecclesia:
2674 5189 3120 5245 computaremus.
3157 5180 3426 5233 Credebat
3463 5194 3592 5247 ergo
3622 5176 3978 5233 Firinilianus

2397 5249 2638 5316 ignotam
2678 5250 2982 5317 majoribus
3013 5250 3129 5303 suis
3168 5248 3340 5302 fuisse
3368 5248 3777 5301 distinctionem
3805 5249 3980 5303 haere-

2395 5327 2629 5371 ticorum
2672 5327 2725 5372 et
2779 5321 3257 5389 scliisinaticoruni
3298 5320 3353 5371 in
3389 5320 3717 5385 baptismate
3759 5337 3772 5369 :
3818 5319 3981 5389 longe

2395 5389 2554 5442 aliter
2584 5392 2760 5444 visum
2792 5391 3011 5444 Basilio.
3034 5388 3187 5443 Unde
3208 5397 3354 5457 patet
3383 5403 3631 5441 summos
3659 5389 3786 5442 illos
3813 5391 3984 5451 viros,

2394 5457 2775 5513 Firniilianum
2812 5471 2865 5515 et
2896 5460 3179 5524 Basiliuin,
3204 5474 3447 5517 errasse.
3469 5458 3598 5511 dum
3631 5474 3792 5511 suam
3830 5467 3976 5513 uter-

2393 5545 2499 5597 que
2528 5532 2843 5599 opinionein
2872 5532 3023 5599 justo
3058 5530 3272 5594 longius
3307 5529 3526 5597 repetit,
3562 5529 3699 5600 al_ter
3732 5529 3807 5584 ab
3848 5530 3983 5600 ipsis

2393 5596 2680 5668 apestolis,
2748 5596 2887 5657 alter
2928 5616 2959 5655 a
3029 5596 3381 5669 temporibus
3418 5606 3546 5654 ante
3597 5596 3984 5654 Firniiliatium

2392 5673 2614 5741 elapsis.
