4224 6446
712 387 819 448 579

1985 380 2083 438 Ti]
2095 380 2265 440 E01).
2314 385 2402 441 BA
2416 386 2543 443 LSA
2558 383 2709 443 MUN

3863 395 3971 453 580

709 506 865 573 ἔσχον
899 513 998 576 την
1050 520 1209 575 χάριν
1250 506 1344 560 τοῦ
1388 510 1545 577 ἁγίου
1592 512 1907 582 Πνεύματος
1933 518 2018 583 ἐφ’
2050 521 2288 583 ἑαυτοῖς·

2399 522 2641 589 Spiritus
2674 521 2883 574 sancti:
2911 519 3185 575 defecerat
3221 523 3367 573 enim
3397 518 3849 579 communicatio.
3882 519 3970 572 in-

709 594 936 646 ὲπέλιπε
971 596 1073 665 γὰρ
1103 599 1134 667 ἡ
1170 600 1455 666 μετάδοσις
1482 601 1557 670 τῷ
1592 602 1916 674 διακοπῆναι
1945 609 2044 677 τὴν
2073 610 2293 662 ἀκολου-

709 682 847 735 θίαν.
898 685 962 735 Ol
1004 686 1102 753 μὲν
1145 688 1254 756 γὰρ
1295 689 1498 759 πρῶτοι
1520 693 1976 762 ἀναχωρήσαντες
2010 698 2159 765 παρὰ
2187 698 2294 749 τῶν

708 775 961 842 πατέρων
999 776 1157 845 ἔσχον
1197 778 1295 840 τὰς
1340 782 1693 849 χειροτονίας,
1722 787 1814 835 καὶ
1842 785 1930 837 διὰ
1970 788 2067 857 τῆς
2107 788 2293 840 ἐπιθέ-

709 880 844 926 σεως
874 866 981 916 τῶν
1009 868 1207 938 χῑιρῶν
1246 872 1425 923 αὐτῶν
1471 870 1613 942 εἶχον
1655 876 1714 927 τὸ
1753 878 1996 947 χάρισμα
2041 880 2103 931 τὸ
2135 896 2294 931 πνευ-

710 957 936 1021 ματικὸν
958 974 971 985 ·
1007 961 1055 1009 οἱ
1076 960 1131 1010 δὲ
1170 963 1599 1032 ἀπορραγέντες,
1630 966 1806 1018 λαῖκοὶ
1836 969 2135 1037 γενόμενοι,
2167 967 2294 1020 οὔτε

706 1044 798 1095 τοῦ
841 1044 1142 1112 βκπτίζειν,
1177 1051 1299 1104 οὔτε
1338 1056 1428 1104 τοῦ
1458 1062 1781 1125 χειροτονεῖν
1811 1056 1955 1128 εἶχον
1996 1059 2095 1129 τὴν
2147 1059 2295 1123 ἐξου-

706 1133 848 1201 σίαν,
900 1139 1081 1190 οὐκέτι
1110 1142 1397 1211 δυνάμενοι
1440 1146 1598 1215 χάριν
1638 1148 1955 1218 Πνεύματος
1999 1151 2155 1218 ἁγίου
2178 1151 2295 1202 ἑτέ-

709 1244 825 1295 ροις
883 1232 1184 1299 παρέχειν.
1235 1230 1300 1304 ἦς
1355 1238 1509 1287 αὐτοὶ
1571 1240 1980 1294 ὲκπεπτῶκασι.
2038 1244 2161 1303 Διὸ,
2220 1241 2293 1302 ὡς

705 1324 856 1390 παρὰ
887 1322 1092 1375 λαῖκῶν
1133 1326 1562 1396 βαπτιζομένους
1589 1332 1714 1393 τοὺς
1750 1336 1874 1401 παρ’
1910 1334 2112 1395 αὐτῶν,
2172 1334 2294 1385 ἐκέ-

704 1410 902 1465 λευσιν
970 1417 1297 1485 ἐρχομένους
1358 1420 1450 1470 ἐπὶ
1512 1423 1611 1489 τὴν
1664 1413 1991 1493 Ἐκκλησίαν
2158 1425 2294 1493 ἀλη-

705 1503 837 1572 θινῷ
885 1503 1221 1577 βαπτίσματι
1278 1508 1355 1578 τῷ
1395 1510 1495 1579 τῆς
1563 1513 1889 1581 Ἐκκλησίας
1934 1514 2295 1584 ἀνακαθαίρε-

704 1592 845 1648 σθαι.
876 1596 1093 1666 Ἐπε.3ὴ
1116 1599 1171 1651 δὲ
1194 1600 1329 1661 ὅλως
1354 1599 1499 1664 ἔδοξέ
1532 1619 1639 1653 τισι
1677 1604 1783 1655 τῶν
1810 1604 1950 1657 κατὰ
1978 1605 2075 1675 τὴν
2112 1606 2294 1657 Ἀσίαν

701 1686 1016 1755 οἰκονομίας
1067 1690 1226 1743 ἕνεκα
1276 1693 1383 1744 τῶν
1436 1694 1645 1746 πολλῶν
1677 1697 1931 1765 δεχθῆναι
1997 1698 2176 1750 αὐτῶν
2233 1698 2293 1750 τὸ

706 1775 1012 1847 βάπτισμα,
1055 1780 1194 1833 ἔστω
1224 1782 1522 1836 δεκτόν.Ὶ“ὸ
1544 1786 1599 1838 δὲ
1632 1787 1736 1837 τῶν
1781 1788 2150 1857 Ἑγκρατιτῶν
2179 1788 2287 1859 (l2)

703 1870 1070 1939 κακούργημα
1096 1874 1286 1940 νοῆσαι
1315 1875 1460 1943 ἡμᾶς
1496 1876 1593 1937 δεῖ,
1631 1878 1735 1939 ὅτι,
1758 1878 1824 1927 ἵν’
1854 1880 2051 1941 αὐτοὺς
2082 1881 2289 1948 άπροσ-
2325 1850 2366 1905 Β

700 1957 919 2020 δέκτονς
955 1962 1222 2028 ποιήσωσι
1269 1965 1332 2031 τῇ
1366 1963 1681 2035 Ἐκκλησία,
1715 1966 2079 2037 ἐπεχείρησαν
2103 1967 2288 2020 λοιπὸν

704 2048 818 2116 ἰδίῳ
863 2052 1419 2121 προκαταλαμϐάνειν
1474 2054 1845 2125 βαπτίσματι⁸
1890 2056 2014 2108 ὅθεν
2053 2059 2147 2111 καὶ
2190 2058 2287 2128 τὴν

700 2138 988 2209 συνήθειαν
1017 2141 1115 2207 τὴν
1153 2143 1361 2195 ἑαυτῶν
1389 2145 1795 2215 παρεχάραξαν.
1835 2146 2057 2216 Νομίζω
2087 2147 2283 2212 τοίνυν,

696 2231 799 2293 ὅτι,
835 2233 1019 2304 ἐπειδὴ
1051 2234 1202 2286 οὐδέν
1249 2238 1365 2287 ὲστι
1422 2238 1550 2307 περὶ
1590 2238 1772 2289 αὐτῶν
1812 2240 2062 2309 φανερῶς
2107 2240 2289 2310 διηγο-

701 2324 982 2393 ρευμένον,
1006 2328 1153 2396 ἡμᾶς
1170 2328 1448 2397 προσῆκεν
1467 2331 1676 2381 ἀθετεῖν
1706 2330 1885 2381 αὐτῶν
1907 2331 1964 2383 τὸ
1982 2331 2283 2403 βάπτισμα·

697 2415 799 2467 κάν
832 2433 913 2478 τις
1040 2419 1165 2487 παρ’
1218 2420 1399 2471 αὐτῶν
1440 2420 1698 2490 εἰληφὼς,
1728 2422 2025 2491 προσιόντα
2056 2426 2119 2493 τῇ
2160 2423 2280 2475 Ἑκ-

696 2506 894 2576 κλησίςι
923 2506 1224 2575 βαπτίζειν.
1256 2509 1272 2573 (
1303 2510 1428 2562 Ἐὰν
1463 2511 1646 2579 μέντοι
1676 2511 1859 2580 μέλλοι
1894 2512 2003 2583 (15)
2046 2514 2113 2581 τῇ
2154 2510 2288 2564 καθ-

696 2595 817 2646 όλου
844 2597 1127 2667 οἰκονομίᾳ
1160 2598 1415 2668 ἐμπόδιον
1447 2599 1665 2651 ἔσεσθαι
1691 2600 1869 2661 τοῦτο,
1896 2599 2053 2651 πάλιν
2080 2599 2156 2668 τῷ
2176 2600 2285 2652 {Oct

697 2688 982 2757 χρηστέον,
1043 2691 1138 2741 καὶ
1190 2694 1302 2751 τοῖς
1333 2692 1724 2759 οίκονομήσασι
1752 2689 1819 2741 τά
1854 2690 1974 2743 καθ’
1996 2694 2145 2760 ἡμᾶς
2175 2693 2285 2743 Πα-

694 2778 888 2846 τράσιν
946 2778 1361 2849 ἀκολουθητέον.
1423 2779 1747 2851 ’Υφορῶμαι
1796 2781 1905 2851 γάρ
1955 2784 2181 2851 μήποτε.
2212 2783 2285 2845 ὡς

694 2867 997 2937 βουλόμεθα
1024 2870 1293 2941 ὀκνηροὺς
1330 2873 1526 2935 αὐτοὺς
1557 2874 1683 2943 περὶ
1720 2873 1781 2924 τὸ
1819 2874 2101 2941 βαπτίζειν
2127 2877 2285 2944 ποιῆ-

698 2975 808 3019 σαι,
844 2960 1225 3029 ὲμποδίσωμεν
1276 2966 1387 3023 τοῖς
1430 2964 1760 3033 σωζομένοις
1797 2965 1885 3016 διὰ
1926 2966 1984 3016 τὸ
2020 2965 2119 3033 τῆς
2154 2984 2286 3035 ’προ⁸

695 3046 901 3108 τάσεως
941 3050 1255 3119 αὐστηρόν.)
1297 3052 1358 3102 Εί
1392 3052 1448 3102 δὲ
1486 3054 1685 3102 ἐκεῖνοι
1714 3052 2045 3119 φυλάσσουσι
2067 3051 2126 3102 τὸ
2152 3052 2287 3122 ὴμέ-

702 3153 850 3207 τερον
876 3137 1180 3207 βάπτισμα,
1213 3140 1372 3191 τοῦτο
1406 3141 1553 3209 ἡμᾶς
1591 3141 1664 3209 μὴ
1696 3140 2031 3193 δυσωπείτω.
2070 3142 2143 3193 Οὐ
2180 3142 2287 3212 γὰρ

694 3229 1010 3283 ἀντιδιδόναι
1070 3232 1255 3294 αὐτοῖς
1323 3232 1616 3283 ὑπεύθυνοι
1674 3233 1834 3301 χάριν
1885 3234 2087 3302 ἐσμὲν,
2143 3234 2279 3286 ἀλλὰ

690 3320 963 3373 δουλεύειν
1014 3322 1273 3393 ἀκριϐείᾳ
1312 3324 1575 3377 κανόνων.
1619 3325 1787 3376 Παντὶ
1840 3325 1894 3377 δὲ
1938 3324 2081 3395 λόγῳ
2106 3343 2286 3378 τυπω-

694 3414 861 3483 θήτω,
893 3416 1019 3476 τοὺς
1060 3416 1167 3467 άπὸ
1203 3416 1298 3467 τοῦ
1337 3418 1647 3486 βαπτισμοῦ
1702 3418 1925 3470 ἐκείνων
1966 3418 2077 3488 (14)
2120 3435 2288 3487 προσ-

692 3504 1019 3575 ερχομένους
1078 3506 1327 3574 χρίεσθαι
1391 3508 1483 3558 ἐπὶ
1553 3508 1662 3559 τῶν
1738 3508 1946 3559 πιστῶν
2008 3508 2284 3577 δηλονότι,

693 3596 787 3647 καὶ
834 3594 978 3645 οὕτω
1026 3597 1309 3664 προσιέναι
1360 3600 1471 3658 τοῖς
1524 3600 1865 3667 μυστηρίοις.
1918 3595 2046 3650 Οἶδα
2095 3600 2173 3661 δὲ,
2205 3602 2286 3649 ὅτι

692 3689 819 3750 τοὺς
875 3687 1136 3754 ἀδελφοὺς
1172 3690 1297 3751 τοὺς
1344 3690 1472 3759 περὶ
1516 3689 1671 3753 Ίζοῖν
1709 3694 1842 3760 (l5),
1882 3692 1975 3744 καὶ
2024 3692 2282 3761 Σατορνῖ-

696 3798 805 3843 νον,
846 3782 942 3833 ἀπ’
996 3781 1213 3849 ἐκείνης
1259 3781 1418 3844 ὄντας
1445 3781 1543 3850 τῆς
1571 3782 1801 3847 τάξεως,
1838 3783 2285 3854 προσεδεξάμεθα

693 3877 773 3937 εἰς
829 3872 928 3943 τὴν
981 3872 1256 3944 καθέδραν
1304 3873 1413 3926 τῶν
1449 3875 1786 3927 ἐπισκόπων.
1837 3875 2000 3928 Ὥστε
2046 3876 2171 3938 τοὺς
2207 3873 2291 3946 τῷ

769 4071 882 4140 (ίὲ)
924 4070 1047 4124 Τῶν
1091 4070 1508 4139 Ἐγκρατιτῶν.
1548 4070 1663 4126 Hoc
1708 4072 2110 4127 Encratitarum
2153 4072 2287 4128 faci-

693 4157 827 4195 nore
857 4156 965 4195 non
1013 4156 1273 4209 corrupta
1310 4143 1621 4196 essentialis
1656 4144 1913 4210 baptismi
1941 4146 2142 4207 l'orma,
2188 4144 2282 4197 sed

678 4227 847 4269 mora:
877 4212 1121 4279 qua’tlam
1146 4214 1372 4278 adjecta!
1402 4214 1759 4265 caeremoniae.
1791 4213 1925 4265 Nam
1967 4216 2019 4267 in
2070 4229 2283 4267 canone

694 4282 762 4333 47
794 4286 875 4336 sic
900 4298 994 4335 eos
1027 4285 1312 4348 loquentes
1350 4283 1581 4343 inducit,
1622 4280 1687 4333 In
1722 4282 1941 4335 Patrem
1982 4294 2031 4336 et
2080 4281 2279 4335 Filium

690 4363 743 4405 et
772 4351 1031 4421 Spiritum
1071 4352 1330 4419 baptizati
1371 4368 1573 4405 sumus.
1622 4351 1759 4403 Hinc
1788 4368 1979 4405 eorum
2010 4355 2278 4420 baptisma

695 4432 875 4476 ratum
907 4423 1091 4479 habet.
1123 4425 1165 4475 si
1217 4437 1323 4490 qua
1366 4422 1619 4475 inciderit
1648 4425 1826 4489 magni
1866 4426 2125 4475 momenti
2155 4438 2280 4475 cau-

2399 619 2643 678 terrupta
2686 612 3122 663 continuatione.
3174 609 3277 674 Qui
3330 610 3473 663 enim
3521 609 3681 678 primi
3721 624 3973 663 recesse-

2397 707 2542 760 rant,
2596 699 3001 753 ordinationem
3050 713 3079 751 a
3136 700 3383 767 patribus
3429 699 3719 761 habebant,
3776 706 3830 751 et
3877 714 3973 767 per

2397 805 2657 842 manuum
2716 804 2903 843 eorum
2978 789 3379 857 impositiouetn
3434 788 3704 841 habebant
3764 789 3970 841 donum

2395 882 2716 949 spirituale;
2756 881 2852 950 qui
2914 888 3091 933 autem
3141 881 3338 933 resecti
3393 888 3543 941 sunt,
3596 881 3718 932 laici
3768 880 3970 940 elTectt,

2396 987 2493 1026 nec
2539 972 2876 1039 baptizandi,
2930 987 3030 1024 nec
3074 970 3363 1023 ordinandi
3414 970 3683 1023 habebant
3728 979 3972 1039 potesta-

2397 1072 2527 1122 tem.
2570 1072 2631 1115 ut
2672 1062 2763 1130 qui
2806 1077 2915 1115 non
2968 1070 3191 1128 possent
3223 1062 3459 1129 amplius
3505 1061 3742 1127 Spiritus
3794 1062 3973 1113 Sancti

2396 1154 2625 1221 gratiam
2650 1152 2774 1204 aliis
2805 1152 3069 1219 praebere,
3097 1166 3123 1202 a
3152 1167 3257 1219 qua
3288 1152 3392 1220 ipsi
3425 1151 3766 1205 exciderant.
3788 1152 3973 1214 Quare

2397 1260 2512 1306 eos,
2545 1244 2637 1312 qui
2679 1244 2745 1295 ab
2776 1244 3018 1311 ipsorum
3056 1242 3305 1311 partibus
3358 1242 3597 1305 stabant,
3643 1250 3907 1309 tauquam
3946 1256 3974 1292 ο

2398 1337 2552 1389 laicis
2605 1334 2931 1400 baptizatos.
2977 1333 3265 1400 jusserunt
3310 1348 3441 1385 vero
3492 1331 3747 1386 Ecclesia:
3795 1332 3977 1398 bapti-

2398 1432 2571 1479 smate
2607 1423 2670 1477 ad
2706 1422 3011 1476 Ecciesiam
3039 1423 3320 1475 venientes
3352 1421 3664 1490 expurgari.
3698 1420 3805 1473 Sed
3840 1434 3977 1488 quo-

2398 1515 2541 1567 niam
2572 1514 2852 1566 nonnullis
2896 1510 3157 1565 Asiaticis
3192 1510 3418 1563 omnino
3451 1512 3625 1562 visum
3660 1522 3745 1562 est
3784 1524 3976 1561 eorum

2398 1603 2691 1672 baptisma,
2740 1602 2991 1670 pluribus
3042 1598 3367 1652 consulendi
3419 1612 3608 1656 causa.
3668 1597 3974 1665 suscipien-

2398 1693 2526 1747 dum
2576 1708 2721 1755 esse,
2775 1693 3136 1760 suscipiatur.
3172 1689 3579 1743 Encratitarum
3621 1695 3803 1739 autem
3846 1686 3979 1738 faci-

2398 1797 2503 1835 nus
2538 1788 2753 1850 Oportet
2798 1796 2899 1833 nos
2932 1779 3257 1847 intelligere.
3296 1776 3593 1837 Nimirum,
3630 1784 3687 1828 ut
3738 1777 3977 1828 reditum

2398 1874 2501 1929 sibi
2530 1875 2583 1927 in
2618 1873 2919 1927 Ecclesiam
2964 1872 3354 1933 intercludant,
3384 1872 3625 1941 aggressi
3659 1880 3790 1925 sunt
3818 1870 3977 1923 dein-

2396 1980 2526 2034 ceps
2573 1965 2794 2032 proprio
2852 1963 3182 2032 baptismate
3235 1976 3623 2031 prasoccupare
3670 1980 3684 2013 :
3735 1961 3884 2014 unde
3929 1972 3977 2013 et

2397 2071 2551 2110 suam
2586 2056 2831 2124 ipsorum
2875 2052 3335 2107 consuetudinem
3364 2052 3664 2105 violarunt.
3706 2050 3979 2103 Existimo

2396 2146 2602 2213 itaque.
2648 2145 2908 2213 quoniam
2957 2144 3093 2196 nihil
3144 2144 3215 2196 de
3248 2143 3359 2195 illis
3390 2151 3580 2210 aperte
3626 2142 3835 2195 dictum
3875 2151 3977 2203 est.

2395 2251 2588 2290 eorum
2629 2236 2900 2304 baptisma
2947 2249 2975 2287 a
3024 2233 3183 2288 nobis
3232 2233 3593 2299 rejiciendum
3632 2248 3793 2296 esse;
3831 2248 3895 2285 ac
3936 2235 3979 2287 si

2395 2329 2520 2395 quis
2556 2328 2625 2380 ab
2669 2328 2749 2380 eis
2799 2327 3109 2395 acceperit,
3158 2326 3509 2379 accedentem
3559 2326 3625 2377 ad
3674 2324 3979 2379 Ecclesiam

2395 2417 2805 2485 baptizandum.
2866 2418 3047 2485 (Quod
3101 2418 3146 2472 si
3206 2418 3312 2471 hoc
3364 2417 3605 2486 generali
3656 2417 3983 2470 meonomite

2398 2509 2785 2577 impedimento
2831 2509 2960 2571 erit,
3015 2524 3212 2562 rursus
3264 2508 3666 2561 consuetudine
3711 2508 3980 2560 utendum

2395 2610 2500 2662 est,
2536 2612 2587 2655 et
2617 2601 2771 2670 sequi
2814 2608 3034 2670 Oportet
3068 2598 3284 2663 Patres,
3320 2599 3411 2671 qui
3454 2614 3577 2668 quae
3612 2600 3676 2652 ad
3714 2614 3818 2652 nos
3857 2615 3984 2667 pcr-

2395 2691 2594 2753 tinent,
2637 2692 3119 2760 dispensavcrunt.
3151 2689 3353 2744 Vereor
3381 2691 3547 2753 enirn,
3582 2705 3668 2753 ne,
3706 2689 3839 2743 dum
3882 2705 3978 2742 eos

2396 2782 2647 2836 volumus
2696 2782 2761 2835 ad
2814 2781 3199 2849 baptizandum
3238 2781 3427 2834 tardos
3477 2780 3696 2842 facere,
3744 2780 3980 2849 impedi-

2394 2881 2580 2926 mento
2614 2881 2835 2941 propter
2872 2873 3157 2926 sententiae
3186 2872 3538 2925 severitatem
3576 2873 3752 2923 simus
3786 2873 3859 2924 iis
3885 2873 3977 2939 qui

2395 2964 2726 3031 salvantur.)
2766 2962 2924 3027 Quod
2975 2962 3019 3015 si
3065 2962 3142 3013 illi
3194 2968 3445 3013 nostrum
3489 2961 3822 3027 baptismum
3870 2978 3981 3015 ser-

2393 3060 2543 3113 vant.
2589 3055 2691 3105 hoc
2740 3068 2841 3104 nos
2869 3068 2979 3104 non
3027 3058 3264 3104 moveat.
3299 3050 3488 3120 Neque
3524 3052 3671 3104 enim
3714 3052 3981 3109 debemus

2396 3157 2495 3211 par
2536 3143 2651 3211 pari
2705 3142 2932 3204 referre,
2984 3141 3079 3196 sed
3133 3129 3408 3196 accurata:
3463 3158 3740 3196 canonum
3791 3145 3982 3197 obser-

2394 3234 2599 3287 vationi
2636 3235 2869 3288 servire.
2902 3234 3061 3289 Omni
3104 3246 3290 3289 autem
3341 3236 3555 3289 ratione
3590 3244 3892 3298 statuatur,
3927 3246 3981 3289 ut

2393 3326 2429 3379 ii
2461 3326 2553 3395 qui
2590 3326 2661 3379 ab
2692 3325 2914 3378 illorum
2955 3325 3233 3394 baptismo
3278 3326 3529 3388 veniunt,
3575 3334 3859 3395 ungantur
3896 3341 3980 3379 co-

2392 3432 2508 3471 ram
2545 3416 2796 3471 ﬁdelibus
2826 3417 3100 3481 videlicet,
3134 3425 3188 3470 et
3235 3416 3307 3469 ita
3347 3416 3567 3470 demum
3617 3417 3682 3469 ad
3716 3417 3981 3485 mysteria

2393 3508 2677 3562 accedant.
2719 3506 2844 3561 Scio
2890 3516 3095 3571 autem,
3136 3506 3359 3569 fratres,
3392 3508 3659 3570 lzoinum,
3698 3517 3754 3560 et
3783 3509 3983 3559 Satur-

2394 3603 2613 3663 ninum,
2657 3600 2751 3667 qui
2784 3607 2943 3653 erant
2975 3614 3041 3651 ex
3082 3600 3301 3651 illorum
3333 3599 3549 3661 ordine,
3583 3600 3638 3651 in
3688 3599 3981 3667 episcopo-

2392 3708 2514 3746 rum
2560 3691 2877 3745 cathedram
2912 3706 2940 3742 a
2973 3690 3134 3743 nobis
3168 3704 3296 3743 esse
3326 3697 3636 3758 susceptos.
3674 3687 3861 3753 Quare
3890 3703 3982 3743 eos

2394 3786 2486 3853 qui
2528 3786 2746 3837 illorum
2786 3783 2970 3836 ordini
3021 3780 3307 3850 conjuncti
3349 3790 3503 3841 sunt,
3539 3796 3650 3834 non
3684 3796 3982 3849 possumus

2395 3876 2632 3944 amplius
2681 3876 2750 3928 ab
2798 3872 3043 3928 Ecclesia
3086 3886 3385 3943 separare:
3433 3871 3525 3941 qui
3574 3870 3790 3925 scilicet
3832 3885 3979 3924 com-

2391 4074 2480 4127 do.
2507 4073 2814 4142 Sperabam
2843 4087 2973 4141 ergo
3008 4071 3276 4125 Catholici
3308 4069 3579 4142 tardiores
3598 4068 3674 4142 3d
3702 4067 3981 4142 ejusmodi

2392 4138 2661 4212 baptisma
2712 4138 3023 4196 Encratitas
3072 4145 3307 4201 futuros,
3331 4142 3387 4212 si
3419 4140 3553 4212 illt_td
3584 4138 3857 4212 Catholici
3897 4155 3983 4212 ra-

2390 4209 2503 4265 tum
2540 4214 2744 4267 habere
2796 4215 3038 4275 nollent;
3076 4213 3276 4265 nedum
3328 4210 3429 4279 ipsi
3476 4209 3767 4262 Eneratita:
3809 4210 3983 4276 bapti-

2388 4288 2582 4337 smatis
2631 4284 3065 4343 immutationem
3119 4297 3183 4335 eo
3244 4282 3476 4335 consilio
3524 4280 3866 4337 induxerint.
3926 4290 3983 4331 ut

2386 4352 2657 4417 ejusmodi
2693 4353 2962 4421 baptisma
3009 4367 3037 4404 a
3068 4352 3371 4404 Catholicis
3400 4349 3743 4421 reﬁceretur.
3776 4350 3984 4421 Quam.

2383 4424 2571 4475 ohrem
2628 4423 2741 4475 hmc
2764 4417 2959 4481 Verba,
2994 4432 3050 4473 ut
3080 4424 3305 4474 reditum
3343 4420 3443 4471 sibi
3483 4420 3535 4470 in
3580 4417 3869 4470 Ecclesium
3900 4420 3981 4468 in—

690 4507 775 4546 sa.
808 4494 960 4556 Quod
1012 4504 1192 4545 autem
1228 4487 1303 4543 ait
1356 4497 1461 4545 hoc
1522 4487 1880 4545 facinus—cos
1924 4494 2187 4559 incipere,
2220 4504 2275 4544 ut

2390 4492 2708 4553 teri-ludant,
2743 4507 2853 4545 non
2887 4493 3183 4547 consilium
3217 4499 3270 4543 ct
3307 4489 3646 4557 prOposilum
3675 4487 3982 4539 Encratita—

690 4564 928 4615 reditum
967 4564 1067 4614 sibi
1128 4564 1183 4612 in
1225 4561 1520 4615 Ecclesium
1571 4562 2190 4625 intercludant,videtur
2232 4561 2285 4615 id

694 4635 871 4699 prima
933 4634 1117 4698 specie
1178 4634 1231 4683 in
1285 4647 1404 4685 eam
1474 4635 1799 4689 sententiam
1859 4632 2280 4700 accipiendum,

688 4706 855 4768 quasi
894 4702 1184 4754 Encratitze
1216 4703 1480 4769 baptisma
1532 4717 1690 4755 suum
1721 4717 1785 4756 ea
1846 4714 2028 4757 mente
2081 4704 2281 4755 immu.

697 4782 932 4834 tassent,
972 4781 1027 4822 ut
1058 4771 1374 4824 Catholicos
1405 4773 1469 4824 ad
1503 4772 1635 4825 illud
1680 4773 2036 4840 rejicieudum
2087 4774 2283 4825 incita-

692 4850 843 4902 rent.
875 4842 1064 4909 sicque
1101 4844 1284 4909 plures
1342 4842 1397 4893 in
1450 4850 1597 4893 secta
1646 4845 1951 4897 contineret
1986 4844 2170 4896 odium
2226 4851 2281 4896 et

699 4912 828 4980 fuga
864 4913 988 4963 novi
1046 4912 1412 4979 baptismatis.
1464 4912 1806 4965 Abborrebat
1858 4915 2003 4965 enim
2054 4915 2124 4967 ab
2172 4927 2283 4965 om-

694 4987 848 5035 nium
876 4982 1076 5034 animis
1113 4986 1341 5034 iteratus
1382 4981 1709 5050 baptismus.
1736 4992 1792 5033 ut
1818 4984 2068 5047 pluribus
2096 4998 2283 5037 exem-

740 5057 803 5106 lts
836 5055 1029 5121 probat
1084 5052 1444 5117 Augustinus,
1484 5052 1576 5104 lib.
1631 5069 1658 5103 ν
1691 5051 1766 5105 De
1800 5053 2080 5117 baptismo,
2134 5069 2188 5105 η.
2226 5053 2279 5107 6.

740 5070 803 5106 us
836 5070 1029 5121 pl‘UUﬂl
1084 5070 1444 5117 AllgtlSllllUS,
1484 5070 1576 5104 Ill).
1631 5070 1658 5103 ν
1691 5070 1766 5105 υε
1800 5070 2080 5117 υαριηηιο,
2134 5070 2188 5105 η.
2226 5070 2279 5107 τ).

697 5070 931 5177 Eidetur
989 5136 1118 5190 ergo
1162 5123 1335 5189 prima
1402 5123 1587 5189 specie
1632 5121 1951 5185 Encratitis,
1991 5138 2075 5185 ea,
2117 5138 2280 5191 quam

695 5196 837 5261 tjixi.
870 5196 1151 5247 exstitisse
1185 5206 1376 5253 causa,
1404 5207 1504 5244 cur
1536 5193 1868 5261 baptismum
1902 5194 2279 5261 immutaran

700 5251 992 5333 Atqu—territa
1040 5265 1183 5333 turne
1214 5251 1406 5333 locum
1432 5251 1825 5331 interpretatur
1876 5260 2280 5327 Tillemontius,

704 5330 812 5388 toni
855 5332 945 5395 IV,
975 5348 1031 5401 p.
1066 5332 1191 5403 628.
1227 5330 1318 5385 Sic
1340 5332 1503 5384 etiam
1542 5334 1687 5385 illius
1724 5335 1974 5401 exemplo
2019 5334 2283 5403 interpre-

704 5416 850 5458 tatus
884 5420 1002 5457 sum
1029 5404 1081 5455 in
1115 5402 1277 5455 Praef.
1313 5416 1465 5455 nova:
1493 5404 1748 5470 Cypriani
1794 5419 2019 5471 operum
2054 5404 2282 5457 editioni

701 5476 986 5543 pra-missa
1040 5487 1162 5541 cap.
1191 5473 1245 5536 ι,
1286 5487 1339 5542 p.
1381 5472 1467 5526 12.
1513 5472 1617 5527 Sed
1660 5475 1786 5526 huic
1844 5475 2280 5541 interpretationi

704 5561 811 5597 non
848 5545 1106 5597 tonvenit
1147 5558 1271 5595 cum
1321 5544 1407 5597 bis
1454 5560 1576 5610 qua:
1620 5544 1769 5597 addit
1812 5545 2061 5597 Basilius.
2096 5543 2281 5597 Vereri

700 5620 847 5669 enim
873 5632 930 5669 se
965 5612 1327 5683 ngnilicatnc
1365 5615 1655 5673 Catholici.
1685 5618 1811 5667 dum
1863 5614 2173 5669 Eucratitas
2215 5616 2283 5666 ab

702 5687 806 5739 hac
830 5686 1083 5753 baptisiui
1114 5685 1492 5738 immutatione
1523 5687 1799 5738 deterrere
1822 5687 2029 5744 Volunt,
2051 5685 2277 5737 nimium

703 5756 940 5812 reatricti
974 5755 1083 5808 sint
1114 5763 1164 5808 et
1198 5757 1374 5808 severi
1407 5757 1459 5807 in
1498 5771 1684 5808 eorum
1719 5755 1991 5824 baptismo
2028 5756 2279 5825 rejicien-

2390 4578 2508 4614 rum
2537 4562 2827 4631 designant
2853 4602 2865 4621 .
2905 4562 2999 4614 secl
3054 4559 3459 4631 incommodqu
3489 4559 3631 4624 quod
3671 4573 3735 4609 ex
3780 4572 3979 4631 eorum

2390 4632 2637 4684 facinore
2664 4628 3167 4698 'consequebatur;
3208 4630 3356 4681 velut
3397 4628 3718 4698 sidicaums
3741 4630 3978 4694 aliquem

2388 4703 2570 4755 scelus
2629 4697 2955 4755 admittere.
3002 4710 3059 4753 ut
3089 4708 3349 4753 aeternam
3398 4697 3503 4749 sibi
3558 4698 3979 4750 damnationem

2386 4778 2653 4823 accersat.
3789 4822 3796 4827 .

2459 4841 2573 4910 (15)
2612 4839 2857 4895 Μέλλοι.
2890 4840 2982 4893 Sic
3012 4841 3258 4910 plerique
3296 4854 3432 4893 mss.
3467 4837 3607 4892 Editi
3645 4836 3837 4905 μέλλῃ.

2461 4906 2572 4981 (14)
2622 4912 2753 4964 Ἀπὸ
2787 4910 2894 4963 τοῦ
2915 4906 3562 4981 βαπτισμοῦᾷἑχείνων.
3595 4909 3686 4959 Sic
3716 4922 3782 4957 eu
3808 4906 3978 4981 entia:

2386 4976 2566 5037 vimus
2593 4996 2693 5049 ope
2714 4982 2948 5035 duorum
2983 4976 3234 5034 codicum
3271 4979 3588 5047 Regiorum,
3618 4991 3812 5049 nempe
3832 4976 3974 5049 2503’.

2386 5064 2437 5107 et
2463 5044 2643 5111 2:308,-
2661 5053 2807 5117 quod
2850 5052 3131 5119 legebatur
3167 5052 3219 5102 in
3261 5044 3550 5119 ediiisﬁrﬂ
3581 5047 3657 5115 τῷ
3685 5044 3975 5119 βαπτισμῴ

2386 5123 2601 5191 ἐκείνῳ.
2651 5116 2885 5187 Quidam
2909 5116 3150 5175 'codices
3183 5120 3276 5171 ἐπὶ
3308 5120 3387 5189 τῷ
3430 5116 3722 5191 βαπτισμῴ
3758 5116 3970 5191 ἐκείνω.

2387 5195 2493 5246 Alii
2521 5187 2643 5246 cum
2676 5193 2841 5246 editis
2879 5191 3255 5251 consentiunt.
3287 5187 3394 5242 nisi
3419 5187 3564 5256 quod
3600 5187 3802 5239 habent
3835 5187 3974 5236 ὲκεί-

2387 5281 2513 5317 νων.
2549 5262 2749 5316 lbidem
2786 5261 2920 5316 editi
2952 5262 3059 5313 ὑπὸ
3097 5260 3203 5313 τῶν
3241 5258 3467 5312 πιστῶν.
3510 5258 3715 5311 Omnes
3744 5269 3881 5308 mss.
3917 5267 3971 5309 ut

2389 5335 2442 5386 in
2472 5342 2643 5386 textu.

2460 5408 2572 5473 (15)
2626 5402 2802 5457 Ἰζοΐν.
2840 5401 2976 5454 Cum
3010 5415 3203 5473 magna
3230 5402 3301 5454 sit
3339 5399 3440 5452 hac
3471 5398 3523 5451 in
3553 5410 3686 5473 voce
3720 5394 3977 5473 codicum

2388 5467 2519 5527 mss.
2555 5467 2818 5531 'varit-tas,
2850 5474 3003 5540 sequi
3040 5467 3332 5525 maluimus
3364 5478 3473 5523 tres
3504 5467 3723 5519 codices
3756 5468 3977 5540 οριὶιιιιε

2386 5554 2547 5597 mitte.
2579 5559 2774 5611 nempe
2804 5537 2944 5596 duos
2977 5540 3177 5611 Regios
3199 5550 3252 5594 et
3274 5540 3680 5611 Coislinianuin
3697 5537 3974 5611 primum.

2389 5615 2481 5666 llis
2519 5606 2925 5680 favent'plures
2954 5606 3129 5665 alii'in
3163 5612 3363 5679 quibus
3388 5610 3603 5675 legitur,
3645 5606 3860 5680 Ὶζώην,
3889 5612 3975 5659 vel

2396 5684 2617 5746 Ἰζωίον.
2670 5672 2755 5733 vei
2809 5682 2998 5752 Ίζόην.
3050 5681 3150 5734 Alii
3182 5672 3393 5735 habent
3428 5672 3617 5733 Ζωῖον.
3646 5672 3817 5729 Pauci
3850 5690 3978 5727 cum

2383 5756 2545 5809 editis
2582 5753 2721 5805 Ζοῖν.
