4224 6446
752 370 861 433 583

745 576 1009 638 scitisma,
1046 582 1099 627 et
1127 575 1253 641 quid
1299 589 1706 645 parasynagoga
1742 577 1834 637 sit,
1871 576 2051 640 docet,
2098 591 2163 630 ac
2216 576 2327 629 hae-

749 665 1050 720 reticorum
1120 664 1339 732 quidem
1400 666 1727 733 baptismum
1793 666 1951 735 plane
2016 667 2328 720 damnatum

745 759 942 821 fuisse,
997 756 1476 810 scltistnaticorum
1522 772 1651 811 vero
1700 761 2021 815 admissum.
2057 759 2158 824 Qui
2205 770 2330 809 vero

744 862 1187 919 parasyuagogas
1243 862 1335 901 seu
1400 848 1621 903 illicitos
1652 861 1957 903 conventus
1989 857 2231 918 agerent,
2283 848 2329 900 si

742 939 903 1006 digna
934 937 1252 1006 pmuitcntia
1294 945 1767 1002 converterentur,
1810 938 2067 993 Ecclesiae
2114 954 2328 991 rursum

745 1030 993 1097 adiungi,
1037 1038 1200 1096 atque
1230 1030 1300 1081 ita
1338 1030 1594 1083 Ecclesiae
1623 1032 1864 1098 adjungi,
1908 1043 1963 1083 ut
2009 1032 2077 1085 ad
2110 1032 2329 1083 eosdem

742 1133 962 1187 quoque
995 1121 1197 1185 gradus
1229 1132 1391 1185 sa-pe,
1421 1118 1472 1171 id
1508 1128 1589 1171 est
1619 1119 1942 1187 quandoque
1970 1122 2323 1174 admitteren-

746 1222 853 1261 tur.
893 1207 1211 1276 Pepuzcnos
1256 1221 1441 1274 porro,
1486 1210 1684 1276 quippe
1731 1210 1821 1279 qui
1862 1220 2053 1276 aperte
2090 1210 2328 1262 haeretici

746 1310 946 1364 essent,
1000 1302 1045 1353 si
1076 1315 1133 1353 se
1157 1288 1454 1354 Cat'liolicze
1484 1299 1743 1354 Ectlesiaz
1784 1302 2018 1367 sistant,
2052 1302 2333 1369 baptizan-

747 1394 846 1447 dos
878 1406 999 1445 esse
1039 1392 1406 1446 demonstrat.
1444 1393 1545 1459 Qui
1573 1392 1718 1446 enim
1750 1394 1903 1459 juxta
1944 1394 2099 1447 nobis
2134 1392 2331 1445 tradita

749 1484 1005 1551 baptizati
1043 1499 1146 1535 non
1179 1494 1325 1546 sunt,
1367 1484 1616 1537 videlicet
1660 1485 1713 1537 in
1748 1486 1969 1538 nomine
2009 1483 2223 1549 Patris,
2278 1492 2333 1536 et

746 1576 890 1639 Filii,
931 1587 985 1628 et
1015 1574 1253 1642 Spiritus
1282 1574 1482 1638 sancti,
1534 1588 1600 1626 ne
1652 1574 1913 1641 baptizati
1945 1574 2166 1642 quidem
2211 1588 2332 1629 esse

748 1666 1023 1719 videntur.
1079 1663 1198 1727 Quo
1240 1662 1398 1716 modo
1445 1676 1573 1716 vero
1616 1677 1682 1717 ex
1726 1663 1984 1718 Ecclesia:
2049 1664 2332 1720 catholica:

750 1761 1047 1814 traditione
1080 1759 1383 1825 baptizatus
1418 1754 1585 1809 fuerit
1616 1756 1708 1825 qui
1754 1755 2093 1822 Montanum,
2124 1768 2178 1812 et
2209 1757 2322 1812 Ρτὶ-

746 1855 953 1907 scillam
997 1852 1337 1905 Paracletum
1386 1849 1739 1904 nominabat?
1790 1850 2060 1903 Catltaros
2102 1862 2284 1905 autem
2311 1889 2327 1913 ,

747 1946 845 2009 ait,
893 1954 947 1997 et
993 1942 1318 2006 Encratitas,
1347 1952 1403 1995 et
1437 1940 1954 2009 Hydroparastatas,
2027 1944 2202 1995 visum
2246 1953 2333 1996 est

745 2035 1045 2105 Cypriano,
1093 2042 1149 2088 et
1206 2032 1527 2089 Firmiliano
1575 2042 1764 2088 nostro
1804 2035 2075 2104 (nostrum
2124 2034 2334 2090 scilicet

744 2127 1129 2181 Firmilianum
1169 2125 1431 2194 appellat,
1468 2127 1667 2196 quippe
1696 2127 1787 2196 qui
1827 2128 2088 2183 Caesareae
2120 2128 2333 2197 episco-

744 2230 847 2286 pus
880 2212 1062 2285 fuerit)
1097 2214 1384 2269 universos
1426 2215 1625 2271 iterum
1676 2218 1966 2289 baptizari.
1994 2218 2334 2289 Carthagine

743 2306 1037 2375 siquidem.
1084 2305 1242 2375 cujus
1270 2306 1561 2376 episcopus
1612 2318 1733 2362 erat
1771 2310 2096 2380 Cyprianus,
2143 2311 2332 2365 habita

740 2400 952 2471 synodo
1004 2398 1252 2453 omnium
1310 2398 1694 2468 antiquissima
1744 2400 2029 2457 decretum
2101 2414 2185 2459 est
2274 2414 2335 2460 ut

741 2504 939 2545 omnes
1000 2499 1118 2544 tum
1170 2490 1431 2555 haeretici,
1487 2501 1597 2547 tum
1666 2493 2000 2549 schismatici
2052 2498 2118 2550 ad
2152 2495 2335 2551 Eccle-

741 2585 879 2639 siant
916 2583 1239 2638 accedentes
1278 2584 1694 2655 baptisarentur
1728 2605 1741 2642 :
1806 2590 2054 2657 quamvis
2090 2590 2236 2645 enim
2279 2593 2331 2646 in

744 2668 892 2731 nullo
922 2677 1177 2744 dogmate
1211 2677 1553 2731 schismatici
1595 2678 1956 2749 decipiantur,
1991 2691 2170 2737 tamen
2201 2699 2337 2752 quo-

744 2770 888 2824 niam
912 2786 940 2821 a
964 2785 1195 2836 corpore
1223 2770 1476 2825 Ecclesia:
1504 2772 1716 2839 abrupti
1744 2782 1889 2837 sunt,
1927 2786 2332 2841 permanentem

744 2859 800 2913 in
851 2858 980 2926 ipsis
1030 2858 1268 2927 Spiritus
1320 2859 1498 2912 sancti
1553 2864 1783 2927 gratiam
1818 2863 2053 2930 amplius
2096 2880 2201 2916 non
2248 2866 2338 2917 Ita-

746 2951 899 3003 bent.
934 2947 1087 3014 Quod
1124 2949 1291 3018 igitur
1320 2964 1427 3002 non
1481 2952 1685 3003 habent
1730 2952 1855 3019 ipsi,
1886 2968 2123 3021 quoiiam
2173 2956 2336 3009 modo

751 3042 874 3095 aliis
896 3042 1418 3096 connuunicabunt?
1454 3042 1561 3095 Sed
1604 3052 1821 3111 tamen,
1868 3047 2333 3115 quandoquidem,

2021 373 2298 435 THEOD.
2356 371 2757 432 BALSAMON

809 484 925 539 Hoc
975 483 1098 538 loco
1144 496 1374 549 magnus
1405 483 1678 549 Basilius,
1733 484 1862 553 quid
1910 484 2157 549 heresis,
2201 486 2329 555 quid
2365 492 2409 547 Α

3915 373 4023 434 58a

2523 484 2788 537 Ἐνταῦθα
2836 484 2863 534 6
2915 482 3092 551 μέγας
3128 480 3407 541 Basilus;
3457 480 3701 534 διδάσκει
3757 480 3812 533 τί
3870 482 4022 532 ἐστιν

2434 576 2668 643 αἵρεσις,
2707 576 2799 627 καὶ⁵
2824 575 2876 625 τί
2913 574 3140 641 σχίσμα.
3176 574 3269 625 καὶ
3315 571 3367 624 τί
3402 573 3880 641 παρααυναγωγὴ,
3920 574 4020 625 καὶ

2430 666 2495 718 τὸ
2536 666 2637 734 μὲν
2696 666 2806 717 τῶν
2860 663 3157 733 αἱρετικῶν
3208 679 3343 731 φησι
3393 662 3679 731 βάπτισμα
3733 662 4017 728 παντελῶς

2430 756 2765 819 ἀθετεῖιθαι,
2798 758 2858 809 τὸ
2886 756 2943 809 δέ
2974 757 3085 809 τῶν
3118 755 3537 825 ἀποσχισάντων
3578 755 4013 824 παραδέχεσθαι.

2432 850 2570 909 Τοὺς
2622 848 2677 900 δὲ
2738 849 3232 918 παρασυνάγοντας
3289 847 3660 901 συνάπτεσθαι
3719 848 3886 901 πάλιν
3949 852 4018 918 τῇ

2446 942 2739 1010 Ἐκκλησία
2770 942 3205 1010 ἐπιστρέφοντας
3262 943 3321 994 ὲν
3387 942 3652 1011 μετανοίᾳ
3701 938 4015 1008 ἁξιολόγφ’

2434 1032 2528 1082 καὶ
2558 1031 2814 1083 τοσοῦτον
2847 1032 3220 1085 συνάπτεσθαι
3273 1034 3340 1104 τῇ
3382 1032 3702 1103 Ἐκκλησία,
3734 1031 3877 1084 ὥστε
3924 1032 4021 1085 καὶ

2432 1126 2514 1185 εἰς
2551 1124 2642 1176 τὸν
2674 1126 2835 1176 αὑτὸν
2862 1124 3146 1190 πολλάκις,
3192 1126 3314 1177 ἀντὶ
3358 1124 3479 1189 τοῦ,
3510 1125 3658 1176 ἐστιν
3689 1126 3802 1189 ὅτε,
3833 1140 4022 1190 παρα·

2433 1216 2687 1285 δέχεσθαι
2709 1217 2904 1278 αὐτοὺς
2929 1216 3159 1285 βαθμόν.
3192 1216 3333 1276 Τοὺς
3368 1215 3424 1267 δὲ
3451 1216 3837 1283 Πεπουξηνοὺς
3882 1231 4017 1282 προ-

2430 1310 2607 1379 δήλως
2659 1309 2819 1370 ὄντας
2870 1311 3181 1377 αίρετικους
3219 1308 3578 1377 βαπτίζεσθαι
3626 1310 4020 1376 ἀποφαίνεται,

2434 1399 2915 1468 προσερχομένους
2956 1401 3021 1468 τῇ
3082 1398 3345 1467 καθολικῇ
3415 1398 3740 1467 Ἐκκλησία.
3776 1400 3842 1450 Ol
3904 1400 4018 1466 γὰρ

2436 1493 2513 1560 μὴ
2539 1493 2618 1555 είς
2668 1492 2736 1543 τὰ
2779 1490 3191 1561 παραδεδομένα
3234 1492 3366 1559 ἡμῖν
3399 1490 3812 1559 βαπτισθέντες.
3843 1490 4022 1560 ἡγουν

2433 1582 2515 1644 είς
2542 1582 2785 1652 Πατέρα,
2809 1582 2901 1634 καὶ
2917 1581 3066 1645 Υίὺν,
3091 1582 3184 1634 καὶ
3209 1580 3361 1649 ἅγιον
3380 1581 3626 1651 Πνεῦμα,
3656 1581 3775 1634 οὑᾶ
3802 1580 4021 1632 δοκοῦσι

2436 1672 2822 1743 βαπτισθῆναι.
2862 1673 2987 1736 Πῶς
3017 1672 3074 1725 δέ
3109 1673 3252 1726 κατὰ
3286 1672 3388 1742 τὴν
3422 1674 3522 1743 τῆς
3552 1674 3852 1742 ωθολικῆς
3886 1672 4020 1725 Ἐκ.

2434 1765 2665 1835 κλησίας
2701 1764 3003 1833 παράδοσιν
3043 1764 3340 1818 ἐϐάπτισεν
3381 1764 3447 1817 ἂν
3475 1767 3503 1817 6
3535 1764 3901 1835 Παράκλητον
3927 1766 4023 1817 τὶν

2433 1854 2714 1909 Μοντανὸν
2757 1853 3045 1924 ὀνομάζων
3076 1857 3172 1907 καὶ
3221 1854 3322 1925 τὴν
3351 1854 3730 1924 Πρισκίλλανς
3766 1855 3913 1916 Τοὺς
3965 1855 4022 1907 δέ

2435 1946 2747 2016 Καθαροὺς,
2789 1945 2948 2015 φησι,
2973 1948 3067 1998 καὶ
3113 1946 3500 2015 Ἐγκρατίτας,
3533 1945 3626 1997 καὶ
3674 1943 4028 2013 ’Υδροπαρα-

2435 2035 2659 2101 στάτας,
2692 2034 2841 2100 εδοξε
2884 2036 2998 2095 τοῖς
3047 2037 3177 2105 περὶ
3213 2034 3552 2104 Κυπριανδν,
3589 2036 3683 2087 καὶ
3727 2032 4024 2104 Φιρμιλια-

2432 2127 2523 2180 νὺν
2551 2128 2642 2179 τδν
2669 2124 2941 2196 ἡμέτερον
2968 2125 3288 2193 (οἰκειοῦται
3318 2126 3376 2180 δέ
3406 2128 3495 2179 τὸν
3524 2126 3907 2195 θιρμιλιανδν,
3943 2126 4022 2187 ὡς

2431 2218 2531 2287 τῆς
2574 2215 2920 2285 Καισαρείας
2947 2215 3211 2283 γεγονότα
3265 2213 3611 2283 ἐπίσκοπον),
3646 2213 3857 2275 πάντας
3886 2212 4025 2264 ἀνα-

2434 2306 2823 2371 σαπτίζεσθαι.
2860 2303 2953 2360 Ἐν
2978 2307 3088 2385 γάρ
3115 2308 3184 2376 τῇ
3230 2304 3568 2377 Καρχηδόνι,
3597 2298 3667 2377 ἧς
3715 2304 4024 2366 ἐπίσκοπος

2431 2393 2503 2470 ἧν
2551 2400 2580 2451 6
2633 2396 2975 2470 Κυπριανδς,
3034 2396 3255 2450 συνόδου
3322 2398 3596 2468 συστάσης
3650 2396 4024 2467 ἀρχαιοτέρας

2436 2492 2651 2555 πασῶν,
2686 2492 2834 2558 εδοξε
2889 2491 3100 2554 πάντας
3144 2490 3272 2553 τούς
3321 2506 3381 2542 τε
3412 2488 3748 2559 αίρετικοὺς,
3780 2490 3913 2551 τούς
3965 2506 4023 2543 τε

2438 2584 2858 2656 σχισματικοὺς,
2889 2582 3249 2654 βαπτίζεσθαι
3292 2582 3623 2650 προσιόντας
3657 2583 3723 2651 τῇ
3784 2579 4019 2649 Ἐκκληι

2438 2680 2533 2748 σία
2560 2694 2573 2707 ο
2610 2676 2713 2729 κᾶν
2740 2679 2848 2747 γὰρ
2887 2674 2961 2745 μὴ
2994 2673 3126 2744 περὶ
3156 2673 3335 2741 δόγμα
3364 2674 3411 2723 oi
3449 2671 3804 2741 σχιαματικοὶ
3852 2672 4026 2738 σφάλ-

2436 2770 2641 2831 λονται,
2711 2767 2829 2820 ἀλλ’
2872 2765 2998 2819 ἐπεὶ
3044 2764 3139 2817 τοῦ
3200 2762 3458 2828 σώματος
3516 2760 3618 2830 τῆς
3692 2759 4023 2829 Ἐκκλησίας

2436 2855 3080 2931 ἁπερῤάγησαν,-ούκέτι
3110 2854 3327 2925 ἐχουσιν
3372 2853 3556 2914 αὐτοῖς
3588 2852 4023 2919 παραμένουσαν

2437 2955 2537 3025 τὴν
2560 2954 2725 3024 χάριν
2749 2949 2845 3004 τοῦ
2882 2950 3041 3018 ἁγίου
3074 2946 3416 3016 Πνεύματος.
3447 2946 3515 2997 Ὃ
3549 2943 3681 3013 γοῦν
3710 2944 3811 2995 οὐκ
3856 2942 4019 3012 ἐχου-

2442 3063 2516 3111 σι,
2577 3045 2696 3107 πῶς
2755 3044 2937 3106 ἄλλοις
2966 3038 3134 3094 αὐτοῦ
3186 3038 3630 3109 μεταδώσουσινς
3673 3034 3818 3088 Ἀλλ’
3877 3037 4025 3103 ὅμως

744 3134 927 3202 inquit
978 3136 1066 3187 ltic
1106 3149 1333 3203 magnus
1381 3134 1579 3196 Pater.
1631 3134 1993 3190 Catltarorum
2062 3139 2332 3208 baptiStna

2443 3138 2611 3208 (pqqu
2644 3137 2674 3188 6
2711 3136 2883 3205 μέγας
2933 3128 3089 3195 οὗτος
3115 3132 3143 3183 6
3172 3133 3365 3201 Πατὴρ
3396 3131 3502 3193 δτι,
3546 3129 3667 3182 ἐπεί
3697 3144 3845 3181 τισιν
3879 3126 4024 3188 ἐδοξι

746 3224 961 3277 admitti
995 3225 1249 3293 prudenti
1271 3224 1500 3279 consilio
1524 3224 1849 3292 quibusdam
1883 3227 2107 3297 placuit,
2132 3233 2335 3284 admit-

747 3326 945 3371 tamus.
992 3316 1245 3371 Secunda
1297 3331 1518 3386 quoque
1558 3319 1900 3373 cecumenica
1963 3323 2242 3391 synodus,
2280 3329 2338 3374 ut

741 3418 904 3461 antea
934 3408 1137 3461 dictum
1173 3416 1278 3471 est,
1312 3407 1715 3461 admittendum
1746 3409 1979 3464 censuit.
2020 3409 2097 3464 De
2134 3410 2336 3464 Encra-

744 3503 860 3554 titis
896 3516 1044 3562 vero,
1078 3501 1319 3571 ipsorum
1351 3502 1623 3571 baptisma
1664 3502 1888 3555 minime
1923 3502 2141 3556 admitti
2169 3519 2337 3573 opor-

744 3599 864 3643 tere
911 3589 1132 3643 asserit.
1188 3588 1463 3643 Utendum
1516 3603 1646 3642 vero
1690 3588 1767 3641 ait
1814 3591 2231 3655 consuetudine,
2278 3606 2341 3647 ac

744 3680 903 3748 sequi
953 3690 1205 3749 Oportere
1251 3681 1463 3741 Patres,
1501 3681 1592 3749 qni
1623 3695 1709 3735 res
1744 3689 1961 3734 nostras
1988 3682 2340 3736 administra-

750 3779 900 3834 runt,
953 3784 1021 3823 ne
1064 3771 1134 3823 ob
1184 3769 1409 3822 nimium
1444 3770 1676 3838 rigorem
1711 3771 1999 3837 segniores
2038 3784 2130 3824 eos
2159 3771 2225 3825 ad
2256 3786 2343 3825 ca-

748 3860 1010 3914 tholicam
1046 3857 1347 3913 Ecclesiam
1380 3860 1752 3912 accedendam
1792 3861 2107 3913 reddamus.
2158 3860 2345 3928 Neque

749 3968 884 4006 vero
920 3967 986 4006 eo
1028 3951 1173 4019 quod
1223 3950 1297 4003 illi
1343 3961 1589 4003 nastrum
1637 3951 1905 4018 baptisma
1940 3966 2196 4016 servent,
2244 3970 2343 4010 nos

748 4058 970 4113 quoque
1000 4041 1453 4103 verecundantes,
1490 4038 1599 4109 50
1645 4039 1861 4092 illorum
1907 4055 2130 4095 servare
2177 4056 2339 4110 Opor-

754 4147 853 4190 tet.
892 4134 1005 4189 Nec
1050 4134 1196 4188 enim
1230 4132 1494 4185 debemus
1527 4132 1738 4199 gratias
1776 4132 1908 4201 ipsis
1957 4132 2199 4195 referre,
2245 4137 2339 4189 sed

749 4235 997 4281 exactam
1032 4233 1254 4277 servare
1295 4220 1652 4284 diligentiam.
1701 4218 1915 4274 Interea
1953 4234 2105 4284 vero,
2141 4221 2233 4289 qui
2270 4237 2337 4274 es

754 4318 889 4386 ipsis
938 4314 1004 4367 ad
1054 4328 1155 4367 nos
1196 4318 1436 4379 adeunt,
1481 4328 1673 4368 sancto
1702 4353 1718 4379 ,
1777 4312 1993 4380 inquit,
2042 4312 2344 4364 chrismate

756 4411 1114 4479 iniungantur,
1154 4424 1219 4461 ac
1266 4410 1341 4461 ita
1384 4411 1561 4463 sacris
1606 4407 1882 4477 mysteriis
1912 4406 2342 4457 communicent.

2439 3231 2507 3285 δ.’
2531 3232 2851 3300 οἰκονομίαν
2877 3228 2938 3281 τὸ
2962 3226 3072 3279 τῶν
3099 3225 3373 3295 Καθαρῶν
3405 3223 3693 3292 βάπτισμα
3739 3220 4020 3288 δέχεσθαι.

2441 3317 2581 3368 ἔστω
2610 3317 2821 3369 δεκτόν.
2853 3314 2961 3368 Καὶ
3003 3316 3035 3381 ἡ
3087 3313 3320 3383 δευτέρα
3365 3309 3721 3379 οίκουμενικὴ
3782 3307 4025 3369 σύνοδος,

2440 3410 2516 3471 ὡς
2562 3407 2927 3477 προείρηται,
2986 3406 3175 3457 δεκτόν
3249 3402 3381 3455 αὐτὸ
3442 3403 3715 3472 ἡγήσατο.
3780 3400 3921 3471 Περὶ
3971 3400 4024 3451 δέ

2453 3498 2832 3568 Ἒγκρατιτῶν
2862 3513 3028 3567 φησιν
3060 3496 3134 3560 ὡς
3168 3495 3404 3566 οὑκζέδει
3437 3496 3497 3546 τὸ
3527 3495 3708 3547 αὐτῶν
3741 3493 4024 3561 βάπτισμα

2440 3590 2715 3658 δέχεσθαι.
2749 3590 3029 3659 Χρηστέον
3075 3589 3155 3651 δέ,
3184 3588 3340 3659 φησὶ,
3390 3586 3469 3656 τῷ
3499 3586 3635 3650 ἐθει,
3679 3587 3775 3638 καὶ
3804 3586 4028 3638 ἀκολου-

2445 3684 2561 3734 θεῖν
2591 3681 2671 3732 δεῖ
2692 3682 2804 3741 τοῖς
2834 3680 2901 3731 τὰ
2931 3678 3055 3731 καθ’
3087 3679 3234 3747 ἡμᾶς
3276 3678 3674 3747 οίκονομήσασι
3719 3677 4027 3744 Πατράσιν,

2445 3773 2533 3825 ῖνα
2596 3773 2671 3842 μὴ
2725 3773 2815 3824 διὰ
2865 3771 2964 3841 τὴν
3017 3770 3329 3839 ἀκρίϐειαν,
3381 3770 3782 3839 ὀκνηροτέρους
3831 3767 4029 3829 αὐτοὺς

2446 3864 2771 3932 ποιήσωμεν
2806 3864 2885 3923 είς
2932 3861 2993 3913 τὸ
3040 3860 3449 3930 προσέρχεσθαι
3478 3863 3543 3929 τῇ
3581 3859 3855 3929 κσθολικῇ
3903 3860 4028 3911 Ἐκ-

2448 3957 2668 4026 κλησίᾳ.
2714 3955 2825 4025 Οὐχ
2857 3956 2940 4007 ὅτι
2993 3955 3048 4007 δέ
3103 3972 3238 4024 φησι
3287 3954 3663 4022 φυλάσσουσιν
3714 3956 3926 4009 ἐκεῖνοι
3972 3956 4030 4006 τὸ

2447 4050 2716 4119 ἡμέτερον
2757 4049 3065 4117 βάπτισμα,
3117 4048 3197 4100 δεῖ
3244 4048 3338 4100 καὶ
3382 4050 3531 4117 ἡμᾶς
3572 4050 4033 4117 δυσωπουμένους

2446 4140 2507 4192 τὸ
2544 4141 2771 4192 ἐκείνων
2811 4140 3128 4208 φυλάσσειν.
3168 4141 3243 4193 Ού
3294 4143 3405 4211 γὰρ
3452 4142 3745 4211 ὀφείλομεν
3799 4144 4033 4213 χάριτας

2448 4233 2773 4286 ἀντιδιδόναι
2836 4235 3053 4296 αὐτοῖς,
3107 4234 3242 4286 ἀλλὰ
3306 4239 3496 4303 τηρεῖν
3551 4236 3652 4306 τὴν
3707 4237 4029 4303 ἀκρίϐειαν.

2404 4373 2405 4377 η
2450 4327 2599 4387 Τέως
2648 4326 2704 4377 δὲ
2754 4327 2803 4378 οἱ
2855 4326 3289 4395 προσερχόμενοι
3322 4326 3381 4390 ἐξ
3404 4326 3587 4380 αὐτῶν
3613 4344 3627 4358 ·
3661 4329 4033 4397 χριέσθωσαν,

2451 4419 2609 4487 φησὶ,
2640 4417 2717 4487 τῷ
2742 4418 2885 4488 ἁγίῳ
2942 4419 3123 4488 μύρῳ,
3170 4419 3265 4471 καὶ
3310 4419 3453 4471 οὕτω
3504 4420 3614 4474 τῶν
3665 4423 4036 4491 άγιασμάτων

760 4502 1168 4557 Encratitaruut
1214 4516 1382 4568 porro
1430 4500 1617 4569 opinio
1666 4500 1780 4553 haec
1822 4498 1942 4552 fuit.
1976 4500 2058 4553 Ab
2098 4498 2245 4551 omni
2292 4511 2340 4551 re

2457 4508 3059 4577 μεταλαμὸανέτωσαν.
3100 4510 3165 4562 'H
3221 4511 3278 4562 δέ
3322 4510 3433 4563 τῶν
3477 4512 3857 4580 Ἐγκρατιτῶν
3914 4514 4040 4578 δόξα

755 4597 996 4649 animata
1024 4593 1395 4653 abstinebant,
1438 4607 1505 4646 ac
1542 4604 1759 4661 nuptias
1790 4594 2152 4655 recusabant,
2188 4590 2345 4643 Sata-

755 4691 915 4745 nicas
945 4688 1067 4742 illas
1095 4689 1462 4743 nominantes.
1499 4667 1773 4740 Praeterea
1810 4684 2104 4740 Marcionis
2128 4700 2346 4755 quoque

754 4784 1045 4851 upittiones
1088 4792 1273 4835 tenere
1319 4780 1600 4835 dicuntur.
1636 4779 1907 4844 Quoniam
1947 4792 2112 4841 vero,
2151 4780 2346 4845 inquit,

756 4876 1083 4930 admisimus
1110 4874 1221 4941 jam
1255 4874 1307 4926 in
1340 4873 1659 4927 cathedram
1690 4875 2073 4940 cpiSCOpOI'UIII
2097 4870 2264 4932 hunc,
2294 4879 2351 4923 et

758 4970 933 5032 illum,
969 4968 1062 5037 qui
1107 4983 1173 5022 ex
1218 4967 1433 5021 illorum
1486 4979 1715 5019 numero
1753 4973 1901 5026 sunt,
1937 4962 2343 5016 Eucratitarutu

760 5062 1036 5124 tidelicet,
1080 5061 1224 5113 haud
1275 5060 1400 5115 licet
1428 5060 1587 5113 nobis
1619 5058 1848 5127 amplius
1884 5058 1951 5110 ab
1978 5055 2222 5111 Ecclesia
2261 5070 2350 5109 se-

760 5170 1007 5224 gregare,
1048 5166 1111 5206 ac
1144 5166 1458 5216 secernere,
1483 5153 1572 5217 qui
1612 5150 1829 5203 illorum
1855 5149 2033 5202 ordini
2078 5158 2204 5202 sunt
2248 5148 2342 5201 ad-

756 5248 957 5314 juncti,
992 5245 1085 5313 qui
1121 5242 1314 5297 eadem
1341 5243 1599 5296 nimirum
1636 5256 1757 5295 cum
1787 5240 1920 5309 ipsis
1945 5241 2206 5294 sentiunt.
2238 5238 2350 5293 Ad-

763 5335 947 5389 missis
977 5348 1214 5401 namque
1242 5334 1480 5402 ipsorum
1516 5330 1809 5399 episcopis,
1860 5329 2025 5382 veluti
2077 5342 2347 5382 canonem

760 5439 814 5481 et
846 5438 1027 5497 typum
1054 5434 1278 5481 exteros
1308 5437 1525 5494 quoque
1555 5420 1878 5478 admittendi
1920 5435 2018 5490 per
2048 5433 2145 5475 eos
2182 5420 2354 5474 edidi-

766 5535 908 5573 "IIIS.

837 5607 1065 5665 AltlST.
1111 5607 1413 5662 llazreticus
1458 5612 1575 5671 est,
1627 5607 1718 5675 qui
1759 5605 1905 5659 circa
1961 5603 2117 5659 ﬁdem
2164 5613 2354 5658 errat:

762 5704 854 5773 qui
901 5718 1031 5756 vero
1062 5702 1206 5756 circa
1252 5700 1625 5755 medicabilem
1683 5698 1921 5767 aliquam
1968 5698 2353 5767 quastinnctn,

762 5797 1148 5860 schismaticus
1195 5812 1206 5848 :
1260 5793 1593 5864 iunuoriguri
1636 5808 1800 5859 vero,
1874 5794 1967 5863 qui
2019 5801 2353 5860 congregant

2451 4601 2672 4671 τοιαύτη
2724 4597 2831 4669 ἦν·
2868 4602 3119 4671 ἐμψύχου
3172 4604 3375 4666 παντὸς
3427 4604 3746 4672 ἀπείχοντο,
3804 4609 3903 4658 καὶ
3945 4609 4039 4659 τὸν

2451 4693 2629 4761 γάμον
2680 4692 2966 4761 ἠρνοῦντο,
3028 4692 3121 4745 τού
3187 4694 3406 4747 Σατανᾶ
3475 4694 3773 4757 καλοῦντες
3827 4697 4038 4748 αὐτόν·

2450 4782 2702 4850 λέγονται
2730 4783 2789 4835 δὲ
2857 4786 3081 4852 φρονεῖν
3122 4784 3217 4836 καὶ
3268 4783 3339 4837 τὰ
3386 4783 3482 4837 τοῦ
3525 4784 3881 4854 Μαρκίωνος.
3912 4785 4035 4839 Ὀτι

2452 4877 2532 4940 δὲ,
2567 4878 2755 4945 φησιν,
2797 4876 3106 4945 ἐδεξάμεθα
3156 4876 3257 4947 ήδη
3317 4879 3401 4939 είς
3458 4880 3555 4946 τὴν
3614 4877 3893 4946 καθέδραν
3929 4878 4038 4930 τῶν

2453 4966 2772 5019 ἐπισκόπων
2819 4967 2967 5019 τόνδε
3008 4968 3103 5021 καὶ
3144 4968 3313 5033 τόνδε,
3350 4969 3409 5035 ἐξ
3450 4969 3681 5022 ἐκείνων
3715 4970 3906 5033 ὄντας,
3934 4971 4042 5022 τῶν

2468 5059 2843 5130 Ἐγκρατιτῶν
2886 5058 3113 5129 δηλαδὴ,
3158 5059 3344 5113 οὐκέτι
3403 5062 3684 5131 δυνάμεθα
3731 5064 4040 5134 διακρίνειν

2456 5151 2549 5202 καὶ
2600 5147 2954 5217 διαχωρίζειν
3009 5150 3118 5204 ἀπὸ
3183 5149 3285 5218 τῆς
3351 5150 3684 5221 Ἐκκλησίας
3769 5156 3901 5217 τοὺς
3964 5153 4040 5223 τῷ

2453 5240 2697 5307 τάγματι
2758 5239 2987 5292 ἐκείνων
3040 5242 3464 5311 συνημμένους*
3518 5244 3687 5314 ἠγουν
3738 5247 3868 5307 τοὺς
3916 5250 4043 5316 ὀμο-

2454 5331 2639 5395 δόξους
2690 5330 2940 5395 ἐκείνοις.
2996 5332 3291 5403 Δεξάμενοι
3351 5336 3459 5405 γὰρ
3510 5337 3638 5399 τοὺς
3699 5336 4043 5399 ἐπισκόπους

2452 5423 2653 5487 αὐτῶν,
2693 5426 2897 5479 κανόνα
2943 5428 3039 5477 καὶ
3079 5425 3251 5479 τύπον
3284 5428 3477 5498 ὥσπερ
3512 5428 3753 5496 ἐθέμεθα
3789 5430 3859 5482 δι’
3894 5432 4041 5483 ἐκεῖ·

2452 5534 2581 5578 νων,
2622 5518 2717 5569 καὶ
2751 5517 2877 5579 τοὺς
2914 5517 3139 5580 λοιποὺς
3174 5518 3450 5587 δέχεσθαι.

2527 5606 2749 5657 ΛΡΙΣΤ.
2778 5607 3065 5676 Αίρετικδς
3098 5625 3124 5659 ο
3179 5611 3321 5661 κατὰ
3369 5612 3466 5678 τὴν
3494 5609 3677 5660 πῖστιν
3719 5608 4043 5680 indagator

2458 5701 2483 5751 6
2527 5702 2583 5752 δὲ
2629 5702 2769 5752 κατά
2802 5719 2853 5753 τι
2902 5704 3122 5770 ίασιμον
3177 5701 3403 5771 ζήτημα
3441 5704 3833 5772 σχισματικός.
3886 5705 3955 5757 Oi
3994 5705 4045 5755 ὁὶ

2464 5794 2786 5856 συνάγοιτες
2841 5796 3206 5849 άνυπόῖακτοι
3249 5812 3473 5859 zonae;
3507 5798 3539 5867 ἦ
3578 5796 3824 5855 ἐκείνους
3863 5812 4041 5865 παρα·
