4224 6446
229 389 338 457 585

1145 402 1226 464 IN
1269 407 1514 467 EPIST.
1548 410 1605 470 S.
1645 410 1925 473 BASILII
1988 414 2426 479 CANONICAM
2478 419 2520 484 Ι.

3370 434 3467 498 586

236 508 565 575 συνάγτκγοι.
619 507 690 561 Τὸ
750 508 807 575 ἔξ
865 512 1141 581 αίρετικοῦ
1193 515 1477 586 βάπτισμα
1530 520 1796 574 ἄδεκτον’
1830 530 1870 582 Α

1830 530 1870 582 Α
1907 523 2003 575 hos
2033 525 2110 575 νει
2145 526 2295 587 istos,
2338 540 2464 582 sunt
2506 534 2916 602 parasynagOgi.
2952 532 3223 605 Baptisma
3260 540 3328 595 ab
3363 542 3469 597 ha:-

231 597 425 649 δεκτδν
458 598 512 649 δὲ
542 597 604 649 τὸ
638 598 969 666 ἀποσχίστου
998 602 1094 654 καὶ
1145 606 1646 673 πιρασυναγὼγου.
1691 609 1805 661 Πα-

234 688 506 755 ράκλητον
534 689 583 738 oi
617 688 952 757 Πεπουζηνοὶ
979 692 1070 742 τὸν
1112 692 1386 746 Μοντανὸν
1408 695 1764 765 ὀνομάζουσιν
1784 712 1801 729 °

229 777 355 829 ὅθεν
388 780 479 829 καὶ
510 778 589 839 είς
624 779 785 831 αὐτὸν
816 779 1196 848 βαπτιζόμενοι
1232 783 1575 839 άϐάπτιστοι.
1599 788 1673 840 Τὸ
1696 787 1805 841 τῶν

1508 803 1575 839 οι.
1599 788 1673 840 Τὸ
1696 787 1805 841 τῶν
1908 789 2117 848 bratur.
2168 793 2434 863 Pepuaeni
2473 798 2789 856 Montanum
2835 777 3174 865 nomina-mni

234 870 511 939 Καθαρῶν
555 870 647 922 καὶ
708 868 1231 941 ’Υδροπαραστατιῖ·ν
1276 875 1368 926 καὶ
1430 876 1803 944 Ἐγκρατιτῶν

232 961 538 1030 βάπτισμα,
569 965 615 1014 εί
645 966 736 1015 καὶ
766 964 1009 1026 ἄδεκτον,
1043 966 1129 1018 διά
1159 968 1221 1017 τὸ
1264 966 1540 1035 ιπιλεῐψαι
1587 968 1802 1032 τούτοις

228 1053 291 1102 τδ
347 1051 569 1120 Πνεῦμα
623 1053 681 1106 τδ
740 1054 915 1122 ἅγιον,
942 1055 1061 1109 ἀλλ’
1117 1057 1211 1110 οὖν
1265 1060 1577 1128 οἰκονομίας
1637 1062 1801 1132 χάριν

226 1144 387 1197 εστι-ι.

299 1412 360 1463 0i
403 1413 479 1482 μὴ
540 1415 921 1477 κοινωνοῦντες
970 1418 1037 1484 τῇ
1088 1417 1349 1487 καθολικῇ
1393 1414 1687 1489 Ἐκκλησία
1717 1422 1800 1483 εἰς

220 1502 353 1569 τρία
384 1502 715 1570 διαιροῦνται
737 1518 751 1531 ·
787 1506 866 1567 είς
895 1505 1225 1573 αίρετικοὶις,
1267 1509 1347 1569 είς
1382 1510 1794 1578 σχισματικοὺς,

223 1595 323 1644 καὶ
369 1594 893 1661 παρασυναγώγους.
926 1596 1035 1648 Καὶ
1089 1598 1357 1665 αίρετικοὶ
1406 1600 1507 1667 μέν
1554 1601 1695 1652 εἰσιν
1744 1603 1793 1653 oi

216 1684 319 1750 τῆς
345 1687 427 1745 εἰς
467 1686 599 1739 Θεὸν
635 1687 873 1749 πίστεως
919 1688 1197 1750 παντελῶς
1250 1690 1793 1759 ἀπαλλοτριῶσαντες

217 1776 450 1839 ἑαυτούς
471 1791 485 1807 ⁸
508 1776 583 1839 ὠς
610 1780 657 1829 οί
682 1779 1039 1847 Πεπουζηνοὶ,
1064 1782 1109 1833 οί
1138 1781 1452 1851 Μανιχαῐοι,
1484 1786 1531 1835 oi
1564 1784 1793 1837 Οὐαλεν-

1910 614 2078 665 retico
2100 616 2450 684 celebratum,
2493 635 2598 673 non
2652 622 3015 691 recipiendum
3053 643 3068 680 :
3109 630 3471 698 recipiendum

1910 715 2036 753 vero
2078 705 2218 769 quod
2270 721 2299 758 a
2356 708 2708 766 schismatico
2747 713 2829 767 vel
2888 730 3294 791 parasynagogo
3339 724 3479 778 cele-

1910 814 2117 848 uratur.
2168 814 2434 863 reputent
2473 814 2789 856 alontanum
2835 814 3175 865 nominarunt
3226 814 3471 870 Paracle<

1910 888 2043 941 tum,
2077 895 2406 952 quapropter
2433 889 2523 955 qui
2560 889 2610 941 in
2651 906 2773 944 eum
2814 893 3171 963 baptizantur,
3205 918 3309 956 non
3345 918 3471 958 sunt

1906 969 2187 1038 baptizati.
2222 973 2579 1031 Catharorum
2598 990 2652 1033 et
2674 980 3280 1058 ilydroparastatnrutu,
3311 1007 3473 1066 atque

1905 1056 2305 1116 Encratitarum
2367 1066 2630 1133 baptisma
2669 1074 2880 1127 etiamsi
2926 1091 3031 1130 non
3085 1080 3157 1133 sit
3207 1056 3471 1153 recipien-

1904 1144 2052 1206 dum,
2088 1158 2308 1214 propter
2354 1149 2588 1217 SpirLtus
2634 1159 2808 1212 sancti
2857 1166 2996 1230 apud
3025 1180 3118 1220 eos
3161 1144 3468 1242 defectum,

1904 1235 2258 1295 nihilominus
2292 1246 2610 1299 oeconomia:
2645 1262 2807 1303 causa
2840 1255 3187 1323 suscipiatur.

1974 1413 2074 1479 Qui
2099 1431 2221 1471 cum
2258 1416 2499 1475 Ecclesia
2532 1426 2799 1481 catholica
2825 1444 2930 1484 non
2963 1442 3382 1511 communicant,
3417 1446 3470 1501 in

1901 1506 2002 1556 tria
2026 1520 2220 1573 genera
2245 1508 2577 1579 dividuntur,
2604 1514 2659 1569 in
2684 1517 2983 1588 haereticos,
3004 1524 3056 1578 in
3073 1506 3467 1600 schismaticus,

1899 1604 1953 1647 et
1985 1611 2447 1671 parasynagogos.
2475 1602 2545 1657 Et
2573 1606 2812 1664 haeretici
2846 1614 3066 1682 quidem
3103 1630 3228 1675 sunt
3268 1625 3344 1690 ii,
3376 1630 3468 1696 qui

1894 1700 2014 1741 sese
2054 1702 2082 1739 a
2116 1687 2216 1743 [Ide
2244 1690 2299 1744 in
2335 1692 2501 1747 Deum
2532 1698 2752 1752 omnino
2777 1701 3177 1775 abalienarunt,
3213 1723 3270 1766 ut
3294 1687 3469 1785 P—cp-u-

1896 1778 2034 1838 zeui,
2060 1779 2365 1847 Manichci,
2392 1784 2780 1856 Valentiniani,
2815 1791 3208 1867 Marcionistte,‘
3230 1813 3283 1859 et
3314 1778 3464 1864 miihi

214 1867 472 1925 τινιανοὶ,
504 1868 553 1919 oi
594 1868 1028 1937 Μαρκιωνισταὶ,
1059 1869 1155 1923 καὶ
1183 1868 1333 1922 ἄλλοι
1364 1868 1571 1923 πολλοί.
1597 1872 1663 1924 0i.
1691 1871 1789 1941 μὶν
1820 1877 1865 1937 Β

1820 1877 1865 1937 Β
1893 1869 2005 1923 alii.
2026 1868 2298 1941 Pepuseni
2316 1876 2460 1930 enim
2476 1877 2785 1936 Montanum
2802 1887 3084 1943 nominaut
3103 1890 3461 1966 Paracletum,

215 1953 328 2023 γὰρ
357 1955 693 2026 Πεπουζηνοὶ
740 1958 831 2011 τὸν
875 1960 1147 2012 Μοντανὸν
1194 1960 1546 2030 παράκλητον
1590 1963 1786 2033 ὀνομά-

214 2043 394 2108 ζουσι,
422 2047 516 2098 καὶ
543 2046 640 2108 τὰς
674 2047 1040 2114 συναφθείσας
1079 2049 1226 2117 αὐτῷ
1261 2049 1535 2119 πορνικῶς
1564 2051 1657 2104 δύο
1686 2068 1785 2119 γυ-

214 2137 432 2200 ναῖκας,
470 2138 799 2207 Πρίσκιλλαν
833 2140 922 2193 καὶ
954 2140 1316 2208 Μαξίμιλλαν,
1347 2142 1424 2205 ὡς
1452 2145 1786 2215 προφήτιδας

211 2228 420 2297 ἔχουσι.
451 2230 588 2293 Τοὺς
637 2230 850 2299 γάμους
882 2232 1188 2303 ἀδιαφόρως
1227 2233 1414 2287 λύουσι
1438 2249 1455 2268 ο
1498 2236 1560 2288 τὸ
1597 2237 1787 2305 Πάσχα

210 2320 239 2372 δ
265 2320 630 2390 αστρέφουσι⁹
667 2323 765 2385 τὰς
799 2325 947 2393 τρεῖς
973 2324 1309 2388 ὑποστάσεις
1352 2326 1453 2395 τῆς
1497 2328 1783 2396 όμοουσίου

215 2410 487 2489 Θεότητος
509 2415 586 2475 είς
612 2413 670 2467 ἓν
698 2415 984 2483 συγχέουσι
1009 2417 1316 2484 πρόσωπον,
1343 2419 1437 2469 καὶ
1473 2417 1638 2489 ἕτερά
1666 2437 1785 2473 τινα

208 2487 388 2570 ἀσεϐῆ
415 2503 639 2556 τοιαῦτα
674 2505 984 2572 φρονοῦσιν.
1005 2507 1067 2560 Ol
1091 2506 1145 2559 δὲ
1171 2508 1464 2579 Μανιχαῐοι
1492 2487 1586 2562 δύο
1610 2513 1783 2580 ἀρχάς

209 2593 532 2658 εἰσάγουσιν,
569 2595 837 2658 ἐναντίας,
889 2596 985 2649 καὶ
1031 2598 1358 2661 ίσοσθενετς·
1399 2600 1493 2653 καὶ
1536 2600 1634 2672 τὴν
1682 2602 1784 2670 μὲν

211 2683 394 2750 φωτὸς
425 2684 738 2749 δοξάζουσιν
779 2684 916 2739 εἶναι
958 2688 1266 2757 παραίτιον,
1302 2689 1401 2758 τήν
1445 2690 1501 2742 δὲ
1537 2692 1781 2755 σκότους.

212 2776 324 2829 Καὶ
354 2777 507 2846 ἥλιον
539 2779 632 2830 καὶ
674 2780 903 2849 σελήνην
958 2779 1329 2834 θεοποιοῦνται
1356 2797 1371 2812 ο
1406 2781 1501 2834 καὶ
1536 2782 1626 2835 τὸν
1672 2783 1784 2836 διάο

209 2866 369 2919 ϐολον
396 2871 493 2936 τῆς
538 2868 669 2935 ὕλης
712 2869 1210 2938 προσαγορεύουσιν
1254 2871 1494 2941 ἄρχοντα
1520 2889 1533 2902 ⁸
1569 2874 1664 2925 καὶ
1692 2875 1783 2926 τὸν

206 2958 393 3025 γάμον
446 2958 762 3027 νομοθεσίαν
806 2960 1029 3012 καλοῦσι
1087 2962 1180 3012 τοῦ
1233 2961 1486 3029 δαίμονος
1512 2979 1524 2991 ·
1561 2965 1653 3014 καὶ
1682 2964 1782 3031 τὴν

208 3052 292 3114 είς
338 3052 465 3113 τοὺς
496 3051 789 3119 δεομένους
851 3054 1135 3120 μετάδοσιν
1186 3054 1442 3121 ἀνόμημα
1497 3053 1779 3121 κρίνουσιν

209 3148 305 3197 καὶ
330 3144 423 3194 τὸν
456 3142 657 3211 Κύριον
691 3143 844 3195 οὐδὲν
874 3142 1213 3212 ἀνθρώπινον
1247 3144 1526 3213 εἰληφέναι
1558 3162 1777 3214 σαρκω-

1889 1968 1945 2015 et
1988 1963 2120 2016 duas
2151 1965 2406 2023 mulieres
2433 1970 2694 2027 adulterio
2726 1974 2774 2028 ei
2804 1978 3118 2046 conjunctas
3156 1963 3458 2047 Priscillam

1887 2051 2307 2145 etyaximiliam
2349 2072 2444 2127 pro
2473 2063 2830 2130 prophetissis
2857 2068 3075 2125 habent.
3119 2073 3342 2145 Nuptias
3381 2086 3462 2138 in-

1888 2140 2195 2197 diﬂ'ereuter
2224 2145 2461 2212 solvunt,
2492 2149 2699 2205 Pascha
2723 2168 3056 2224 pervertunt,
3093 2140 3462 2226 tres‘consuh-

1889 2234 2157 2288 stantialis
2181 2235 2409 2291 Deitatis
2448 2240 2827 2299 subsistentias
2870 2248 2921 2301 in
2955 2264 3117 2306 unam
3160 2270 3452 2324 personam

1888 2322 2222 2379 cuul'undunt
2243 2366 2257 2390 ,
2290 2338 2343 2383 et
2375 2330 2479 2384 alia
2514 2334 2766 2401 quaedam
2793 2337 3095 2395 istiusmodi
3144 2322 3305 2413 impia
3335 2365 3458 2404 seu-

1890 2415 2046 2470 tiunt.
2080 2414 2361 2473 Manicbzei
2417 2433 2595 2476 autem
2639 2425 2745 2480 duo
2795 2430 3060 2501 principia
3113 2436 3461 2499 introducunt

1887 2508 2180 2571 contraria,
2230 2516 2286 2562 et
2335 2513 2528 2581 aquaii
2581 2519 2821 2584 potentia
2887 2524 3147 2591 pradita,
3194 2540 3249 2584 et
3290 2546 3456 2590 unum

1886 2598 2104 2665 quidem
2142 2600 2279 2657 lucis
2309 2617 2526 2659 causam
2564 2622 2685 2664 esse
2726 2612 3040 2681 opinantur,
3078 2618 3310 2676 alterum
3355 2639 3457 2680 au-

1890 2694 1997 2739 tem
2040 2690 2412 2747 tenebrarum.
2452 2694 2635 2752 Solem
2664 2710 2719 2754 et
2748 2702 2930 2757 lunam
2962 2706 3093 2763 deos
3135 2708 3374 2781 faciunt,
3405 2730 3460 2773 et

1890 2778 2170 2834 diabolum
2217 2785 2462 2839 materiae
2508 2790 2811 2860 principem
2845 2796 3118 2863 appellant
3155 2810 3211 2857 et
3244 2778 3458 2873 nuptias

1886 2870 2144 2929 daemonis
2179 2885 2504 2943 praeceptum
2538 2892 2751 2945 vocant,
2784 2893 2838 2938 et
2872 2888 2937 2939 ad
2960 2903 3160 2960 egenos
3189 2870 3451 2951 distribu-

1888 2960 2083 3016 tionem
2118 2962 2376 3034 ﬂagitium
2410 2968 2674 3039 iudicant,
2700 2982 2753 3029 et
2785 2976 3070 3035 Dominum
3109 2982 3452 3045 incarnatum

1887 3052 2018 3106 nihil
2039 3055 2331 3111 humanum
2352 3062 2714 3129 assumpsisse
2736 3065 3088 3135 arbitrantur,
3118 3084 3170 3128 et
3199 3090 3414 3134 erucem
3441 3126 3451 3146 ,

1886 3150 1940 3194 et
1975 3152 2203 3199 mortem
2243 3158 2295 3201 et
2314 3152 2763 3208 resurrectionem
2803 3165 2988 3213 utnon
3014 3176 3142 3218 vere
3175 3165 3315 3223 facta
3342 3171 3455 3226 ele-

206 3236 372 3288 θὲντα
406 3234 685 3299 δοξάζουσι
707 3248 721 3265 ⁸
761 3235 851 3287 καὶ
879 3235 968 3287 τὸν
997 3237 1249 3305 σταυρὸν,
1284 3240 1376 3288 καὶ
1407 3238 1497 3289 τὸν
1522 3236 1773 3304 θάνατον,
1804 3210 1845 3268 C

1804 3210 1845 3268 ο
1883 3242 2028 3299 vant,
2053 3240 2508 3308 etquamplurima
2540 3245 2697 3314 impia
2720 3248 2938 3305 docent.
2969 3254 3329 3315 Valentiniani
3358 3279 3452 3318 ai-

206 3327 301 3378 καὶ
346 3326 444 3395 τήν
499 3326 817 3391 ἀνάστασιν,
846 3326 921 3390 ὼς
980 3325 1054 3396 μὴ
1106 3330 1172 3397 τῇ
1222 3328 1449 3399 ἀληθείᾳ
1487 3330 1773 3399 γενόμενα,

204 3414 563 3483 δεασύρουσι·
601 3415 694 3467 καὶ
726 3415 894 3484 μύρια
942 3414 1077 3468 ἄλλα
1111 3416 1278 3485 ἀσεϐῆ
1335 3416 1775 3484 δογματίζουσιν.

204 3507 263 3557 0i
295 3506 351 3557 δὲ
381 3507 815 3559 Οὐαλεντινιανοὶ
842 3506 941 3575 τῆς
975 3508 1175 3575 σαρκὸς
1223 3510 1628 3578 ἀπαγορεύουσι
1676 3513 1776 3580 τήν

204 3602 539 3651 ἀνάστασινο
573 3600 669 3666 τὴν
711 3599 947 3651 παλαιὰν
996 3598 1249 3651 άθετοῦσι
1301 3601 1602 3669 Διαθήκην,
1654 3608 1777 3666 τοὺς

204 3692 494 3757 προφήτας
546 3689 1009 3754 ἀναγινώσκοντες
1062 3692 1153 3740 καὶ
1202 3691 1335 3757 πρὶς
1382 3690 1479 3760 τὴν
1523 3691 1776 3759 αἴσθησιν

202 3784 383 3834 αἰτῶν
420 3783 641 3843 τούτους
690 3781 1212 3850 μεθερμηνεύοντες,
1243 3781 1570 3850 μυθολογίας
1622 3785 1774 3845 τινὰς

200 3874 649 3924 ἀναπλάττουσι·
699 3873 792 3925 καὶ
834 3873 926 3924 τὸν
980 3873 1214 3941 Χριστὸν
1269 3875 1367 3927 ἀπ’
1414 3875 1644 3945 ούρανοῦ
1692 3876 1776 3930 λέ-

201 3979 360 4029 γουσι
396 3967 494 4033 τὴν
529 3963 711 4033 σάρκα
743 3966 1115 4029 κατενεγκεῖν,
1149 3964 1245 4016 καὶ
1285 3964 1359 4028 ὡς
1391 3964 1480 4017 διά
1510 3966 1770 4035 σωλῆνος,

200 4053 433 4106 διελθεῖν
481 4052 581 4119 τῆς
642 4051 963 4121 Παρθένου*
1014 4053 1108 4104 καὶ
1171 4052 1310 4106 ἄλλα
1372 4055 1496 4106 τινὰ
1548 4054 1774 4107 τοιαῦτα

204 4145 503 4211 βλάσφημα
537 4141 890 4211 ληρωδοῦσιν.
923 4142 986 4193 Ol
1018 4142 1072 4195 δὲ
1101 4143 1514 4211 Μαρκιωνισταί
1542 4146 1683 4196 εἰσιν
1721 4145 1773 4196 οί

202 4236 569 4297 Μασαλιανοὶ,
594 4236 642 4285 oi
675 4236 766 4286 καὶ
817 4233 1041 4301 Εὐχῖται
1078 4233 1506 4302 ἐρμηνευόμενοι
1529 4252 1541 4265 ·
1570 4235 1770 4300 οἵτινες

200 4327 577 4394 πολυκέφαλον
615 4325 705 4377 καὶ
745 4323 1100 4391 πολυώνυμον
1129 4322 1227 4393 τὴν
1268 4324 1481 4391 αἵρεσιν
1534 4324 1769 4394 ἔχουσιν.

201 4413 361 4473 Οὗτοι
391 4418 523 4486 γοῦν
556 4418 755 4477 πάντες
787 4415 885 4483 τῆς
935 4415 1201 4484 αἱρέσεως
1231 4413 1414 4467 αὐτῶν
1465 4432 1774 4488 μεταστρα⁴¹

1882 3332 1987 3378 tem
2042 3330 2224 3382 carnis
2271 3337 2728 3391 resurrectionem
2792 3354 3009 3411 negant,
3073 3357 3227 3405 vetus
3260 3352 3448 3407 Testa.

1884 3431 2121 3474 mentum
2172 3424 2442 3491 rejiciunt,
2478 3432 2769 3497 prophetas
2807 3434 3048 3504 legentes
3088 3448 3141 3494 et
3186 3446 3253 3496 ad
3297 3460 3449 3500 suam

1880 3513 2281 3577 perceptionem
2316 3529 2410 3569 eos
2429 3517 2872 3587 interpretantes,
2898 3528 3254 3599 mythologias
3281 3549 3447 3602 quas.

1879 3601 2000 3649 dant
2057 3600 2337 3671 emugunt,
2380 3617 2432 3659 et
2475 3606 2747 3662 Christum
2796 3628 2824 3664 a
2868 3616 3006 3670 cmlo
3034 3632 3254 3675 carnem
3299 3600 3452 3679 attu-

1880 3689 2027 3753 lisse,
2058 3702 2112 3743 et
2143 3690 2415 3763 Virginem
2456 3705 2716 3767 tanquam
2759 3717 2854 3770 per
2882 3708 3126 3762 canalem
3170 3717 3453 3775 transiisse

1878 3778 2085 3841 tlit'llltt,
2108 3790 2163 3834 et
2193 3782 2296 3835 alia
2326 3787 2582 3838 nonnulla
2627 3790 2933 3845 istiusmodi
2979 3795 3292 3865 blasphema
3318 3806 3451 3861 deli-

1881 3881 2060 3923 rantes
2095 3872 2400 3940 proferuut.
2445 3876 2805 3936 Marcionistze
2839 3897 2965 3939 vero
2998 3900 3124 3942 sunt
3156 3894 3245 3960 qui
3270 3893 3453 3951 Masa-

1878 3958 2008 4012 Iiaui
2049 3972 2105 4014 et
2172 3962 2415 4020 Euchiue
2463 3968 2904 4039 interpretantur,
2937 3958 3183 4043 quorum
3228 3984 3453 4042 hmresis

1878 4052 2230 4108 multiformis
2274 4065 2357 4110 est
2400 4068 2455 4111 et
2490 4062 2904 4119 multinominis.
2943 4066 3003 4120 Hi
3035 4070 3217 4140 itaque
3259 4089 3449 4133 omnes

1876 4146 1944 4199 ab
1981 4148 2169 4202 haeresi
2202 4164 2299 4202 sua
2330 4155 2601 4217 conversi,
2646 4164 2702 4208 et
2732 4159 2797 4209 ad
2840 4171 3041 4214 rectam
3085 4164 3243 4220 iidem
3290 4184 3450 4223 acce-

1875 4235 2085 4302 dentes,
2119 4238 2488 4309 baptizantur,
2535 4246 2659 4313 quia
2701 4262 2887 4302 eorum
2929 4250 3195 4321 baptisma
3229 4272 3257 4310 a
3293 4260 3451 4315 nobis

1876 4338 1975 4393 pro
2016 4329 2186 4384 nibilo
2215 4332 2450 4387 ducitur.
2502 4334 2845 4392 Schismatici
2872 4353 3052 4396 autem
3084 4358 3234 4412 Sunt,
3260 4352 3346 4416 qui
3383 4354 3451 4405 ah

1874 4415 2117 4473 Ecclesia
2145 4436 2265 4477 sese
2299 4424 2669 4491 absciderunt,
2698 4439 2752 4481 ut
2778 4431 3068 4489 Donatista:
3088 4475 3101 4496 ,
3138 4450 3190 4491 et
3221 4415 3308 4507 qui
3342 4442 3449 4496 Ca~

200 4520 414 4586 φέντες,
448 4512 543 4566 καὶ
572 4512 638 4579 τῇ
670 4509 956 4578 ἀμωμήτῳ
1000 4506 1181 4559 πίστει
1226 4506 1638 4575 προσελθόντες,
1674 4508 1772 4577 βα-
1804 4540 1849 4595 D

1804 4540 1849 4595 υ
1877 4507 2014 4561 thari
2039 4509 2311 4574 dicuntur,
2350 4521 2403 4566 et
2423 4512 2923 4584 Ilydroparastatre,
2955 4532 3010 4575 et
3044 4524 3353 4585 Encraaita.
3384 4530 3448 4586 Ili

201 4610 506 4673 πτὶζονται,
546 4603 637 4656 διά
670 4603 729 4654 τ’)
762 4600 1071 4653 ἀθετεῖσθαι
1125 4600 1256 4667 παρ’
1303 4599 1459 4668 ήμῶν
1484 4599 1544 4651 τὸ
1576 4599 1771 4667 βάπτιο

201 4717 315 4769 σμα
344 4698 545 4753 αὐτῶν.
590 4693 947 4763 Σχισματικοὶ
974 4690 1029 4743 δέ
1060 4690 1201 4742 είσιν
1230 4691 1277 4742 ei
1311 4690 1409 4758 τῆς
1443 4690 1771 4760 Ἐκκλησίας

198 4792 428 4851 ἑαυτοὺς
485 4788 934 4855 ἀποστήσαντεςο
968 4782 1042 4845 ὡς
1093 4784 1144 4834 al
1199 4784 1540 4845 Δονατισταὶ,
1570 4784 1668 4835 καὶ
1718 4785 1768 4835 οι

196 4882 485 4947 λεγόμενοι
519 4878 787 4944 Καθαροὶ,
836 4873 931 4926 καὶ
989 4874 1037 4923 oi
1092 4870 1642 4940 'poonzpaa'rdtat,
1677 4873 1772 4925 καὶ

195 4974 243 5024 οἱ
293 4969 664 5038 Ἐγκρατῐται.
713 4959 875 5019 Οὗτοι
908 4961 1055 5033 γάρ,
1090 4966 1139 5016 εἰ
1185 4961 1577 5030 ἐπιστρέφουσι
1632 4962 1771 5032 πρὸς

194 5066 295 5133 τὴν
328 5062 627 5130 καθολικὴν
672 5058 1022 5126 Ἐκκλησίαν,
1053 5057 1147 5108 καὶ
1177 5055 1275 5117 τάς
1301 5056 1544 5124 αἱρέσεις
1588 5054 1769 5106 αὐτῶν

194 5149 710 5218 άναθεματίσουσιν,
741 5144 817 5206 ὡς
849 5143 1270 5212 βεϐαπτισμένοι
1324 5142 1770 5213 παραδεχθήσον-

192 5261 308 5307 ται,
336 5241 430 5293 καὶ
463 5238 609 5307 μόνῳ
631 5237 709 5305 τῷ
758 5236 899 5305 ἁγίῳ
929 5233 1088 5303 μύρῳ
1140 5232 1551 5302 χρισθήσονται.
1589 5234 1773 5303 Παρα-

195 5334 507 5399 συνάγωγοι
587 5328 643 5381 δέ
718 5329 858 5379 εἰσιν
918 5325 968 5376 oi
1021 5325 1444 5392 κατακριθέντες
1510 5325 1604 5377 ἐπί
1654 5341 1770 5377 τισι

192 5424 535 5492 πταίσμασιν
572 5421 882 5483 ἐπίσκοποι,
914 5416 946 5487 ἦ
978 5414 1363 5487 πρεσϐύτεροι,
1413 5418 1505 5469 καὶ
1538 5434 1768 5485 μετακι-

192 5515 451 5587 νηθέντες
481 5514 577 5578 τῆς
610 5509 974 5580 λειτουργίας,
998 5509 1095 5559 καὶ
1137 5508 1213 5576 μὴ
1243 5507 1622 5575 ὑποκύψαντες
1651 5510 1766 5568 τοῖς

191 5597 437 5668 κανόσιν,
467 5604 582 5659 ἀλλ’
614 5605 844 5665 ἑαυτοὺς
867 5600 1198 5663 αὑθεντικῶς
1226 5600 1636 5670 ἱκδικήσαντες,
1660 5600 1760 5670 τὴν

192 5699 511 5772 προεδρίαν,
544 5698 638 5750 καὶ
682 5696 782 5766 τὴν
827 5692 1195 5762 λειτουργίαν,
1232 5692 1323 5744 καὶ
1366 5690 1760 5763 θυσιαστήριον

1879 4597 2025 4651 enim
2080 4599 2127 4652 si
2173 4601 2238 4654 ad
2266 4604 2592 4659 catholicam
2635 4609 2855 4663 redeant
2888 4611 3203 4683 Ecclesiam,
3242 4630 3295 4673 et
3341 4622 3449 4677 ha:-

1883 4703 2028 4744 reses
2074 4704 2201 4745 suas
2243 4694 2723 4765 anathematizcnt,
2756 4710 2813 4753 nt
2854 4702 3109 4770 baptizati
3160 4709 3449 4766 admitten-

1878 4788 1988 4843 tur,
2025 4792 2079 4834 ct
2110 4781 2227 4835 solo
2264 4796 2456 4839 sancto
2500 4788 2793 4845 chrismate
2822 4802 3109 4860 ungentur.
3150 4784 3449 4871 Parasyua-

1875 4872 1998 4942 gogi
2024 4885 2206 4929 autem
2241 4888 2366 4930 sunt
2400 4881 2636 4949 episcopi
2665 4893 2756 4936 aut
2788 4886 3089 4954 presbyteri
3117 4892 3208 4961 qui
3238 4897 3308 4947 ob
3337 4899 3447 4950 cri-

1879 4964 2025 5017 mina
2065 4966 2243 5034 aliqua
2277 4972 2644 5035 condemnati,
2678 4981 2732 5027 et
2770 4975 3071 5032 ministerio
3104 4998 3261 5039 sacro
3295 4990 3446 5052 moti,

1877 5067 1929 5112 et
1952 5060 2252 5113 canonibus
2279 5076 2383 5115 non
2426 5065 2816 5131 auscultantes,
2848 5068 2942 5123 sed
2976 5086 3035 5123 se
3061 5088 3183 5128 cum
3214 5081 3446 5133 auctori-

1878 5158 1987 5203 tate
2006 5149 2381 5215 defendentes,
2410 5155 2831 5222 prtesidentiam.
2881 5167 2937 5213 et
2967 5161 3263 5233 liturgiam,
3288 5179 3340 5222 et
3364 5172 3444 5221 ai-

1874 5250 1990 5294 tare
2007 5240 2109 5311 51
2149 5244 2291 5298 aliud
2308 5255 2643 5311 struxerunt,
2669 5251 2861 5304 et'aIiis
2882 5268 2993 5307 sum
3012 5269 3134 5310 esse
3165 5263 3445 5317 sententia:

1875 5341 2283 5395 persuaserunt,
2334 5342 2391 5386 ut
2445 5336 2590 5402 ipsos
2632 5348 2951 5406 sequantur,
2999 5353 3056 5397 et
3116 5349 3441 5405 catholicam

1875 5422 2127 5475 deserant
2156 5422 2475 5478 Ecciesiam.
2515 5427 2675 5482 Tales
2704 5431 2848 5484 enim
2873 5436 3248 5501 paenitentiam
3276 5456 3443 5509 agen-

1885 5524 1965 5566 tes
1996 5525 2049 5567 et
2081 5516 2422 5569 memorabili
2462 5518 2834 5586 resipiscentia
2870 5533 2918 5577 et
2949 5531 3304 5584 conversione
3330 5516 3442 5585 nte-

1872 5606 2037 5660 liores
2059 5609 2369 5668 evadentes.
2396 5606 2654 5663 Ecclesiae
2679 5612 2897 5682 iterum,
2928 5626 2984 5670 ut
3008 5634 3172 5673 unum
3218 5637 3441 5689 corpus,

1868 5692 2289 5764 coniunguntur.

192 5796 499 5867 πηξάμενοι
524 5793 733 5861 ἓτερον,
794 5791 889 5843 καὶ
934 5788 1037 5855 τῆς
1099 5788 1322 5855 γνώμης
1367 5789 1546 5842 αὐτῶν
1586 5790 1833 5857 γενέσθαι
1867 5792 2019 5853 τινάς
2068 5794 2532 5862 παραπεὶσαντες,
2565 5796 2706 5852 ὥστε
2742 5800 3204 5871 συνακολουθῆσαι
3236 5805 3445 5875 αὐτοῖς,

397 5889 668 5948 Parnm.
716 5886 833 5946 Gn.
882 5884 983 5945 CX
998 5881 1256 5944 XXVIII.

3015 5892 3085 5955 19
