4224 6446
748 364 848 427 5‘37

1998 358 2279 419 ΤΠΕΟΙ).
2319 356 2715 416 BALSASION

3886 346 3995 411 583

738 478 832 529 καὶ
894 475 989 542 τὴν
1062 472 1351 539 καθολικὴν
1400 472 1719 523 καταλιπεῖν
1792 472 2137 540 Ἐκκλησίαν.
2208 471 2272 520 Οἱ
2329 469 2560 521 τοιοῦτοι
2626 470 2752 537 γὰρ,
2824 467 3313 536 μεταμεληῢὲντες,
3378 467 3472 520 καὶ
3521 465 3781 535 μετανοίᾳ
3845 466 3985 531 άξιο-

741 568 902 635 λόγῳ,
955 566 1047 617 καὶ
1106 566 1405 631 ἐπιστροφῇ
1472 563 1876 631 βε).τιω¹)ἐντες,
1931 564 2293 614 συνάπτονται
2327 562 2507 622 πάλιν,
2542 561 2612 623 ὡς
2647 561 2703 611 ἓν
2736 562 2915 628 σῶμα,
2945 564 3008 629 τῇ
3052 561 3370 629 Ἐκκλησία.

1356 654 1585 709 CANON
1619 656 1678 709 ll.

743 753 869 813 ρυτυ
902 751 965 803 de
995 750 1250 803 industria
1296 748 1464 801 fetum
1488 749 1749 817 corrupit,
1775 748 1938 802 credis
1968 762 2159 816 pmnas
2182 746 2310 799 luat.

815 840 1051 893 Formati
1086 850 1262 894 autem
1291 840 1374 892 vel
1412 838 1659 893 informis
1683 839 1994 891 subtilitasa
2022 838 2176 889 nobis
2209 850 2313 888 non

818 928 1150 983 attenditur:
1186 930 1270 981 hic
1316 929 1485 991 enim,
1518 944 1624 981 non
1669 928 1839 980 solum
1893 928 2034 994 quod
2067 926 2317 988 nascitu-

816 1037 929 1075 rum
959 1020 1078 1082 fuit,
1112 1019 1432 1082 vindicatur,
1463 1022 1553 1073 sed
1577 1019 1739 1070 etiam
1767 1020 1877 1084 ipsa
1907 1032 2023 1084 qua:
2054 1016 2154 1069 sibi
2189 1016 2318 1067 insi-

818 1113 937 1166 dias
988 1111 1234 1179 paravit,
1292 1110 1548 1175 quoniam
1598 1120 1653 1161 ut
1710 1108 1997 1175 plurimum
2051 1104 2313 1172 ejusmodi

817 1201 1046 1268 inceptis
1071 1213 1172 1252 una
1222 1194 1436 1266 quoque
1486 1198 1743 1251 mulieres
1789 1199 2077 1251 intereunt.
2115 1196 2174 1248 Ei
2213 1209 2307 1246 au-

828 1297 931 1340 tem
983 1285 1186 1339 accedit
1234 1284 1375 1338 fetus
1424 1300 1635 1353 quoque
1686 1288 1959 1345 interitus,
1986 1286 2084 1336 alin
2115 1285 2313 1346 caedes,-

824 1390 1010 1429 eorum
1058 1376 1294 1442 quidem,
1330 1376 1420 1443 qui
1467 1377 1580 1429 hrcc
1623 1378 1842 1437 audent,
1892 1374 2312 1429 existimatione.

821 1462 1035 1529 Oportet
1072 1472 1251 1516 autem
1282 1476 1386 1516 non
1428 1476 1599 1531 usque
1638 1464 1702 1515 at!
1728 1464 1934 1516 obitum
1962 1475 2146 1515 eorum
2180 1474 2313 1514 con-

831 1552 1120 1606 fessionem
1150 1552 1464 1615 extendere,
1514 1556 1607 1606 sed
1650 1561 1772 1621 post
1822 1553 2007 1607 decem
2046 1565 2312 1604 annorum

826 1657 1129 1697 mensuram
1177 1642 1481 1696 admittere.
1522 1643 1754 1696 Defiuire
1784 1653 1963 1697 autem
2016 1658 2121 1696 non
2175 1650 2312 1696 tem-

828 1746 977 1801 pore,
1012 1734 1103 1788 sed
1129 1733 1285 1788 modo
1315 1734 1643 1802 poenitentiae
1678 1734 2023 1787 medicinam.

830 1911 1020 1967 BALS.
1060 1911 1132 1966 De
1160 1913 1223 1966 iis
1246 1928 1362 1980 qua:
1388 1912 1744 1977 foruicautur,
1778 1924 1830 1967 et
1850 1928 1981 1968 suos
2011 1913 2150 1967 fctus
2183 1928 2309 1981 per-

751 2001 922 2055 imuut
975 2002 1401 2067 medicamentis,
1448 2004 1529 2057 vel
1562 2004 1738 2073 aliquo
1768 2004 1872 2057 alio
1895 2003 2074 2066 modo,
2109 1980 2308 2057 dictum
2346 1980 2385 2035 Β

748 2103 830 2145 est
868 2093 919 2146 in
945 2106 1066 2161 cap.
1103 2109 1157 2156 κ,
1189 2094 1271 2146 tit.
1307 2094 1395 2155 15,
1432 2097 1713 2162 praesentis
1758 2096 1961 2163 operis,
2016 2105 2069 2148 et
2123 2096 2175 2147 in
2219 2110 2311 2148 ca-

754 2198 891 2238 none
924 2183 987 2236 21
1022 2185 1212 2253 synodi
1254 2186 1576 2254 Ancyranrc.
1632 2185 1876 2239 Praesens
1918 2194 2096 2238 autem
2137 2199 2309 2238 canon

747 2274 1065 2337 decernens,
1106 2290 1196 2330 eas
1226 2291 1346 2344 qua:
1388 2276 1490 2331 tale
1528 2276 1656 2345 quid
1692 2287 1875 2345 agunt,
1918 2276 2311 2330 homicidarum

749 2366 922 2434 turnis
951 2367 1159 2433 subjici,
1194 2368 1377 2436 adjicit
1424 2382 1529 2421 non
1575 2384 1694 2423 esse
1747 2368 2098 2423 differentiam
2145 2369 2309 2421 ullam

747 2457 971 2510 abortivi
1052 2457 1191 2511 fetus
1253 2459 1425 2512 :sive
1485 2462 1629 2512 enim
1692 2471 1775 2513 est
1841 2459 2107 2521 informe,
2168 2459 2311 2527 quod

747 2545 937 2599 abortu
997 2547 1268 2615 abjecttnn
1325 2554 1447 2609 est,
1490 2547 1603 2599 sive
1670 2545 1998 2606 formatum.
2062 2553 2116 2597 et
2170 2544 2311 2612 quod

750 2637 910 2690 liabet
973 2637 1206 2689 hominis
1267 2636 1681 2701 characterem,
1743 2636 1931 2689 eadem
2002 2643 2083 2687 est
2153 2636 2311 2686 ratio.

750 2728 860 2781 lloc
909 2737 1086 2780 autem
1136 2727 1337 2780 dictum
1403 2736 1485 2780 est
1547 2738 1765 2795 propter
1803 2739 1917 2788 eos,
1966 2725 2057 2793 qui
2104 2725 2311 2789 dicunt,

745 2817 910 2887 quod,
946 2817 1203 2885 quoniam
1247 2831 1431 2870 semen
1466 2817 1517 2869 in
1552 2816 1828 2870 matricem
1874 2816 2140 2883 dejectunt
2210 2829 2313 2867 non

750 2910 934 2962 statim
972 2910 1235 2961 formatur
1268 2908 1317 2959 in
1348 2908 1642 2971 hominem,
1675 2910 1766 2960 sed
1806 2908 1957 2974 prius
1997 2906 2209 2974 quidem
2258 2905 2315 2957 tit

748 3001 1003 3069 sanguis,
1041 3000 1234 3053 deinde
1285 3001 1336 3052 in
1377 3013 1595 3053 carnem
1646 3000 1934 3051 humanam
1987 2996 2311 3061 concrescit,

746 3094 941 3146 deinde
971 3092 1257 3159 efﬁngitur,
1287 3101 1340 3144 et
1376 3091 1637 3144 formatur
1664 3094 1715 3142 in
1749 3090 1987 3143 membra
2030 3098 2084 3142 ct
2109 3101 2313 3157 partes,

748 3194 851 3233 non
882 3181 937 3233 ﬁt
960 3182 1155 3244 cas-les,
1193 3180 1407 3248 quando
1435 3179 1640 3231 abortio
1666 3178 1803 3233 facta
1848 3179 2007 3231 fuerit
2030 3178 2188 3245 fetus,
2224 3180 2313 3247 qui

2341 658 2390 713 Δ

3012 653 3250 705 ΚΛΝΩΝ
3313 654 3389 706 B'.

2415 746 2690 813 Φῦεέρασα
2749 746 2869 797 κατ’
2932 744 3302 813 ἐπιτήδευσιν,
3336 744 3498 812 φόνου
3543 742 3701 813 δίκην
3753 744 3988 815 ὓπέχειυ

2488 836 2841 903 ἀκριϐολογία
2876 836 2930 888 δέ
2966 834 3472 903 ἐκμεμορφωμένου
3528 839 3620 887 καὶ
3651 836 3964 900 άνεξεικονί

2494 944 2620 979 στου
2640 928 2769 994 παρ’
2790 927 2920 993 ἡμῖν
2951 927 3049 977 οὑκ
3081 925 3247 977 ἐστιν.
3282 924 3546 977 Ἐνταῦθα
3566 925 3672 995 γάρ
3690 927 3989 977 ἐκδικεῖται

2462 1014 2546 1069 ὀὗ
2585 1017 2743 1085 μόνον
2773 1015 2833 1065 τὸ
2884 1014 3378 1082 γεννηθησόμενον,
3428 1014 3562 1065 ἀλλὰ
3616 1015 3711 1066 καὶ
3764 1014 3904 1081 αὑτὴ
3957 1016 3989 1082 ἡ

2487 1110 2652 1176 ἐαυτῇ
2682 1104 3138 1169 ἐπιϐουλεύσασα,
3168 1105 3301 1157 διότι
3334 1105 3409 1165 ὡς
3454 1106 3547 1157 ἐπὶ
3578 1106 3636 1157 τὸ
3686 1107 3821 1157 πολὺ
3862 1108 3986 1157 ἐνα-

2490 1198 2861 1266 ποθνήσκουσι
2888 1198 3011 1258 ταῖς
3034 1196 3311 1257 τοιαύταις
3349 1196 3763 1263 ἐπιχειρήσεων
3795 1196 3851 1246 αξ
3890 1213 3985 1260 γν-

2488 1286 2691 1350 ναῖκες.
2740 1288 3006 1355 Πρόσεστι
3056 1286 3112 1340 at
3162 1286 3337 1355 τούτῳ
3392 1286 3487 1338 καὶ
3557 1287 3589 1354 ἠ
3653 1286 3828 1355 φθορά
3894 1285 3988 1336 τοῦ

2483 1380 2745 1449 ἐμϐρύου,
2780 1378 2966 1448 ἕτερος
2993 1379 3149 1445 φόνος
3190 1378 3332 1430 κατά
3365 1393 3429 1445 γε
3472 1379 3571 1445 την
3600 1378 3847 1427 ἐπίιοιαν
3882 1376 3988 1427 τῶν

2483 1470 2656 1523 ταῦτα
2712 1468 3068 1537 τολμώντων·
3129 1467 3209 1519 δει
3258 1468 3443 1536 μέντοι
3519 1468 3594 1536 μὴ
3668 1467 3832 1535 μέχρι
3896 1466 3989 1532 τῆς

2486 1561 2667 1626 ἐξόδου
2703 1560 3052 1627 παρατείνειν
3080 1557 3258 1609 αὐτῶν
3290 1557 3388 1623 τὴν
3412 1557 3832 1627 ἐξομολόγησιν,
3855 1556 3989 1607 ά).λύ

2486 1651 2736 1720 δέχεσθαι
2772 1650 2907 1721 μετὰ
2932 1650 2991 1702 τὸ
3024 1649 3225 1718 μέτρον
3256 1650 3365 1701 τῶν
3394 1649 3527 1702 δέκα
3558 1649 3695 1702 ἐτῶν
3716 1665 3730 1679 ·
3778 1648 3989 1716 ὁρίζειν

2476 1744 2533 1796 δέ
2568 1743 2643 1812 μὴ
2689 1744 2890 1812 χρόνῳ,
2923 1740 3059 1795 ἀλλὰ
3088 1741 3275 1810 τρόπῳ
3306 1741 3405 1812 τὴν
3455 1741 3553 1810 τῆς
3582 1740 3873 1809 μετανοίας
3906 1738 3988 1790 θε-

2486 1836 2740 1905 ραπείαν.

2491 1926 2685 1979 ΒΑΛΣ.
2727 1926 2861 1994 Περὶ
2907 1925 3017 1977 τῶν
3064 1922 3447 1992 πορνευουσῶν
3503 1921 3601 1973 καὶ
3648 1919 3991 1987 άναιρουσῶν

2415 2020 2483 2072 τὰ
2505 2018 2624 2070 κατ’
2648 2018 2817 2079 αὑτὰς
2852 2016 3067 2085 ἔμϐρυα
3100 2016 3190 2067 διὰ
3228 2014 3537 2082 φαρμάκων
3582 2013 3615 2082 ἢ
3648 2012 3821 2072 ἄλλως
3854 2027 3992 2071 πως,

2411 2109 2631 2178 εἴρηται
2664 2111 2721 2161 ἐν
2750 2107 2827 2176 τῷ
2858 2107 3071 2175 δεκάτῳ
3114 2106 3398 2174 κεφαλαίῳ
3425 2103 3521 2156 τοῦ
3570 2109 3639 2171 ιγ’
3674 2102 3861 2155 τετλου
3895 2103 3991 2154 τοῦ

2412 2204 2678 2273 παρόντος
2719 2200 3127 2269 συντάγματος,
3168 2200 3264 2251 καὶ
3305 2200 3363 2251 ἐν
3416 2197 3493 2266 τῷ
3518 2203 3604 2250 κα⁹
3657 2196 3847 2248 κανόνι
3890 2195 3991 2261 τῆς

2411 2299 2471 2349 ἐν
2511 2294 2754 2364 Ἀγκύρα
2787 2292 3033 2345 συνόδου.
3079 2291 3139 2343 '0
3182 2290 3239 2341 δὲ
3287 2287 3482 2358 παρὼν
3514 2286 3716 2349 κανὼν,
3747 2285 3989 2353 διοριζόο

2415 2402 2573 2455 μενος
2634 2387 2734 2446 τὰς
2782 2382 3021 2435 τοιοῦτόν
3069 2398 3125 2433 τι
3180 2380 3441 2441 ποιούσας
3488 2380 3600 2439 τοῖς
3629 2378 3738 2429 τῶν
3778 2378 3995 2445 φονέων

2411 2476 2709 2545 ἐπιτιμίοις
2756 2471 3297 2534 καθυποὸάλλεσθαι,
3343 2469 3672 2541 προστίθησι
3720 2467 3797 2536 μὴ
3845 2460 3991 2517 εἷναι

2410 2566 2670 2636 διαφοράν
2699 2564 2792 2618 τοῦ
2817 2563 3205 2633 ὰμδλώματος.
3234 2563 3347 2615 Κᾶν
3368 2564 3478 2630 γὰρ
3508 2559 3835 2629 ἀμόρφωτόν
3873 2561 3993 2609 ἐστι

2413 2661 2475 2713 τὸ
2524 2658 2833 2727 άμδλωθέν,
2881 2657 2986 2711 κᾶν
3039 2655 3481 2725 μεμορφωμένον
3522 2655 3617 2704 καὶ
3661 2651 3997 2720 χαρακτῆρα

2415 2752 2538 2821 ἔχον
2560 2750 2871 2819 ἀνθρώπου,
2896 2750 2924 2801 ὁ
2956 2748 3116 2809 αὐτὸς
3137 2747 3293 2813 λόγος
3323 2745 3461 2798 ἐστί.
3498 2743 3670 2796 Τοῦτο
3693 2744 3745 2795 δέ
3780 2743 3993 2812 ἐρρέθη

2415 2841 2503 2893 διὰ
2542 2840 2666 2898 τοὺς
2713 2840 2968 2904 λέγοντας
2998 2835 3093 2898 ὡς,
3142 2837 3266 2888 ἐπεὶ
3303 2836 3367 2888 τὸ
3418 2836 3665 2904 σπέρμα,
3699 2835 3765 2901 τῇ
3806 2834 3995 2901 μήτρᾳ

2415 2928 2912 2998 καταϐαλλόμενον,
2960 2930 3058 2982 οὐκ
3124 2926 3455 2981 άπεντεῦθιν
3508 2926 3860 2979 είδοποιςῑται
3917 2927 3995 2986 εἰς

2416 3023 2721 3092 ἄνθρωπον,
2754 3021 2892 3073 ἀλλὰ
2936 3021 3204 3089 πρότερον
3266 3018 3366 3086 μὲν
3424 3014 3840 3084 ἐξαιματοῦται,
3877 3009 3995 3067 εῐτσ

2416 3122 2495 3179 είς
2529 3117 2707 3184 σάρκα
2735 3116 3011 3181 πήγνυται
3038 3112 3406 3181 ἀνθρωπίνην,
3433 3107 3554 3162 εἶτα
3589 3107 3988 3172 ἐξεικονίζεται

2419 3212 2509 3261 xol.
2537 3206 2891 3259 διατυποῦται
2945 3208 3023 3267 είς
3080 3205 3216 3273 μέλη
3276 3205 3369 3255 καὶ
3405 3204 3607 3271 μόρια*
3657 3203 3718 3252 οὐ
3775 3201 3993 3266 γίνεται

745 3273 979 3325 nonduin
1006 3281 1088 3324 est
1111 3270 1391 3323 formatus.
1414 3270 1681 3324 Praeterea
1701 3272 1879 3335 adjicit
1902 3282 2143 3331 sanctus,
2170 3272 2309 3337 quod
2341 3308 2385 3367 c

2420 3300 2599 3367 φόνος,
2630 3299 2758 3350 ὅταν
2805 3270 3091 3363 άμδλωθῇν
3118 3296 3179 3345 τὸ
3206 3270 3568 3363 ἐμϐρυον,ίτδ
3617 3293 3788 3360 μήπω
3848 3290 3992 3341 είδο-

747 3377 851 3417 ιιοιι
888 3363 1061 3415 solum
1094 3372 1313 3429 propter
1355 3360 1495 3414 fetus
1533 3362 1810 3415 interitum
1850 3362 1901 3412 lit
1936 3362 2096 3414 credis
2125 3362 2310 3412 vindi-

747 3453 908 3516 catio,
939 3453 1029 3505 sed
1061 3453 1223 3504 etiam
1264 3462 1479 3518 propter
1509 3451 1752 3514 insidias,
1790 3468 1923 3519 quas
1958 3453 2059 3506 sibi
2100 3453 2313 3519 pararit

749 3543 938 3596 mulier
970 3543 1211 3610 gravida.
1246 3540 1313 3593 Ut
1354 3542 1642 3609 plurimum
1673 3544 1815 3595 enim
1850 3553 2054 3598 matres
2091 3559 2311 3611 quoque

748 3648 849 3685 una
879 3643 1105 3693 pereunt
1152 3644 1372 3700 propter
1409 3632 1750 3700 cjectionem.
1788 3632 1949 3685 Pwua
1987 3645 2191 3697 autem,
2228 3637 2311 3685 in-

747 3724 884 3791 quit,
922 3738 987 3777 ue
1016 3724 1339 3785 extendatur
1382 3739 1552 3793 usque
1580 3724 1647 3776 ad
1682 3724 1840 3777 linem
1878 3725 2000 3777 vitae
2032 3726 2147 3792 ejus
2196 3739 2314 3793 qua:

747 3818 947 3868 credent
981 3816 1330 3882 perpetravit,
1361 3816 1454 3868 sed
1492 3814 1544 3866 in
1571 3815 1757 3867 decem
1785 3829 1977 3867 annos.
2016 3814 2181 3867 l’orro
2211 3814 2313 3869 tale

745 3920 956 3973 quoque
1020 3916 1231 3972 tempus
1290 3904 1418 3957 licet
1476 3905 1547 3957 sit
1598 3917 1629 3955 a
1674 3919 1881 3957 canone
1929 3904 2309 3966 constitutum,

743 4006 952 4064 oportet
982 4007 1157 4048 tamen
1202 3993 1547 4058 medicinam,
1575 4008 1683 4047 non
1714 4003 1979 4061 tempore,
2027 3996 2120 4047 sed
2153 3995 2313 4047 modo

743 4089 1117 4141 circumscribi
1154 4103 1165 4136 :
1201 4086 1406 4139 scilicet
1436 4086 1479 4139 si
1507 4100 1627 4153 qua:
1652 4088 1897 4151 peccavit
1928 4086 2164 4151 quidem,
2195 4100 2310 4152 poe-

753 4176 1033 4228 nitentiam
1069 4174 1351 4241 aspernari
1413 4173 1680 4237 videatur,
1732 4189 1835 4226 nou
1888 4175 2061 4226 solum
2111 4174 2311 4227 decen-

745 4268 889 4317 nium
926 4264 1165 4329 tiuiclur,
1214 4264 1310 4317 sed
1355 4264 1518 4317 etiam
1559 4265 1864 4331 augebitur.
1918 4262 2021 4317 Sed
2078 4264 2122 4316 si
2170 4264 2312 4316 serio

742 4367 864 4425 agat
891 4357 1283 4424 patuilentiam,
1310 4356 1628 4408 decennium
1657 4370 1868 4422 quoque
1894 4356 2181 4408 minuetur.
2216 4353 2312 4406 At-

739 4466 843 4519 que
873 4452 983 4503 lucc
1008 4450 1222 4518 quidem
1255 4464 1493 4517 praesens
1508 4464 1702 4503 canon.
1728 4448 1805 4501 Tu
1838 4460 2017 4502 autem
2038 4450 2151 4516 lege
2170 4464 2294 4502 can.

741 4544 801 4594 υι
850 4558 967 4611 syu.
998 4542 1048 4593 iu
1081 4540 1285 4603 Trullo,
1315 4550 1368 4593 et
1390 4556 1510 4607 quae
1540 4542 1591 4592 in
1623 4556 1686 4592 eo
1718 4552 1863 4602 sunt,
1891 4552 1945 4592 et
1969 4543 2127 4591 linem
2151 4554 2311 4592 cano-

2414 3389 2660 3456 ποιηθέν.
2694 3385 3185 3455 Ἐπιπροστίῡησιν
3221 3388 3248 3437 ό
3282 3384 3441 3451 ἆγιος
3470 3384 3545 3444 ὡς
3582 3384 3642 3433 οὐ
3690 3382 3854 3449 μόνον
3901 3383 3991 3433 διὰ

2412 3481 2511 3550 τὴν
2563 3480 2657 3531 τοῦ
2708 3477 2953 3546 ἐμϐρύου
3004 3476 3215 3545 φθορὰν
3269 3478 3302 3545 ἡ
3354 3474 3449 3527 τοῦ
3500 3475 3661 3542 φόνου
3703 3472 3988 3539 ἐκδίκησις

2412 3569 2644 3633 γίνεται,
2664 3566 2800 3618 ἀλλὰ
2830 3566 2916 3617 διὰ
2942 3564 3039 3634 τὴν
3074 3565 3366 3631 ἐπιϐουλὴν
3392 3564 3489 3632 τῆς
3518 3563 3992 3630 κνοφορουμένης.

2425 3657 2511 3719 Ὠς
2539 3657 2631 3708 ἐπί
2664 3656 2724 3707 τὸ
2754 3654 2888 3708 πολὺ
2926 3656 3032 3724 γὰρ
3069 3654 3503 3708 συναπόλλυνται
3533 3656 3627 3707 καὶ
3662 3655 3717 3707 ai
3749 3654 3992 3723 μητέρες

2412 3750 2499 3803 δια
2530 3748 2628 3816 τὴν
2670 3748 2963 3816 ἀποϐολήν.
2999 3748 3071 3799 Τὸ
3107 3746 3164 3798 δὲ
3208 3747 3485 3815 ἐπιτίμιόν
3537 3766 3675 3816 φησι
3721 3750 3797 3817 μὴ
3847 3766 3992 3817 παρ-

2412 3840 2757 3892 εκτείνεσθαι
2798 3840 2962 3907 μέχρι
2997 3839 3183 3899 τέλους
3216 3838 3361 3905 ζωῆς
3387 3840 3555 3907 αὐτῆς
3586 3842 3684 3907 τῆς
3711 3842 3802 3892 τὸν
3836 3843 3993 3907 φόνον

2414 3931 2792 3999 ἁμαρτούσης,
2823 3929 2960 3980 ἀλλα
2990 3930 3047 3979 ἐν
3074 3929 3209 3982 δέκα
3238 3928 3413 3982 ἐτεσι.
3448 3931 3555 3981 Καὶ
3583 3932 3610 3981 ό
3644 3931 3902 3993 τοιοῦτος
3934 3933 3989 3983 δὲ

2413 4026 2623 4092 χρόνος,
2655 4022 2756 4073 κᾶν
2785 4022 3195 4083 κεκανόνισται,
3231 4019 3363 4072 ἀλλά
3388 4021 3496 4088 χρὴ
3529 4021 3631 4088 τὴν
3673 4021 3991 4090 θεραπείαν

2416 4110 2490 4179 μὴ
2514 4112 2712 4179 χρόνῳ,
2747 4110 2883 4161 ἀλλὰ
2927 4110 3115 4177 τρόπῳ
3148 4107 3613 4177 περιγράφεσθαι.
3648 4107 3886 4175 ἼΙγουν,
3938 4110 3987 4160 εί

2416 4203 2513 4270 μὲν
2550 4200 3041 4270 καταφρονητικῶς
3076 4200 3349 4253 διάκειται
3381 4201 3518 4268 πρὸς
3554 4200 3653 4268 τὴν
3695 4202 3992 4267 μετάνοιιν

2412 4295 2445 4361 ἡ
2482 4292 2829 4362 άμαρτοῦσα,
2854 4291 2911 4342 οὐ
2952 4291 3111 4360 μόνον
3154 4292 3186 4360 ἡ
3228 4290 3482 4343 δεκαετία
3517 4292 3991 4359 περαιωῦήσεται,

2412 4385 2549 4436 ἀλλὰ
2611 4383 2707 4435 καὶ
2755 4382 3222 4451 ἐπιτιμηθησεται
3250 4398 3262 4411 ·
3294 4382 3341 4432 εἰ
3373 4380 3429 4431 δέ
3462 4381 3793 4441 σπουδαίως,
3831 4386 3927 4432 καὶ
3959 4384 3989 4449 ἡ

2411 4476 2665 4528 δεκαετία
2712 4473 3168 4543 κολοϐωθήσεται.
3204 4474 3311 4525 Καὶ
3362 4474 3536 4526 ταῦτα
3579 4475 3677 4542 μὲν
3719 4476 3746 4525 ό
3798 4470 3991 4543 παρὼν

2414 4566 2613 4620 κανών.
2648 4568 2718 4619 Σὺ
2755 4567 2811 4618 δὲ
2846 4568 3161 4633 ἁνάγνωσον
3192 4568 3403 4619 καὶτὸν
3443 4574 3534 4631 ςα⁹
3570 4568 3772 4619 κανιῧνα
3801 4569 3903 4635 τῆς
3937 4570 3991 4619 ἐν

742 4635 828 4688 nis
857 4636 888 4685 8
919 4638 1194 4702 praesentis
1223 4634 1459 4700 epistolae
1491 4651 1503 4687 :
1540 4642 1593 4686 et
1633 4633 1772 4686 scies
1802 4633 1944 4699 quod
1989 4648 2095 4686 non
2131 4632 2301 4685 solum
2339 4638 2384 4693 ι)

2412 4656 2487 4724 τῷ
2517 4654 2771 4724 Τρούλλῳ
2806 4656 3047 4717 συνόδου,
3084 4658 3177 4710 καὶ
3204 4657 3271 4709 τά
3315 4656 3372 4709 ἐν
3414 4656 3585 4726 αὐτῷ,
3616 4658 3710 4709 καὶ
3750 4632 3988 4718 τὸτέλος

742 4739 860 4793 qua:
894 4723 1056 4777 fetum
1112 4727 1164 4778 in
1214 4736 1369 4779 utero
1415 4724 1676 4792 corrupit,
1723 4723 2005 4789 subjicitur
2043 4728 2305 4777 canonico

741 4817 1023 4868 homicidia
1050 4816 1331 4883 supplicio,
1358 4817 1447 4869 sed
1480 4817 1641 4869 etiam
1672 4830 1790 4882 qua:
1819 4818 1907 4867 dat
1934 4829 2135 4867 venena
2168 4819 2307 4868 fetus

737 4909 1077 4973 perimentia,
1108 4919 1159 4961 ct
1196 4924 1312 4976 qua:
1342 4910 1523 4971 habet,
1555 4918 1609 4960 et
1644 4922 1763 4976 qua:
1809 4908 2038 4974 accepit,
2092 4907 2302 4959 etiamsi

737 5002 900 5054 fetum
933 5016 1037 5053 non
1068 5003 1416 5068 perculerint.
1453 5002 1585 5053 Cum
1628 5012 1805 5054 autem
1847 5014 2088 5066 [muscus
2126 5014 2299 5052 canon

734 5095 873 5148 hanc
905 5095 1187 5145 mulierem
1231 5092 1511 5145 decennali
1558 5092 1824 5160 supplicio
1873 5093 2061 5159 puniat
2112 5105 2306 5143 consc-

734 5198 959 5255 quenter
1004 5185 1198 5237 canoni
1244 5184 1307 5235 21
1347 5185 1643 5253 Aucyrana:
1704 5186 1921 5253 synodi,
1974 5194 2028 5237 et
2074 5199 2197 5237 can.
2234 5183 2302 5236 56

732 5283 907 5333 sancti
944 5280 1122 5333 Basilii
1164 5280 1244 5333 sic
1275 5290 1459 5349 aperte
1504 5279 1735 5331 dicentis
1773 5295 1785 5328 :
1821 5276 1924 5342 Qui
1968 5294 2072 5331 non
2105 5287 2300 5345 sponte

733 5372 1025 5436 interfecit,
1076 5372 1235 5426 anuis
1278 5372 1526 5424 undecim
1567 5385 1670 5423 non
1710 5370 1779 5423 sit
1828 5382 2297 5423 sacramentorum

731 5468 1026 5537 particeps;
1082 5466 1269 5517 dicunt
1324 5455 1541 5530 quﬁiam
1621 5463 2040 5516 involuntariam
2097 5463 2297 5515 cmdent

728 5567 1038 5629 perpetrare
1066 5571 1209 5619 cam,
1239 5570 1355 5623 qua:
1382 5558 1502 5608 data
1534 5570 1697 5621 opera
1746 5555 1937 5618 fetum,
1967 5557 2059 5622 qui
2097 5564 2216 5608 crat
2245 5555 2295 5607 in

728 5668 900 5717 utero,
934 5653 1193 5721 corrupit.
1228 5651 1356 5704 Mihi
1396 5662 1571 5704 autent
1613 5653 1844 5714 videtur,
1880 5666 1997 5704 eam
2047 5651 2298 5704 \olunta-

729 5749 861 5801 tiam
912 5758 1125 5811 quoqiie
1175 5745 1375 5799 eadem
1421 5757 1754 5814 perpetrare,
1812 5756 1868 5797 ut
1917 5747 2015 5799 huc
2070 5762 2132 5800 ex
2194 5745 2299 5799 fine

2407 4745 2501 4799 τοῦ
2532 4752 2581 4815 η’
2612 4748 2833 4807 κανόνος
2863 4748 2959 4815 τῆς
2997 4748 3278 4817 παρούσης
3310 4749 3599 4818 ἐπιστολῆς
3620 4764 3635 4780 ⁸
3679 4750 3773 4800 καὶ
3805 4749 3989 4818 μάθῃς

2407 4839 2480 4900 ὡς
2540 4840 2599 4889 ού
2662 4840 2795 4907 μόνη
2828 4840 2860 4905 ἡ
2890 4837 3161 4906 φῡείρασα
3191 4839 3250 4890 τὸ
3295 4838 3536 4907 ἔμϐρυον
3587 4838 3879 4894 ὑπόκειται
3914 4843 3989 4909 τῷ

2408 4930 2675 4997 κανονικῷ
2714 4929 2807 4981 τοῦ
2840 4931 3043 4998 φονέως
3098 4930 3382 4999 ἐπιτιμίῳ,
3413 4929 3546 4982 άλλά
3572 4930 3665 4983 καὶ
3701 4932 3732 4998 ἡ
3766 4931 3988 4985 διδοῦσα

2408 5020 2781 5089 ἐμϐρυοκτόνα
2822 5020 3149 5090 δηλητήρια,
3188 5021 3283 5072 καὶ
3330 5021 3362 5089 η
3409 5020 3631 5089 ἔχουσα,
3664 5022 3759 5073 καὶ
3802 5023 3837 5089 ἠ
3891 5022 3981 5075 λα-

2408 5109 2595 5174 6οὖσα,
2634 5109 2736 5161 κᾶν
2774 5110 2847 5178 μὴ
2893 5111 3130 5179 φονεύσῃ
3163 5110 3224 5164 τὸ
3252 5110 3513 5179 ἔμϐρυον.
3546 5110 3654 5164 Τοῦ
3688 5112 3745 5164 δὲ
3781 5114 3989 5181 παρὸ.-

2408 5218 2495 5261 τος
2528 5202 2747 5263 κανόνος
2776 5201 2862 5253 διὰ
2890 5201 3172 5269 ἐπιτιμίου
3201 5202 3487 5265 δεκαετίας
3515 5203 3845 5267 κολάζοντος
3883 5205 3989 5275 τὴν

2407 5294 2663 5364 τοιαύτην
2695 5298 2925 5361 γυναῖκα
2969 5296 3277 5357 ἀκολούθως
3310 5296 3388 5366 τῷ
3424 5296 3509 5350 κα¹
3555 5301 3739 5352 κανόνι
3778 5304 3881 5369 τῆς
3924 5305 3985 5355 ἐν

2420 5387 2663 5457 Ἀγκύρα
2718 5388 2957 5447 συνόδου,
2990 5390 3083 5439 καὶ
3137 5387 3235 5439 τοῦ
3290 5387 3366 5453 νζ*
3418 5391 3640 5453 κανόνος
3673 5391 3770 5444 τοῦ
3824 5392 3987 5459 ἁγίου

2410 5480 2691 5531 Βασιλείου
2735 5480 2985 5546 λέγοντος
3029 5480 3171 5533 οὕτω
3219 5481 3423 5550 ῥητῶς,
3467 5483 3525 5535 '0
3570 5484 3845 5546 ἀκουσίως
3887 5502 3981 5552 φο.

2406 5568 2601 5630 νεύσας
2631 5569 2821 5621 ἕνδεκα
2868 5570 3045 5621 ἐτεσιν
3080 5572 3444 5641 ἀκοινώνητος
3497 5573 3650 5625 ἔσται
3688 5575 3798 5625 τῶν
3831 5577 3981 5640 arti-

2408 5660 2667 5728 σμάτων·
2697 5661 2916 5721 λέγουσί
2972 5679 3116 5723 τινες
3161 5663 3415 5714 ἀκούσιον
3443 5665 3601 5731 φόνον
3648 5666 3987 5734 ἁμαρτάνειν

2402 5749 2503 5815 τὴν
2553 5749 2853 5816 φθείρασαν
2910 5750 3027 5803 κατ’
3087 5751 3431 5818 ἐπιτήδευσιν
3484 5753 3544 5806 τὸ
3592 5755 3987 5819 παρὰ-,ταύτης
