4224 6446
754 379 853 443 591

2018 381 2295 440 THEOD.
2327 378 2727 442 BALSAMON

3887 387 3996 447 592

750 496 918 549 nebit.
951 496 1061 550 Nos
1090 507 1288 561 autem,
1329 495 1505 566 inquit
1555 506 1794 559 sanctus,
1830 496 1872 549 si
1899 497 2210 550 cllormatus
2237 495 2313 547 fe-
2350 502 2390 556 Α

2350 502 2390 556 Α
2423 495 2644 563 ϐολογία
2700 500 2756 551 δὲ
2823 501 3327 570 ἐκμεμορφωμένου
3386 504 3479 554 καὶ
3558 500 3997 566 ἀιεξεικονίστου

749 597 856 648 tus,
892 601 958 638 an
990 586 1263 649 informis,
1304 604 1409 643 non
1446 589 1662 642 curiose
1686 598 2011 641 scrutamur.
2052 586 2186 640 Sunt
2212 589 2323 639 haec

747 678 1007 744 siquidem
1042 678 1093 730 in
1128 678 1264 732 libro
1296 679 1463 734 Exodi
1493 680 1807 747 consignata
1835 696 1850 733 :
1883 678 1940 731 Si
1970 679 2075 731 duo
2110 677 2205 730 viri
2226 691 2326 743 pu-

745 779 922 835 gnent,
944 786 1001 821 ac
1015 786 1262 838 pragnan
1274 781 1370 824 tem
1393 773 1660 825 mulierem
1678 772 1995 838 percutiant,
2016 778 2063 821 et
2085 783 2322 837 egressus

745 860 904 927 fuerit
939 861 1121 929 infans
1173 877 1274 915 non
1322 864 1605 932 formatus,
1646 878 1709 916 ea
1748 879 1898 929 poma
1932 861 2319 924 multabunlur,

743 969 902 1020 quam
948 955 1183 1006 mulieris
1225 955 1449 1006 maritus
1488 956 1821 1021 imposuerit.
1862 953 1958 1007 Sin
2006 962 2181 1004 autem
2209 951 2320 1017 [or-

744 1047 918 1091 matus
967 1039 1152 1106 fuerit,
1190 1038 1337 1091 dabit
1370 1040 1608 1092 animant
1648 1055 1742 1102 pro
1793 1040 1999 1091 anima.
2055 1036 2322 1102 Quoniam

746 1131 911 1199 igitur
945 1132 1168 1196 antiqua
1194 1131 1301 1194 lex,
1330 1145 1451 1184 cum
1485 1131 1624 1185 fetus
1648 1131 1866 1199 quidem
1893 1130 2127 1182 nondum
2158 1127 2325 1180 εποι-

744 1230 920 1273 matus
964 1231 1103 1283 erat,
1129 1220 1379 1289 abortus,
1409 1222 1784 1289 pecuniariam
1818 1219 2042 1272 multum
2078 1220 2324 1287 impone-

744 1313 858 1375 bat,
891 1326 1015 1364 cum
1048 1326 1178 1365 vero
1229 1321 1347 1365 erat
1372 1314 1679 1372 formatus,
1703 1314 1811 1365 vita
1866 1311 2148 1378 puniebat,
2184 1310 2319 1364 mori

736 1400 934 1463 jubens
976 1416 1096 1455 eum
1128 1402 1223 1470 qui
1271 1401 1554 1455 mulierem
1582 1402 1944 1465 verberasset,
1989 1399 2127 1453 facta
2162 1397 2319 1463 hujus

744 1493 876 1562 legis
907 1495 1201 1558 mentione,
1232 1493 1360 1557 Nos,
1409 1493 1583 1561 inquit
1614 1499 1857 1555 sanctus,
1892 1492 2097 1544 nullum
2128 1492 2321 1543 discri-

743 1601 865 1640 men
920 1587 1232 1645 statuimus.
1270 1587 1386 1639 sive
1436 1586 1669 1639 formata
1713 1586 1821 1639 sint
1860 1600 1979 1652 qua.
2002 1583 2315 1652 ejiciuntnr,

741 1680 854 1732 sive
905 1677 1158 1731 informia
1191 1701 1202 1745 ;
1235 1694 1333 1732 nec
1366 1680 1509 1731 enim
1564 1677 1933 1747 pecuniariam
1970 1676 2188 1730 multam
2225 1674 2321 1727 de-

739 1768 1035 1834 cernimus,
1070 1769 1163 1821 sed
1193 1769 1355 1821 cmdis
1379 1782 1520 1833 eam,
1545 1783 1665 1834 qum
1700 1768 1750 1820 id
1773 1768 2027 1837 patravit,
2055 1765 2313 1819 condem-

740 1874 953 1920 namus,
985 1869 1093 1911 tum
1128 1864 1196 1912 ob
1234 1860 1397 1912 fetum
1424 1869 1756 1927 corruptum,
1785 1856 1894 1912 tom
1930 1861 1999 1913 ob
2031 1858 2311 1912 mulierem

740 1966 898 2018 aqua
936 1955 978 2004 is
1010 1951 1239 2019 ejectus,
1286 1951 1550 2019 siquidem
1596 1966 1716 2007 cum
1754 1950 1862 2006 fetu
1893 1952 2060 2020 ipsam
2097 1965 2312 2021 quoque

742 2043 963 2096 interire
997 2058 1138 2111 sa’pe
1164 2044 1447 2111 contingit.

810 2219 1035 2275 ARIST.
1077 2219 1205 2285 Qua:
1239 2221 1303 2274 de
1330 2220 1598 2274 industria
1639 2220 1805 2276 fetum
1838 2222 2101 2291 corrupit,
2132 2236 2312 2291 quan-

741 2316 1024 2381 docunquc
1054 2314 1379 2382 corruperit,
1422 2314 1714 2367 homicidio
1748 2323 1989 2368 tenetur.

808 2404 1041 2459 Grarida
1071 2405 1503 2472 quandocnnquc
1532 2419 1795 2458 venenum
1831 2405 2103 2474 acceperit
2140 2405 2203 2458 ad
2232 2404 2309 2459 fe—

742 2508 849 2551 tum
877 2495 1257 2559 auferendum,
1288 2495 1564 2548 homicidii
1602 2511 1685 2550 rea
1721 2507 1823 2557 est,
1852 2508 2033 2549 etnon
2059 2508 2312 2549 accurate

738 2588 1116 2643 examinamus
1164 2600 1234 2636 an
1282 2584 1425 2638 fetus
1470 2584 1719 2638 informis
1772 2587 1843 2639 sit
1891 2595 1981 2638 aut
2019 2584 2308 2649 formatus,

738 2678 989 2745 quoniam
1026 2674 1342 2743 plerumque
1368 2691 1471 2727 una
1506 2690 1629 2729 cum
1658 2675 1765 2729 fetu
1810 2677 2077 2729 intereant
2103 2688 2154 2730 et
2190 2692 2312 2729 mu-

738 2768 923 2831 lieres,
955 2779 1009 2820 et
1035 2775 1292 2833 quantum
1330 2765 1393 2816 ad
1418 2781 1602 2818 earum
1630 2767 2084 2820 existinmtiencm
2117 2767 2310 2836 duplex

738 2858 832 2910 Iiat
853 2856 1228 2920 homicidium,
1255 2871 1417 2908 unum
1444 2857 1659 2923 quidem
1685 2856 1935 2924 gravida,
1964 2856 2103 2909 aliud
2132 2866 2310 2910 autem

737 2946 899 3000 fetus.
936 2944 1096 3000 Tales
1134 2947 1316 3013 itaque
1350 2947 1536 3000 decem
1585 2961 1755 3000 annos
1807 2949 1981 3015 poenis
2016 2948 2312 3015 subjicien-

740 3054 859 3106 tur,
924 3041 1058 3094 duos
1101 3043 1318 3109 quidem
1388 3053 1560 3093 annos
1607 3038 1902 3102 deﬂentes,
1961 3051 2068 3093 tros
2127 3050 2307 3093 autem

2428 588 2561 656 παρ’
2593 589 2721 655 ἡμῖν
2747 593 2847 642 οὐκ
2873 590 3047 657 ἔστιν,
3076 592 3181 660 ἔφη
3226 595 3254 645 6
3298 593 3481 659 ἀγιος·
3508 593 3645 646 διότι
3678 595 3897 662 εῐρηται
3934 593 3995 643 ἐν

2427 681 2491 745 τῇ
2527 678 2695 747 βίϐλῳ
2726 680 2823 747 τῆς
2858 679 3071 743 Ἐξόδου
3107 682 3279 735 ταῦτα
3301 699 3316 714 ·
3348 683 3493 737 Ἐὰν
3521 684 3833 752 μάχωνται
3873 683 3994 736 δύο

2427 769 2641 834 ἄνδρες
2670 769 2765 821 καὶ
2800 770 3109 830 πατάξωσι
3152 774 3409 840 γυναῖκα
3452 776 3523 828 ἐν
3566 775 3779 844 γαστρὶ
3820 776 4001 842 ἔχου-

2426 875 2569 920 σαν,
2598 859 2698 911 καί
2734 860 2952 928 ἐξέλθῃ
2987 862 3051 915 τὸ
3092 864 3333 917 παιδίον
3357 866 3443 932 μὴ
3475 867 3997 934 έξεικονισμένον,

2426 950 2729 1019 ἐπιζήμιον
2759 952 3191 1021 ζημιωθήσεται
3226 960 3496 1013 καθόσον
3519 960 3596 1013 ἂν
3637 960 3939 1024 ἐπιϐάλλῃ
3966 962 3998 1009 ό

2426 1041 2581 1107 ἀνὴρ
2610 1040 2717 1107 τῆς
2760 1046 3064 1110 γυναικός.
3103 1047 3244 1099 Ἐὰν
3282 1047 3351 1099 δὲ
3392 1049 3891 1118 ἐξεικονισμένον
3935 1043 3999 1117 ᾖ.

2426 1131 2606 1183 δώσει
2654 1131 2869 1201 ψυχὴν
2916 1134 3053 1187 ἀντὶ
3104 1138 3336 1205 ψυχῆς.
3374 1140 3497 1191 Ὅτι
3543 1139 3675 1205 γοῦν
3709 1142 3737 1192 ό
3766 1139 3999 1200 παλαιὸς

2426 1222 2611 1287 νόμος,
2659 1223 2746 1275 ὅτε
2806 1223 2904 1291 μὲν
2960 1225 3036 1295 μὴ
3099 1226 3533 1298 ἐξεικονισμένον
3588 1232 3844 1299 ἠμϐλωτο
3894 1230 4001 1298 ἐμ.-

2426 1311 2612 1380 ϐρυον,
2642 1315 2721 1374 εἰς
2751 1314 3010 1383 χρήματα
3041 1315 3296 1385 ἐζημίου,
3321 1321 3408 1371 ὅτε
3428 1319 3485 1371 δὲ
3518 1316 3586 1389 ἦν
3627 1318 4001 1388 ἐξεικονισμέ-

2425 1419 2536 1464 νον,
2569 1406 2648 1465 είς
2676 1403 2858 1473 ψυχὴν
2914 1407 3238 1470 κατεδίκαζε
3295 1409 3557 1478 θνήσκειν
3603 1413 3694 1463 τᾶν
3744 1410 3845 1475 τὴν
3900 1429 3998 1477 γυ-

2424 1494 2583 1543 ναῖκα
2620 1494 2970 1556 πατάξαντα·
3017 1495 3210 1549 τούτου
3261 1496 3355 1549 τοῦ
3421 1498 3590 1567 νόμου
3644 1499 3909 1568 μνησθεὶς
3970 1502 3997 1550 6

2424 1581 2579 1642 ἆγιιις
2636 1582 2737 1651 ἔφη
2790 1584 2872 1634 ὅτι
2921 1584 3111 1653 Ἡμεῖς
3160 1586 3220 1638 οὐ
3281 1587 3549 1657 διαφορὰν
3604 1590 3825 1658 ἔχομεν,
3884 1590 3999 1640 εῐτε

2421 1673 2898 1741 ἐκμεμορςρωμένα
2947 1676 3055 1728 sisi
3088 1678 3155 1730 τὰ
3203 1677 3641 1746 ἀποϐαλλόμενα,
3671 1680 3783 1731 εἴτε
3816 1679 4001 1746 ἀμόρ-

2422 1780 2594 1830 φωτα.
2652 1766 2727 1817 Οὐ
2788 1767 2895 1836 γάρ
2954 1770 3217 1838 χρήματα
3265 1770 3593 1839 ζημιοῦμεν,
3628 1772 3762 1824 ἀλλά
3829 1773 3996 1838 φόνου

2418 1854 2676 1922 κρίιομεν
2722 1857 2819 1925 τὴν
2869 1856 3026 1910 τοῦτο
3061 1861 3363 1927 ποιήσασαν
3402 1861 3491 1913 δια
3537 1878 3596 1913 τε
3643 1860 3742 1931 τὴν
3768 1861 3863 1913 τοῦ
3897 1862 3999 1928 ἐμ-

2418 1946 2584 2015 ϐρύου
2620 1947 2827 2014 φθορὰν
2854 1950 2948 2002 καὶ
2972 1949 3059 2003 διά
3089 1948 3185 2019 τὴν
3217 1949 3374 2002 τοῦτο
3398 1951 3837 2012 ἀποϐάλλουσαν,
3867 1955 3995 2003 ἐπεὶ

2417 2036 2708 2105 συμϐαίνει
2764 2037 3025 2101 πολλάκις
3077 2040 3154 2109 τῷ
3205 2040 3431 2110 ἐμϐρύῳ
3482 2041 3996 2111 συνδιαφθείρεσθαι

2414 2128 2511 2179 καὶ
2538 2128 2733 2196 αὐτὴν.

2480 2216 2706 2269 ΔΡΙΣΤ.
2754 2218 2889 2270 Κατ’
2930 2220 3278 2291 ἐπιτήδευσιν
3308 2222 3598 2291 φθείρασα,
3623 2224 3710 2276 ὅτε
3742 2224 3809 2276 ἂν
3843 2225 4002 2292 φθεί-

2417 2324 2519 2377 ροι,
2551 2309 2863 2377 φονεύτρια.

2496 2401 2561 2453 Ἦ
2607 2402 3011 2471 ἐγκυμονοῦσα,
3050 2406 3251 2458 ὁπόταν
3300 2406 3365 2459 ἂν
3405 2407 3625 2478 δέξηται
3662 2410 3989 2479 φάρμακον,

2412 2495 2505 2547 ἐπὶ
2538 2495 2597 2548 τὸ
2626 2494 2838 2550 ἀνελεῖν
2882 2498 2942 2548 τὸ
2982 2498 3487 2567 ἐγκυμονούμενον,
3522 2500 3815 2568 φονεύτριά
3854 2503 3994 2554 ἐστι.

2413 2586 2525 2637 Καὶ
2549 2588 2649 2638 οὐκ
2684 2586 3167 2655 ἀκριϐολογοῦμεν,
3198 2590 3252 2639 ετ
3278 2606 3340 2655 γε
3370 2591 3807 2653 ἀνεξεικόνιστον
3842 2585 3912 2657 ἦν
3938 2591 3998 2640 τὸ

2414 2676 2671 2746 ἔμϐρυον,
2709 2678 2740 2746 ἢ
2780 2679 2873 2730 καὶ
2939 2680 3373 2747 μεμορφωμένον
3402 2694 3416 2708 ·
3471 2679 3606 2732 διότι
3663 2680 3738 2741 ὡς
3778 2682 3876 2732 ἐπὶ
3933 2680 3994 2731 τδ

2412 2768 2546 2819 πολὺ
2579 2768 3087 2837 συναποθνῄσκουσι
3123 2770 3200 2837 τῷ
3231 2769 3458 2839 ἐμϐρύῳ
3485 2770 3582 2822 aut
3610 2771 3665 2822 αἱ
3697 2773 3988 2837 γυναῖκες·

2413 2855 2507 2908 καὶ
2542 2856 2665 2908 ὅσον
2696 2856 2837 2909 κατά
2864 2855 2962 2926 τὴν
2986 2857 3230 2910 ἐπίνοιαν
3275 2858 3456 2909 αὐτῶν
3485 2858 3580 2910 δύο
3607 2858 3856 2925 γίνονται
3890 2860 3989 2925 φόο

2411 2964 2511 3009 νοι,
2538 2943 2618 3009 εἷς
2672 2946 2790 3013 μὲν,
2839 2948 2865 2998 ό
2899 2947 2998 3015 τῆς
3020 2946 3332 3016 τικτούσης,
3372 2947 3558 3017 ἕτερος
3603 2950 3659 3000 δὲ
3693 2950 3721 2999 6
3753 2949 3849 3001 τοῦ
3888 2951 3989 3017 ἐμ-

2413 3035 2603 3106 ϐρύου.
2648 3037 2770 3089 Ἐπὶ
2814 3037 2946 3090 δέκα
2978 3036 3111 3102 γοῦν
3164 3037 3343 3090 ἐτεσιν
3391 3040 3448 3090 αι
3508 3038 3756 3092 τοιαῦται
3814 3042 3992 3092 ἐπιτι-

736 3148 909 3187 annos
934 3147 1055 3187 cum
1089 3131 1434 3184 audientibus
1478 3142 1725 3200 agentes,
1760 3139 1992 3198 quatuor
2020 3130 2303 3193 substrati,
2337 3144 2379 3199 ς

2337 3144 2379 3199 C
2416 3128 2639 3195 μῶνται,
2686 3126 2779 3178 δύο
2827 3128 2925 3196 μὲν
2974 3128 3068 3195 ἐτη
3119 3130 3569 3197 προσκλαίουσαι,
3607 3131 3733 3201 τρία
3784 3130 3844 3184 δὲ
3894 3133 3993 3199 ἐτη

735 3235 789 3279 et
824 3239 965 3278 anno
994 3238 1117 3278 cum
1146 3222 1391 3277 ﬁdelibus
1423 3221 1725 3285 constituti,
1750 3231 1803 3275 et
1836 3221 1917 3275 sic
1960 3232 2078 3288 post
2107 3222 2308 3275 decen-

736 3318 884 3372 nium
911 3318 1216 3373 divinorum
1270 3327 1732 3371 sacramentorum
1785 3315 2076 3385 participes
2126 3325 2305 3371 erunt.

1260 3586 1364 3657 53
1408 3583 1638 3641 CANON
1687 3585 1772 3639 Ill.

737 3683 1011 3739 Diaconus
1041 3689 1165 3752 post
1207 3680 1553 3734 diaconatum
1589 3676 1907 3742 fornicatus,
1950 3690 1979 3729 a
2020 3674 2306 3730 diaconatn

807 3774 1027 3842 quidem
1072 3773 1319 3840 cjicietur
1356 3814 1371 3839 ,
1402 3772 1455 3824 in
1492 3771 1752 3825 laicorum
1792 3777 1969 3820 autem
2012 3766 2187 3819 locum
2220 3781 2311 3819 ex-

800 3872 1003 3927 trusus,
1048 3877 1076 3914 a
1129 3861 1517 3916 communione
1550 3876 1658 3914 non
1708 3858 1980 3912 arcebitur
2012 3856 2305 3925 :quoniain

794 3955 1051 4023 antiquus
1091 3960 1173 4007 est
1213 3954 1414 4017 'canon,
1443 3961 1501 4006 ut
1530 3952 1620 4020 qui
1666 3966 1695 4003 a
1750 3950 1918 4017 gradu
1958 3948 2300 4007 exciderunt,

802 4047 926 4101 huic
969 4045 1069 4100 soli
1115 4044 1413 4114 punitionis
1466 4042 1650 4112 generi
1700 4039 2061 4108 suhjiciantur
2116 4052 2130 4088 :
2170 4035 2307 4088 anti-

800 4140 952 4209 quis,
998 4148 1055 4191 ut
1087 4136 1363 4198 existimo,
1395 4137 1563 4203 legem
1601 4133 1745 4184 illam
1782 4131 2009 4191 secutis,
2039 4128 2151 4181 Non
2190 4129 2308 4181 viu-

802 4229 1015 4285 tlicabis
1069 4230 1151 4282 bis
1192 4228 1245 4280 in
1282 4226 1513 4294 idipsnni
1549 4242 1560 4275 :
1599 4233 1650 4273 et
1698 4223 1858 4275 etiam
1902 4230 2120 4289 propter
2148 4218 2306 4271 aliain

799 4337 1040 4385 causam,
1078 4319 1223 4389 quod
1262 4319 1350 4387 qui
1382 4326 1508 4371 sunt
1542 4316 1758 4383 quidem
1804 4316 1855 4365 in
1910 4313 2102 4365 ordine
2148 4309 2307 4370 laico,

800 4432 828 4469 a
880 4415 1001 4468 loco
1047 4412 1287 4465 ﬁdelium
1336 4408 1516 4477 ejecti,
1565 4421 1752 4460 rursus
1806 4406 1858 4458 in
1906 4418 2051 4467 cum,
2091 4416 2155 4455 ex
2200 4415 2309 4470 quo

2413 3215 2783 3285 ἀκροωμένοις
2815 3216 3177 3281 διστελοῦσαι,
3207 3220 3265 3271 ἐν
3307 3220 3601 3288 τέσσαρσιν
3647 3221 3995 3274 ὑποπίπτου·

2415 3322 2524 3369 σαι,
2556 3306 2645 3358 καὶ
2672 3307 2729 3357 ἐν
2755 3307 2985 3375 ἐνιαυτῷ
3024 3310 3411 3376 συνιστάμεναι
3444 3312 3557 3370 τοῖς
3610 3314 3819 3373 πιστοῖς
3844 3328 3859 3342 σ
3896 3330 3995 3363 και

2412 3395 2554 3450 οὕτω
2585 3396 2723 3465 μετά
2752 3396 2842 3449 τὸν
2879 3397 3111 3465 δεκαετῆ
3159 3399 3352 3467 χρόνον
3378 3398 3487 3452 τῶν
3514 3399 3675 3454 θείων
3702 3402 3987 3472 ἀγιασμά·

2412 3503 2521 3539 των
2556 3486 2895 3557 μεθέξουσιν.

3030 3582 3268 3636 ΚΛΝΩΝ
3302 3583 3371 3639 Γ.

2414 3675 2666 3736 Διάκονος
2707 3674 2842 3743 μετὰ
2872 3673 2970 3740 τὴν
3006 3673 3281 3727 διακονίαν
3315 3677 3641 3745 πορνεύσας,
3679 3677 3991 3747 ἀπόϐλητος

2489 3765 2588 3833 μὲν
2616 3764 2717 3831 τῆς
2749 3764 3024 3825 διακονίας
3055 3763 3210 3816 ἔσται
3234 3780 3248 3795 ·
3293 3767 3371 3827 είς
3402 3765 3457 3817 δὲ
3499 3767 3588 3818 τὸν
3636 3766 3747 3817 τῶν
3774 3767 3989 3821 λαῖκῶν

2483 3855 2758 3914 ἀπωσθεὶς
2787 3855 2973 3917 τόπον,
3002 3855 3099 3922 τῆς
3129 3856 3415 3917 κοινωνίας
3455 3856 3553 3907 οὐκ
3581 3856 3947 3925 εἰρχθήσεται
3974 3874 3989 3889 ⁸

2482 3946 2616 3998 διότι
2651 3946 2875 4013 ἀρχαῖός
2921 3946 3039 3996 ἐστι
3095 3946 3297 4010 κανὼν,
3328 3948 3457 4007 τοὺς
3503 3947 3614 3999 ἀπὸ
3644 3948 3860 4016 patipati
3893 3967 3989 4000 πε-

2483 4034 2788 4094 πτωκότας,
2820 4033 2996 4101 τούτῳ
3048 4034 3197 4101 μόνῳ
3231 4034 3307 4102 τῷ
3346 4034 3532 4101 τρόπῳ
3576 4036 3673 4100 τῆς
3707 4036 3989 4098 κολάσεως

2483 4122 2905 4178 ὺποϐἀλλεσθαι·
2939 4123 3553 4191 ἀκολουθησάντων,-ὡς
3580 4119 3754 4189 οἶμαι,
3780 4124 3893 4176 τῶν
3924 4125 3988 4188 ἐξ

2483 4220 2653 4289 ἀρχῆς
2702 4217 2779 4287 τῷ
2818 4216 2968 4287 νόμῳ
3013 4215 3208 4285 ἐκείνῳ
3256 4214 3354 4283 τῷ,
3388 4215 3501 4267 Οὐκ
3542 4215 3853 4283 ἐκδικήσεις
3909 4215 3991 4277 δις

2484 4314 2577 4367 ἐπὶ
2605 4312 2666 4363 τὸ
2714 4312 2867 4364 αὐτόο
2927 4309 3023 4361 καὶ
3068 4308 3133 4360 δι’
3165 4306 3356 4377 ἑτέραν
3380 4306 3434 4359 δὲ
3466 4306 3645 4358 αἰτίαν
3674 4306 3756 4359 ὅτι
3792 4306 3841 4358 οί
3891 4307 3992 4376 μὲν

2484 4406 2540 4455 ἐν
2575 4398 2651 4471 τῷ
2692 4400 2865 4469 λαῖκῴ
2919 4400 3071 4461 ὄντες
3122 4398 3389 4467 τάγματι,
3434 4395 3833 4463 ἐκϐεϐλημένοι
3895 4394 3989 4446 τοῦ

799 4506 1131 4568 ceciderunt,
1194 4502 1373 4555 locum
1440 4499 1795 4567 recipiuntur.
1856 4495 2123 4548 Diaconos
2176 4506 2307 4544 vero
2342 4476 2383 4532 υ

2342 4476 2383 4532 D
2477 4494 2649 4545 τόπου
2678 4492 2786 4544 τῶν
2816 4490 3045 4553 πιστῶν,
3076 4489 3240 4541 πάλιν
3264 4489 3344 4550 εις
3384 4486 3474 4539 τδν
3506 4486 3600 4554 ἀφ’
3631 4480 3691 4538 οἶ)
3724 4486 3988 4549 ἐξέπεσον

798 4604 959 4653 semel
996 4596 1180 4659 habet,
1202 4590 1343 4661 quod
1371 4588 1621 4653 suﬂiciat,
1646 4588 1999 4656 depositionis
2021 4583 2306 4651 judicium.

801 4686 1243 4756 Quandoquidem
1270 4698 1401 4753 ergo
1434 4695 1541 4735 non
1572 4672 1879 4733 reddendus
1925 4678 1973 4728 ei
2021 4678 2090 4727 sit
2117 4675 2305 4726 diaco-

807 4790 987 4843 natus,
1012 4778 1063 4831 in
1096 4791 1159 4831 ea
1189 4776 1303 4831 sola
1322 4774 1605 4844 punitione
1624 4776 1913 4824 steterunt.
1945 4765 2068 4819 llaec
2089 4764 2307 4831 quidem

803 4880 930 4924 sunt
962 4884 1082 4936 qua:
1108 4882 1169 4919 ex
1193 4861 1975 4920 constitutionibushabentur.
2010 4855 2066 4908 In
2094 4868 2307 4908 summa

805 4970 987 5013 autem
1044 4959 1223 5011 verior
1270 4954 1537 5009 medicina
1575 4961 1657 5006 est
1702 4964 1954 5005 recessus
1987 4964 2015 4999 a
2056 4956 2308 5015 peccato.

802 5052 983 5119 Quare
1009 5049 1101 5119 qui
1129 5060 1346 5118 propter
1376 5047 1558 5101 carnis
1603 5043 1936 5111 voluptatein
1967 5040 2195 5109 gratiam
2228 5038 2310 5088 vi-

808 5144 1049 5216 lipendit,
1080 5158 1187 5211 iper
1244 5143 1428 5196 carnis
1473 5139 1825 5195 ainictionem
1875 5144 1929 5189 et
1962 5134 2309 5203 omnigenam

795 5255 859 5293 ex
896 5236 1264 5305 temperantiae
1307 5232 1623 5300 praescripto
1652 5230 1967 5284 servitutem
2005 5240 2033 5278 a
2063 5224 2310 5290 volupta-

805 5334 948 5385 t'bus
995 5327 1255 5382 recedens
1301 5340 1329 5378 a
1370 5324 1571 5394 quibus
1618 5321 1724 5375 fuit
1764 5329 2131 5389 Oppugnatus,
2186 5331 2312 5385 per-

796 5422 987 5473 iectam
1042 5431 1153 5471 suae
1209 5413 1513 5468 curationis
1567 5408 2089 5464 demonstrationem
2156 5401 2312 5458 nobis

796 5511 1091 5568 exhibebit.
1147 5507 1255 5562 Nos
1283 5520 1410 5575 ergo
1455 5513 1748 5569 utrumque
1795 5500 1937 5552 scire
1976 5504 2211 5565 oportet,
2255 5503 2311 5548 et

800 5621 918 5674 qua:
962 5612 1088 5657 sunt
1118 5598 1319 5653 summi
1369 5596 1531 5664 juris,
1579 5605 1633 5647 et
1684 5605 1805 5660 quae
1848 5598 1973 5643 sunt
2020 5596 2311 5643 consuetu-

802 5697 942 5749 diuis
977 5713 988 5747 :
1022 5691 1174 5760 sequi
1205 5704 1385 5743 autem
1420 5688 1471 5741 in
1509 5687 1597 5749 iis,
1623 5699 1739 5751 qua:
1776 5695 2046 5737 summum
2078 5680 2164 5750 jus
2198 5694 2305 5731 non

793 5792 1103 5852 admittunt,
1134 5782 1363 5837 formam
1393 5779 1669 5836 traditam.

2478 4584 2645 4637 τόπον
2701 4584 3175 4653 ἀναλαμϐάνονται
3197 4596 3212 4613 ο
3240 4583 3267 4633 6
3299 4581 3357 4633 δέ
3386 4580 3631 4640 διάκονος
3674 4576 3822 4642 ἅπαξ
3880 4575 3993 4646 ἔχει

2482 4675 2681 4745 διαρκῆ
2728 4674 2826 4745 τὴν
2855 4674 3013 4742 δίκην
3054 4676 3150 4739 τῆς
3180 4671 3574 4740 καθαιρέσεως.
3618 4670 3711 4729 Ὠς
3756 4667 3850 4719 οὖν
3896 4668 3995 4718 οὐκ

2482 4766 2875 4836 ἀποδιδομένης
2925 4764 3074 4833 αὐτῷ
3127 4764 3227 4833 τῆς
3275 4761 3597 4824 διακονίας,
3647 4762 3740 4811 ἐπὶ
3787 4756 3998 4822 ταύτης

2482 4857 2717 4927 ἔστησαν
2768 4856 2937 4926 μόνης
2987 4854 3090 4924 τῆς
3135 4853 3495 4921 ἐκδικήσεως.
3528 4849 3715 4903 Ταῦτα
3771 4850 3870 4917 μέν
3902 4847 3998 4901 οὖν

2481 4949 2551 5000 τά
2573 4949 2636 5000 ἐκ
2659 4947 2769 5000 τῶν
2793 4946 2980 4999 τύπων
3006 4961 3020 4974 ·
3053 4944 3282 5000 καθόλου
3331 4942 3388 4995 δέ
3436 4941 3806 5010 ἀληθέστερόν
3845 4945 4001 4993 ἐστιν

2487 5038 2624 5109 [αμα
2651 5038 2684 5106 ἡ
2720 5038 2821 5106 τῆς
2878 5034 3152 5106 ἁμαρτίας
3201 5032 3550 5105 ἀναχώρησις
3577 5046 3593 5061 ⁶
3648 5031 3791 5085 ὥστε
3840 5032 3869 5083 ὁ
3909 5030 3999 5082 διὰ

2480 5127 2686 5197 σαρκὸς
2731 5126 2926 5195 ἡδονὴν
2968 5126 3241 5193 ἀθετήσας
3270 5122 3369 5194 τὴν
3400 5125 3585 5193 χάριν,
3610 5121 3700 5175 διὰ
3730 5119 3826 5172 τοῦ
3870 5137 4001 5170 συν-

2483 5218 2727 5290 τριμμοῦ
2760 5216 2856 5285 τῆς
2886 5218 3107 5285 σαρκὸς,
3140 5216 3234 5268 καὶ
3274 5216 3456 5283 πάσης
3491 5212 3867 5280 δουλαγωγίας
3900 5211 4001 5277 τῆς

2484 5312 2606 5364 κατ’
2665 5308 3014 5377 ἐγκράτειαν,
3060 5304 3309 5368 ἀποστάς
3363 5304 3473 5356 τῶν
3516 5302 3744 5367 ἡδονῶν,
3780 5301 3875 5367 ὑφ’
3922 5296 4000 5352 ὢν

2484 5397 3096 5469 κατεστράςρηηελείαν
3118 5398 3252 5466 ἡμῖν
3284 5396 3508 5467 παρέξει
3531 5393 3630 5461 τῆς
3665 5390 3996 5461 ἰατρεύσεως

2484 5492 2649 5546 αὑτοῦ
2671 5492 2769 5561 τὴν
2823 5489 3121 5552 ἀπόδειξιν.
3177 5489 3495 5557 Ἀμφότερι
3552 5484 3736 5538 τοίνυν
3786 5482 3996 5534 εἰδέναι

2491 5586 2639 5655 ἡμᾶς
2673 5584 2775 5647 δεῖ,
2813 5584 2908 5635 καὶ
2929 5583 2998 5636 τά
3032 5582 3130 5649 τῆς
3165 5578 3477 5648 ἀκριϐείας,
3508 5576 3601 5628 καὶ
3630 5575 3696 5626 τά
3738 5572 3839 5642 τῆς
3872 5590 4005 5624 συν·

2484 5676 2693 5745 ηθείας.
2744 5673 2969 5726 ἕπεσθαι
3026 5673 3081 5726 δέ
3128 5672 3223 5724 ἐπὶ
3266 5669 3376 5721 τῶν
3424 5666 3502 5737 μὴ
3546 5663 4007 5735 καταδεξαμένων

2489 5771 2589 5837 τὴν
2624 5768 2903 5837 ἀκρότητα
2936 5763 3010 5835 τῷ
3043 5761 3404 5835 παραδοθέντι
3436 5756 3613 5827 τύπῳ.
