4224 6446
262 389 367 449 5³3
1179 390 1264 453 ΙΝ
1302 389 1542 456 EPIST.
1581 391 1642 453 S.
1675 390 1921 454 BASILI

1825 390 1958 449 [LII
1991 392 2428 456 CANONICAM
2460 395 2510 454 Ι.
3391 400 3493 461 594

336 497 529 548 ΒΑΛΣ.
572 498 635 549 '0
667 497 767 563 μὲν
802 496 877 549 κε’
928 497 1277 561 ἀποστολικδς
1311 500 1488 553 κανὼν
1520 500 1614 554 καὶ
1635 502 1663 552 6
1692 515 1833 567 τιιειρ⁸
1860 494 1913 554 Α

1830 528 1833 537 -
1860 494 1913 554 Δ
2010 501 2200 557 BALS.
2232 502 2535 561 Vicesimus
2565 508 2780 577 quidem
2811 509 3029 576 quintus
3060 525 3231 564 canon
3280 521 3498 575 aposto-

260 589 340 641 ὼν
376 589 579 653 κανὼν,
614 591 742 659 περὶ
778 592 1080 644 επισκόπου
1122 594 1217 646 καὶ
1252 593 1504 647 διακόνου
1542 594 1710 661 φασίν
1741 610 1755 626 ·
1809 597 1837 646 6

1829 599 1837 644 ὸ
1938 596 2097 657 licus,
2149 607 2202 651 et
2243 613 2498 665 praesens.
2540 598 2607 652 de
2630 599 2883 666 episcopo
2917 612 2967 651 et
3016 602 3242 654 diacono
3270 602 3497 652 dicunt:

262 684 319 735 δὲ
353 679 433 751 λβ⁹
465 681 643 734 κανὼν
669 682 763 734 τοῦ
811 682 968 749 ἀγίου
997 684 1281 737 Βασιλείου
1310 684 1606 751 διορίζεται
1655 684 1836 738 πάντα

1832 702 1836 736 ;
1939 687 2032 740 sed
2062 700 2234 741 canon
2265 688 2336 741 σε
2366 690 2534 743 sancti
2569 688 2747 742 Basilii
2778 689 3025 743 decernit
3049 692 3293 757 quemvis
3327 690 3500 743 sacris

268 776 586 842 ίερωμένον,
614 773 718 825 κάν
748 774 847 841 τὴν
878 773 1012 843 πρὸς
1040 774 1265 828 θάνατον
1288 777 1560 845 ἁμαρτίαν
1586 778 1834 847 ἁμάρτῃ,

1938 777 2223 832 ordinibus
2258 778 2545 837 initiatum.
2586 780 2631 833 si
2657 787 2934 848 peccatum
2965 786 3031 831 ad
3063 788 3289 832 mortem
3314 793 3503 846 pecca-

265 860 648 931 καθαιρεῖσθαι
679 863 840 931 μόνον
860 879 873 894 ·
912 864 974 915 οὑ
1008 864 1115 933 μὴν
1160 866 1254 918 καὶ
1281 865 1389 918 ἀπὸ
1422 867 1520 934 τῆς
1554 866 1840 930 κοινωνίας

1836 884 1840 895 ν
1940 866 2101 925 verit,
2130 865 2508 934 deponendum
2556 875 2761 919 tantum
2800 880 2942 928 esse,
2974 880 3081 919 non
3115 874 3288 917 tamen
3317 881 3344 919 a
3378 866 3504 918 lide-

267 954 376 1006 τῶν
434 953 663 1013 πιστῶν,
697 954 869 1021 ἧγουν
921 955 1031 1007 ἀπὸ
1078 954 1172 1007 τοῦ
1219 956 1625 1021 ικκλησιάζειν,
1674 957 1842 1025 χωρί-

1838 986 1842 997 ›
1940 955 2071 1009 lium
2098 957 2263 1010 etiam
2294 958 2692 1021 communione,
2718 972 2785 1011 ue
2810 958 3018 1014 scilicet
3044 957 3097 1011 in
3124 956 3349 1011 ecclesia
3378 971 3506 1012 con-

268 1045 480 1105 ζεσθαι.
531 1043 793 1098 Ἐνταῦθα
815 1044 873 1097 δι
896 1060 1061 1114 φησιν
1089 1047 1117 1097 6
1142 1046 1297 1112 ᾶγιος
1319 1048 1412 1098 καὶ
1440 1046 1621 1110 αίτίας
1648 1048 1839 1100 τούτου

1942 1058 2217 1117 ατεεοιιιτ,
2252 1048 2514 1117 separari.
2562 1046 2658 1102 llic
2690 1058 2867 1103 autem
2914 1049 3045 1102 dicit
3090 1058 3308 1103 sanctus
3378 1052 3510 1102 duas

267 1136 364 1187 δύο
387 1152 403 1167 ·
448 1135 577 1203 μίαν
604 1136 707 1202 μὶν
736 1136 819 1199 τὸ,
852 1136 967 1188 Οὐκ
1001 1136 1309 1205 ικδικῆσεις
1338 1138 1419 1199 δὶς
1442 1139 1536 1191 ιπὶ
1564 1138 1643 1208 τῷ
1667 1139 1837 1209 αὐτῷ·

1942 1137 2061 1205 ejus
2086 1138 2163 1191 rei
2190 1150 2421 1193 causas:
2453 1153 2611 1191 unam
2638 1139 2852 1207 quidem
2884 1138 3035 1199 illud,
3063 1136 3179 1191 Non
3211 1138 3510 1191 vintlicabis

270 1228 467 1296 ἑτέραν
513 1226 568 1277 δι
610 1227 670 1278 τδ
699 1227 826 1287 τοὺς
855 1226 1075 1289 λαῖκοῦς
1104 1227 1473 1291 ίκπίπτοντας
1520 1229 1606 1283 διὰ
1658 1231 1843 1299 ἀμαρ-

1836 1261 1843 1271 -
1944 1228 2027 1283 bis
2061 1228 2113 1282 in
2144 1229 2397 1297 idipsum,
2450 1228 2672 1284 alteram
2722 1244 2870 1293 vero,
2906 1229 3048 1298 quod
3105 1229 3223 1282 laici
3266 1228 3504 1295 quidem,

269 1314 491 1385 τήματα
520 1315 620 1383 τῆς
642 1316 751 1368 τῶν
786 1317 993 1368 πιστῶν
1029 1318 1342 1379 συστάσεως
1366 1319 1529 1371 πάλιν
1560 1319 1649 1372 διά
1682 1330 1845 1389 μετα-

1949 1328 2169 1387 prnpter
2201 1334 2298 1373 sua
2330 1330 2549 1387 peccata
2585 1336 2613 1374 a
2652 1320 2887 1374 fidelium
2918 1321 3339 1389 congregatione
3364 1320 3513 1373 exci-

272 1406 425 1466 νοίας
450 1405 925 1459 ἀποκαθίστασθαι
965 1410 1044 1467 είς
1081 1408 1173 1461 τὸν
1208 1411 1374 1463 τόπον
1405 1410 1529 1463 ὅθεν
1561 1412 1842 1476 ιξέπεσον·

271 1496 399 1553 τοὺς
454 1494 784 1563 ίερωμίνους
839 1496 894 1547 δὲ
945 1498 1145 1565 μηκέτι
1189 1498 1588 1566 ιπανέρχεσθαι
1635 1500 1714 1561 είς
1748 1500 1844 1567 τὴν

1947 1411 2157 1473 dentes,
2190 1425 2285 1477 per
2316 1411 2687 1477 paenitentiam
2722 1425 2909 1465 rursus
2940 1412 2992 1464 in
3019 1411 3306 1480 pristinum
3336 1410 3509 1462 locum

1946 1500 2353 1553 restituantur:
2406 1502 2582 1554 sacritl
2618 1501 2902 1555 ordinibus
2946 1510 3124 1556 autem
3178 1501 3371 1553 initiati
3409 1516 3514 1552 nou

277 1588 600 1654 ίερωσύνην,
656 1582 723 1656 ἧς
771 1587 1214 1640 ικπεπτώκασιν.
1274 1589 1361 1651 Ὦς
1423 1588 1517 1643 οὖν
1569 1591 1845 1659 ἀρκοῦσαν

1948 1592 2181 1659 amplius
2209 1600 2552 1645 revertuntur
2586 1593 2650 1645 ad
2684 1594 3066 1655 sacerdotium,
3106 1608 3131 1644 a
3166 1608 3271 1658 quo
3298 1591 3515 1645 ext-ide-

277 1677 494 1746 ῑχοντες
540 1678 816 1747 τιμωρίαν
876 1680 1016 1746 ὑπὲρ
1064 1680 1161 1746 τῆς
1192 1681 1466 1750 ἁμαρτίας
1511 1682 1716 1742 αὐτῶν,
1746 1683 1846 1748 τὴν

1842 1699 1846 1723 ι
1948 1690 2094 1734 runt.
2124 1679 2406 1747 Tanquam
2433 1695 2561 1750 ergo
2586 1680 2854 1736 subiciens
2878 1681 3139 1734 habentes
3163 1695 3260 1748 pro
3284 1689 3510 1746 peccato

278 1769 624 1838 καθαίρεσιν,
665 1769 766 1837 τῆς
825 1770 1109 1831 κοινωνίας
1151 1772 1251 1824 οὐκ
1314 1771 1615 1840 εἴργονται.
1686 1772 1845 1825 Ἀλλά
1879 1812 1921 1866 Β

1879 1812 1921 1866 Β
1950 1785 2048 1826 suo
2087 1772 2410 1841 supplicium
2473 1773 2885 1840 depositionem,
2928 1784 2958 1823 a
2989 1770 3368 1824 communione
3414 1784 3520 1821 non

280 1858 475 1919 ταῦτα,
514 1860 669 1927 φησὶ,
712 1859 823 1909 τῶν
855 1858 1042 1915 τύπων
1093 1858 1125 1927 ἢ
1172 1857 1281 1909 τῶν
1336 1859 1639 1912 κανονικῶν
1669 1862 1849 1913 διατα-
1882 1857 1920 1866 ⁷

1882 1857 1920 1866 ⁷
1952 1877 2225 1921 arcentur.
2259 1866 2363 1921 Sed
2389 1876 2515 1920 sunt
2544 1866 2684 1929 haec,
2714 1864 2911 1931 inquit,
2936 1872 3184 1934 typorum
3218 1864 3331 1917 sive
3360 1877 3524 1915 cann-

281 1948 533 2016 γμάτων.
580 1948 644 2001 Ἠ
669 1947 727 2000 δι
755 1948 964 2016 ἀληθὴς
1012 1948 1224 2017 ἰατρεία
1255 1948 1354 2016 τῆς
1394 1950 1673 2019 ἁμαρτίας
1701 1952 1850 2005 ἐστὶν

1959 1958 2202 2012 nicarum
2250 1955 2717 2010 constitutionum.
2774 1954 2869 2007 Est
2918 1962 3095 2009 autem
3142 1968 3266 2007 vera
3320 1954 3520 2021 peccati

280 2042 315 2109 η
380 2041 441 2105 ἐξ
484 2041 653 2110 αὐτῆς
701 2039 1070 2110 ἀναχώρησις.
1130 2039 1245 2093 Κᾶν
1305 2041 1415 2111 γάρ
1467 2044 1495 2093 6
1550 2042 1854 2112 πορνεύσας

1958 2045 2221 2100 medicina
2258 2045 2325 2098 ab
2356 2044 2471 2113 ipso
2518 2058 2788 2099 recessus.
2839 2042 2951 2096 Etsi
2992 2043 3155 2109 enim,
3215 2043 3303 2111 qui
3356 2042 3524 2097 forni-

283 2130 624 2199 καθαιριθῇ,
681 2130 782 2182 οὐκ
848 2129 1213 2198 ἐπιτιμᾶσθαι
1264 2131 1415 2182 δοκεί
1468 2132 1853 2199 ὶνδεχομένως,

280 2222 425 2276 ὥστε
466 2223 559 2274 καὶ
591 2220 691 2289 τὴν
716 2222 825 2273 ἀπὸ
854 2221 947 2274 τοῦ
975 2222 1110 2275 Θεοῦ
1143 2222 1327 2275 λαϐεῖν
1360 2222 1720 2291 συμπάθειαν,
1757 2224 1853 2273 law

284 2319 379 2367 καὶ
408 2314 773 2383 ἔτιὲπιμείνη
808 2316 872 2382 τῇ
920 2314 1185 2383 ἁμαρτία,
1235 2316 1332 2368 καὶ
1387 2314 1505 2366 οὐδὲ
1558 2316 1628 2366 δι’
1664 2316 1857 2383 ἑτέρας

286 2406 587 2475 συντριϐἧς
648 2406 947 2472 ἑξιλεοῦται
996 2409 1089 2462 τὸν
1148 2410 1300 2463 Θεόν.
1362 2410 1525 2463 ’Ὥστε
1578 2410 1783 2475 ὀφείλει
1833 2410 1861 2460 6

290 2496 479 2564 ίατρδς
527 2499 638 2560 τοῖς
668 2497 923 2566 ψυχικοῖς
980 2500 1144 2553 αὐτοῦ
1178 2500 1489 2569 τραύμασιν
1516 2500 1715 2553 ειδέναι
1757 2500 1856 2567 μὲν

290 2585 384 2640 καὶ
410 2584 509 2654 τὴν
538 2585 848 2653 ἀκρίϐειαν,
873 2587 1038 2657 ἤγουν
1075 2588 1173 2656 τὴν
1212 2588 1303 2640 διὰ
1353 2589 1451 2656 τῆς
1484 2588 1862 2657 καθαιρέσεως

292 2680 517 2731 κόλασιν
545 2679 639 2731 τοῦ
676 2679 1034 2751 πορνεύοντος
1066 2679 1335 2749 κληρικοῦ
1360 2694 1373 2707 '
1414 2681 1486 2749 μὴ
1546 2679 1862 2732 ἀκολουθεῖν

290 2770 348 2821 δὲ
387 2768 562 2839 ταύτῃ
595 2771 651 2834 ἐξ
682 2771 953 2841 ἀνάγκης,
977 2773 1069 2826 καὶ
1099 2773 1191 2825 τὸν
1222 2773 1359 2841 μετά
1397 2773 1496 2841 τὴν
1539 2772 1860 2841 καθαίρεσιν

293 2862 631 2929 πορνεύοντα
687 2865 1081 2935 ἀνεπιτίμητον
1131 2864 1593 2932 καταλιμπάνειν,
1634 2865 1710 2928 ὥς
1762 2867 1863 2937 ήδη

289 2957 625 3010 κολασθέντα
667 2956 755 3011 διὰ
790 2959 887 3027 τῆς
921 2958 1314 3026 καθαιρέσεως.
1357 2959 1493 3012 ἀλλὰ
1541 2960 1635 3012 καὶ
1668 2960 1865 3027 ἀφορί-

293 3048 411 3111 ζειν
437 3050 511 3109 ὡς
547 3050 628 3111 είς
654 3049 818 3101 τόπον
847 3048 1070 3101 ἐλθόντα
1098 3048 1312 3109 λαῖκοῦ,
1340 3051 1434 3101 καὶ
1464 3048 1637 3111 ἄλλως
1686 3051 1866 3102 ὲπιτι-

295 3142 407 3209 μᾷν
463 3139 604 3190 κατά
647 3137 745 3207 τὴν
807 3138 1037 3205 δύναμιν
1082 3136 1178 3189 τοῦ
1234 3138 1639 3205 ίατρευομένου.
1710 3138 1858 3189 ’Λνάι

294 3247 511 3296 γνωσον
542 3231 637 3283 καὶ
667 3232 758 3282 τὸν
785 3226 863 3281 νϐ’
894 3229 1095 3281 κανόνα
1127 3230 1225 3297 τῆς
1248 3229 1530 3298 παρούσης
1557 3229 1865 3297 ίπιστολῆς,

294 3325 352 3375 ιν
375 3322 516 3375 ἑπτὰ
542 3321 687 3374 ἔτεσι
712 3322 804 3374 τὸν
837 3320 1173 3390 πορνεύοντα
1205 3320 1528 3384 κολάζοντα.

368 3412 618 3466 ΖΩΝΑΡ.
649 3410 788 3473 Τοὺς
836 3411 1116 3473 διακόνους
1167 3410 1579 3480 πορνεύσαντας
1619 3410 1723 3480 τῆς
1772 3412 1869 3479 μὲν

293 3504 576 3565 διακονίας
622 3500 985 3555 ἐκϐάλλεσθαι
1035 3501 1205 3571 λέγει,
1230 3504 1332 3569 τῆς
1382 3504 1669 3564 κοινωνίας
1706 3502 1762 3555 δὲ
1796 3503 1869 3570 μὴ

294 3594 639 3648 κωλύεσθαι·
671 3593 766 3645 καὶ
800 3592 897 3655 τὰς
940 3592 1121 3655 αίτίας
1174 3594 1371 3661 ἐπάγει
1402 3611 1414 3624 ·
1450 3593 1577 3662 μίαν
1626 3594 1746 3659 μὲν,
1802 3594 1870 3661 ῆν

295 3685 389 3736 καὶ
428 3685 454 3734 6
486 3690 560 3734 κε’
592 3682 948 3743 ἀποστολικδς
1002 3680 1181 3737 κανὼν
1226 3682 1375 3749 λέγει
1398 3698 1413 3715 '
1450 3684 1532 3742 τὸ,
1568 3683 1681 3735 Οὐκ
1719 3682 1867 3734 ἐκδι-

296 3778 488 3843 κήσεις
518 3776 598 3831 δὶς
630 3774 722 3825 επὶ
766 3773 830 3826 τδ
870 3774 1001 3825 αὐτό
1024 3789 1039 3802 ⁶
1069 3773 1267 3842 ἑτέραν
1295 3773 1351 3826 δὲ
1388 3774 1448 3825 τὸ
1496 3775 1624 3836 τοὺς
1653 3773 1872 3835 λαῖκοὺς

295 3866 668 3927 ἐκπίπτοντας
707 3864 794 3917 διά
834 3865 1205 3934 ἁμαρτήματα
1245 3865 1343 3933 τῆς
1380 3865 1488 3917 τῶν
1535 3866 1743 3917 πιστῶν
1777 3883 1871 3918 συ-

296 3961 543 4018 στάσεως
576 3957 739 4010 πάλιν
786 3956 873 4009 διὰ
930 3956 1221 4025 μετανοίας
1272 3956 1743 4010 ἀποκαθίστασθαι
1796 3958 1875 4021 είς

294 4051 389 4101 τὸν
422 4049 587 4099 τόπον
616 4048 740 4099 ὅθεν
771 4046 1049 4109 ἐξέπεσον.
1089 4046 1227 4108 Τοὺς
1278 4044 1333 4097 δὶ
1382 4048 1715 4115 ίερωμένους
1773 4062 1878 4114 μη-

295 4142 417 4192 κέτι
445 4139 842 4207 ἐπανέρχεσθαι
872 4140 951 4201 εἰς
985 4138 1084 4207 τὴν
1134 4137 1437 4207 ἱερωσύνην
1469 4137 1537 4207 ἦς
1577 4138 1876 4192 ἐκπεπτώ-

297 4247 483 4284 κασιν.
525 4229 616 4291 Ὠς
666 4228 758 4281 οὖν
796 4228 1073 4297 ἀρκοῦσαν
1124 4228 1337 4296 εχοντες
1394 4230 1667 4298 τιμωρίαν
1732 4230 1875 4299 ὑπὲρ

294 4328 394 4392 τῆς
428 4321 699 4391 ἁμαρτίας
729 4320 907 4373 αὐτῶν
937 4320 1028 4390 τὴν
1058 4320 1399 4389 καθαίρεσιν,
1440 4322 1537 4389 τῆς
1578 4321 1871 4383 κοινωνίας

295 4414 399 4465 οὒκ
446 4411 725 4479 εἴργονται
755 4427 771 4442 ·
809 4411 943 4462 ἀλλά
979 4410 1170 4475 ταῦτα,
1211 4402 1365 4479 φηὶι,
1406 4413 1473 4465 τά
1528 4413 1637 4465 τῶν
1666 4413 1875 4476 τύπων.

1958 2146 2112 2190 catus
2143 2146 2245 2199 est,
2279 2136 2560 2204 depositus
2582 2136 2761 2203 fuerit,
2789 2150 2894 2190 non
2930 2146 3136 2189 tantum
3170 2134 3388 2202 punitus
3409 2147 3527 2185 esse

1962 2228 2200 2291 videtur,
2224 2236 2282 2281 ut
2311 2229 2475 2283 etiam
2503 2228 2934 2284 misericordiam
2962 2242 2989 2278 a
3017 2228 3526 2295 Deo,consequatut-,

1962 2322 2003 2374 si
2046 2322 2222 2375 adhuc
2259 2322 2313 2376 in
2342 2333 2559 2390 peccato
2587 2320 3035 2390 perseveraverit,
3071 2308 3198 2372 nec“:
3217 2318 3384 2371 Deum
3417 2317 3517 2366 ali-t

1963 2414 2297 2468 conttitionc
2354 2414 2671 2485 placaverit.
2746 2413 2927 2479 Quare
2997 2411 3155 2466 debet
3212 2409 3528 2463 anintalimn

1966 2504 2122 2572 itujus
2158 2506 2440 2561 vulnerum
2485 2506 2730 2559 medicus
2762 2505 2902 2559 scire
2932 2503 3145 2572 quidem
3178 2511 3231 2554 et
3261 2515 3532 2555 summum

1963 2598 2075 2667 jus.
2107 2599 2317 2653 scilicet
2348 2596 2917 2677 punitiouemlplerici,
2950 2596 3041 2662 qui
3093 2593 3388 2647 fornicatus
3430 2603 3533 2650 est.

1968 2701 2062 2754 per
2089 2684 2476 2753 depositionem
2508 2702 2521 2738 :
2554 2698 2672 2738 eam
2700 2695 2874 2737 tamen
2896 2698 3000 2737 non
3032 2684 3336 2736 necessario
3356 2682 3531 2749 sequi,

1971 2787 2029 2830 ut
2063 2792 2186 2831 eum
2225 2776 2410 2839 etiam,
2459 2776 2548 2845 qui
2597 2784 2721 2843 post
2773 2774 3161 2840 depositionetn
3214 2773 3534 2835 fornicatur,

1969 2866 2289 2935 impunitum
2318 2866 2607 2933 relinquat,
2642 2873 2703 2919 ut
2745 2864 2855 2931 jam
2889 2880 2982 2931 per
3016 2864 3401 2932 depositinncm
3441 2876 3541 2929 pu-

1971 2958 2176 3021 nitum;
2211 2956 2304 3011 sed
2338 2966 2397 3009 ut
2428 2957 2592 3009 etiam
2626 2969 2748 3008 eum
2780 2964 3048 3022 segreget,
3084 2954 3173 3021 qui
3204 2953 3322 3007 laici
3355 2953 3531 3005 locum

1970 3048 2156 3107 subiit,
2186 3057 2237 3101 et
2266 3048 2419 3101 aliter
2446 3060 2568 3100 eum
2603 3047 2811 3114 puniat,
2841 3061 2939 3113 pro
2986 3045 3107 3109 eius
3142 3045 3395 3097 facultate
3444 3043 3534 3096 cui

1974 3138 2238 3194 medicina
2271 3140 2558 3206 prmbetur.
2593 3138 2731 3209 Lege
2755 3147 2808 3192 et
2833 3153 3093 3191 canonem
3143 3137 3211 3191 49
3247 3136 3408 3204 hujus
3433 3134 3545 3204 epi-

1980 3231 2150 3297 stolze,
2172 3232 2264 3301 qui
2298 3230 2684 3287 fornicatorem
2713 3239 2917 3300 septem
2948 3229 3102 3282 annis
3130 3228 3307 3298 punit.

2049 3412 2302 3469 ΖΟΝΑΗ.
2345 3412 2634 3473 Diaconos,
2669 3411 2759 3478 qui
2786 3409 3033 3463 fornicati
3081 3416 3229 3468 sunt,
3263 3407 3543 3459 diaconattt

1979 3506 2192 3571 quidem
2239 3502 2591 3571 dejiciendos,
2624 3516 2727 3553 non
2768 3510 2946 3552 tamen
2976 3514 3002 3550 a
3039 3498 3419 3550 communione
3462 3510 3549 3547 ar-

1980 3593 2177 3646 cendos
2202 3605 2322 3645 esse
2353 3590 2567 3653 asserit,
2615 3602 2919 3656 causasque
2965 3586 3287 3655 subjungit:
3323 3585 3547 3637 alteram

1981 3683 2219 3751 quidem,
2276 3696 2394 3749 quae
2456 3678 2750 3747 apostolico
2803 3678 3055 3729 vicesimo
3104 3675 3292 3742 quinto
3345 3687 3552 3727 canone

1983 3776 2293 3828 continetur
2328 3791 2341 3824 :
2376 3769 2489 3825 Non
2521 3770 2819 3824 vindicabis
2855 3768 2937 3822 bis
2963 3768 3012 3820 in
3046 3767 3296 3834 itlipsum,
3327 3766 3551 3819 alteram

1982 3881 2132 3929 vero,
2172 3864 2313 3933 quod
2365 3864 2484 3917 laici
2539 3862 2607 3915 ob
2651 3861 2879 3915 crimina
2933 3874 2961 3910 α
3020 3858 3255 3911 fidelium
3283 3858 3556 3911 consortio

1984 3959 2166 4027 ejecti,
2207 3972 2395 4012 rursus
2444 3956 2497 4009 in
2530 3956 2727 4016 locum,
2765 3953 2905 4005 unde
2932 3951 3268 4015 exciderunt,
3301 3965 3396 4017 per
3442 3965 3558 4018 pa:-

1986 4048 2266 4101 nitcntiztm
2332 4047 2720 4107 restituantur;
2782 4043 2953 4095 sacris
3011 4048 3191 4093 autem
3245 4039 3440 4092 initiati
3503 4040 3554 4091 in

1985 4154 2199 4196 saerum
2229 4118 2497 4199 ordinem,
2527 4152 2594 4191 ex
2632 4149 2739 4204 quo
2777 4134 2970 4202 dejecti
3014 4143 3161 4197 sunt,
3193 4147 3295 4186 non
3327 4130 3560 4201 amplius

1985 4231 2361 4285 admittantur.
2388 4230 2668 4297 Tanquam
2712 4227 2877 4296 igitur
2908 4228 2976 4279 ob
3008 4226 3301 4293 irrogatam
3346 4225 3557 4292 deposi-

1989 4321 2188 4373 tinnem
2215 4318 2345 4373 satis
2391 4317 2636 4387 supplicii
2674 4331 2771 4384 pro
2823 4316 3031 4369 ratione
3063 4314 3281 4368 admissi
3318 4314 3563 4368 criminis

1987 4413 2157 4475 luant,
2204 4425 2233 4463 a
2265 4408 2651 4465 communione
2687 4407 2826 4460 haud
2862 4407 3239 4476 prohibentur.
3279 4405 3387 4460 Sed
3420 4406 3559 4461 haec.

296 4507 470 4570 ἧγουν
502 4501 537 4555 ἃ
574 4502 633 4565 ἐξ
670 4501 827 4563 ἔθους
865 4502 1080 4569 μακροῦ
1127 4502 1490 4572 ἐτυπώθησαν
1514 4521 1528 4535 ·
1566 4504 1795 4557 καθόλου
1820 4505 1876 4557 δὲ
1903 4517 1958 4576 Ι)

1903 4517 1958 4576 Ι)
1990 4504 2187 4572 inquit,
2241 4501 2295 4554 in
2351 4498 2831 4555 constitutionibus
2876 4500 3238 4565 reperiuntur,
3300 4500 3399 4550 ltoc
3454 4506 3558 4553 est.

300 4596 443 4659 ἴαμα
475 4592 571 4644 τοῦ
609 4592 931 4660 σφάλματος
981 4591 1128 4659 λέγει
1157 4594 1254 4663 τὴν
1297 4594 1395 4663 τῆς
1438 4597 1716 4665 ἁμαρτίας
1749 4596 1885 4648 ἀνα-

298 4684 573 4753 χώρησιν,
605 4684 699 4735 καὶ
744 4684 806 4734 τὸ
867 4683 935 4735 δι’
991 4685 1317 4753 ἐγκρατείας
1373 4688 1467 4738 καὶ
1503 4686 1883 4751 κακοπαθείας

296 4775 718 4841 ὼυλαγωγῆσαι
742 4775 843 4843 τὴν
874 4776 1050 4845 σάρκα
1074 4790 1089 4808 ·
1120 4777 1409 4829 τουτέστιν
1440 4777 1724 4843 ὑποτάξαι,
1766 4779 1888 4831 δου-

298 4864 496 4916 λῶσαι.
550 4865 639 4914 Δεῖ
681 4864 741 4917 δὲ
794 4864 919 4926 τοὺς
974 4865 1161 4933 ψυχῶν
1214 4867 1538 4935 οίκονόμους
1594 4868 1885 4937 ἀμφότερα

301 4955 522 5018 ειδέναι,
558 4956 651 5008 καὶ
699 4956 767 5010 τά
829 4956 929 5023 τῆς
978 4956 1285 5026 ἀκριϐείας,
1318 4960 1413 5011 καὶ
1457 4960 1525 5013 τά
1560 4961 1658 5030 τῆς
1716 4978 1882 5031 συνη·

304 5048 457 5109 θείας
476 5064 489 5077 ·
520 5048 615 5099 καὶ
650 5048 696 5098 εί
731 5046 831 5114 μὲν
858 5049 909 5098 οί
946 5048 1370 5118 ἀμαρτήσαντες
1399 5052 1783 5121 καταδέχοιντο
1812 5053 1882 5106 τά

302 5139 402 5205 τῆς
434 5137 746 5206 ἀκριϐείας,
788 5136 911 5190 κατ’
943 5138 1159 5207 εκείνην
1206 5142 1609 5211 οἰκονομεῖσθαι
1642 5143 1840 5206 αὐτούς
1867 5161 1880 5176 ’

306 5228 355 5280 εί
385 5226 443 5279 δὲ
475 5227 877 5296 σκληρύνονται
920 5228 1056 5297 πρὸς
1102 5228 1201 5298 τὴν
1258 5232 1561 5301 ἀκρότητα,
1596 5234 1716 5303 ἢτοι
1750 5236 1889 5303 πρὸς

306 5318 407 5387 τὴν
438 5319 617 5388 ἄκραν
642 5318 955 5389 ἀκρίϐειαν,
997 5320 1223 5373 ῑπεσθαι
1256 5322 1378 5374 τότε
1407 5323 1484 5393 τῷ
1518 5325 1885 5395 παραδοθέντι

306 5409 485 5480 τύπῳ,
522 5413 587 5481 τῇ
621 5411 885 5483 συνηθείᾳ
913 5411 1155 5482 δηλονότι
1190 5411 1291 5485 (ὅ).

1990 4596 2134 4662 longi
2170 4593 2426 4661 temporis
2446 4591 2836 4646 consuetudine
2868 4590 3089 4643 definita
3119 4598 3263 4643 sunt.
3299 4587 3563 4641 Universe

1989 4700 2119 4739 vero
2167 4684 2373 4751 peccati
2427 4683 2751 4737 medicinam
2801 4683 2877 4736 ait
2924 4680 3045 4736 che
3083 4697 3110 4734 a
3142 4690 3363 4749 peccato
3397 4696 3565 4733 recc-

1991 4777 2141 4838 dere,
2177 4789 2240 4828 ac
2282 4787 2381 4842 per
2416 4772 2829 4840 temperantiam
2864 4772 3213 4839 corporisque
3248 4770 3564 4824 amictionrs

1995 4883 2211 4923 carnem
2245 4866 2495 4934 redigere
2544 4866 2595 4917 iu
2648 4864 2987 4927 servitutem,
3022 4864 3123 4916 hoc
3173 4872 3275 4926 cst,
3314 4878 3564 4916 coercere

1995 4976 2059 5017 ac
2089 4961 2368 5015 edomare.
2424 4955 2649 5026 Oportet
2701 4969 2865 5024 porro
2918 4955 3223 5007 animarum
3283 4963 3565 5009 curatores

1994 5064 2224 5119 utraque
2266 5063 2450 5109 nosse,
2499 5057 2553 5101 et
2584 5061 2703 5115 quae
2738 5043 2935 5099 summi
2982 5043 3121 5110 juris
3165 5053 3313 5110 sunt,
3348 5054 3402 5095 ct
3447 5060 3566 5114 quze

1995 5140 2407 5198 consuetudinis
2441 5157 2452 5191 :
2485 5153 2545 5189 ac
2596 5137 2640 5190 si
2674 5135 2893 5203 quidem
2934 5136 3022 5204 qui
3073 5146 3451 5204 peccaverunt,
3504 5154 3563 5184 (ιιι

1994 5248 2116 5300 qua:
2146 5240 2271 5285 sunt
2300 5230 2476 5284 exacti
2514 5227 2656 5296 juris
2684 5226 2993 5289 admittant,
3019 5241 3081 5279 ex
3112 5226 3228 5293 ejus
3256 5226 3568 5293 praescripto

1991 5329 2117 5379 ‘cum
2148 5321 2280 5392 ipsis
2303 5335 2500 5390 agere;
2532 5320 2613 5372 sin
2642 5326 2821 5371 autem
2850 5318 3113 5371 adversus
3150 5316 3440 5385 perfectam
3477 5332 3568 5368 ra-

1997 5417 2223 5479 tionem,
2250 5428 2519 5468 summum
2582 5411 2833 5465 videlicet
2888 5410 2977 5478 jus
3030 5412 3398 5475 obluctentur,
3441 5419 3569 5462 tunc

1999 5509 2226 5561 formam
2265 5506 2536 5568 traditam,
2572 5504 3012 5559 consuetudinem
3045 5502 3275 5565 scilicet,
3304 5502 3477 5569 sequi.

1546 5619 1740 5679 Guill.
1785 5619 2119 5699 Beveregii
2145 5624 2334 5679 notae.

388 5712 463 5783 13)
503 5711 905 5792 Tﬁ_ovm08_la
966 5716 1269 5783 δηλονότι.
1331 5718 1458 5775 Post
1514 5723 1628 5776 ltrcc
1687 5725 1878 5777 ultima

314 5783 546 5835 Joannis
572 5783 802 5839 Zonarst-
834 5788 886 5840 in
921 5799 1242 5844 orascutem
1277 5804 1537 5845 canonetn
1582 5796 1764 5851 verba.
1793 5810 1887 5847 co-

2004 5726 2105 5777 dex
2152 5722 2624 5775 Atnerbacitiantts
2662 5722 2829 5784 addit,
2866 5721 3113 5774 Καθόλου
3146 5720 3204 5772 δὲ
3230 5719 3367 5785 ἴαμα
3413 5718 3569 5786 εφηὸ

2003 5794 2155 5855 anno;
2182 5792 2280 5857 τὴν
2335 5794 2397 5843 ἐκ
2450 5792 2548 5860 τῆς
2587 5792 2865 5861 ἁμαρτίας
2916 5790 3300 5861 ἀναχώρησιν,
3334 5786 3465 5855 πρὺ;
3504 5789 3567 5841 τὸ
