4224 6446
235 386 330 438 ειῦῖ

1150 388 1233 447 ῙΝ
1274 387 1514 449 EPIST.
1559 390 1616 452 S.
1653 390 1935 452 BASILII
1981 394 2417 454 CANONICAM
2464 394 2501 455 ί.

3370 393 3471 457 598

237 494 310 555 pi:
342 486 478 541 εἶναι
509 492 679 558 γάμον
711 492 802 559 τὴν
827 491 1150 562 τριγῖαμίαν,
1181 497 1432 565 ἐπήγαγε
1470 500 1564 550 καί¹
1601 498 1802 565 ταύτην
1837 529 1876 579 Α

1837 529 1876 579 Α
1908 503 2106 565 hasset,
2134 504 2430 572 trigamiam
2459 522 2561 557 non
2585 519 2704 559 csse
2731 507 3152 571 matrimonium,
3179 508 3472 572 subiunxit.

236 582 597 648 ὲπιτιμᾶσϐαι
650 583 926 650 ἀναλόγως
982 589 1048 654 τῇ
1108 588 1373 655 διγαμίᾳ·
1421 590 1496 646 ὡς
1557 590 1804 641 ἐντεῦθεν

238 673 270 721 ἀ
308 672 631 735 αῃαίνεσῦαι
661 678 752 728 καὶ
784 677 881 744 τὴν
916 679 1213 746 τριγαμίαν
1262 679 1458 747 ἐπίσης
1489 682 1552 749 τῇ
1584 681 1811 751 διγαμία

243 765 320 830 μὴ
353 766 705 830 διασπᾶσθαι,
751 769 885 821 ἀλλὰ
943 771 1319 837 ἐπιτιμᾶσθαι.
1358 771 1502 841 Ιιλὴν
1562 772 1661 839 μὲν
1714 776 1811 841 τὴν

242 856 504 922 δεγαμίαν
536 857 621 908 διὰ
645 858 736 909 δύο
764 859 922 921 ἐτῶν,
954 861 1050 926 τὴν
1078 861 1134 911 δὲ
1168 862 1467 930 τριγαμίαν
1492 862 1579 914 διὰ
1626 864 1807 917 πέντε.

244 948 525 1000 Ἰστασοαι
550 949 603 1001 δὲ
634 952 711 1012 είς
735 953 824 1002 τὸν
853 952 1017 1004 τόπον
1050 953 1160 1004 τῶν
1194 954 1560 1022 ἀκροωμένων
1590 955 1645 1005 ὲν
1669 954 1811 1006 ἔτεσι

241 1040 416 1102 τρισὶ,
469 1040 563 1091 καὶ
621 1041 758 1109 μετὰ
817 1042 995 1095 ταῦτα
1059 1044 1408 1096 συνίστασθαι
1462 1047 1571 1106 τοῖς
1603 1046 1812 1106 πιστοῖς

246 1129 437 1197 μέχρις
466 1130 591 1196 ὅλης
624 1133 938 1192 πενταετίας
966 1133 1091 1194 τοὺς
1120 1136 1447 1201 τριγάμους.
1486 1135 1593 1186 Καὶ
1622 1136 1808 1187 ἔκτοτε

244 1220 487 1295 καρποὺς
512 1220 695 1283 ἀξίους
732 1223 1171 1291 ιπιδειξαμένους
1196 1225 1297 1291 τῆς
1343 1227 1650 1293 μετανοίας.
1680 1229 1813 1279 ἀπο·

242 1309 511 1379 καθιστᾷν
564 1312 641 1372 εἰς
690 1311 779 1364 τὸν
831 1312 996 1363 τόπον
1032 1312 1129 1375 τῆς
1161 1313 1465 1373 κοινωνίας,
1520 1316 1613 1364 καὶ
1643 1315 1668 1365 ό
1716 1314 1813 1380 μὲν

242 1399 398 1463 ἅγιος
456 1400 621 1453 ταῦτα
646 1419 659 1432 ·
694 1403 720 1452 ό
752 1403 807 1453 δὲ
837 1404 999 1470 τόμος
1044 1402 1142 1469 τῆς
1179 1404 1443 1465 ἐνώσεως.
1494 1407 1521 1456 ό
1574 1402 1813 1469 γεγονὼς

243 1488 336 1539 ἐπὶ
369 1490 777 1541 Κωνσταντίνου
830 1491 923 1543 τοῦ
973 1493 1485 1560 Πορςρυρογεννήτου
1533 1493 1627 1544 καὶ
1671 1493 1809 1543 Ῥω-

250 1581 421 1649 μανοῦ
450 1600 461 1611 ·
492 1583 584 1633 τοῦ
626 1583 723 1650 μὲν
771 1583 1176 1636 Κωνσταντίνου
1210 1584 1604 1652 βασιλεύοντος,
1636 1582 1729 1635 τοῦ
1760 1583 1815 1635 δὲ

248 1673 514 1739 πενθεροῦ
541 1676 702 1726 αὐτοῦ
758 1676 1066 1744 Ῥωμανοῦ,
1100 1677 1177 1745 τῷ
1215 1677 1308 1728 τοῦ
1345 1677 1611 1745 βασιλέως
1645 1677 1817 1745 πατρὶ

246 1766 620 1834 ἑμπρέποντοε
655 1767 922 1835 ἀξιώματι
948 1769 1003 1819 ἐν
1029 1768 1137 1819 ἔτει
1172 1774 1359 1836 ςυκη’,
1413 1768 1701 1819 ίνδικτιῶνι
1742 1768 1812 1833 η’,

1911 608 2026 645 eam
2065 610 2277 661 quoque
2309 596 2477 649 instar
2501 595 2765 659 digamizr,
2815 600 3157 664 proportione
3195 601 3475 667 utriusque

1912 684 2115 745 habita,
2153 686 2350 751 puniri,
2386 697 2440 738 ιιι
2473 701 2537 739 ex
2568 688 2665 739 hoc
2702 688 2817 741 loco
2848 696 3125 755 appareat,
3150 690 3471 751 trigamiant,

1911 777 2043 829 sicut
2079 786 2128 828 et
2181 778 2489 845 digamiam,
2534 795 2638 831 non
2680 782 2939 846 separari,
2985 781 3075 833 sed
3122 782 3318 846 puniri.
3369 782 3473 832 Sed

1912 868 2197 934 digamiam
2248 867 2461 934 quidem
2502 870 2710 922 duobus
2745 870 2933 933 faunis,
3000 872 3304 939 trigamiam
3344 887 3474 923 vero

1910 958 2150 1025 quinque
2167 975 2180 1019 ;
2203 968 2344 1011 stare
2357 967 2535 1011 autem
2554 959 2604 1011 iu
2626 960 2741 1013 loco
2759 962 3090 1013 audientium
3109 962 3276 1013 tribus
3297 962 3470 1020 annis,

1913 1055 1964 1097 et
2004 1058 2189 1112 postea
2210 1061 2331 1098 cum
2361 1047 2606 1100 ﬁdelibus
2636 1049 2931 1101 consistere
2966 1051 3030 1101 ad
3050 1050 3473 1117 quinquennium

1912 1150 2084 1202 usque
2114 1134 2388 1199 trigamos,
2419 1146 2470 1189 et
2504 1138 2572 1189 ab
2602 1151 2665 1191 eo
2693 1146 2931 1204 tempore
2952 1139 3185 1192 ostensis
3212 1138 3477 1191 fructibus

1914 1226 2235 1295 paenitentia
2264 1227 2442 1295 dignis
2474 1228 2525 1279 itt
2549 1230 2943 1281 communionis
2968 1230 3144 1282 locum
3167 1231 3472 1281 restituere.

1914 1320 2086 1383 Atque
2136 1317 2249 1370 haec
2283 1320 2497 1383 quidem
2548 1328 2787 1372 sanctus.
2846 1318 3067 1373 Unionis
3106 1335 3233 1373 vero
3278 1331 3474 1378 tomus,

1913 1409 2005 1476 qui
2037 1408 2208 1462 factus
2240 1416 2329 1461 est
2350 1410 2449 1462 suh
2474 1410 2830 1464 Constantino
2861 1410 3374 1480 Porphyrogenncta
3423 1422 3476 1463 ct

1918 1497 2185 1561 Romano,
2239 1499 2597 1553 Constantino
2648 1504 2863 1569 quidem
2914 1503 3246 1569 imperante,
3291 1518 3478 1555 socero

1918 1597 2092 1641 autem
2126 1591 2241 1657 ejus
2268 1589 2509 1642 Romano
2538 1592 2707 1657 patris
2735 1593 3071 1657 imperatoris
3100 1593 3475 1645 auctoritatem

1917 1694 1978 1731 ac
2007 1679 2322 1747 dignitatem
2353 1681 2648 1743 obtinente.
2679 1698 2816 1736 anno
2842 1683 3001 1742 6428.
3032 1684 3323 1735 indictione
3357 1698 3475 1741 vnt,

1919 1778 1970 1820 et
2003 1770 2093 1835 qui
2144 1768 2369 1834 singulis
2414 1771 2575 1823 annis
2625 1770 2821 1840 legitur
2860 1771 2910 1823 in
2964 1780 3240 1839 suggestu,
3297 1784 3481 1822 mense

247 1859 348 1908 καὶ
370 1858 873 1925 ἀναγινωσκόμενος
898 1859 1127 1927 ὲτησίως
1163 1860 1247 1911 ἐπ’
1281 1859 1531 1927 ἄμϐωνος
1556 1858 1695 1910 κατὰ
1726 1859 1816 1911 τὸν
1852 1862 1892 1916 Β

1807 1876 1816 1907 ν
1852 1862 1892 1916 Β
1916 1858 2079 1922 Julio,
2107 1861 2219 1913 hrc
2254 1859 2379 1913 dicit
2408 1862 2550 1914 circa
2586 1865 2741 1914 tinent
2773 1862 3072 1929 :Deinceps
3101 1870 3282 1912 autem
3324 1873 3475 1913 com-

262 1947 482 1999 Ἰούλιον
524 1948 687 2015 μῆνα,
718 1950 841 2002 τάδε
874 1952 1002 2018 περὶ
1028 1951 1087 2001 τ’)
1115 1950 1262 2011 τέλος
1299 1950 1459 2017 φησί’
1494 1949 1599 2001 Καὶ
1633 1948 1816 2000 λοιπὸν

250 2044 673 2110 ἀποφαινόμεθα
706 2045 855 2110 κοινῇ
887 2041 1083 2113 γνώμῃ
1132 2042 1225 2093 καὶ
1278 2040 1455 2109 κρίσει
1494 2040 1600 2093 ἀπό
1631 2057 1691 2106 γε
1723 2038 1814 2091 τοῦ

248 2138 517 2205 παρόντος
548 2136 720 2198 ἔτους,
765 2136 791 2187 ὅ
833 2136 978 2185 ἐστιν
1028 2134 1144 2197 ἔτος
1177 2131 1366 2198 ςυκη’,
1425 2132 1715 2183 ίνδικτιῶνι
1744 2129 1814 2198 η’,

248 2228 512 2294 τέταρτον
544 2226 720 2291 γάμον
760 2224 949 2292 μηδενὶ
997 2222 1321 2290 τολμᾶσθαι,
1358 2221 1473 2275 ἀλλ’
1513 2216 1653 2273 εἶναι
1685 2220 1818 2272 ἀπό-

251 2318 453 2384 ϐλητον
480 2316 756 2375 παντελῶς
780 2333 793 2345 ·
828 2315 921 2367 καὶ
944 2315 1032 2367 τον
1063 2313 1117 2366 εί
1147 2330 1230 2375 τις
1258 2314 1349 2365 ἐπὶ
1376 2311 1616 2364 τοιοῦτον
1648 2310 1821 2363 ἐλθεῖν

252 2411 591 2464 συνοικέσιον
618 2407 967 2476 προθυμηοῇ,
996 2407 1177 2474 πάσης
1206 2405 1649 2473 ἀπεστερημένον
1684 2397 1822 2476 εἶναι

253 2500 529 2563 συνάξεως
565 2498 1042 2565 ὲκκλησιαστικῆς,
1080 2497 1170 2547 καὶ
1212 2495 1382 2563 αὐτῆς
1428 2495 1527 2561 τῆς
1569 2494 1704 2563 πρὸς
1728 2476 1823 2545 τὸν

256 2594 416 2658 ἅγιον
464 2590 588 2643 ναὸν
627 2589 833 2642 εἰσόδου
878 2589 1177 2656 ἀλλότριον,
1214 2587 1406 2656 μέχρις
1454 2586 1520 2648 ἂν
1570 2583 1822 2653 ἑπιμείνη

254 2683 336 2751 τῷ
364 2684 701 2751 συνοικεσῗῳ.
727 2682 899 2735 Τοῦτο
932 2681 1039 2749 γὰρ
1064 2681 1158 2733 καὶ
1186 2682 1292 2740 τοῖς
1325 2679 1427 2748 πρὸ
1459 2678 1611 2747 ἡμῶν
1648 2677 1824 2742 ἀγίοις

256 2773 407 2837 εδοξε
445 2774 705 2843 Πατρασι.
743 2772 842 2824 Καὶ
876 2773 1037 2841 ἡμεῖς
1088 2772 1143 2823 δὲ
1180 2772 1279 2839 τὴν
1341 2772 1567 2837 γνώμην
1605 2768 1827 2836 ἐκδηλο-

258 2862 428 2931 τέραν
467 2861 769 2923 ποιοῦντες.
800 2861 871 2922 ὡς
905 2861 1183 2929 ἀλλότριον
1215 2860 1375 2913 αὐτὸν
1418 2858 1516 2927 τῆς
1564 2859 1828 2920 Χριστια-

259 2953 418 3020 νικῆς
450 2953 724 3013 πολιτείας
749 2952 1223 3019 ἀποκηρύττομεν.
1266 2950 1403 3002 Ἀλλ’
1433 2948 1575 3000 οὕτω
1608 2948 1703 3015 μὲν
1733 2947 1826 2998 ἐπὶ

258 3043 355 3096 τοῦ
389 3045 649 3113 τετάρτου
689 3046 870 3113 γάμου
895 3060 907 3072 ·
942 3045 1026 3095 ἵνα
1072 3042 1127 3095 δὲ
1182 3043 1273 3095 καὶ
1300 3044 1364 3094 τα
1393 3041 1500 3093 τῶν
1528 3040 1701 3094 ἄλλων
1733 3039 1831 3105 γά-

254 3136 386 3213 μων
432 3136 929 3204 εὐσχημονέστερον
979 3133 1225 3201 τυπωθῇ,
1275 3134 1368 3184 καὶ
1419 3129 1513 3182 τοῦ
1545 3126 1654 3207 τῶν
1693 3129 1828 3197 Χρι-

261 3208 501 3281 στιανῶν
535 3228 649 3296 βίου
683 3227 755 3296 μὴ
782 3226 999 3289 ἀνάξιον
1027 3225 1127 3294 ἔχῃ
1164 3222 1265 3293 τὴν
1319 3221 1709 3291 προσαγωγὴν,
1740 3217 1832 3269 καὶ

259 3324 394 3373 περὶ
426 3319 515 3372 τοῦ
553 3321 734 3387 τρίτου
767 3319 1016 3387 ὁρίζομεν
1044 3317 1246 3383 γάμου,
1285 3314 1422 3367 ὥστε
1455 3312 1590 3382 μηδὲ
1626 3308 1830 3372 ἁπλῶς,

265 3411 407 3479 μηδὲ
442 3410 515 3471 ῶς
554 3411 761 3478 ἔτυχεν,
799 3406 1160 3461 ἐπιτελεῖσθαι
1216 3405 1363 3458 αὐτό.
1406 3403 1516 3455 Καὶ
1568 3401 1674 3469 γὰρ
1711 3415 1835 3465 συγ·

263 3502 584 3571 κεχώρηται
645 3502 745 3571 μὲν
779 3502 852 3562 ὡς
904 3501 1167 3569 ρύπασμα
1198 3500 1308 3560 τοῖς
1346 3496 1648 3566 Πατράσιν,
1680 3493 1834 3545 οὐπω

264 3593 409 3653 τότε,
450 3592 627 3655 καθὼς
659 3591 772 3654 νῦν,
801 3590 1084 3657 γινομένου
1134 3588 1229 3641 τοῦ
1262 3588 1590 3656 πράγματος
1624 3578 1835 3651 ἀπηρυὲ

269 3685 638 3755 θριασμένως,
694 3683 812 3735 οὐδὲ
864 3683 942 3744 εἰς
998 3680 1196 3755 πλάτος
1250 3679 1674 3747 ἐξηπλωμένου·
1724 3672 1839 3726 ἀλλ’

267 3774 458 3844 ὥσπερ
486 3776 536 3827 εί
579 3792 659 3835 τις
687 3776 741 3826 ἐν
765 3772 896 3841 οἴκῳ
920 3770 1372 3841 παραπεπτωκὼς
1408 3773 1463 3821 ὲν
1504 3768 1674 3837 γωνίᾳ
1710 3782 1843 3836 παρ·

269 3872 356 3941 ίδῃ
411 3866 676 3927 πολλάκις
722 3864 972 3931 κείμενον
1016 3863 1282 3931 ρὐασμα
1310 3878 1321 3890 ·
1356 3861 1449 3912 νῦν
1481 3859 1537 3911 δὲ
1572 3861 1698 3912 ὅταν
1726 3857 1834 3927 χώ-

272 3980 376 4033 ραν
411 3958 568 4027 ξλαόε
604 3957 936 4027 παρρησίας,
967 3955 1060 4007 καὶ
1088 3954 1161 4013 ὡς
1195 3954 1346 4005 οὐδὲν
1372 3952 1510 4018 ἔχων
1538 3953 1617 4012 είς
1664 3951 1839 4017 ἀσχη-

276 4054 541 4124 μοσύνην,
572 4050 691 4101 οὐδὲ
721 4048 1001 4115 ρυπαὶνων
1041 4046 1316 4113 λογίζεται
1348 4046 1409 4095 ὲκ
1446 4042 1536 4094 τοῦ
1571 4039 1844 4110 προᾶῆναι

269 4146 351 4205 είς
382 4141 719 4212 πληθυσμὸν,
752 4139 929 4201 καλῶς
982 4137 1160 4200 ἔδοξεν
1209 4132 1601 4202 ἀᾯακαθαίρειν
1638 4128 1802 4185 αὐτόν
1827 4145 1841 4158 ο

269 4238 465 4301 ῶσπερ
520 4234 610 4284 καὶ
670 4227 856 4298 αἴσιος
907 4230 1008 4281 οὐκ
1036 4229 1093 4281 ἐν
1135 4228 1308 4296 γωνίᾳ
1372 4223 1844 4293 παρερριμμένον,

270 4326 388 4381 ἀ)λ“
428 4326 519 4378 ἐπὶ
569 4324 665 4391 τῆς
714 4325 891 4382 οἰκίας
942 4320 1326 4388 ἐνηπλωμένον
1361 4314 1612 4381 οὐδαμῶς
1645 4312 1843 4379 ἐῶμεν,

273 4419 412 4471 ἀλλὰ
442 4416 796 4483 καθαίρομεν,
832 4414 921 4465 καὶ
975 4413 1036 4463 τὸ
1083 4411 1144 4462 ὲκ
1189 4411 1379 4461 τούτου
1414 4406 1573 4475 ἀηδὲς
1604 4401 1848 4457 ἀποδῶ.-

1922 1953 2066 2003 nmni
2098 1954 2368 2007 sententia
2405 1968 2465 2006 ac
2496 1954 2722 2020 judicio
2758 1958 3190 2020 pronuntiamus,
3244 1969 3308 2005 ex
3342 1966 3481 2020 prae-

1920 2042 2057 2095 senti
2084 2057 2245 2105 anno,
2267 2042 2354 2109 qui
2379 2050 2457 2096 est
2482 2043 2643 2105 6428,
2669 2043 2861 2095 indict.
2892 2057 3009 2104 νιιι,
3036 2041 3304 2095 nemiuem
3328 2054 3485 2106 opor-

1924 2142 2035 2185 tere
2060 2146 2117 2186 se
2142 2141 2337 2201 quarto
2364 2134 2710 2186 matrimonio
2734 2134 2984 2201 jungerc,
3014 2133 3105 2185 sed
3128 2146 3248 2184 esse
3266 2131 3484 2183 onmiuo

1925 2221 2277 2288 rejiciendum
2316 2238 2335 2274 ι
2380 2230 2433 2274 et
2478 2222 2522 2275 si
2566 2224 2687 2287 quis
2742 2223 2808 2274 ad
2856 2220 3119 2289 ejusmodi
3161 2218 3487 2273 connuhium

1926 2312 2107 2363 venire
2136 2310 2386 2372 voluerit,
2424 2324 2549 2363 eum
2600 2324 2720 2365 esse
2749 2310 2894 2363 omni
2942 2309 3311 2363 ecclesiastica
3358 2322 3486 2361 con-

1926 2402 2236 2470 gregatione
2280 2404 2569 2473 privatum,
2610 2413 2658 2456 et
2695 2402 2761 2455 ab
2804 2402 2922 2470 ipso
2954 2402 3006 2454 in
3048 2411 3293 2454 sanctum
3355 2410 3483 2452 tem-

1926 2492 2069 2560 plum
2103 2492 2346 2561 ingressu
2380 2493 2635 2554 alienum,
2670 2493 2839 2545 donec
2876 2493 2927 2544 in
2958 2490 3207 2558 coniugio
3237 2503 3484 2557 perman-

1927 2582 2078 2639 serit.
2116 2584 2228 2638 lioc
2263 2584 2405 2637 enim
2462 2586 2624 2638 etiam
2671 2585 2875 2637 sanctis
2914 2583 3186 2649 Patribus,
3245 2581 3337 2649 qui
3393 2594 3489 2635 nos

1928 2689 2343 2748 praecesserunt,
2369 2678 2540 2731 visum
2572 2686 2672 2731 est.
2709 2675 2819 2731 Nos
2841 2691 2965 2729 vero
2986 2677 3147 2730 etiam
3171 2674 3490 2728 sententiam

1929 2769 2255 2837 apertiorem
2284 2768 2591 2833 reddentes,
2628 2770 2804 2836 ipsum
2860 2775 2917 2820 ut
2941 2781 2968 2819 ι
2996 2767 3304 2819 Christiana
3333 2779 3496 2830 repu-

1930 2861 2067 2915 blica
2107 2862 2339 2913 alienum
2392 2861 2724 2914 ahdicamus.
2750 2862 2826 2913 Ac
2851 2860 2930 2915 sic
2962 2860 3175 2928 quidem
3205 2860 3270 2912 de
3301 2866 3495 2926 quarto

1932 2952 2302 3007 matrimonio.
2337 2952 2405 3006 Ut
2438 2961 2640 3015 autem,
2665 2967 2784 3021 quae
2832 2953 2897 3005 ad
2927 2952 3028 3005 alia
3060 2966 3273 3020 quoque
3306 2950 3495 3004 matri-

1935 3046 2113 3098 monia
2148 3045 2439 3113 pertinent,
2478 3047 2760 3100 decentius
2791 3048 3219 3109 constituantur,
3261 3054 3317 3099 et
3342 3044 3499 3099 Chri-

1935 3136 2111 3191 stiana
2135 3137 2239 3190 vita
2287 3152 2391 3191 non
2436 3137 2708 3206 indignam
2748 3137 3139 3191 institutionem
3181 3137 3398 3196 habeat,
3433 3135 3499 3188 de

1938 3230 2098 3282 tertio
2116 3244 2327 3298 quoque
2350 3228 3021 3305 inatrimoniofdennimus,
3035 3238 3091 3281 ut
3111 3242 3215 3281 non
3234 3226 3497 3288 absolute,

1936 3334 2111 3388 neque
2135 3331 2331 3374 temere
2356 3320 2684 3389 perﬁciatur.
2720 3318 2929 3373 Etenim
2951 3334 2977 3370 a
2999 3319 3247 3371 Patribus
3262 3319 3498 3385 quidem,

1938 3420 1997 3466 ut
2014 3412 2222 3476 sordes,
2249 3413 2570 3480 permissum
2593 3422 2817 3474 est,non
2839 3419 2966 3463 tunc
2986 3408 3244 3477 temporis
3260 3409 3500 3476 quidem,

1938 3502 2081 3557 sicut
2115 3518 2278 3565 nunc,
2312 3517 2368 3556 re
2392 3501 2525 3556 citra
2550 3501 2708 3555 ullam
2736 3502 2984 3554 ruborem
3012 3501 3353 3568 impudenter
3382 3513 3505 3566 per-

1941 3604 2083 3659 acta,
2110 3606 2161 3648 ct
2193 3595 2660 3649 indiscritninatim
2685 3602 2962 3647 contracta
2988 3608 3000 3644 :
3033 3592 3125 3646 sed
3154 3592 3505 3660 quemadmo-

1942 3686 2070 3739 dum
2099 3686 2142 3738 si
2167 3686 2286 3752 quis
2315 3686 2405 3751 qui
2436 3685 2486 3737 in
2515 3684 2671 3737 domo
2698 3683 2751 3737 in
2785 3682 3042 3751 angulum
3065 3682 3278 3745 incidit,
3300 3680 3504 3733 multas

1942 3790 2082 3844 saepe
2114 3775 2301 3829 sordes
2324 3775 2457 3828 sitas
2488 3773 2702 3835 viderit,
2732 3788 2871 3826 nunc
2898 3781 3077 3825 autem
3108 3770 3322 3840 quando
3344 3769 3508 3823 Iiber-

1945 3877 2108 3921 tatem
2134 3867 2358 3935 accepit,
2376 3876 2429 3920 et
2449 3865 2673 3933 perinde
2697 3880 2760 3918 ac
2782 3864 2826 3918 si
2857 3864 2990 3917 nihil
3015 3863 3208 3917 habeat
3225 3861 3508 3917 dedecoris

1947 3960 2050 4030 55
2067 3975 2166 4015 nec
2180 3959 2575 4014 contaminator
2590 3971 2653 4011 ex
2673 3972 2756 4017 eo,
2772 3957 2911 4025 quod
2928 3957 2993 4009 ad
3013 3944 3506 4022 multiplicationetn

1946 4050 2213 4117 procedit,
2240 4058 2540 4117 reputatur,
2582 4056 2728 4101 recte
2764 4046 2935 4100 visum
2980 4058 3060 4099 est
3088 4059 3207 4098 eam
3240 4058 3510 4112 repugna-

1947 4157 2046 4196 re:
2075 4140 2524 4209 quemadmodum
2583 4146 2638 4192 et
2687 4136 3069 4214 turpitudinem
3111 4150 3215 4189 non
3256 4135 3308 4188 in
3345 4150 3515 4202 angu-

1952 4234 2057 4285 lum
2088 4232 2412 4300 conjectam,
2442 4229 2534 4283 sed
2564 4229 2613 4281 in
2646 4228 2851 4281 adibus
2876 4224 3149 4288 diﬂ‘usam,
3179 4225 3325 4279 nullo
3357 4225 3516 4278 modo

1952 4323 2343 4395 permittimus,
2382 4320 2485 4374 sed
2537 4333 2910 4387 repurgamus,
2949 4327 3003 4371 et
3034 4317 3173 4385 quod
3230 4316 3515 4369 molestum

1956 4426 2039 4469 est
2089 4422 2143 4467 ct
2180 4414 2493 4467 indecorum
2537 4412 2605 4462 ab
2634 4425 2697 4463 eo
2730 4407 2999 4476 rejicimu’s
3023 4426 3036 4471 ;
3063 4418 3116 4461 et
3150 4411 3393 4460 humanae
3424 4422 3516 4459 ce—

273 4510 445 4577 λομεν
469 4525 483 4538 ·
520 4513 612 4557 καὶ¹
650 4508 712 4574 τῇ
755 4504 1071 4573 ἀνθρωπίνῃ
1106 4501 1523 4557 συνυπείκοντες
1567 4493 1849 4561 ἀσθενείᾳ,
1888 4519 1931 4574 D

1847 4535 1849 4544 ›
1888 4519 1931 4574 υ
1959 4505 2149 4557 dentes
2186 4502 2463 4563 inﬁrmati,
2493 4497 2791 4551 honestatis
2819 4506 2995 4548 autem
3033 4494 3355 4546 Christianae
3395 4492 3515 4544 vitae

273 4603 369 4654 καὶ
403 4600 500 4668 τῆς
527 4596 841 4667 πρεπούσης
869 4592 1282 4661 εὐσχημοσύνης
1308 4588 1559 4657 φροντίδα
1589 4585 1849 4651 ποιούμε-

275 4711 360 4746 νοι
394 4695 462 4761 τῇ
524 4690 883 4761 Χριστιανικῇ
946 4688 1107 4754 ζωῇ..
1136 4684 1294 4737 τοῦτο
1347 4684 1439 4735 ἐπὶ
1499 4682 1605 4733 τῶν
1652 4680 1855 4748 τρίτων

276 4788 476 4855 γάμων
528 4779 1044 4851 παραφυλάττεσθαι
1080 4778 1404 4846 διορίζομεν.
1461 4775 1647 4838 Ὥστε,
1702 4773 1753 4823 εἶ
1776 4788 1857 4832 τις

282 4878 422 4947 πρὸς
490 4873 926 4943 τεσσαρακοστὸν
972 4871 1090 4935 ἔτος
1140 4866 1531 4935 ἀναϐεϐηκὼς,
1580 4868 1671 4917 καὶ
1720 4865 1856 4933 μήτε

281 4970 381 5039 τὴν
425 4967 584 5036 φύσιν
620 4966 954 5034 αἰδούμενος,
992 4965 1127 5032 μήτε
1181 4961 1280 5027 τῆς
1325 4958 1678 5027 ὀφειλομένης
1726 4955 1859 5022 Χρι-

290 5064 529 5122 στιανοῖς
565 5060 836 5127 εὐκόσμου
868 5057 1012 5127 ζωῆς
1052 5055 1312 5125 φροντίδα
1348 5052 1691 5120 ποιούμενος,
1722 5047 1860 5101 ἀλλὰ

289 5155 460 5224 μόνης
497 5152 594 5220 τῆς
656 5148 939 5220 ὲμπαθοῦς
990 5146 1285 5215 ἐπιθυμίας
1352 5145 1669 5211 γινόμενος,
1724 5139 1859 5208 πρὸς

281 5247 469 5317 τρῖτον
502 5244 692 5297 ἑαυτὸν
729 5240 1043 5311 ὲπ·ρῤίπτει
1074 5238 1270 5307 γάμον,
1295 5236 1481 5288 τοῦτον
1511 5233 1648 5303 μετὰ
1684 5234 1861 5299 πάσης

286 5337 577 5409 ἀκριϐείας
636 5336 729 5388 καὶ
804 5333 1243 5404 παρατηρήσεως
1305 5330 1467 5397 μέχρι
1539 5324 1861 5383 πενταετίας

286 5434 560 5501 ἀμέτοχον
591 5422 726 5481 εἶναι
762 5427 863 5496 τῆς
897 5425 989 5477 τοῦ
1021 5421 1293 5491 ἀγιασμοῦ
1347 5418 1703 5489 μεταλήψεως
1724 5432 1738 5447 ο
1769 5414 1863 5467 καὶ

292 5521 561 5593 μηδαμῶς
594 5519 679 5572 ἐπ’
729 5516 878 5585 αὐτῷ
928 5514 1321 5583 συντέμνεσθαι
1382 5511 1469 5562 τον
1517 5510 1730 5578 χρόνον.
1767 5508 1864 5567 Ὃς

290 5617 400 5682 γὰρ
440 5612 580 5679 μετά
638 5606 1073 5677 τεσσαρακοστὸν
1122 5606 1240 5666 ἔτος
1276 5603 1335 5655 τὸ
1384 5604 1648 5672 ῥύπασμα
1689 5602 1744 5650 ὲν
1797 5601 1862 5667 τῇ

294 5705 387 5758 τοῦ
423 5702 661 5771 Χριστοῦ
711 5700 1012 5768 Ἐκκλησία
1060 5692 1199 5749 εἶναι
1232 5697 1265 5767 ἢ
1293 5693 1551 5759 λέγεσθαι
1582 5693 1864 5760 ἠγάπησε,

293 5798 416 5852 τίνα
455 5794 676 5866 παρέξει
719 5791 1093 5863 πληροφορίαν
1138 5789 1235 5858 τῆς
1265 5788 1393 5857 περὶ
1432 5785 1521 5838 τὸν
1556 5783 1668 5853 βίον
1701 5780 1864 5836 αὐτοῦ

1944 4592 2327 4647 convenientis
2366 4604 2547 4643 curam
2595 4594 2865 4653 gerentes,
2895 4584 2995 4637 hoc
3029 4582 3079 4635 in
3121 4582 3293 4634 tertiis
3325 4580 3523 4647 nuptiis

1956 4686 2278 4739 servandum
2305 4680 2614 4734 statuimus.
2658 4676 2727 4732 Ut
2752 4677 2795 4731 si
2833 4677 2978 4745 Quis,
3025 4676 3112 4743 qui
3144 4688 3341 4725 annum
3386 4686 3520 4738 qua-

1957 4776 2316 4844 dragesimqu
2349 4773 2658 4835 excesserit,
2703 4779 2757 4822 et
2805 4782 2901 4821 nec
2938 4775 3185 4819 naturam
3218 4764 3478 4817 reveritus
3502 4802 3516 4824 ,

1959 4884 2056 4920 nec
2090 4864 2499 4926 honest-cvitas,
2524 4875 2641 4929 qum
2663 4874 2690 4912 a
2717 4857 3040 4913 Christianis
3077 4857 3323 4916 dehetur,
3359 4854 3522 4905 ullam

1959 4975 2152 5015 curam
2176 4973 2389 5028 gerens,
2420 4956 2511 5010 sed
2559 4955 2671 5009 sola
2722 4951 2960 5007 libidinis
3001 4949 3410 5033 perturbatione
3444 4946 3526 4997 vi-

1960 5062 2099 5117 ctus,
2156 5065 2213 5104 se
2264 5051 2315 5103 in
2369 5049 2584 5102 tertium
2644 5043 3044 5099 matrimonium
3102 5038 3423 5110 projecerit,
3484 5036 3530 5087 is

1962 5157 2081 5195 cum
2112 5140 2255 5191 omni
2298 5137 2573 5207 diligentia
2619 5145 2673 5190 et
2704 5133 3083 5189 observatione
3133 5131 3205 5185 sit
3248 5142 3423 5196 usque
3465 5126 3529 5178 ad

1964 5230 2396 5300 quinquennium
2455 5226 2780 5281 sacramenti
2838 5220 3239 5279 communionis
3310 5218 3531 5270 minium

1966 5322 2255 5390 particeps,
2290 5330 2468 5373 etnec
2514 5318 2611 5372 hoc
2651 5327 2855 5384 tempus
2900 5314 2975 5369 illi
3019 5311 3392 5366 contrahatur.
3430 5305 3531 5370 Qui

1965 5412 2105 5467 enim
2150 5419 2269 5479 post
2311 5425 2511 5463 annum
2560 5406 3031 5477 quadragesimum
3075 5404 3128 5456 in
3174 5398 3373 5454 Christi
3432 5395 3531 5448 Ec.-

1966 5504 2129 5558 clesia
2165 5515 2285 5555 esse
2322 5502 2403 5555 vel
2451 5500 2555 5554 dici
2583 5499 2804 5562 amavit,
2839 5495 2980 5567 quod
3013 5492 3250 5547 melioris
3285 5490 3406 5541 vita:
3444 5499 3534 5537 ar-

1969 5602 2282 5664 gumentum
2325 5592 2576 5661 prrebebit
2601 5630 2614 5653 ,
2666 5599 2887 5659 propter
2923 5587 3068 5655 quod
3099 5592 3312 5650 tempus
3351 5588 3539 5632 sacrae

1971 5695 2271 5739 mentorum
2289 5680 2710 5751 participationis
2727 5679 2775 5733 ci
2799 5672 3174 5731 contrahatur?
3196 5670 3297 5723 Sed
3321 5675 3373 5721 et
3397 5672 3538 5734 post-

1970 5793 2129 5849 quam
2151 5774 2428 5847 impolluta
2452 5771 2863 5845 participatione
2888 5769 3079 5837 dignus
3116 5764 3332 5818 habitus
3355 5754 3542 5818 fuerit,
