4224 6446
726 397 827 457 599

1980 387 2255 447 ΤΙΙΕΟῙ).
2300 384 2695 444 BALSAMON

3868 362 3980 425 500

723 530 829 567 non
868 510 968 565 erit
1012 510 1058 563 ei
1103 508 1419 580 permissum
1465 507 1516 560 in
1567 506 1670 559 alio
1710 514 1949 572 tempore
1994 503 2059 557 ad
2085 502 2299 571 partieio
2326 503 2371 562 Λ

2419 504 2680 573 ςπουδῆς,
2735 504 2800 556 δι’
2855 500 2920 569 ἣν
2964 499 2991 550 ὁ
3046 496 3235 566 χρόνος
3290 492 3384 560 τῆς
3442 485 3797 559 camuri/3m;
3860 484 3974 533 τῶν

724 608 990 673 nationem
1037 604 1330 665 accedere,
1366 616 1525 670 quam
1582 602 1631 652 in
1680 599 1789 653 sola
1833 596 2057 650 salutari
2090 594 2293 648 ChriSIi

724 706 777 748 et
834 692 1044 749 Domini
1097 694 1265 745 nostri
1325 691 1747 753 resurrectione,
1784 696 2001 755 propter
2039 698 2296 753 repurgao

728 788 964 851 tionem,
1015 794 1071 838 ιιι
1119 783 1374 853 possibile
1422 792 1534 844 est,
1584 794 1647 833 ex
1691 780 2026 848 praecedente
2068 776 2299 843 jejunio»

728 892 845 929 rum
865 876 1213 929 abstinentia.
1238 872 1360 927 liarc
1377 882 1552 925 autem
1572 872 1821 932 dicimus,
1844 869 2058 938 quando
2078 866 2298 935 exiprioo

729 966 875 1019 ribus
898 965 1259 1018 matrimoniis
1284 979 1385 1016 non
1409 962 1608 1016 fuerint
1634 960 1783 1014 liberi
1817 959 2013 1026 Iis,’qui
2048 966 2165 1025 post
2197 972 2295 1009 au-

731 1070 858 1106 uum
891 1055 1366 1123 quadragesimum
1392 1052 1604 1107 tertiam
1636 1064 1863 1103 uxorem
1896 1049 2094 1102 dueere
2120 1046 2298 1100 volue-

732 1146 880 1197 rint:
925 1158 1046 1195 nam
1098 1143 1143 1196 si
1199 1142 1401 1195 liberos
1450 1141 1760 1203 habuerint,
1818 1138 1895 1192 eis
1940 1137 2084 1191 nullo
2136 1136 2296 1189 modo

729 1235 945 1288 tertium
981 1233 1312 1301 permittitur
1356 1232 1787 1285 matrimonium.
1832 1229 1926 1284 Est
1962 1230 2107 1282 enim
2145 1228 2298 1281 valde

729 1330 969 1399 iniquum
988 1328 1375 1396 intempestivzn
1395 1326 1601 1381 libidini
1620 1324 1914 1394 indulgere.
1940 1323 2178 1391 priorum
2204 1334 2299 1371 au-

726 1430 833 1473 tem
883 1420 1345 1473 matrinmninrum
1371 1418 1557 1472 liberis
1598 1432 1703 1470 non
1729 1415 2075 1483 prospicere,
2112 1420 2167 1464 ιιι
2193 1410 2301 1463 sint

730 1512 925 1575 securi,
962 1519 1013 1564 et
1043 1526 1069 1562 a
1097 1509 1343 1563 molestia
1384 1519 1437 1563 et
1467 1508 1873 1577 perturbatione
1919 1504 2134 1561 remoti,
2171 1512 2225 1555 et
2269 1516 2298 1553 a

731 1602 974 1670 reliquis,
1009 1616 1129 1668 qua:
1161 1601 1335 1655 solent
1362 1600 1582 1653 evenire
1613 1597 1921 1651 hominibus
1964 1610 2027 1648 ex
2067 1594 2299 1647 ﬁliorum

732 1694 1021 1746 multorum
1064 1692 1425 1759 susceptione.
1456 1689 1607 1755 Quod
1649 1689 1692 1743 si
1737 1686 1853 1755 quis
1882 1684 2101 1753 triginta
2132 1695 2303 1735 annos

732 1792 911 1848 natus,
952 1789 1005 1835 et
1029 1797 1093 1835 ex
1126 1782 1399 1851 prioribus
1433 1779 1789 1834 matrimoniis
1834 1777 2036 1830 habens
2080 1773 2300 1834 liberos,

732 1876 907 1929 tertiae
944 1874 1159 1927 mul’eri
1206 1871 1528 1939 coniunctus
1561 1870 1744 1928 fuerit,
1798 1871 1840 1921 is
1884 1882 2124 1936 quoque,
2158 1864 2300 1916 nulla

732 1966 779 2019 ei
814 1966 965 2018 venia
1003 1967 1147 2027 data,
1190 1965 1256 2017 ad
1282 1974 1532 2031 quartum
1579 1975 1749 2028 usque
1795 1972 1991 2011 annum
2060 1969 2305 2008 commu-

735 2059 911 2111 nionis
939 2065 1404 2117 sacramentorum
1451 2054 1523 2106 sit
1564 2067 1777 2121 expers,
1804 2051 1927 2119 quia
1955 2046 2302 2100 manili-stum

733 2157 817 2201 est
860 2163 981 2201 eum
1035 2147 1147 2200 sola
1198 2142 1609 2212 intemperantia
1647 2151 1885 2201 motum,
1940 2149 1993 2193 et
2046 2138 2188 2205 quod
2237 2137 2307 2189 sit

736 2239 967 2293 carnalis
1007 2238 1250 2291 libidinis
1295 2251 1509 2296 servus,
1550 2234 1614 2287 ad
1659 2234 1757 2286 huc
1793 2248 1853 2285 se
1900 2229 2303 2284 matrimonium

736 2328 983 2383 conferre
1016 2344 1029 2381 :
1067 2338 1118 2381 et
1158 2335 1441 2396 postquam
1464 2325 1627 2379 etiam
1661 2332 2125 2376 sacramentorum
2152 2317 2310 2386 parti-

736 2420 1064 2490 cipationem
1112 2428 1391 2474 assecutus
1428 2426 1532 2479 est,
1560 2426 1638 2469 ter
1664 2423 1868 2468 tantum
1912 2413 1963 2465 in
2001 2427 2143 2464 anno
2172 2411 2307 2463 frui-

739 2513 881 2567 tione
931 2511 1128 2580 dignus
1167 2509 1483 2564 habebitur:
1524 2507 1691 2560 semel
1725 2506 1938 2573 quidem
1984 2504 2035 2557 in
2083 2503 2307 2557 salutari

737 2603 935 2656 tlhristi
963 2612 1017 2655 et
1051 2600 1261 2654 Domini
1292 2600 1460 2653 nostri
1493 2596 1932 2659 resurrectione;
1962 2594 2197 2649 secundo
2218 2607 2309 2643 au-

741 2703 847 2746 tem
902 2693 954 2745 in
1010 2692 1332 2745 dormitione
1386 2690 1745 2743 immaculata:
1809 2686 2051 2739 Domina!
2116 2692 2313 2737 nostra:

743 2781 1020 2849 Deiparze:
1071 2788 1126 2833 et
1168 2779 1324 2833 tertio
1372 2778 1425 2830 in
1459 2777 1618 2830 natali
1651 2775 1854 2829 Christi
1912 2782 1965 2826 et
1994 2772 2087 2826 Dei
2116 2770 2308 2832 nostri,

738 2874 879 2940 quod
905 2872 958 2925 in
996 2871 1079 2925 his
1109 2874 1371 2939 prmcedat
1406 2868 1696 2937 jejunium.
1720 2875 1775 2921 et
1807 2865 1925 2935 ejus
1951 2862 2153 2917 utilitas
2183 2880 2195 2915 :
2226 2860 2308 2915 sin

739 2972 917 3017 autem
953 2978 1058 3017 non
1087 2962 1365 3029 supersint
1406 2960 1595 3021 liberi,
1642 2957 1769 3025 quia
1799 2955 2092 3010 liberorum
2127 2966 2313 3007 susce-

738 3058 974 3124 ptionem
1003 3055 1312 3109 desiderare
1372 3067 1477 3106 non
1521 3062 1605 3106 est
1649 3050 1923 3117 indignum
1956 3047 2146 3112 venia;
2185 3055 2311 3098 tunc

740 3149 846 3201 tale
874 3147 1278 3201 matrimonium
1309 3146 1464 3199 venia
1497 3141 1718 3212 dignum
1741 3138 2093 3209 judicabitttr,
2124 3136 2308 3190 etsola

738 3256 801 3292 ea
847 3253 1030 3309 pruna,
1064 3252 1183 3303 quae
1229 3237 1296 3290 ab
1330 3236 1487 3290 initio
1529 3244 1583 3289 et
1632 3235 1909 3297 hucusque
1959 3237 2171 3287 servata
2206 3235 2309 3289 cst,

740 3331 1043 3390 sanabitur.
1083 3328 1209 3384 llzee
1241 3329 1403 3383 etiam
1441 3327 1505 3381 de
1535 3325 1693 3378 tertio
1726 3321 2097 3377 matrimonio.
2134 3318 2316 3385 Atque

742 3440 838 3479 nec
860 3421 1158 3479 secundum
1181 3461 1196 3485 ,
1261 3435 1361 3474 nee
1391 3419 1625 3486 primum
1659 3415 1861 3483 absque
1908 3412 2163 3467 cautione
2190 3410 2314 3461 data

744 3514 1119 3582 relinquimus,
1154 3512 1246 3564 sed
1285 3519 1339 3563 et
1381 3510 1470 3563 illa
1507 3508 1587 3561 sic
1620 3504 1869 3561 contrahi
1902 3501 2214 3562 statuimus,
2261 3504 2319 3549 ut

745 3605 943 3657 nullam
991 3601 1187 3656 malam
1237 3612 1451 3651 causam
1489 3594 1742 3655 habeant,
1782 3591 1863 3645 vel
1895 3605 1960 3642 ex
2004 3595 2186 3655 raptu,
2235 3585 2318 3637 vel

743 3710 808 3747 ex
842 3691 1181 3758 praecedente
1202 3684 1541 3742 clandestino
1572 3681 1895 3742 concubitu;
1922 3678 2014 3733 sed
2049 3677 2316 3747 legitime,

742 3796 797 3839 et
829 3785 896 3840 ab
929 3783 1015 3842 iis.
1046 3781 1139 3851 qui
1175 3780 1239 3833 ab
1266 3777 1527 3847 eiusmodi
1554 3772 1975 3843 inquinamentis
2002 3779 2056 3825 et
2082 3768 2321 3822 fornica-

748 3877 884 3932 toria
924 3873 1236 3943 impuritate
1265 3870 1452 3924 mundi
1479 3878 1622 3923 sunt.
1646 3865 1701 3919 Si
1722 3864 1844 3932 quis
1869 3878 2019 3931 ergo,
2052 3859 2322 3927 prmdirtis

746 3964 1229 4022 constitutionibus
1272 3959 1557 4029 neglectis,
1603 3957 1668 4010 ad
1718 3954 2049 4009 matrimonii
2093 3966 2321 4006 consue-

750 4058 987 4111 tudinem
1036 4056 1266 4125 primam
1323 4051 1407 4105 vel
1452 4049 1742 4106 secundam
1791 4044 2151 4114 processerit,
2196 4056 2319 4095 eum

748 4147 951 4203 Christi
984 4145 1249 4201 Ecclesia.
1284 4156 1404 4211 qua:
1434 4150 1520 4195 est
1555 4152 1709 4207 pura,
1741 4134 2083 4188 immaculata
2114 4142 2167 4186 et
2207 4132 2324 4185 sine

750 4254 882 4308 ruga
918 4278 932 4303 ,
995 4234 1331 4289 salutaribus
1374 4227 1867 4288 exatninationihus
1910 4223 2169 4292 subjicit,
2226 4237 2324 4275 nec

748 4331 897 4399 prius
940 4327 1006 4379 ad
1055 4326 1363 4379 divinorum
1423 4318 1806 4389 mysteriorum
1854 4313 2321 4382 participationem

747 4419 1031 4475 admittet.
1078 4428 1243 4482 quam
1291 4421 1503 4478 tempus
1556 4408 1606 4459 in
1639 4404 1999 4460 fornicatione
2044 4400 2323 4454 deﬁnitum

750 4510 921 4577 ipsum
972 4505 1255 4573 diligenter
1277 4496 1579 4566 explevisse
1606 4494 1850 4549 didicerit
1880 4492 2005 4561 (nisi
2052 4489 2191 4544 forte
2228 4503 2324 4541 ne.-
2358 4509 2401 4563 ο

746 4598 1018 4653 cessarius
1040 4596 1191 4648 evita
1212 4602 1471 4646 excessus
1499 4584 1737 4654 urgeat),
1759 4583 1926 4636 donec
1944 4581 2147 4635 scilicet
2164 4580 2327 4645 septi-

749 4704 872 4744 mus
895 4701 1067 4741 annus
1088 4682 1389 4751 completus
1413 4679 1597 4732 fuerit.
1620 4675 1886 4730 Sacerdos
1909 4672 2206 4739 autem,qui
2235 4686 2299 4721 au
2317 4694 2330 4709 -

748 4796 842 4835 sus
861 4778 1043 4840 fuerit,
1063 4783 1255 4845 praeter
1276 4770 1326 4825 id
1346 4769 1488 4839 quod
1508 4775 1768 4820 statutum
1789 4773 1889 4825 est,
1916 4765 2093 4816 divina
2112 4759 2350 4829 panici--

751 4870 968 4937 patione
1008 4866 1240 4932 aliquem
1273 4859 1535 4932 ejusmodi
1563 4857 1794 4926 dignari,
1817 4856 1884 4909 de
1917 4852 2136 4923 proprio
2159 4851 2327 4917 gradu

750 4962 804 5013 in
831 4956 1129 5027 perieulum
1150 4954 1329 5007 veniet
1347 4968 1363 5018 ;
1384 4965 1451 5006 eo
1468 4948 1735 5009 videlicet,
1768 4944 1857 5013 qui
1884 4950 2080 5012 praeter
2096 4938 2327 4992 formam

752 5052 1135 5105 communione
1164 5044 1363 5113 dignus
1402 5048 1485 5096 est
1515 5041 1754 5101 habitus,
1789 5037 1854 5089 ad
1884 5030 2328 5089 excommunica-

758 5145 960 5197 tionem
996 5141 1189 5195 iterum
1216 5138 1456 5199 redacto,
1487 5146 1661 5201 usque
1686 5131 1752 5183 ad
1788 5129 2001 5196 septimi
2030 5127 2154 5181 anni
2188 5138 2329 5180 com-

754 5234 1127 5303 plementum-
1160 5228 1265 5283 Sed
1317 5227 1433 5280 haec
1462 5225 1701 5293 quidem,
1730 5232 1787 5275 ιιι
1812 5231 2088 5275 ostensum
2126 5227 2232 5281 est,
2264 5215 2331 5267 ab

756 5327 824 5380 iis
848 5325 939 5393 qui
977 5323 1105 5377 olim
1152 5321 1509 5388 imperavere,
1559 5313 1703 5368 facta
1754 5322 1899 5366 sunt.
1948 5309 2103 5363 Nune
2147 5318 2326 5361 autem

754 5415 933 5469 Patris
963 5425 1016 5469 et
1048 5412 1166 5466 Filii
1200 5419 1253 5464 et
1274 5408 1458 5464 sancti-
1484 5407 1722 5476 Spiritus
1758 5403 2098 5471 beneplacito
2129 5412 2176 5454 et
2210 5417 2329 5468 gra-

756 5506 852 5569 tia,
884 5516 939 5560 et
965 5502 1272 5572 purissimis
1300 5500 1505 5569 Deique
1529 5496 1714 5552 Matris
1736 5494 1843 5566 56
1872 5504 1926 5548 et
1958 5493 2135 5562 magni
2169 5492 2329 5546 emle-

753 5598 854 5652 ειίς
879 5598 1081 5650 militia:
1106 5591 1375 5662 Principis
1400 5588 1896 5650 intercessionibus,
1923 5600 2017 5639 eos
2047 5586 2136 5652 qui
2165 5598 2329 5636 noua-

752 5690 895 5754 ginta
921 5694 1044 5737 ante
1066 5684 1223 5737 annis
1246 5697 1343 5749 pro
1363 5696 1525 5735 causa
1549 5689 1603 5733 et
1625 5677 1912 5733 occasione
1939 5677 2086 5741 prius
2110 5684 2326 5727 ostensa

750 5777 960 5845 abrupti
988 5786 1141 5830 erant
1170 5774 1506 5837 sacerdotes,
1548 5777 1602 5827 c't
1643 5768 1965 5829 monachos,
1993 5766 2266 5836 egregium
2298 5780 2324 5817 ιι

2400 604 2762 671 ἁγιασμάτων
2786 598 2935 667 αὐτῷ
2977 593 3463 661 συντμηθήσεταις
3510 584 3668 636 Ἀλλὰ
3696 582 3787 634 καὶ
3834 580 3976 646 μετά

2398 702 2458 753 τὸ
2486 698 2786 763 ἀξιωθῆναι
2825 694 2921 761 τῆς
2971 690 3242 759 ἀχράντου
3290 678 3653 751 μεταλήψεως
3688 675 3787 727 οὐκ
3819 674 3977 723 ἔσται

2400 789 2898 859 συγκεχωρημένον
2939 785 3088 849 αὐτῷ
3124 784 3179 833 ὲν
3200 778 3345 846 ἄλλῳ
3374 772 3552 841 καιρῷ
3574 774 3638 839 τῇ
3672 765 3979 835 μεταλήψει

2401 885 2687 953 προσιέναι
2746 881 2776 949 ἦ
2838 882 2896 931 ὲν
2967 876 3101 944 μόνῃ
3152 875 3214 937 τῇ
3278 867 3531 935 σωτηρίῳ
3596 862 3691 914 τοῦ
3736 854 3977 927 Χριστοῦ

2400 982 2494 1031 καὶ
2525 976 2661 1029 Θεοῦ
2695 973 2855 1043 ἡμῶν
2892 967 3187 1023 ἀναστάσει
3217 962 3303 1017 διὰ
3339 961 3439 1030 τὴν
3468 960 3529 1009 ὲκ
3556 958 3654 1022 τῆς
3692 967 3974 1021 προηγουο

2403 1072 2569 1139 μένης
2601 1065 2930 1133 ἐγκρατείας
2962 1059 3073 1110 τῶν
3108 1053 3396 1122 νηστειῶν.
3431 1048 3505 1109 ὡς
3557 1044 3805 1100 δυνατὴν,
3842 1041 3980 1091 άντ-

2400 1162 2687 1227 κάθαρσιν.
2736 1155 2922 1207 Ταῦτα
2962 1151 3018 1204 δέ
3077 1164 3279 1215 φαμεν,
3325 1145 3451 1195 ὅταν
3502 1139 3576 1207 μὴ
3621 1138 3790 1188 τέκνα
3828 1132 3980 1197 παυῇ

2400 1258 2463 1307 ὲκ
2490 1252 2599 1303 τῶν
2633 1250 2916 1319 προτέρων
2951 1245 3148 1311 γάμων
3204 1243 3315 1299 τοῖς
3350 1239 3449 1305 ἥδη
3498 1232 3635 1302 μετὰ
3668 1228 3729 1280 τὸ
3780 1242 3985 1278 τεσσα-

2406 1345 2671 1415 ρακοστὸν
2715 1343 2831 1403 ἔτος
2878 1339 3070 1408 τρίτην
3126 1334 3358 1401 ἄγεσθαι
3418 1324 3832 1398 προῃρημένοις
3880 1334 3983 1382 γυ-

2401 1441 2564 1491 ναῖκα
2586 1455 2599 1468 ο
2634 1435 2778 1497 ἐπεὶ,
2814 1433 2909 1484 ἐάν
2939 1428 3105 1483 τέκνα
3143 1427 3315 1494 παρῇ.
3351 1419 3743 1487 ἀσυγχώρητοε
3795 1412 3984 1469 αὐτοῖς

2403 1535 2435 1592 ἡ
2469 1529 2761 1601 τριγαμία.
2812 1526 2947 1579 Δίαν
3004 1520 3114 1589 γάρ
3165 1522 3281 1572 ἐστι
3334 1515 3519 1569 ἄδικον
3563 1510 3655 1562 τὸν
3700 1509 3799 1576 μὲν
3830 1504 3987 1573 χαρί-

2404 1626 2592 1689 ζεσθαι
2623 1625 2687 1690 τῇ
2723 1620 2909 1688 ὲξὼρῳ
2943 1614 3234 1683 ἐπιθυμίᾳ.
3277 1612 3390 1670 τοῖς
3422 1607 3478 1660 δὲ
3510 1605 3665 1659 παισὶ
3699 1602 3811 1652 τῗνν
3845 1616 3986 1665 προ-

2406 1720 2577 1787 τέρων
2607 1715 2799 1782 γάμων
2837 1710 2911 1779 μὴ
2946 1706 3291 1775 προνοεῖσθαι
3324 1703 3385 1755 τὸ
3430 1698 3667 1764 ἀσφαλὲς
3714 1695 3809 1747 καὶ
3857 1693 3990 1745 ἄλυ-

2339 1833 2379 1890 B
2410 1826 2510 1861 πον
2557 1808 2651 1859 καὶ
2688 1805 2987 1871 ἀτάραχον,
3018 1801 3111 1853 καὶ
3157 1800 3257 1852 ὅσα
3316 1796 3375 1849 τὸ
3425 1792 3769 1861 ἀνθρώπινον
3817 1803 3990 1838 κατα-

3540 1885 3551 1890 -
3778 1880 3819 1890 -.
3868 1878 3880 1890 .
3974 1873 3990 1890 .

2408 1899 2678 1968 λαμϐάνει
2717 1898 2780 1949 ὲκ
2835 1895 2934 1962 τῆς
2982 1891 3329 1959 πολυσπόρου
3391 1885 3727 1937 τεκνώσεως.
3778 1878 3891 1930 Καὶ
3941 1873 3994 1925 εἴ

2410 2008 2492 2051 τις
2524 1989 2579 2042 δὲ
2617 1983 3051 2055 τριακονταετὴς
3106 1980 3204 2041 ὢν,
3257 1977 3352 2030 καὶ
3404 1976 3570 2027 τέκνα
3605 1972 3742 2039 ἔχων
3771 1970 3836 2018 ἐκ
3879 1965 3991 2017 τῶν

2413 2082 2800 2153 προλαϐόντων
2859 2078 3075 2144 γάμων,
3126 2073 3288 2141 τρίτη
3343 2067 3563 2133 γυναικὶ
3622 2062 3988 2115 συνάπτοιτο,

2411 2179 2505 2229 καὶ
2532 2168 2687 2235 οὗτος
2731 2168 3125 2237 άσυγχῶρητος
3165 2164 3328 2231 μέχρι
3378 2160 3640 2223 τετάρτου
3683 2154 3838 2203 ἔτους
3888 2149 3991 2212 τῆς

2412 2263 2696 2322 κοινωνίας
2745 2262 2854 2314 τῶν
2907 2254 3265 2325 άγιασμάτων
3309 2251 3574 2317 ἀμέτοχος
3620 2244 3771 2295 ἔσται
3803 2257 3818 2271 ο
3857 2239 3990 2291 διότι

2412 2357 2573 2425 δῆλός
2608 2357 2755 2408 ἔστιν
2800 2353 2857 2416 ἐξ
2898 2350 3113 2409 οὐδενος
3140 2348 3327 2413 ἑτέρου
3362 2340 3477 2393 ἀλλ’
3511 2338 3541 2405 ἦ
3573 2333 3676 2388 ὑπὸ
3713 2330 3991 2399 ἀκρασίας

2413 2449 2754 2517 κινούμενος,
2788 2446 2881 2497 καὶ
2917 2439 3011 2495 τοῦ
3063 2438 3248 2491 δοῦλον
3284 2431 3425 2487 εἶναι
3473 2427 3743 2497 σαρκικῆς
3796 2420 3992 2473 ἐπιθυ-

2418 2546 2544 2613 μίας
2575 2508 2668 2593 επὶ
2713 2508 2802 2590 τὸν
2849 2532 3087 2588 τοιοῦτον
3134 2528 3311 2596 γάμον
3356 2522 3528 2575 ἐλθεῖν
3586 2516 3694 2568 Καὶ
3741 2511 3884 2581 μετὰ
3937 2508 3995 2559 τδ

2412 2601 2598 2705 τυχεῖν
2633 2634 2687 2685 δὲ
2723 2631 2821 2699 τῆς
2852 2622 3208 2697 μεταλήψεως
3240 2617 3346 2670 τῶν
3378 2610 3711 2705 μυστηρίων,
3740 2608 3872 2705 τρὶς
3900 2601 3993 2705 to?

2427 2688 2435 2689 ί
2486 2688 2513 2705 Λ
2778 2688 2814 2699 ι-
2852 2688 2863 2697 1
3048 2688 3053 2690 ν
3076 2688 3085 2690 ε

2416 2722 2659 2779 ἐνιαυτοῦ
2691 2721 2854 2789 μόνου
2904 2713 3271 2782 ἀξιωθήσεται
3306 2705 3405 2774 τῆς
3440 2697 3815 2757 ἀπολαύσεως,
3848 2688 3999 2752 ἅπαξ

2419 2819 2517 2887 μὲν
2563 2818 2622 2868 ὲν
2792 2808 3046 2877 σωτηρίῳ
3095 2803 3192 2856 τοῦ
3244 2795 3485 2869 Χριστοῦ
3521 2793 3616 2846 καὶ
3666 2786 3803 2842 Θεοῦ
3838 2785 4001 2855 ἡμῶν

2415 2882 2736 2969 άναστάσει,
2761 2902 3015 2971 δεύτερον
3038 2899 3093 2951 δὲ
3122 2899 3180 2949 ἐν
3210 2895 3275 2963 τῇ
3311 2890 3579 2960 κοιμήσει
3600 2887 3700 2953 τῆς
3723 2882 3999 2951 ἁχραντου

2414 3000 2701 3069 δεσποίνης
2729 2997 2892 3065 ἡμῶν
2919 2991 3206 3047 Θεοτὸκου,
3231 2986 3325 3039 καὶ
3353 2983 3537 3050 τρίτον
3565 2980 3623 3030 ὲν
3650 2978 3711 3044 τῇ
3738 2971 4003 3041 γενεθλίῳ

2418 3096 2601 3165 ἡμέρᾳ
2629 3066 2723 3143 τοῦ
2754 3085 2992 3156 Χριστοῦ
3043 3084 3139 3136 καὶ
3182 3079 3315 3133 Θεοῦ
3362 3076 3542 3146 ἡμῶν,
3575 3072 3662 3124 διὰ
3694 3068 3755 3120 τὸ
3796 3066 3895 3117 καὶ
3946 3066 4003 3115 ὲν

2340 3169 2383 3227 C
2422 3157 2645 3246 ταύταις
2687 3179 3052 3251 προηγεῖσθαι
3104 3162 3384 3243 νηστείαν,
3421 3167 3514 3220 καὶ
3570 3162 3631 3215 τὸ
3687 3162 3749 3213 ἐκ
3793 3157 4007 3225 ταύτης

2420 3279 2631 3347 ὃφε).ος.
2670 3277 2735 3331 El
2766 3274 2822 3328 δὲ
2855 3272 3041 3331 παῖδες
3080 3268 3152 3337 μὴ
3179 3263 3471 3332 περίεισιν,
3505 3255 3695 3323 ἐπειδὴ
3724 3252 3783 3305 τὸ
3815 3265 4007 3301 ramo-

2420 3371 2604 3439 γονίας
2650 3366 2939 3433 ἐπιθυμεῖν
2982 3362 3083 3413 οὐκ
3121 3357 3543 3422 ἀσύγγνωστον,
3596 3347 3660 3399 τὸ
3699 3340 4007 3411 τηνικαῦτα

2423 3461 2759 3530 συγγνώμης
2807 3454 3175 3523 ἀξιωθήσεται.
3237 3451 3264 3501 ὁ
3320 3443 3563 3504 τοιοῦτος
3618 3441 3796 3506 γάμος
3829 3476 3844 3494 ,
3914 3430 4008 3484 καὶ

2424 3556 2570 3623 μόνῳ
2606 3553 2685 3621 τῷ
2732 3548 2970 3618 ἑξαρχῆς
3012 3544 3104 3597 καὶ
3157 3541 3319 3611 μέχρι
3368 3537 3462 3590 τοῦ
3515 3534 3610 3585 νῦν
3660 3531 4009 3598 κρατήσαντι

2423 3618 2685 3712 επιτ-ιμίω
2757 3637 3251 3710 θεραπευθήσεται.
3316 3629 3501 3682 Ταῦτα
3563 3625 3660 3692 μὲν
3725 3620 3821 3672 καὶ
3882 3618 4009 3683 περὶ

2422 3736 2605 3806 τρίτου
2637 3736 2840 3802 γάμου.
2876 3728 2951 3781 Οὐ
2993 3727 3099 3795 μὴν
3148 3722 3269 3775 οὐδὲ
3316 3718 3407 3771 τὸν
3448 3714 3724 3781 δεύτερον,
3760 3708 3888 3760 οῦδὲ
3922 3706 4011 3757 τον

2428 3802 2642 3897 πρῶτον
2690 3824 2849 3883 ὲκτδς
2895 3818 3197 3887 ἀσφαλείας
3248 3812 3467 3880 ἐῶμεν·
3519 3806 3659 3861 ἀλλὰ
3714 3802 4012 3859 κάκείνους

2427 3921 2679 3992 ὁρίζομεν
2733 3917 2877 3969 οὕτω
2928 3909 3305 3969 συνίστασθαι,
3340 3904 3481 3957 ὥστε
3540 3895 3816 3967 μηδεμίαν
3868 3895 4010 3960 ἔχειν

2432 3986 2673 4080 πονηράν
2709 4007 2889 4060 αἰτίαν
2913 4005 2967 4075 ἢ·
2989 4002 3048 4067 ἐξ
3078 3999 3337 4070 ἁρπαγῆς
3370 3995 3403 4065 ἢ
3440 3996 3499 4059 ἐξ
3542 3986 4015 4058 προηγησαμένης

2428 4079 2687 4172 λαθραίου
2724 4100 2953 4168 φθορᾶς,
2991 4094 3127 4149 ἀλλά
3154 4090 3403 4161 νομίμως
3436 4086 3531 4139 καὶ
3559 4079 4015 4150 καθαρῤευόντως

2427 4198 2536 4249 τῶν
2580 4194 2842 4246 τοιούτων
2903 4186 3267 4258 μολυσμάτων
3300 4181 3394 4234 καὶ
3456 4174 3722 4246 πορνικῆς
3768 4172 4019 4237 ἀκαθαρ-

2429 4291 2573 4350 σίας.
2628 4286 2693 4338 Ei’
2748 4301 2832 4347 τις
2894 4281 3009 4343 οὖν,
3060 4278 3169 4330 τῶν
3238 4271 3546 4344 εἰρημένων
3589 4266 4020 4335 καταφρονήσας

2430 4384 2641 4440 τύπων,
2678 4376 2815 4443 πρὸς
2858 4372 3103 4441 γαμικὴν
3132 4368 3348 4437 ὁμιλίαν
3385 4362 3609 4432 πρώτην
3659 4361 3689 4427 ἦ
3749 4358 4018 4424 δευτέραν

2436 4469 2692 4538 συνέλθῃ,
2730 4464 2920 4517 τοῦτον
2951 4465 2981 4533 ἡ
3010 4461 3102 4516 τοῦ
3132 4457 3373 4529 Χριστοῦ
3402 4447 3700 4515 Ἐκκλησία
3728 4449 3762 4517 ἡ
3796 4445 4018 4511 καθαρὶ

2441 4566 2534 4617 καὶ
2571 4562 2773 4632 μηδένα
2808 4558 2995 4611 σπῖλον
3020 4556 3217 4625 ἔχουσα
3247 4551 3277 4619 ἣ
3310 4548 3520 4617 ῥυτίδα,
3560 4544 3673 4604 τοῖς
3721 4540 4022 4609 σωτηρίοις

2440 4655 2821 4709 ὑποϐάλλουσα
2899 4649 3196 4715 ὲτασμοῖς,
3256 4642 3315 4694 οὐ
3374 4639 3507 4709 πρὶν
3568 4638 3648 4698 είς
3714 4632 4022 4702 μετάληψιν

2439 4746 2798 4817 παραδέξεται
2832 4742 2938 4794 τῶν
2966 4739 3125 4790 θείων
3155 4730 3492 4805 μυστηρίων,
3521 4728 3549 4798 ἦ
3594 4728 3685 4779 τὸν
3711 4725 4022 4795 ὡρισμένον

2438 4816 2530 4890 ὲπι
2568 4839 2633 4903 τῇ
2669 4832 2894 4902 πορνείᾳ
2925 4829 3118 4898 χρόνον
3182 4825 3343 4892 μάθοι
3374 4819 3652 4891 ,ἀκριϐῶς
3707 4816 3878 4868 αὐτὸν
3933 4816 4024 4864 ὲκ-

2439 4926 2768 4996 πληρῶσαι·
2807 4924 2854 4972 ei.
2897 4920 2971 4989 μὴ
3010 4918 3115 4988 ἄρα
3154 4917 3187 4985 ἡ
3232 4913 3327 4965 τοῦ
3375 4911 3493 4980 βίου
3539 4906 3813 4972 ἀναγκαία
3863 4920 4026 4955 κατε-

2440 4993 2621 5086 πείγει
2669 5014 3041 5083 ἀναχώρησις,
3076 5008 3325 5062 τουτέστι
3359 5003 3554 5072 μέχρις
3584 4998 3651 5051 ἂν
3684 4996 3743 5049 τὸ
3787 4993 4026 5061 ἕϐδομον

2440 5109 2773 5178 ἐκπληρωθῇ
2822 5106 2961 5167 ἔτος.
3027 5103 3085 5153 '0
3128 5100 3185 5151 δὲ
3221 5095 3438 5164 τολμῶν
3486 5090 3665 5159 ἱερεὺς
3710 5086 3863 5153 παρᾶ
3932 5086 4026 5136 τὸν

2440 5176 2917 5268 διατετυπωμένον
2953 5197 3076 5265 ὅρον
3111 5186 3470 5256 μεταλήψεως
3523 5181 3677 5242 θείας
3722 5176 3845 5228 τινὰ
3895 5177 4024 5228 10-3-

2438 5314 2547 5349 των
2581 5292 2811 5358 ἀξιῶσαι
2862 5289 2993 5356 ἰ’τερλ⁵
3052 5287 3143 5338 τὸν
3202 5283 3334 5335 ἴδιον
3390 5272 3729 5331 κινδυνεύσει
3783 5268 4024 5337 βαθμὸν,

2439 5385 2681 5456 δηλονότι
2712 5382 2805 5437 τοῦ
2841 5380 3165 5446 ἀξιωθέντος
3199 5375 3347 5439 παρὰ
3382 5370 3475 5422 τὸν
3514 5365 3823 5437 ὡρισμένον
3851 5360 4026 5413 τύπον

2441 5480 2535 5545 τῆς
2572 5476 2723 5538 θείας
2776 5473 3061 5533 κοινωνίας
3112 5467 3275 5521 πάλιν
3304 5465 3383 5523 είς
3415 5460 3475 5513 τὸ
3511 5455 3885 5520 ἀκοινώνητον
3926 5471 4026 5506 πει

2442 5568 2798 5640 ρειπαμένου
2876 5565 3039 5633 μέχρι
3108 5546 3562 5626 συμπληρώσεως
3631 5545 3726 5599 τοῦ
3790 5544 4025 5610 ἑϐδόμου

2441 5669 2615 5729 ἔτους.
2654 5665 2816 5717 Ἀλλὰ
2863 5661 3037 5715 ταῦτα
3101 5658 3220 5726 μὲν,
3273 5654 3348 5714 ὡς
3406 5648 3725 5718 δεδήλωται,
3760 5644 3869 5696 ὑπὸ
3919 5642 4027 5694 τῶν

2442 5761 2608 5814 πάλαι
2644 5755 3078 5829 βασιλευσάντων
3132 5746 3488 5816 ἐπράχθησιν
3515 5758 3528 5772 ο
3583 5739 3678 5792 νῦν
3736 5736 3792 5789 δὲ
3824 5738 3896 5804 τῇ
3933 5731 4025 5785 τοῦ
