4224 6446
751 332 857 392 603

2008 343 2280 403 ΤΠΕΟΒ.
2318 345 2718 409 BALSAMUN

3881 358 3994 416 6M

750 447 960 513 dentes,
988 446 1056 500 ad
1086 446 1262 504 locum
1288 463 1501 517 eorum,
1540 454 1629 521 qui
1657 457 1903 526 corporis
1938 466 1995 512 et
2036 456 2317 526 sanguinis
2346 461 2387 515 Δ

2346 461 2387 515 Δ
2420 461 2626 527 ἀγαθοῦ
2654 464 2969 532 ἀπέχεσθαι·
3001 468 3091 517 καὶ
3123 467 3264 519 οὕτω
3296 471 3506 522 καιπόν
3538 487 3657 522 τινα
3693 473 3994 537 μετανοίας

752 534 1016 591 Βοωιηίςί
1039 548 1163 593 sunt
1194 541 1504 610 participes,
1544 546 1777 600 restitui.

1355 814 1584 873 CANON
1648 819 1711 875 ν.

755 897 1088 967 Πξτειῐεοε,
1140 905 1230 972 qni
1311 906 1364 959 in
1428 925 1650 963 excessu
1716 927 1747 966 e
1809 917 1915 968 vita
1951 919 2321 985 pcenitentiam

826 1004 1010 1061 agunt,
1037 995 1278 1063 recipere
1302 1008 1514 1063 oportet
1540 1018 1553 1063 ;
1582 1004 1823 1071 recipere
1845 1019 2046 1072 autem,
2074 1026 2180 1062 non
2208 1012 2324 1064 sine

815 1081 1040 1149 judicio,
1078 1088 1167 1140 sed
1205 1089 1579 1143 ex:imitiantes
1632 1110 1700 1146 an
1741 1111 1918 1149 veram
1950 1098 2321 1165 pmnitentiam

810 1176 1116 1235 ostendant.
1147 1179 1261 1230 etsi
1293 1179 1493 1233 fructus
1542 1181 1796 1252 habeant,
1845 1188 1937 1256 qui
1986 1188 2176 1243 salutis
2210 1197 2324 1243 stu-

819 1263 964 1314 dium
994 1265 1370 1324 testiﬁcentur.

812 1351 1005 1423 BALS.
1046 1358 1293 1413 Praesens
1320 1364 1533 1429 quidem
1567 1380 1739 1420 canon
1772 1372 1963 1423 statuit
2000 1372 2283 1426 haereticos
2305 1414 2319 1437 ,

752 1441 842 1507 qui
890 1443 941 1494 in
975 1444 1077 1498 line
1112 1448 1235 1501 vita:
1266 1449 1485 1511 fuerint.
1520 1465 1573 1508 et
1606 1458 1980 1523 paenitentiam
2013 1461 2320 1527 petiverint,

752 1534 987 1594 admitti.
1022 1538 1169 1602 prius
1208 1544 1570 1605 examinatos.
1604 1562 1669 1597 an
1710 1563 1834 1602 vere
1866 1561 2027 1617 agant
2054 1553 2322 1619 pmniten-

752 1624 920 1687 tiam;
962 1628 1189 1689 scilicet,
1222 1644 1289 1682 an
1323 1633 1437 1685 suis
1467 1638 1732 1702 dogmatis
1775 1639 2085 1694 desciscant
2114 1655 2165 1695 et
2210 1643 2324 1695 fru-

752 1724 873 1767 ctus
936 1719 1269 1781 paenitentia:
1323 1725 1626 1777 ostendant.
1692 1726 1794 1781 Alii
1844 1740 2023 1785 autem
2063 1747 2317 1792 canones.

750 1802 915 1857 etiam
948 1808 1245 1873 lizereticos,
1280 1812 1383 1881 57
1428 1817 1516 1881 qui
1550 1819 1663 1868 sani
1699 1829 1847 1883 sunt,
1889 1823 2233 1887 accedentes,
2269 1833 2323 1877 et

752 1898 1113 1961 examinatus.
1140 1902 1387 1957 similiter
1411 1908 1620 1960 admitti
1649 1909 1863 1978 jubent.

836 2072 1091 2131 ZONAR.
1133 2082 1455 2139 Duliitahant
1484 2090 1721 2157 quidam,
1754 2107 1819 2144 an
1852 2093 2113 2161 haeretici,
2147 2097 2236 2164 qui
2268 2096 2320 2151 in

757 2165 902 2219 exitu
936 2170 1057 2222 vita!
1089 2187 1211 2227 esse
1238 2175 1512 2239 dicuntur,
1551 2194 1613 2232 ac
1644 2183 2014 2246 pmnitentiam
2046 2197 2317 2255 quaerunt,

752 2269 935 2311 essent
966 2263 1301 2318 admittendi.
1341 2266 1417 2319 Ad
1447 2284 1605 2335 quam
1642 2272 1997 2335 quaestionem
2045 2278 2323 2343 respondit

754 2358 998 2412 sanctus,
1025 2355 1392 2410 admittendos
1420 2375 1561 2423 esse,
1597 2377 1701 2415 non
1734 2379 2056 2433 quacunque
2090 2371 2318 2436 ratione,

755 2450 943 2490 verum
1004 2444 1378 2497 examinantes
1428 2463 1495 2499 an
1540 2464 1669 2501 vere
1701 2454 2036 2519 pmniteant;
2092 2455 2191 2510 hoc
2219 2468 2323 2522 est,

755 2542 882 2578 num
908 2544 935 2581 a
976 2534 1214 2598 propriis
1238 2534 1518 2605 dogmatis
1558 2541 1874 2608 abscedant,
1904 2559 1965 2598 ac
1992 2548 2323 2614 poenitentia:

755 2618 968 2673 fructus
1010 2629 1318 2681 ostendant.

825 2712 1050 2769 ARIST.
1109 2718 1407 2774 llmreticus
1472 2724 1525 2776 in
1577 2726 1700 2780 vitae
1757 2730 1920 2782 exitu
1971 2732 2316 2799 resipiscens,

751 2802 1081 2860 discretione
1114 2810 1353 2863 adhibita
1383 2817 1785 2883 suscipiendus.

825 2894 1150 2950 Hart-eliciunt
1180 2901 1230 2951 iu
1259 2916 1505 2959 extremo
1544 2910 1663 2962 vita:
1702 2912 2008 2965 venientem
2040 2923 2093 2967 et
2124 2915 2318 2982 resipi-

754 2997 997 3039 scentem
1055 2991 1173 3043 sine
1219 2994 1424 3060 judicio
1459 3008 1511 3051 et
1565 3003 1816 3056 examine
1874 3004 2162 3059 admittere
2208 3023 2318 3059 non

2432 553 2898 622 ἐπιδειξαμένους,
2930 560 3008 617 είς
3058 559 3149 611 τὸν
3194 562 3357 611 τόπον
3394 561 3502 611 τῶν
3540 563 3987 629 μεταλαμόανόν-

2434 659 2539 693 των
2567 643 2658 694 τοῦ
2692 645 3018 699 δεσποτικοῦ
3058 647 3308 718 σώματός
3339 667 3396 702 τε
3437 652 3532 704 καὶ
3575 653 3806 719 αἵματος
3851 655 3992 706 ἀποο

2432 733 2806 792 καθίστασθαι.

3033 833 3268 887 ΚΛΝΩΝ
3316 835 3390 891 E'.

2431 919 2567 981 Τοὺς
2597 920 2652 973 δέ
2688 922 2776 973 ἐπὶ
2816 922 2978 991 ἐξόδῳ
3019 928 3415 993 μετανοοῦντας
3442 927 3551 980 τῶν
3579 929 3881 987 αίρετικῶν
3908 931 3993 982 δέ-

2500 1012 2686 1079 χεσθαι
2717 1015 2843 1082 χρήο
2889 1016 3135 1083 δέκεσθαι
3178 1018 3255 1082 δὲ,
3291 1019 3535 1095 δηλονότι
3577 1021 3677 1072 οὐκ
3726 1022 3995 1090 ἀκρίτως.

2500 1101 2633 1153 ἀλλὰ
2703 1103 3096 1170 δοκιμάζοντας
3165 1107 3213 1158 εί
3271 1108 3531 1180 ἀληθινὴν
3591 1111 3992 1162 ἐπιδείκνυνται

2506 1194 2816 1259 μετάνοιαν.
2866 1198 2958 1249 καὶ
2990 1198 3038 1248 εί
3076 1198 3204 1260 τοὺς
3252 1201 3496 1268 καρποὺς
3549 1200 3735 1268 έχουσι
3783 1218 3995 1271 μαρτυο

2506 1283 2730 1350 ροῦντας
2766 1287 2830 1353 τῇ
2875 1288 3007 1355 πρὸς
3030 1289 3090 1340 τὸ
3120 1289 3363 1358 σωθῆναι
3398 1291 3621 1358 σπουδῇ.

2501 1374 2696 1428 ΒΑΛΣ.
2761 1376 2819 1427 Ὅ
2879 1378 2977 1444 μὲν
3026 1380 3219 1447 παρὼν
3274 1381 3454 1433 κανὼν
3510 1384 3804 1453 διορίζεται
3868 1387 3996 1450 τοὺς

2429 1466 2743 1533 αἱρετικοὺς
2783 1471 2838 1519 ἐν
2887 1469 3027 1520 τέλει
3083 1473 3404 1541 γινομένους
3447 1474 3545 1527 τοῦ
3598 1476 3737 1544 βίου,
3767 1478 3861 1529 καὶ
3895 1478 3995 1545 ζη-

2430 1559 2653 1617 τοῦντας
2705 1559 3021 1625 μετάνοιαν,
3057 1562 3330 1630 δέχεσθαι,
3379 1564 3807 1633 ἐξεταζομένους
3858 1569 3995 1635 πρό-

2430 1666 2587 1717 τερον
2614 1651 2661 1701 εί
2688 1650 2904 1719 άληθῶς
2941 1654 3330 1718 μετανοοῦσινο
3376 1657 3544 1725 ήγουν
3578 1658 3625 1709 εί
3659 1657 3992 1725 ἀφίστανται

2431 1740 2537 1791 τῶν
2569 1742 2787 1793 οἰκείων
2814 1742 3122 1809 δογμάτων,
3160 1746 3255 1797 καὶ
3304 1746 3704 1801 ἐπιδείκνυνται
3740 1751 3991 1817 καρποὺς

2429 1834 2715 1898 μετανο⁷ας
2747 1849 2760 1862 ·
2799 1832 2979 1900 ἕτεροι
3004 1833 3060 1886 δέ
3092 1836 3317 1897 κανόνες
3348 1838 3591 1899 καὶτοὺς
3631 1840 3689 1890 ἐν
3714 1839 3878 1908 ὑγεία
3907 1840 3995 1892 δν-

2424 1938 2543 1983 τας,
2569 1922 2878 1991 αίρετικοὺς
2904 1926 3394 1993 προσερχομένους,
3424 1928 3519 1980 καὶ
3544 1928 3991 1999 ἐξεταζομένους,

2424 2011 2624 2080 ὁμοίως
2664 2013 2915 2080 δέχεσθαι
2946 2016 3434 2081 παρακελεύονται.

2493 2102 2737 2154 ΖΩΝΑΡ.
2786 2103 3161 2171 Ἀμφέϐαλλόν
3194 2123 3337 2168 τινες
3369 2110 3415 2159 εί
3449 2111 3553 2177 χρὴ
3605 2112 3729 2173 τοὺς
3782 2113 3992 2181 αἱρετι-

2425 2192 2553 2254 κοῦς
2584 2195 2641 2245 ἐν
2671 2194 2811 2246 τέλει
2865 2195 3192 2261 λεγομένους
3246 2200 3339 2251 τοῦ
3387 2200 3503 2268 βίου
3550 2201 3643 2253 καὶ
3694 2202 3995 2272 ζητοῦντας

2426 2284 2719 2350 μετάνοιαν
2767 2285 3038 2354 δέχεσθαι.
3078 2288 3220 2358 ΠρΣς
3267 2290 3403 2358 ὅπερ
3436 2293 3464 2343 ὁ
3523 2292 3676 2357 ἆγιος
3718 2294 3995 2362 ἀπεκρίθη

2424 2374 2531 2425 δεῖν
2561 2376 2762 2438 αὐτοὺς
2787 2377 3063 2444 δέχεσθαι,
3092 2380 3187 2448 οὐχ
3218 2380 3291 2441 ὡς
3329 2380 3483 2450 ἔτυχε
3533 2382 3611 2445 δὲ,
3636 2383 3774 2435 ἀλλά
3805 2384 3991 2447 ἐξετά-

2426 2462 2638 2529 ζοντας,
2684 2468 2729 2519 εἰ
2780 2468 2994 2536 ἀληθῶς
3027 2470 3380 2538 μετανοοῦσιν
3403 2488 3416 2501 ο
3449 2474 3613 2542 ἧγουν
3646 2476 3693 2525 εί
3726 2476 3990 2540 ἀφίσταν-

2425 2575 2514 2610 ται
2547 2557 2655 2610 τῶν
2693 2562 2908 2612 οἰκείων
2935 2562 3239 2631 δογμάτων,
3272 2564 3365 2615 καὶ⁸
3398 2565 3812 2618 ἐπιδείκνυνται
3857 2584 3991 2634 καρ-

2425 2650 2560 2710 ποὺς
2596 2650 2908 2714 μετανοίας.

2495 2744 2716 2793 ΑΡΙΣΤ.
2795 2744 3076 2810 Λίρετικὸς
3127 2743 3203 2813 τῷ
3258 2746 3401 2813 τέλει
3453 2746 3728 2816 μετανοῶν
3777 2748 3997 2809 δεκτέος

2428 2834 2544 2899 μετ’
2580 2834 2932 2900 ἐπικρίσεως.

2497 2924 2598 2974 Τὸν
2636 2926 2692 2973 ὲν
2724 2923 2797 2987 τῷ
2828 2924 2970 2975 τέλει
3002 2923 3095 2975 τοῦ
3146 2925 3263 2993 βίου
3298 2926 3523 2978 ἐλθόντα
3561 2927 3860 2995 αίρετικὺν,
3903 2929 3996 2979 καὶ

2429 3015 2817 3082 μετανοοῦντα.
2856 3016 2953 3068 οὐκ
3008 3017 3245 3084 ἀκρίτως
3294 3019 3387 3069 καὶ
3432 3018 3809 3078 ἀϐασανίστως
3842 3019 3996 3087 δέχε-

754 3088 993 3146 oportet,
1039 3083 1133 3135 sed
1191 3086 1624 3152 resipiscentiam
1681 3095 1800 3162 ejus
1846 3097 2151 3164 explorare.
2193 3115 2318 3150 num
2352 3114 2399 3175 ο

2352 3114 2399 3175 C
2432 3105 2553 3157 σθαι
2586 3104 2710 3175 χρὴ,
2744 3105 2877 3157 ἀλλά
2910 3083 3228 3172 δοκιμάζειν
3256 3106 3353 3175 τὴν
3388 3108 3676 3173 μετάνοιαν
3719 3083 3992 3171 αὖτοῦξεί

754 3184 877 3222 vera
915 3173 1006 3232 sit,
1042 3182 1094 3226 et
1130 3190 1195 3226 an
1229 3175 1434 3232 fritctns
1467 3181 1705 3247 proferat
1749 3188 1838 3252 qui
1871 3187 2057 3240 salutis
2088 3191 2323 3242 studium

757 3264 1149 3331 testificentnr;
1189 3280 1246 3319 ut
1297 3271 1341 3323 si
1377 3275 1441 3323 de
1472 3276 1664 3328 haeresi
1693 3276 1811 3343 ejus
1845 3279 2163 3347 triumphet,
2197 3298 2326 3349 pec-

753 3365 872 3407 cata
906 3373 999 3409 sua
1032 3375 1154 3413 cum
1201 3364 1456 3433 laeiymis
1482 3376 1534 3419 et
1569 3369 1807 3421 contrito
1862 3375 2026 3426 corde
2064 3374 2325 3428 confitea-

758 3456 864 3510 tur,
905 3453 1275 3522 eleumosynas
1306 3454 1494 3521 faciat,
1522 3469 1575 3513 et
1604 3461 1706 3514 alia
1752 3461 2021 3530 ejusmodi
2057 3466 2322 3520 salutaria

755 3546 1022 3597 ostendat.

1365 3727 1592 3783 CANON
1624 3730 1706 3783 VI.

754 3809 1154 3868 Canonicorum
1187 3816 1574 3874 fornicationes
1610 3838 1707 3890 pro
1731 3825 2079 3878 matrimonio
2107 3842 2210 3879 non
2241 3843 2327 3882 re-

824 3915 1096 3971 putet-tur,
1118 3912 1210 3962 sed
1223 3919 1414 3963 "eorum
1440 3912 1749 3977 conjunctio
1767 3918 1985 3969 omnino
2008 3918 2325 3972 divellatur:

830 3997 931 4049 hoc
962 4000 1107 4049 enim
1136 4011 1184 4052 et
1220 4000 1472 4056 Ecclesize
1500 4005 1563 4055 ad
1594 4007 1941 4058 securitatem
1974 4014 2057 4060 est
2091 4008 2245 4068 utile,
2272 4017 2327 4061 et

830 4104 931 4139 non
965 4091 1115 4141 dabit
1163 4091 1433 4145 barreticis
1487 4094 1748 4149 adversus
1799 4112 1896 4149 nos
1934 4112 2145 4163 ansam,
2182 4100 2323 4167 quod

826 4194 1046 4247 propter
1107 4184 1364 4250 peccandi
1420 4185 1731 4239 libertatem
1796 4192 1863 4241 ad
1917 4203 2018 4242 nos
2075 4192 2326 4243 attraha-

832 4289 969 4326 "IIIS.

828 4364 1019 4418 BtLS.
1062 4364 1374 4420 Canenicos
1402 4382 1496 4421 eos
1536 4369 1689 4433 dicit,
1721 4373 1809 4439 qui
1858 4372 1909 4424 in
1941 4387 2149 4426 canone
2184 4388 2323 4426 enu-

2429 3194 2636 3262 ἀληθής
2670 3196 2805 3256 ἐστι,
2835 3194 2927 3245 καὶ
2965 3195 3011 3245 εί
3039 3195 3165 3255 τοὺς
3213 3184 3459 3263 καρποὺς
3502 3196 3617 3264 ἔχει
3653 3196 3993 3263 μαρτυροῦνσ

2427 3302 2526 3347 τας
2568 3287 2633 3353 τῇ
2694 3286 2829 3351 πρὸς
2882 3282 2943 3334 τὸ
2988 3282 3227 3351 σωθῆναι
3276 3284 3511 3351 σπουδῇο
3570 3284 3619 3335 τί
3669 3285 3816 3351 γάρς
3876 3283 3995 3335 Ὀτι

2428 3375 2751 3444 θριαμῦεύει
2790 3370 2951 3427 αὐτοῦ
2985 3376 3081 3441 τὴν
3108 3374 3339 3442 αἵρεσιν,
3373 3375 3471 3435 τὰς
3502 3374 3781 3442 ἁμαρτίας
3828 3374 3995 3425 αὑτοῦ

2431 3466 2568 3535 μετὰ
2599 3464 2849 3533 δακρύων
2882 3466 2975 3517 καὶ
3018 3464 3488 3535 συντετριμμένης
3532 3465 3761 3534 καρδίας
3805 3465 3993 3530 ἐξαγο-

2432 3556 2597 3623 ρεύει,
2632 3554 3005 3622 ἐλεημοσύνας
3036 3557 3200 3619 ποιεί,
3247 3556 3341 3607 κα)⁵
3382 3554 3514 3606 ἄλλα
3550 3555 3776 3607 τοιαῦτα
3816 3573 3995 3625 σωτηο

2433 3646 2595 3714 ριώδη
2624 3645 2982 3698 ἐνδείκνυται.

3025 3738 3262 3790 ΚᾹΝΩΝ
3298 3736 3389 3803 ς’.

2429 3829 2549 3882 Τῶν
2582 3829 2882 3881 κανονικῶν
2916 3830 3013 3890 τὰς
3043 3830 3295 3898 πορνείας
3328 3830 3408 3891 εἰς
3435 3830 3611 3898 γάμον
3646 3831 3721 3900 μὴ
3769 3832 3999 3884 καταλο-

2499 3919 2771 3987 γίζεσθαι,
2805 3920 2941 3972 ἀλλὰ
2974 3923 3134 3972 παντὶ
3167 3922 3355 3989 τρόπῳ
3403 3921 3639 3990 διασπᾷν
3674 3922 3860 3975 αὐτῶν
3905 3923 3999 3992 τὴν

2501 4013 2817 4079 συνάφειαν.
2876 4011 3046 4063 Τοῦτο
3070 4012 3173 4083 γάρ
3220 4013 3316 4064 καὶ
3368 4015 3430 4082 τῇ
3492 4013 3793 4083 Ἐκκλησία
3863 4015 3997 4080 πρὸς

2498 4103 2798 4170 ἀσφάλειαν
2847 4102 3147 4165 λυσιτελὲς,
3183 4103 3415 4164 καὶτοῖς
3464 4104 3765 4169 αίρετικοῖς
3800 4104 3862 4154 οὐ
3895 4104 3996 4154 5di-

2502 4211 2583 4245 σει
2613 4194 2732 4245 καθ’
2764 4195 2921 4263 ἡμῶν
2950 4193 3142 4261 λαϐὴν,
3172 4193 3245 4254 ὼς
3277 4192 3364 4245 διά
3398 4195 3497 4261 τὴν
3528 4192 3622 4245 τοῦ
3659 4194 3999 4261 ἁμαρτάνειν

2499 4286 2685 4337 ἄδειαν
2717 4286 3123 4352 ἐπισπωμένων
3155 4284 3289 4353 πρὸς
3324 4284 3568 4346 ἑαυτούς.

2502 4378 2696 4428 ΒΑΛΣ.
2729 4376 3063 4437 Κανονικοὺς
3102 4377 3225 4437 τοὺς
3274 4376 3333 4427 ἐν
3379 4376 3455 4443 τῷ
3507 4376 3690 4427 κανόνι
3745 4376 3999 4439 ἐξεταζο-

759 4470 1061 4521 merantur,
1114 4460 1341 4512 clericos
1370 4460 1597 4523 scilicet,
1647 4464 1965 4524 monachos.
2002 4464 2324 4526 monachus,
2358 4443 2404 4496 ι)

2358 4443 2404 4496 D
2436 4468 2629 4537 μένους
2682 4468 2866 4535 φησὶν,
2902 4469 3071 4536 ἤγουν
3116 4466 3429 4536 κληρικοὺς,
3489 4468 3780 4535 μοναχοὺς,
3833 4484 4000 4531 μονα-

752 4561 803 4601 ‹-ι
862 4567 978 4615 qua!
1037 4550 1404 4618 virginitatem
1468 4550 1725 4619 professa:
1764 4562 1913 4607 sunt.
1961 4551 2168 4621 Siquis
2195 4569 2325 4622 ergo

749 4655 814 4692 ex
859 4642 939 4692 his
969 4641 1269 4693 fornicatus
1320 4640 1504 4705 fuerit,
1546 4631 1671 4695 non.
1706 4646 2048 4711 permittitur
2094 4646 2142 4698 ei
2182 4647 2329 4698 dein-

754 4748 879 4800 ceps
915 4748 1163 4798 peccare.
1198 4732 1290 4786 Est
1324 4736 1467 4785 enim
1518 4735 1815 4787 verisimile
1848 4738 2195 4799 canonicum,
2231 4738 2326 4805 qui

752 4834 1096 4891 peccaverat,
1139 4824 1454 4878 sacerdotio
1525 4838 1731 4879 motum
1787 4828 1857 4879 ob
1906 4827 2326 4882 fornicationem

752 4915 974 4976 dixissv,
1004 4914 1270 4979 Quoniam
1302 4931 1330 4967 a
1360 4917 1622 4983 dignitate
1645 4919 1845 4980 excidi,
1880 4919 2156 4984 voluptate
2178 4930 2329 4975 certe

754 5005 1036 5072 perfruar:
1067 5016 1122 5059 et
1156 5008 1226 5059 sit
1261 5008 1388 5061 mihi
1446 5008 1657 5073 mulier,
1692 5025 1814 5063 cum
1851 5026 1954 5078 qua
1989 5012 2235 5080 peccavi,
2272 5012 2326 5067 in

753 5102 1026 5154 consortio
1060 5101 1348 5168 coniugali.
1389 5105 1497 5157 Lex
1525 5106 1671 5158 enim
1702 5106 1844 5159 dicit
1901 5106 1954 5159 in
1987 5106 2082 5162 lib.
2128 5122 2325 5168 xxvut,

756 5197 837 5248 tit.
864 5194 918 5258 ι,
946 5211 1062 5262 cap.
1099 5196 1163 5249 l6
1192 5212 1206 5247 :
1242 5196 1344 5260 Qui
1376 5212 1497 5249 cum
1534 5197 1730 5259 libera,
1766 5213 1886 5267 quas
1941 5214 2046 5252 non
2081 5208 2327 5269 quaestus

751 5290 923 5357 gratia
955 5287 1083 5341 facit
1116 5290 1196 5341 sui
1230 5288 1473 5355 corporis
1502 5300 1850 5356 potestatem,
1889 5292 2052 5345 habet
2084 5306 2327 5346 consue-

757 5381 1019 5442 tudinem,
1059 5381 1227 5448 ipsam
1296 5396 1400 5433 non
1433 5384 1814 5445 concubinam,
1852 5384 1944 5435 sed
1978 5397 2199 5436 uxorem
2235 5383 2330 5435 ha-

756 5471 887 5525 bere
916 5471 1148 5524 videtur.
1187 5468 1322 5532 Hoc.
1372 5472 1567 5540 inquit,
1602 5486 1705 5525 non
1740 5484 1820 5526 est
1872 5473 2327 5541 permittendum,

758 5566 852 5617 sed
883 5579 1071 5617 eorum
1128 5563 1436 5630 conjunctio
1474 5573 1559 5616 est
1611 5565 1830 5617 omnino
1886 5565 2214 5630 separanda,
2274 5573 2333 5617 et

759 5656 858 5722 ipsi
883 5672 908 5708 a
943 5671 1002 5711 se
1040 5639 1267 5710 invicem
1314 5656 1650 5724 sejungendi,
1687 5658 1940 5725 quoniam
1976 5659 2117 5723 leges
2146 5660 2193 5708 in
2232 5658 2329 5711 lai-

758 5749 835 5804 cis
862 5748 1034 5803 locum
1070 5749 1292 5815 habent,
1320 5759 1369 5803 et
1396 5749 1497 5802 hoc
1527 5757 1609 5803 est
1642 5746 1895 5803 Ecclesia:
1925 5750 2079 5803 utile.
2136 5750 2188 5803 Si
2224 5752 2324 5818 ipsi

2433 4560 2648 4627 στρίας,
2683 4559 2776 4609 καὶ
2802 4558 2899 4619 τὰς
2930 4554 3225 4625 παρθενίαν
3247 4556 3747 4623 ἐπαγγειλαμένας.
3777 4555 3841 4607 Et
3869 4555 4001 4621 γοῦν

2430 4669 2512 4713 τις
2546 4653 2607 4701 ἐκ
2636 4649 2846 4701 τούτων
2875 4648 3183 4715 πορνεύσει,
3216 4648 3274 4699 ού
3308 4646 3854 4715 παραχωρηθήσεται
3908 4650 4002 4699 καὶ

2431 4741 2624 4809 ἐφεξῆς
2661 4742 3021 4810 ἁμαρτάνειν.
3053 4739 3213 4799 Εἰκὸς
3247 4738 3356 4805 γὰρ
3388 4735 3453 4806 ἦν
3500 4737 3591 4788 τὸν
3642 4738 4003 4805 ἡμαρτηκότα

2432 4834 2715 4887 κανονικὸν
2745 4833 2846 4899 τῆς
2883 4830 3191 4900 ίερωσύνης
3226 4828 3529 4880 ἐκπεσόντα
3560 4828 3649 4879 διὰ
3694 4827 3796 4895 τὴν
3855 4844 3995 4891 πορ-

2431 4927 2576 4977 νείαν
2628 4925 2808 4990 λέγειν
2839 4923 2921 4974 ὅτι
2963 4921 3117 4973 Ἐπεὶ
3170 4920 3272 4989 τῆς
3311 4918 3466 4982 ἀξίας
3500 4918 3852 4977 ἐκπέπτωκα,
3888 4918 3997 4968 κᾶν

2430 5016 2721 5069 ἀπολαύσω
2761 5014 2861 5083 τῆς
2904 5013 3098 5083 ἡδονῆς
3127 5030 3139 5043 ο
3196 5013 3291 5063 καὶ
3341 5011 3482 5063 ἔστω
3508 5029 3597 5078 μοι
3643 5012 3673 5076 ἡ
3707 5010 3844 5077 γυνὴ
3878 5009 4003 5077 μεθ’

2431 5100 2497 5175 ἧς
2528 5106 2777 5175 ἥμαρτον
2812 5104 2891 5164 είς
2926 5101 3236 5169 συμϐίωσιν
3270 5102 3540 5169 γαμικήν.
3578 5101 3700 5151 Ὀτι
3731 5104 3825 5151 καὶ
3853 5101 3881 5149 ὁ
3911 5101 4004 5149 νόο

2434 5216 2531 5267 μος
2564 5197 2728 5265 φησιν
2768 5197 2826 5247 ἐν
2858 5194 3024 5262 βίϐλῳ
3060 5199 3167 5262 κη’,
3199 5193 3359 5262 τίτλῳ
3380 5192 3441 5256 δ’,
3472 5190 3748 5259 κεφαλαίῳ
3790 5189 3891 5254 ις’·
3937 5190 3999 5241 '0

2433 5290 2566 5359 πρὸς
2595 5291 2695 5357 τὴν
2729 5287 3033 5356 ἐλευθέραν
3067 5287 3141 5356 μὴ
3172 5285 3549 5355 ποιησαμένην
3580 5285 3747 5352 πόρον
3792 5285 3859 5335 ἐκ
3889 5282 3999 5333 ποῦ

2436 5387 2563 5438 [δίου
2610 5385 2861 5453 σώματος
2898 5383 3037 5452 ἔχων
3087 5380 3399 5449 συνήθειαν,
3434 5380 3494 5431 οὐ
3522 5378 3831 5443 παλλακὴν,
3870 5375 4008 5427 ἀλλὰ

2433 5475 2683 5544 γαμετὴν
2728 5474 2899 5543 αὐτὴν
2953 5473 3098 5541 ἔχειν
3146 5472 3312 5523 δοκεῖ.
3346 5469 3516 5521 Τοῦτο
3564 5468 3677 5524 οῦν,
3710 5467 3867 5534 φησὶ,
3903 5482 4012 5515 πα-

2434 5568 2802 5638 ραχωρείσθαι
2859 5567 2919 5617 οὐ
2982 5565 3110 5633 χρὴ,
3146 5561 3259 5614 ἀλλ’
3297 5564 3360 5612 ἐκ
3408 5558 3608 5619 παντδς
3669 5554 4011 5608 διασπᾶσθαι

2432 5660 2527 5727 τὴν
2562 5658 2860 5726 συνάφειαν
2888 5655 3090 5719 αὐτῶν,
3122 5656 3211 5705 καὶ
3243 5648 3577 5721 χωρίζεσθαι
3602 5647 3695 5697 ἀπ’
3728 5644 4006 5711 ἀλλήλων·

2435 5751 2516 5804 ὅτι
2548 5768 2603 5803 τε
2632 5748 2698 5803 τὰ
2724 5747 2816 5802 τοῦ
2847 5751 3011 5811 νόμου
3068 5746 3143 5807 είς
3176 5743 3395 5804 λαῖκοὺς
3440 5740 3623 5810 χώραν
3680 5737 3886 5805 ἔχουσι,
3916 5734 4013 5785 καὶ
