4224 6446
255 402 352 465 605

1204 412 1282 469 l.\'
1330 415 1567 477 EI-‘lLT.
1601 422 1658 477 S.
1695 422 1977 485 BASILU
2014 430 2447 492 CANONICAM
2489 437 2534 495 l.

3390 436 3495 499 606

257 522 322 569 ":t
352 522 417 587 τῇ
455 519 751 589 Ἐκκλησία
788 524 1061 586 λυσιτελές
1090 529 1258 579 ἐστιν.
1298 531 1356 580 ΕΞ
1390 532 1498 599 γὰρ
1524 534 1676 585 αὖτοὶ
1712 542 1809 607 τῆς
1844 541 1879 595 Α
1912 555 1925 591 t

1844 541 1879 595 Α
1912 542 2055 593 enim
2094 558 2119 593 a
2152 543 2376 596 libidine
2407 545 2622 595 alienati
2655 545 2867 607 fuerint.
2928 561 3027 599 nec
3086 546 3175 601 alii
3222 549 3492 604 audebunt

248 608 540 675 Ξπιθυμίας
592 612 1026 678 ἁποξενωθῶσιν,
1065 616 1186 668 οὐδὲ
1245 620 1417 686 ἓτεροι
1478 625 1811 692 τολμήσουσι

240 697 485 750 τοιοῦτόν
537 716 611 763 τι,
658 702 733 762 ὡς
792 705 866 771 μὴ
920 707 1416 775 παραχωρούμενοι
1475 713 1812 782 ἁμαρτάνειν

245 789 388 855 μετά
442 793 541 855 τὴν
595 793 880 862 ἀναίρεσιν
948 788 1065 864 τῆς
1116 800 1573 872 ὲκκλησιαστικῆς
1622 810 1811 875 τιμῆς.

254 879 416 931 Ἀλλά
468 884 561 933 καὶ
606 885 717 945 τοίς
764 887 1061 952 αἱρετικοῖς
1125 890 1184 940 οὐ
1240 890 1528 957 δοθήσεται
1590 897 1813 966 ἀφορμὴ

248 970 368 1021 καθ’
400 972 556 1038 ἡμῶν
588 976 668 1033 εις
720 975 780 1025 τὸ
823 975 1000 1034 λέγειν
1055 980 1139 1031 ὅτι
1181 982 1266 1033 διὰ
1316 983 1475 1035 τοῦτο
1536 989 1672 1052 μετὰ
1717 988 1815 1054 τὴν

248 1063 503 1128 πορνείαν
554 1067 1007 1136 παραχωροῦνται
1062 1072 1111 1121 οἱ
1164 1077 1518 1139 πορνεύοντες
1566 1079 1816 1143 ἁμαρτά-

248 1168 375 1210 νειν,
407 1151 492 1202 ἶνα
528 1154 619 1203 καὶ
648 1155 696 1204 οἱ
730 1154 787 1217 ἐξ
816 1158 1015 1221 ἑτέρων
1044 1160 1349 1227 θρησκειῶν
1373 1164 1459 1216 διὰ
1490 1165 1587 1232 τὴν
1615 1165 1812 1233 ἡδονὴν

246 1242 340 1292 τοῦ
370 1242 619 1311 σώματος
658 1248 999 1301 ἐπισπῶνται
1036 1253 1130 1302 καὶ
1161 1252 1534 1321 ὲπισύρωνται
1573 1258 1705 1323 πρὸς
1748 1257 1816 1306 τά

246 1336 514 1403 ἡμέτερα.
562 1337 667 1388 Καὶ
713 1336 876 1388 τοῦτο
925 1340 1022 1406 μὲν
1054 1341 1406 1407 θεματίςεται
1463 1345 1641 1406 καλῶς
1688 1347 1811 1397 ὅσον

246 1431 325 1489 είς
354 1429 478 1488 τοὺς
512 1430 824 1495 κληρικούς.
863 1431 954 1485 Ei:
999 1432 1055 1482 δι
1086 1435 1182 1494 τάς
1223 1437 1556 1503 μοναστρίας
1590 1438 1682 1488 καὶ
1718 1439 1814 1497 τὰς

249 1520 571 1583 παρθένους,
606 1522 696 1573 καὶ
726 1523 851 1582 τοὺς
894 1524 1160 1590 μοναχοὺς
1194 1526 1318 1586 τοὺς
1354 1528 1427 1590 μὴ
1463 1528 1814 1594 ἱερωμένους,

248 1614 368 1663 ἐπεὶ
414 1612 703 1678 ἀφαίρεσις
737 1613 900 1679 τιμῆς
950 1614 1049 1664 οὐκ
1090 1615 1374 1679 ἐπάγεται.
1417 1617 1618 1683 μᾶλλον
1671 1619 1817 1669 εἴποι

247 1722 331 1766 τις
365 1703 816 1767 δικαιολογεῖσθαι
849 1703 1093 1765 τούτους.
1128 1707 1195 1757 τὰ
1223 1705 1311 1756 τοῦ
1342 1708 1819 1773 καταστρωθέντος

248 1797 456 1849 ἀνωθεν
491 1798 657 1863 νόμου
716 1798 808 1848 καὶ
852 1800 927 1858 είς
981 1798 1255 1864 ἐκτροπὴν
1304 1801 1400 1850 τοῦ
1445 1799 1605 1865 λόγου
1637 1800 1817 1851 αὐτῶν

244 1883 528 1955 ὁρισθῆναί
560 1888 627 1938 τὰ
654 1886 746 1938 τοῦ
783 1888 1041 1953 παρόντος
1094 1890 1341 1950 κανόνος.
1394 1891 1525 1958 Περὶ
1571 1889 1628 1940 δὲ
1681 1907 1816 1957 πορ-

244 1981 391 2039 νείας
447 1978 697 2046 μοναχῶν
745 1978 839 2030 καὶ
888 1979 1175 2044 παρθένιον
1237 1980 1676 2047 ἁνατεθειμένων
1737 1981 1813 2049 τῷ

242 2071 361 2136 Θεῷ
390 2071 662 2134 ἀνάγνωθι
694 2071 910 2122 συνόδου
948 2071 1113 2138 ἕκτης
1162 2069 1364 2121 κανόνα
1395 2070 1678 2133 τέταρτον,
1715 2070 1811 2121 τοῦ

242 2162 401 2229 ἁγίου
460 2163 740 2214 Βασιλείου
790 2164 989 2215 κανόνα
1044 2161 1131 2230 ιη’,
1175 2160 1244 2226 κ’,
1288 2161 1350 2227 ξ’,
1387 2163 1478 2213 καὶ
1536 2160 1741 2228 βιϐλίου
1774 2160 1815 2212 δ’

240 2254 349 2305 τῶν
373 2256 677 2306 Βασιλικῶν
708 2254 885 2307 τίτλον
920 2256 990 2316 α’,
1021 2272 1145 2322 κεφ.
1181 2252 1241 2319 ε’,
1280 2254 1419 2323 ὅπερ
1454 2252 1810 2322 κατεστρώθη

1918 633 2023 684 tale
2064 634 2187 699 quid
2223 635 2421 695 facere,
2452 646 2507 687 ut
2532 636 2727 701 quibus
2761 652 2865 688 non
2902 638 2973 689 sit
3009 652 3236 703 peccare
3264 642 3494 705 permis-

1917 738 2034 774 sum
2094 732 2213 789 post
2271 725 2654 777 ecclesiastica!
2718 726 2998 791 dignitatis
3057 728 3487 793 ademptionem.

1918 811 2024 862 Sed
2093 813 2363 865 litereticis
2415 828 2629 880 quoque
2666 830 2768 864 non
2814 815 3032 867 dabitur
3094 816 3354 869 adversus
3387 832 3488 870 nos

1919 917 2068 959 ausa.
2104 911 2161 953 ut
2190 903 2395 962 dicant,
2422 906 2561 969 quod
2598 912 2877 970 propterea
2922 914 3043 970 post
3076 904 3488 959 fornicationem

1917 992 2248 1058 permittitur
2302 992 2724 1045 forniezutoi-ibns
2797 1010 3058 1061 peccare,
3139 1004 3195 1046 ιιι
3243 997 3309 1047 ab
3372 995 3491 1049 aliis

1922 1083 2087 1133 sei-tis
2120 1095 2337 1146 propter
2365 1084 2610 1150 corporis
2637 1085 2965 1148 voluptatem
3006 1085 3068 1135 ad
3106 1097 3291 1137 nostra
3326 1095 3492 1136 attra—

1921 1171 2122 1223 bauiur
2153 1182 2205 1223 et
2239 1174 2572 1224 allii-iantur.
2611 1175 2671 1225 Et
2702 1177 2810 1225 lure
2845 1176 3061 1240 quidem
3095 1174 3219 1227 [neti
3273 1177 3487 1241 species

1922 1275 2068 1315 recte
2126 1266 2366 1329 ponitur,
2401 1264 2542 1330 quod
2592 1266 2655 1315 ad
2702 1264 2938 1317 clericos
2978 1268 3191 1317 attinet.
3232 1266 3383 1331 Quod
3421 1269 3488 1317 ad

1924 1357 2221 1406 monacbas
2251 1366 2450 1413 autem,
2484 1365 2537 1407 et
2581 1356 2837 1417 virgines.
2868 1368 2922 1406 et
2974 1358 3269 1410 monaclms
3318 1359 3494 1411 sacris

1921 1445 2204 1494 ordinibus
2251 1461 2355 1496 non
2386 1446 2633 1497 initiatos
2667 1448 2881 1506 attinet,
2911 1448 3168 1511 quoniam
3203 1450 3281 1499 eis
3321 1447 3493 1498 bono-

1922 1534 1995 1585 ris
2029 1534 2231 1583 ablatio
2278 1548 2383 1585 non
2438 1535 2735 1592 inducitur.
2769 1544 2822 1585 et
2859 1550 2952 1585 eos
2994 1535 3191 1587 dlxerit
3220 1537 3491 1599 quispiam

1921 1622 2096 1685 legem
2130 1624 2379 1687 superius
2424 1624 2657 1687 positam
2718 1625 2886 1687 magis
2915 1639 3071 1690 posse
3109 1640 3204 1689 pro
3236 1641 3292 1676 se.
3325 1627 3496 1676 addu-

1921 1727 2066 1771 cere.
2103 1724 2156 1765 et
2185 1713 2247 1764 ad
2282 1716 2626 1765 evertendam
2664 1729 2849 1764 eorum
2884 1715 3150 1765 l‘nlitinem
3175 1725 3493 1777 praesentem

1922 1819 2190 1857 canonem
2229 1806 2515 1858 constitui.
2582 1805 2654 1857 De
2692 1806 3082 1857 monachorum
3112 1818 3289 1856 autent
3325 1806 3495 1859 forni-

1924 1894 2158 1953 catione,
2191 1903 2245 1941 et
2280 1893 2548 1960 virginum
2585 1892 2692 1941 Deo
2755 1894 3149 1953 dedicatarum,
3210 1893 3323 1959 lege
3373 1908 3492 1959 syn.

1916 1992 2083 2035 sexta:
2119 1996 2240 2032 can.
2268 1980 2322 2044 4,
2367 1980 2540 2032 sancti
2578 1979 2755 2031 Basilii
2784 1995 2905 2033 can.
2958 1981 3048 2042 18,
3080 1980 3171 2040 90.
3203 1981 3271 2034 60
3289 1990 3341 2033 et
3371 1982 3406 2033 I.
3444 1998 3493 2034 tv

1917 2073 2134 2126 Basilic.
2160 2074 2245 2124 tit.
2282 2087 2363 2139 pr.
2396 2086 2517 2137 cap.
2556 2071 2606 2131 5,
2642 2074 2782 2135 quod
2810 2072 3042 2136 p0situm
3085 2082 3169 2125 est
3197 2073 3246 2123 in
3273 2087 3394 2139 cap.
3426 2073 3495 2125 55

1922 2165 2045 2215 noui
2084 2163 2165 2214 tit.
2201 2162 2483 2230 prazsentis
2514 2162 2717 2228 operis.
2754 2160 2894 2229 Lege
2941 2171 2996 2216 et
3028 2176 3149 2228 cap.
3208 2162 3274 2215 78
3309 2164 3389 2215 tit.
3428 2162 3497 2216 37

1917 2254 2012 2308 lib.
2062 2269 2149 2306 ις.

239 2353 319 2411 εις
373 2348 415 2400 λ’
469 2351 763 2418 κεφάλαιον
793 2350 886 2402 τοῦ
936 2349 980 2402 θ’
1008 2350 1184 2402 τίτλου
1233 2348 1327 2401 τοῦ
1364 2350 1631 2417 παρόντος
1676 2349 2095 2417 συντάγματος·
2130 2347 2405 2416 ἀνάγνωθι
2456 2347 2552 2401 καὶ
2600 2365 2724 2415 κεφ.
2774 2354 2853 2418 οη¹
2898 2347 2990 2399 τοῦ
3063 2348 3141 2411 λζ’
3202 2347 3383 2400 τίτλου
3456 2349 3496 2412 ξι

242 2442 470 2512 βιϐλίου.

315 2538 555 2590 ΖΩΝΛΡ.
588 2537 921 2597 Κανονικοὺς
951 2535 1073 2598 τοὺς
1116 2545 1176 2588 ἓν
1203 2536 1280 2605 τῷ
1326 2538 1511 2590 κανόνι
1558 2538 1812 2602 ἐξεταζο-

247 2630 440 2697 μένους
473 2628 656 2693 φησὶν,
687 2628 854 2695 ήγουν
896 2626 1215 2695 κληρωτοὺς,
1246 2629 1340 2679 καὶ
1380 2630 1677 2696 μοναχοὺςο
1718 2629 1811 2681 καὶ

244 2720 595 2787 μοναστρὶας,
653 2721 744 2770 καὶ
819 2718 916 2781 τάς
973 2719 1276 2785 παρθενίαν
1331 2721 1812 2787 ὲπαγγειλαμένας

242 2814 427 2879 κόρας,
471 2810 609 2863 κατά
644 2810 733 2861 τὸν
768 2809 821 2874 ς’
863 2812 957 2862 καὶ
990 2809 1070 2878 μδ’
1108 2811 1308 2863 κανόνα
1360 2811 1460 2879 τῆς
1492 2815 1548 2863 ὲν
1584 2813 1811 2882 Καρθα-

238 2905 369 2975 γένῃ
421 2903 657 2955 συνόδου.
697 2904 773 2953 El‘
802 2901 932 2967 γοῦν
974 2903 1213 2964 τοιοῦτός
1248 2919 1332 2963 τις
1363 2905 1675 2971 πορνεύσει,
1709 2906 1809 2955 οὐκ

239 2996 528 3062 ὲιθήσεται
571 2993 1003 3061 συμφθείρεσθαι
1055 2996 1118 3062 τῇ
1164 2994 1284 3064 μεθ’
1333 2990 1400 3064 ἦς
1432 2996 1700 3063 ἥμαρτεν,
1736 2995 1811 3055 ὡς

236 3089 379 3152 τάχα
410 3087 588 3151 γάμου
632 3086 726 3153 τῆς
756 3085 993 3152 ἀθέσμου
1029 3086 1226 3149 μίξεως
1254 3085 1625 3157 λογισθείσης.
1648 3087 1806 3149 Εἰκὸς

237 3180 347 3243 γὰρ
380 3181 469 3227 τὸν
501 3176 759 3243 κληρικδν
785 3176 884 3243 τῆς
930 3177 1231 3245 ἱερωσύνης
1278 3178 1366 3230 διὰ
1397 3179 1495 3245 τὴν
1531 3178 1807 3246 ἁμαρτίαν
1839 3194 1882 3257 C

238 3271 540 3321 ἐκπεσόντα
577 3271 749 3320 εἰπεῖν
781 3270 861 3320 ὅτι
893 3269 1047 3319 Ἐπεὶ
1076 3271 1173 3337 τῆς
1204 3268 1361 3333 ἀξίας
1386 3270 1484 3338 ἤδη
1517 3271 1808 3320 ἐκπέπτω-

236 3377 327 3419 κα,
364 3358 461 3408 κᾶν
526 3357 823 3408 ἀπολαύσω
872 3356 972 3418 τῆς
1024 3358 1253 3427 ἡδονῆς·
1291 3361 1384 3410 καὶ
1446 3358 1588 3409 ἔστω
1646 3359 1802 3426 μοιὴ

233 3451 372 3514 γυνὴ
409 3448 523 3512 μεθ’
556 3442 623 3519 ἦς
655 3450 899 3516 ἥμαρτον
925 3451 1003 3511 εἰς
1032 3448 1339 3515 συμϐίωσιν
1368 3451 1641 3518 γαμικὴν.
1670 3451 1806 3502 Τοῦ-

232 3557 296 3591 το
325 3536 440 3601 οὖν,
477 3540 629 3605 φησὶ,
660 3541 1112 3609 παραχωρεῖσθαι
1143 3541 1201 3591 οὗ
1236 3541 1367 3609 χρὴ,
1410 3541 1523 3592 ἀλλ’
1555 3544 1620 3593 ἐκ
1677 3557 1814 3592 παν-

231 3633 321 3692 τὸς
375 3632 706 3683 διασπᾶσθαι
755 3632 853 3700 τὴν
904 3633 1202 3699 συνάφειαν
1246 3632 1449 3688 αὐτῶν.
1489 3634 1583 3683 καὶ
1642 3632 1809 3701 χωρί-

231 3720 422 3782 ζεσθαι
452 3722 545 3773 ἀπ’
578 3721 823 3788 ἀλλήλων
862 3722 991 3785 τοὺς
1040 3724 1339 3783 τοιούτους.
1376 3722 1547 3774 Τοῦτο
1577 3725 1684 3792 γάρ
1716 3726 1808 3775 καὶ

227 3816 295 3879 τῇ
340 3811 641 3880 Ἐκκλησία
687 3812 987 3873 λυσιτελὲς,
1030 3812 1497 3879 ἀποκοπτομένων
1547 3816 1642 3865 καὶ
1700 3816 1809 3867 τῶν

227 3903 436 3953 λοιπῶν
489 3902 561 3969 μὴ
626 3902 849 3955 τοιαῐτα
902 3903 1129 3972 τολμᾷν.
1187 3903 1508 3969 Λογίζονται
1566 3906 1675 3973 γὰρ
1727 3906 1809 3956 ὃτι

228 3995 399 4045 Οᾷδὲν
438 3994 589 4046 ἔσται
630 3996 761 4061 ἡμῖν
795 3993 1009 4059 ὄφελος,
1038 3996 1141 4047 κᾶν
1172 3996 1534 4063 ἁμάρτωμεν,
1578 4013 1655 4066 μη
1706 4014 1809 4049 πα·-

230 4088 697 4154 ραχωρουμένοις,
746 4084 847 4135 κᾶν
896 4088 994 4147 τῆς
1046 4086 1213 4160 τιμῆς
1266 4087 1620 4152 ἐκπέσωμεν,
1664 4105 1805 4154 συμ-

226 4176 382 4227 ϐιοῦν
413 4179 472 4243 τῇ
507 4179 725 4242 γυναικὶ
830 4177 1250 4245 συνεφθάρημ,εν
1275 4193 1290 4207 ⁶
1330 4178 1421 4229 καὶ
1450 4179 1497 4229 oi
1531 4180 1803 4247 αἱρετικοὶ

222 4268 324 4335 οὐχ
350 4266 531 4329 ἕξουσι
587 4267 754 4335 λαϐὴν
797 4267 917 4318 καθ’
957 4268 1113 4336 ἡμῶν
1166 4270 1347 4334 λέγειν
1378 4272 1462 4322 ὅτι
1500 4272 1599 4323 Διά
1648 4273 1806 4324 τοῦτο

223 4355 621 4423 παραχωροῦσι
656 4358 766 4416 τοῖς
798 4359 1177 4426 ἁμαρτάνουσι
1215 4361 1385 4428 συζῆν
1430 4365 1552 4422 ταῖς
1589 4362 1804 4427 γυναιξὶ

227 4448 346 4516 μεθ’
382 4443 456 4499 ὧν
480 4448 751 4516 ἥμαρτον,
788 4452 879 4500 καὶ
926 4450 999 4509 ὡς
1042 4454 1309 4515 γαμεταῖς
1369 4454 1676 4520 κεχρῆσθαι
1710 4456 1805 4506 αὖ·

1996 2524 2249 2580 ZONAR.
2273 2526 2575 2580 Canonicos
2602 2539 2716 2585 eos,
2764 2524 2850 2590 qui
2881 2523 2933 2576 in
2967 2537 3174 2577 canone
3206 2538 3497 2576 recensen-

1942 2629 2050 2683 tur,
2084 2622 2347 2677 nominat.
2374 2619 2601 2671 clericos
2630 2618 2908 2679 nimirum,
2955 2614 3251 2667 monachos
3282 2624 3335 2667 et
3384 2630 3481 2666 mo-

1922 2712 2152 2775 nacbas,
2181 2719 2235 2762 et
2266 2710 2631 2775 virginitatem
2692 2705 2965 2773 professas
3020 2705 3247 2772 puellas.
3282 2714 3339 2756 ut
3395 2706 3492 2755 ba-

1923 2805 2083 2857 betur
2135 2810 2288 2854 sexto
2319 2810 2369 2853 et
2399 2798 2812 2866 quadragesimo
2844 2809 3035 2865 quarto
3060 2811 3267 2849 canone
3300 2795 3489 2863 synodi

1921 2890 2391 2959 Carthaginiensis.
2426 2888 2480 2939 Si
2507 2890 2627 2955 quis
2679 2890 2839 2954 igitur
2871 2886 3137 2952 ejusmodi
3192 2884 3492 2937 fornicatus

1923 2984 2109 3037 fuerit.
2138 2984 2277 3034 haud
2309 2981 2652 3048 permittetur
2688 2994 2807 3030 cum
2839 2993 2897 3029 ea
2942 2992 3062 3027 cum
3097 2992 3199 3041 qua
3226 2977 3492 3040 peccavit,

1923 3074 2218 3139 corrumpi.
2255 3073 2411 3139 quasi
2447 3072 2584 3122 forte
2624 3070 2811 3119 illicita
2848 3067 3156 3119 commistio
3185 3065 3491 3131 nuptiarum

1925 3170 2098 3221 instar
2128 3166 2495 3217 existimetur.
2540 3160 2824 3212 Probabile
2857 3157 2965 3226 58
2997 3171 3230 3223 namque
3264 3167 3341 3209 est
3380 3158 3493 3209 cle.

1920 3260 2118 3320 ricnm,
2166 3258 2257 3325 qui
2312 3255 2450 3307 sacri
2530 3252 2735 3305 ordinis
2794 3252 3055 3316 dignitate.
3090 3248 3158 3301 ob
3201 3248 3491 3300 admissam

1917 3350 2132 3416 culpam
2189 3347 2489 3403 exciderat.
2548 3345 2775 3405 dixiSse,
2832 3342 3280 3406 Quandoquidem
3336 3355 3494 3393 sacro

1916 3446 2109 3497 ordine
2139 3454 2318 3494 motus
2376 3456 2517 3501 sum,
2553 3437 2704 3490 fruar
2748 3438 2940 3489 saltem
2999 3434 3290 3498 voluptate.
3322 3443 3374 3485 et
3422 3437 3494 3487 sit

1919 3536 2048 3587 mihi
2114 3533 2313 3586 mulier
2364 3531 2496 3589 bare,
2548 3545 2669 3583 cum
2727 3543 2829 3593 qua
2861 3526 3102 3592 peccari,
3158 3524 3489 3575 matrimonii

1916 3629 2176 3681 societate
2233 3624 2538 3689 conjuncta.
2604 3620 2713 3672 Hoc
2747 3635 2899 3687 ergo,
2955 3617 3494 3682 inquit,permittere

1919 3717 2061 3768 baud
2087 3722 2319 3781 oportet,
2351 3713 2441 3765 sed
2480 3711 2691 3761 illormn
2742 3709 3053 3760 siieietatetn
3096 3706 3309 3769 penitus
3347 3707 3478 3757 diri-

1917 3822 2085 3869 tnere,
2135 3816 2298 3872 atque
2341 3805 2409 3853 ab
2453 3803 2681 3854 invicem
2711 3799 2970 3863 ejusmodi
3020 3812 3327 3866 segregare.
3366 3795 3474 3849 Iloc

1917 3900 2185 3965 siquidem
2216 3911 2267 3949 et
2296 3895 2549 3947 Ecclesiae
2588 3893 2715 3945 utile
2763 3892 2941 3954 fuerit,
2970 3894 3092 3942 dum
3122 3891 3211 3942 alii
3243 3903 3477 3956 quoque,

1916 4005 1983 4043 ne
2033 3987 2296 4055 ejusmodi
2361 3986 2614 4045 audeant,
2688 3984 3073 4047 reprimentur.
3130 3981 3203 4033 Ita
3261 3996 3494 4043 namque

1916 4080 2245 4143 cogitabant,
2273 4074 2411 4127 Nibil
2441 4074 2594 4125 nobis
2619 4072 2887 4139 proderit,
2928 4073 3140 4123 etiamsi
3185 4085 3491 4137 peccemus,

1916 4174 2181 4241 siquidem
2220 4187 2345 4223 Cllm
2392 4185 2452 4220 ea
2508 4169 2760 4229 muliere,
2818 4183 2939 4219 cum
2991 4182 3092 4234 qua
3130 4168 3492 4233 corruptisu~

1917 4281 2056 4323 mus.
2084 4264 2330 4328 quamvis
2386 4261 2591 4311 honore
2643 4259 3027 4317 eniderinms.
3062 4268 3275 4309 aetatem
3332 4274 3491 4324 agere

1916 4359 2059 4411 haud
2091 4357 2248 4407 liceat
2284 4370 2297 4404 :
2332 4368 2431 4404 nec
2479 4351 2757 4403 Itabeunt
2810 4349 3045 4400 ba-retici
3078 4366 3265 4401 ansam
3304 4360 3489 4401 contra

1917 4465 2014 4500 nos
2071 4445 2306 4504 dicendi,
2362 4458 2459 4495 nos
2491 4457 2550 4493 ea
2585 4443 2649 4493 de
2701 4456 2871 4493 causa
2905 4440 3348 4507 delinquentibus
3375 4456 3487 4506 per-

220 4540 343 4597 ταῖς
374 4537 608 4589 διδόασιν
638 4538 825 4589 ἄδειαν
857 4538 1043 4599 αὐτοῖς
1073 4556 1085 4570 ·
1118 4539 1203 4590 ἵνα
1233 4540 1405 4602 οὕτως
1454 4544 1803 4597 ὲπισπῶνταί
1840 4529 1882 4585 ί)

1840 4529 1882 4585 D
1913 4534 2145 4590 mittere.
2176 4542 2232 4583 ut
2264 4546 2384 4583 eum
2433 4533 2496 4581 iis
2525 4530 2845 4581 mulieribus
2918 4528 3125 4589 vivant,
3166 4530 3486 4595 Qttibll'sCUlll

218 4645 377 4687 τινας
403 4627 509 4677 τῶν
540 4627 598 4691 ἐξ
620 4628 816 4696 ἑτέρας
847 4627 1175 4697 θρησκείας,
1211 4630 1381 4700 ἤγουν
1430 4632 1803 4703 ὑποσύρωσιν,

219 4719 583 4786 ὲφέλκωνται,
616 4720 690 4780 ὡς
739 4721 937 4782 ἐῶντες
991 4722 1256 4788 ἐμμένειν
1312 4727 1375 4790 τῇ
1412 4724 1678 4795 ἁμαρτίᾳ,
1713 4730 1805 4779 καὶ

222 4812 299 4881 μὴ
335 4809 555 4872 λύεντες
589 4812 715 4872 τοὺς
749 4809 1026 4879 ἀθέσμους
1056 4811 1295 4878 γάμους,
1332 4804 1405 4864 ὧν
1444 4819 1803 4883 προηγήσατο

219 4905 469 4973 πορνεία.

290 5170 519 5225 ΑΡΙΣΤ.
587 5170 653 5222 Ἠ
706 5166 988 5239 κανονικὴ,
1047 5166 1100 5220 εἴ
1153 5183 1257 5219 που
1321 5168 1417 5219 καὶ
1478 5168 1801 5235 ζεύγνυται,

214 5263 403 5324 διαζεύ
420 5277 624 5329 γνυται.

300 5356 368 5407 Ἦ
401 5352 700 5422 παρθενίαν
730 5351 1120 5422 δμολογήσασα
1164 5351 1259 5403 καὶ
1293 5350 1689 5419 ἀποταξαμένη
1725 5351 1801 5417 τῷ

214 5448 405 5515 γάμῳ,
437 5446 529 5496 καὶ
577 5444 668 5494 τὸν
720 5444 777 5495 ἐν
822 5442 1083 5510 ἁγιασμῷ
1121 5444 1517 5511 προτιμήσασα
1576 5442 1713 5511 βίον,
1752 5444 1800 5493 εί

214 5540 310 5598 τὰς
336 5535 628 5604 ὁμολογίας
657 5533 826 5603 αὐτῆς
872 5534 1039 5601 ἀθετή
1054 5550 1191 5585 σασα
1225 5535 1437 5597 ἡδοναῖς
1473 5534 1798 5596 ἀκολάστοις

212 5631 415 5693 ἑαυτὴν
445 5626 603 5694 ἐκδῷ,
628 5627 723 5677 καὶ
748 5626 898 5694 νόμῳ
928 5624 1086 5693 δῆθεν
1114 5627 1295 5693 γάμου
1329 5628 1482 5695 ἀνδρὶ
1523 5627 1797 5695 συναφθῇ,

211 5722 273 5771 οὔ
319 5722 497 5786 γὰμος
525 5717 684 5769 τοῦτο
729 5718 1078 5788 κριθήσεται,
1108 5717 1241 5768 ἀλλὰ
1290 5717 1519 5784 πορνεία
1544 5732 1556 5746 '
1596 5720 1625 5786 ἦ
1665 5721 1800 5786 μᾶ),-

212 5814 324 5865 ὶ.ον.
377 5811 518 5863 κατά
562 5810 653 5862 τὸν
690 5809 1163 5861 ἁκτωκαιδέκατον
1243 5810 1443 5863 κανόνα
1495 5811 1683 5861 τούτου
1740 5812 1794 5863 δὲ

1914 4633 2310 4692 peccaverunt.
2338 4635 2541 4688 easque
2594 4635 2819 4671 ιΙΧσιΓιιιῐι
2887 4619 3007 4671 loco
3035 4621 3298 4671 retinendi
3328 4621 3490 4673 facul-

1916 4727 2078 4769 tatem
2126 4715 2257 4780 ipsis
2310 4714 2464 4770 dare.
2497 4723 2550 4763 ut
2582 4713 2679 4762 bac
2713 4715 2921 4763 ratiOne
2948 4711 3155 4775 aliqum
3185 4726 3246 4763 ex
3284 4712 3372 4773 iis,
3400 4712 3489 4778 qui

1912 4808 2139 4860 diversa:
2181 4803 2428 4870 religioni
2473 4802 2672 4853 addit-ti
2732 4812 2878 4858 sunt,
2909 4803 3210 4861 attraham,
3252 4802 3351 4853 hoc
3385 4812 3489 4865 est,

1910 4900 2231 4955 subducant,
2261 4894 2499 4945 alliciant
2528 4909 2541 4955 ;
2590 4894 2788 4959 quippe
2822 4891 2925 4943 illis
2956 4892 3005 4942 in
3041 4902 3265 4959 pet-cato
3294 4894 3491 4959 degere

1912 4989 2315 5055 permittentes,
2344 5000 2437 5035 nec
2474 4982 2782 5051 illegitintas
2817 4984 3055 5049 nuptias,
3087 4998 3224 5048 quas
3250 4982 3491 5037 fornica-

1914 5080 1988 5131 tio
2014 5077 2311 5146 praecessit,
2352 5074 2646 5127 solventes.

1980 5168 2212 5223 ARIST.
2261 5168 2563 5230 Canonica,
2608 5164 2652 5218 si
2691 5163 3037 5217 matrimonio
3072 5164 3258 5233 juncta
3303 5163 3491 5228 fuerit,

1913 5263 2269 5329 disjungitur.

1980 5355 2108 5418 Quae
2153 5352 2519 5421 virginitatem
2586 5347 2827 5418 professa
2872 5357 2994 5411 est,
3046 5357 3095 5401 et
3140 5345 3494 5399 matrimonio

1910 5446 2269 5507 renuntiavit,
2301 5456 2351 5496 et
2379 5444 2543 5495 vitam
2575 5444 2627 5494 in
2652 5442 3013 5494 sanctimonia
3042 5438 3484 5505 actamprmtulit,

1908 5539 1950 5589 si
1997 5535 2359 5603 professiones
2385 5548 2511 5585 suas
2558 5531 2926 5596 vilipendens,
2972 5529 3276 5582 libidinosis
3305 5544 3361 5581 se
3392 5530 3453 5580 de

1908 5627 2049 5678 derit
2098 5625 2479 5693 voluptatibus,
2544 5632 2597 5677 et
2656 5623 2995 5675 matrimonii
3056 5622 3310 5673 nimirum
3368 5620 3484 5688 lege

1907 5720 2023 5771 viro
2050 5720 2333 5787 conjuncta
2379 5716 2559 5778 fuerit,
2601 5716 2748 5768 istud
2801 5716 3209 5767 matrimonium
3246 5728 3349 5765 n0n
3389 5712 3477 5779 iit-

1908 5811 2195 5870 dit-abitur.
2252 5811 2343 5863 sed
2391 5807 2676 5862 fornicatio
2734 5826 2747 5860 :
2801 5819 2889 5859 aut
2960 5808 3136 5861 tiotius
3183 5807 3479 5860 secundum
