4224 6446
231 399 343 462 609
1184 400 1263 460 ΙΝ
1301 402 1543 463 EPIST.
1589 404 1651 462 S.
1687 402 1855 462 BASI

1932 406 1969 463 Ll
2020 404 2461 463 CANONlCAM
2510 407 2560 465 Ι.
3376 407 3481 469 610

235 507 409 571 λέγει.
450 507 521 558 ’Π
556 508 663 576 γὰρ
696 506 946 577 ἀρχῆθεν
983 503 1125 578 ἦσαν
1174 511 1240 559 τὰ
1284 504 1476 559 εἴδωλα
1529 510 1805 575 σέεοντες,
1840 520 1856 570 Α

1932 512 2249 566 sacriﬁcant.
2281 510 2416 564 Nam
2453 514 2533 566 vel
2565 513 2686 568 inde
2719 516 2786 569 a’b
2828 518 2980 571 initio
3008 518 3272 572 idolorum
3314 522 3482 579 cultui

236 598 335 650 καὶ
378 599 765 667 προσελθόντες
797 602 862 668 τῇ
908 599 1090 651 πίστει
1123 600 1217 653 καὶ
1261 599 1672 667 βαπτισθέντες,
1716 603 1804 653 εὑ·

1932 603 2060 655 ὐετε
2090 603 2312 664 addicti,
2352 614 2515 669 atque
2554 606 2618 657 ad
2653 607 2808 660 fidem
2840 610 3181 674 accedentes,
3217 621 3270 665 et
3304 612 3482 681 bapti-

238 690 337 750 θῦς
366 692 478 751 τοῖς
508 693 720 752 πιστοῖς
750 690 1236 759 συναριθμοῦνται.
1256 691 1349 743 καὶ
1388 690 1496 743 τῶν
1532 692 1806 761 ἁγιασμά-

1932 708 2031 744 ιηιο
2066 691 2289 757 expiati,
2340 692 2623 747 confestim
2663 709 2785 749 cum
2821 696 3073 752 fidelibus
3115 702 3483 755 adnumeran-

238 797 349 832 των
406 782 755 850 μετέχουσιν·
828 783 861 850 ἢ
927 782 1248 851 Χριστιανοὶ
1324 781 1498 843 ὄντες,
1564 784 1803 845 εἰδώλοις

1935 796 2019 844 ur,
2068 780 2345 848 sacrisque
2406 785 2676 851 mysteriis
2734 790 3173 856 communicant;
3238 791 3321 843 vel
3359 807 3482 845 cum

240 871 464 937 ιθυσαν,
496 874 589 923 καὶ
615 873 701 925 διά
745 873 860 938 βίου
894 875 1173 940 μετανοεῖν
1200 871 1527 940 ὀφείλουσιν.
1558 872 1633 924 Οὐ
1677 875 1809 941 περὶ

1932 870 2217 923 Christiani
2275 882 2476 935 essent,
2534 874 2690 927 idolis
2720 876 3092 940 immolavere.
3123 894 3186 933 ac
3222 895 3316 947 per
3344 882 3483 935 inte-

240 962 500 1014 τοιούτων
537 959 627 1016 οὖν
674 962 1079 1030 είδωλολατρῶν
1132 962 1276 1014 ἔοικε
1336 962 1513 1029 λέγειν
1552 966 1580 1015 6
1627 964 1808 1028 ἅγιος,

1932 975 2065 1028 ;ram
2099 960 2265 1013 vitam
2300 961 2671 1029 paenitentiam
2700 980 2858 1033 agere
2883 967 3095 1020 debent.
3131 967 3483 1037 Nequaquam

240 1051 379 1106 ἀλλὰ
413 1053 538 1113 τοὺς
574 1052 776 1118 γόητας
813 1053 905 1103 καὶ
940 1052 1066 1113 τοὺς
1108 1052 1177 1103 τὰ
1220 1053 1489 1122 περίεργα
1519 1053 1811 1113 ποιοῦντας

1936 1054 2079 1119 gitur
2112 1054 2177 1106 de
2242 1054 2511 1119 ejusmodi
2578 1057 2877 1111 idololatris
2924 1071 3145 1112 sanctus
3196 1062 3284 1115 hic
3338 1062 3482 1129 loqui

245 1140 641 1211 εἱδωλολάτρας
694 1142 989 1193 ἐκάλεσεν’
1048 1142 1120 1204 ὡς
1158 1143 1478 1210 ἐπικλήσεις
1532 1143 1811 1209 δαιμόνων

1932 1143 2130 1194 videtur
2160 1160 2175 1198 :
2217 1146 2310 1198 sed
2346 1147 2787 1214 prastigiatores,
2842 1163 2905 1201 ac
2935 1149 3199 1215 ejusmodi
3233 1152 3487 1203 inanita—

243 1232 601 1299 παυομένους
632 1233 692 1284 ἐν
734 1234 855 1294 ταῖς
893 1235 1192 1301 γοητείαις,
1230 1234 1321 1286 καὶ
1361 1234 1419 1297 ἐξ
1461 1235 1687 1285 ἐκείνων
1719 1232 1815 1301 ζη-

1932 1234 2065 1285 .ilius
2110 1242 2295 1286 curam
2363 1236 2756 1303 impendentes,
2790 1238 3106 1292 idololatras
3135 1240 3437 1293 nominavit
3470 1256 3486 1295 :

246 1323 477 1383 τοῦντας
536 1324 879 1393 ἐπικουρίαν,
931 1323 1226 1376 κάντεῦθεν
1295 1324 1587 1387 δοκοῦντας
1647 1324 1816 1393 τιμᾷν

1932 1326 2118 1393 quippe
2173 1328 2262 1394 qui
2320 1328 2622 1381 damnationi
2684 1332 3053 1385 invocationes
3112 1332 3369 1385 adhibent
3418 1334 3486 1386 ad

244 1415 343 1468 καὶ
384 1414 713 1483 θεραπεύειν
762 1416 978 1477 αὐτούς.
1023 1414 1203 1466 Εἰπὼν
1244 1416 1298 1468 δέ
1348 1416 1431 1467 ὅτι
1485 1416 1581 1483 τῆς
1642 1416 1818 1485 αὐτῆς

1932 1418 2241 1486 praestigias,
2276 1429 2385 1471 tum
2411 1437 2475 1472 ex
2511 1421 2575 1472 iis
2607 1422 2865 1473 auxilium
2913 1430 3119 1487 petunt,
3164 1438 3225 1475 ac
3266 1424 3490 1489 proinde

244 1504 543 1573 καταδίκης
598 1506 738 1557 είσὶν
806 1505 1136 1574 ἠξιωμένοι,
1193 1507 1251 1557 οὐ
1298 1506 1457 1558 τὸῦτο
1514 1506 1685 1572 λέγει,
1736 1507 1818 1558 ὅτι

1932 1508 2293 1559 venerantium
2328 1510 2471 1573 ipsos
2500 1519 2554 1561 ct
2583 1509 2881 1562 colentium
2910 1509 3199 1575 quamdam
3254 1512 3488 1577 speciem

247 1593 556 1663 ἰσαρίθμοις
581 1595 945 1663 ἐπιτιμῶνται
976 1597 1269 1657 ἐνιαυτοῖς,
1310 1595 1424 1647 ἀλλ’
1455 1596 1536 1647 ὅτι
1575 1595 1821 1647 πολυετεῖ

1932 1601 2184 1666 praebent.
2240 1599 2371 1651 Cum
2403 1613 2529 1652 vero
2570 1600 2757 1653 eadem
2821 1601 3270 1653 condemnatione
3300 1603 3490 1667 dignos

248 1685 513 1754 ἐπιτιμίῳ
543 1685 880 1749 ὑπόκεινται,
910 1686 1136 1738 ἕκαστοι
1174 1687 1230 1739 δέ
1264 1687 1405 1739 κατὰ
1451 1690 1579 1747 τοῦς
1644 1687 1809 1749 ίδίους

250 1779 431 1846 ὄρους.
480 1778 633 1830 Ὀσοι
665 1778 721 1831 δέ
770 1778 863 1829 ἐπὶ
926 1780 1219 1849 τριάκοντα
1272 1780 1421 1832 ἔτεσι
1486 1778 1822 1848 μετενόησαν

1925 1688 2202 1741 habendos
2231 1701 2349 1739 esse
2405 1688 2501 1750 ait,
2534 1703 2638 1741 non
2674 1690 2743 1741 ita
2782 1690 3171 1755 intelligendus
3203 1698 3305 1745 est.
3335 1688 3491 1756 quasi

1926 1778 2118 1845 aequali
2149 1793 2411 1832 annorum
2454 1794 2679 1831 numero
2715 1781 3029 1846 puniantur.
3082 1782 3175 1834 sed
3213 1781 3335 1846 quia
3375 1779 3493 1846 plu-

251 1865 403 1941 ἐφ⁹ᾗ
446 1861 1045 1939 ἐπραξαν’άκαθαρσίᾳ
1095 1870 1151 1919 ἐν
1207 1870 1400 1937 ἀγνοίᾳ
1433 1869 1665 1935 (ἀγνοῶν
1712 1869 1823 1937 γάρ

1932 1868 2067 1920 rium
2110 1884 2373 1927 annorum
2417 1870 2595 1920 multa:
2640 1871 2749 1922 sint
2783 1871 3025 1932 obnoxii.
3079 1872 3274 1939 singuli
3314 1883 3493 1923 tamen

245 1978 332 2023 τις
372 1961 534 2029 τυχὸν
572 1962 825 2027 συγγενεῖ
857 1960 1026 2028 ἐμίγη
1061 1960 1135 2028 μὴ
1160 1960 1315 2022 εἰδὼς
1336 1961 1435 2029 τὴν
1468 1960 1817 2027 συγγένειαν,

247 2052 279 2121 ἢ
319 2052 535 2117 γυναικί
575 2068 702 2112 τινι,
740 2050 814 2120 μὴ
860 2048 1017 2112 εἰδὼς
1056 2052 1138 2103 ὅτι
1191 2053 1284 2104 καὶ
1327 2052 1354 2103 6
1412 2052 1596 2119 πατὴρ
1648 2048 1815 2103 αὑτοῦ

247 2144 525 2211 ἐχρήσατο
576 2143 806 2213 ἐκείνῃ),
851 2144 976 2202 τοὺς
1029 2139 1308 2204 τοιούτους
1360 2142 1481 2194 ούδέ
1539 2141 1818 2211 ἀμφιϐάλ-

248 2234 363 2285 λειν
419 2233 605 2302 ἐχρῆν,
657 2234 855 2301 φησιν,
907 2234 987 2293 είς
1034 2232 1093 2284 τδ
1145 2232 1586 2301 παραδέξασθαι,
1646 2230 1820 2283 πολλὰ

246 2323 474 2392 ἔχοντας
548 2322 733 2374 δίκαια
802 2323 882 2385 είς
947 2324 1008 2374 τδ
1074 2321 1643 2392 συγγνωμονηθῆναι,

246 2417 493 2480 ἄγνοιαν,
527 2414 586 2465 τὸ
618 2412 865 2465 ἑκούσιον
889 2412 991 2480 τῆς
1034 2411 1439 2483 ἐξαγορεύσεως
1488 2411 1818 2481 (ἀγνοούμε-

248 2524 337 2558 νον
372 2506 480 2574 γὰρ
518 2506 577 2558 τὸ
617 2504 925 2574 ἁμάρτημα
985 2504 1207 2567 ἐκόντες
1261 2502 1774 2572 ἐξωμολογήσαντο)
1802 2518 1819 2535 ο

250 2596 345 2648 καὶ
394 2596 495 2663 τὴν
540 2593 634 2646 τοῦ
690 2596 885 2664 χρόνου
934 2594 1266 2662 παράτασιν.
1313 2591 1507 2661 Σχεδὸν
1544 2591 1653 2662 γάρ
1693 2591 1822 2660 ὃλην

245 2688 449 2755 γενεὰν
501 2685 789 2757 ἀνθρώπου
857 2685 1237 2754 παρεδόθησαν
1298 2684 1378 2747 τῷ
1432 2683 1685 2752 Σατανᾷ,
1731 2682 1817 2734 ῖνα

248 2778 581 2832 παιδευθῶσι
624 2778 699 2847 μὴ
731 2780 1085 2847 ἀσχημονεῖν.
1120 2778 1220 2829 Διὰ
1276 2773 1451 2829 ταῦτα
1492 2774 1674 2827 τοίνυν
1736 2773 1822 2826 5s-

249 2874 411 2935 κτοῦς
443 2871 691 2940 ἡγεῖσθαι
715 2871 933 2933 αὐτούς.

1920 1958 2074 2024 juxta
2142 1960 2387 2025 proprios
2448 1959 2737 2012 terminos.
2788 1959 2887 2023 Qui
2924 1976 3050 2013 vero
3074 1961 3293 2029 triginta
3336 1963 3491 2013 annis

1926 2047 2002 2101 ob
2037 2049 2425 2117 impuritutem,
2467 2064 2628 2117 quam
2693 2053 3005 2119 ignorantes
3050 2052 3407 2116 admiserunt,
3443 2054 3493 2103 in

1924 2138 2244 2206 paenitentia
2295 2141 2494 2192 versati
2546 2149 2669 2193 sunt
2744 2141 2962 2209 (aliquis
3014 2142 3156 2195 enim
3208 2141 3346 2195 forte
3400 2157 3496 2210 per

1926 2229 2321 2297 ignorationem
2384 2245 2511 2283 cum
2560 2242 2791 2300 cognata
2827 2248 2938 2285 rem
2998 2233 3207 2297 habuit,
3244 2234 3497 2299 ignorans

1716 2322 1819 2383 τὴν
1923 2320 2324 2386 cognationem,
2360 2330 2453 2373 aut
2513 2337 2635 2375 cum
2690 2323 2793 2375 alia
2830 2324 3074 2387 muliere,
3132 2336 3251 2376 cum
3292 2332 3495 2392 patrem

1927 2424 2141 2477 quoque
2199 2425 2352 2463 suum
2387 2411 2473 2464 illa
2507 2427 2662 2463 usum
2697 2411 2862 2467 fuisse
2902 2414 3224 2483 ignoraret),
3257 2414 3321 2469 de
3350 2416 3498 2485 ejus-

1939 2500 2110 2563 modi,
2144 2502 2339 2568 inquit,
2403 2517 2470 2555 ne
2530 2504 2884 2557 dubitandum
2942 2515 3024 2560 est
3073 2506 3311 2573 quidem,
3365 2508 3496 2573 quin

1930 2590 2310 2653 admittantur.
2342 2608 2464 2645 cum
2497 2594 2695 2647 multas
2731 2595 2964 2649 habeant
2994 2598 3400 2660 excusationes,
3429 2599 3498 2647 ob

1929 2696 2064 2749 quas
2096 2682 2177 2734 eis
2212 2684 2371 2735 venia
2402 2684 2627 2744 concedi
2661 2685 2826 2751 possit
2861 2703 2873 2737 :
2911 2686 3299 2754 ignorationem
3342 2686 3501 2737 nimi-

1933 2788 2078 2838 rum,
2110 2782 2461 2839 spontaneam
2491 2773 2891 2828 confessionem
2918 2778 3245 2844 (ignoratum
3274 2791 3504 2843 namque

1930 2864 2137 2917 crimen
2161 2874 2349 2931 sponte
2380 2862 2614 2919 confessi
2655 2864 2805 2934 sunt)
2838 2880 2902 2919 ac
2937 2868 3195 2933 temporis
3226 2868 3500 2920 diuturni-

251 2978 439 3020 talem.
495 2966 631 3021 Tota
680 2980 917 3033 namque
978 2964 1091 3019 fere
1124 2963 1359 3017 hominis
1406 2970 1567 3015 aetate
1597 2959 1816 3012 Satanae
1854 2957 2039 3011 traditi
2095 2966 2239 3019 sunt,
2294 2966 2355 3009 ut
2406 2971 2436 3008 a
2497 2959 2744 3027 turpibus
2789 2959 3063 3013 abstinere
3128 2959 3363 3013 discant.
3423 2958 3505 3011 0b

254 3066 367 3116 haec
426 3062 591 3131 igitur
644 3061 802 3116 facile
837 3061 985 3129 ipsos
1022 3060 1387 3113 admittendos
1430 3072 1550 3112 esse
1582 3057 1906 3109 arbitratur.

324 3154 440 3208 Ούκ
475 3154 707 3219 ἄκαιρον
740 3151 796 3202 δέ
830 3150 925 3201 καί
965 3166 1019 3200 τι
1065 3151 1385 3219 παρενεῖραι
1426 3147 1505 3216 τῷ
1542 3148 1707 3215 λόγῳ,
1745 3148 1838 3199 καὶ

2012 3145 2128 3200 Νοη
2176 3148 2409 3203 alienum
2465 3158 2642 3203 autem
2686 3148 2789 3201 erit
2819 3148 3071 3216 quiddam
3106 3149 3267 3203 etiam
3301 3148 3387 3203 hic
3424 3150 3507 3203 in-

251 3248 414 3298 λῦσαι
436 3243 911 3312 ἁμφιϐαλλόμενον
930 3242 982 3294 τί
1012 3257 1151 3293 τισιν
1183 3257 1197 3271 ·
1222 3242 1249 3293 6
1288 3241 1461 3309 μέγας
1506 3240 1829 3301 ’Δπόστολος

251 3336 565 3408 Κορινθίοις
591 3334 945 3396 ἐπιστέλλων,
989 3332 1083 3385 καὶ
1113 3333 1241 3399 περὶ
1267 3331 1362 3383 τοῦ
1400 3334 1829 3399 πεπορνευκότος

252 3432 333 3490 εἰς
380 3428 477 3497 τὴν
516 3427 653 3479 ίδίαν
700 3425 969 3495 μητρυιὰν
992 3424 1219 3493 γράφων
1246 3440 1257 3453 ·
1294 3422 1597 3491 Παράδοτε
1620 3422 1825 3484 αὐτὸν,

252 3524 412 3589 φησὶ,
450 3518 529 3584 τῷ
562 3516 819 3583 Σατανᾷ,
874 3518 975 3569 ἵνα
1024 3515 1090 3569 τό
1141 3516 1375 3583 πνεῦμα
1424 3513 1613 3582 σωθῇ.
1675 3514 1830 3576 Τινὲς

257 3614 361 3682 μὲν
398 3612 489 3665 οῦν
522 3612 743 3677 δαίμονι
768 3609 998 3676 κάτοχον
1045 3606 1299 3675 γενέσθαι
1328 3607 1420 3658 τὸν
1457 3604 1829 3675 πορνεύσαντα

254 3706 499 3773 λέγουσι,
546 3704 690 3764 τινὲς
725 3702 783 3753 δέ
824 3702 983 3752 νόσου
1027 3701 1256 3768 μάστιγι
1289 3697 1615 3766 ἐκδοθῆναι·
1653 3698 1830 3749 καίτοι

258 3794 320 3857 ἐξ
349 3790 529 3843 αὐτῶν
554 3789 661 3842 τῶν
681 3788 818 3857 πρὸς
850 3787 1169 3856 Κορινθίους
1212 3785 1542 3838 Ἐπιστολῶν
1568 3784 1830 3851 λυομένου

256 3882 353 3935 τοῦ
394 3880 721 3948 ἀμφιϐόλου,
751 3880 846 3929 καὶ
882 3876 1216 3945 δηλουμένου
1250 3876 1331 3927 ὅτι
1366 3876 1427 3926 τὸ
1458 3874 1832 3943 παραδοθῆναι

257 3976 339 4045 τῷ
390 3974 605 4041 Σατανᾷ
653 3968 1018 4041 ἀφορισθῆναί
1048 3971 1187 4032 ἐστι,
1238 3968 1330 4019 καὶ
1364 3968 1459 4034 τῆς
1487 3967 1593 4017 τῶν
1624 3965 1834 4017 πιστῶν

260 4066 482 4134 μερίδος
537 4063 969 4133 ἐκκηρυχθῆναι.
1042 4062 1132 4114 Ἐν
1188 4061 1285 4129 μὲν
1332 4060 1441 4128 γὰρ
1486 4062 1551 4128 τῇ
1614 4059 1833 4129 πρώτῃ,

254 4156 388 4207 ἔνθα
422 4156 513 4207 καὶ
543 4153 917 4221 παραδοθῆναι
949 4142 1025 4219 τῷ
1059 4150 1275 4218 Σατανᾷ
1312 4149 1405 4199 τὸν
1436 4150 1836 4217 άμαρτήσαντα

255 4246 608 4310 κατεδίκασε,
641 4242 772 4312 φησί
800 4258 815 4273 ·
849 4242 955 4295 Καὶ
997 4241 1166 4310 ὑμεῖς
1199 4241 1643 4309 πεφυσιωμένοι
1672 4241 1834 4303 ἐστὲ,

256 4336 361 4389 καὶ
395 4335 531 4402 οὐχί
574 4333 821 4403 μᾶλλον
869 4333 1267 4399 ἐπενθήσατε,
1333 4333 1436 4385 ἵνα
1494 4331 1718 4400 ἐξαρθῇ
1769 4333 1837 4395 ἐξ

1934 3247 2201 3292 terserere
2233 3239 2485 3302 orationi,
2532 3254 2595 3292 ac
2628 3250 2833 3294 certam
2862 3242 3216 3308 quorumdam
3256 3242 3509 3309 quaestio-

1932 3346 2054 3384 nem
2110 3332 2371 3385 solvere:
2439 3348 2665 3402 magnus
2722 3332 3013 3400 Apostolus
3069 3335 3133 3385 ad
3201 3332 3509 3387 Corinthos

1930 3424 2197 3487 scribens,
2253 3435 2307 3479 et
2354 3426 2424 3479 de
2478 3440 2565 3489 eo,
2605 3426 2697 3494 qui
2744 3442 2863 3480 cum
2924 3442 3151 3479 noverca
3217 3426 3512 3482 fornicatus

1932 3514 2107 3567 fuerat
2153 3517 2423 3570 disserens
2466 3534 2479 3570 :
2519 3516 2766 3579 Tradite,
2806 3517 3018 3586 inquit,
3072 3518 3241 3585 ipsum
3278 3516 3509 3577 Satanan

1932 3616 1987 3659 ut
2030 3606 2247 3674 spiritus
2276 3607 2451 3660 salvus
2506 3608 2599 3675 fiat
2649 3609 2686 3662 '.
2732 3607 2957 3671 Quidam
3030 3609 3189 3675 igitur
3256 3609 3514 3663 dtetnonis

1932 3699 2185 3764 potestati
2259 3697 2549 3749 obnoxium
2636 3696 2985 3751 fornicarium
3075 3697 3271 3751 factum
3353 3698 3516 3752 fuisse

1936 3788 2149 3851 dicunt;
2180 3788 2394 3855 quidam
2418 3802 2547 3842 vero
2596 3788 2768 3842 morbi
2823 3788 3031 3858 ﬂagello
3063 3789 3339 3841 traditum.
3399 3788 3517 3842 (Σιν-

1937 3888 2109 3931 teruni
2155 3893 2220 3931 ex
2297 3879 2538 3945 ipsismet
2586 3879 2652 3933 ad
2725 3879 3032 3932 Corinthios
3099 3878 3350 3946 Epistolis
3411 3881 3519 3933 sul-

1944 3969 2088 4023 vitur
2124 3970 2413 4033 dubitatio,
2448 3981 2501 4023 et
2543 3970 2874 4035 declaratur,
2935 3970 3076 4037 quod
3112 3971 3246 4023 tradi
3282 3969 3515 4034 Satanzr,

1937 4069 2021 4113 est
2054 4059 2325 4129 segregari
2382 4072 2435 4113 et
2462 4076 2488 4112 a
2526 4071 2669 4113 ccetu
2697 4061 2932 4113 lidelium
2966 4061 3229 4114 abdicari.
3265 4059 3319 4113 ln
3352 4062 3513 4129 priori

1941 4164 2174 4217 namque
2226 4151 2314 4203 ubi
2364 4150 2525 4202 etiam
2562 4164 2682 4203 eum
2713 4151 2801 4217 qui
2839 4150 3135 4218 deliquerat
3172 4150 3385 4203 Satanae
3414 4161 3522 4203 tra-

1941 4242 2172 4294 dendum
2212 4241 2568 4309 adjudicavit,
2644 4239 2713 4292 Et
2759 4257 2870 4306 eos,
2921 4241 3115 4308 inquit,
3164 4242 3339 4309 inﬂati
3372 4243 3519 4305 estis,

1942 4342 1987 4384 et
2019 4347 2120 4384 non
2147 4332 2315 4399 magis
2354 4314 2553 4385 luctu‘m
2584 4330 2868 4393 habuistis,
2904 4342 2959 4383 ut
2990 4331 3213 4384 tollatur
3258 4348 3322 4385 ea:
3357 4332 3519 4395 vobis,

255 4427 428 4496 ὑμῶν
459 4429 491 4478 δ
544 4427 607 4477 τὸ
655 4426 833 4493 ἔργον
869 4424 1039 4485 τοῦτο
1089 4424 1365 4486 ποιήσας.
1405 4423 1478 4473 Τὸ
1507 4421 1583 4485 δέ,
1616 4422 1838 4489 ἐξαρθῇ

1942 4419 2027 4487 qui
2056 4418 2151 4470 hoc
2173 4434 2301 4485 opus
2329 4418 2449 4487 fecit
2486 4417 2527 4471 ’.
2556 4417 2689 4471 Illud
2718 4433 2929 4486 nempe.
2954 4418 3196 4482 tollatur,
3228 4420 3353 4486 quid
3382 4419 3523 4471 aliud

255 4518 327 4582 ἐξ
352 4515 541 4584 ὑμῶν,
570 4514 619 4566 τί
650 4515 779 4568 ἄλλο
801 4514 951 4567 ἐστὶν
987 4513 1021 4580 ἢ
1046 4513 1151 4576 ὅτι,
1190 4513 1279 4563 ἵνα
1308 4514 1519 4581 ἐκκοπῇ
1552 4514 1645 4564 καὶ
1678 4512 1837 4565 ἀλλο-

256 4607 471 4678 τριωθῇ
520 4603 614 4670 ἀφ’
666 4604 859 4672 ὑμῶν;
917 4603 1280 4655 Ἐκκόπτεται
1332 4603 1388 4655 δέ
1446 4604 1474 4654 6
1522 4605 1837 4672 ὰφορισθεὶς

258 4700 353 4751 καὶ
386 4698 460 4767 μὴ
496 4701 559 4765 τῇ
606 4696 715 4747 τῶν
752 4695 962 4748 πιστῶν
994 4694 1392 4761 συνενούμενος
1425 4693 1615 4765 μοίρᾳ.
1664 4696 1753 4748 Ἐν
1784 4696 1840 4748 δὲ

257 4792 325 4856 τῇ
356 4788 586 4856 δευτέρᾳ
641 4783 930 4852 Ἐπιστολῇ
973 4799 1106 4851 φησι
1132 4799 1146 4811 ’
1182 4783 1503 4850 κυρώσατε
1536 4788 1624 4848 εις
1654 4785 1842 4838 αὐτὸν

260 4878 527 4946 ἀγάπην.
564 4878 685 4939 Πῶς
714 4876 807 4929 οῦν
838 4876 973 4945 πρὸς
1009 4878 1099 4926 τὸν
1127 4873 1579 4944 δαιμονιζόμενον
1616 4875 1841 4943 έμελλον

263 4969 518 5036 κυρῶσαι
548 4968 769 5035 ἀγάπην
796 4983 809 4996 ·
840 4965 872 5035 ἢ
922 4965 1058 5033 πρὸς
1086 4963 1177 5015 τὸν
1217 4963 1381 5017 πάθει
1412 4964 1641 5033 λέπρας,
1680 4962 1712 5032 ἢ
1739 4967 1847 5017 τινὶ

262 5056 496 5125 τοιούτῳ
537 5054 1101 5125 ταλαιπωρούμενον;
1151 5053 1450 5107 Ἐλεεῖσθαι
1494 5053 1603 5123 γὰρ
1647 5052 1850 5123 μᾶλλον

263 5146 504 5215 ὤφειλεν
548 5147 575 5198 6
631 5144 776 5198 οὕτω
834 5144 1080 5213 πάσχων,
1141 5143 1265 5213 οὐχὶ
1326 5144 1623 5213 μισεῖσθαι.
1691 5144 1851 5195 Ἀλλὰ

262 5237 427 5290 τοῦτο
464 5237 620 5303 ἐλεγε
665 5236 906 5299 πάντως,
949 5236 1031 5288 ὅτι
1086 5236 1183 5288 Ὃν
1228 5236 1624 5304 ἀπεστράφητε
1666 5235 1755 5288 διὰ
1793 5235 1853 5287 τδ

261 5332 596 5398 ἁμάρτημα,
622 5329 716 5380 καί
741 5326 841 5395 τῆς
883 5325 1212 5395 Ἐκκλησίας
1243 5324 1669 5395 ἡλλοτριώσατε,
1697 5326 1851 5390 δέξα-

266 5424 363 5474 σθε
394 5421 580 5482 πάλιν,
612 5421 700 5472 ἵνα
738 5419 813 5489 μὴ
842 5422 907 5489 τῇ
950 5419 1318 5488 περισσοτέρᾳ
1366 5418 1509 5487 λύπῃ
1540 5419 1847 5488 καταποθῇ.

267 5517 378 5567 Καὶ
430 5511 761 5580 ἑρμηνεύει,
792 5510 866 5570 ὡς
922 5508 1054 5575 γοῦν
1094 5509 1332 5576 εἴρηται,
1384 5510 1545 5571 αὐτὸς
1584 5510 1777 5562 ἐαυτὸν
1824 5512 1853 5562 6

278 5606 627 5665 ’Λπόστολος,
663 5605 758 5655 καὶ
783 5599 1092 5671 σαφηνίζει.
1130 5600 1191 5651 El
1222 5598 1279 5650 δέ
1308 5616 1390 5660 τις
1419 5597 1852 5670 φιλονεικότερον

264 5699 609 5757 ἀνθίσταται,
639 5694 880 5746 πεισάτω
905 5691 1092 5744 τοῦτον
1128 5692 1156 5743 6
1185 5692 1344 5757 σοφδς
1365 5684 1521 5751 οὗτος
1546 5692 1641 5741 καὶ
1672 5694 1841 5761 μέγας

345 5813 360 5842 ³
400 5814 565 5871 ιαυτ.
609 5829 659 5882 ι’,
684 5813 739 5866 5.
872 5810 891 5839 ’
918 5810 1051 5865 Ibid.
1081 5808 1140 5866 2.
1238 5807 1257 5837 ³
1283 5807 1325 5863 ll
1361 5808 1483 5865 Cor.
1520 5824 1577 5873 ιι,
1607 5809 1659 5862 8.

1870 4478 1917 4536 ι)

1948 4509 2239 4576 significat,
2276 4523 2434 4576 quam
2467 4518 2525 4560 ut
2566 4509 2867 4573 excidatur,
2902 4507 3213 4577 alienusque
3266 4510 3525 4562 habeatur

1951 4614 1980 4653 a
2016 4600 2209 4653 vobis?
2245 4598 2524 4652 Exciditur
2561 4614 2685 4652 vero
2725 4598 3035 4667 quicunque
3065 4610 3399 4667 segregatur,
3426 4614 3524 4652 nec

1953 4688 2005 4741 in
2057 4702 2285 4741 numero
2340 4687 2576 4740 fidelium
2628 4696 2959 4740 recensetur.
3010 4687 3065 4740 In
3117 4690 3347 4741 secunda
3398 4701 3526 4739 vero

1950 4779 2193 4850 Epistola
2224 4780 2338 4833 hanc
2369 4780 2549 4839 habet,
2588 4777 2901 4833 Cunservate
2931 4796 3052 4849 erga
3080 4780 3250 4845 ipsum
3294 4777 3525 4829 charito-

1953 4882 2054 4926 tem
2084 4869 2125 4924 ⁸.
2152 4869 2255 4936 Qui
2286 4871 2449 4941 igitur
2464 4870 2780 4924 cbaritatem
2810 4885 2934 4939 erga
2964 4880 3215 4923 vexatum
3236 4884 3263 4921 a
3286 4870 3531 4927 daeuione

1957 4963 2330 5019 conservaturi
2370 4961 2597 5015 fuissent
2624 4980 2637 5015 :
2662 4960 2746 5016 vel
2773 4976 2898 5030 erga
2932 4962 3079 5014 illum
3116 4960 3206 5029 qui
3241 4959 3410 5027 lepra,
3445 4958 3527 5009 Vel

1950 5052 2213 5123 ejusmodi
2245 5053 2353 5106 alio
2394 5053 2581 5107 morbo
2614 5052 2997 5121 premeretur?
3031 5049 3239 5103 Etenim
3283 5048 3529 5101 misereii

1952 5146 2135 5215 potius
2166 5146 2246 5199 sic
2298 5143 2502 5209 aﬂ'ecti,
2551 5159 2714 5214 quam
2755 5142 2906 5197 illum
2952 5142 3135 5195 odisse
3168 5156 3263 5208 par
3293 5148 3394 5191 est.
3426 5138 3531 5190 Sed

1958 5238 2061 5291 hoc
2119 5236 2278 5305 plane
2316 5236 2662 5305 significavit,
2722 5245 2781 5289 ut
2826 5250 2989 5304 quem
3042 5233 3251 5287 scilicet
3298 5232 3530 5284 aversali

1962 5330 2095 5383 estis
2129 5329 2198 5382 ob
2245 5342 2465 5393 nosam,
2497 5338 2552 5382 et
2601 5336 2756 5382 extra
2789 5326 3087 5382 Eeclesiam
3122 5326 3385 5393 ejecistis,
3442 5327 3536 5377 ad-

1963 5420 2191 5473 mittatis
2250 5419 2470 5485 iterum,
2525 5434 2594 5476 ne
2636 5436 2665 5474 α
2707 5418 2875 5474 nimio
2914 5418 3097 5473 dolore
3157 5415 3535 5471 absorbeatur.

1961 5508 2128 5577 Ergo,
2164 5520 2223 5563 ut
2250 5511 2456 5564 dictum
2486 5519 2589 5576 est,
2619 5510 2732 5580 ipse
2766 5524 2823 5563 se
2853 5506 3147 5577 Apostolus
3187 5505 3443 5573 explicat,
3475 5516 3538 5553 ac

1960 5604 2219 5658 declarat.
2273 5602 2429 5669 Quod
2500 5602 2547 5657 si
2626 5603 2750 5672 quis
2807 5601 3197 5656 contentiosins
3260 5604 3541 5665 repugnet,

1968 5695 2106 5749 flecti
2140 5709 2199 5749 se
2229 5695 2467 5764 patiatur
2504 5694 2572 5747 ab
2619 5693 2721 5749 hoc
2780 5692 3007 5762 sapienti
3043 5701 3096 5746 et
3138 5702 3330 5758 magno
3363 5684 3543 5750 Patre,
