  <div class='ocr_page' id='page_1' title='image "/cluster/home/n/w/nwhite01/storage/ocr_20150623/138/nnc1.0046980083/313.png"; bbox 0 0 4224 6446; ppageno 0'>
   <div class='ocr_carea' id='block_1_1' title="bbox 714 372 816 431">
    <p class='ocr_par' dir='ltr' id='par_1_1' title="bbox 714 372 816 431">
     <span class='ocr_line' id='line_1_1' title="bbox 714 372 816 431; baseline 0.01 -1"><span class='ocrx_word' id='word_1_1' title='bbox 714 372 816 431; x_wconf 79' lang='grc'><strong>611</strong></span> 
     </span>
    </p>
   </div>
   <div class='ocr_carea' id='block_1_2' title="bbox 1973 374 2696 435">
    <p class='ocr_par' dir='ltr' id='par_1_2' title="bbox 1973 374 2696 435">
     <span class='ocr_line' id='line_1_2' title="bbox 1973 374 2696 435; baseline 0.001 -1"><span class='ocrx_word' id='word_1_2' title='bbox 1973 374 2251 434; x_wconf 73' lang='grc' dir='ltr'><strong>ΤΙΙΕὑΙ).</strong></span> <span class='ocrx_word' id='word_1_3' title='bbox 2295 374 2696 435; x_wconf 74' lang='lat' dir='ltr'><strong>BALSAMON</strong></span> 
     </span>
    </p>
   </div>
   <div class='ocr_carea' id='block_1_3' title="bbox 3860 378 3973 439">
    <p class='ocr_par' dir='ltr' id='par_1_3' title="bbox 3860 378 3973 439">
     <span class='ocr_line' id='line_1_3' title="bbox 3860 378 3973 439; baseline 0 -1"><span class='ocrx_word' id='word_1_4' title='bbox 3860 378 3973 439; x_wconf 67' lang='grc' dir='ltr'>διε</span> 
     </span>
    </p>
   </div>
   <div class='ocr_carea' id='block_1_4' title="bbox 704 488 2372 558">
    <p class='ocr_par' dir='ltr' id='par_1_4' title="bbox 704 488 2357 557">
     <span class='ocr_line' id='line_1_4' title="bbox 704 488 2357 557; baseline -0.002 -15"><span class='ocrx_word' id='word_1_5' title='bbox 704 489 1147 543; x_wconf 70' lang='lat' dir='ltr'><strong>animadverteris</strong></span> <span class='ocrx_word' id='word_1_6' title='bbox 1197 490 1467 557; x_wconf 67' lang='lat' dir='ltr'><strong>quomodo</strong></span> <span class='ocrx_word' id='word_1_7' title='bbox 1516 489 1603 545; x_wconf 87' lang='lat' dir='ltr'><strong>hic</strong></span> <span class='ocrx_word' id='word_1_8' title='bbox 1641 490 1823 542; x_wconf 80' lang='lat' dir='ltr'><strong>verbis</strong></span> <span class='ocrx_word' id='word_1_9' title='bbox 1878 488 2005 550; x_wconf 91' lang='lat' dir='ltr'><strong>illis,</strong></span> <span class='ocrx_word' id='word_1_10' title='bbox 2069 488 2283 541; x_wconf 68' lang='lat' dir='ltr'><strong>Satanae</strong></span> <span class='ocrx_word' id='word_1_11' title='bbox 2314 495 2357 547; x_wconf 79' lang='grc' dir='ltr'>Α</span> 
     </span>
    </p>
   </div>
   <div class='ocr_carea' id='block_1_5' title="bbox 2308 488 3976 558">
    <p class='ocr_par' dir='ltr' id='par_1_5' title="bbox 2314 488 3976 558">
     <span class='ocr_line' id='line_1_5' title="bbox 2314 488 3976 558; baseline 0.002 -19"><span class='ocrx_word' id='word_1_12' title='bbox 2314 495 2357 547; x_wconf 79' lang='grc' dir='ltr'>Α</span> <span class='ocrx_word' id='word_1_13' title='bbox 2391 489 2583 557; x_wconf 75' lang='grc' dir='ltr'>Πατὴρ</span> <span class='ocrx_word' id='word_1_14' title='bbox 2649 488 3017 557; x_wconf 81' lang='grc' dir='ltr'>προσσχόντα.</span> <span class='ocrx_word' id='word_1_15' title='bbox 3077 489 3223 551; x_wconf 81' lang='grc' dir='ltr'>ὅπως</span> <span class='ocrx_word' id='word_1_16' title='bbox 3273 489 3542 557; x_wconf 76' lang='grc' dir='ltr'>ἐχρήσατο</span> <span class='ocrx_word' id='word_1_17' title='bbox 3606 489 3837 541; x_wconf 70' lang='grc' dir='ltr'>ἐνταῦθα</span> <span class='ocrx_word' id='word_1_18' title='bbox 3871 491 3976 558; x_wconf 80' lang='grc' dir='ltr'><strong>τῷ,</strong></span> 
     </span>
    </p>
   </div>
   <div class='ocr_carea' id='block_1_6' title="bbox 709 578 2287 645">
    <p class='ocr_par' dir='ltr' id='par_1_6' title="bbox 709 578 2287 645">
     <span class='ocr_line' id='line_1_6' title="bbox 709 578 2287 645; baseline -0.004 -12"><span class='ocrx_word' id='word_1_19' title='bbox 709 580 939 633; x_wconf 87' lang='lat' dir='ltr'><strong>traditus</strong></span> <span class='ocrx_word' id='word_1_20' title='bbox 991 588 1096 640; x_wconf 90' lang='lat' dir='ltr'><strong>est,</strong></span> <span class='ocrx_word' id='word_1_21' title='bbox 1147 594 1277 631; x_wconf 91' lang='lat' dir='ltr'><strong>usus</strong></span> <span class='ocrx_word' id='word_1_22' title='bbox 1315 580 1479 631; x_wconf 80' lang='lat' dir='ltr'><strong>fuerit</strong></span> <span class='ocrx_word' id='word_1_23' title='bbox 1513 595 1528 632; x_wconf 91' lang='lat'><strong>:</strong></span> <span class='ocrx_word' id='word_1_24' title='bbox 1566 578 1993 645; x_wconf 74' lang='lat' dir='ltr'><strong>segregationem</strong></span> <span class='ocrx_word' id='word_1_25' title='bbox 2052 593 2114 631; x_wconf 89' lang='lat' dir='ltr'><strong>ac</strong></span> <span class='ocrx_word' id='word_1_26' title='bbox 2152 578 2287 628; x_wconf 85' lang='lat' dir='ltr'><strong>rele-</strong></span> 
     </span>
    </p>
   </div>
   <div class='ocr_carea' id='block_1_7' title="bbox 707 669 2286 737">
    <p class='ocr_par' dir='ltr' id='par_1_7' title="bbox 707 669 2286 737">
     <span class='ocr_line' id='line_1_7' title="bbox 707 669 2286 737; baseline 0.001 -18"><span class='ocrx_word' id='word_1_27' title='bbox 707 671 978 737; x_wconf 73' lang='lat' dir='ltr'><strong>gationem</strong></span> <span class='ocrx_word' id='word_1_28' title='bbox 1026 685 1055 721; x_wconf 90' lang='lat' dir='ltr'><strong>a</strong></span> <span class='ocrx_word' id='word_1_29' title='bbox 1088 680 1229 723; x_wconf 71' lang='lat' dir='ltr'><strong>cmtu</strong></span> <span class='ocrx_word' id='word_1_30' title='bbox 1268 670 1501 721; x_wconf 74' lang='lat' dir='ltr'><strong>lidelium</strong></span> <span class='ocrx_word' id='word_1_31' title='bbox 1538 669 1752 722; x_wconf 68' lang='lat' dir='ltr'><strong>Satanae</strong></span> <span class='ocrx_word' id='word_1_32' title='bbox 1810 669 2151 721; x_wconf 83' lang='lat' dir='ltr'><strong>traditionem</strong></span> <span class='ocrx_word' id='word_1_33' title='bbox 2191 684 2286 721; x_wconf 91' lang='lat' dir='ltr'><strong>no-</strong></span> 
     </span>
    </p>
   </div>
   <div class='ocr_carea' id='block_1_8' title="bbox 712 762 2285 826">
    <p class='ocr_par' dir='ltr' id='par_1_8' title="bbox 712 762 2285 826">
     <span class='ocr_line' id='line_1_8' title="bbox 712 762 2285 826; baseline -0.001 -12"><span class='ocrx_word' id='word_1_34' title='bbox 712 765 947 814; x_wconf 88' lang='lat' dir='ltr'><strong>minans.</strong></span> <span class='ocrx_word' id='word_1_35' title='bbox 1009 762 1109 826; x_wconf 85' lang='lat' dir='ltr'><strong>Qui</strong></span> <span class='ocrx_word' id='word_1_36' title='bbox 1174 765 1317 813; x_wconf 83' lang='lat' dir='ltr'><strong>enim</strong></span> <span class='ocrx_word' id='word_1_37' title='bbox 1372 780 1397 812; x_wconf 87' lang='lat' dir='ltr'><strong>a</strong></span> <span class='ocrx_word' id='word_1_38' title='bbox 1456 762 1995 815; x_wconf 83' lang='lat' dir='ltr'><strong>[idelinmeonsortio</strong></span> <span class='ocrx_word' id='word_1_39' title='bbox 2029 762 2285 814; x_wconf 72' lang='lat' dir='ltr'><strong>exclusus</strong></span> 
     </span>
    </p>
   </div>
   <div class='ocr_carea' id='block_1_9' title="bbox 705 854 2285 921">
    <p class='ocr_par' dir='ltr' id='par_1_9' title="bbox 705 854 2285 921">
     <span class='ocr_line' id='line_1_9' title="bbox 705 854 2285 921; baseline 0 -18"><span class='ocrx_word' id='word_1_40' title='bbox 705 863 813 913; x_wconf 83' lang='lat' dir='ltr'><strong>est,</strong></span> <span class='ocrx_word' id='word_1_41' title='bbox 850 868 953 904; x_wconf 91' lang='lat' dir='ltr'><strong>non</strong></span> <span class='ocrx_word' id='word_1_42' title='bbox 991 854 1220 919; x_wconf 85' lang='lat' dir='ltr'><strong>an-plius</strong></span> <span class='ocrx_word' id='word_1_43' title='bbox 1250 854 1360 921; x_wconf 77' lang='lat'><strong>60</strong></span> <span class='ocrx_word' id='word_1_44' title='bbox 1383 855 1554 905; x_wconf 82' lang='lat' dir='ltr'><strong>sancti</strong></span> <span class='ocrx_word' id='word_1_45' title='bbox 1586 854 1819 918; x_wconf 78' lang='lat' dir='ltr'><strong>Spiritus</strong></span> <span class='ocrx_word' id='word_1_46' title='bbox 1850 856 2078 920; x_wconf 78' lang='lat' dir='ltr'><strong>gratiam</strong></span> <span class='ocrx_word' id='word_1_47' title='bbox 2117 866 2285 920; x_wconf 85' lang='lat' dir='ltr'><strong>penes</strong></span> 
     </span>
    </p>
   </div>
   <div class='ocr_carea' id='block_1_10' title="bbox 709 938 2285 1007">
    <p class='ocr_par' dir='ltr' id='par_1_10' title="bbox 709 938 2285 1007">
     <span class='ocr_line' id='line_1_10' title="bbox 709 938 2285 1007; baseline -0.001 -16"><span class='ocrx_word' id='word_1_48' title='bbox 709 943 944 1005; x_wconf 78' lang='lat' dir='ltr'><strong>seipsum</strong></span> <span class='ocrx_word' id='word_1_49' title='bbox 983 942 1164 1001; x_wconf 84' lang='lat' dir='ltr'><strong>habet,</strong></span> <span class='ocrx_word' id='word_1_50' title='bbox 1197 955 1381 990; x_wconf 73' lang='lat' dir='ltr'><strong>Verum</strong></span> <span class='ocrx_word' id='word_1_51' title='bbox 1421 942 1505 991; x_wconf 89' lang='lat' dir='ltr'><strong>illa</strong></span> <span class='ocrx_word' id='word_1_52' title='bbox 1553 942 1814 1007; x_wconf 86' lang='lat' dir='ltr'><strong>spoliatus</strong></span> <span class='ocrx_word' id='word_1_53' title='bbox 1842 953 1944 991; x_wconf 74' lang='lat' dir='ltr'><strong>est.</strong></span> <span class='ocrx_word' id='word_1_54' title='bbox 1994 938 2095 1002; x_wconf 84' lang='lat' dir='ltr'><strong>Qui</strong></span> <span class='ocrx_word' id='word_1_55' title='bbox 2158 953 2285 990; x_wconf 80' lang='lat' dir='ltr'><strong>vero</strong></span> 
     </span>
    </p>
   </div>
   <div class='ocr_carea' id='block_1_11' title="bbox 710 1027 2283 1096">
    <p class='ocr_par' dir='ltr' id='par_1_11' title="bbox 710 1027 2283 1096">
     <span class='ocr_line' id='line_1_11' title="bbox 710 1027 2283 1096; baseline 0.001 -16"><span class='ocrx_word' id='word_1_56' title='bbox 710 1031 775 1081; x_wconf 83' lang='lat' dir='ltr'><strong>ab</strong></span> <span class='ocrx_word' id='word_1_57' title='bbox 807 1031 903 1082; x_wconf 86' lang='lat' dir='ltr'><strong>hac</strong></span> <span class='ocrx_word' id='word_1_58' title='bbox 937 1032 1107 1096; x_wconf 75' lang='lat' dir='ltr'><strong>gratia</strong></span> <span class='ocrx_word' id='word_1_59' title='bbox 1149 1031 1369 1090; x_wconf 77' lang='lat' dir='ltr'><strong>excidit,</strong></span> <span class='ocrx_word' id='word_1_60' title='bbox 1404 1030 1616 1083; x_wconf 65' lang='lat' dir='ltr'><strong>Satanae</strong></span> <span class='ocrx_word' id='word_1_61' title='bbox 1646 1032 1892 1083; x_wconf 86' lang='lat' dir='ltr'><strong>traditur.</strong></span> <span class='ocrx_word' id='word_1_62' title='bbox 1920 1027 2020 1082; x_wconf 91' lang='lat' dir='ltr'><strong>Ubi</strong></span> <span class='ocrx_word' id='word_1_63' title='bbox 2047 1042 2283 1095; x_wconf 77' lang='lat' dir='ltr'><strong>namque</strong></span> 
     </span>
    </p>
   </div>
   <div class='ocr_carea' id='block_1_12' title="bbox 709 1116 2282 1185">
    <p class='ocr_par' dir='ltr' id='par_1_12' title="bbox 709 1116 2282 1185">
     <span class='ocr_line' id='line_1_12' title="bbox 709 1116 2282 1185; baseline -0.001 -15"><span class='ocrx_word' id='word_1_64' title='bbox 709 1119 856 1170; x_wconf 89' lang='lat' dir='ltr'><strong>illum</strong></span> <span class='ocrx_word' id='word_1_65' title='bbox 920 1121 1099 1170; x_wconf 82' lang='lat' dir='ltr'><strong>divina</strong></span> <span class='ocrx_word' id='word_1_66' title='bbox 1140 1121 1311 1185; x_wconf 76' lang='lat' dir='ltr'><strong>gratia</strong></span> <span class='ocrx_word' id='word_1_67' title='bbox 1367 1120 1626 1171; x_wconf 83' lang='lat' dir='ltr'><strong>nudatum</strong></span> <span class='ocrx_word' id='word_1_68' title='bbox 1677 1120 1927 1170; x_wconf 85' lang='lat' dir='ltr'><strong>inimicus</strong></span> <span class='ocrx_word' id='word_1_69' title='bbox 1980 1116 2282 1179; x_wconf 61' lang='lat' dir='ltr'><strong>oII&#39;c-nilerit,</strong></span> 
     </span>
    </p>
   </div>
   <div class='ocr_carea' id='block_1_13' title="bbox 710 1202 2285 1272">
    <p class='ocr_par' dir='ltr' id='par_1_13' title="bbox 710 1202 2285 1272">
     <span class='ocr_line' id='line_1_13' title="bbox 710 1202 2285 1272; baseline -0.002 -16"><span class='ocrx_word' id='word_1_70' title='bbox 710 1206 884 1272; x_wconf 79' lang='lat' dir='ltr'><strong>ipsum</strong></span> <span class='ocrx_word' id='word_1_71' title='bbox 925 1207 1145 1265; x_wconf 76' lang='lat' dir='ltr'><strong>invadit,</strong></span> <span class='ocrx_word' id='word_1_72' title='bbox 1177 1206 1333 1269; x_wconf 74' lang='lat' dir='ltr'><strong>eique</strong></span> <span class='ocrx_word' id='word_1_73' title='bbox 1361 1206 1612 1271; x_wconf 73' lang='lat' dir='ltr'><strong>deinceps</strong></span> <span class='ocrx_word' id='word_1_74' title='bbox 1648 1205 1972 1255; x_wconf 89' lang='lat' dir='ltr'><strong>dominatur.</strong></span> <span class='ocrx_word' id='word_1_75' title='bbox 2008 1202 2155 1266; x_wconf 84' lang='lat' dir='ltr'><strong>Quod</strong></span> <span class='ocrx_word' id='word_1_76' title='bbox 2192 1215 2285 1253; x_wconf 90' lang='lat' dir='ltr'><strong>e0-</strong></span> 
     </span>
    </p>
   </div>
   <div class='ocr_carea' id='block_1_14' title="bbox 707 1291 2285 1363">
    <p class='ocr_par' dir='ltr' id='par_1_14' title="bbox 707 1291 2285 1363">
     <span class='ocr_line' id='line_1_14' title="bbox 707 1291 2285 1363; baseline -0.004 -16"><span class='ocrx_word' id='word_1_77' title='bbox 707 1298 825 1347; x_wconf 79' lang='lat' dir='ltr'><strong>(II‘III</strong></span> <span class='ocrx_word' id='word_1_78' title='bbox 852 1297 1013 1347; x_wconf 82' lang='lat' dir='ltr'><strong>etiam</strong></span> <span class='ocrx_word' id='word_1_79' title='bbox 1049 1297 1205 1348; x_wconf 89' lang='lat' dir='ltr'><strong>modo</strong></span> <span class='ocrx_word' id='word_1_80' title='bbox 1226 1297 1457 1348; x_wconf 73' lang='lat' dir='ltr'><strong>Joannes</strong></span> <span class='ocrx_word' id='word_1_81' title='bbox 1484 1295 1917 1363; x_wconf 75' lang='lat' dir='ltr'><strong>ChrysastOmns.</strong></span> <span class='ocrx_word' id='word_1_82' title='bbox 1941 1291 1990 1341; x_wconf 92' lang='lat' dir='ltr'><strong>in</strong></span> <span class='ocrx_word' id='word_1_83' title='bbox 2014 1306 2285 1343; x_wconf 87' lang='lat' dir='ltr'><strong>commen-</strong></span> 
     </span>
    </p>
   </div>
   <div class='ocr_carea' id='block_1_15' title="bbox 709 1382 2281 1449">
    <p class='ocr_par' dir='ltr' id='par_1_15' title="bbox 709 1382 2281 1449">
     <span class='ocr_line' id='line_1_15' title="bbox 709 1382 2281 1449; baseline -0.001 -11"><span class='ocrx_word' id='word_1_84' title='bbox 709 1388 857 1439; x_wconf 83' lang='lat' dir='ltr'><strong>tariis</strong></span> <span class='ocrx_word' id='word_1_85' title='bbox 889 1386 940 1437; x_wconf 91' lang='lat' dir='ltr'><strong>in</strong></span> <span class='ocrx_word' id='word_1_86' title='bbox 973 1384 1263 1449; x_wconf 77' lang='lat' dir='ltr'><strong>Epistolam</strong></span> <span class='ocrx_word' id='word_1_87' title='bbox 1289 1387 1355 1435; x_wconf 83' lang='lat' dir='ltr'><strong>ad</strong></span> <span class='ocrx_word' id='word_1_88' title='bbox 1379 1382 1741 1447; x_wconf 70' lang='lat' dir='ltr'><strong>Timotheum,</strong></span> <span class='ocrx_word' id='word_1_89' title='bbox 1772 1383 2154 1449; x_wconf 72' lang='lat' dir='ltr'><strong>interpretatus</strong></span> <span class='ocrx_word' id='word_1_90' title='bbox 2178 1392 2281 1438; x_wconf 85' lang='lat' dir='ltr'><strong>est.</strong></span> 
     </span>
    </p>
   </div>
   <div class='ocr_carea' id='block_1_16' title="bbox 787 1474 2281 1541">
    <p class='ocr_par' dir='ltr' id='par_1_16' title="bbox 787 1474 2281 1541">
     <span class='ocr_line' id='line_1_16' title="bbox 787 1474 2281 1541; baseline -0.001 -14"><span class='ocrx_word' id='word_1_91' title='bbox 787 1474 1021 1527; x_wconf 67' lang='lat' dir='ltr'><strong>Alilb&#39;l‘.</strong></span> <span class='ocrx_word' id='word_1_92' title='bbox 1050 1476 1432 1535; x_wconf 76' lang='lat' dir='ltr'><strong>lilascnlorum,</strong></span> <span class='ocrx_word' id='word_1_93' title='bbox 1465 1476 1886 1540; x_wconf 79' lang='lat' dir='ltr'><strong>aninmliutnqne</strong></span> <span class='ocrx_word' id='word_1_94' title='bbox 1916 1483 2281 1541; x_wconf 77' lang='lat' dir='ltr'><strong>corruptores,</strong></span> 
     </span>
    </p>
   </div>
   <div class='ocr_carea' id='block_1_17' title="bbox 705 1564 2283 1635">
    <p class='ocr_par' dir='ltr' id='par_1_17' title="bbox 705 1564 2283 1635">
     <span class='ocr_line' id='line_1_17' title="bbox 705 1564 2283 1635; baseline -0.001 -17"><span class='ocrx_word' id='word_1_95' title='bbox 705 1576 759 1618; x_wconf 90' lang='lat' dir='ltr'><strong>et</strong></span> <span class='ocrx_word' id='word_1_96' title='bbox 793 1568 1029 1619; x_wconf 65' lang='lat' dir='ltr'><strong>mter-hos</strong></span> <span class='ocrx_word' id='word_1_97' title='bbox 1058 1579 1171 1635; x_wconf 79' lang='lat' dir='ltr'><strong>post</strong></span> <span class='ocrx_word' id='word_1_98' title='bbox 1204 1581 1374 1619; x_wconf 84' lang='lat' dir='ltr'><strong>annos</strong></span> <span class='ocrx_word' id='word_1_99' title='bbox 1408 1564 1754 1633; x_wconf 82' lang='lat' dir='ltr'><strong>quindecim;</strong></span> <span class='ocrx_word' id='word_1_100' title='bbox 1793 1565 2094 1627; x_wconf 71' lang='lat' dir='ltr'><strong>homicidae,</strong></span> <span class='ocrx_word' id='word_1_101' title='bbox 2121 1579 2283 1619; x_wconf 83' lang='lat' dir='ltr'><strong>vene-</strong></span> 
     </span>
    </p>
   </div>
   <div class='ocr_carea' id='block_1_18' title="bbox 706 1657 2281 1724">
    <p class='ocr_par' dir='ltr' id='par_1_18' title="bbox 706 1657 2281 1724">
     <span class='ocr_line' id='line_1_18' title="bbox 706 1657 2281 1724; baseline -0.001 -14"><span class='ocrx_word' id='word_1_102' title='bbox 706 1659 816 1719; x_wconf 80' lang='lat' dir='ltr'><strong>IIt&#39;I,</strong></span> <span class='ocrx_word' id='word_1_103' title='bbox 873 1673 933 1709; x_wconf 91' lang='lat' dir='ltr'><strong>ac</strong></span> <span class='ocrx_word' id='word_1_104' title='bbox 982 1657 1277 1709; x_wconf 64' lang='lat' dir='ltr'><strong>idololatrm</strong></span> <span class='ocrx_word' id='word_1_105' title='bbox 1324 1667 1442 1722; x_wconf 70' lang='lat' dir='ltr'><strong>post</strong></span> <span class='ocrx_word' id='word_1_106' title='bbox 1522 1657 1729 1724; x_wconf 79' lang='lat' dir='ltr'><strong>viginti,</strong></span> <span class='ocrx_word' id='word_1_107' title='bbox 1797 1657 1950 1724; x_wconf 80' lang='lat' dir='ltr'><strong>juxta</strong></span> <span class='ocrx_word' id='word_1_108' title='bbox 2003 1657 2281 1723; x_wconf 86' lang='lat' dir='ltr'><strong>antiquam</strong></span> 
     </span>
    </p>
   </div>
   <div class='ocr_carea' id='block_1_19' title="bbox 705 1744 1732 1814">
    <p class='ocr_par' dir='ltr' id='par_1_19' title="bbox 705 1744 1732 1814">
     <span class='ocr_line' id='line_1_19' title="bbox 705 1744 1732 1814; baseline 0 -15"><span class='ocrx_word' id='word_1_109' title='bbox 705 1746 932 1799; x_wconf 80' lang='lat' dir='ltr'><strong>formam</strong></span> <span class='ocrx_word' id='word_1_110' title='bbox 967 1748 1350 1814; x_wconf 82' lang='lat' dir='ltr'><strong>suseipientnr.</strong></span> <span class='ocrx_word' id='word_1_111' title='bbox 1384 1744 1732 1814; x_wconf 77' lang='lat' dir='ltr'><strong>Perspicuus.</strong></span> 
     </span>
    </p>
   </div>
   <div class='ocr_carea' id='block_1_20' title="bbox 1272 1836 1673 1893">
    <p class='ocr_par' dir='ltr' id='par_1_20' title="bbox 1272 1836 1673 1893">
     <span class='ocr_line' id='line_1_20' title="bbox 1272 1836 1673 1893; baseline -0.007 0"><span class='ocrx_word' id='word_1_112' title='bbox 1272 1836 1503 1893; x_wconf 78' lang='lat' dir='ltr'><strong>CANON</strong></span> <span class='ocrx_word' id='word_1_113' title='bbox 1547 1840 1673 1891; x_wconf 86' lang='lat' dir='ltr'><strong>VIII.</strong></span> 
     </span>
    </p>
   </div>
   <div class='ocr_carea' id='block_1_21' title="bbox 774 1924 2281 1991">
    <p class='ocr_par' dir='ltr' id='par_1_21' title="bbox 774 1924 2281 1991">
     <span class='ocr_line' id='line_1_21' title="bbox 774 1924 2281 1991; baseline 0.003 -16"><span class='ocrx_word' id='word_1_114' title='bbox 774 1926 875 1991; x_wconf 86' lang='lat' dir='ltr'><strong>Qui</strong></span> <span class='ocrx_word' id='word_1_115' title='bbox 963 1928 1031 1979; x_wconf 86' lang='lat' dir='ltr'><strong>ob</strong></span> <span class='ocrx_word' id='word_1_116' title='bbox 1110 1929 1443 1981; x_wconf 76' lang='lat' dir='ltr'><strong>iracundiam</strong></span> <span class='ocrx_word' id='word_1_117' title='bbox 1519 1928 1695 1980; x_wconf 75' lang='lat' dir='ltr'><strong>securi</strong></span> <span class='ocrx_word' id='word_1_118' title='bbox 1782 1924 2042 1978; x_wconf 76' lang='lat' dir='ltr'><strong>adversus</strong></span> <span class='ocrx_word' id='word_1_119' title='bbox 2127 1940 2281 1979; x_wconf 79' lang='lat' dir='ltr'><strong>uxo-</strong></span> 
     </span>
    </p>
   </div>
   <div class='ocr_carea' id='block_1_22' title="bbox 710 2013 2280 2081">
    <p class='ocr_par' dir='ltr' id='par_1_22' title="bbox 710 2013 2280 2081">
     <span class='ocr_line' id='line_1_22' title="bbox 710 2013 2280 2081; baseline -0.005 -9"><span class='ocrx_word' id='word_1_120' title='bbox 710 2035 822 2073; x_wconf 90' lang='lat' dir='ltr'><strong>rem</strong></span> <span class='ocrx_word' id='word_1_121' title='bbox 858 2034 1010 2073; x_wconf 91' lang='lat' dir='ltr'><strong>suam</strong></span> <span class='ocrx_word' id='word_1_122' title='bbox 1037 2033 1170 2070; x_wconf 85' lang='lat' dir='ltr'><strong>usus</strong></span> <span class='ocrx_word' id='word_1_123' title='bbox 1204 2025 1307 2081; x_wconf 87' lang='lat' dir='ltr'><strong>est,</strong></span> <span class='ocrx_word' id='word_1_124' title='bbox 1344 2025 1428 2069; x_wconf 90' lang='lat' dir='ltr'><strong>est</strong></span> <span class='ocrx_word' id='word_1_125' title='bbox 1461 2015 1757 2069; x_wconf 74' lang='lat' dir='ltr'><strong>homicida.</strong></span> <span class='ocrx_word' id='word_1_126' title='bbox 1785 2013 1954 2066; x_wconf 79' lang='lat' dir='ltr'><strong>Recte</strong></span> <span class='ocrx_word' id='word_1_127' title='bbox 1983 2022 2162 2065; x_wconf 88' lang='lat' dir='ltr'><strong>autem</strong></span> <span class='ocrx_word' id='word_1_128' title='bbox 2193 2026 2280 2064; x_wconf 88' lang='lat' dir='ltr'><strong>me</strong></span> 
     </span>
    </p>
   </div>
   <div class='ocr_carea' id='block_1_23' title="bbox 710 2099 2279 2170">
    <p class='ocr_par' dir='ltr' id='par_1_23' title="bbox 710 2099 2279 2170">
     <span class='ocr_line' id='line_1_23' title="bbox 710 2099 2279 2170; baseline -0.007 -10"><span class='ocrx_word' id='word_1_129' title='bbox 710 2109 1062 2166; x_wconf 82' lang='lat' dir='ltr'><strong>admonuisti,</strong></span> <span class='ocrx_word' id='word_1_130' title='bbox 1097 2114 1148 2158; x_wconf 88' lang='lat' dir='ltr'><strong>et</strong></span> <span class='ocrx_word' id='word_1_131' title='bbox 1184 2107 1258 2157; x_wconf 90' lang='lat' dir='ltr'><strong>uti</strong></span> <span class='ocrx_word' id='word_1_132' title='bbox 1312 2113 1461 2156; x_wconf 89' lang='lat' dir='ltr'><strong>tuam</strong></span> <span class='ocrx_word' id='word_1_133' title='bbox 1500 2104 1825 2170; x_wconf 88' lang='lat' dir='ltr'><strong>sapientiam</strong></span> <span class='ocrx_word' id='word_1_134' title='bbox 1859 2104 2067 2165; x_wconf 89' lang='lat' dir='ltr'><strong>decuit,</strong></span> <span class='ocrx_word' id='word_1_135' title='bbox 2106 2107 2163 2153; x_wconf 90' lang='lat' dir='ltr'><strong>ut</strong></span> <span class='ocrx_word' id='word_1_136' title='bbox 2203 2099 2279 2150; x_wconf 81' lang='lat' dir='ltr'><strong>Iu-</strong></span> 
     </span>
    </p>
   </div>
   <div class='ocr_carea' id='block_1_24' title="bbox 708 2190 2279 2261">
    <p class='ocr_par' dir='ltr' id='par_1_24' title="bbox 708 2190 2279 2261">
     <span class='ocr_line' id='line_1_24' title="bbox 708 2190 2279 2261; baseline -0.008 -10"><span class='ocrx_word' id='word_1_137' title='bbox 708 2199 823 2251; x_wconf 86' lang='lat' dir='ltr'><strong>sius</strong></span> <span class='ocrx_word' id='word_1_138' title='bbox 870 2199 934 2249; x_wconf 88' lang='lat' dir='ltr'><strong>de</strong></span> <span class='ocrx_word' id='word_1_139' title='bbox 971 2198 1052 2249; x_wconf 90' lang='lat' dir='ltr'><strong>his</strong></span> <span class='ocrx_word' id='word_1_140' title='bbox 1086 2196 1343 2255; x_wconf 78' lang='lat' dir='ltr'><strong>dicerem,</strong></span> <span class='ocrx_word' id='word_1_141' title='bbox 1384 2204 1665 2261; x_wconf 73' lang='lat' dir='ltr'><strong>propterea</strong></span> <span class='ocrx_word' id='word_1_142' title='bbox 1707 2192 1847 2259; x_wconf 90' lang='lat' dir='ltr'><strong>quod</strong></span> <span class='ocrx_word' id='word_1_143' title='bbox 1883 2193 2049 2241; x_wconf 88' lang='lat' dir='ltr'><strong>multa</strong></span> <span class='ocrx_word' id='word_1_144' title='bbox 2086 2190 2139 2240; x_wconf 90' lang='lat' dir='ltr'><strong>in</strong></span> <span class='ocrx_word' id='word_1_145' title='bbox 2183 2203 2279 2239; x_wconf 73' lang='lat' dir='ltr'><strong>vo-</strong></span> 
     </span>
    </p>
   </div>
   <div class='ocr_carea' id='block_1_25' title="bbox 707 2279 2272 2345">
    <p class='ocr_par' dir='ltr' id='par_1_25' title="bbox 707 2279 2272 2345">
     <span class='ocr_line' id='line_1_25' title="bbox 707 2279 2272 2345; baseline -0.006 -8"><span class='ocrx_word' id='word_1_146' title='bbox 707 2288 962 2345; x_wconf 87' lang='lat' dir='ltr'><strong>luntariis</strong></span> <span class='ocrx_word' id='word_1_147' title='bbox 990 2296 1042 2338; x_wconf 88' lang='lat' dir='ltr'><strong>et</strong></span> <span class='ocrx_word' id='word_1_148' title='bbox 1074 2285 1458 2336; x_wconf 82' lang='lat' dir='ltr'><strong>involuntariis</strong></span> <span class='ocrx_word' id='word_1_149' title='bbox 1506 2283 1851 2334; x_wconf 82' lang='lat' dir='ltr'><strong>discrimina.</strong></span> <span class='ocrx_word' id='word_1_150' title='bbox 1887 2279 1977 2331; x_wconf 75' lang='lat' dir='ltr'><strong>Est</strong></span> <span class='ocrx_word' id='word_1_151' title='bbox 2010 2280 2153 2331; x_wconf 90' lang='lat' dir='ltr'><strong>enim</strong></span> <span class='ocrx_word' id='word_1_152' title='bbox 2188 2279 2272 2329; x_wconf 92' lang='lat' dir='ltr'><strong>in-</strong></span> 
     </span>
    </p>
   </div>
   <div class='ocr_carea' id='block_1_26' title="bbox 2392 576 3969 650">
    <p class='ocr_par' dir='ltr' id='par_1_26' title="bbox 2392 576 3969 650">
     <span class='ocr_line' id='line_1_26' title="bbox 2392 576 3969 650; baseline 0.004 -23"><span class='ocrx_word' id='word_1_153' title='bbox 2392 576 2671 645; x_wconf 80' lang='grc' dir='ltr'>Παρεδόθῃ</span> <span class='ocrx_word' id='word_1_154' title='bbox 2698 578 2777 645; x_wconf 85' lang='grc' dir='ltr'>τῷ</span> <span class='ocrx_word' id='word_1_155' title='bbox 2829 580 3063 647; x_wconf 84' lang='grc' dir='ltr'>Σατανᾷ,</span> <span class='ocrx_word' id='word_1_156' title='bbox 3118 582 3208 631; x_wconf 77' lang='grc' dir='ltr'>τὸν</span> <span class='ocrx_word' id='word_1_157' title='bbox 3263 579 3568 646; x_wconf 74' lang='grc' dir='ltr'>ἀφορισμὸν</span> <span class='ocrx_word' id='word_1_158' title='bbox 3621 581 3714 632; x_wconf 69' lang='grc' dir='ltr'><strong>καὶ</strong></span> <span class='ocrx_word' id='word_1_159' title='bbox 3754 583 3854 650; x_wconf 70' lang='grc' dir='ltr'>τὴν</span> <span class='ocrx_word' id='word_1_160' title='bbox 3886 584 3969 634; x_wconf 78' lang='grc' dir='ltr'><strong>ἔκ-</strong></span> 
     </span>
    </p>
   </div>
   <div class='ocr_carea' id='block_1_27' title="bbox 2396 668 3977 739">
    <p class='ocr_par' dir='ltr' id='par_1_27' title="bbox 2396 668 3977 739">
     <span class='ocr_line' id='line_1_27' title="bbox 2396 668 3977 739; baseline 0.004 -22"><span class='ocrx_word' id='word_1_161' title='bbox 2396 682 2607 717; x_wconf 86' lang='grc' dir='ltr'>πτωσιν</span> <span class='ocrx_word' id='word_1_162' title='bbox 2639 668 2735 728; x_wconf 72' lang='grc' dir='ltr'>τῆς</span> <span class='ocrx_word' id='word_1_163' title='bbox 2770 668 2911 719; x_wconf 84' lang='grc' dir='ltr'>κατά</span> <span class='ocrx_word' id='word_1_164' title='bbox 2954 669 3061 720; x_wconf 84' lang='grc' dir='ltr'><strong>τῶν</strong></span> <span class='ocrx_word' id='word_1_165' title='bbox 3108 670 3317 719; x_wconf 81' lang='grc' dir='ltr'><strong>πιστῶν</strong></span> <span class='ocrx_word' id='word_1_166' title='bbox 3353 668 3639 732; x_wconf 81' lang='grc' dir='ltr'>ξυναυλίας</span> <span class='ocrx_word' id='word_1_167' title='bbox 3674 671 3977 739; x_wconf 79' lang='grc' dir='ltr'>παράδοσιν</span> 
     </span>
    </p>
   </div>
   <div class='ocr_carea' id='block_1_28' title="bbox 2392 758 3977 829">
    <p class='ocr_par' dir='ltr' id='par_1_28' title="bbox 2392 758 3977 829">
     <span class='ocr_line' id='line_1_28' title="bbox 2392 758 3977 829; baseline 0.004 -22"><span class='ocrx_word' id='word_1_168' title='bbox 2392 759 2528 826; x_wconf 65' lang='grc' dir='ltr'>πρὸς</span> <span class='ocrx_word' id='word_1_169' title='bbox 2562 758 2654 809; x_wconf 78' lang='grc' dir='ltr'>τὸν</span> <span class='ocrx_word' id='word_1_170' title='bbox 2688 760 2941 811; x_wconf 79' lang='grc' dir='ltr'><strong>Σατανᾶν</strong></span> <span class='ocrx_word' id='word_1_171' title='bbox 2989 759 3288 827; x_wconf 83' lang='grc' dir='ltr'>ὀνομάσας.</span> <span class='ocrx_word' id='word_1_172' title='bbox 3337 760 3397 812; x_wconf 83' lang='grc' dir='ltr'>Ὀ</span> <span class='ocrx_word' id='word_1_173' title='bbox 3439 762 3545 829; x_wconf 76' lang='grc' dir='ltr'>γὰρ</span> <span class='ocrx_word' id='word_1_174' title='bbox 3579 763 3840 823; x_wconf 65' lang='grc' dir='ltr'>ἐκκοπεὶς</span> <span class='ocrx_word' id='word_1_175' title='bbox 3881 765 3977 829; x_wconf 75' lang='grc' dir='ltr'>τῆς</span> 
     </span>
    </p>
   </div>
   <div class='ocr_carea' id='block_1_29' title="bbox 2392 847 3977 918">
    <p class='ocr_par' dir='ltr' id='par_1_29' title="bbox 2392 847 3977 918">
     <span class='ocr_line' id='line_1_29' title="bbox 2392 847 3977 918; baseline 0.004 -23"><span class='ocrx_word' id='word_1_176' title='bbox 2392 847 2585 913; x_wconf 81' lang='grc' dir='ltr'>μοίρας</span> <span class='ocrx_word' id='word_1_177' title='bbox 2615 847 2723 897; x_wconf 89' lang='grc' dir='ltr'><strong>τῶν</strong></span> <span class='ocrx_word' id='word_1_178' title='bbox 2756 848 2963 899; x_wconf 81' lang='grc' dir='ltr'>πιστῶν</span> <span class='ocrx_word' id='word_1_179' title='bbox 2990 848 3174 900; x_wconf 81' lang='grc' dir='ltr'>οὐκέτι</span> <span class='ocrx_word' id='word_1_180' title='bbox 3207 850 3304 915; x_wconf 82' lang='grc' dir='ltr'>τὴν</span> <span class='ocrx_word' id='word_1_181' title='bbox 3329 848 3427 900; x_wconf 79' lang='grc' dir='ltr'>τοῦ</span> <span class='ocrx_word' id='word_1_182' title='bbox 3465 850 3623 914; x_wconf 85' lang='grc' dir='ltr'>ἁγίου</span> <span class='ocrx_word' id='word_1_183' title='bbox 3658 851 3977 918; x_wconf 77' lang='grc' dir='ltr'>Πνεύματος</span> 
     </span>
    </p>
   </div>
   <div class='ocr_carea' id='block_1_30' title="bbox 2388 936 3974 1007">
    <p class='ocr_par' dir='ltr' id='par_1_30' title="bbox 2388 936 3974 1007">
     <span class='ocr_line' id='line_1_30' title="bbox 2388 936 3974 1007; baseline 0.001 -20"><span class='ocrx_word' id='word_1_184' title='bbox 2388 937 2548 1003; x_wconf 81' lang='grc' dir='ltr'>χάριν</span> <span class='ocrx_word' id='word_1_185' title='bbox 2582 936 2697 1005; x_wconf 79' lang='grc' dir='ltr'>ἔχει</span> <span class='ocrx_word' id='word_1_186' title='bbox 2730 939 2861 1005; x_wconf 86' lang='grc' dir='ltr'>παρ’</span> <span class='ocrx_word' id='word_1_187' title='bbox 2886 938 3099 1005; x_wconf 79' lang='grc' dir='ltr'>ἑαυτῷ,</span> <span class='ocrx_word' id='word_1_188' title='bbox 3133 939 3247 990; x_wconf 83' lang='grc' dir='ltr'>ἀλλ’</span> <span class='ocrx_word' id='word_1_189' title='bbox 3284 938 3699 1007; x_wconf 70' lang='grc' dir='ltr'>ἀηνιγυμνοῦται</span> <span class='ocrx_word' id='word_1_190' title='bbox 3736 942 3939 1007; x_wconf 69' lang='grc' dir='ltr'>ταύτης</span> <span class='ocrx_word' id='word_1_191' title='bbox 3960 958 3974 971; x_wconf 89' lang='grc'><strong>·</strong></span> 
     </span>
    </p>
   </div>
   <div class='ocr_carea' id='block_1_31' title="bbox 2389 1023 3977 1099">
    <p class='ocr_par' dir='ltr' id='par_1_31' title="bbox 2389 1023 3977 1099">
     <span class='ocr_line' id='line_1_31' title="bbox 2389 1023 3977 1099; baseline 0.003 -23"><span class='ocrx_word' id='word_1_192' title='bbox 2389 1023 2760 1086; x_wconf 81' lang='grc' dir='ltr'>ὲκπεπτωκὼς</span> <span class='ocrx_word' id='word_1_193' title='bbox 2811 1027 3168 1092; x_wconf 72' lang='grc' dir='ltr'><strong>παραδίδοται</strong></span> <span class='ocrx_word' id='word_1_194' title='bbox 3210 1029 3288 1097; x_wconf 86' lang='grc' dir='ltr'>τῷ</span> <span class='ocrx_word' id='word_1_195' title='bbox 3333 1029 3548 1098; x_wconf 73' lang='grc' dir='ltr'>Σατανᾷ</span> <span class='ocrx_word' id='word_1_196' title='bbox 3612 1030 3819 1095; x_wconf 73' lang='grc' dir='ltr'>Γυμνδν</span> <span class='ocrx_word' id='word_1_197' title='bbox 3867 1032 3977 1099; x_wconf 81' lang='grc' dir='ltr'>γὰρ</span> 
     </span>
    </p>
   </div>
   <div class='ocr_carea' id='block_1_32' title="bbox 2386 1113 3978 1188">
    <p class='ocr_par' dir='ltr' id='par_1_32' title="bbox 2386 1113 3978 1188">
     <span class='ocr_line' id='line_1_32' title="bbox 2386 1113 3978 1188; baseline 0.005 -25"><span class='ocrx_word' id='word_1_198' title='bbox 2386 1114 2484 1180; x_wconf 81' lang='grc' dir='ltr'>τῆς</span> <span class='ocrx_word' id='word_1_199' title='bbox 2517 1113 2667 1174; x_wconf 85' lang='grc' dir='ltr'>θείας</span> <span class='ocrx_word' id='word_1_200' title='bbox 2694 1117 2923 1183; x_wconf 84' lang='grc' dir='ltr'>χάριτος</span> <span class='ocrx_word' id='word_1_201' title='bbox 2958 1116 3119 1168; x_wconf 80' lang='grc' dir='ltr'>αὐτὸν</span> <span class='ocrx_word' id='word_1_202' title='bbox 3165 1116 3343 1186; x_wconf 83' lang='grc' dir='ltr'>εὑρὼν</span> <span class='ocrx_word' id='word_1_203' title='bbox 3373 1120 3401 1169; x_wconf 94' lang='lat'><strong>6</strong></span> <span class='ocrx_word' id='word_1_204' title='bbox 3433 1118 3647 1188; x_wconf 70' lang='grc' dir='ltr'>ἐχθρὸς,</span> <span class='ocrx_word' id='word_1_205' title='bbox 3683 1120 3978 1187; x_wconf 71' lang='grc' dir='ltr'>παραλαμ-</span> 
     </span>
    </p>
   </div>
   <div class='ocr_carea' id='block_1_33' title="bbox 2387 1202 3977 1275">
    <p class='ocr_par' dir='ltr' id='par_1_33' title="bbox 2387 1202 3977 1275">
     <span class='ocr_line' id='line_1_33' title="bbox 2387 1202 3977 1275; baseline 0.007 -24"><span class='ocrx_word' id='word_1_206' title='bbox 2387 1202 2540 1254; x_wconf 74' lang='grc' dir='ltr'>ϐάνει</span> <span class='ocrx_word' id='word_1_207' title='bbox 2594 1204 2777 1268; x_wconf 76' lang='grc' dir='ltr'>αὑτὸν,</span> <span class='ocrx_word' id='word_1_208' title='bbox 2835 1206 2930 1257; x_wconf 79' lang='grc' dir='ltr'>καὶ</span> <span class='ocrx_word' id='word_1_209' title='bbox 2985 1207 3232 1275; x_wconf 73' lang='grc' dir='ltr'><strong>κυριεύει</strong></span> <span class='ocrx_word' id='word_1_210' title='bbox 3292 1207 3480 1260; x_wconf 85' lang='grc' dir='ltr'>λοιπὸν</span> <span class='ocrx_word' id='word_1_211' title='bbox 3539 1209 3725 1260; x_wconf 79' lang='grc' dir='ltr'>αὑτοῦ.</span> <span class='ocrx_word' id='word_1_212' title='bbox 3788 1211 3897 1260; x_wconf 68' lang='grc' dir='ltr'><strong>Καὶ</strong></span> <span class='ocrx_word' id='word_1_213' title='bbox 3948 1213 3977 1262; x_wconf 95' lang='lat'><strong>6</strong></span> 
     </span>
    </p>
   </div>
   <div class='ocr_carea' id='block_1_34' title="bbox 2388 1293 3977 1368">
    <p class='ocr_par' dir='ltr' id='par_1_34' title="bbox 2388 1293 3977 1368">
     <span class='ocr_line' id='line_1_34' title="bbox 2388 1293 3977 1368; baseline 0.005 -25"><span class='ocrx_word' id='word_1_214' title='bbox 2388 1293 2625 1361; x_wconf 78' lang='grc' dir='ltr'><strong>χρυσοῦς</strong></span> <span class='ocrx_word' id='word_1_215' title='bbox 2658 1294 2714 1346; x_wconf 81' lang='grc' dir='ltr'><strong>δὲ</strong></span> <span class='ocrx_word' id='word_1_216' title='bbox 2744 1294 2840 1365; x_wconf 74' lang='grc' dir='ltr'>τὴν</span> <span class='ocrx_word' id='word_1_217' title='bbox 2885 1296 3132 1362; x_wconf 84' lang='grc' dir='ltr'>γλῶτταν</span> <span class='ocrx_word' id='word_1_218' title='bbox 3171 1297 3442 1366; x_wconf 80' lang='grc' dir='ltr'><strong>Ἰωάννης,</strong></span> <span class='ocrx_word' id='word_1_219' title='bbox 3484 1297 3848 1367; x_wconf 55' lang='grc' dir='ltr'>ἐξηγούμενος</span> <span class='ocrx_word' id='word_1_220' title='bbox 3878 1300 3977 1368; x_wconf 77' lang='grc' dir='ltr'>τὴν</span> 
     </span>
    </p>
   </div>
   <div class='ocr_carea' id='block_1_35' title="bbox 2387 1385 3972 1459">
    <p class='ocr_par' dir='ltr' id='par_1_35' title="bbox 2387 1385 3972 1459">
     <span class='ocr_line' id='line_1_35' title="bbox 2387 1385 3972 1459; baseline 0.005 -25"><span class='ocrx_word' id='word_1_221' title='bbox 2387 1386 2521 1454; x_wconf 84' lang='grc' dir='ltr'>πρὸς</span> <span class='ocrx_word' id='word_1_222' title='bbox 2566 1385 2830 1453; x_wconf 82' lang='grc' dir='ltr'>Τιμόθεον</span> <span class='ocrx_word' id='word_1_223' title='bbox 2870 1388 3210 1459; x_wconf 74' lang='grc' dir='ltr'><strong>Ἐπιστολὴν,</strong></span> <span class='ocrx_word' id='word_1_224' title='bbox 3243 1388 3414 1450; x_wconf 76' lang='grc' dir='ltr'>οὕτως</span> <span class='ocrx_word' id='word_1_225' title='bbox 3447 1390 3760 1459; x_wconf 72' lang='grc' dir='ltr'><strong>ἡρμήνευσε</strong></span> <span class='ocrx_word' id='word_1_226' title='bbox 3791 1390 3972 1443; x_wconf 83' lang='grc' dir='ltr'>τοῦτο.</span> 
     </span>
    </p>
   </div>
   <div class='ocr_carea' id='block_1_36' title="bbox 2384 1475 3974 1549">
    <p class='ocr_par' dir='ltr' id='par_1_36' title="bbox 2384 1475 3974 1549">
     <span class='ocr_line' id='line_1_36' title="bbox 2384 1475 3974 1549; baseline 0.003 -21"><span class='ocrx_word' id='word_1_227' title='bbox 2384 1475 2607 1530; x_wconf 77' lang='grc' dir='ltr'><strong>ΔΡΙΣΤ.</strong></span> <span class='ocrx_word' id='word_1_228' title='bbox 2660 1478 3143 1549; x_wconf 75' lang='grc' dir='ltr'>Ἀῥρενοφθόρους,</span> <span class='ocrx_word' id='word_1_229' title='bbox 3178 1481 3269 1532; x_wconf 77' lang='grc' dir='ltr'><strong>καὶ</strong></span> <span class='ocrx_word' id='word_1_230' title='bbox 3302 1480 3668 1549; x_wconf 75' lang='grc' dir='ltr'>ζωοφθόρους,</span> <span class='ocrx_word' id='word_1_231' title='bbox 3721 1483 3814 1532; x_wconf 70' lang='grc' dir='ltr'>καὶ</span> <span class='ocrx_word' id='word_1_232' title='bbox 3849 1498 3974 1547; x_wconf 85' lang='grc' dir='ltr'>μοι-</span> 
     </span>
    </p>
   </div>
   <div class='ocr_carea' id='block_1_37' title="bbox 2386 1569 3975 1639">
    <p class='ocr_par' dir='ltr' id='par_1_37' title="bbox 2386 1569 3975 1639">
     <span class='ocr_line' id='line_1_37' title="bbox 2386 1569 3975 1639; baseline 0.001 -20"><span class='ocrx_word' id='word_1_233' title='bbox 2386 1569 2512 1637; x_wconf 77' lang='grc' dir='ltr'>χοὺς</span> <span class='ocrx_word' id='word_1_234' title='bbox 2538 1609 2553 1632; x_wconf 90' lang='grc'><strong>,</strong></span> <span class='ocrx_word' id='word_1_235' title='bbox 2601 1569 3115 1621; x_wconf 73' lang='grc' dir='ltr'>πεντεκαιδεκαετίι</span> <span class='ocrx_word' id='word_1_236' title='bbox 3146 1585 3162 1602; x_wconf 78' lang='grc' dir='ltr'><strong><em>ο</em></strong></span> <span class='ocrx_word' id='word_1_237' title='bbox 3222 1570 3318 1621; x_wconf 80' lang='grc' dir='ltr'>καὶ</span> <span class='ocrx_word' id='word_1_238' title='bbox 3355 1573 3509 1637; x_wconf 82' lang='grc' dir='ltr'>φονεῖ</span> <span class='ocrx_word' id='word_1_239' title='bbox 3543 1610 3558 1633; x_wconf 92' lang='grc'><strong>,</strong></span> <span class='ocrx_word' id='word_1_240' title='bbox 3601 1572 3695 1622; x_wconf 77' lang='grc' dir='ltr'>καὶ</span> <span class='ocrx_word' id='word_1_241' title='bbox 3748 1588 3975 1639; x_wconf 77' lang='grc' dir='ltr'>φαρμα-</span> 
     </span>
    </p>
   </div>
   <div class='ocr_carea' id='block_1_38' title="bbox 2386 1659 3970 1728">
    <p class='ocr_par' dir='ltr' id='par_1_38' title="bbox 2386 1659 3970 1728">
     <span class='ocr_line' id='line_1_38' title="bbox 2386 1659 3970 1728; baseline 0 -20"><span class='ocrx_word' id='word_1_242' title='bbox 2386 1661 2558 1720; x_wconf 80' lang='grc' dir='ltr'>κοὺς,</span> <span class='ocrx_word' id='word_1_243' title='bbox 2617 1659 2711 1709; x_wconf 72' lang='grc' dir='ltr'>καὶ</span> <span class='ocrx_word' id='word_1_244' title='bbox 2762 1659 3195 1728; x_wconf 66' lang='grc' dir='ltr'><strong>εἰδωλολάτραις,</strong></span> <span class='ocrx_word' id='word_1_245' title='bbox 3275 1660 3627 1724; x_wconf 81' lang='grc' dir='ltr'>είκοσαετία,</span> <span class='ocrx_word' id='word_1_246' title='bbox 3683 1663 3828 1711; x_wconf 75' lang='grc' dir='ltr'><strong>κατά</strong></span> <span class='ocrx_word' id='word_1_247' title='bbox 3876 1661 3970 1710; x_wconf 74' lang='grc' dir='ltr'>τὸν</span> 
     </span>
    </p>
   </div>
   <div class='ocr_carea' id='block_1_39' title="bbox 2385 1747 3371 1816">
    <p class='ocr_par' dir='ltr' id='par_1_39' title="bbox 2385 1747 3371 1816">
     <span class='ocr_line' id='line_1_39' title="bbox 2385 1747 3371 1816; baseline 0.004 -19"><span class='ocrx_word' id='word_1_248' title='bbox 2385 1748 2555 1800; x_wconf 82' lang='grc' dir='ltr'>πάλαι</span> <span class='ocrx_word' id='word_1_249' title='bbox 2585 1747 2775 1811; x_wconf 83' lang='grc' dir='ltr'>τύπον,</span> <span class='ocrx_word' id='word_1_250' title='bbox 2802 1748 3117 1812; x_wconf 78' lang='grc' dir='ltr'>είσδέξεται.</span> <span class='ocrx_word' id='word_1_251' title='bbox 3146 1748 3371 1816; x_wconf 69' lang='grc' dir='ltr'><strong>Σαφής.</strong></span> 
     </span>
    </p>
   </div>
   <div class='ocr_carea' id='block_1_40' title="bbox 2998 1837 3347 1891">
    <p class='ocr_par' dir='ltr' id='par_1_40' title="bbox 2998 1837 3347 1891">
     <span class='ocr_line' id='line_1_40' title="bbox 2998 1837 3347 1891; baseline -0.003 -1"><span class='ocrx_word' id='word_1_252' title='bbox 2998 1837 3237 1891; x_wconf 75' lang='grc' dir='ltr'><strong>ΚΑΝΩΝ</strong></span> <span class='ocrx_word' id='word_1_253' title='bbox 3265 1837 3347 1891; x_wconf 83' lang='lat' dir='ltr'><strong>H&#39;.</strong></span> 
     </span>
    </p>
   </div>
   <div class='ocr_carea' id='block_1_41' title="bbox 2470 1924 3973 1998">
    <p class='ocr_par' dir='ltr' id='par_1_41' title="bbox 2470 1924 3973 1998">
     <span class='ocr_line' id='line_1_41' title="bbox 2470 1924 3973 1998; baseline 0.004 -21"><span class='ocrx_word' id='word_1_254' title='bbox 2470 1924 2528 1977; x_wconf 86' lang='lat'><strong>&#39;0</strong></span> <span class='ocrx_word' id='word_1_255' title='bbox 2582 1926 2743 1998; x_wconf 76' lang='grc' dir='ltr'>ἀξίνῃ</span> <span class='ocrx_word' id='word_1_256' title='bbox 2802 1926 2956 1995; x_wconf 86' lang='grc' dir='ltr'><strong>παρά</strong></span> <span class='ocrx_word' id='word_1_257' title='bbox 3016 1932 3109 1979; x_wconf 77' lang='grc' dir='ltr'>τὸν</span> <span class='ocrx_word' id='word_1_258' title='bbox 3169 1927 3343 1995; x_wconf 87' lang='grc' dir='ltr'>θυμὸν</span> <span class='ocrx_word' id='word_1_259' title='bbox 3404 1926 3545 1980; x_wconf 77' lang='grc' dir='ltr'>κιτά</span> <span class='ocrx_word' id='word_1_260' title='bbox 3607 1928 3705 1997; x_wconf 75' lang='grc' dir='ltr'>τῆς</span> <span class='ocrx_word' id='word_1_261' title='bbox 3770 1927 3973 1983; x_wconf 80' lang='grc' dir='ltr'>ἑαυτοῦ</span> 
     </span>
    </p>
   </div>
   <div class='ocr_carea' id='block_1_42' title="bbox 2376 2018 3965 2089">
    <p class='ocr_par' dir='ltr' id='par_1_42' title="bbox 2376 2018 3965 2089">
     <span class='ocr_line' id='line_1_42' title="bbox 2376 2018 3965 2089; baseline 0.003 -21"><span class='ocrx_word' id='word_1_262' title='bbox 2376 2019 2622 2085; x_wconf 82' lang='grc' dir='ltr'>γαμετῆς</span> <span class='ocrx_word' id='word_1_263' title='bbox 2675 2020 3018 2087; x_wconf 86' lang='grc' dir='ltr'>χρησάμενος</span> <span class='ocrx_word' id='word_1_264' title='bbox 3074 2018 3266 2087; x_wconf 81' lang='grc' dir='ltr'>φονεύς</span> <span class='ocrx_word' id='word_1_265' title='bbox 3326 2020 3463 2071; x_wconf 74' lang='grc' dir='ltr'>ἐστι.</span> <span class='ocrx_word' id='word_1_266' title='bbox 3526 2020 3721 2081; x_wconf 83' lang='grc' dir='ltr'>Καλῶς</span> <span class='ocrx_word' id='word_1_267' title='bbox 3772 2021 3829 2072; x_wconf 83' lang='grc' dir='ltr'><strong>δέ</strong></span> <span class='ocrx_word' id='word_1_268' title='bbox 3897 2036 3965 2089; x_wconf 84' lang='grc' dir='ltr'><strong>με</strong></span> 
     </span>
    </p>
   </div>
   <div class='ocr_carea' id='block_1_43' title="bbox 2379 2109 3966 2177">
    <p class='ocr_par' dir='ltr' id='par_1_43' title="bbox 2379 2109 3966 2177">
     <span class='ocr_line' id='line_1_43' title="bbox 2379 2109 3966 2177; baseline 0.003 -20"><span class='ocrx_word' id='word_1_269' title='bbox 2379 2110 2694 2177; x_wconf 82' lang='grc' dir='ltr'>ὑπέμνησας</span> <span class='ocrx_word' id='word_1_270' title='bbox 2734 2112 2827 2161; x_wconf 77' lang='grc' dir='ltr'>καὶ</span> <span class='ocrx_word' id='word_1_271' title='bbox 2870 2110 3035 2172; x_wconf 80' lang='grc' dir='ltr'>ἀξίως</span> <span class='ocrx_word' id='word_1_272' title='bbox 3079 2112 3178 2175; x_wconf 85' lang='grc' dir='ltr'>τῆς</span> <span class='ocrx_word' id='word_1_273' title='bbox 3222 2109 3448 2162; x_wconf 80' lang='grc' dir='ltr'>σεαυτοῦ</span> <span class='ocrx_word' id='word_1_274' title='bbox 3487 2110 3751 2171; x_wconf 81' lang='grc' dir='ltr'>συνέσεως</span> <span class='ocrx_word' id='word_1_275' title='bbox 3790 2112 3966 2163; x_wconf 86' lang='grc' dir='ltr'>είπεῖν</span> 
     </span>
    </p>
   </div>
   <div class='ocr_carea' id='block_1_44' title="bbox 2378 2200 3966 2271">
    <p class='ocr_par' dir='ltr' id='par_1_44' title="bbox 2378 2200 3966 2271">
     <span class='ocr_line' id='line_1_44' title="bbox 2378 2200 3966 2271; baseline -0.001 -20"><span class='ocrx_word' id='word_1_276' title='bbox 2378 2201 2503 2267; x_wconf 79' lang='grc' dir='ltr'>περὶ</span> <span class='ocrx_word' id='word_1_277' title='bbox 2537 2200 2741 2251; x_wconf 81' lang='grc' dir='ltr'>τούτων</span> <span class='ocrx_word' id='word_1_278' title='bbox 2778 2200 3125 2271; x_wconf 58' lang='grc' dir='ltr'>πλατύτερον</span> <span class='ocrx_word' id='word_1_279' title='bbox 3167 2202 3299 2253; x_wconf 84' lang='grc' dir='ltr'>διότι</span> <span class='ocrx_word' id='word_1_280' title='bbox 3346 2202 3537 2253; x_wconf 74' lang='grc' dir='ltr'>πολλαὶ</span> <span class='ocrx_word' id='word_1_281' title='bbox 3580 2203 3633 2251; x_wconf 85' lang='grc' dir='ltr'>ὲν</span> <span class='ocrx_word' id='word_1_282' title='bbox 3666 2202 3778 2261; x_wconf 85' lang='grc' dir='ltr'>τοῖς</span> <span class='ocrx_word' id='word_1_283' title='bbox 3808 2201 3966 2251; x_wconf 78' lang='grc' dir='ltr'>ἐκου-</span> 
     </span>
    </p>
   </div>
   <div class='ocr_carea' id='block_1_45' title="bbox 2364 2290 3965 2360">
    <p class='ocr_par' dir='ltr' id='par_1_45' title="bbox 2364 2290 3965 2360">
     <span class='ocr_line' id='line_1_45' title="bbox 2364 2290 3965 2360; baseline 0.001 -21"><span class='ocrx_word' id='word_1_284' title='bbox 2364 2291 2513 2350; x_wconf 53' lang='grc' dir='ltr'>νσίοις</span> <span class='ocrx_word' id='word_1_285' title='bbox 2567 2293 2657 2341; x_wconf 73' lang='grc' dir='ltr'>καὶ</span> <span class='ocrx_word' id='word_1_286' title='bbox 2715 2293 2986 2353; x_wconf 85' lang='grc' dir='ltr'>ἀκουσίοις</span> <span class='ocrx_word' id='word_1_287' title='bbox 3045 2291 3317 2360; x_wconf 58' lang='grc' dir='ltr'>διαφοραί.</span> <span class='ocrx_word' id='word_1_288' title='bbox 3372 2292 3654 2343; x_wconf 74' lang='grc' dir='ltr'>’Δκούσιον</span> <span class='ocrx_word' id='word_1_289' title='bbox 3708 2292 3806 2359; x_wconf 78' lang='grc' dir='ltr'>μὲν</span> <span class='ocrx_word' id='word_1_290' title='bbox 3857 2290 3965 2359; x_wconf 88' lang='grc' dir='ltr'><strong>γάρ</strong></span> 
     </span>
    </p>
   </div>
   <div class='ocr_carea' id='block_1_46' title="bbox 704 2366 2372 2451">
    <p class='ocr_par' dir='ltr' id='par_1_46' title="bbox 704 2366 2348 2439">
     <span class='ocr_line' id='line_1_46' title="bbox 704 2366 2348 2439; baseline -0.006 -12"><span class='ocrx_word' id='word_1_291' title='bbox 704 2376 1073 2427; x_wconf 83' lang='lat' dir='ltr'><strong>voluntarium</strong></span> <span class='ocrx_word' id='word_1_292' title='bbox 1120 2375 1365 2433; x_wconf 82' lang='lat' dir='ltr'><strong>omnino,</strong></span> <span class='ocrx_word' id='word_1_293' title='bbox 1408 2381 1461 2425; x_wconf 90' lang='lat' dir='ltr'><strong>et</strong></span> <span class='ocrx_word' id='word_1_294' title='bbox 1495 2373 1649 2439; x_wconf 79' lang='lat' dir='ltr'><strong>longe</strong></span> <span class='ocrx_word' id='word_1_295' title='bbox 1694 2386 1721 2421; x_wconf 90' lang='lat' dir='ltr'><strong>a</strong></span> <span class='ocrx_word' id='word_1_296' title='bbox 1759 2370 1991 2420; x_wconf 90' lang='lat' dir='ltr'><strong>consilio</strong></span> <span class='ocrx_word' id='word_1_297' title='bbox 2022 2366 2138 2433; x_wconf 75' lang='lat' dir='ltr'><strong>t-jus</strong></span> <span class='ocrx_word' id='word_1_298' title='bbox 2180 2366 2271 2434; x_wconf 90' lang='lat' dir='ltr'><strong>qui</strong></span> <span class='ocrx_word' id='word_1_299' title='bbox 2308 2374 2348 2429; x_wconf 79' lang='grc' dir='ltr'>Β</span> 
     </span>
    </p>
   </div>
   <div class='ocr_carea' id='block_1_47' title="bbox 2294 2366 3962 2451">
    <p class='ocr_par' dir='ltr' id='par_1_47' title="bbox 2308 2374 3962 2451">
     <span class='ocr_line' id='line_1_47' title="bbox 2308 2374 3962 2451; baseline 0.002 -22"><span class='ocrx_word' id='word_1_300' title='bbox 2308 2374 2348 2429; x_wconf 85' lang='grc' dir='ltr'>Β</span> <span class='ocrx_word' id='word_1_301' title='bbox 2378 2382 2491 2431; x_wconf 81' lang='grc' dir='ltr'>ἐστι</span> <span class='ocrx_word' id='word_1_302' title='bbox 2521 2382 2794 2443; x_wconf 79' lang='grc' dir='ltr'>παντελῶς</span> <span class='ocrx_word' id='word_1_303' title='bbox 2823 2384 2916 2433; x_wconf 71' lang='grc' dir='ltr'>καὶ</span> <span class='ocrx_word' id='word_1_304' title='bbox 2954 2383 3139 2451; x_wconf 66' lang='grc' dir='ltr'>πόρρω</span> <span class='ocrx_word' id='word_1_305' title='bbox 3169 2383 3261 2434; x_wconf 72' lang='grc' dir='ltr'>τοῦ</span> <span class='ocrx_word' id='word_1_306' title='bbox 3297 2382 3662 2451; x_wconf 75' lang='grc' dir='ltr'>κατάρξαντος</span> <span class='ocrx_word' id='word_1_307' title='bbox 3687 2382 3768 2442; x_wconf 77' lang='grc' dir='ltr'>τὸ,</span> <span class='ocrx_word' id='word_1_308' title='bbox 3800 2382 3962 2433; x_wconf 58' lang='grc' dir='ltr'>ἀηνο</span> 
     </span>
    </p>
   </div>
   <div class='ocr_carea' id='block_1_48' title="bbox 704 2460 2276 2531">
    <p class='ocr_par' dir='ltr' id='par_1_48' title="bbox 704 2460 2276 2531">
     <span class='ocr_line' id='line_1_48' title="bbox 704 2460 2276 2531; baseline -0.006 -14"><span class='ocrx_word' id='word_1_309' title='bbox 704 2465 930 2531; x_wconf 87' lang='lat' dir='ltr'><strong>incepit,</strong></span> <span class='ocrx_word' id='word_1_310' title='bbox 961 2473 1251 2525; x_wconf 89' lang='lat' dir='ltr'><strong>remotum,</strong></span> <span class='ocrx_word' id='word_1_311' title='bbox 1292 2462 1419 2515; x_wconf 89' lang='lat' dir='ltr'><strong>dum</strong></span> <span class='ocrx_word' id='word_1_312' title='bbox 1463 2462 1599 2528; x_wconf 84' lang='lat' dir='ltr'><strong>lapis</strong></span> <span class='ocrx_word' id='word_1_313' title='bbox 1621 2460 1823 2527; x_wconf 90' lang='lat' dir='ltr'><strong>jacitur</strong></span> <span class='ocrx_word' id='word_1_314' title='bbox 1854 2460 1906 2510; x_wconf 89' lang='lat' dir='ltr'><strong>in</strong></span> <span class='ocrx_word' id='word_1_315' title='bbox 1950 2474 2138 2510; x_wconf 88' lang='lat' dir='ltr'><strong>canem</strong></span> <span class='ocrx_word' id='word_1_316' title='bbox 2185 2468 2276 2509; x_wconf 90' lang='lat' dir='ltr'><strong>aut</strong></span> 
     </span>
    </p>
   </div>
   <div class='ocr_carea' id='block_1_49' title="bbox 704 2548 2279 2619">
    <p class='ocr_par' dir='ltr' id='par_1_49' title="bbox 704 2548 2279 2619">
     <span class='ocr_line' id='line_1_49' title="bbox 704 2548 2279 2619; baseline -0.006 -12"><span class='ocrx_word' id='word_1_317' title='bbox 704 2555 978 2615; x_wconf 78' lang='lat' dir='ltr'><strong>arborem,</strong></span> <span class='ocrx_word' id='word_1_318' title='bbox 1007 2554 1275 2607; x_wconf 87' lang='lat' dir='ltr'><strong>hominem</strong></span> <span class='ocrx_word' id='word_1_319' title='bbox 1324 2553 1608 2619; x_wconf 77' lang='lat' dir='ltr'><strong>attingere.</strong></span> <span class='ocrx_word' id='word_1_320' title='bbox 1641 2550 1982 2619; x_wconf 80' lang='lat' dir='ltr'><strong>Propositum</strong></span> <span class='ocrx_word' id='word_1_321' title='bbox 2009 2550 2150 2602; x_wconf 90' lang='lat' dir='ltr'><strong>enim</strong></span> <span class='ocrx_word' id='word_1_322' title='bbox 2179 2548 2279 2600; x_wconf 78' lang='lat' dir='ltr'><strong>fuit</strong></span> 
     </span>
    </p>
   </div>
   <div class='ocr_carea' id='block_1_50' title="bbox 703 2641 2275 2711">
    <p class='ocr_par' dir='ltr' id='par_1_50' title="bbox 703 2641 2275 2711">
     <span class='ocr_line' id='line_1_50' title="bbox 703 2641 2275 2711; baseline -0.005 -13"><span class='ocrx_word' id='word_1_323' title='bbox 703 2644 934 2698; x_wconf 80' lang='lat' dir='ltr'><strong>bestiam</strong></span> <span class='ocrx_word' id='word_1_324' title='bbox 1006 2646 1325 2711; x_wconf 85' lang='lat' dir='ltr'><strong>propulsare</strong></span> <span class='ocrx_word' id='word_1_325' title='bbox 1368 2652 1462 2694; x_wconf 91' lang='lat' dir='ltr'><strong>aut</strong></span> <span class='ocrx_word' id='word_1_326' title='bbox 1519 2643 1754 2693; x_wconf 83' lang='lat' dir='ltr'><strong>fructum</strong></span> <span class='ocrx_word' id='word_1_327' title='bbox 1815 2650 2075 2693; x_wconf 65' lang='lat' dir='ltr'><strong>enutere</strong></span> <span class='ocrx_word' id='word_1_328' title='bbox 2120 2658 2131 2692; x_wconf 92' lang='lat'>:</span> <span class='ocrx_word' id='word_1_329' title='bbox 2182 2641 2275 2692; x_wconf 88' lang='lat' dir='ltr'><strong>se.l</strong></span> 
     </span>
    </p>
   </div>
   <div class='ocr_carea' id='block_1_51' title="bbox 705 2734 2278 2801">
    <p class='ocr_par' dir='ltr' id='par_1_51' title="bbox 705 2734 2278 2801">
     <span class='ocr_line' id='line_1_51' title="bbox 705 2734 2278 2801; baseline -0.004 -12"><span class='ocrx_word' id='word_1_330' title='bbox 705 2736 871 2789; x_wconf 89' lang='lat' dir='ltr'><strong>ictum</strong></span> <span class='ocrx_word' id='word_1_331' title='bbox 903 2737 1124 2788; x_wconf 80' lang='lat' dir='ltr'><strong>fortuito</strong></span> <span class='ocrx_word' id='word_1_332' title='bbox 1165 2738 1330 2789; x_wconf 86' lang='lat' dir='ltr'><strong>subiit</strong></span> <span class='ocrx_word' id='word_1_333' title='bbox 1362 2738 1452 2801; x_wconf 89' lang='lat' dir='ltr'><strong>qui</strong></span> <span class='ocrx_word' id='word_1_334' title='bbox 1500 2736 1778 2785; x_wconf 89' lang='lat' dir='ltr'><strong>transiens</strong></span> <span class='ocrx_word' id='word_1_335' title='bbox 1813 2734 2076 2793; x_wconf 86' lang='lat' dir='ltr'><strong>occurrit,</strong></span> <span class='ocrx_word' id='word_1_336' title='bbox 2108 2745 2278 2798; x_wconf 89' lang='lat' dir='ltr'><strong>quare</strong></span> 
     </span>
    </p>
   </div>
   <div class='ocr_carea' id='block_1_52' title="bbox 707 2820 2279 2885">
    <p class='ocr_par' dir='ltr' id='par_1_52' title="bbox 707 2820 2279 2885">
     <span class='ocr_line' id='line_1_52' title="bbox 707 2820 2279 2885; baseline -0.006 -8"><span class='ocrx_word' id='word_1_337' title='bbox 707 2826 810 2877; x_wconf 88' lang='lat' dir='ltr'><strong>hoc</strong></span> <span class='ocrx_word' id='word_1_338' title='bbox 851 2826 1275 2876; x_wconf 86' lang='lat' dir='ltr'><strong>involuntariutn</strong></span> <span class='ocrx_word' id='word_1_339' title='bbox 1315 2834 1419 2876; x_wconf 89' lang='lat' dir='ltr'><strong>est.</strong></span> <span class='ocrx_word' id='word_1_340' title='bbox 1460 2821 1523 2872; x_wconf 86' lang='lat' dir='ltr'><strong>Et</strong></span> <span class='ocrx_word' id='word_1_341' title='bbox 1558 2821 1687 2872; x_wconf 87' lang='lat' dir='ltr'><strong>illud</strong></span> <span class='ocrx_word' id='word_1_342' title='bbox 1726 2834 1939 2885; x_wconf 85' lang='lat' dir='ltr'><strong>quoque</strong></span> <span class='ocrx_word' id='word_1_343' title='bbox 1973 2820 2279 2870; x_wconf 55' lang='lat' dir='ltr'><strong>involantu-</strong></span> 
     </span>
    </p>
   </div>
   <div class='ocr_carea' id='block_1_53' title="bbox 705 2906 2276 2978">
    <p class='ocr_par' dir='ltr' id='par_1_53' title="bbox 705 2906 2276 2978">
     <span class='ocr_line' id='line_1_53' title="bbox 705 2906 2276 2978; baseline -0.004 -14"><span class='ocrx_word' id='word_1_344' title='bbox 705 2914 847 2964; x_wconf 88' lang='lat' dir='ltr'><strong>rium</strong></span> <span class='ocrx_word' id='word_1_345' title='bbox 900 2920 1002 2974; x_wconf 81' lang='lat' dir='ltr'><strong>est,</strong></span> <span class='ocrx_word' id='word_1_346' title='bbox 1055 2912 1099 2965; x_wconf 88' lang='lat' dir='ltr'><strong>si</strong></span> <span class='ocrx_word' id='word_1_347' title='bbox 1150 2916 1272 2978; x_wconf 88' lang='lat' dir='ltr'><strong>quis</strong></span> <span class='ocrx_word' id='word_1_348' title='bbox 1310 2914 1495 2963; x_wconf 76' lang='lat' dir='ltr'><strong>volens</strong></span> <span class='ocrx_word' id='word_1_349' title='bbox 1540 2910 1776 2975; x_wconf 89' lang='lat' dir='ltr'><strong>aliquem</strong></span> <span class='ocrx_word' id='word_1_350' title='bbox 1815 2908 2106 2973; x_wconf 79' lang='lat' dir='ltr'><strong>castigare,</strong></span> <span class='ocrx_word' id='word_1_351' title='bbox 2161 2906 2276 2957; x_wconf 85' lang='lat' dir='ltr'><strong>loro</strong></span> 
     </span>
    </p>
   </div>
   <div class='ocr_carea' id='block_1_54' title="bbox 707 2998 2273 3069">
    <p class='ocr_par' dir='ltr' id='par_1_54' title="bbox 707 2998 2273 3069">
     <span class='ocr_line' id='line_1_54' title="bbox 707 2998 2273 3069; baseline -0.003 -19"><span class='ocrx_word' id='word_1_352' title='bbox 707 3002 787 3052; x_wconf 73' lang='lat' dir='ltr'><strong>vel</strong></span> <span class='ocrx_word' id='word_1_353' title='bbox 818 3002 968 3069; x_wconf 70' lang='lat' dir='ltr'><strong>virga</strong></span> <span class='ocrx_word' id='word_1_354' title='bbox 1001 3016 1105 3053; x_wconf 94' lang='lat' dir='ltr'><strong>non</strong></span> <span class='ocrx_word' id='word_1_355' title='bbox 1135 3002 1269 3053; x_wconf 92' lang='lat' dir='ltr'><strong>dura</strong></span> <span class='ocrx_word' id='word_1_356' title='bbox 1308 3015 1430 3051; x_wconf 90' lang='lat' dir='ltr'><strong>eum</strong></span> <span class='ocrx_word' id='word_1_357' title='bbox 1471 3000 1753 3066; x_wconf 82' lang='lat' dir='ltr'><strong>percutiat,</strong></span> <span class='ocrx_word' id='word_1_358' title='bbox 1799 2998 2063 3055; x_wconf 82' lang='lat' dir='ltr'><strong>moriatur</strong></span> <span class='ocrx_word' id='word_1_359' title='bbox 2096 3005 2273 3046; x_wconf 84' lang='lat' dir='ltr'><strong>autem</strong></span> 
     </span>
    </p>
   </div>
   <div class='ocr_carea' id='block_1_55' title="bbox 701 3086 2275 3159">
    <p class='ocr_par' dir='ltr' id='par_1_55' title="bbox 701 3086 2275 3159">
     <span class='ocr_line' id='line_1_55' title="bbox 701 3086 2275 3159; baseline -0.006 -15"><span class='ocrx_word' id='word_1_360' title='bbox 701 3093 794 3159; x_wconf 86' lang='lat' dir='ltr'><strong>qui</strong></span> <span class='ocrx_word' id='word_1_361' title='bbox 825 3106 1121 3159; x_wconf 81' lang='lat' dir='ltr'><strong>percussus</strong></span> <span class='ocrx_word' id='word_1_362' title='bbox 1151 3101 1253 3145; x_wconf 89' lang='lat' dir='ltr'><strong>est.</strong></span> <span class='ocrx_word' id='word_1_363' title='bbox 1289 3088 1634 3158; x_wconf 85' lang='lat' dir='ltr'><strong>Propositum</strong></span> <span class='ocrx_word' id='word_1_364' title='bbox 1669 3088 1813 3141; x_wconf 87' lang='lat' dir='ltr'><strong>enim</strong></span> <span class='ocrx_word' id='word_1_365' title='bbox 1853 3088 1937 3139; x_wconf 87' lang='lat' dir='ltr'><strong>hic</strong></span> <span class='ocrx_word' id='word_1_366' title='bbox 1960 3086 2275 3138; x_wconf 87' lang='lat' dir='ltr'><strong>considera-</strong></span> 
     </span>
    </p>
   </div>
   <div class='ocr_carea' id='block_1_56' title="bbox 701 3175 2271 3246">
    <p class='ocr_par' dir='ltr' id='par_1_56' title="bbox 701 3175 2271 3246">
     <span class='ocr_line' id='line_1_56' title="bbox 701 3175 2271 3246; baseline -0.004 -15"><span class='ocrx_word' id='word_1_367' title='bbox 701 3187 813 3243; x_wconf 88' lang='lat' dir='ltr'><strong>tur,</strong></span> <span class='ocrx_word' id='word_1_368' title='bbox 1048 3182 1174 3246; x_wconf 92' lang='lat' dir='ltr'><strong>quia</strong></span> <span class='ocrx_word' id='word_1_369' title='bbox 1228 3187 1538 3245; x_wconf 77' lang='lat' dir='ltr'><strong>peccantem</strong></span> <span class='ocrx_word' id='word_1_370' title='bbox 1588 3177 1861 3239; x_wconf 70' lang='lat' dir='ltr'><strong>corrigere</strong></span> <span class='ocrx_word' id='word_1_371' title='bbox 1908 3175 2112 3235; x_wconf 82' lang='lat' dir='ltr'><strong>voluit,</strong></span> <span class='ocrx_word' id='word_1_372' title='bbox 2163 3188 2271 3224; x_wconf 89' lang='lat' dir='ltr'><strong>non</strong></span> 
     </span>
    </p>
   </div>
   <div class='ocr_carea' id='block_1_57' title="bbox 702 3265 2270 3325">
    <p class='ocr_par' dir='ltr' id='par_1_57' title="bbox 702 3265 2270 3325">
     <span class='ocr_line' id='line_1_57' title="bbox 702 3265 2270 3325; baseline -0.006 -3"><span class='ocrx_word' id='word_1_373' title='bbox 702 3270 1036 3322; x_wconf 86' lang='lat' dir='ltr'><strong>interimere.</strong></span> <span class='ocrx_word' id='word_1_374' title='bbox 1076 3266 1413 3321; x_wconf 81' lang='lat' dir='ltr'><strong>Recensetur</strong></span> <span class='ocrx_word' id='word_1_375' title='bbox 1443 3276 1495 3320; x_wconf 87' lang='lat' dir='ltr'><strong>et</strong></span> <span class='ocrx_word' id='word_1_376' title='bbox 1529 3266 1655 3317; x_wconf 89' lang='lat' dir='ltr'><strong>illud</strong></span> <span class='ocrx_word' id='word_1_377' title='bbox 1705 3266 1846 3325; x_wconf 78' lang='lat' dir='ltr'><strong>inter</strong></span> <span class='ocrx_word' id='word_1_378' title='bbox 1882 3265 2270 3325; x_wconf 78' lang='lat' dir='ltr'><strong>involuntaria,</strong></span> 
     </span>
    </p>
   </div>
   <div class='ocr_carea' id='block_1_58' title="bbox 702 3356 2274 3425">
    <p class='ocr_par' dir='ltr' id='par_1_58' title="bbox 702 3356 2274 3425">
     <span class='ocr_line' id='line_1_58' title="bbox 702 3356 2274 3425; baseline -0.001 -15"><span class='ocrx_word' id='word_1_379' title='bbox 702 3372 826 3410; x_wconf 81' lang='lat' dir='ltr'><strong>cum</strong></span> <span class='ocrx_word' id='word_1_380' title='bbox 863 3359 984 3425; x_wconf 82' lang='lat' dir='ltr'><strong>quis</strong></span> <span class='ocrx_word' id='word_1_381' title='bbox 1029 3359 1079 3409; x_wconf 85' lang='lat' dir='ltr'><strong>in</strong></span> <span class='ocrx_word' id='word_1_382' title='bbox 1114 3372 1289 3424; x_wconf 83' lang='lat' dir='ltr'><strong>pugna</strong></span> <span class='ocrx_word' id='word_1_383' title='bbox 1323 3359 1557 3424; x_wconf 80' lang='lat' dir='ltr'><strong>aliquem</strong></span> <span class='ocrx_word' id='word_1_384' title='bbox 1592 3358 1737 3423; x_wconf 82' lang='lat' dir='ltr'><strong>ligno</strong></span> <span class='ocrx_word' id='word_1_385' title='bbox 1772 3356 1853 3408; x_wconf 82' lang='lat' dir='ltr'><strong>vel</strong></span> <span class='ocrx_word' id='word_1_386' title='bbox 1891 3370 2052 3407; x_wconf 91' lang='lat' dir='ltr'><strong>manu</strong></span> <span class='ocrx_word' id='word_1_387' title='bbox 2100 3357 2274 3424; x_wconf 87' lang='lat' dir='ltr'><strong>repel-</strong></span> 
     </span>
    </p>
   </div>
   <div class='ocr_carea' id='block_1_59' title="bbox 702 3447 2269 3515">
    <p class='ocr_par' dir='ltr' id='par_1_59' title="bbox 702 3447 2269 3515">
     <span class='ocr_line' id='line_1_59' title="bbox 702 3447 2269 3515; baseline -0.002 -16"><span class='ocrx_word' id='word_1_388' title='bbox 702 3447 842 3509; x_wconf 88' lang='lat' dir='ltr'><strong>Icns,</strong></span> <span class='ocrx_word' id='word_1_389' title='bbox 875 3463 980 3499; x_wconf 91' lang='lat' dir='ltr'><strong>non</strong></span> <span class='ocrx_word' id='word_1_390' title='bbox 1012 3462 1171 3515; x_wconf 85' lang='lat' dir='ltr'><strong>parce</strong></span> <span class='ocrx_word' id='word_1_391' title='bbox 1203 3447 1253 3498; x_wconf 92' lang='lat' dir='ltr'><strong>in</strong></span> <span class='ocrx_word' id='word_1_392' title='bbox 1281 3449 1578 3513; x_wconf 58' lang='lat' dir='ltr'><strong>prtecipuas</strong></span> <span class='ocrx_word' id='word_1_393' title='bbox 1612 3454 1793 3513; x_wconf 88' lang='lat' dir='ltr'><strong>partes</strong></span> <span class='ocrx_word' id='word_1_394' title='bbox 1832 3450 1999 3497; x_wconf 88' lang='lat' dir='ltr'><strong>ictum</strong></span> <span class='ocrx_word' id='word_1_395' title='bbox 2033 3454 2269 3513; x_wconf 83' lang='lat' dir='ltr'><strong>torquet,</strong></span> 
     </span>
    </p>
   </div>
   <div class='ocr_carea' id='block_1_60' title="bbox 701 3532 2271 3597">
    <p class='ocr_par' dir='ltr' id='par_1_60' title="bbox 701 3532 2271 3597">
     <span class='ocr_line' id='line_1_60' title="bbox 701 3532 2271 3597; baseline -0.001 -7"><span class='ocrx_word' id='word_1_396' title='bbox 701 3547 761 3590; x_wconf 81' lang='lat' dir='ltr'><strong>ut</strong></span> <span class='ocrx_word' id='word_1_397' title='bbox 786 3553 909 3590; x_wconf 85' lang='lat' dir='ltr'><strong>eum</strong></span> <span class='ocrx_word' id='word_1_398' title='bbox 950 3538 1125 3597; x_wconf 64' lang='lat' dir='ltr'><strong>laedat,</strong></span> <span class='ocrx_word' id='word_1_399' title='bbox 1172 3548 1365 3587; x_wconf 89' lang='lat' dir='ltr'><strong>nonut</strong></span> <span class='ocrx_word' id='word_1_400' title='bbox 1409 3536 1631 3587; x_wconf 73' lang='lat' dir='ltr'><strong>ornnino</strong></span> <span class='ocrx_word' id='word_1_401' title='bbox 1676 3534 1983 3587; x_wconf 81' lang='lat' dir='ltr'><strong>interﬁciat.</strong></span> <span class='ocrx_word' id='word_1_402' title='bbox 2027 3532 2131 3587; x_wconf 88' lang='lat' dir='ltr'><strong>Sed</strong></span> <span class='ocrx_word' id='word_1_403' title='bbox 2171 3537 2271 3589; x_wconf 89' lang='lat' dir='ltr'><strong>hoc</strong></span> 
     </span>
    </p>
   </div>
   <div class='ocr_carea' id='block_1_61' title="bbox 700 3624 2268 3695">
    <p class='ocr_par' dir='ltr' id='par_1_61' title="bbox 700 3624 2268 3695">
     <span class='ocr_line' id='line_1_61' title="bbox 700 3624 2268 3695; baseline -0.003 -16"><span class='ocrx_word' id='word_1_404' title='bbox 700 3628 921 3695; x_wconf 82' lang='lat' dir='ltr'><strong>quidem</strong></span> <span class='ocrx_word' id='word_1_405' title='bbox 950 3626 1159 3677; x_wconf 84' lang='lat' dir='ltr'><strong>accedit</strong></span> <span class='ocrx_word' id='word_1_406' title='bbox 1190 3625 1252 3675; x_wconf 89' lang='lat' dir='ltr'><strong>ad</strong></span> <span class='ocrx_word' id='word_1_407' title='bbox 1282 3626 1668 3675; x_wconf 74' lang='lat' dir='ltr'><strong>voluntarium.</strong></span> <span class='ocrx_word' id='word_1_408' title='bbox 1704 3624 1804 3686; x_wconf 83' lang='lat' dir='ltr'><strong>Qui</strong></span> <span class='ocrx_word' id='word_1_409' title='bbox 1830 3625 1973 3674; x_wconf 82' lang='lat' dir='ltr'><strong>enim</strong></span> <span class='ocrx_word' id='word_1_410' title='bbox 1999 3625 2268 3688; x_wconf 67' lang='lat' dir='ltr'><strong>ejusmodi</strong></span> 
     </span>
    </p>
   </div>
   <div class='ocr_carea' id='block_1_62' title="bbox 703 3713 2268 3781">
    <p class='ocr_par' dir='ltr' id='par_1_62' title="bbox 703 3713 2268 3781">
     <span class='ocr_line' id='line_1_62' title="bbox 703 3713 2268 3781; baseline -0.001 -12"><span class='ocrx_word' id='word_1_411' title='bbox 703 3717 790 3769; x_wconf 87' lang='lat' dir='ltr'><strong>ins</strong></span> <span class='ocrx_word' id='word_1_412' title='bbox 820 3724 1069 3767; x_wconf 81' lang='lat' dir='ltr'><strong>ruinenlo</strong></span> <span class='ocrx_word' id='word_1_413' title='bbox 1103 3717 1165 3765; x_wconf 87' lang='lat' dir='ltr'><strong>ad</strong></span> <span class='ocrx_word' id='word_1_414' title='bbox 1220 3729 1277 3768; x_wconf 86' lang='lat' dir='ltr'><strong>se</strong></span> <span class='ocrx_word' id='word_1_415' title='bbox 1310 3713 1709 3767; x_wconf 77' lang='lat' dir='ltr'><strong>defendendum</strong></span> <span class='ocrx_word' id='word_1_416' title='bbox 1760 3731 1891 3768; x_wconf 74' lang='lat' dir='ltr'><strong>Usus</strong></span> <span class='ocrx_word' id='word_1_417' title='bbox 1924 3724 2027 3776; x_wconf 92' lang='lat' dir='ltr'><strong>est,</strong></span> <span class='ocrx_word' id='word_1_418' title='bbox 2063 3716 2140 3767; x_wconf 74' lang='lat' dir='ltr'><strong>vel</strong></span> <span class='ocrx_word' id='word_1_419' title='bbox 2177 3716 2268 3781; x_wconf 89' lang='lat' dir='ltr'><strong>qui</strong></span> 
     </span>
    </p>
   </div>
   <div class='ocr_carea' id='block_1_63' title="bbox 701 3802 2268 3872">
    <p class='ocr_par' dir='ltr' id='par_1_63' title="bbox 701 3802 2268 3872">
     <span class='ocr_line' id='line_1_63' title="bbox 701 3802 2268 3872; baseline -0.002 -15"><span class='ocrx_word' id='word_1_420' title='bbox 701 3820 808 3857; x_wconf 88' lang='lat' dir='ltr'><strong>non</strong></span> <span class='ocrx_word' id='word_1_421' title='bbox 845 3819 1004 3872; x_wconf 86' lang='lat' dir='ltr'><strong>parce</strong></span> <span class='ocrx_word' id='word_1_422' title='bbox 1054 3803 1216 3854; x_wconf 90' lang='lat' dir='ltr'><strong>ictum</strong></span> <span class='ocrx_word' id='word_1_423' title='bbox 1266 3802 1476 3866; x_wconf 56' lang='lat' dir='ltr'><strong>inﬂixit,</strong></span> <span class='ocrx_word' id='word_1_424' title='bbox 1530 3803 1696 3869; x_wconf 82' lang='lat' dir='ltr'><strong>liquet</strong></span> <span class='ocrx_word' id='word_1_425' title='bbox 1737 3818 1858 3854; x_wconf 92' lang='lat' dir='ltr'><strong>eum</strong></span> <span class='ocrx_word' id='word_1_426' title='bbox 1909 3802 2028 3855; x_wconf 82' lang='lat' dir='ltr'><strong>ideo</strong></span> <span class='ocrx_word' id='word_1_427' title='bbox 2064 3802 2268 3871; x_wconf 83' lang='lat' dir='ltr'><strong>homini</strong></span> 
     </span>
    </p>
   </div>
   <div class='ocr_carea' id='block_1_64' title="bbox 700 3874 2268 3962">
    <p class='ocr_par' dir='ltr' id='par_1_64' title="bbox 700 3874 2268 3962">
     <span class='ocr_line' id='line_1_64' title="bbox 700 3874 2268 3962; baseline -0.004 -13"><span class='ocrx_word' id='word_1_428' title='bbox 700 3911 808 3949; x_wconf 85' lang='lat' dir='ltr'><strong>non</strong></span> <span class='ocrx_word' id='word_1_429' title='bbox 840 3894 1186 3962; x_wconf 35' lang='lat' dir='ltr'><strong>pepercisse,</strong></span> <span class='ocrx_word' id='word_1_430' title='bbox 1207 3896 1350 3961; x_wconf 83' lang='lat' dir='ltr'><strong>quod</strong></span> <span class='ocrx_word' id='word_1_431' title='bbox 1394 3894 1471 3944; x_wconf 83' lang='lat' dir='ltr'><strong>ira</strong></span> <span class='ocrx_word' id='word_1_432' title='bbox 1514 3893 1689 3944; x_wconf 78' lang='lat' dir='ltr'><strong>victus</strong></span> <span class='ocrx_word' id='word_1_433' title='bbox 1727 3893 1909 3944; x_wconf 79' lang='lat' dir='ltr'><strong>fuerit.</strong></span> <span class='ocrx_word' id='word_1_434' title='bbox 1958 3890 2045 3944; x_wconf 88' lang='lat' dir='ltr'><strong>Sic</strong></span> <span class='ocrx_word' id='word_1_435' title='bbox 2091 3900 2143 3943; x_wconf 87' lang='lat' dir='ltr'><strong>et</strong></span> <span class='ocrx_word' id='word_1_436' title='bbox 2177 3874 2268 3960; x_wconf 88' lang='lat' dir='ltr'><strong>qui</strong></span> 
     </span>
    </p>
   </div>
   <div class='ocr_carea' id='block_1_65' title="bbox 700 3980 2269 4052">
    <p class='ocr_par' dir='ltr' id='par_1_65' title="bbox 700 3980 2269 4052">
     <span class='ocr_line' id='line_1_65' title="bbox 700 3980 2269 4052; baseline -0.004 -16"><span class='ocrx_word' id='word_1_437' title='bbox 700 3986 846 4052; x_wconf 80' lang='lat' dir='ltr'><strong>gravi</strong></span> <span class='ocrx_word' id='word_1_438' title='bbox 888 3986 1051 4052; x_wconf 71' lang='lat' dir='ltr'><strong>ligno,</strong></span> <span class='ocrx_word' id='word_1_439' title='bbox 1098 3991 1150 4035; x_wconf 90' lang='lat' dir='ltr'><strong>et</strong></span> <span class='ocrx_word' id='word_1_440' title='bbox 1183 3983 1272 4050; x_wconf 87' lang='lat' dir='ltr'><strong>qui</strong></span> <span class='ocrx_word' id='word_1_441' title='bbox 1309 3982 1485 4049; x_wconf 87' lang='lat' dir='ltr'><strong>lapide</strong></span> <span class='ocrx_word' id='word_1_442' title='bbox 1530 3982 1768 4044; x_wconf 79' lang='lat' dir='ltr'><strong>majore,</strong></span> <span class='ocrx_word' id='word_1_443' title='bbox 1801 3994 1961 4046; x_wconf 88' lang='lat' dir='ltr'><strong>quam</strong></span> <span class='ocrx_word' id='word_1_444' title='bbox 2000 3995 2095 4045; x_wconf 89' lang='lat' dir='ltr'><strong>pro</strong></span> <span class='ocrx_word' id='word_1_445' title='bbox 2136 3980 2269 4030; x_wconf 71' lang='lat' dir='ltr'><strong>viri-</strong></span> 
     </span>
    </p>
   </div>
   <div class='ocr_carea' id='block_1_66' title="bbox 700 4073 2265 4135">
    <p class='ocr_par' dir='ltr' id='par_1_66' title="bbox 700 4073 2265 4135">
     <span class='ocr_line' id='line_1_66' title="bbox 700 4073 2265 4135; baseline -0.006 -5"><span class='ocrx_word' id='word_1_446' title='bbox 700 4075 802 4130; x_wconf 71' lang='lat' dir='ltr'><strong>Lus</strong></span> <span class='ocrx_word' id='word_1_447' title='bbox 825 4075 1099 4135; x_wconf 85' lang='lat' dir='ltr'><strong>humanis,</strong></span> <span class='ocrx_word' id='word_1_448' title='bbox 1127 4090 1258 4127; x_wconf 90' lang='lat' dir='ltr'><strong>usus</strong></span> <span class='ocrx_word' id='word_1_449' title='bbox 1294 4081 1397 4132; x_wconf 90' lang='lat' dir='ltr'><strong>est,</strong></span> <span class='ocrx_word' id='word_1_450' title='bbox 1426 4073 1477 4124; x_wconf 92' lang='lat' dir='ltr'><strong>in</strong></span> <span class='ocrx_word' id='word_1_451' title='bbox 1511 4073 1892 4123; x_wconf 86' lang='lat' dir='ltr'><strong>involuntariis</strong></span> <span class='ocrx_word' id='word_1_452' title='bbox 1924 4079 2265 4131; x_wconf 89' lang='lat' dir='ltr'><strong>numeratur,</strong></span> 
     </span>
    </p>
   </div>
   <div class='ocr_carea' id='block_1_67' title="bbox 700 4159 2268 4233">
    <p class='ocr_par' dir='ltr' id='par_1_67' title="bbox 700 4159 2268 4233">
     <span class='ocr_line' id='line_1_67' title="bbox 700 4159 2268 4233; baseline -0.006 -14"><span class='ocrx_word' id='word_1_453' title='bbox 700 4174 762 4219; x_wconf 90' lang='lat' dir='ltr'><strong>ut</strong></span> <span class='ocrx_word' id='word_1_454' title='bbox 808 4168 898 4233; x_wconf 91' lang='lat' dir='ltr'><strong>qui</strong></span> <span class='ocrx_word' id='word_1_455' title='bbox 942 4165 1087 4216; x_wconf 86' lang='lat' dir='ltr'><strong>aliud</strong></span> <span class='ocrx_word' id='word_1_456' title='bbox 1128 4164 1383 4225; x_wconf 85' lang='lat' dir='ltr'><strong>voluerit,</strong></span> <span class='ocrx_word' id='word_1_457' title='bbox 1435 4162 1580 4213; x_wconf 89' lang='lat' dir='ltr'><strong>aliud</strong></span> <span class='ocrx_word' id='word_1_458' title='bbox 1611 4162 1819 4214; x_wconf 83' lang='lat' dir='ltr'><strong>fecerit.</strong></span> <span class='ocrx_word' id='word_1_459' title='bbox 1858 4159 1987 4212; x_wconf 80' lang='lat' dir='ltr'><strong>Nam</strong></span> <span class='ocrx_word' id='word_1_460' title='bbox 2035 4176 2143 4228; x_wconf 74' lang='lat' dir='ltr'><strong>pra:</strong></span> <span class='ocrx_word' id='word_1_461' title='bbox 2190 4160 2268 4211; x_wconf 88' lang='lat' dir='ltr'><strong>ira</strong></span> 
     </span>
    </p>
   </div>
   <div class='ocr_carea' id='block_1_68' title="bbox 700 4251 2269 4319">
    <p class='ocr_par' dir='ltr' id='par_1_68' title="bbox 700 4251 2269 4319">
     <span class='ocr_line' id='line_1_68' title="bbox 700 4251 2269 4319; baseline -0.003 -12"><span class='ocrx_word' id='word_1_462' title='bbox 700 4255 868 4307; x_wconf 89' lang='lat' dir='ltr'><strong>ictum</strong></span> <span class='ocrx_word' id='word_1_463' title='bbox 910 4255 1068 4305; x_wconf 83' lang='lat' dir='ltr'><strong>talem</strong></span> <span class='ocrx_word' id='word_1_464' title='bbox 1106 4254 1307 4315; x_wconf 90' lang='lat' dir='ltr'><strong>intulit,</strong></span> <span class='ocrx_word' id='word_1_465' title='bbox 1344 4261 1399 4305; x_wconf 90' lang='lat' dir='ltr'><strong>ul</strong></span> <span class='ocrx_word' id='word_1_466' title='bbox 1430 4254 1594 4304; x_wconf 81' lang='lat' dir='ltr'><strong>etiam</strong></span> <span class='ocrx_word' id='word_1_467' title='bbox 1633 4266 1956 4319; x_wconf 89' lang='lat' dir='ltr'><strong>percussum</strong></span> <span class='ocrx_word' id='word_1_468' title='bbox 1994 4251 2269 4302; x_wconf 73' lang='lat' dir='ltr'><strong>Illtt‘l‘ﬂt&#39;e-</strong></span> 
     </span>
    </p>
   </div>
   <div class='ocr_carea' id='block_1_69' title="bbox 700 4342 2269 4412">
    <p class='ocr_par' dir='ltr' id='par_1_69' title="bbox 700 4342 2269 4412">
     <span class='ocr_line' id='line_1_69' title="bbox 700 4342 2269 4412; baseline -0.005 -13"><span class='ocrx_word' id='word_1_469' title='bbox 700 4355 813 4410; x_wconf 86' lang='lat' dir='ltr'><strong>ret;</strong></span> <span class='ocrx_word' id='word_1_470' title='bbox 855 4358 1183 4412; x_wconf 86' lang='lat' dir='ltr'><strong>quamquam</strong></span> <span class='ocrx_word' id='word_1_471' title='bbox 1220 4342 1357 4394; x_wconf 75' lang='lat' dir='ltr'><strong>forte</strong></span> <span class='ocrx_word' id='word_1_472' title='bbox 1388 4344 1439 4394; x_wconf 92' lang='lat' dir='ltr'><strong>in</strong></span> <span class='ocrx_word' id='word_1_473' title='bbox 1474 4343 1653 4393; x_wconf 88' lang='lat' dir='ltr'><strong>animo</strong></span> <span class='ocrx_word' id='word_1_474' title='bbox 1700 4342 1930 4393; x_wconf 84' lang='lat' dir='ltr'><strong>habebat</strong></span> <span class='ocrx_word' id='word_1_475' title='bbox 1970 4357 2091 4393; x_wconf 85' lang='lat' dir='ltr'><strong>eum</strong></span> <span class='ocrx_word' id='word_1_476' title='bbox 2140 4357 2269 4393; x_wconf 89' lang='lat' dir='ltr'><strong>con-</strong></span> 
     </span>
    </p>
   </div>
   <div class='ocr_carea' id='block_1_70' title="bbox 699 4432 2266 4495">
    <p class='ocr_par' dir='ltr' id='par_1_70' title="bbox 699 4432 2266 4495">
     <span class='ocr_line' id='line_1_70' title="bbox 699 4432 2266 4495; baseline -0.004 -6"><span class='ocrx_word' id='word_1_477' title='bbox 699 4444 894 4495; x_wconf 88' lang='lat' dir='ltr'><strong>terere.</strong></span> <span class='ocrx_word' id='word_1_478' title='bbox 943 4450 1051 4486; x_wconf 93' lang='lat' dir='ltr'><strong>non</strong></span> <span class='ocrx_word' id='word_1_479' title='bbox 1089 4442 1269 4485; x_wconf 88' lang='lat' dir='ltr'><strong>autem</strong></span> <span class='ocrx_word' id='word_1_480' title='bbox 1301 4432 1524 4483; x_wconf 85' lang='lat' dir='ltr'><strong>omnino</strong></span> <span class='ocrx_word' id='word_1_481' title='bbox 1573 4432 1905 4483; x_wconf 89' lang='lat' dir='ltr'><strong>interimere.</strong></span> <span class='ocrx_word' id='word_1_482' title='bbox 1942 4432 2042 4494; x_wconf 86' lang='lat' dir='ltr'><strong>Qui</strong></span> <span class='ocrx_word' id='word_1_483' title='bbox 2086 4440 2266 4483; x_wconf 88' lang='lat' dir='ltr'><strong>autem</strong></span> 
     </span>
    </p>
   </div>
   <div class='ocr_carea' id='block_1_71' title="bbox 697 4521 2267 4594">
    <p class='ocr_par' dir='ltr' id='par_1_71' title="bbox 697 4521 2267 4594">
     <span class='ocr_line' id='line_1_71' title="bbox 697 4521 2267 4594; baseline -0.004 -15"><span class='ocrx_word' id='word_1_484' title='bbox 697 4541 826 4579; x_wconf 87' lang='lat' dir='ltr'><strong>ense</strong></span> <span class='ocrx_word' id='word_1_485' title='bbox 864 4526 944 4576; x_wconf 88' lang='lat' dir='ltr'><strong>vel</strong></span> <span class='ocrx_word' id='word_1_486' title='bbox 984 4525 1178 4594; x_wconf 81' lang='lat' dir='ltr'><strong>quavis</strong></span> <span class='ocrx_word' id='word_1_487' title='bbox 1228 4537 1283 4575; x_wconf 75' lang='lat' dir='ltr'><strong>re</strong></span> <span class='ocrx_word' id='word_1_488' title='bbox 1326 4521 1489 4574; x_wconf 89' lang='lat' dir='ltr'><strong>simili</strong></span> <span class='ocrx_word' id='word_1_489' title='bbox 1544 4536 1677 4572; x_wconf 90' lang='lat' dir='ltr'><strong>usus</strong></span> <span class='ocrx_word' id='word_1_490' title='bbox 1712 4529 1814 4577; x_wconf 85' lang='lat' dir='ltr'><strong>est.</strong></span> <span class='ocrx_word' id='word_1_491' title='bbox 1862 4522 2062 4571; x_wconf 88' lang='lat' dir='ltr'><strong>nullam</strong></span> <span class='ocrx_word' id='word_1_492' title='bbox 2109 4522 2267 4573; x_wconf 88' lang='lat' dir='ltr'><strong>habet</strong></span> 
     </span>
    </p>
   </div>
   <div class='ocr_carea' id='block_1_72' title="bbox 696 4611 2267 4678">
    <p class='ocr_par' dir='ltr' id='par_1_72' title="bbox 696 4611 2267 4678">
     <span class='ocr_line' id='line_1_72' title="bbox 696 4611 2267 4678; baseline -0.004 -9"><span class='ocrx_word' id='word_1_493' title='bbox 696 4618 1143 4669; x_wconf 80' lang='lat' dir='ltr'><strong>excusationem:</strong></span> <span class='ocrx_word' id='word_1_494' title='bbox 1178 4621 1230 4666; x_wconf 89' lang='lat' dir='ltr'><strong>et</strong></span> <span class='ocrx_word' id='word_1_495' title='bbox 1280 4612 1536 4668; x_wconf 77' lang='lat' dir='ltr'><strong>maxime.</strong></span> <span class='ocrx_word' id='word_1_496' title='bbox 1584 4611 1675 4678; x_wconf 86' lang='lat' dir='ltr'><strong>qui</strong></span> <span class='ocrx_word' id='word_1_497' title='bbox 1717 4611 1954 4661; x_wconf 83' lang='lat' dir='ltr'><strong>securim</strong></span> <span class='ocrx_word' id='word_1_498' title='bbox 1994 4612 2267 4677; x_wconf 81' lang='lat' dir='ltr'><strong>jaculatus</strong></span> 
     </span>
    </p>
   </div>
   <div class='ocr_carea' id='block_1_73' title="bbox 696 4700 2269 4766">
    <p class='ocr_par' dir='ltr' id='par_1_73' title="bbox 696 4700 2269 4766">
     <span class='ocr_line' id='line_1_73' title="bbox 696 4700 2269 4766; baseline -0.005 -7"><span class='ocrx_word' id='word_1_499' title='bbox 696 4715 801 4759; x_wconf 87' lang='lat' dir='ltr'><strong>est.</strong></span> <span class='ocrx_word' id='word_1_500' title='bbox 839 4704 1183 4755; x_wconf 76' lang='lat' dir='ltr'><strong>Manifestum</strong></span> <span class='ocrx_word' id='word_1_501' title='bbox 1228 4709 1311 4756; x_wconf 88' lang='lat' dir='ltr'><strong>est</strong></span> <span class='ocrx_word' id='word_1_502' title='bbox 1344 4702 1487 4754; x_wconf 91' lang='lat' dir='ltr'><strong>enim</strong></span> <span class='ocrx_word' id='word_1_503' title='bbox 1522 4700 1671 4751; x_wconf 90' lang='lat' dir='ltr'><strong>illum</strong></span> <span class='ocrx_word' id='word_1_504' title='bbox 1707 4714 1869 4751; x_wconf 87' lang='lat' dir='ltr'><strong>manu</strong></span> <span class='ocrx_word' id='word_1_505' title='bbox 1908 4715 2015 4750; x_wconf 90' lang='lat' dir='ltr'><strong>non</strong></span> <span class='ocrx_word' id='word_1_506' title='bbox 2047 4714 2269 4766; x_wconf 84' lang='lat' dir='ltr'><strong>percus-</strong></span> 
     </span>
    </p>
   </div>
   <div class='ocr_carea' id='block_1_74' title="bbox 697 4790 2262 4857">
    <p class='ocr_par' dir='ltr' id='par_1_74' title="bbox 697 4790 2262 4857">
     <span class='ocr_line' id='line_1_74' title="bbox 697 4790 2262 4857; baseline -0.006 -8"><span class='ocrx_word' id='word_1_507' title='bbox 697 4796 861 4857; x_wconf 82' lang='lat' dir='ltr'><strong>sisse,</strong></span> <span class='ocrx_word' id='word_1_508' title='bbox 900 4797 973 4847; x_wconf 81' lang='lat' dir='ltr'><strong>ita</strong></span> <span class='ocrx_word' id='word_1_509' title='bbox 1006 4803 1061 4844; x_wconf 90' lang='lat' dir='ltr'><strong>ut</strong></span> <span class='ocrx_word' id='word_1_510' title='bbox 1100 4796 1267 4846; x_wconf 88' lang='lat' dir='ltr'><strong>ictum</strong></span> <span class='ocrx_word' id='word_1_511' title='bbox 1310 4791 1372 4843; x_wconf 79' lang='lat' dir='ltr'><strong>ad</strong></span> <span class='ocrx_word' id='word_1_512' title='bbox 1420 4792 1704 4844; x_wconf 88' lang='lat' dir='ltr'><strong>arbitrium</strong></span> <span class='ocrx_word' id='word_1_513' title='bbox 1741 4790 2009 4841; x_wconf 87' lang='lat' dir='ltr'><strong>moderari</strong></span> <span class='ocrx_word' id='word_1_514' title='bbox 2043 4799 2262 4855; x_wconf 78' lang='lat' dir='ltr'><strong>posset:</strong></span> 
     </span>
    </p>
   </div>
   <div class='ocr_carea' id='block_1_75' title="bbox 697 4876 2267 4953">
    <p class='ocr_par' dir='ltr' id='par_1_75' title="bbox 697 4876 2267 4953">
     <span class='ocr_line' id='line_1_75' title="bbox 697 4876 2267 4953; baseline -0.007 -13"><span class='ocrx_word' id='word_1_515' title='bbox 697 4886 792 4940; x_wconf 85' lang='lat' dir='ltr'><strong>sed</strong></span> <span class='ocrx_word' id='word_1_516' title='bbox 823 4886 1098 4953; x_wconf 75' lang='lat' dir='ltr'><strong>}aeulatus</strong></span> <span class='ocrx_word' id='word_1_517' title='bbox 1134 4891 1235 4943; x_wconf 89' lang='lat' dir='ltr'><strong>est,</strong></span> <span class='ocrx_word' id='word_1_518' title='bbox 1285 4882 1359 4933; x_wconf 87' lang='lat' dir='ltr'><strong>ita</strong></span> <span class='ocrx_word' id='word_1_519' title='bbox 1412 4889 1468 4931; x_wconf 93' lang='lat' dir='ltr'><strong>ut</strong></span> <span class='ocrx_word' id='word_1_520' title='bbox 1508 4888 1560 4933; x_wconf 87' lang='lat' dir='ltr'><strong>et</strong></span> <span class='ocrx_word' id='word_1_521' title='bbox 1596 4879 1858 4946; x_wconf 78' lang='lat' dir='ltr'><strong>gravitate</strong></span> <span class='ocrx_word' id='word_1_522' title='bbox 1889 4877 2015 4929; x_wconf 81' lang='lat' dir='ltr'><strong>ferri</strong></span> <span class='ocrx_word' id='word_1_523' title='bbox 2052 4885 2105 4930; x_wconf 90' lang='lat' dir='ltr'><strong>et</strong></span> <span class='ocrx_word' id='word_1_524' title='bbox 2152 4876 2267 4929; x_wconf 86' lang='lat' dir='ltr'><strong>acie</strong></span> 
     </span>
    </p>
   </div>
   <div class='ocr_carea' id='block_1_76' title="bbox 2378 2469 3959 2542">
    <p class='ocr_par' dir='ltr' id='par_1_76' title="bbox 2378 2469 3959 2542">
     <span class='ocr_line' id='line_1_76' title="bbox 2378 2469 3959 2542; baseline 0.001 -23"><span class='ocrx_word' id='word_1_525' title='bbox 2378 2469 2600 2522; x_wconf 87' lang='grc' dir='ltr'>τίσαντα</span> <span class='ocrx_word' id='word_1_526' title='bbox 2792 2471 2936 2522; x_wconf 81' lang='grc' dir='ltr'>λίθον</span> <span class='ocrx_word' id='word_1_527' title='bbox 2986 2472 3077 2522; x_wconf 78' lang='grc' dir='ltr'><strong>ἐπὶ</strong></span> <span class='ocrx_word' id='word_1_528' title='bbox 3120 2471 3255 2523; x_wconf 89' lang='grc' dir='ltr'>κύνα</span> <span class='ocrx_word' id='word_1_529' title='bbox 3307 2473 3339 2539; x_wconf 85' lang='grc' dir='ltr'>ἢ</span> <span class='ocrx_word' id='word_1_530' title='bbox 3388 2472 3624 2542; x_wconf 81' lang='grc' dir='ltr'>δένδρον,</span> <span class='ocrx_word' id='word_1_531' title='bbox 3668 2471 3959 2540; x_wconf 58' lang='grc' dir='ltr'>ἀνθρώπου</span> 
     </span>
    </p>
   </div>
   <div class='ocr_carea' id='block_1_77' title="bbox 2376 2554 3961 2629">
    <p class='ocr_par' dir='ltr' id='par_1_77' title="bbox 2376 2554 3961 2629">
     <span class='ocr_line' id='line_1_77' title="bbox 2376 2554 3961 2629; baseline 0.001 -22"><span class='ocrx_word' id='word_1_532' title='bbox 2376 2561 2576 2625; x_wconf 79' lang='grc' dir='ltr'>τυχεῖν.</span> <span class='ocrx_word' id='word_1_533' title='bbox 2610 2558 2669 2608; x_wconf 83' lang='lat' dir='ltr'><strong>&#39;II</strong></span> <span class='ocrx_word' id='word_1_534' title='bbox 2716 2558 2813 2625; x_wconf 81' lang='grc' dir='ltr'>μὲν</span> <span class='ocrx_word' id='word_1_535' title='bbox 2860 2558 2965 2626; x_wconf 80' lang='grc' dir='ltr'><strong>γάρ</strong></span> <span class='ocrx_word' id='word_1_536' title='bbox 3008 2560 3151 2626; x_wconf 78' lang='grc' dir='ltr'>ὁρμὴ</span> <span class='ocrx_word' id='word_1_537' title='bbox 3194 2554 3260 2626; x_wconf 81' lang='grc' dir='ltr'>ἦν</span> <span class='ocrx_word' id='word_1_538' title='bbox 3303 2560 3365 2610; x_wconf 83' lang='grc' dir='ltr'>τὸ</span> <span class='ocrx_word' id='word_1_539' title='bbox 3404 2560 3587 2629; x_wconf 80' lang='grc' dir='ltr'>θηρίον</span> <span class='ocrx_word' id='word_1_540' title='bbox 3630 2559 3961 2627; x_wconf 84' lang='grc' dir='ltr'>ἀμύνασθαι,</span> 
     </span>
    </p>
   </div>
   <div class='ocr_carea' id='block_1_78' title="bbox 2378 2646 3959 2715">
    <p class='ocr_par' dir='ltr' id='par_1_78' title="bbox 2378 2646 3959 2715">
     <span class='ocr_line' id='line_1_78' title="bbox 2378 2646 3959 2715; baseline 0.001 -20"><span class='ocrx_word' id='word_1_541' title='bbox 2378 2646 2410 2713; x_wconf 82' lang='grc' dir='ltr'><strong>ἥ</strong></span> <span class='ocrx_word' id='word_1_542' title='bbox 2451 2646 2540 2695; x_wconf 79' lang='grc' dir='ltr'>τὸν</span> <span class='ocrx_word' id='word_1_543' title='bbox 2580 2646 2787 2714; x_wconf 83' lang='grc' dir='ltr'>καρπὸν</span> <span class='ocrx_word' id='word_1_544' title='bbox 2825 2649 3161 2697; x_wconf 75' lang='grc' dir='ltr'>κατασεῖσαιο</span> <span class='ocrx_word' id='word_1_545' title='bbox 3210 2647 3383 2714; x_wconf 73' lang='grc' dir='ltr'><strong>ὑπέϐη</strong></span> <span class='ocrx_word' id='word_1_546' title='bbox 3425 2647 3479 2697; x_wconf 79' lang='grc' dir='ltr'><strong>δὲ</strong></span> <span class='ocrx_word' id='word_1_547' title='bbox 3526 2648 3851 2715; x_wconf 79' lang='grc' dir='ltr'>αὐτομάτως</span> <span class='ocrx_word' id='word_1_548' title='bbox 3896 2649 3959 2715; x_wconf 76' lang='grc' dir='ltr'><strong>τῇ</strong></span> 
     </span>
    </p>
   </div>
   <div class='ocr_carea' id='block_1_79' title="bbox 2380 2736 3961 2807">
    <p class='ocr_par' dir='ltr' id='par_1_79' title="bbox 2380 2736 3961 2807">
     <span class='ocr_line' id='line_1_79' title="bbox 2380 2736 3961 2807; baseline 0.003 -22"><span class='ocrx_word' id='word_1_549' title='bbox 2380 2736 2557 2803; x_wconf 66' lang='grc' dir='ltr'>πληγῇ</span> <span class='ocrx_word' id='word_1_550' title='bbox 2591 2738 2728 2787; x_wconf 83' lang='grc' dir='ltr'><strong>κατά</strong></span> <span class='ocrx_word' id='word_1_551' title='bbox 2762 2738 2991 2803; x_wconf 79' lang='grc' dir='ltr'>πάροδον</span> <span class='ocrx_word' id='word_1_552' title='bbox 3023 2739 3050 2788; x_wconf 88' lang='grc' dir='ltr'><strong>ό</strong></span> <span class='ocrx_word' id='word_1_553' title='bbox 3075 2738 3429 2807; x_wconf 75' lang='grc' dir='ltr'>παραπεσώνο</span> <span class='ocrx_word' id='word_1_554' title='bbox 3460 2738 3597 2791; x_wconf 81' lang='grc' dir='ltr'>ὥστε</span> <span class='ocrx_word' id='word_1_555' title='bbox 3628 2741 3687 2791; x_wconf 87' lang='grc' dir='ltr'>τὸ</span> <span class='ocrx_word' id='word_1_556' title='bbox 3722 2739 3961 2791; x_wconf 71' lang='grc' dir='ltr'>τοιοῦτον</span> 
     </span>
    </p>
   </div>
   <div class='ocr_carea' id='block_1_80' title="bbox 2378 2827 3960 2899">
    <p class='ocr_par' dir='ltr' id='par_1_80' title="bbox 2378 2827 3960 2899">
     <span class='ocr_line' id='line_1_80' title="bbox 2378 2827 3960 2899; baseline 0.003 -22"><span class='ocrx_word' id='word_1_557' title='bbox 2378 2827 2649 2878; x_wconf 78' lang='grc' dir='ltr'>ἀκούσιον.</span> <span class='ocrx_word' id='word_1_558' title='bbox 2710 2829 2984 2879; x_wconf 82' lang='grc' dir='ltr'>Ἀκούσιον</span> <span class='ocrx_word' id='word_1_559' title='bbox 3035 2830 3217 2897; x_wconf 79' lang='grc' dir='ltr'>μέντοι</span> <span class='ocrx_word' id='word_1_560' title='bbox 3274 2832 3366 2883; x_wconf 73' lang='grc' dir='ltr'>καὶ</span> <span class='ocrx_word' id='word_1_561' title='bbox 3412 2832 3465 2883; x_wconf 76' lang='grc' dir='ltr'>εἴ</span> <span class='ocrx_word' id='word_1_562' title='bbox 3508 2848 3591 2893; x_wconf 87' lang='grc' dir='ltr'><strong>τις</strong></span> <span class='ocrx_word' id='word_1_563' title='bbox 3640 2831 3960 2899; x_wconf 84' lang='grc' dir='ltr'>βουλόμενος</span> 
     </span>
    </p>
   </div>
   <div class='ocr_carea' id='block_1_81' title="bbox 2377 2918 3955 2993">
    <p class='ocr_par' dir='ltr' id='par_1_81' title="bbox 2377 2918 3955 2993">
     <span class='ocr_line' id='line_1_81' title="bbox 2377 2918 3955 2993; baseline 0.007 -26"><span class='ocrx_word' id='word_1_564' title='bbox 2377 2918 2698 2985; x_wconf 65' lang='grc' dir='ltr'>ἐπιστρέψαι</span> <span class='ocrx_word' id='word_1_565' title='bbox 2721 2920 2863 2980; x_wconf 80' lang='grc' dir='ltr'>τινὰ,</span> <span class='ocrx_word' id='word_1_566' title='bbox 2902 2921 3082 2989; x_wconf 84' lang='grc' dir='ltr'>ίμάντι</span> <span class='ocrx_word' id='word_1_567' title='bbox 3113 2922 3144 2991; x_wconf 83' lang='grc' dir='ltr'>ἦ</span> <span class='ocrx_word' id='word_1_568' title='bbox 3181 2923 3361 2991; x_wconf 79' lang='grc' dir='ltr'><strong>ρἀδῳ</strong></span> <span class='ocrx_word' id='word_1_569' title='bbox 3394 2923 3467 2993; x_wconf 86' lang='grc' dir='ltr'>μὴ</span> <span class='ocrx_word' id='word_1_570' title='bbox 3497 2923 3705 2990; x_wconf 71' lang='grc' dir='ltr'>σκληρῇ</span> <span class='ocrx_word' id='word_1_571' title='bbox 3734 2923 3955 2978; x_wconf 78' lang='grc' dir='ltr'>τύπτοι.</span> 
     </span>
    </p>
   </div>
   <div class='ocr_carea' id='block_1_82' title="bbox 2377 3006 3961 3084">
    <p class='ocr_par' dir='ltr' id='par_1_82' title="bbox 2377 3006 3961 3084">
     <span class='ocr_line' id='line_1_82' title="bbox 2377 3006 3961 3084; baseline 0.005 -28"><span class='ocrx_word' id='word_1_572' title='bbox 2377 3006 2553 3056; x_wconf 70' lang='grc' dir='ltr'>ἁπιθὰ</span> <span class='ocrx_word' id='word_1_573' title='bbox 2568 3024 2623 3075; x_wconf 61' lang='lat' dir='ltr'><strong>an</strong></span> <span class='ocrx_word' id='word_1_574' title='bbox 2655 3008 2710 3059; x_wconf 84' lang='grc' dir='ltr'><strong>δὲ</strong></span> <span class='ocrx_word' id='word_1_575' title='bbox 2739 3010 2766 3059; x_wconf 93' lang='lat'><strong>6</strong></span> <span class='ocrx_word' id='word_1_576' title='bbox 2799 3012 3151 3079; x_wconf 77' lang='grc' dir='ltr'>τυπτόμενος.</span> <span class='ocrx_word' id='word_1_577' title='bbox 3189 3015 3251 3065; x_wconf 83' lang='grc' dir='ltr'><strong>Ἡ</strong></span> <span class='ocrx_word' id='word_1_578' title='bbox 3291 3014 3399 3084; x_wconf 76' lang='grc' dir='ltr'>γὰρ</span> <span class='ocrx_word' id='word_1_579' title='bbox 3440 3014 3695 3083; x_wconf 80' lang='grc' dir='ltr'>πρόθεσις</span> <span class='ocrx_word' id='word_1_580' title='bbox 3727 3013 3961 3066; x_wconf 77' lang='grc' dir='ltr'>ἐνταῦθα</span> 
     </span>
    </p>
   </div>
   <div class='ocr_carea' id='block_1_83' title="bbox 2378 3100 3961 3174">
    <p class='ocr_par' dir='ltr' id='par_1_83' title="bbox 2378 3100 3961 3174">
     <span class='ocr_line' id='line_1_83' title="bbox 2378 3100 3961 3174; baseline 0.006 -29"><span class='ocrx_word' id='word_1_581' title='bbox 2378 3100 2676 3151; x_wconf 81' lang='grc' dir='ltr'>σκοπεῖται,</span> <span class='ocrx_word' id='word_1_582' title='bbox 2711 3100 2790 3149; x_wconf 84' lang='grc' dir='ltr'>ὅτι</span> <span class='ocrx_word' id='word_1_583' title='bbox 2822 3100 3107 3167; x_wconf 79' lang='grc' dir='ltr'>βελτιῶσαι</span> <span class='ocrx_word' id='word_1_584' title='bbox 3141 3103 3401 3170; x_wconf 69' lang='grc' dir='ltr'>ἠϐούλετο</span> <span class='ocrx_word' id='word_1_585' title='bbox 3427 3105 3516 3156; x_wconf 73' lang='grc' dir='ltr'><strong>τὸν</strong></span> <span class='ocrx_word' id='word_1_586' title='bbox 3553 3104 3961 3174; x_wconf 81' lang='grc' dir='ltr'>ἁμαρτάνοντα.</span> 
     </span>
    </p>
   </div>
   <div class='ocr_carea' id='block_1_84' title="bbox 2375 3187 3959 3256">
    <p class='ocr_par' dir='ltr' id='par_1_84' title="bbox 2375 3187 3959 3256">
     <span class='ocr_line' id='line_1_84' title="bbox 2375 3187 3959 3256; baseline 0.011 -20"><span class='ocrx_word' id='word_1_587' title='bbox 2375 3187 2474 3237; x_wconf 86' lang='grc' dir='ltr'>οὑκ</span> <span class='ocrx_word' id='word_1_588' title='bbox 2508 3188 2734 3238; x_wconf 81' lang='grc' dir='ltr'>ἀνελεῖν.</span> <span class='ocrx_word' id='word_1_589' title='bbox 2770 3191 2855 3240; x_wconf 88' lang='grc' dir='ltr'>Ἐν</span> <span class='ocrx_word' id='word_1_590' title='bbox 2884 3196 2993 3253; x_wconf 88' lang='grc' dir='ltr'>τοῖς</span> <span class='ocrx_word' id='word_1_591' title='bbox 3021 3194 3294 3256; x_wconf 70' lang='grc' dir='ltr'>ἀκουσίως</span> <span class='ocrx_word' id='word_1_592' title='bbox 3319 3195 3437 3245; x_wconf 74' lang='grc' dir='ltr'>ἐστὶ</span> <span class='ocrx_word' id='word_1_593' title='bbox 3469 3196 3685 3246; x_wconf 89' lang='grc' dir='ltr'>κάκεῖνο</span> <span class='ocrx_word' id='word_1_594' title='bbox 3736 3228 3753 3252; x_wconf 71' lang='grc' dir='ltr'><strong>ι</strong></span> <span class='ocrx_word' id='word_1_595' title='bbox 3882 3194 3959 3253; x_wconf 71' lang='grc' dir='ltr'><strong>τδ-</strong></span> 
     </span>
    </p>
   </div>
   <div class='ocr_carea' id='block_1_85' title="bbox 2374 3276 3964 3355">
    <p class='ocr_par' dir='ltr' id='par_1_85' title="bbox 2374 3276 3964 3355">
     <span class='ocr_line' id='line_1_85' title="bbox 2374 3276 3964 3355; baseline 0.008 -30"><span class='ocrx_word' id='word_1_596' title='bbox 2374 3276 2710 3345; x_wconf 80' lang='grc' dir='ltr'>ἀμυνόμενόν</span> <span class='ocrx_word' id='word_1_597' title='bbox 2733 3297 2851 3331; x_wconf 89' lang='grc' dir='ltr'>τινα</span> <span class='ocrx_word' id='word_1_598' title='bbox 2889 3282 2945 3332; x_wconf 80' lang='grc' dir='ltr'>ὲν</span> <span class='ocrx_word' id='word_1_599' title='bbox 2984 3283 3128 3352; x_wconf 79' lang='grc' dir='ltr'>μάχῃ</span> <span class='ocrx_word' id='word_1_600' title='bbox 3167 3282 3363 3354; x_wconf 73' lang='grc' dir='ltr'>ξύλιρῆ</span> <span class='ocrx_word' id='word_1_601' title='bbox 3399 3286 3570 3355; x_wconf 77' lang='grc' dir='ltr'>χειρὶ,</span> <span class='ocrx_word' id='word_1_602' title='bbox 3604 3285 3843 3351; x_wconf 74' lang='grc' dir='ltr'>ἀςειδῶς</span> <span class='ocrx_word' id='word_1_603' title='bbox 3873 3283 3964 3338; x_wconf 80' lang='grc' dir='ltr'><strong>ὲπὶ</strong></span> 
     </span>
    </p>
   </div>
   <div class='ocr_carea' id='block_1_86' title="bbox 2372 3364 3959 3439">
    <p class='ocr_par' dir='ltr' id='par_1_86' title="bbox 2372 3364 3959 3439">
     <span class='ocr_line' id='line_1_86' title="bbox 2372 3364 3959 3439; baseline 0.005 -24"><span class='ocrx_word' id='word_1_604' title='bbox 2372 3364 2438 3415; x_wconf 64' lang='grc' dir='ltr'>τὰ</span> <span class='ocrx_word' id='word_1_605' title='bbox 2466 3366 2653 3433; x_wconf 86' lang='grc' dir='ltr'>καίρια</span> <span class='ocrx_word' id='word_1_606' title='bbox 2675 3368 2773 3435; x_wconf 83' lang='grc' dir='ltr'>τὴν</span> <span class='ocrx_word' id='word_1_607' title='bbox 2803 3368 3013 3439; x_wconf 77' lang='grc' dir='ltr'>πληγὴν</span> <span class='ocrx_word' id='word_1_608' title='bbox 3042 3372 3305 3437; x_wconf 73' lang='grc' dir='ltr'>ἐνεγκεῖν,</span> <span class='ocrx_word' id='word_1_609' title='bbox 3338 3370 3477 3424; x_wconf 83' lang='grc' dir='ltr'>ὥστε</span> <span class='ocrx_word' id='word_1_610' title='bbox 3502 3372 3747 3425; x_wconf 83' lang='grc' dir='ltr'>κακῶσαι</span> <span class='ocrx_word' id='word_1_611' title='bbox 3776 3373 3959 3433; x_wconf 72' lang='grc' dir='ltr'>αὑτὸν,</span> 
     </span>
    </p>
   </div>
   <div class='ocr_carea' id='block_1_87' title="bbox 2371 3456 3963 3533">
    <p class='ocr_par' dir='ltr' id='par_1_87' title="bbox 2371 3456 3963 3533">
     <span class='ocr_line' id='line_1_87' title="bbox 2371 3456 3963 3533; baseline 0.005 -28"><span class='ocrx_word' id='word_1_612' title='bbox 2371 3456 2469 3523; x_wconf 82' lang='grc' dir='ltr'>οὐχ</span> <span class='ocrx_word' id='word_1_613' title='bbox 2491 3457 2630 3508; x_wconf 82' lang='grc' dir='ltr'>ὥστε</span> <span class='ocrx_word' id='word_1_614' title='bbox 2657 3460 2932 3523; x_wconf 85' lang='grc' dir='ltr'>παντελῶς</span> <span class='ocrx_word' id='word_1_615' title='bbox 2965 3461 3191 3515; x_wconf 89' lang='grc' dir='ltr'>ἀνελειν.</span> <span class='ocrx_word' id='word_1_616' title='bbox 3221 3462 3380 3513; x_wconf 79' lang='grc' dir='ltr'>Ἀλλὰ</span> <span class='ocrx_word' id='word_1_617' title='bbox 3410 3463 3565 3514; x_wconf 82' lang='grc' dir='ltr'>τοῦτο</span> <span class='ocrx_word' id='word_1_618' title='bbox 3592 3463 3691 3533; x_wconf 65' lang='grc' dir='ltr'><strong>ἤδη</strong></span> <span class='ocrx_word' id='word_1_619' title='bbox 3729 3480 3963 3533; x_wconf 72' lang='grc' dir='ltr'>προσεγι</span> 
     </span>
    </p>
   </div>
   <div class='ocr_carea' id='block_1_88' title="bbox 2372 3545 3961 3623">
    <p class='ocr_par' dir='ltr' id='par_1_88' title="bbox 2372 3545 3961 3623">
     <span class='ocr_line' id='line_1_88' title="bbox 2372 3545 3961 3623; baseline 0.006 -29"><span class='ocrx_word' id='word_1_620' title='bbox 2372 3545 2513 3612; x_wconf 72' lang='grc' dir='ltr'>γίξει</span> <span class='ocrx_word' id='word_1_621' title='bbox 2554 3547 2631 3617; x_wconf 82' lang='grc' dir='ltr'>τῷ</span> <span class='ocrx_word' id='word_1_622' title='bbox 2671 3550 2920 3617; x_wconf 74' lang='grc' dir='ltr'>ἑκουσίῳ.</span> <span class='ocrx_word' id='word_1_623' title='bbox 2971 3551 3026 3602; x_wconf 84' lang='grc' dir='ltr'><strong>Ὀ</strong></span> <span class='ocrx_word' id='word_1_624' title='bbox 3067 3552 3174 3621; x_wconf 77' lang='grc' dir='ltr'><strong>γὰρ</strong></span> <span class='ocrx_word' id='word_1_625' title='bbox 3214 3552 3451 3621; x_wconf 81' lang='grc' dir='ltr'>τοσούτῳ</span> <span class='ocrx_word' id='word_1_626' title='bbox 3488 3554 3835 3623; x_wconf 72' lang='grc' dir='ltr'>χρησάμενος</span> <span class='ocrx_word' id='word_1_627' title='bbox 3872 3554 3961 3622; x_wconf 85' lang='grc' dir='ltr'><strong>ὁρ-</strong></span> 
     </span>
    </p>
   </div>
   <div class='ocr_carea' id='block_1_89' title="bbox 2372 3634 3959 3708">
    <p class='ocr_par' dir='ltr' id='par_1_89' title="bbox 2372 3634 3959 3708">
     <span class='ocr_line' id='line_1_89' title="bbox 2372 3634 3959 3708; baseline 0.006 -25"><span class='ocrx_word' id='word_1_628' title='bbox 2372 3634 2519 3702; x_wconf 85' lang='grc' dir='ltr'>γάνῳ</span> <span class='ocrx_word' id='word_1_629' title='bbox 2550 3636 2683 3703; x_wconf 78' lang='grc' dir='ltr'>πρὸς</span> <span class='ocrx_word' id='word_1_630' title='bbox 2712 3637 2941 3703; x_wconf 81' lang='grc' dir='ltr'>ἄμυναν,</span> <span class='ocrx_word' id='word_1_631' title='bbox 2971 3637 3003 3706; x_wconf 79' lang='grc' dir='ltr'>ἢ</span> <span class='ocrx_word' id='word_1_632' title='bbox 3038 3640 3065 3689; x_wconf 92' lang='lat'><strong>6</strong></span> <span class='ocrx_word' id='word_1_633' title='bbox 3092 3638 3165 3708; x_wconf 78' lang='grc' dir='ltr'>μὴ</span> <span class='ocrx_word' id='word_1_634' title='bbox 3201 3641 3578 3707; x_wconf 72' lang='grc' dir='ltr'>πεφεισμένως</span> <span class='ocrx_word' id='word_1_635' title='bbox 3610 3640 3707 3707; x_wconf 78' lang='grc' dir='ltr'>τὴν</span> <span class='ocrx_word' id='word_1_636' title='bbox 3743 3640 3959 3707; x_wconf 74' lang='grc' dir='ltr'>πληγὴν</span> 
     </span>
    </p>
   </div>
   <div class='ocr_carea' id='block_1_90' title="bbox 2373 3724 3957 3797">
    <p class='ocr_par' dir='ltr' id='par_1_90' title="bbox 2373 3724 3957 3797">
     <span class='ocr_line' id='line_1_90' title="bbox 2373 3724 3957 3797; baseline 0.004 -22"><span class='ocrx_word' id='word_1_637' title='bbox 2373 3724 2687 3790; x_wconf 80' lang='grc' dir='ltr'>ἐπαγαγὼν,</span> <span class='ocrx_word' id='word_1_638' title='bbox 2730 3726 2887 3793; x_wconf 80' lang='grc' dir='ltr'>δῆλός</span> <span class='ocrx_word' id='word_1_639' title='bbox 2926 3729 3061 3789; x_wconf 77' lang='grc' dir='ltr'>ἐστι,</span> <span class='ocrx_word' id='word_1_640' title='bbox 3103 3746 3189 3779; x_wconf 71' lang='grc' dir='ltr'>ιιια</span> <span class='ocrx_word' id='word_1_641' title='bbox 3220 3729 3281 3780; x_wconf 84' lang='grc' dir='ltr'>τὸ</span> <span class='ocrx_word' id='word_1_642' title='bbox 3325 3728 3695 3797; x_wconf 64' lang='grc' dir='ltr'>κεκρατῆσθαι</span> <span class='ocrx_word' id='word_1_643' title='bbox 3731 3730 3838 3782; x_wconf 75' lang='grc' dir='ltr'><strong>ὑπὸ</strong></span> <span class='ocrx_word' id='word_1_644' title='bbox 3867 3730 3957 3782; x_wconf 71' lang='grc' dir='ltr'>τοῦ</span> 
     </span>
    </p>
   </div>
   <div class='ocr_carea' id='block_1_91' title="bbox 2373 3814 3958 3888">
    <p class='ocr_par' dir='ltr' id='par_1_91' title="bbox 2373 3814 3958 3888">
     <span class='ocr_line' id='line_1_91' title="bbox 2373 3814 3958 3888; baseline 0.004 -24"><span class='ocrx_word' id='word_1_645' title='bbox 2373 3814 2593 3875; x_wconf 79' lang='grc' dir='ltr'>πάθους,</span> <span class='ocrx_word' id='word_1_646' title='bbox 2626 3814 2856 3881; x_wconf 72' lang='grc' dir='ltr'>ἀφειδῶν</span> <span class='ocrx_word' id='word_1_647' title='bbox 2881 3816 2972 3867; x_wconf 82' lang='grc' dir='ltr'>τοῦ</span> <span class='ocrx_word' id='word_1_648' title='bbox 3004 3816 3310 3887; x_wconf 83' lang='grc' dir='ltr'>ἀνθρώπου.</span> <span class='ocrx_word' id='word_1_649' title='bbox 3356 3818 3589 3887; x_wconf 82' lang='grc' dir='ltr'>Ὁμοίως</span> <span class='ocrx_word' id='word_1_650' title='bbox 3624 3821 3718 3870; x_wconf 69' lang='grc' dir='ltr'>καὶ</span> <span class='ocrx_word' id='word_1_651' title='bbox 3750 3822 3779 3870; x_wconf 87' lang='lat'><strong>6</strong></span> <span class='ocrx_word' id='word_1_652' title='bbox 3816 3818 3958 3888; x_wconf 80' lang='grc' dir='ltr'>ξύλῳ</span> 
     </span>
    </p>
   </div>
   <div class='ocr_carea' id='block_1_92' title="bbox 2373 3901 3957 3979">
    <p class='ocr_par' dir='ltr' id='par_1_92' title="bbox 2373 3901 3957 3979">
     <span class='ocr_line' id='line_1_92' title="bbox 2373 3901 3957 3979; baseline 0.004 -26"><span class='ocrx_word' id='word_1_653' title='bbox 2373 3901 2543 3971; x_wconf 86' lang='grc' dir='ltr'>βαρεῖ,</span> <span class='ocrx_word' id='word_1_654' title='bbox 2578 3904 2669 3954; x_wconf 79' lang='grc' dir='ltr'>καὶ</span> <span class='ocrx_word' id='word_1_655' title='bbox 2698 3907 2724 3955; x_wconf 89' lang='lat'><strong>6</strong></span> <span class='ocrx_word' id='word_1_656' title='bbox 2759 3904 2891 3972; x_wconf 82' lang='grc' dir='ltr'>λίθῳ</span> <span class='ocrx_word' id='word_1_657' title='bbox 2936 3906 3139 3974; x_wconf 74' lang='grc' dir='ltr'>μείζονι</span> <span class='ocrx_word' id='word_1_658' title='bbox 3170 3907 3267 3973; x_wconf 81' lang='grc' dir='ltr'>τῆς</span> <span class='ocrx_word' id='word_1_659' title='bbox 3296 3908 3574 3976; x_wconf 81' lang='grc' dir='ltr'>δυνάμεως</span> <span class='ocrx_word' id='word_1_660' title='bbox 3606 3908 3704 3977; x_wconf 82' lang='grc' dir='ltr'>τῆς</span> <span class='ocrx_word' id='word_1_661' title='bbox 3744 3910 3957 3979; x_wconf 71' lang='grc' dir='ltr'>ἀνθρωο</span> 
     </span>
    </p>
   </div>
   <div class='ocr_carea' id='block_1_93' title="bbox 2371 3993 3958 4069">
    <p class='ocr_par' dir='ltr' id='par_1_93' title="bbox 2371 3993 3958 4069">
     <span class='ocr_line' id='line_1_93' title="bbox 2371 3993 3958 4069; baseline 0.007 -28"><span class='ocrx_word' id='word_1_662' title='bbox 2371 3993 2528 4059; x_wconf 73' lang='grc' dir='ltr'>πίνῃς</span> <span class='ocrx_word' id='word_1_663' title='bbox 2560 3995 2921 4062; x_wconf 78' lang='grc' dir='ltr'>χρησάμενος,</span> <span class='ocrx_word' id='word_1_664' title='bbox 2954 3998 3065 4057; x_wconf 83' lang='grc' dir='ltr'>τοῖς</span> <span class='ocrx_word' id='word_1_665' title='bbox 3100 3998 3372 4060; x_wconf 84' lang='grc' dir='ltr'>ἀκουσίοις</span> <span class='ocrx_word' id='word_1_666' title='bbox 3399 3999 3771 4069; x_wconf 77' lang='grc' dir='ltr'>ἐναριθμεῖται</span> <span class='ocrx_word' id='word_1_667' title='bbox 3793 4041 3807 4059; x_wconf 89' lang='grc'><strong>,</strong></span> <span class='ocrx_word' id='word_1_668' title='bbox 3832 4000 3958 4052; x_wconf 81' lang='grc' dir='ltr'>ἀλλο</span> 
     </span>
    </p>
   </div>
   <div class='ocr_carea' id='block_1_94' title="bbox 2373 4082 3959 4157">
    <p class='ocr_par' dir='ltr' id='par_1_94' title="bbox 2373 4082 3959 4157">
     <span class='ocr_line' id='line_1_94' title="bbox 2373 4082 3959 4157; baseline 0.005 -24"><span class='ocrx_word' id='word_1_669' title='bbox 2373 4082 2468 4150; x_wconf 85' lang='grc' dir='ltr'>μέν</span> <span class='ocrx_word' id='word_1_670' title='bbox 2504 4099 2552 4133; x_wconf 88' lang='grc' dir='ltr'><strong>τι</strong></span> <span class='ocrx_word' id='word_1_671' title='bbox 2747 4085 3127 4153; x_wconf 85' lang='grc' dir='ltr'>προελόμενος,</span> <span class='ocrx_word' id='word_1_672' title='bbox 3173 4087 3300 4139; x_wconf 74' lang='grc' dir='ltr'>ἄλλο</span> <span class='ocrx_word' id='word_1_673' title='bbox 3337 4087 3391 4139; x_wconf 80' lang='grc' dir='ltr'>δέ</span> <span class='ocrx_word' id='word_1_674' title='bbox 3426 4105 3476 4140; x_wconf 88' lang='grc' dir='ltr'><strong>τι</strong></span> <span class='ocrx_word' id='word_1_675' title='bbox 3524 4092 3773 4157; x_wconf 81' lang='grc' dir='ltr'>ποιήσας.</span> <span class='ocrx_word' id='word_1_676' title='bbox 3823 4090 3959 4141; x_wconf 76' lang='grc' dir='ltr'><strong>Ὑπὸ</strong></span> 
     </span>
    </p>
   </div>
   <div class='ocr_carea' id='block_1_95' title="bbox 2369 4171 3954 4248">
    <p class='ocr_par' dir='ltr' id='par_1_95' title="bbox 2369 4171 3954 4248">
     <span class='ocr_line' id='line_1_95' title="bbox 2369 4171 3954 4248; baseline 0.006 -27"><span class='ocrx_word' id='word_1_677' title='bbox 2369 4171 2474 4241; x_wconf 80' lang='grc' dir='ltr'>γὰρ</span> <span class='ocrx_word' id='word_1_678' title='bbox 2507 4172 2599 4223; x_wconf 76' lang='grc' dir='ltr'><strong>τοῦ</strong></span> <span class='ocrx_word' id='word_1_679' title='bbox 2645 4173 2814 4242; x_wconf 75' lang='grc' dir='ltr'>θυμοῦ</span> <span class='ocrx_word' id='word_1_680' title='bbox 2858 4175 3108 4243; x_wconf 84' lang='grc' dir='ltr'>τοιαύτην</span> <span class='ocrx_word' id='word_1_681' title='bbox 3155 4178 3352 4245; x_wconf 62' lang='grc' dir='ltr'>ἦνεγκε</span> <span class='ocrx_word' id='word_1_682' title='bbox 3400 4179 3499 4246; x_wconf 79' lang='grc' dir='ltr'>τὴν</span> <span class='ocrx_word' id='word_1_683' title='bbox 3541 4179 3775 4248; x_wconf 74' lang='grc' dir='ltr'>πληγὴν,</span> <span class='ocrx_word' id='word_1_684' title='bbox 3812 4178 3954 4230; x_wconf 77' lang='grc' dir='ltr'>ὥστε</span> 
     </span>
    </p>
   </div>
   <div class='ocr_carea' id='block_1_96' title="bbox 2370 4262 3955 4337">
    <p class='ocr_par' dir='ltr' id='par_1_96' title="bbox 2370 4262 3955 4337">
     <span class='ocr_line' id='line_1_96' title="bbox 2370 4262 3955 4337; baseline 0.005 -25"><span class='ocrx_word' id='word_1_685' title='bbox 2370 4262 2574 4313; x_wconf 74' lang='grc' dir='ltr'>ἀνελεῖν</span> <span class='ocrx_word' id='word_1_686' title='bbox 2622 4264 2711 4314; x_wconf 75' lang='grc' dir='ltr'>τὸν</span> <span class='ocrx_word' id='word_1_687' title='bbox 2767 4264 3060 4333; x_wconf 70' lang='grc' dir='ltr'><strong>πληγέντα⁹</strong></span> <span class='ocrx_word' id='word_1_688' title='bbox 3106 4268 3281 4317; x_wconf 74' lang='grc' dir='ltr'>καίτοι</span> <span class='ocrx_word' id='word_1_689' title='bbox 3342 4269 3373 4334; x_wconf 83' lang='grc' dir='ltr'>ἡ</span> <span class='ocrx_word' id='word_1_690' title='bbox 3429 4269 3630 4337; x_wconf 79' lang='grc' dir='ltr'>σπουδὴ</span> <span class='ocrx_word' id='word_1_691' title='bbox 3680 4264 3745 4337; x_wconf 75' lang='grc' dir='ltr'>ἦν</span> <span class='ocrx_word' id='word_1_692' title='bbox 3803 4269 3955 4337; x_wconf 70' lang='grc' dir='ltr'><strong>αὖτῷ</strong></span> 
     </span>
    </p>
   </div>
   <div class='ocr_carea' id='block_1_97' title="bbox 2369 4351 3953 4421">
    <p class='ocr_par' dir='ltr' id='par_1_97' title="bbox 2369 4351 3953 4421">
     <span class='ocr_line' id='line_1_97' title="bbox 2369 4351 3953 4421; baseline 0.005 -21"><span class='ocrx_word' id='word_1_693' title='bbox 2369 4351 2654 4419; x_wconf 66' lang='grc' dir='ltr'>συντρίψαι</span> <span class='ocrx_word' id='word_1_694' title='bbox 2675 4353 2853 4421; x_wconf 81' lang='grc' dir='ltr'>τυχὸν,</span> <span class='ocrx_word' id='word_1_695' title='bbox 2878 4354 2995 4420; x_wconf 69' lang='grc' dir='ltr'><strong>οὐχὶ</strong></span> <span class='ocrx_word' id='word_1_696' title='bbox 3018 4353 3072 4404; x_wconf 79' lang='grc' dir='ltr'><strong>δὲ</strong></span> <span class='ocrx_word' id='word_1_697' title='bbox 3104 4354 3194 4405; x_wconf 73' lang='grc' dir='ltr'>καὶ</span> <span class='ocrx_word' id='word_1_698' title='bbox 3228 4355 3502 4417; x_wconf 83' lang='grc' dir='ltr'>παντελῶς</span> <span class='ocrx_word' id='word_1_699' title='bbox 3530 4357 3863 4409; x_wconf 72' lang='grc' dir='ltr'>θανατὸισαι.</span> <span class='ocrx_word' id='word_1_700' title='bbox 3896 4358 3953 4408; x_wconf 85' lang='grc' dir='ltr'><strong>ὐ</strong></span> 
     </span>
    </p>
   </div>
   <div class='ocr_carea' id='block_1_98' title="bbox 2370 4441 3954 4511">
    <p class='ocr_par' dir='ltr' id='par_1_98' title="bbox 2370 4441 3954 4511">
     <span class='ocr_line' id='line_1_98' title="bbox 2370 4441 3954 4511; baseline 0.003 -21"><span class='ocrx_word' id='word_1_701' title='bbox 2370 4441 2552 4507; x_wconf 80' lang='grc' dir='ltr'>μέντοι</span> <span class='ocrx_word' id='word_1_702' title='bbox 2588 4441 2727 4506; x_wconf 75' lang='grc' dir='ltr'>ξίφει</span> <span class='ocrx_word' id='word_1_703' title='bbox 2769 4442 3130 4511; x_wconf 74' lang='grc' dir='ltr'>χρησάμενος,</span> <span class='ocrx_word' id='word_1_704' title='bbox 3166 4443 3196 4511; x_wconf 81' lang='grc' dir='ltr'>ἦ</span> <span class='ocrx_word' id='word_1_705' title='bbox 3235 4443 3480 4511; x_wconf 74' lang='grc' dir='ltr'>ᾡτινιοῦν</span> <span class='ocrx_word' id='word_1_706' title='bbox 3518 4444 3763 4510; x_wconf 81' lang='grc' dir='ltr'>τοιούτῳ,</span> <span class='ocrx_word' id='word_1_707' title='bbox 3809 4446 3954 4496; x_wconf 66' lang='grc' dir='ltr'>οὐδε-</span> 
     </span>
    </p>
   </div>
   <div class='ocr_carea' id='block_1_99' title="bbox 2371 4531 3951 4606">
    <p class='ocr_par' dir='ltr' id='par_1_99' title="bbox 2371 4531 3951 4606">
     <span class='ocr_line' id='line_1_99' title="bbox 2371 4531 3951 4606; baseline 0.006 -26"><span class='ocrx_word' id='word_1_708' title='bbox 2371 4531 2496 4599; x_wconf 84' lang='grc' dir='ltr'>μίαν</span> <span class='ocrx_word' id='word_1_709' title='bbox 2541 4531 2651 4599; x_wconf 79' lang='grc' dir='ltr'>ἔχει</span> <span class='ocrx_word' id='word_1_710' title='bbox 2708 4534 3034 4602; x_wconf 84' lang='grc' dir='ltr'>παραίτησιν</span> <span class='ocrx_word' id='word_1_711' title='bbox 3113 4537 3205 4585; x_wconf 65' lang='grc' dir='ltr'>καὶ</span> <span class='ocrx_word' id='word_1_712' title='bbox 3263 4536 3493 4603; x_wconf 78' lang='grc' dir='ltr'>μάλιστα</span> <span class='ocrx_word' id='word_1_713' title='bbox 3538 4538 3565 4587; x_wconf 92' lang='lat'><strong>6</strong></span> <span class='ocrx_word' id='word_1_714' title='bbox 3613 4535 3711 4606; x_wconf 80' lang='grc' dir='ltr'>τὴν</span> <span class='ocrx_word' id='word_1_715' title='bbox 3753 4536 3951 4606; x_wconf 77' lang='grc' dir='ltr'>ἀξίνην</span> 
     </span>
    </p>
   </div>
   <div class='ocr_carea' id='block_1_100' title="bbox 2367 4619 3946 4694">
    <p class='ocr_par' dir='ltr' id='par_1_100' title="bbox 2367 4619 3946 4694">
     <span class='ocr_line' id='line_1_100' title="bbox 2367 4619 3946 4694; baseline 0.004 -24"><span class='ocrx_word' id='word_1_716' title='bbox 2367 4619 2672 4680; x_wconf 77' lang='grc' dir='ltr'>ἀκοντίσας.</span> <span class='ocrx_word' id='word_1_717' title='bbox 2696 4622 2802 4671; x_wconf 74' lang='grc' dir='ltr'><strong>Καὶ</strong></span> <span class='ocrx_word' id='word_1_718' title='bbox 2824 4621 2931 4691; x_wconf 72' lang='grc' dir='ltr'><strong>γὰρ</strong></span> <span class='ocrx_word' id='word_1_719' title='bbox 2955 4622 3071 4673; x_wconf 78' lang='grc' dir='ltr'>οὐδὲ</span> <span class='ocrx_word' id='word_1_720' title='bbox 3100 4624 3205 4673; x_wconf 78' lang='grc' dir='ltr'><strong>ἀπὸ</strong></span> <span class='ocrx_word' id='word_1_721' title='bbox 3231 4624 3414 4692; x_wconf 70' lang='grc' dir='ltr'>χειρὸς</span> <span class='ocrx_word' id='word_1_722' title='bbox 3439 4625 3684 4691; x_wconf 82' lang='grc' dir='ltr'>φαίνεται</span> <span class='ocrx_word' id='word_1_723' title='bbox 3710 4625 3946 4694; x_wconf 62' lang='grc' dir='ltr'>πλήξας,</span> 
     </span>
    </p>
   </div>
   <div class='ocr_carea' id='block_1_101' title="bbox 2367 4706 3949 4780">
    <p class='ocr_par' dir='ltr' id='par_1_101' title="bbox 2367 4706 3949 4780">
     <span class='ocr_line' id='line_1_101' title="bbox 2367 4706 3949 4780; baseline 0.005 -23"><span class='ocrx_word' id='word_1_724' title='bbox 2367 4706 2505 4758; x_wconf 79' lang='grc' dir='ltr'>ὥστε</span> <span class='ocrx_word' id='word_1_725' title='bbox 2550 4708 2609 4759; x_wconf 84' lang='grc' dir='ltr'>τὸ</span> <span class='ocrx_word' id='word_1_726' title='bbox 2652 4707 2849 4778; x_wconf 84' lang='grc' dir='ltr'>μέτρον</span> <span class='ocrx_word' id='word_1_727' title='bbox 2888 4710 2987 4775; x_wconf 82' lang='grc' dir='ltr'>τῆς</span> <span class='ocrx_word' id='word_1_728' title='bbox 3028 4711 3241 4780; x_wconf 76' lang='grc' dir='ltr'>πληγῆς</span> <span class='ocrx_word' id='word_1_729' title='bbox 3288 4712 3373 4761; x_wconf 77' lang='grc' dir='ltr'><strong>ἐπ’</strong></span> <span class='ocrx_word' id='word_1_730' title='bbox 3420 4711 3567 4780; x_wconf 80' lang='grc' dir='ltr'><strong>αὐτῷ</strong></span> <span class='ocrx_word' id='word_1_731' title='bbox 3612 4707 3781 4775; x_wconf 76' lang='grc' dir='ltr'>εἶναι,</span> <span class='ocrx_word' id='word_1_732' title='bbox 3828 4714 3949 4765; x_wconf 85' lang='grc' dir='ltr'>ἀλλ“</span> 
     </span>
    </p>
   </div>
   <div class='ocr_carea' id='block_1_102' title="bbox 2367 4797 3945 4876">
    <p class='ocr_par' dir='ltr' id='par_1_102' title="bbox 2367 4797 3945 4876">
     <span class='ocr_line' id='line_1_102' title="bbox 2367 4797 3945 4876; baseline 0.006 -30"><span class='ocrx_word' id='word_1_733' title='bbox 2367 4797 2664 4864; x_wconf 72' lang='grc' dir='ltr'>ἠκόντισεν,</span> <span class='ocrx_word' id='word_1_734' title='bbox 2705 4798 2843 4851; x_wconf 77' lang='grc' dir='ltr'>ὥστε</span> <span class='ocrx_word' id='word_1_735' title='bbox 2888 4803 2979 4853; x_wconf 73' lang='grc' dir='ltr'>καὶ</span> <span class='ocrx_word' id='word_1_736' title='bbox 3025 4802 3102 4871; x_wconf 82' lang='grc' dir='ltr'>τῷ</span> <span class='ocrx_word' id='word_1_737' title='bbox 3144 4802 3295 4872; x_wconf 83' lang='grc' dir='ltr'>βάρει</span> <span class='ocrx_word' id='word_1_738' title='bbox 3335 4802 3425 4855; x_wconf 83' lang='grc' dir='ltr'>τοῦ</span> <span class='ocrx_word' id='word_1_739' title='bbox 3467 4804 3714 4873; x_wconf 75' lang='grc' dir='ltr'>σιδήρου,</span> <span class='ocrx_word' id='word_1_740' title='bbox 3751 4806 3847 4858; x_wconf 81' lang='grc' dir='ltr'>καὶ</span> <span class='ocrx_word' id='word_1_741' title='bbox 3876 4808 3945 4876; x_wconf 78' lang='grc' dir='ltr'>τῇ</span> 
     </span>
    </p>
   </div>
   <div class='ocr_carea' id='block_1_103' title="bbox 2368 4886 3945 4961">
    <p class='ocr_par' dir='ltr' id='par_1_103' title="bbox 2368 4886 3945 4961">
     <span class='ocr_line' id='line_1_103' title="bbox 2368 4886 3945 4961; baseline 0.006 -25"><span class='ocrx_word' id='word_1_742' title='bbox 2368 4886 2538 4955; x_wconf 81' lang='grc' dir='ltr'>ἀκμῇ,</span> <span class='ocrx_word' id='word_1_743' title='bbox 2593 4889 2684 4939; x_wconf 69' lang='grc' dir='ltr'>καὶ</span> <span class='ocrx_word' id='word_1_744' title='bbox 2731 4893 2797 4959; x_wconf 82' lang='grc' dir='ltr'>τῇ</span> <span class='ocrx_word' id='word_1_745' title='bbox 2842 4890 2929 4942; x_wconf 80' lang='grc' dir='ltr'>διὰ</span> <span class='ocrx_word' id='word_1_746' title='bbox 2976 4890 3226 4942; x_wconf 81' lang='grc' dir='ltr'>πλείστου</span> <span class='ocrx_word' id='word_1_747' title='bbox 3272 4893 3432 4961; x_wconf 75' lang='grc' dir='ltr'>φορᾷ,</span> <span class='ocrx_word' id='word_1_748' title='bbox 3480 4892 3725 4961; x_wconf 82' lang='grc' dir='ltr'>ὀλεθρίαν</span> <span class='ocrx_word' id='word_1_749' title='bbox 3772 4895 3945 4959; x_wconf 65' lang='grc' dir='ltr'>ἀναγ-</span> 
     </span>
    </p>
   </div>
   <div class='ocr_carea' id='block_1_104' title="bbox 694 4968 2362 5054">
    <p class='ocr_par' dir='ltr' id='par_1_104' title="bbox 694 4968 2339 5054">
     <span class='ocr_line' id='line_1_104' title="bbox 694 4968 2339 5054; baseline -0.007 -25"><span class='ocrx_word' id='word_1_750' title='bbox 694 4984 749 5030; x_wconf 88' lang='lat' dir='ltr'><strong>et</strong></span> <span class='ocrx_word' id='word_1_751' title='bbox 780 4984 927 5027; x_wconf 89' lang='lat' dir='ltr'><strong>motu</strong></span> <span class='ocrx_word' id='word_1_752' title='bbox 954 4990 981 5026; x_wconf 91' lang='lat' dir='ltr'><strong>e</strong></span> <span class='ocrx_word' id='word_1_753' title='bbox 1009 4973 1323 5040; x_wconf 81' lang='lat' dir='ltr'><strong>longinquo,</strong></span> <span class='ocrx_word' id='word_1_754' title='bbox 1344 4972 1484 5025; x_wconf 89' lang='lat' dir='ltr'><strong>ictus</strong></span> <span class='ocrx_word' id='word_1_755' title='bbox 1510 4969 1821 5022; x_wconf 78' lang='lat' dir='ltr'><strong>necessario</strong></span> <span class='ocrx_word' id='word_1_756' title='bbox 1852 4968 2065 5021; x_wconf 89' lang='lat' dir='ltr'><strong>lethalis</strong></span> <span class='ocrx_word' id='word_1_757' title='bbox 2092 4968 2261 5020; x_wconf 84' lang='lat' dir='ltr'><strong>ﬁeret.</strong></span> <span class='ocrx_word' id='word_1_758' title='bbox 2298 5002 2339 5054; x_wconf 71' lang='grc' dir='ltr'>υ</span> 
     </span>
    </p>
   </div>
   <div class='ocr_carea' id='block_1_105' title="bbox 2274 4968 3942 5054">
    <p class='ocr_par' dir='ltr' id='par_1_105' title="bbox 2298 4978 3942 5054">
     <span class='ocr_line' id='line_1_105' title="bbox 2298 4978 3942 5054; baseline 0.005 -28"><span class='ocrx_word' id='word_1_759' title='bbox 2298 4978 2535 5054; x_wconf 74' lang='grc' dir='ltr'>υκαίως</span> <span class='ocrx_word' id='word_1_760' title='bbox 2593 4978 2689 5047; x_wconf 71' lang='grc' dir='ltr'>τὴν</span> <span class='ocrx_word' id='word_1_761' title='bbox 2753 4979 2964 5049; x_wconf 79' lang='grc' dir='ltr'>πληγὴν</span> <span class='ocrx_word' id='word_1_762' title='bbox 3017 4982 3287 5046; x_wconf 80' lang='grc' dir='ltr'>γενέσθαι.</span> <span class='ocrx_word' id='word_1_763' title='bbox 3332 4982 3607 5034; x_wconf 83' lang='grc' dir='ltr'>Ἐκούσιον</span> <span class='ocrx_word' id='word_1_764' title='bbox 3666 4983 3723 5034; x_wconf 83' lang='grc' dir='ltr'><strong>δὲ</strong></span> <span class='ocrx_word' id='word_1_765' title='bbox 3779 4984 3942 5035; x_wconf 77' lang='grc' dir='ltr'>πάλιν</span> 
     </span>
    </p>
   </div>
   <div class='ocr_carea' id='block_1_106' title="bbox 701 5056 2259 5118">
    <p class='ocr_par' dir='ltr' id='par_1_106' title="bbox 701 5056 2259 5118">
     <span class='ocr_line' id='line_1_106' title="bbox 701 5056 2259 5118; baseline -0.005 -2"><span class='ocrx_word' id='word_1_766' title='bbox 701 5065 911 5118; x_wconf 69' lang='lat' dir='ltr'><strong>Ilursus</strong></span> <span class='ocrx_word' id='word_1_767' title='bbox 952 5072 1129 5115; x_wconf 89' lang='lat' dir='ltr'><strong>autem</strong></span> <span class='ocrx_word' id='word_1_768' title='bbox 1168 5062 1391 5115; x_wconf 85' lang='lat' dir='ltr'><strong>omnino</strong></span> <span class='ocrx_word' id='word_1_769' title='bbox 1417 5068 1499 5114; x_wconf 91' lang='lat' dir='ltr'><strong>est</strong></span> <span class='ocrx_word' id='word_1_770' title='bbox 1534 5058 1924 5116; x_wconf 82' lang='lat' dir='ltr'><strong>voluntarium,</strong></span> <span class='ocrx_word' id='word_1_771' title='bbox 1960 5072 2021 5109; x_wconf 91' lang='lat' dir='ltr'><strong>ac</strong></span> <span class='ocrx_word' id='word_1_772' title='bbox 2058 5056 2259 5108; x_wconf 90' lang='lat' dir='ltr'><strong>nullam</strong></span> 
     </span>
    </p>
   </div>
   <div class='ocr_carea' id='block_1_107' title="bbox 698 5148 2260 5218">
    <p class='ocr_par' dir='ltr' id='par_1_107' title="bbox 698 5148 2260 5218">
     <span class='ocr_line' id='line_1_107' title="bbox 698 5148 2260 5218; baseline -0.006 -12"><span class='ocrx_word' id='word_1_773' title='bbox 698 5156 907 5207; x_wconf 87' lang='lat' dir='ltr'><strong>habens</strong></span> <span class='ocrx_word' id='word_1_774' title='bbox 948 5153 1362 5212; x_wconf 83' lang='lat' dir='ltr'><strong>dubitationem,</strong></span> <span class='ocrx_word' id='word_1_775' title='bbox 1394 5150 1539 5218; x_wconf 90' lang='lat' dir='ltr'><strong>quod</strong></span> <span class='ocrx_word' id='word_1_776' title='bbox 1577 5149 1632 5200; x_wconf 85' lang='lat' dir='ltr'><strong>ﬁt</strong></span> <span class='ocrx_word' id='word_1_777' title='bbox 1681 5164 1708 5200; x_wconf 88' lang='lat' dir='ltr'><strong>a</strong></span> <span class='ocrx_word' id='word_1_778' title='bbox 1747 5149 2071 5207; x_wconf 86' lang='lat' dir='ltr'><strong>latronibus,</strong></span> <span class='ocrx_word' id='word_1_779' title='bbox 2123 5155 2173 5199; x_wconf 89' lang='lat' dir='ltr'><strong>et</strong></span> <span class='ocrx_word' id='word_1_780' title='bbox 2208 5148 2260 5198; x_wconf 91' lang='lat' dir='ltr'><strong>in</strong></span> 
     </span>
    </p>
   </div>
   <div class='ocr_carea' id='block_1_108' title="bbox 699 5240 2260 5307">
    <p class='ocr_par' dir='ltr' id='par_1_108' title="bbox 699 5240 2260 5307">
     <span class='ocr_line' id='line_1_108' title="bbox 699 5240 2260 5307; baseline -0.005 -10"><span class='ocrx_word' id='word_1_781' title='bbox 699 5245 909 5298; x_wconf 79' lang='lat' dir='ltr'><strong>bellicis</strong></span> <span class='ocrx_word' id='word_1_782' title='bbox 961 5243 1387 5295; x_wconf 87' lang='lat' dir='ltr'><strong>incursionibus.</strong></span> <span class='ocrx_word' id='word_1_783' title='bbox 1444 5240 1506 5292; x_wconf 91' lang='lat' dir='ltr'><strong>Hi</strong></span> <span class='ocrx_word' id='word_1_784' title='bbox 1551 5241 1694 5291; x_wconf 90' lang='lat' dir='ltr'><strong>enim</strong></span> <span class='ocrx_word' id='word_1_785' title='bbox 1741 5248 1961 5307; x_wconf 88' lang='lat' dir='ltr'><strong>propter</strong></span> <span class='ocrx_word' id='word_1_786' title='bbox 2002 5241 2260 5305; x_wconf 88' lang='lat' dir='ltr'><strong>pecunias</strong></span> 
     </span>
    </p>
   </div>
   <div class='ocr_carea' id='block_1_109' title="bbox 706 5340 2268 5411">
    <p class='ocr_par' dir='ltr' id='par_1_109' title="bbox 706 5340 2268 5411">
     <span class='ocr_line' id='line_1_109' title="bbox 706 5340 2268 5411; baseline 0.001 -16"><span class='ocrx_word' id='word_1_787' title='bbox 706 5344 1044 5405; x_wconf 89' lang='lat' dir='ltr'><strong>interimunt,</strong></span> <span class='ocrx_word' id='word_1_788' title='bbox 1096 5350 1349 5394; x_wconf 77' lang='lat' dir='ltr'><strong>caventes</strong></span> <span class='ocrx_word' id='word_1_789' title='bbox 1399 5355 1466 5393; x_wconf 91' lang='lat' dir='ltr'><strong>ne</strong></span> <span class='ocrx_word' id='word_1_790' title='bbox 1508 5340 1903 5393; x_wconf 86' lang='lat' dir='ltr'><strong>convincantnr</strong></span> <span class='ocrx_word' id='word_1_791' title='bbox 1934 5359 1946 5393; x_wconf 88' lang='lat'><strong>:</strong></span> <span class='ocrx_word' id='word_1_792' title='bbox 1981 5352 2033 5394; x_wconf 88' lang='lat' dir='ltr'><strong>et</strong></span> <span class='ocrx_word' id='word_1_793' title='bbox 2078 5343 2170 5411; x_wconf 89' lang='lat' dir='ltr'><strong>qui</strong></span> <span class='ocrx_word' id='word_1_794' title='bbox 2217 5346 2268 5399; x_wconf 91' lang='lat' dir='ltr'><strong>in</strong></span> 
     </span>
    </p>
   </div>
   <div class='ocr_carea' id='block_1_110' title="bbox 708 5426 2265 5489">
    <p class='ocr_par' dir='ltr' id='par_1_110' title="bbox 708 5426 2265 5489">
     <span class='ocr_line' id='line_1_110' title="bbox 708 5426 2265 5489; baseline -0.003 -4"><span class='ocrx_word' id='word_1_795' title='bbox 708 5432 863 5485; x_wconf 73' lang='lat' dir='ltr'><strong>bellis</strong></span> <span class='ocrx_word' id='word_1_796' title='bbox 905 5432 968 5483; x_wconf 90' lang='lat' dir='ltr'><strong>ad</strong></span> <span class='ocrx_word' id='word_1_797' title='bbox 1000 5431 1197 5483; x_wconf 55' lang='lat' dir='ltr'><strong>(aedem</strong></span> <span class='ocrx_word' id='word_1_798' title='bbox 1229 5428 1496 5487; x_wconf 83' lang='lat' dir='ltr'><strong>feruntur,</strong></span> <span class='ocrx_word' id='word_1_799' title='bbox 1541 5426 1624 5479; x_wconf 90' lang='lat' dir='ltr'><strong>his</strong></span> <span class='ocrx_word' id='word_1_800' title='bbox 1668 5442 1767 5479; x_wconf 88' lang='lat' dir='ltr'><strong>nec</strong></span> <span class='ocrx_word' id='word_1_801' title='bbox 1794 5434 2019 5489; x_wconf 89' lang='lat' dir='ltr'><strong>terrere,</strong></span> <span class='ocrx_word' id='word_1_802' title='bbox 2053 5442 2151 5480; x_wconf 90' lang='lat' dir='ltr'><strong>nec</strong></span> <span class='ocrx_word' id='word_1_803' title='bbox 2178 5444 2265 5481; x_wconf 86' lang='lat' dir='ltr'><strong>ca-</strong></span> 
     </span>
    </p>
   </div>
   <div class='ocr_carea' id='block_1_111' title="bbox 707 5515 2271 5589">
    <p class='ocr_par' dir='ltr' id='par_1_111' title="bbox 707 5515 2271 5589">
     <span class='ocr_line' id='line_1_111' title="bbox 707 5515 2271 5589; baseline -0.004 -14"><span class='ocrx_word' id='word_1_804' title='bbox 707 5523 932 5589; x_wconf 81' lang='lat' dir='ltr'><strong>stigare.</strong></span> <span class='ocrx_word' id='word_1_805' title='bbox 970 5521 1060 5572; x_wconf 86' lang='lat' dir='ltr'><strong>scd</strong></span> <span class='ocrx_word' id='word_1_806' title='bbox 1093 5518 1439 5571; x_wconf 81' lang='lat' dir='ltr'><strong>adversarios</strong></span> <span class='ocrx_word' id='word_1_807' title='bbox 1472 5515 1782 5568; x_wconf 79' lang='lat' dir='ltr'><strong>interﬁcere</strong></span> <span class='ocrx_word' id='word_1_808' title='bbox 1819 5524 2001 5582; x_wconf 87' lang='lat' dir='ltr'><strong>aperte</strong></span> <span class='ocrx_word' id='word_1_809' title='bbox 2028 5518 2271 5584; x_wconf 84' lang='lat' dir='ltr'><strong>proposi-</strong></span> 
     </span>
    </p>
   </div>
   <div class='ocr_carea' id='block_1_112' title="bbox 708 5606 2267 5674">
    <p class='ocr_par' dir='ltr' id='par_1_112' title="bbox 708 5606 2267 5674">
     <span class='ocr_line' id='line_1_112' title="bbox 708 5606 2267 5674; baseline -0.002 -11"><span class='ocrx_word' id='word_1_810' title='bbox 708 5621 818 5663; x_wconf 90' lang='lat' dir='ltr'><strong>tum</strong></span> <span class='ocrx_word' id='word_1_811' title='bbox 860 5618 961 5662; x_wconf 86' lang='lat' dir='ltr'><strong>est.</strong></span> <span class='ocrx_word' id='word_1_812' title='bbox 991 5612 1162 5674; x_wconf 82' lang='lat' dir='ltr'><strong>Atque</strong></span> <span class='ocrx_word' id='word_1_813' title='bbox 1201 5608 1410 5660; x_wconf 87' lang='lat' dir='ltr'><strong>etiamsi</strong></span> <span class='ocrx_word' id='word_1_814' title='bbox 1439 5607 1561 5674; x_wconf 87' lang='lat' dir='ltr'><strong>quis</strong></span> <span class='ocrx_word' id='word_1_815' title='bbox 1591 5616 1807 5673; x_wconf 89' lang='lat' dir='ltr'><strong>propter</strong></span> <span class='ocrx_word' id='word_1_816' title='bbox 1838 5606 2073 5673; x_wconf 89' lang='lat' dir='ltr'><strong>aliquam</strong></span> <span class='ocrx_word' id='word_1_817' title='bbox 2104 5607 2267 5660; x_wconf 89' lang='lat' dir='ltr'><strong>aliam</strong></span> 
     </span>
    </p>
   </div>
   <div class='ocr_carea' id='block_1_113' title="bbox 706 5695 2269 5763">
    <p class='ocr_par' dir='ltr' id='par_1_113' title="bbox 706 5695 2269 5763">
     <span class='ocr_line' id='line_1_113' title="bbox 706 5695 2269 5763; baseline 0 -13"><span class='ocrx_word' id='word_1_818' title='bbox 706 5715 928 5750; x_wconf 70' lang='lat' dir='ltr'><strong>cansam</strong></span> <span class='ocrx_word' id='word_1_819' title='bbox 974 5698 1248 5749; x_wconf 79' lang='lat' dir='ltr'><strong>curiosum</strong></span> <span class='ocrx_word' id='word_1_820' title='bbox 1290 5696 1638 5763; x_wconf 82' lang='lat' dir='ltr'><strong>pharmacum</strong></span> <span class='ocrx_word' id='word_1_821' title='bbox 1676 5695 1979 5761; x_wconf 87' lang='lat' dir='ltr'><strong>miscuerit,</strong></span> <span class='ocrx_word' id='word_1_822' title='bbox 2011 5705 2064 5751; x_wconf 90' lang='lat' dir='ltr'><strong>et</strong></span> <span class='ocrx_word' id='word_1_823' title='bbox 2100 5698 2269 5752; x_wconf 89' lang='lat' dir='ltr'><strong>inter—</strong></span> 
     </span>
    </p>
   </div>
   <div class='ocr_carea' id='block_1_114' title="bbox 2369 5068 3945 5141">
    <p class='ocr_par' dir='ltr' id='par_1_114' title="bbox 2369 5068 3945 5141">
     <span class='ocr_line' id='line_1_114' title="bbox 2369 5068 3945 5141; baseline 0.004 -24"><span class='ocrx_word' id='word_1_824' title='bbox 2369 5068 2665 5129; x_wconf 78' lang='grc' dir='ltr'>παντελῶς,</span> <span class='ocrx_word' id='word_1_825' title='bbox 2700 5071 2790 5121; x_wconf 65' lang='grc' dir='ltr'>καὶ</span> <span class='ocrx_word' id='word_1_826' title='bbox 2821 5071 3076 5135; x_wconf 79' lang='grc' dir='ltr'>οὐδεμίαν</span> <span class='ocrx_word' id='word_1_827' title='bbox 3117 5072 3439 5140; x_wconf 55' lang='grc' dir='ltr'>ἀμσιὸολίαν</span> <span class='ocrx_word' id='word_1_828' title='bbox 3485 5071 3625 5141; x_wconf 82' lang='grc' dir='ltr'>ἔχον,</span> <span class='ocrx_word' id='word_1_829' title='bbox 3669 5068 3779 5124; x_wconf 74' lang='grc' dir='ltr'>οἶόν</span> <span class='ocrx_word' id='word_1_830' title='bbox 3826 5076 3945 5125; x_wconf 77' lang='grc' dir='ltr'>ἐστι</span> 
     </span>
    </p>
   </div>
   <div class='ocr_carea' id='block_1_115' title="bbox 2363 5156 3941 5229">
    <p class='ocr_par' dir='ltr' id='par_1_115' title="bbox 2363 5156 3941 5229">
     <span class='ocr_line' id='line_1_115' title="bbox 2363 5156 3941 5229; baseline 0.007 -24"><span class='ocrx_word' id='word_1_831' title='bbox 2363 5157 2422 5206; x_wconf 82' lang='grc' dir='ltr'>τὸ</span> <span class='ocrx_word' id='word_1_832' title='bbox 2448 5157 2553 5206; x_wconf 82' lang='grc' dir='ltr'><strong>τῶν</strong></span> <span class='ocrx_word' id='word_1_833' title='bbox 2584 5156 2790 5226; x_wconf 81' lang='grc' dir='ltr'>λῃστῶν</span> <span class='ocrx_word' id='word_1_834' title='bbox 2822 5159 2913 5209; x_wconf 82' lang='grc' dir='ltr'>καὶ</span> <span class='ocrx_word' id='word_1_835' title='bbox 2940 5158 3000 5209; x_wconf 83' lang='grc' dir='ltr'>τὸ</span> <span class='ocrx_word' id='word_1_836' title='bbox 3038 5158 3144 5209; x_wconf 89' lang='grc' dir='ltr'><strong>τῶν</strong></span> <span class='ocrx_word' id='word_1_837' title='bbox 3174 5160 3479 5229; x_wconf 78' lang='grc' dir='ltr'>πολεμικῶν</span> <span class='ocrx_word' id='word_1_838' title='bbox 3512 5162 3737 5226; x_wconf 68' lang='grc' dir='ltr'>ὲιρόδων.</span> <span class='ocrx_word' id='word_1_839' title='bbox 3776 5158 3941 5216; x_wconf 73' lang='grc' dir='ltr'>Οὗτοι</span> 
     </span>
    </p>
   </div>
   <div class='ocr_carea' id='block_1_116' title="bbox 2367 5244 3943 5317">
    <p class='ocr_par' dir='ltr' id='par_1_116' title="bbox 2367 5244 3943 5317">
     <span class='ocr_line' id='line_1_116' title="bbox 2367 5244 3943 5317; baseline 0.008 -24"><span class='ocrx_word' id='word_1_840' title='bbox 2367 5245 2461 5310; x_wconf 80' lang='grc' dir='ltr'>μὲν</span> <span class='ocrx_word' id='word_1_841' title='bbox 2502 5244 2608 5312; x_wconf 81' lang='grc' dir='ltr'>γὰρ</span> <span class='ocrx_word' id='word_1_842' title='bbox 2643 5245 2726 5295; x_wconf 74' lang='grc' dir='ltr'>διὰ</span> <span class='ocrx_word' id='word_1_843' title='bbox 2770 5246 3023 5314; x_wconf 78' lang='grc' dir='ltr'>χρήματα</span> <span class='ocrx_word' id='word_1_844' title='bbox 3070 5246 3377 5316; x_wconf 84' lang='grc' dir='ltr'>ἀναιροῦσι,</span> <span class='ocrx_word' id='word_1_845' title='bbox 3414 5250 3504 5301; x_wconf 79' lang='grc' dir='ltr'>τὸν</span> <span class='ocrx_word' id='word_1_846' title='bbox 3542 5250 3762 5317; x_wconf 75' lang='grc' dir='ltr'>ἔλεγχον</span> <span class='ocrx_word' id='word_1_847' title='bbox 3804 5253 3943 5305; x_wconf 82' lang='grc' dir='ltr'>ἀπο-</span> 
     </span>
    </p>
   </div>
   <div class='ocr_carea' id='block_1_117' title="bbox 2370 5334 3943 5407">
    <p class='ocr_par' dir='ltr' id='par_1_117' title="bbox 2370 5334 3943 5407">
     <span class='ocr_line' id='line_1_117' title="bbox 2370 5334 3943 5407; baseline -0.004 -17"><span class='ocrx_word' id='word_1_848' title='bbox 2370 5337 2680 5407; x_wconf 76' lang='grc' dir='ltr'>φεύγοντες·</span> <span class='ocrx_word' id='word_1_849' title='bbox 2710 5337 2761 5387; x_wconf 86' lang='grc' dir='ltr'>οἵ</span> <span class='ocrx_word' id='word_1_850' title='bbox 2792 5353 2848 5387; x_wconf 83' lang='grc' dir='ltr'><strong>τε</strong></span> <span class='ocrx_word' id='word_1_851' title='bbox 2878 5336 2935 5386; x_wconf 72' lang='grc' dir='ltr'>ἐν</span> <span class='ocrx_word' id='word_1_852' title='bbox 2970 5338 3078 5397; x_wconf 89' lang='grc' dir='ltr'>τοῖς</span> <span class='ocrx_word' id='word_1_853' title='bbox 3117 5334 3371 5403; x_wconf 79' lang='grc' dir='ltr'>πολέμοις</span> <span class='ocrx_word' id='word_1_854' title='bbox 3403 5338 3492 5388; x_wconf 71' lang='grc' dir='ltr'><strong>ἐπὶ</strong></span> <span class='ocrx_word' id='word_1_855' title='bbox 3530 5335 3721 5404; x_wconf 85' lang='grc' dir='ltr'>φόνους</span> <span class='ocrx_word' id='word_1_856' title='bbox 3755 5336 3943 5403; x_wconf 74' lang='grc' dir='ltr'>ἔρχον-</span> 
     </span>
    </p>
   </div>
   <div class='ocr_carea' id='block_1_118' title="bbox 2370 5421 3947 5494">
    <p class='ocr_par' dir='ltr' id='par_1_118' title="bbox 2370 5421 3947 5494">
     <span class='ocr_line' id='line_1_118' title="bbox 2370 5421 3947 5494; baseline -0.006 -13"><span class='ocrx_word' id='word_1_857' title='bbox 2370 5444 2476 5486; x_wconf 88' lang='grc' dir='ltr'>ται,</span> <span class='ocrx_word' id='word_1_858' title='bbox 2522 5424 2642 5477; x_wconf 74' lang='grc' dir='ltr'>οὒτε</span> <span class='ocrx_word' id='word_1_859' title='bbox 2691 5424 2952 5494; x_wconf 77' lang='grc' dir='ltr'>φοόῆσαι,</span> <span class='ocrx_word' id='word_1_860' title='bbox 3002 5423 3127 5476; x_wconf 79' lang='grc' dir='ltr'>οὕτε</span> <span class='ocrx_word' id='word_1_861' title='bbox 3175 5424 3523 5494; x_wconf 86' lang='grc' dir='ltr'>σωφρονίσαι,</span> <span class='ocrx_word' id='word_1_862' title='bbox 3572 5421 3686 5473; x_wconf 81' lang='grc' dir='ltr'>ἀλλ’</span> <span class='ocrx_word' id='word_1_863' title='bbox 3733 5421 3947 5473; x_wconf 80' lang='grc' dir='ltr'>ἀνελεῖν</span> 
     </span>
    </p>
   </div>
   <div class='ocr_carea' id='block_1_119' title="bbox 2368 5502 3944 5584">
    <p class='ocr_par' dir='ltr' id='par_1_119' title="bbox 2368 5502 3944 5584">
     <span class='ocr_line' id='line_1_119' title="bbox 2368 5502 3944 5584; baseline -0.004 -15"><span class='ocrx_word' id='word_1_864' title='bbox 2368 5533 2492 5579; x_wconf 72' lang='grc' dir='ltr'>τους</span> <span class='ocrx_word' id='word_1_865' title='bbox 2525 5517 2962 5584; x_wconf 71' lang='grc' dir='ltr'>ἐναντιουμένους</span> <span class='ocrx_word' id='word_1_866' title='bbox 3146 5516 3209 5567; x_wconf 71' lang='grc' dir='ltr'>ὲκ</span> <span class='ocrx_word' id='word_1_867' title='bbox 3251 5513 3341 5566; x_wconf 75' lang='grc' dir='ltr'>τοῦ</span> <span class='ocrx_word' id='word_1_868' title='bbox 3375 5512 3603 5583; x_wconf 75' lang='grc' dir='ltr'>φανεροῦ</span> <span class='ocrx_word' id='word_1_869' title='bbox 3645 5502 3944 5583; x_wconf 62' lang='grc' dir='ltr'>προαιρού-</span> 
     </span>
    </p>
   </div>
   <div class='ocr_carea' id='block_1_120' title="bbox 2372 5605 3945 5676">
    <p class='ocr_par' dir='ltr' id='par_1_120' title="bbox 2372 5605 3945 5676">
     <span class='ocr_line' id='line_1_120' title="bbox 2372 5605 3945 5676; baseline -0.002 -19"><span class='ocrx_word' id='word_1_870' title='bbox 2372 5623 2541 5675; x_wconf 76' lang='grc' dir='ltr'>μενοι.</span> <span class='ocrx_word' id='word_1_871' title='bbox 2581 5607 2686 5658; x_wconf 73' lang='grc' dir='ltr'><strong>Καὶ</strong></span> <span class='ocrx_word' id='word_1_872' title='bbox 2720 5608 2921 5676; x_wconf 86' lang='grc' dir='ltr'>μέντοι,</span> <span class='ocrx_word' id='word_1_873' title='bbox 2954 5605 3055 5658; x_wconf 73' lang='grc' dir='ltr'>κᾶν</span> <span class='ocrx_word' id='word_1_874' title='bbox 3084 5606 3148 5657; x_wconf 88' lang='grc' dir='ltr'><strong>δι’</strong></span> <span class='ocrx_word' id='word_1_875' title='bbox 3181 5606 3345 5675; x_wconf 77' lang='grc' dir='ltr'>ἀλλην</span> <span class='ocrx_word' id='word_1_876' title='bbox 3368 5605 3487 5657; x_wconf 75' lang='grc' dir='ltr'>τινὰ</span> <span class='ocrx_word' id='word_1_877' title='bbox 3515 5606 3689 5657; x_wconf 74' lang='grc' dir='ltr'>αἰτίαν</span> <span class='ocrx_word' id='word_1_878' title='bbox 3716 5606 3945 5674; x_wconf 74' lang='grc' dir='ltr'>περίερ-</span> 
     </span>
    </p>
   </div>
   <div class='ocr_carea' id='block_1_121' title="bbox 2367 5697 3944 5770">
    <p class='ocr_par' dir='ltr' id='par_1_121' title="bbox 2367 5697 3944 5770">
     <span class='ocr_line' id='line_1_121' title="bbox 2367 5697 3944 5770; baseline 0.003 -23"><span class='ocrx_word' id='word_1_879' title='bbox 2367 5713 2461 5761; x_wconf 87' lang='grc' dir='ltr'><strong>γον</strong></span> <span class='ocrx_word' id='word_1_880' title='bbox 2519 5697 2805 5765; x_wconf 81' lang='grc' dir='ltr'>φάρμακόν</span> <span class='ocrx_word' id='word_1_881' title='bbox 2861 5714 2943 5759; x_wconf 89' lang='grc' dir='ltr'><strong>τις</strong></span> <span class='ocrx_word' id='word_1_882' title='bbox 2989 5699 3282 5770; x_wconf 75' lang='grc' dir='ltr'>ἐγκεράσῃ,</span> <span class='ocrx_word' id='word_1_883' title='bbox 3348 5698 3507 5769; x_wconf 82' lang='grc' dir='ltr'>ἀνέλῃ</span> <span class='ocrx_word' id='word_1_884' title='bbox 3555 5698 3632 5761; x_wconf 80' lang='grc' dir='ltr'>δὲ,</span> <span class='ocrx_word' id='word_1_885' title='bbox 3696 5699 3944 5751; x_wconf 69' lang='grc' dir='ltr'>ἑκούσιον</span> 
     </span>
    </p>
   </div>
  </div>
