  <div class='ocr_page' id='page_1' title='image "/cluster/home/n/w/nwhite01/storage/ocr_20150623/138/nnc1.0046980083/316.png"; bbox 0 0 4224 6446; ppageno 0'>
   <div class='ocr_carea' id='block_1_1' title="bbox 230 398 1898 494">
    <p class='ocr_par' dir='ltr' id='par_1_1' title="bbox 230 410 1898 494">
     <span class='ocr_line' id='line_1_1' title="bbox 230 410 1898 494; baseline -0.012 -1"><span class='ocrx_word' id='word_1_1' title='bbox 230 429 336 494; x_wconf 75' lang='lat'><strong>611</strong></span> <span class='ocrx_word' id='word_1_2' title='bbox 1201 421 1279 480; x_wconf 64' lang='lat' dir='ltr'><strong>IN</strong></span> <span class='ocrx_word' id='word_1_3' title='bbox 1322 418 1565 479; x_wconf 74' lang='lat' dir='ltr'><strong>EPIST.</strong></span> <span class='ocrx_word' id='word_1_4' title='bbox 1611 416 1673 476; x_wconf 89' lang='lat' dir='ltr'><strong>S.</strong></span> <span class='ocrx_word' id='word_1_5' title='bbox 1716 410 1898 473; x_wconf 66' lang='lat' dir='ltr'><strong>BASII</strong></span> 
     </span>
    </p>
   </div>
   <div class='ocr_carea' id='block_1_2' title="bbox 1815 398 3483 494">
    <p class='ocr_par' dir='ltr' id='par_1_2' title="bbox 1815 398 3483 473">
     <span class='ocr_line' id='line_1_2' title="bbox 1815 398 3483 473; baseline -0.004 -2"><span class='ocrx_word' id='word_1_6' title='bbox 1815 410 1998 473; x_wconf 82' lang='lat' dir='ltr'><strong>SILII</strong></span> <span class='ocrx_word' id='word_1_7' title='bbox 2041 409 2477 473; x_wconf 73' lang='lat' dir='ltr'><strong>CANONICAM</strong></span> <span class='ocrx_word' id='word_1_8' title='bbox 2521 408 2565 467; x_wconf 92' lang='grc' dir='ltr'><strong>Ι.</strong></span> <span class='ocrx_word' id='word_1_9' title='bbox 3386 398 3483 464; x_wconf 75' lang='grc'><strong>618</strong></span> 
     </span>
    </p>
   </div>
   <div class='ocr_carea' id='block_1_3' title="bbox 230 515 1898 609">
    <p class='ocr_par' dir='ltr' id='par_1_3' title="bbox 230 525 1891 609">
     <span class='ocr_line' id='line_1_3' title="bbox 230 525 1891 609; baseline -0.013 -12"><span class='ocrx_word' id='word_1_10' title='bbox 230 538 535 609; x_wconf 66' lang='grc' dir='ltr'><strong>ιιιγγελικδν⁸</strong></span> <span class='ocrx_word' id='word_1_11' title='bbox 588 539 700 608; x_wconf 74' lang='grc' dir='ltr'>βίον</span> <span class='ocrx_word' id='word_1_12' title='bbox 741 533 1006 595; x_wconf 77' lang='grc' dir='ltr'>ὑπελθὼν,</span> <span class='ocrx_word' id='word_1_13' title='bbox 1050 532 1145 583; x_wconf 69' lang='grc' dir='ltr'><strong>καί</strong></span> <span class='ocrx_word' id='word_1_14' title='bbox 1189 531 1278 601; x_wconf 73' lang='grc' dir='ltr'>βίᾳ</span> <span class='ocrx_word' id='word_1_15' title='bbox 1302 528 1493 583; x_wconf 74' lang='grc' dir='ltr'>τοῦτον</span> <span class='ocrx_word' id='word_1_16' title='bbox 1524 525 1819 589; x_wconf 67' lang='grc' dir='ltr'>καταδεξᾶ-</span> <span class='ocrx_word' id='word_1_17' title='bbox 1851 530 1891 585; x_wconf 77' lang='grc' dir='ltr'><strong>Α</strong></span> 
     </span>
    </p>
   </div>
   <div class='ocr_carea' id='block_1_4' title="bbox 1823 515 3491 609">
    <p class='ocr_par' dir='ltr' id='par_1_4' title="bbox 1851 515 3491 585">
     <span class='ocr_line' id='line_1_4' title="bbox 1851 515 3491 585; baseline -0.006 -7"><span class='ocrx_word' id='word_1_18' title='bbox 1851 530 1891 585; x_wconf 78' lang='grc' dir='ltr'><strong>Α</strong></span> <span class='ocrx_word' id='word_1_19' title='bbox 1924 533 2163 579; x_wconf 66' lang='lat' dir='ltr'><strong>tonsura:</strong></span> <span class='ocrx_word' id='word_1_20' title='bbox 2211 521 2403 574; x_wconf 85' lang='lat' dir='ltr'><strong>statuit</strong></span> <span class='ocrx_word' id='word_1_21' title='bbox 2453 528 2570 573; x_wconf 89' lang='lat' dir='ltr'><strong>mea</strong></span> <span class='ocrx_word' id='word_1_22' title='bbox 2622 517 2915 585; x_wconf 81' lang='lat' dir='ltr'><strong>imperialis</strong></span> <span class='ocrx_word' id='word_1_23' title='bbox 2971 515 3246 584; x_wconf 62' lang='lat' dir='ltr'><strong>tnaji-stns,</strong></span> <span class='ocrx_word' id='word_1_24' title='bbox 3299 526 3357 568; x_wconf 90' lang='lat' dir='ltr'><strong>ut</strong></span> <span class='ocrx_word' id='word_1_25' title='bbox 3402 519 3491 583; x_wconf 82' lang='lat' dir='ltr'><strong>qui</strong></span> 
     </span>
    </p>
   </div>
   <div class='ocr_carea' id='block_1_5' title="bbox 236 606 1904 701">
    <p class='ocr_par' dir='ltr' id='par_1_5' title="bbox 236 606 1816 701">
     <span class='ocr_line' id='line_1_5' title="bbox 236 606 1816 701; baseline -0.009 -17"><span class='ocrx_word' id='word_1_26' title='bbox 236 606 421 701; x_wconf 74' lang='grc' dir='ltr'>μενος,</span> <span class='ocrx_word' id='word_1_27' title='bbox 457 606 537 693; x_wconf 79' lang='grc' dir='ltr'><strong>είς</strong></span> <span class='ocrx_word' id='word_1_28' title='bbox 573 606 893 699; x_wconf 70' lang='grc' dir='ltr'>ἐμπιιγμδν</span> <span class='ocrx_word' id='word_1_29' title='bbox 938 624 1013 693; x_wconf 81' lang='grc' dir='ltr'>τῷ</span> <span class='ocrx_word' id='word_1_30' title='bbox 1065 623 1331 695; x_wconf 81' lang='grc' dir='ltr'>φρικώδει</span> <span class='ocrx_word' id='word_1_31' title='bbox 1376 621 1641 690; x_wconf 79' lang='grc' dir='ltr'>χρήσεται</span> <span class='ocrx_word' id='word_1_32' title='bbox 1686 620 1816 687; x_wconf 74' lang='grc' dir='ltr'>σχή-</span> 
     </span>
    </p>
   </div>
   <div class='ocr_carea' id='block_1_6' title="bbox 1822 606 3490 701">
    <p class='ocr_par' dir='ltr' id='par_1_6' title="bbox 1922 606 3490 675">
     <span class='ocr_line' id='line_1_6' title="bbox 1922 606 3490 675; baseline -0.003 -11"><span class='ocrx_word' id='word_1_33' title='bbox 1922 610 2285 664; x_wconf 80' lang='lat' dir='ltr'><strong>voluntariam</strong></span> <span class='ocrx_word' id='word_1_34' title='bbox 2342 609 2542 663; x_wconf 75' lang='lat' dir='ltr'><strong>caedem</strong></span> <span class='ocrx_word' id='word_1_35' title='bbox 2594 614 2755 675; x_wconf 87' lang='lat' dir='ltr'><strong>capto</strong></span> <span class='ocrx_word' id='word_1_36' title='bbox 2806 606 3033 660; x_wconf 80' lang='lat' dir='ltr'><strong>consilio</strong></span> <span class='ocrx_word' id='word_1_37' title='bbox 3079 608 3490 674; x_wconf 82' lang='lat' dir='ltr'><strong>perpetraverit,</strong></span> 
     </span>
    </p>
   </div>
   <div class='ocr_carea' id='block_1_7' title="bbox 240 700 1908 792">
    <p class='ocr_par' dir='ltr' id='par_1_7' title="bbox 240 700 1814 792">
     <span class='ocr_line' id='line_1_7' title="bbox 240 700 1814 792; baseline -0.007 -20"><span class='ocrx_word' id='word_1_38' title='bbox 240 700 394 792; x_wconf 85' lang='grc' dir='ltr'>ματι.</span> <span class='ocrx_word' id='word_1_39' title='bbox 428 723 713 789; x_wconf 81' lang='grc' dir='ltr'>Πεφύκασι</span> <span class='ocrx_word' id='word_1_40' title='bbox 744 720 851 787; x_wconf 78' lang='grc' dir='ltr'>γὰρ</span> <span class='ocrx_word' id='word_1_41' title='bbox 901 718 950 769; x_wconf 86' lang='grc' dir='ltr'><strong>οί</strong></span> <span class='ocrx_word' id='word_1_42' title='bbox 1002 715 1111 769; x_wconf 85' lang='grc' dir='ltr'><strong>τῶν</strong></span> <span class='ocrx_word' id='word_1_43' title='bbox 1140 714 1444 783; x_wconf 84' lang='grc' dir='ltr'>ἀνθρώπων</span> <span class='ocrx_word' id='word_1_44' title='bbox 1475 712 1814 781; x_wconf 86' lang='grc' dir='ltr'>κουφότεροι,</span> 
     </span>
    </p>
   </div>
   <div class='ocr_carea' id='block_1_8' title="bbox 1826 700 3494 792">
    <p class='ocr_par' dir='ltr' id='par_1_8' title="bbox 1919 700 3494 768">
     <span class='ocr_line' id='line_1_8' title="bbox 1919 700 3494 768; baseline -0.002 -13"><span class='ocrx_word' id='word_1_45' title='bbox 1919 703 1974 755; x_wconf 91' lang='lat' dir='ltr'><strong>in</strong></span> <span class='ocrx_word' id='word_1_46' title='bbox 2008 702 2256 756; x_wconf 88' lang='lat' dir='ltr'><strong>custodia</strong></span> <span class='ocrx_word' id='word_1_47' title='bbox 2295 709 2407 757; x_wconf 91' lang='lat' dir='ltr'><strong>toto</strong></span> <span class='ocrx_word' id='word_1_48' title='bbox 2442 700 2566 753; x_wconf 66' lang='lat' dir='ltr'><strong>vine</strong></span> <span class='ocrx_word' id='word_1_49' title='bbox 2595 714 2706 753; x_wconf 67' lang='lat' dir='ltr'><strong>suae</strong></span> <span class='ocrx_word' id='word_1_50' title='bbox 2748 708 2988 767; x_wconf 84' lang='lat' dir='ltr'><strong>tempore</strong></span> <span class='ocrx_word' id='word_1_51' title='bbox 3040 700 3196 768; x_wconf 78' lang='lat' dir='ltr'><strong>degat</strong></span> <span class='ocrx_word' id='word_1_52' title='bbox 3228 716 3242 752; x_wconf 90' lang='lat'><strong>:</strong></span> <span class='ocrx_word' id='word_1_53' title='bbox 3291 706 3345 751; x_wconf 89' lang='lat' dir='ltr'><strong>et</strong></span> <span class='ocrx_word' id='word_1_54' title='bbox 3397 712 3494 752; x_wconf 90' lang='lat' dir='ltr'><strong>nec</strong></span> 
     </span>
    </p>
   </div>
   <div class='ocr_carea' id='block_1_9' title="bbox 236 789 1904 880">
    <p class='ocr_par' dir='ltr' id='par_1_9' title="bbox 236 789 1819 880">
     <span class='ocr_line' id='line_1_9' title="bbox 236 789 1819 880; baseline -0.009 -13"><span class='ocrx_word' id='word_1_55' title='bbox 236 789 316 876; x_wconf 79' lang='grc' dir='ltr'><strong>εἰς</strong></span> <span class='ocrx_word' id='word_1_56' title='bbox 369 816 629 868; x_wconf 69' lang='grc' dir='ltr'>ἀπόνοιαν</span> <span class='ocrx_word' id='word_1_57' title='bbox 670 808 1026 880; x_wconf 77' lang='grc' dir='ltr'>ἐμπεσόντες,</span> <span class='ocrx_word' id='word_1_58' title='bbox 1073 805 1168 859; x_wconf 86' lang='grc' dir='ltr'>καὶ</span> <span class='ocrx_word' id='word_1_59' title='bbox 1209 808 1330 867; x_wconf 83' lang='grc' dir='ltr'>ταῖς</span> <span class='ocrx_word' id='word_1_60' title='bbox 1377 804 1676 873; x_wconf 85' lang='grc' dir='ltr'>χειρίσταις</span> <span class='ocrx_word' id='word_1_61' title='bbox 1723 800 1819 854; x_wconf 79' lang='grc' dir='ltr'>καὶ</span> 
     </span>
    </p>
   </div>
   <div class='ocr_carea' id='block_1_10' title="bbox 1826 789 3494 880">
    <p class='ocr_par' dir='ltr' id='par_1_10' title="bbox 1924 789 3494 880">
     <span class='ocr_line' id='line_1_10' title="bbox 1924 789 3494 880; baseline -0.004 -33"><span class='ocrx_word' id='word_1_62' title='bbox 1924 793 2075 847; x_wconf 91' lang='lat' dir='ltr'><strong>illinc</strong></span> <span class='ocrx_word' id='word_1_63' title='bbox 2126 793 2344 861; x_wconf 84' lang='lat' dir='ltr'><strong>quidem</strong></span> <span class='ocrx_word' id='word_1_64' title='bbox 2410 806 2650 860; x_wconf 80' lang='lat' dir='ltr'><strong>unquam</strong></span> <span class='ocrx_word' id='word_1_65' title='bbox 2702 791 2989 880; x_wconf 36' lang='lat' dir='ltr'><strong>educatur.</strong></span> <span class='ocrx_word' id='word_1_66' title='bbox 3026 804 3125 845; x_wconf 82' lang='lat' dir='ltr'><strong>nec</strong></span> <span class='ocrx_word' id='word_1_67' title='bbox 3160 790 3313 859; x_wconf 83' lang='lat' dir='ltr'><strong>jussu</strong></span> <span class='ocrx_word' id='word_1_68' title='bbox 3355 789 3494 843; x_wconf 78' lang='lat' dir='ltr'><strong>forte</strong></span> 
     </span>
    </p>
   </div>
   <div class='ocr_carea' id='block_1_11' title="bbox 238 870 1906 975">
    <p class='ocr_par' dir='ltr' id='par_1_11' title="bbox 238 870 1821 975">
     <span class='ocr_line' id='line_1_11' title="bbox 238 870 1821 975; baseline -0.01 -18"><span class='ocrx_word' id='word_1_69' title='bbox 238 870 729 975; x_wconf 49' lang='lat' dir='ltr'><strong>«napa6olmtépat&#39;;</strong></span> <span class='ocrx_word' id='word_1_70' title='bbox 767 898 1073 967; x_wconf 76' lang='grc' dir='ltr'>ἐπιτολμᾷν</span> <span class='ocrx_word' id='word_1_71' title='bbox 1111 870 1407 965; x_wconf 23' lang='grc' dir='ltr'>πράξεσιν-.-</span> <span class='ocrx_word' id='word_1_72' title='bbox 1452 870 1602 944; x_wconf 35' lang='lat' dir='ltr'><strong>{Ani</strong></span> <span class='ocrx_word' id='word_1_73' title='bbox 1638 892 1821 943; x_wconf 79' lang='grc' dir='ltr'><strong>τοίνυν</strong></span> 
     </span>
    </p>
   </div>
   <div class='ocr_carea' id='block_1_12' title="bbox 1825 870 3493 975">
    <p class='ocr_par' dir='ltr' id='par_1_12' title="bbox 1924 870 3493 953">
     <span class='ocr_line' id='line_1_12' title="bbox 1924 870 3493 953; baseline -0.003 -16"><span class='ocrx_word' id='word_1_74' title='bbox 1924 884 2285 953; x_wconf 87' lang='lat' dir='ltr'><strong>imperatorio</strong></span> <span class='ocrx_word' id='word_1_75' title='bbox 2341 899 2437 953; x_wconf 89' lang='lat' dir='ltr'><strong>per</strong></span> <span class='ocrx_word' id='word_1_76' title='bbox 2494 883 2823 937; x_wconf 85' lang='lat' dir='ltr'><strong>oblivionem</strong></span> <span class='ocrx_word' id='word_1_77' title='bbox 2877 870 3144 936; x_wconf 76' lang='lat' dir='ltr'><strong>exhibito.</strong></span> <span class='ocrx_word' id='word_1_78' title='bbox 3204 885 3277 936; x_wconf 86' lang='lat' dir='ltr'><strong>De</strong></span> <span class='ocrx_word' id='word_1_79' title='bbox 3307 894 3493 936; x_wconf 88' lang='lat' dir='ltr'><strong>eorum</strong></span> 
     </span>
    </p>
   </div>
   <div class='ocr_carea' id='block_1_13' title="bbox 238 981 1821 1062">
    <p class='ocr_par' dir='ltr' id='par_1_13' title="bbox 238 981 1821 1062">
     <span class='ocr_line' id='line_1_13' title="bbox 238 981 1821 1062; baseline -0.01 -16"><span class='ocrx_word' id='word_1_80' title='bbox 238 997 337 1062; x_wconf 78' lang='grc' dir='ltr'>τῆς</span> <span class='ocrx_word' id='word_1_81' title='bbox 387 993 746 1060; x_wconf 84' lang='grc' dir='ltr'>ἀποκάρσεως</span> <span class='ocrx_word' id='word_1_82' title='bbox 788 988 1071 1056; x_wconf 88' lang='grc' dir='ltr'>νομοθετεῖ</span> <span class='ocrx_word' id='word_1_83' title='bbox 1110 988 1143 1055; x_wconf 91' lang='grc' dir='ltr'><strong>ή</strong></span> <span class='ocrx_word' id='word_1_84' title='bbox 1177 985 1423 1054; x_wconf 77' lang='grc' dir='ltr'>βασιλεία</span> <span class='ocrx_word' id='word_1_85' title='bbox 1454 999 1554 1050; x_wconf 86' lang='grc' dir='ltr'><strong>μου</strong></span> <span class='ocrx_word' id='word_1_86' title='bbox 1588 981 1681 1033; x_wconf 82' lang='grc' dir='ltr'>τὸν</span> <span class='ocrx_word' id='word_1_87' title='bbox 1726 996 1821 1031; x_wconf 82' lang='grc' dir='ltr'>πε-</span> 
     </span>
    </p>
   </div>
   <div class='ocr_carea' id='block_1_14' title="bbox 242 1074 1822 1153">
    <p class='ocr_par' dir='ltr' id='par_1_14' title="bbox 242 1074 1822 1153">
     <span class='ocr_line' id='line_1_14' title="bbox 242 1074 1822 1153; baseline -0.008 -18"><span class='ocrx_word' id='word_1_88' title='bbox 242 1083 681 1153; x_wconf 70' lang='grc' dir='ltr'>πλημμεληκὸτα</span> <span class='ocrx_word' id='word_1_89' title='bbox 741 1080 902 1147; x_wconf 71' lang='grc' dir='ltr'>φόνον</span> <span class='ocrx_word' id='word_1_90' title='bbox 960 1077 1399 1147; x_wconf 77' lang='grc' dir='ltr'><strong>μεμελετημένον</strong></span> <span class='ocrx_word' id='word_1_91' title='bbox 1456 1074 1710 1125; x_wconf 76' lang='grc' dir='ltr'>ἑκούσιον</span> <span class='ocrx_word' id='word_1_92' title='bbox 1762 1074 1822 1123; x_wconf 85' lang='grc' dir='ltr'><strong>ἐν</strong></span> 
     </span>
    </p>
   </div>
   <div class='ocr_carea' id='block_1_15' title="bbox 248 1163 1820 1243">
    <p class='ocr_par' dir='ltr' id='par_1_15' title="bbox 248 1163 1820 1243">
     <span class='ocr_line' id='line_1_15' title="bbox 248 1163 1820 1243; baseline -0.01 -15"><span class='ocrx_word' id='word_1_93' title='bbox 248 1176 465 1243; x_wconf 80' lang='grc' dir='ltr'>φυλακῇ</span> <span class='ocrx_word' id='word_1_94' title='bbox 494 1176 557 1225; x_wconf 76' lang='grc' dir='ltr'>δι’</span> <span class='ocrx_word' id='word_1_95' title='bbox 591 1172 709 1230; x_wconf 79' lang='grc' dir='ltr'>ὅλον</span> <span class='ocrx_word' id='word_1_96' title='bbox 739 1170 830 1221; x_wconf 80' lang='grc' dir='ltr'>τὸν</span> <span class='ocrx_word' id='word_1_97' title='bbox 858 1169 1050 1237; x_wconf 85' lang='grc' dir='ltr'>χρόνον</span> <span class='ocrx_word' id='word_1_98' title='bbox 1077 1169 1177 1237; x_wconf 78' lang='grc' dir='ltr'>τῆς</span> <span class='ocrx_word' id='word_1_99' title='bbox 1206 1167 1352 1235; x_wconf 78' lang='grc' dir='ltr'>ζωῆς</span> <span class='ocrx_word' id='word_1_100' title='bbox 1388 1165 1556 1217; x_wconf 84' lang='grc' dir='ltr'>αὑτοῦ</span> <span class='ocrx_word' id='word_1_101' title='bbox 1588 1163 1820 1228; x_wconf 77' lang='grc' dir='ltr'><strong>διάγειν,</strong></span> 
     </span>
    </p>
   </div>
   <div class='ocr_carea' id='block_1_16' title="bbox 251 1255 1824 1334">
    <p class='ocr_par' dir='ltr' id='par_1_16' title="bbox 251 1255 1824 1334">
     <span class='ocr_line' id='line_1_16' title="bbox 251 1255 1824 1334; baseline -0.008 -16"><span class='ocrx_word' id='word_1_102' title='bbox 251 1270 347 1319; x_wconf 75' lang='grc' dir='ltr'>καὶ</span> <span class='ocrx_word' id='word_1_103' title='bbox 389 1265 660 1334; x_wconf 79' lang='grc' dir='ltr'>μηδέποτε</span> <span class='ocrx_word' id='word_1_104' title='bbox 710 1261 923 1313; x_wconf 76' lang='grc' dir='ltr'>ἐκεῖθεν</span> <span class='ocrx_word' id='word_1_105' title='bbox 958 1260 1304 1330; x_wconf 77' lang='grc' dir='ltr'>ἐξέρχεσθαι,</span> <span class='ocrx_word' id='word_1_106' title='bbox 1355 1256 1475 1325; x_wconf 79' lang='grc' dir='ltr'>μηδ’</span> <span class='ocrx_word' id='word_1_107' title='bbox 1524 1256 1633 1308; x_wconf 80' lang='grc' dir='ltr'>ἀπὸ</span> <span class='ocrx_word' id='word_1_108' title='bbox 1672 1255 1824 1323; x_wconf 82' lang='grc' dir='ltr'>βασι-</span> 
     </span>
    </p>
   </div>
   <div class='ocr_carea' id='block_1_17' title="bbox 245 1345 1823 1423">
    <p class='ocr_par' dir='ltr' id='par_1_17' title="bbox 245 1345 1823 1423">
     <span class='ocr_line' id='line_1_17' title="bbox 245 1345 1823 1423; baseline -0.005 -16"><span class='ocrx_word' id='word_1_109' title='bbox 245 1356 407 1423; x_wconf 80' lang='grc' dir='ltr'>λικῆς</span> <span class='ocrx_word' id='word_1_110' title='bbox 441 1356 570 1415; x_wconf 84' lang='grc' dir='ltr'>ῑσως</span> <span class='ocrx_word' id='word_1_111' title='bbox 614 1351 986 1421; x_wconf 72' lang='grc' dir='ltr'><strong>προστάξεως,</strong></span> <span class='ocrx_word' id='word_1_112' title='bbox 1035 1352 1175 1404; x_wconf 84' lang='grc' dir='ltr'>κατὰ</span> <span class='ocrx_word' id='word_1_113' title='bbox 1221 1348 1392 1419; x_wconf 85' lang='grc' dir='ltr'>λήθην</span> <span class='ocrx_word' id='word_1_114' title='bbox 1431 1345 1823 1415; x_wconf 77' lang='grc' dir='ltr'><strong>ποριζομένης.</strong></span> 
     </span>
    </p>
   </div>
   <div class='ocr_carea' id='block_1_18' title="bbox 256 1437 1826 1514">
    <p class='ocr_par' dir='ltr' id='par_1_18' title="bbox 256 1437 1826 1514">
     <span class='ocr_line' id='line_1_18' title="bbox 256 1437 1826 1514; baseline -0.008 -14"><span class='ocrx_word' id='word_1_115' title='bbox 256 1448 385 1499; x_wconf 73' lang='grc' dir='ltr'><strong>Ἐπὶ</strong></span> <span class='ocrx_word' id='word_1_116' title='bbox 417 1448 473 1499; x_wconf 85' lang='grc' dir='ltr'>δὲ</span> <span class='ocrx_word' id='word_1_117' title='bbox 512 1450 634 1508; x_wconf 89' lang='grc' dir='ltr'>ταῖς</span> <span class='ocrx_word' id='word_1_118' title='bbox 686 1444 1035 1514; x_wconf 80' lang='grc' dir='ltr'>περιουσίαις</span> <span class='ocrx_word' id='word_1_119' title='bbox 1085 1442 1265 1494; x_wconf 81' lang='grc' dir='ltr'>αὐτῶν</span> <span class='ocrx_word' id='word_1_120' title='bbox 1302 1439 1553 1506; x_wconf 83' lang='grc' dir='ltr'>γίνεσθαι</span> <span class='ocrx_word' id='word_1_121' title='bbox 1587 1437 1767 1499; x_wconf 79' lang='grc' dir='ltr'>καθὼς</span> <span class='ocrx_word' id='word_1_122' title='bbox 1799 1437 1826 1486; x_wconf 77' lang='grc' dir='ltr'><strong>ὁ</strong></span> 
     </span>
    </p>
   </div>
   <div class='ocr_carea' id='block_1_19' title="bbox 247 1530 1827 1607">
    <p class='ocr_par' dir='ltr' id='par_1_19' title="bbox 247 1530 1827 1607">
     <span class='ocr_line' id='line_1_19' title="bbox 247 1530 1827 1607; baseline -0.005 -18"><span class='ocrx_word' id='word_1_123' title='bbox 247 1536 761 1607; x_wconf 69' lang='grc' dir='ltr'>προμνημονευθείς</span> <span class='ocrx_word' id='word_1_124' title='bbox 796 1534 1050 1602; x_wconf 80' lang='grc' dir='ltr'>βασιλεὺς</span> <span class='ocrx_word' id='word_1_125' title='bbox 1098 1531 1403 1596; x_wconf 82' lang='grc' dir='ltr'>διετάξατο.</span> <span class='ocrx_word' id='word_1_126' title='bbox 1472 1530 1627 1583; x_wconf 74' lang='grc' dir='ltr'>Ἐπεὶ</span> <span class='ocrx_word' id='word_1_127' title='bbox 1672 1530 1729 1581; x_wconf 90' lang='grc' dir='ltr'><strong>δέ</strong></span> <span class='ocrx_word' id='word_1_128' title='bbox 1778 1531 1827 1581; x_wconf 81' lang='lat' dir='ltr'><strong>oi</strong></span> 
     </span>
    </p>
   </div>
   <div class='ocr_carea' id='block_1_20' title="bbox 249 1620 1829 1693">
    <p class='ocr_par' dir='ltr' id='par_1_20' title="bbox 249 1620 1829 1693">
     <span class='ocr_line' id='line_1_20' title="bbox 249 1620 1829 1693; baseline -0.004 -14"><span class='ocrx_word' id='word_1_129' title='bbox 249 1629 472 1689; x_wconf 76' lang='grc' dir='ltr'>πλείους</span> <span class='ocrx_word' id='word_1_130' title='bbox 522 1626 635 1679; x_wconf 69' lang='grc' dir='ltr'><strong>τῶν</strong></span> <span class='ocrx_word' id='word_1_131' title='bbox 682 1626 886 1693; x_wconf 79' lang='grc' dir='ltr'>φονέων</span> <span class='ocrx_word' id='word_1_132' title='bbox 936 1626 1000 1676; x_wconf 76' lang='grc' dir='ltr'><strong>ἐκ</strong></span> <span class='ocrx_word' id='word_1_133' title='bbox 1059 1624 1289 1691; x_wconf 80' lang='grc' dir='ltr'><strong>μελέτης</strong></span> <span class='ocrx_word' id='word_1_134' title='bbox 1340 1622 1434 1673; x_wconf 84' lang='grc' dir='ltr'>καὶ</span> <span class='ocrx_word' id='word_1_135' title='bbox 1487 1620 1829 1688; x_wconf 79' lang='grc' dir='ltr'><strong>διασκέψεως</strong></span> 
     </span>
    </p>
   </div>
   <div class='ocr_carea' id='block_1_21' title="bbox 251 1714 1831 1787">
    <p class='ocr_par' dir='ltr' id='par_1_21' title="bbox 251 1714 1831 1787">
     <span class='ocr_line' id='line_1_21' title="bbox 251 1714 1831 1787; baseline -0.006 -15"><span class='ocrx_word' id='word_1_136' title='bbox 251 1720 378 1781; x_wconf 70' lang='grc' dir='ltr'>τοὺς</span> <span class='ocrx_word' id='word_1_137' title='bbox 423 1720 616 1784; x_wconf 77' lang='grc' dir='ltr'>φόνους</span> <span class='ocrx_word' id='word_1_138' title='bbox 664 1717 1149 1787; x_wconf 79' lang='grc' dir='ltr'>κατεργαζόμενοι,</span> <span class='ocrx_word' id='word_1_139' title='bbox 1199 1714 1390 1765; x_wconf 71' lang='grc' dir='ltr'>ἔπειτα</span> <span class='ocrx_word' id='word_1_140' title='bbox 1434 1716 1501 1781; x_wconf 81' lang='grc' dir='ltr'><strong>τῇ</strong></span> <span class='ocrx_word' id='word_1_141' title='bbox 1550 1714 1831 1784; x_wconf 78' lang='grc' dir='ltr'><strong>ἁγιωτάτῃ</strong></span> 
     </span>
    </p>
   </div>
   <div class='ocr_carea' id='block_1_22' title="bbox 256 1800 1830 1877">
    <p class='ocr_par' dir='ltr' id='par_1_22' title="bbox 256 1800 1830 1877">
     <span class='ocr_line' id='line_1_22' title="bbox 256 1800 1830 1877; baseline -0.003 -19"><span class='ocrx_word' id='word_1_142' title='bbox 256 1810 351 1859; x_wconf 77' lang='grc' dir='ltr'>τοῦ</span> <span class='ocrx_word' id='word_1_143' title='bbox 395 1809 531 1860; x_wconf 82' lang='grc' dir='ltr'>Θεοῦ</span> <span class='ocrx_word' id='word_1_144' title='bbox 570 1807 799 1877; x_wconf 80' lang='grc' dir='ltr'>Μεγάλῃ</span> <span class='ocrx_word' id='word_1_145' title='bbox 848 1804 1139 1874; x_wconf 73' lang='grc' dir='ltr'>Ἐκκλησία</span> <span class='ocrx_word' id='word_1_146' title='bbox 1172 1800 1582 1871; x_wconf 80' lang='grc' dir='ltr'>προσελθόντες,</span> <span class='ocrx_word' id='word_1_147' title='bbox 1617 1802 1716 1871; x_wconf 78' lang='grc' dir='ltr'><strong>οὐχ</strong></span> <span class='ocrx_word' id='word_1_148' title='bbox 1754 1803 1830 1865; x_wconf 82' lang='grc' dir='ltr'>ὡς</span> 
     </span>
    </p>
   </div>
   <div class='ocr_carea' id='block_1_23' title="bbox 257 1892 1832 1967">
    <p class='ocr_par' dir='ltr' id='par_1_23' title="bbox 257 1892 1832 1967">
     <span class='ocr_line' id='line_1_23' title="bbox 257 1892 1832 1967; baseline -0.003 -16"><span class='ocrx_word' id='word_1_149' title='bbox 257 1902 452 1967; x_wconf 77' lang='grc' dir='ltr'>γέγονε</span> <span class='ocrx_word' id='word_1_150' title='bbox 488 1900 616 1967; x_wconf 78' lang='grc' dir='ltr'>παρ’</span> <span class='ocrx_word' id='word_1_151' title='bbox 667 1897 845 1948; x_wconf 81' lang='grc' dir='ltr'>αὐτῶν</span> <span class='ocrx_word' id='word_1_152' title='bbox 890 1897 918 1947; x_wconf 90' lang='grc' dir='ltr'><strong>ό</strong></span> <span class='ocrx_word' id='word_1_153' title='bbox 954 1894 1136 1961; x_wconf 91' lang='grc' dir='ltr'>φόνος,</span> <span class='ocrx_word' id='word_1_154' title='bbox 1196 1892 1335 1944; x_wconf 79' lang='grc' dir='ltr'><strong>άλλά</strong></span> <span class='ocrx_word' id='word_1_155' title='bbox 1374 1893 1509 1962; x_wconf 84' lang='grc' dir='ltr'>πρὸς</span> <span class='ocrx_word' id='word_1_156' title='bbox 1537 1893 1599 1944; x_wconf 83' lang='grc' dir='ltr'>τὸ</span> <span class='ocrx_word' id='word_1_157' title='bbox 1629 1894 1832 1946; x_wconf 77' lang='grc' dir='ltr'>οἰκεῖον</span> 
     </span>
    </p>
   </div>
   <div class='ocr_carea' id='block_1_24' title="bbox 256 1982 1831 2056">
    <p class='ocr_par' dir='ltr' id='par_1_24' title="bbox 256 1982 1831 2056">
     <span class='ocr_line' id='line_1_24' title="bbox 256 1982 1831 2056; baseline -0.002 -17"><span class='ocrx_word' id='word_1_158' title='bbox 256 1989 539 2056; x_wconf 74' lang='grc' dir='ltr'>συμφέρον</span> <span class='ocrx_word' id='word_1_159' title='bbox 571 1985 847 2037; x_wconf 74' lang='grc' dir='ltr'>ποιοῦνται</span> <span class='ocrx_word' id='word_1_160' title='bbox 877 1982 975 2051; x_wconf 82' lang='grc' dir='ltr'>τὴν</span> <span class='ocrx_word' id='word_1_161' title='bbox 998 1984 1412 2052; x_wconf 73' lang='grc' dir='ltr'>ἐξομολόγησιν,</span> <span class='ocrx_word' id='word_1_162' title='bbox 1437 1984 1540 2050; x_wconf 80' lang='grc' dir='ltr'><strong>τήν</strong></span> <span class='ocrx_word' id='word_1_163' title='bbox 1572 1982 1831 2052; x_wconf 89' lang='grc' dir='ltr'>ἀλήθειαν</span> 
     </span>
    </p>
   </div>
   <div class='ocr_carea' id='block_1_25' title="bbox 257 2076 1832 2151">
    <p class='ocr_par' dir='ltr' id='par_1_25' title="bbox 257 2076 1832 2151">
     <span class='ocr_line' id='line_1_25' title="bbox 257 2076 1832 2151; baseline -0.003 -18"><span class='ocrx_word' id='word_1_164' title='bbox 257 2082 769 2151; x_wconf 78' lang='grc' dir='ltr'>παρακρύπτοντες,</span> <span class='ocrx_word' id='word_1_165' title='bbox 832 2077 1271 2147; x_wconf 82' lang='grc' dir='ltr'>παρακελεύεται</span> <span class='ocrx_word' id='word_1_166' title='bbox 1327 2080 1359 2143; x_wconf 84' lang='grc' dir='ltr'><strong>ή</strong></span> <span class='ocrx_word' id='word_1_167' title='bbox 1413 2076 1663 2145; x_wconf 69' lang='grc' dir='ltr'>βασιλεία</span> <span class='ocrx_word' id='word_1_168' title='bbox 1730 2094 1832 2145; x_wconf 87' lang='grc' dir='ltr'><strong>μου</strong></span> 
     </span>
    </p>
   </div>
   <div class='ocr_carea' id='block_1_26' title="bbox 254 2168 1836 2241">
    <p class='ocr_par' dir='ltr' id='par_1_26' title="bbox 254 2168 1836 2241">
     <span class='ocr_line' id='line_1_26' title="bbox 254 2168 1836 2241; baseline -0.003 -16"><span class='ocrx_word' id='word_1_169' title='bbox 254 2173 475 2241; x_wconf 69' lang='grc' dir='ltr'>γραφὴν</span> <span class='ocrx_word' id='word_1_170' title='bbox 511 2172 757 2237; x_wconf 89' lang='grc' dir='ltr'>γίνεσθαι</span> <span class='ocrx_word' id='word_1_171' title='bbox 801 2169 894 2221; x_wconf 82' lang='grc' dir='ltr'>τοῦ</span> <span class='ocrx_word' id='word_1_172' title='bbox 938 2170 1081 2221; x_wconf 81' lang='grc' dir='ltr'>κατὰ</span> <span class='ocrx_word' id='word_1_173' title='bbox 1120 2168 1347 2238; x_wconf 78' lang='grc' dir='ltr'>καιροὺς</span> <span class='ocrx_word' id='word_1_174' title='bbox 1392 2168 1699 2235; x_wconf 79' lang='grc' dir='ltr'>ἀγιωτάτου</span> <span class='ocrx_word' id='word_1_175' title='bbox 1732 2185 1836 2221; x_wconf 83' lang='grc' dir='ltr'>πα-</span> 
     </span>
    </p>
   </div>
   <div class='ocr_carea' id='block_1_27' title="bbox 253 2259 1833 2331">
    <p class='ocr_par' dir='ltr' id='par_1_27' title="bbox 253 2259 1833 2331">
     <span class='ocr_line' id='line_1_27' title="bbox 253 2259 1833 2331; baseline 0.001 -18"><span class='ocrx_word' id='word_1_176' title='bbox 253 2264 523 2331; x_wconf 76' lang='grc' dir='ltr'>τριάρχου</span> <span class='ocrx_word' id='word_1_177' title='bbox 563 2262 685 2330; x_wconf 80' lang='grc' dir='ltr'>μετ’</span> <span class='ocrx_word' id='word_1_178' title='bbox 724 2260 1003 2329; x_wconf 70' lang='grc' dir='ltr'>ἐπιτιμίου</span> <span class='ocrx_word' id='word_1_179' title='bbox 1038 2262 1174 2328; x_wconf 73' lang='grc' dir='ltr'>πρὸς</span> <span class='ocrx_word' id='word_1_180' title='bbox 1213 2260 1305 2312; x_wconf 76' lang='grc' dir='ltr'>τὸν</span> <span class='ocrx_word' id='word_1_181' title='bbox 1348 2259 1490 2311; x_wconf 87' lang='grc' dir='ltr'><strong>κατά</strong></span> <span class='ocrx_word' id='word_1_182' title='bbox 1515 2260 1702 2329; x_wconf 80' lang='grc' dir='ltr'>χώραν</span> <span class='ocrx_word' id='word_1_183' title='bbox 1735 2262 1833 2329; x_wconf 86' lang='grc' dir='ltr'>ἀρ-</span> 
     </span>
    </p>
   </div>
   <div class='ocr_carea' id='block_1_28' title="bbox 256 2350 1833 2424">
    <p class='ocr_par' dir='ltr' id='par_1_28' title="bbox 256 2350 1833 2424">
     <span class='ocr_line' id='line_1_28' title="bbox 256 2350 1833 2424; baseline -0.001 -18"><span class='ocrx_word' id='word_1_184' title='bbox 256 2358 447 2424; x_wconf 79' lang='grc' dir='ltr'>χιερέα</span> <span class='ocrx_word' id='word_1_185' title='bbox 480 2355 575 2406; x_wconf 74' lang='grc' dir='ltr'>καὶ</span> <span class='ocrx_word' id='word_1_186' title='bbox 603 2353 693 2404; x_wconf 73' lang='grc' dir='ltr'><strong>τὸν</strong></span> <span class='ocrx_word' id='word_1_187' title='bbox 734 2352 826 2404; x_wconf 80' lang='grc' dir='ltr'><strong>ὑπ’</strong></span> <span class='ocrx_word' id='word_1_188' title='bbox 859 2352 1022 2404; x_wconf 80' lang='grc' dir='ltr'>αὑτὸν</span> <span class='ocrx_word' id='word_1_189' title='bbox 1053 2351 1275 2420; x_wconf 84' lang='grc' dir='ltr'>κλῆρον,</span> <span class='ocrx_word' id='word_1_190' title='bbox 1311 2350 1447 2403; x_wconf 88' lang='grc' dir='ltr'><strong>ἀλλά</strong></span> <span class='ocrx_word' id='word_1_191' title='bbox 1477 2351 1582 2420; x_wconf 81' lang='grc' dir='ltr'>μὴν</span> <span class='ocrx_word' id='word_1_192' title='bbox 1614 2353 1707 2403; x_wconf 77' lang='grc' dir='ltr'>καὶ</span> <span class='ocrx_word' id='word_1_193' title='bbox 1741 2352 1833 2404; x_wconf 84' lang='grc' dir='ltr'>τὸν</span> 
     </span>
    </p>
   </div>
   <div class='ocr_carea' id='block_1_29' title="bbox 256 2438 1833 2511">
    <p class='ocr_par' dir='ltr' id='par_1_29' title="bbox 256 2438 1833 2511">
     <span class='ocr_line' id='line_1_29' title="bbox 256 2438 1833 2511; baseline 0.001 -16"><span class='ocrx_word' id='word_1_194' title='bbox 256 2443 354 2495; x_wconf 80' lang='grc' dir='ltr'>τοῦ</span> <span class='ocrx_word' id='word_1_195' title='bbox 404 2444 639 2509; x_wconf 77' lang='grc' dir='ltr'>θέματος</span> <span class='ocrx_word' id='word_1_196' title='bbox 671 2443 977 2511; x_wconf 85' lang='grc' dir='ltr'>διαιτητὴν,</span> <span class='ocrx_word' id='word_1_197' title='bbox 1022 2441 1117 2494; x_wconf 72' lang='grc' dir='ltr'><strong>καὶ</strong></span> <span class='ocrx_word' id='word_1_198' title='bbox 1145 2438 1330 2503; x_wconf 86' lang='grc' dir='ltr'>καθὼς</span> <span class='ocrx_word' id='word_1_199' title='bbox 1374 2441 1539 2509; x_wconf 81' lang='grc' dir='ltr'>μάθοι</span> <span class='ocrx_word' id='word_1_200' title='bbox 1578 2443 1833 2509; x_wconf 78' lang='grc' dir='ltr'>γενέσθαι</span> 
     </span>
    </p>
   </div>
   <div class='ocr_carea' id='block_1_30' title="bbox 258 2527 1837 2600">
    <p class='ocr_par' dir='ltr' id='par_1_30' title="bbox 258 2527 1837 2600">
     <span class='ocr_line' id='line_1_30' title="bbox 258 2527 1837 2600; baseline -0.001 -18"><span class='ocrx_word' id='word_1_201' title='bbox 258 2536 353 2583; x_wconf 80' lang='grc' dir='ltr'>τὸν</span> <span class='ocrx_word' id='word_1_202' title='bbox 384 2534 545 2600; x_wconf 85' lang='grc' dir='ltr'>φόνον</span> <span class='ocrx_word' id='word_1_203' title='bbox 577 2531 684 2583; x_wconf 82' lang='grc' dir='ltr'>ἀπὸ</span> <span class='ocrx_word' id='word_1_204' title='bbox 706 2532 801 2597; x_wconf 84' lang='grc' dir='ltr'>τῆς</span> <span class='ocrx_word' id='word_1_205' title='bbox 826 2529 1050 2581; x_wconf 88' lang='grc' dir='ltr'>ἐκείνων</span> <span class='ocrx_word' id='word_1_206' title='bbox 1084 2528 1450 2597; x_wconf 77' lang='grc' dir='ltr'>ἀντιγραφῆς,</span> <span class='ocrx_word' id='word_1_207' title='bbox 1481 2527 1625 2581; x_wconf 76' lang='grc' dir='ltr'>οὕτω</span> <span class='ocrx_word' id='word_1_208' title='bbox 1662 2532 1837 2582; x_wconf 81' lang='grc' dir='ltr'>ποιεῖν</span> 
     </span>
    </p>
   </div>
   <div class='ocr_carea' id='block_1_31' title="bbox 260 2617 1839 2690">
    <p class='ocr_par' dir='ltr' id='par_1_31' title="bbox 260 2617 1839 2690">
     <span class='ocr_line' id='line_1_31' title="bbox 260 2617 1839 2690; baseline -0.002 -15"><span class='ocrx_word' id='word_1_209' title='bbox 260 2626 358 2675; x_wconf 65' lang='grc' dir='ltr'>καὶ</span> <span class='ocrx_word' id='word_1_210' title='bbox 390 2624 490 2690; x_wconf 76' lang='grc' dir='ltr'>τὴν</span> <span class='ocrx_word' id='word_1_211' title='bbox 527 2622 869 2685; x_wconf 79' lang='grc' dir='ltr'>ἐπεξέλευσιν</span> <span class='ocrx_word' id='word_1_212' title='bbox 900 2636 914 2651; x_wconf 88' lang='grc'><strong>·</strong></span> <span class='ocrx_word' id='word_1_213' title='bbox 939 2620 1035 2672; x_wconf 77' lang='grc' dir='ltr'>καὶ</span> <span class='ocrx_word' id='word_1_214' title='bbox 1069 2618 1145 2688; x_wconf 81' lang='grc' dir='ltr'><strong>μή</strong></span> <span class='ocrx_word' id='word_1_215' title='bbox 1170 2619 1261 2671; x_wconf 82' lang='grc' dir='ltr'>τὸν</span> <span class='ocrx_word' id='word_1_216' title='bbox 1289 2620 1355 2671; x_wconf 86' lang='grc' dir='ltr'><strong>ἐκ</strong></span> <span class='ocrx_word' id='word_1_217' title='bbox 1378 2617 1610 2687; x_wconf 78' lang='grc' dir='ltr'>μελέτης</span> <span class='ocrx_word' id='word_1_218' title='bbox 1645 2620 1839 2685; x_wconf 83' lang='grc' dir='ltr'>φονεύ-</span> 
     </span>
    </p>
   </div>
   <div class='ocr_carea' id='block_1_32' title="bbox 260 2708 1839 2781">
    <p class='ocr_par' dir='ltr' id='par_1_32' title="bbox 260 2708 1839 2781">
     <span class='ocr_line' id='line_1_32' title="bbox 260 2708 1839 2781; baseline -0.002 -15"><span class='ocrx_word' id='word_1_219' title='bbox 260 2731 415 2774; x_wconf 85' lang='grc' dir='ltr'>οντα,</span> <span class='ocrx_word' id='word_1_220' title='bbox 441 2713 527 2765; x_wconf 77' lang='grc' dir='ltr'>διὰ</span> <span class='ocrx_word' id='word_1_221' title='bbox 556 2713 657 2781; x_wconf 83' lang='grc' dir='ltr'>τὴν</span> <span class='ocrx_word' id='word_1_222' title='bbox 685 2711 854 2779; x_wconf 80' lang='grc' dir='ltr'>ψευδῆ</span> <span class='ocrx_word' id='word_1_223' title='bbox 881 2709 1223 2778; x_wconf 81' lang='grc' dir='ltr'>ἐξαγορείαν,</span> <span class='ocrx_word' id='word_1_224' title='bbox 1256 2708 1354 2771; x_wconf 88' lang='grc' dir='ltr'><strong>τάς</strong></span> <span class='ocrx_word' id='word_1_225' title='bbox 1378 2708 1469 2761; x_wconf 79' lang='grc' dir='ltr'>τοῦ</span> <span class='ocrx_word' id='word_1_226' title='bbox 1500 2710 1644 2763; x_wconf 85' lang='grc' dir='ltr'><strong>κατά</strong></span> <span class='ocrx_word' id='word_1_227' title='bbox 1667 2711 1839 2780; x_wconf 83' lang='grc' dir='ltr'>τύχην</span> 
     </span>
    </p>
   </div>
   <div class='ocr_carea' id='block_1_33' title="bbox 268 2784 1839 2871">
    <p class='ocr_par' dir='ltr' id='par_1_33' title="bbox 268 2784 1839 2871">
     <span class='ocr_line' id='line_1_33' title="bbox 268 2784 1839 2871; baseline -0.001 -14"><span class='ocrx_word' id='word_1_228' title='bbox 268 2804 361 2859; x_wconf 72' lang='grc' dir='ltr'>καὶ</span> <span class='ocrx_word' id='word_1_229' title='bbox 395 2784 718 2871; x_wconf 78' lang='grc' dir='ltr'>ἀπροόπτως</span> <span class='ocrx_word' id='word_1_230' title='bbox 754 2800 831 2870; x_wconf 83' lang='grc' dir='ltr'>τῷ</span> <span class='ocrx_word' id='word_1_231' title='bbox 856 2800 1084 2867; x_wconf 82' lang='grc' dir='ltr'>τοιούτῳ</span> <span class='ocrx_word' id='word_1_232' title='bbox 1118 2801 1507 2869; x_wconf 78' lang='grc' dir='ltr'>περιπεσόντος</span> <span class='ocrx_word' id='word_1_233' title='bbox 1531 2802 1839 2871; x_wconf 74' lang='grc' dir='ltr'>ἐγκλήματι</span> 
     </span>
    </p>
   </div>
   <div class='ocr_carea' id='block_1_34' title="bbox 262 2891 1837 2961">
    <p class='ocr_par' dir='ltr' id='par_1_34' title="bbox 262 2891 1837 2961">
     <span class='ocr_line' id='line_1_34' title="bbox 262 2891 1837 2961; baseline 0.001 -16"><span class='ocrx_word' id='word_1_234' title='bbox 262 2892 520 2961; x_wconf 79' lang='grc' dir='ltr'>δέχεσθαι</span> <span class='ocrx_word' id='word_1_235' title='bbox 550 2892 738 2953; x_wconf 87' lang='grc' dir='ltr'>ποινὰς</span> <span class='ocrx_word' id='word_1_236' title='bbox 771 2892 867 2943; x_wconf 71' lang='grc' dir='ltr'>καὶ</span> <span class='ocrx_word' id='word_1_237' title='bbox 897 2894 963 2943; x_wconf 77' lang='grc' dir='ltr'>τὰ</span> <span class='ocrx_word' id='word_1_238' title='bbox 998 2891 1272 2960; x_wconf 81' lang='grc' dir='ltr'>ἐπιτίμια.</span> <span class='ocrx_word' id='word_1_239' title='bbox 1300 2891 1365 2943; x_wconf 82' lang='grc' dir='ltr'>Εἴ</span> <span class='ocrx_word' id='word_1_240' title='bbox 1392 2908 1476 2954; x_wconf 88' lang='grc' dir='ltr'><strong>τις</strong></span> <span class='ocrx_word' id='word_1_241' title='bbox 1510 2893 1696 2961; x_wconf 89' lang='grc' dir='ltr'>μέντοι</span> <span class='ocrx_word' id='word_1_242' title='bbox 1730 2895 1837 2947; x_wconf 81' lang='grc' dir='ltr'><strong>τῶν</strong></span> 
     </span>
    </p>
   </div>
   <div class='ocr_carea' id='block_1_35' title="bbox 264 2982 1835 3057">
    <p class='ocr_par' dir='ltr' id='par_1_35' title="bbox 264 2982 1835 3057">
     <span class='ocr_line' id='line_1_35' title="bbox 264 2982 1835 3057; baseline -0.001 -20"><span class='ocrx_word' id='word_1_243' title='bbox 264 2988 494 3054; x_wconf 87' lang='grc' dir='ltr'>φονέων,</span> <span class='ocrx_word' id='word_1_244' title='bbox 534 2989 598 3054; x_wconf 79' lang='grc' dir='ltr'>τῇ</span> <span class='ocrx_word' id='word_1_245' title='bbox 629 2985 905 3053; x_wconf 79' lang='grc' dir='ltr'>ἁγιωτάτῃ</span> <span class='ocrx_word' id='word_1_246' title='bbox 952 2982 1180 3054; x_wconf 78' lang='grc' dir='ltr'>Μεγάλῃ</span> <span class='ocrx_word' id='word_1_247' title='bbox 1230 2984 1565 3053; x_wconf 80' lang='grc' dir='ltr'>προσφυγὼν</span> <span class='ocrx_word' id='word_1_248' title='bbox 1606 2986 1835 3057; x_wconf 86' lang='grc' dir='ltr'>Ἐκκλη-</span> 
     </span>
    </p>
   </div>
   <div class='ocr_carea' id='block_1_36' title="bbox 268 3072 1836 3145">
    <p class='ocr_par' dir='ltr' id='par_1_36' title="bbox 268 3072 1836 3145">
     <span class='ocr_line' id='line_1_36' title="bbox 268 3072 1836 3145; baseline 0.001 -17"><span class='ocrx_word' id='word_1_249' title='bbox 268 3079 380 3145; x_wconf 64' lang='lat' dir='ltr'><strong>sig,</strong></span> <span class='ocrx_word' id='word_1_250' title='bbox 411 3082 504 3126; x_wconf 80' lang='grc' dir='ltr'>καὶ</span> <span class='ocrx_word' id='word_1_251' title='bbox 527 3075 558 3143; x_wconf 83' lang='grc' dir='ltr'>ἢ</span> <span class='ocrx_word' id='word_1_252' title='bbox 583 3078 647 3143; x_wconf 75' lang='grc' dir='ltr'>τῇ</span> <span class='ocrx_word' id='word_1_253' title='bbox 678 3075 938 3142; x_wconf 78' lang='grc' dir='ltr'>ἀειφυγίᾳ</span> <span class='ocrx_word' id='word_1_254' title='bbox 964 3072 1342 3143; x_wconf 71' lang='grc' dir='ltr'>κατακρίθεὶς,</span> <span class='ocrx_word' id='word_1_255' title='bbox 1368 3073 1401 3142; x_wconf 81' lang='grc' dir='ltr'>ἢ</span> <span class='ocrx_word' id='word_1_256' title='bbox 1429 3074 1647 3143; x_wconf 76' lang='grc' dir='ltr'>δέσμιος</span> <span class='ocrx_word' id='word_1_257' title='bbox 1676 3072 1836 3144; x_wconf 72' lang='grc' dir='ltr'>εἶναι,</span> 
     </span>
    </p>
   </div>
   <div class='ocr_carea' id='block_1_37' title="bbox 266 3164 1838 3240">
    <p class='ocr_par' dir='ltr' id='par_1_37' title="bbox 266 3164 1838 3240">
     <span class='ocr_line' id='line_1_37' title="bbox 266 3164 1838 3240; baseline 0.004 -24"><span class='ocrx_word' id='word_1_258' title='bbox 266 3170 362 3219; x_wconf 71' lang='grc' dir='ltr'>καὶ</span> <span class='ocrx_word' id='word_1_259' title='bbox 404 3169 461 3216; x_wconf 84' lang='grc' dir='ltr'><strong>ἐν</strong></span> <span class='ocrx_word' id='word_1_260' title='bbox 494 3166 708 3234; x_wconf 77' lang='grc' dir='ltr'>φυλακῇ</span> <span class='ocrx_word' id='word_1_261' title='bbox 743 3164 1122 3230; x_wconf 73' lang='grc' dir='ltr'>ἐγκεκλεῖσθαι</span> <span class='ocrx_word' id='word_1_262' title='bbox 1169 3166 1300 3233; x_wconf 82' lang='grc' dir='ltr'>παρ’</span> <span class='ocrx_word' id='word_1_263' title='bbox 1345 3166 1475 3235; x_wconf 86' lang='grc' dir='ltr'>ὃλην</span> <span class='ocrx_word' id='word_1_264' title='bbox 1527 3168 1694 3222; x_wconf 83' lang='grc' dir='ltr'>αὐτοῦ</span> <span class='ocrx_word' id='word_1_265' title='bbox 1740 3171 1838 3240; x_wconf 79' lang='grc' dir='ltr'><strong>τὴν</strong></span> 
     </span>
    </p>
   </div>
   <div class='ocr_carea' id='block_1_38' title="bbox 265 3257 1841 3330">
    <p class='ocr_par' dir='ltr' id='par_1_38' title="bbox 265 3257 1841 3330">
     <span class='ocr_line' id='line_1_38' title="bbox 265 3257 1841 3330; baseline 0.004 -20"><span class='ocrx_word' id='word_1_266' title='bbox 265 3260 436 3326; x_wconf 65' lang='grc' dir='ltr'>ζωὴν,</span> <span class='ocrx_word' id='word_1_267' title='bbox 466 3258 665 3327; x_wconf 80' lang='grc' dir='ltr'>εὑρεθῇ</span> <span class='ocrx_word' id='word_1_268' title='bbox 710 3258 895 3318; x_wconf 81' lang='grc' dir='ltr'>ἄνετος</span> <span class='ocrx_word' id='word_1_269' title='bbox 943 3257 1336 3327; x_wconf 76' lang='grc' dir='ltr'>ἐμπεριπατῶν</span> <span class='ocrx_word' id='word_1_270' title='bbox 1384 3258 1515 3313; x_wconf 72' lang='grc' dir='ltr'>ἔνθα</span> <span class='ocrx_word' id='word_1_271' title='bbox 1557 3262 1647 3315; x_wconf 77' lang='grc' dir='ltr'>τὸν</span> <span class='ocrx_word' id='word_1_272' title='bbox 1680 3264 1841 3330; x_wconf 86' lang='grc' dir='ltr'>φόνον</span> 
     </span>
    </p>
   </div>
   <div class='ocr_carea' id='block_1_39' title="bbox 266 3348 1840 3423">
    <p class='ocr_par' dir='ltr' id='par_1_39' title="bbox 266 3348 1840 3423">
     <span class='ocr_line' id='line_1_39' title="bbox 266 3348 1840 3423; baseline 0.004 -23"><span class='ocrx_word' id='word_1_273' title='bbox 266 3350 585 3417; x_wconf 79' lang='grc' dir='ltr'>εἰργάσατο,</span> <span class='ocrx_word' id='word_1_274' title='bbox 618 3350 835 3417; x_wconf 81' lang='grc' dir='ltr'>δέσμιος</span> <span class='ocrx_word' id='word_1_275' title='bbox 868 3350 1022 3418; x_wconf 71' lang='grc' dir='ltr'>παρὰ</span> <span class='ocrx_word' id='word_1_276' title='bbox 1064 3348 1158 3401; x_wconf 77' lang='grc' dir='ltr'>τοῦ</span> <span class='ocrx_word' id='word_1_277' title='bbox 1201 3350 1343 3403; x_wconf 86' lang='grc' dir='ltr'><strong>κατά</strong></span> <span class='ocrx_word' id='word_1_278' title='bbox 1387 3350 1569 3421; x_wconf 85' lang='grc' dir='ltr'>χώραν</span> <span class='ocrx_word' id='word_1_279' title='bbox 1601 3354 1840 3423; x_wconf 84' lang='grc' dir='ltr'>πράκτο-</span> 
     </span>
    </p>
   </div>
   <div class='ocr_carea' id='block_1_40' title="bbox 268 3440 1842 3511">
    <p class='ocr_par' dir='ltr' id='par_1_40' title="bbox 268 3440 1842 3511">
     <span class='ocr_line' id='line_1_40' title="bbox 268 3440 1842 3511; baseline 0.006 -21"><span class='ocrx_word' id='word_1_280' title='bbox 268 3456 363 3508; x_wconf 78' lang='grc' dir='ltr'><strong>ρος</strong></span> <span class='ocrx_word' id='word_1_281' title='bbox 392 3440 832 3509; x_wconf 78' lang='grc' dir='ltr'>ἀποσταλήσεται</span> <span class='ocrx_word' id='word_1_282' title='bbox 872 3441 949 3501; x_wconf 83' lang='grc' dir='ltr'><strong>είς</strong></span> <span class='ocrx_word' id='word_1_283' title='bbox 983 3440 1081 3508; x_wconf 81' lang='grc' dir='ltr'>τὴν</span> <span class='ocrx_word' id='word_1_284' title='bbox 1108 3441 1390 3509; x_wconf 81' lang='grc' dir='ltr'>βασιλείαν</span> <span class='ocrx_word' id='word_1_285' title='bbox 1421 3460 1523 3511; x_wconf 88' lang='grc' dir='ltr'><strong>μου</strong></span> <span class='ocrx_word' id='word_1_286' title='bbox 1548 3460 1562 3474; x_wconf 91' lang='grc'>·</span> <span class='ocrx_word' id='word_1_287' title='bbox 1608 3447 1701 3497; x_wconf 76' lang='grc' dir='ltr'>καὶ</span> <span class='ocrx_word' id='word_1_288' title='bbox 1739 3447 1842 3500; x_wconf 83' lang='grc' dir='ltr'>ὅσα</span> 
     </span>
    </p>
   </div>
   <div class='ocr_carea' id='block_1_41' title="bbox 264 3530 1842 3606">
    <p class='ocr_par' dir='ltr' id='par_1_41' title="bbox 264 3530 1842 3606">
     <span class='ocr_line' id='line_1_41' title="bbox 264 3530 1842 3606; baseline 0.006 -25"><span class='ocrx_word' id='word_1_289' title='bbox 264 3530 323 3581; x_wconf 78' lang='grc' dir='ltr'>δὲ</span> <span class='ocrx_word' id='word_1_290' title='bbox 351 3530 475 3581; x_wconf 89' lang='grc' dir='ltr'>τότε</span> <span class='ocrx_word' id='word_1_291' title='bbox 510 3530 929 3599; x_wconf 87' lang='grc' dir='ltr'>παρευρεθῶσιν</span> <span class='ocrx_word' id='word_1_292' title='bbox 955 3532 1122 3583; x_wconf 80' lang='grc' dir='ltr'>αὑτοῦ</span> <span class='ocrx_word' id='word_1_293' title='bbox 1167 3534 1496 3601; x_wconf 84' lang='grc' dir='ltr'>πράγματα,</span> <span class='ocrx_word' id='word_1_294' title='bbox 1533 3537 1613 3599; x_wconf 83' lang='grc' dir='ltr'><strong>είς</strong></span> <span class='ocrx_word' id='word_1_295' title='bbox 1651 3538 1842 3606; x_wconf 84' lang='grc' dir='ltr'>κέρδος</span> 
     </span>
    </p>
   </div>
   <div class='ocr_carea' id='block_1_42' title="bbox 267 3621 1844 3696">
    <p class='ocr_par' dir='ltr' id='par_1_42' title="bbox 267 3621 1844 3696">
     <span class='ocr_line' id='line_1_42' title="bbox 267 3621 1844 3696; baseline 0.006 -25"><span class='ocrx_word' id='word_1_296' title='bbox 267 3623 426 3672; x_wconf 75' lang='grc' dir='ltr'>ἔσται</span> <span class='ocrx_word' id='word_1_297' title='bbox 476 3621 554 3689; x_wconf 86' lang='grc' dir='ltr'>τῷ</span> <span class='ocrx_word' id='word_1_298' title='bbox 595 3622 889 3690; x_wconf 81' lang='grc' dir='ltr'>πράκτορι,</span> <span class='ocrx_word' id='word_1_299' title='bbox 924 3622 1016 3672; x_wconf 80' lang='grc' dir='ltr'>καὶ</span> <span class='ocrx_word' id='word_1_300' title='bbox 1050 3622 1128 3691; x_wconf 83' lang='grc' dir='ltr'>τῷ</span> <span class='ocrx_word' id='word_1_301' title='bbox 1167 3623 1257 3674; x_wconf 80' lang='grc' dir='ltr'>τὸν</span> <span class='ocrx_word' id='word_1_302' title='bbox 1304 3625 1471 3690; x_wconf 84' lang='grc' dir='ltr'>φονέα</span> <span class='ocrx_word' id='word_1_303' title='bbox 1527 3629 1844 3696; x_wconf 84' lang='grc' dir='ltr'>καταμηνύ-</span> 
     </span>
    </p>
   </div>
   <div class='ocr_carea' id='block_1_43' title="bbox 268 3710 1843 3786">
    <p class='ocr_par' dir='ltr' id='par_1_43' title="bbox 268 3710 1843 3786">
     <span class='ocr_line' id='line_1_43' title="bbox 268 3710 1843 3786; baseline 0.007 -26"><span class='ocrx_word' id='word_1_304' title='bbox 268 3726 444 3771; x_wconf 76' lang='grc' dir='ltr'>σαντι,</span> <span class='ocrx_word' id='word_1_305' title='bbox 477 3710 674 3778; x_wconf 81' lang='grc' dir='ltr'>ἐπίσης</span> <span class='ocrx_word' id='word_1_306' title='bbox 712 3711 843 3779; x_wconf 81' lang='grc' dir='ltr'>παρ’</span> <span class='ocrx_word' id='word_1_307' title='bbox 880 3710 1061 3763; x_wconf 84' lang='grc' dir='ltr'>αὐτῶν</span> <span class='ocrx_word' id='word_1_308' title='bbox 1112 3714 1449 3781; x_wconf 75' lang='grc' dir='ltr'>μεριζόμενα</span> <span class='ocrx_word' id='word_1_309' title='bbox 1481 3732 1493 3744; x_wconf 86' lang='grc'>·</span> <span class='ocrx_word' id='word_1_310' title='bbox 1531 3717 1756 3786; x_wconf 83' lang='grc' dir='ltr'>μελήσει</span> <span class='ocrx_word' id='word_1_311' title='bbox 1785 3719 1843 3772; x_wconf 83' lang='grc' dir='ltr'>δὲ</span> 
     </span>
    </p>
   </div>
   <div class='ocr_carea' id='block_1_44' title="bbox 266 3803 1843 3879">
    <p class='ocr_par' dir='ltr' id='par_1_44' title="bbox 266 3803 1843 3879">
     <span class='ocr_line' id='line_1_44' title="bbox 266 3803 1843 3879; baseline 0.007 -27"><span class='ocrx_word' id='word_1_312' title='bbox 266 3803 486 3861; x_wconf 80' lang='grc' dir='ltr'>πάντως</span> <span class='ocrx_word' id='word_1_313' title='bbox 515 3804 606 3853; x_wconf 76' lang='grc' dir='ltr'>καὶ</span> <span class='ocrx_word' id='word_1_314' title='bbox 633 3804 742 3863; x_wconf 84' lang='grc' dir='ltr'>τοῖς</span> <span class='ocrx_word' id='word_1_315' title='bbox 778 3804 832 3854; x_wconf 83' lang='grc' dir='ltr'>ὲν</span> <span class='ocrx_word' id='word_1_316' title='bbox 856 3805 921 3872; x_wconf 82' lang='grc' dir='ltr'>τῇ</span> <span class='ocrx_word' id='word_1_317' title='bbox 965 3803 1245 3875; x_wconf 80' lang='grc' dir='ltr'>ἁγιωτάτῃ</span> <span class='ocrx_word' id='word_1_318' title='bbox 1273 3806 1503 3877; x_wconf 84' lang='grc' dir='ltr'>Μεγάλῃ</span> <span class='ocrx_word' id='word_1_319' title='bbox 1541 3808 1843 3879; x_wconf 78' lang='grc' dir='ltr'>Ἐκκλησία</span> 
     </span>
    </p>
   </div>
   <div class='ocr_carea' id='block_1_45' title="bbox 263 3894 1843 3969">
    <p class='ocr_par' dir='ltr' id='par_1_45' title="bbox 263 3894 1843 3969">
     <span class='ocr_line' id='line_1_45' title="bbox 263 3894 1843 3969; baseline 0.008 -25"><span class='ocrx_word' id='word_1_320' title='bbox 263 3894 374 3946; x_wconf 76' lang='grc' dir='ltr'><strong>τῶν</strong></span> <span class='ocrx_word' id='word_1_321' title='bbox 405 3894 662 3946; x_wconf 77' lang='grc' dir='ltr'>τοιούτων</span> <span class='ocrx_word' id='word_1_322' title='bbox 694 3895 999 3962; x_wconf 83' lang='grc' dir='ltr'>διαιτηταῖς</span> <span class='ocrx_word' id='word_1_323' title='bbox 1030 3897 1168 3964; x_wconf 81' lang='grc' dir='ltr'>μετὰ</span> <span class='ocrx_word' id='word_1_324' title='bbox 1210 3899 1597 3969; x_wconf 75' lang='grc' dir='ltr'>προσηκούσης</span> <span class='ocrx_word' id='word_1_325' title='bbox 1623 3918 1843 3956; x_wconf 86' lang='grc' dir='ltr'>κανονι-</span> 
     </span>
    </p>
   </div>
   <div class='ocr_carea' id='block_1_46' title="bbox 265 3983 1845 4059">
    <p class='ocr_par' dir='ltr' id='par_1_46' title="bbox 265 3983 1845 4059">
     <span class='ocr_line' id='line_1_46' title="bbox 265 3983 1845 4059; baseline 0.006 -24"><span class='ocrx_word' id='word_1_326' title='bbox 265 3983 369 4051; x_wconf 83' lang='grc' dir='ltr'>κῆς</span> <span class='ocrx_word' id='word_1_327' title='bbox 413 3984 714 4052; x_wconf 80' lang='grc' dir='ltr'>αὐστηρίας</span> <span class='ocrx_word' id='word_1_328' title='bbox 745 3985 813 4037; x_wconf 84' lang='grc' dir='ltr'>τὰ</span> <span class='ocrx_word' id='word_1_329' title='bbox 847 3984 1042 4052; x_wconf 83' lang='grc' dir='ltr'>φονικὰ</span> <span class='ocrx_word' id='word_1_330' title='bbox 1079 3986 1330 4049; x_wconf 72' lang='grc' dir='ltr'>κολάζειν</span> <span class='ocrx_word' id='word_1_331' title='bbox 1370 3989 1713 4059; x_wconf 80' lang='grc' dir='ltr'>ἐγκλήματα,</span> <span class='ocrx_word' id='word_1_332' title='bbox 1749 3992 1845 4045; x_wconf 75' lang='grc' dir='ltr'>καὶ</span> 
     </span>
    </p>
   </div>
   <div class='ocr_carea' id='block_1_47' title="bbox 269 4074 1844 4154">
    <p class='ocr_par' dir='ltr' id='par_1_47' title="bbox 269 4074 1844 4154">
     <span class='ocr_line' id='line_1_47' title="bbox 269 4074 1844 4154; baseline 0.01 -30"><span class='ocrx_word' id='word_1_333' title='bbox 269 4074 347 4143; x_wconf 84' lang='grc' dir='ltr'>μὴ</span> <span class='ocrx_word' id='word_1_334' title='bbox 390 4077 516 4136; x_wconf 82' lang='grc' dir='ltr'>τοὺς</span> <span class='ocrx_word' id='word_1_335' title='bbox 548 4077 795 4144; x_wconf 79' lang='grc' dir='ltr'>χρόνους,</span> <span class='ocrx_word' id='word_1_336' title='bbox 841 4076 915 4137; x_wconf 85' lang='grc' dir='ltr'>ὼς</span> <span class='ocrx_word' id='word_1_337' title='bbox 964 4077 1145 4147; x_wconf 73' lang='grc' dir='ltr'>ἔτυχε,</span> <span class='ocrx_word' id='word_1_338' title='bbox 1183 4080 1522 4148; x_wconf 82' lang='grc' dir='ltr'>συντέμνειν,</span> <span class='ocrx_word' id='word_1_339' title='bbox 1559 4083 1655 4137; x_wconf 68' lang='grc' dir='ltr'>καὶ</span> <span class='ocrx_word' id='word_1_340' title='bbox 1709 4084 1844 4154; x_wconf 84' lang='grc' dir='ltr'><strong>μηδέ</strong></span> 
     </span>
    </p>
   </div>
   <div class='ocr_carea' id='block_1_48' title="bbox 264 4161 1841 4240">
    <p class='ocr_par' dir='ltr' id='par_1_48' title="bbox 264 4161 1841 4240">
     <span class='ocr_line' id='line_1_48' title="bbox 264 4161 1841 4240; baseline 0.008 -25"><span class='ocrx_word' id='word_1_341' title='bbox 264 4165 353 4233; x_wconf 83' lang='grc' dir='ltr'>ἐφ’</span> <span class='ocrx_word' id='word_1_342' title='bbox 381 4161 462 4226; x_wconf 76' lang='grc' dir='ltr'>οἷς</span> <span class='ocrx_word' id='word_1_343' title='bbox 492 4166 553 4218; x_wconf 82' lang='grc' dir='ltr'>οὐ</span> <span class='ocrx_word' id='word_1_344' title='bbox 584 4166 689 4236; x_wconf 77' lang='grc' dir='ltr'><strong>χρὴ</strong></span> <span class='ocrx_word' id='word_1_345' title='bbox 719 4168 883 4219; x_wconf 82' lang='grc' dir='ltr'>πλέον</span> <span class='ocrx_word' id='word_1_346' title='bbox 904 4166 999 4219; x_wconf 83' lang='grc' dir='ltr'>τοῦ</span> <span class='ocrx_word' id='word_1_347' title='bbox 1027 4169 1235 4231; x_wconf 76' lang='grc' dir='ltr'>εἰκότος</span> <span class='ocrx_word' id='word_1_348' title='bbox 1273 4170 1841 4240; x_wconf 84' lang='grc' dir='ltr'>φιλανθρωπεύεσθαι.</span> 
     </span>
    </p>
   </div>
   <div class='ocr_carea' id='block_1_49' title="bbox 269 4256 1845 4333">
    <p class='ocr_par' dir='ltr' id='par_1_49' title="bbox 269 4256 1845 4333">
     <span class='ocr_line' id='line_1_49' title="bbox 269 4256 1845 4333; baseline 0.005 -25"><span class='ocrx_word' id='word_1_349' title='bbox 269 4256 395 4308; x_wconf 84' lang='grc' dir='ltr'>Ἴσα</span> <span class='ocrx_word' id='word_1_350' title='bbox 448 4258 633 4325; x_wconf 82' lang='grc' dir='ltr'>μέντοι</span> <span class='ocrx_word' id='word_1_351' title='bbox 675 4256 768 4309; x_wconf 84' lang='grc' dir='ltr'>τοῦ</span> <span class='ocrx_word' id='word_1_352' title='bbox 821 4258 1088 4327; x_wconf 84' lang='grc' dir='ltr'>παρόντος</span> <span class='ocrx_word' id='word_1_353' title='bbox 1129 4258 1504 4329; x_wconf 90' lang='grc' dir='ltr'>διατάγματος</span> <span class='ocrx_word' id='word_1_354' title='bbox 1549 4263 1647 4333; x_wconf 81' lang='grc' dir='ltr'>τῆς</span> <span class='ocrx_word' id='word_1_355' title='bbox 1691 4265 1845 4333; x_wconf 81' lang='grc' dir='ltr'>βασι-</span> 
     </span>
    </p>
   </div>
   <div class='ocr_carea' id='block_1_50' title="bbox 265 4347 1844 4423">
    <p class='ocr_par' dir='ltr' id='par_1_50' title="bbox 265 4347 1844 4423">
     <span class='ocr_line' id='line_1_50' title="bbox 265 4347 1844 4423; baseline 0.007 -25"><span class='ocrx_word' id='word_1_356' title='bbox 265 4347 418 4408; x_wconf 83' lang='grc' dir='ltr'>λείας</span> <span class='ocrx_word' id='word_1_357' title='bbox 480 4365 583 4414; x_wconf 90' lang='grc' dir='ltr'><strong>μου</strong></span> <span class='ocrx_word' id='word_1_358' title='bbox 636 4348 1024 4418; x_wconf 81' lang='grc' dir='ltr'>ὑπογραφέντα</span> <span class='ocrx_word' id='word_1_359' title='bbox 1052 4349 1205 4418; x_wconf 83' lang='grc' dir='ltr'><strong>παρά</strong></span> <span class='ocrx_word' id='word_1_360' title='bbox 1251 4350 1361 4404; x_wconf 81' lang='grc' dir='ltr'><strong>τῶν</strong></span> <span class='ocrx_word' id='word_1_361' title='bbox 1420 4356 1844 4423; x_wconf 81' lang='grc' dir='ltr'>προϊσταμένων</span> 
     </span>
    </p>
   </div>
   <div class='ocr_carea' id='block_1_51' title="bbox 1928 974 3497 1043">
    <p class='ocr_par' dir='ltr' id='par_1_51' title="bbox 1928 974 3497 1043">
     <span class='ocr_line' id='line_1_51' title="bbox 1928 974 3497 1043; baseline -0.001 -16"><span class='ocrx_word' id='word_1_362' title='bbox 1928 984 2108 1027; x_wconf 86' lang='lat' dir='ltr'><strong>autem</strong></span> <span class='ocrx_word' id='word_1_363' title='bbox 2142 976 2487 1030; x_wconf 70' lang='lat' dir='ltr'><strong>facultatibus</strong></span> <span class='ocrx_word' id='word_1_364' title='bbox 2525 976 2639 1037; x_wconf 72' lang='grc' dir='ltr'>Πιιι,</span> <span class='ocrx_word' id='word_1_365' title='bbox 2673 976 2815 1028; x_wconf 91' lang='lat' dir='ltr'><strong>sicut</strong></span> <span class='ocrx_word' id='word_1_366' title='bbox 2847 974 3015 1042; x_wconf 80' lang='lat' dir='ltr'><strong>jussit</strong></span> <span class='ocrx_word' id='word_1_367' title='bbox 3047 975 3346 1043; x_wconf 82' lang='lat' dir='ltr'><strong>imperator</strong></span> <span class='ocrx_word' id='word_1_368' title='bbox 3379 989 3497 1028; x_wconf 86' lang='lat' dir='ltr'><strong>me-</strong></span> 
     </span>
    </p>
   </div>
   <div class='ocr_carea' id='block_1_52' title="bbox 1928 1065 3498 1134">
    <p class='ocr_par' dir='ltr' id='par_1_52' title="bbox 1928 1065 3498 1134">
     <span class='ocr_line' id='line_1_52' title="bbox 1928 1065 3498 1134; baseline -0.003 -16"><span class='ocrx_word' id='word_1_369' title='bbox 1928 1074 2192 1119; x_wconf 86' lang='lat' dir='ltr'><strong>moratus.</strong></span> <span class='ocrx_word' id='word_1_370' title='bbox 2220 1066 2358 1131; x_wconf 82' lang='lat' dir='ltr'><strong>Quia</strong></span> <span class='ocrx_word' id='word_1_371' title='bbox 2390 1077 2568 1119; x_wconf 89' lang='lat' dir='ltr'><strong>autem</strong></span> <span class='ocrx_word' id='word_1_372' title='bbox 2602 1066 2782 1134; x_wconf 81' lang='lat' dir='ltr'><strong>plures</strong></span> <span class='ocrx_word' id='word_1_373' title='bbox 2835 1065 3146 1127; x_wconf 68' lang='lat' dir='ltr'><strong>homicidae.</strong></span> <span class='ocrx_word' id='word_1_374' title='bbox 3178 1066 3269 1134; x_wconf 88' lang='lat' dir='ltr'><strong>qui</strong></span> <span class='ocrx_word' id='word_1_375' title='bbox 3298 1065 3498 1119; x_wconf 66' lang='lat' dir='ltr'><strong>eadem</strong></span> 
     </span>
    </p>
   </div>
   <div class='ocr_carea' id='block_1_53' title="bbox 1930 1156 3499 1227">
    <p class='ocr_par' dir='ltr' id='par_1_53' title="bbox 1930 1156 3499 1227">
     <span class='ocr_line' id='line_1_53' title="bbox 1930 1156 3499 1227; baseline 0.001 -19"><span class='ocrx_word' id='word_1_376' title='bbox 1930 1158 2189 1210; x_wconf 89' lang='lat' dir='ltr'><strong>meditato</strong></span> <span class='ocrx_word' id='word_1_377' title='bbox 2231 1166 2284 1209; x_wconf 88' lang='lat' dir='ltr'><strong>et</strong></span> <span class='ocrx_word' id='word_1_378' title='bbox 2314 1157 2544 1210; x_wconf 89' lang='lat' dir='ltr'><strong>consilio</strong></span> <span class='ocrx_word' id='word_1_379' title='bbox 2578 1168 2739 1226; x_wconf 83' lang='lat' dir='ltr'><strong>capto</strong></span> <span class='ocrx_word' id='word_1_380' title='bbox 2770 1168 3106 1227; x_wconf 88' lang='lat' dir='ltr'><strong>perpetrant,</strong></span> <span class='ocrx_word' id='word_1_381' title='bbox 3142 1158 3207 1210; x_wconf 87' lang='lat' dir='ltr'><strong>ad</strong></span> <span class='ocrx_word' id='word_1_382' title='bbox 3261 1156 3499 1211; x_wconf 82' lang='lat' dir='ltr'><strong>sanctis—</strong></span> 
     </span>
    </p>
   </div>
   <div class='ocr_carea' id='block_1_54' title="bbox 1928 1246 3497 1318">
    <p class='ocr_par' dir='ltr' id='par_1_54' title="bbox 1928 1246 3497 1318">
     <span class='ocr_line' id='line_1_54' title="bbox 1928 1246 3497 1318; baseline 0 -16"><span class='ocrx_word' id='word_1_383' title='bbox 1928 1248 2121 1302; x_wconf 89' lang='lat' dir='ltr'><strong>simam</strong></span> <span class='ocrx_word' id='word_1_384' title='bbox 2160 1248 2252 1301; x_wconf 84' lang='lat' dir='ltr'><strong>Dei</strong></span> <span class='ocrx_word' id='word_1_385' title='bbox 2289 1246 2535 1316; x_wconf 78' lang='lat' dir='ltr'><strong>Magnam</strong></span> <span class='ocrx_word' id='word_1_386' title='bbox 2563 1248 2863 1303; x_wconf 84' lang='lat' dir='ltr'><strong>Ecclesiam</strong></span> <span class='ocrx_word' id='word_1_387' title='bbox 2919 1262 3102 1318; x_wconf 90' lang='lat' dir='ltr'><strong>postea</strong></span> <span class='ocrx_word' id='word_1_388' title='bbox 3158 1251 3497 1310; x_wconf 79' lang='lat' dir='ltr'><strong>accedentes.</strong></span> 
     </span>
    </p>
   </div>
   <div class='ocr_carea' id='block_1_55' title="bbox 1932 1336 3502 1401">
    <p class='ocr_par' dir='ltr' id='par_1_55' title="bbox 1932 1336 3502 1401">
     <span class='ocr_line' id='line_1_55' title="bbox 1932 1336 3502 1401; baseline 0.001 -10"><span class='ocrx_word' id='word_1_389' title='bbox 1932 1353 2038 1391; x_wconf 89' lang='lat' dir='ltr'><strong>non</strong></span> <span class='ocrx_word' id='word_1_390' title='bbox 2067 1347 2123 1391; x_wconf 92' lang='lat' dir='ltr'><strong>ut</strong></span> <span class='ocrx_word' id='word_1_391' title='bbox 2150 1336 2293 1391; x_wconf 81' lang='lat' dir='ltr'><strong>facta</strong></span> <span class='ocrx_word' id='word_1_392' title='bbox 2325 1347 2408 1392; x_wconf 89' lang='lat' dir='ltr'><strong>est</strong></span> <span class='ocrx_word' id='word_1_393' title='bbox 2440 1354 2467 1391; x_wconf 87' lang='lat' dir='ltr'><strong>a</strong></span> <span class='ocrx_word' id='word_1_394' title='bbox 2502 1353 2583 1401; x_wconf 85' lang='lat' dir='ltr'><strong>se,</strong></span> <span class='ocrx_word' id='word_1_395' title='bbox 2618 1340 2711 1392; x_wconf 88' lang='lat' dir='ltr'><strong>sed</strong></span> <span class='ocrx_word' id='word_1_396' title='bbox 2745 1346 2802 1390; x_wconf 92' lang='lat' dir='ltr'><strong>ut</strong></span> <span class='ocrx_word' id='word_1_397' title='bbox 2831 1340 2896 1391; x_wconf 89' lang='lat' dir='ltr'><strong>ad</strong></span> <span class='ocrx_word' id='word_1_398' title='bbox 2930 1354 3084 1391; x_wconf 90' lang='lat' dir='ltr'><strong>suam</strong></span> <span class='ocrx_word' id='word_1_399' title='bbox 3136 1338 3261 1391; x_wconf 80' lang='lat' dir='ltr'><strong>facil</strong></span> <span class='ocrx_word' id='word_1_400' title='bbox 3293 1338 3502 1392; x_wconf 84' lang='lat' dir='ltr'><strong>utilita—</strong></span> 
     </span>
    </p>
   </div>
   <div class='ocr_carea' id='block_1_56' title="bbox 1932 1428 3504 1495">
    <p class='ocr_par' dir='ltr' id='par_1_56' title="bbox 1932 1428 3504 1495">
     <span class='ocr_line' id='line_1_56' title="bbox 1932 1428 3504 1495; baseline 0.001 -15"><span class='ocrx_word' id='word_1_401' title='bbox 1932 1437 2061 1492; x_wconf 89' lang='lat' dir='ltr'><strong>tem,</strong></span> <span class='ocrx_word' id='word_1_402' title='bbox 2092 1430 2373 1482; x_wconf 75' lang='lat' dir='ltr'><strong>veritatem</strong></span> <span class='ocrx_word' id='word_1_403' title='bbox 2403 1428 2665 1495; x_wconf 84' lang='lat' dir='ltr'><strong>celantes,</strong></span> <span class='ocrx_word' id='word_1_404' title='bbox 2697 1430 2896 1483; x_wconf 77' lang='lat' dir='ltr'><strong>czedem</strong></span> <span class='ocrx_word' id='word_1_405' title='bbox 2943 1428 3307 1493; x_wconf 75' lang='lat' dir='ltr'><strong>conﬁtentur;</strong></span> <span class='ocrx_word' id='word_1_406' title='bbox 3351 1428 3504 1495; x_wconf 74' lang='lat' dir='ltr'><strong>jubet</strong></span> 
     </span>
    </p>
   </div>
   <div class='ocr_carea' id='block_1_57' title="bbox 1932 1520 3505 1595">
    <p class='ocr_par' dir='ltr' id='par_1_57' title="bbox 1932 1520 3505 1595">
     <span class='ocr_line' id='line_1_57' title="bbox 1932 1520 3505 1595; baseline 0.002 -23"><span class='ocrx_word' id='word_1_407' title='bbox 1932 1534 2048 1573; x_wconf 90' lang='lat' dir='ltr'><strong>mea</strong></span> <span class='ocrx_word' id='word_1_408' title='bbox 2094 1520 2394 1588; x_wconf 85' lang='lat' dir='ltr'><strong>imperialis</strong></span> <span class='ocrx_word' id='word_1_409' title='bbox 2441 1521 2766 1584; x_wconf 87' lang='lat' dir='ltr'><strong>sublimitas.</strong></span> <span class='ocrx_word' id='word_1_410' title='bbox 2803 1532 2859 1574; x_wconf 93' lang='lat' dir='ltr'><strong>ut</strong></span> <span class='ocrx_word' id='word_1_411' title='bbox 2917 1536 2947 1575; x_wconf 90' lang='lat' dir='ltr'><strong>a</strong></span> <span class='ocrx_word' id='word_1_412' title='bbox 3005 1522 3353 1581; x_wconf 87' lang='lat' dir='ltr'><strong>sanctissimo</strong></span> <span class='ocrx_word' id='word_1_413' title='bbox 3406 1535 3505 1595; x_wconf 75' lang='lat' dir='ltr'><strong>pro</strong></span> 
     </span>
    </p>
   </div>
   <div class='ocr_carea' id='block_1_58' title="bbox 1935 1603 3504 1681">
    <p class='ocr_par' dir='ltr' id='par_1_58' title="bbox 1935 1603 3504 1681">
     <span class='ocr_line' id='line_1_58' title="bbox 1935 1603 3504 1681; baseline -0.001 -17"><span class='ocrx_word' id='word_1_414' title='bbox 1935 1620 2175 1679; x_wconf 88' lang='lat' dir='ltr'><strong>tempore</strong></span> <span class='ocrx_word' id='word_1_415' title='bbox 2204 1603 2511 1680; x_wconf 81' lang='lat' dir='ltr'><strong>patriar&#39;cha</strong></span> <span class='ocrx_word' id='word_1_416' title='bbox 2549 1614 2614 1666; x_wconf 90' lang='lat' dir='ltr'><strong>ad</strong></span> <span class='ocrx_word' id='word_1_417' title='bbox 2647 1612 2888 1680; x_wconf 89' lang='lat' dir='ltr'><strong>regionis</strong></span> <span class='ocrx_word' id='word_1_418' title='bbox 2943 1613 3261 1677; x_wconf 79' lang='lat' dir='ltr'><strong>antistitem,</strong></span> <span class='ocrx_word' id='word_1_419' title='bbox 3301 1621 3376 1677; x_wconf 84' lang='lat' dir='ltr'><strong>et,</strong></span> <span class='ocrx_word' id='word_1_420' title='bbox 3412 1611 3504 1681; x_wconf 91' lang='lat' dir='ltr'><strong>qni</strong></span> 
     </span>
    </p>
   </div>
   <div class='ocr_carea' id='block_1_59' title="bbox 1934 1704 3509 1773">
    <p class='ocr_par' dir='ltr' id='par_1_59' title="bbox 1934 1704 3509 1773">
     <span class='ocr_line' id='line_1_59' title="bbox 1934 1704 3509 1773; baseline -0.003 -16"><span class='ocrx_word' id='word_1_421' title='bbox 1934 1704 1984 1757; x_wconf 87' lang='lat' dir='ltr'><strong>ei</strong></span> <span class='ocrx_word' id='word_1_422' title='bbox 2018 1704 2232 1765; x_wconf 87' lang='lat' dir='ltr'><strong>subest,</strong></span> <span class='ocrx_word' id='word_1_423' title='bbox 2276 1705 2502 1769; x_wconf 89' lang='lat' dir='ltr'><strong>elerum,</strong></span> <span class='ocrx_word' id='word_1_424' title='bbox 2534 1706 2828 1770; x_wconf 81' lang='lat' dir='ltr'><strong>quinetiam</strong></span> <span class='ocrx_word' id='word_1_425' title='bbox 2874 1704 2941 1757; x_wconf 92' lang='lat' dir='ltr'><strong>ad</strong></span> <span class='ocrx_word' id='word_1_426' title='bbox 2992 1705 3226 1773; x_wconf 73' lang='lat' dir='ltr'><strong>regionis</strong></span> <span class='ocrx_word' id='word_1_427' title='bbox 3272 1704 3509 1770; x_wconf 75' lang='lat' dir='ltr'><strong>iudicem</strong></span> 
     </span>
    </p>
   </div>
   <div class='ocr_carea' id='block_1_60' title="bbox 1937 1795 3510 1866">
    <p class='ocr_par' dir='ltr' id='par_1_60' title="bbox 1937 1795 3510 1866">
     <span class='ocr_line' id='line_1_60' title="bbox 1937 1795 3510 1866; baseline -0.001 -17"><span class='ocrx_word' id='word_1_428' title='bbox 1937 1812 2060 1851; x_wconf 89' lang='lat' dir='ltr'><strong>cum</strong></span> <span class='ocrx_word' id='word_1_429' title='bbox 2116 1811 2291 1866; x_wconf 76' lang='lat' dir='ltr'><strong>pmnae</strong></span> <span class='ocrx_word' id='word_1_430' title='bbox 2325 1798 2748 1852; x_wconf 87' lang='lat' dir='ltr'><strong>comminatione</strong></span> <span class='ocrx_word' id='word_1_431' title='bbox 2806 1796 3102 1850; x_wconf 84' lang='lat' dir='ltr'><strong>scribatur.</strong></span> <span class='ocrx_word' id='word_1_432' title='bbox 3152 1795 3219 1849; x_wconf 86' lang='lat' dir='ltr'><strong>Et</strong></span> <span class='ocrx_word' id='word_1_433' title='bbox 3246 1795 3510 1863; x_wconf 90' lang='lat' dir='ltr'><strong>quemad-</strong></span> 
     </span>
    </p>
   </div>
   <div class='ocr_carea' id='block_1_61' title="bbox 1863 1880 3511 1951">
    <p class='ocr_par' dir='ltr' id='par_1_61' title="bbox 1863 1880 3511 1951">
     <span class='ocr_line' id='line_1_61' title="bbox 1863 1880 3511 1951; baseline 0.001 -12"><span class='ocrx_word' id='word_1_434' title='bbox 1863 1880 1908 1939; x_wconf 85' lang='grc' dir='ltr'><strong>Β</strong></span> <span class='ocrx_word' id='word_1_435' title='bbox 1938 1890 2154 1943; x_wconf 87' lang='lat' dir='ltr'><strong>modum</strong></span> <span class='ocrx_word' id='word_1_436' title='bbox 2200 1889 2399 1943; x_wconf 80' lang='lat' dir='ltr'><strong>factam</strong></span> <span class='ocrx_word' id='word_1_437' title='bbox 2458 1904 2579 1943; x_wconf 89' lang='lat' dir='ltr'><strong>esse</strong></span> <span class='ocrx_word' id='word_1_438' title='bbox 2632 1889 2830 1943; x_wconf 70' lang='lat' dir='ltr'><strong>caedem</strong></span> <span class='ocrx_word' id='word_1_439' title='bbox 2875 1901 2939 1940; x_wconf 77' lang='lat' dir='ltr'><strong>ex</strong></span> <span class='ocrx_word' id='word_1_440' title='bbox 2992 1887 3207 1939; x_wconf 91' lang='lat' dir='ltr'><strong>illorum</strong></span> <span class='ocrx_word' id='word_1_441' title='bbox 3245 1888 3511 1951; x_wconf 82' lang='lat' dir='ltr'><strong>rescripto</strong></span> 
     </span>
    </p>
   </div>
   <div class='ocr_carea' id='block_1_62' title="bbox 1935 1975 3508 2047">
    <p class='ocr_par' dir='ltr' id='par_1_62' title="bbox 1935 1975 3508 2047">
     <span class='ocr_line' id='line_1_62' title="bbox 1935 1975 3508 2047; baseline -0.001 -16"><span class='ocrx_word' id='word_1_442' title='bbox 1935 1979 2286 2043; x_wconf 77' lang='lat' dir='ltr'><strong>intellexerit,</strong></span> <span class='ocrx_word' id='word_1_443' title='bbox 2343 1981 2414 2034; x_wconf 90' lang='lat' dir='ltr'><strong>ita</strong></span> <span class='ocrx_word' id='word_1_444' title='bbox 2468 1993 2586 2033; x_wconf 87' lang='lat' dir='ltr'><strong>eam</strong></span> <span class='ocrx_word' id='word_1_445' title='bbox 2644 1991 2861 2047; x_wconf 86' lang='lat' dir='ltr'><strong>quoque</strong></span> <span class='ocrx_word' id='word_1_446' title='bbox 2918 1975 3265 2031; x_wconf 83' lang='lat' dir='ltr'><strong>ulciscatur:</strong></span> <span class='ocrx_word' id='word_1_447' title='bbox 3318 1985 3372 2031; x_wconf 91' lang='lat' dir='ltr'><strong>et</strong></span> <span class='ocrx_word' id='word_1_448' title='bbox 3404 1991 3508 2030; x_wconf 89' lang='lat' dir='ltr'><strong>nou</strong></span> 
     </span>
    </p>
   </div>
   <div class='ocr_carea' id='block_1_63' title="bbox 1936 2067 3508 2139">
    <p class='ocr_par' dir='ltr' id='par_1_63' title="bbox 1936 2067 3508 2139">
     <span class='ocr_line' id='line_1_63' title="bbox 1936 2067 3508 2139; baseline -0.001 -16"><span class='ocrx_word' id='word_1_449' title='bbox 1936 2084 2085 2135; x_wconf 90' lang='lat' dir='ltr'><strong>eum,</strong></span> <span class='ocrx_word' id='word_1_450' title='bbox 2142 2074 2232 2138; x_wconf 91' lang='lat' dir='ltr'><strong>qui</strong></span> <span class='ocrx_word' id='word_1_451' title='bbox 2264 2069 2683 2139; x_wconf 81' lang='lat' dir='ltr'><strong>capto-consilio</strong></span> <span class='ocrx_word' id='word_1_452' title='bbox 2717 2069 2917 2123; x_wconf 68' lang='lat' dir='ltr'><strong>caedem</strong></span> <span class='ocrx_word' id='word_1_453' title='bbox 2961 2068 3109 2135; x_wconf 82' lang='lat' dir='ltr'><strong>facit,</strong></span> <span class='ocrx_word' id='word_1_454' title='bbox 3146 2077 3365 2137; x_wconf 83' lang='lat' dir='ltr'><strong>propter</strong></span> <span class='ocrx_word' id='word_1_455' title='bbox 3400 2067 3508 2121; x_wconf 80' lang='lat' dir='ltr'><strong>lal-</strong></span> 
     </span>
    </p>
   </div>
   <div class='ocr_carea' id='block_1_64' title="bbox 1937 2145 3569 2232">
    <p class='ocr_par' dir='ltr' id='par_1_64' title="bbox 1937 2145 3569 2232">
     <span class='ocr_line' id='line_1_64' title="bbox 1937 2145 3569 2232; baseline -0.001 -15"><span class='ocrx_word' id='word_1_456' title='bbox 1937 2178 2053 2217; x_wconf 84' lang='lat' dir='ltr'><strong>sam</strong></span> <span class='ocrx_word' id='word_1_457' title='bbox 2092 2178 2246 2217; x_wconf 88' lang='lat' dir='ltr'><strong>suam</strong></span> <span class='ocrx_word' id='word_1_458' title='bbox 2279 2162 2703 2225; x_wconf 79' lang='lat' dir='ltr'><strong>confessionem,</strong></span> <span class='ocrx_word' id='word_1_459' title='bbox 2742 2163 2959 2217; x_wconf 85' lang='lat' dir='ltr'><strong>easdem</strong></span> <span class='ocrx_word' id='word_1_460' title='bbox 2993 2176 3183 2232; x_wconf 70' lang='lat' dir='ltr'><strong>pt‘enas</strong></span> <span class='ocrx_word' id='word_1_461' title='bbox 3217 2164 3516 2232; x_wconf 77' lang='lat' dir='ltr'><strong>eademque</strong></span> <span class='ocrx_word' id='word_1_462' title='bbox 3559 2145 3569 2153; x_wconf 37' lang='lat'>.</span> 
     </span>
    </p>
   </div>
   <div class='ocr_carea' id='block_1_65' title="bbox 1938 2253 3514 2323">
    <p class='ocr_par' dir='ltr' id='par_1_65' title="bbox 1938 2253 3514 2323">
     <span class='ocr_line' id='line_1_65' title="bbox 1938 2253 3514 2323; baseline -0.001 -16"><span class='ocrx_word' id='word_1_463' title='bbox 1938 2253 2227 2321; x_wconf 86' lang='lat' dir='ltr'><strong>supplicia,</strong></span> <span class='ocrx_word' id='word_1_464' title='bbox 2262 2267 2385 2321; x_wconf 60' lang='lat' dir='ltr'><strong>quae</strong></span> <span class='ocrx_word' id='word_1_465' title='bbox 2416 2253 2642 2307; x_wconf 79' lang='lat' dir='ltr'><strong>fortuito</strong></span> <span class='ocrx_word' id='word_1_466' title='bbox 2673 2264 2728 2307; x_wconf 90' lang='lat' dir='ltr'><strong>et</strong></span> <span class='ocrx_word' id='word_1_467' title='bbox 2758 2255 3054 2323; x_wconf 82' lang='lat' dir='ltr'><strong>improviso</strong></span> <span class='ocrx_word' id='word_1_468' title='bbox 3082 2255 3135 2307; x_wconf 92' lang='lat' dir='ltr'><strong>in</strong></span> <span class='ocrx_word' id='word_1_469' title='bbox 3163 2256 3269 2308; x_wconf 84' lang='lat' dir='ltr'><strong>tale</strong></span> <span class='ocrx_word' id='word_1_470' title='bbox 3298 2254 3514 2323; x_wconf 83' lang='lat' dir='ltr'><strong>aliquod</strong></span> 
     </span>
    </p>
   </div>
   <div class='ocr_carea' id='block_1_66' title="bbox 1938 2344 3513 2416">
    <p class='ocr_par' dir='ltr' id='par_1_66' title="bbox 1938 2344 3513 2416">
     <span class='ocr_line' id='line_1_66' title="bbox 1938 2344 3513 2416; baseline 0 -18"><span class='ocrx_word' id='word_1_471' title='bbox 1938 2346 2146 2400; x_wconf 83' lang='lat' dir='ltr'><strong>crimen</strong></span> <span class='ocrx_word' id='word_1_472' title='bbox 2196 2344 2466 2407; x_wconf 88' lang='lat' dir='ltr'><strong>incidens.</strong></span> <span class='ocrx_word' id='word_1_473' title='bbox 2496 2347 2711 2399; x_wconf 86' lang='lat' dir='ltr'><strong>subeat.</strong></span> <span class='ocrx_word' id='word_1_474' title='bbox 2750 2344 2805 2399; x_wconf 90' lang='lat' dir='ltr'><strong>Si</strong></span> <span class='ocrx_word' id='word_1_475' title='bbox 2838 2346 2960 2416; x_wconf 86' lang='lat' dir='ltr'><strong>quis</strong></span> <span class='ocrx_word' id='word_1_476' title='bbox 2984 2356 3166 2400; x_wconf 84' lang='lat' dir='ltr'><strong>autem</strong></span> <span class='ocrx_word' id='word_1_477' title='bbox 3220 2345 3513 2407; x_wconf 82' lang='lat' dir='ltr'><strong>homicida,</strong></span> 
     </span>
    </p>
   </div>
   <div class='ocr_carea' id='block_1_67' title="bbox 1940 2435 3519 2505">
    <p class='ocr_par' dir='ltr' id='par_1_67' title="bbox 1940 2435 3519 2505">
     <span class='ocr_line' id='line_1_67' title="bbox 1940 2435 3519 2505; baseline 0.001 -19"><span class='ocrx_word' id='word_1_478' title='bbox 1940 2436 2032 2505; x_wconf 90' lang='lat' dir='ltr'><strong>qui</strong></span> <span class='ocrx_word' id='word_1_479' title='bbox 2059 2436 2124 2488; x_wconf 85' lang='lat' dir='ltr'><strong>ad</strong></span> <span class='ocrx_word' id='word_1_480' title='bbox 2153 2436 2556 2491; x_wconf 83' lang='lat' dir='ltr'><strong>sanctissimam</strong></span> <span class='ocrx_word' id='word_1_481' title='bbox 2583 2435 2826 2505; x_wconf 78' lang='lat' dir='ltr'><strong>Magnam</strong></span> <span class='ocrx_word' id='word_1_482' title='bbox 2856 2435 3153 2490; x_wconf 87' lang='lat' dir='ltr'><strong>Ecclesiam</strong></span> <span class='ocrx_word' id='word_1_483' title='bbox 3193 2436 3519 2505; x_wconf 75' lang='lat' dir='ltr'><strong>confugerat</strong></span> 
     </span>
    </p>
   </div>
   <div class='ocr_carea' id='block_1_68' title="bbox 1942 2524 3521 2595">
    <p class='ocr_par' dir='ltr' id='par_1_68' title="bbox 1942 2524 3521 2595">
     <span class='ocr_line' id='line_1_68' title="bbox 1942 2524 3521 2595; baseline 0.002 -18"><span class='ocrx_word' id='word_1_484' title='bbox 1942 2534 1996 2578; x_wconf 83' lang='lat' dir='ltr'><strong>et</strong></span> <span class='ocrx_word' id='word_1_485' title='bbox 2022 2525 2105 2579; x_wconf 83' lang='lat' dir='ltr'><strong>vel</strong></span> <span class='ocrx_word' id='word_1_486' title='bbox 2142 2534 2402 2595; x_wconf 86' lang='lat' dir='ltr'><strong>perpetuo</strong></span> <span class='ocrx_word' id='word_1_487' title='bbox 2426 2526 2621 2580; x_wconf 82' lang='lat' dir='ltr'><strong>exsilio</strong></span> <span class='ocrx_word' id='word_1_488' title='bbox 2649 2528 3065 2588; x_wconf 87' lang='lat' dir='ltr'><strong>condemnatus,</strong></span> <span class='ocrx_word' id='word_1_489' title='bbox 3095 2524 3177 2580; x_wconf 77' lang='lat' dir='ltr'><strong>vel</strong></span> <span class='ocrx_word' id='word_1_490' title='bbox 3207 2526 3259 2579; x_wconf 91' lang='lat' dir='ltr'><strong>in</strong></span> <span class='ocrx_word' id='word_1_491' title='bbox 3287 2526 3521 2581; x_wconf 79' lang='lat' dir='ltr'><strong>vinculis</strong></span> 
     </span>
    </p>
   </div>
   <div class='ocr_carea' id='block_1_69' title="bbox 1943 2620 3521 2688">
    <p class='ocr_par' dir='ltr' id='par_1_69' title="bbox 1943 2620 3521 2688">
     <span class='ocr_line' id='line_1_69' title="bbox 1943 2620 3521 2688; baseline 0.003 -19"><span class='ocrx_word' id='word_1_492' title='bbox 1943 2628 1995 2669; x_wconf 92' lang='lat' dir='ltr'><strong>et</strong></span> <span class='ocrx_word' id='word_1_493' title='bbox 2030 2622 2079 2671; x_wconf 88' lang='lat' dir='ltr'><strong>in</strong></span> <span class='ocrx_word' id='word_1_494' title='bbox 2113 2629 2370 2688; x_wconf 89' lang='lat' dir='ltr'><strong>perpetua</strong></span> <span class='ocrx_word' id='word_1_495' title='bbox 2401 2634 2522 2674; x_wconf 86' lang='lat' dir='ltr'><strong>esse</strong></span> <span class='ocrx_word' id='word_1_496' title='bbox 2545 2621 2789 2674; x_wconf 87' lang='lat' dir='ltr'><strong>custodia</strong></span> <span class='ocrx_word' id='word_1_497' title='bbox 2825 2630 2938 2674; x_wconf 93' lang='lat' dir='ltr'><strong>toto</strong></span> <span class='ocrx_word' id='word_1_498' title='bbox 2965 2620 3088 2673; x_wconf 76' lang='lat' dir='ltr'><strong>vita:</strong></span> <span class='ocrx_word' id='word_1_499' title='bbox 3118 2635 3227 2673; x_wconf 72' lang='lat' dir='ltr'><strong>sua</strong></span> <span class='ocrx_word' id='word_1_500' title='bbox 3278 2628 3521 2687; x_wconf 89' lang='lat' dir='ltr'><strong>tempore</strong></span> 
     </span>
    </p>
   </div>
   <div class='ocr_carea' id='block_1_70' title="bbox 1933 2705 3515 2776">
    <p class='ocr_par' dir='ltr' id='par_1_70' title="bbox 1933 2705 3515 2776">
     <span class='ocr_line' id='line_1_70' title="bbox 1933 2705 3515 2776; baseline 0.004 -17"><span class='ocrx_word' id='word_1_501' title='bbox 1933 2705 2121 2774; x_wconf 83' lang='lat' dir='ltr'><strong>jussus</strong></span> <span class='ocrx_word' id='word_1_502' title='bbox 2157 2718 2296 2776; x_wconf 88' lang='lat' dir='ltr'><strong>erat,</strong></span> <span class='ocrx_word' id='word_1_503' title='bbox 2332 2710 2539 2765; x_wconf 88' lang='lat' dir='ltr'><strong>solutus</strong></span> <span class='ocrx_word' id='word_1_504' title='bbox 2562 2751 2577 2776; x_wconf 91' lang='lat'><strong>,</strong></span> <span class='ocrx_word' id='word_1_505' title='bbox 2616 2711 2862 2765; x_wconf 84' lang='lat' dir='ltr'><strong>inventus</strong></span> <span class='ocrx_word' id='word_1_506' title='bbox 2892 2710 3057 2766; x_wconf 82' lang='lat' dir='ltr'><strong>fuerit</strong></span> <span class='ocrx_word' id='word_1_507' title='bbox 3110 2712 3163 2765; x_wconf 90' lang='lat' dir='ltr'><strong>in</strong></span> <span class='ocrx_word' id='word_1_508' title='bbox 3218 2714 3333 2767; x_wconf 89' lang='lat' dir='ltr'><strong>loco</strong></span> <span class='ocrx_word' id='word_1_509' title='bbox 3357 2751 3371 2775; x_wconf 89' lang='lat'><strong>,</strong></span> <span class='ocrx_word' id='word_1_510' title='bbox 3425 2711 3515 2765; x_wconf 89' lang='lat' dir='ltr'><strong>ubi</strong></span> 
     </span>
    </p>
   </div>
   <div class='ocr_carea' id='block_1_71' title="bbox 1943 2798 3518 2869">
    <p class='ocr_par' dir='ltr' id='par_1_71' title="bbox 1943 2798 3518 2869">
     <span class='ocr_line' id='line_1_71' title="bbox 1943 2798 3518 2869; baseline 0.001 -19"><span class='ocrx_word' id='word_1_511' title='bbox 1943 2798 2145 2851; x_wconf 56' lang='lat' dir='ltr'><strong>easdem</strong></span> <span class='ocrx_word' id='word_1_512' title='bbox 2182 2801 2535 2868; x_wconf 87' lang='lat' dir='ltr'><strong>perpetravit.</strong></span> <span class='ocrx_word' id='word_1_513' title='bbox 2567 2801 2866 2864; x_wconf 82' lang='lat' dir='ltr'><strong>ambulare,</strong></span> <span class='ocrx_word' id='word_1_514' title='bbox 2892 2801 3106 2855; x_wconf 85' lang='lat' dir='ltr'><strong>vinctus</strong></span> <span class='ocrx_word' id='word_1_515' title='bbox 3151 2802 3216 2855; x_wconf 94' lang='lat' dir='ltr'><strong>ab</strong></span> <span class='ocrx_word' id='word_1_516' title='bbox 3242 2811 3518 2869; x_wconf 77' lang='lat' dir='ltr'><strong>exactore,</strong></span> 
     </span>
    </p>
   </div>
   <div class='ocr_carea' id='block_1_72' title="bbox 1945 2892 3518 2962">
    <p class='ocr_par' dir='ltr' id='par_1_72' title="bbox 1945 2892 3518 2962">
     <span class='ocr_line' id='line_1_72' title="bbox 1945 2892 3518 2962; baseline 0.005 -20"><span class='ocrx_word' id='word_1_517' title='bbox 1945 2892 2035 2959; x_wconf 87' lang='lat' dir='ltr'><strong>qui</strong></span> <span class='ocrx_word' id='word_1_518' title='bbox 2070 2900 2156 2945; x_wconf 89' lang='lat' dir='ltr'><strong>est</strong></span> <span class='ocrx_word' id='word_1_519' title='bbox 2189 2893 2243 2945; x_wconf 91' lang='lat' dir='ltr'><strong>in</strong></span> <span class='ocrx_word' id='word_1_520' title='bbox 2270 2892 2512 2960; x_wconf 79' lang='lat' dir='ltr'><strong>regione,</strong></span> <span class='ocrx_word' id='word_1_521' title='bbox 2543 2893 2611 2945; x_wconf 91' lang='lat' dir='ltr'><strong>ad</strong></span> <span class='ocrx_word' id='word_1_522' title='bbox 2645 2906 2818 2946; x_wconf 88' lang='lat' dir='ltr'><strong>meam</strong></span> <span class='ocrx_word' id='word_1_523' title='bbox 2849 2894 3187 2962; x_wconf 87' lang='lat' dir='ltr'><strong>imperialem</strong></span> <span class='ocrx_word' id='word_1_524' title='bbox 3214 2896 3518 2949; x_wconf 82' lang='lat' dir='ltr'><strong>sublimita-</strong></span> 
     </span>
    </p>
   </div>
   <div class='ocr_carea' id='block_1_73' title="bbox 1946 2982 3514 3051">
    <p class='ocr_par' dir='ltr' id='par_1_73' title="bbox 1946 2982 3514 3051">
     <span class='ocr_line' id='line_1_73' title="bbox 1946 2982 3514 3051; baseline 0.003 -19"><span class='ocrx_word' id='word_1_525' title='bbox 1946 2991 2051 3033; x_wconf 90' lang='lat' dir='ltr'><strong>tem</strong></span> <span class='ocrx_word' id='word_1_526' title='bbox 2087 2982 2354 3045; x_wconf 85' lang='lat' dir='ltr'><strong>mittetur,</strong></span> <span class='ocrx_word' id='word_1_527' title='bbox 2406 2991 2461 3035; x_wconf 88' lang='lat' dir='ltr'><strong>et</strong></span> <span class='ocrx_word' id='word_1_528' title='bbox 2496 2997 2834 3051; x_wconf 68' lang='lat' dir='ltr'><strong>quaecunque</strong></span> <span class='ocrx_word' id='word_1_529' title='bbox 2862 2984 3082 3051; x_wconf 90' lang='lat' dir='ltr'><strong>quidem</strong></span> <span class='ocrx_word' id='word_1_530' title='bbox 3138 2998 3225 3038; x_wconf 87' lang='lat' dir='ltr'><strong>res</strong></span> <span class='ocrx_word' id='word_1_531' title='bbox 3283 2996 3413 3040; x_wconf 90' lang='lat' dir='ltr'><strong>tunc</strong></span> <span class='ocrx_word' id='word_1_532' title='bbox 3462 2984 3514 3040; x_wconf 92' lang='lat' dir='ltr'><strong>ei</strong></span> 
     </span>
    </p>
   </div>
   <div class='ocr_carea' id='block_1_74' title="bbox 1945 3073 3515 3141">
    <p class='ocr_par' dir='ltr' id='par_1_74' title="bbox 1945 3073 3515 3141">
     <span class='ocr_line' id='line_1_74' title="bbox 1945 3073 3515 3141; baseline 0.003 -14"><span class='ocrx_word' id='word_1_533' title='bbox 1945 3073 2175 3129; x_wconf 63' lang='lat' dir='ltr'><strong>inventae</strong></span> <span class='ocrx_word' id='word_1_534' title='bbox 2209 3073 2433 3141; x_wconf 81' lang='lat' dir='ltr'><strong>fuerint,</strong></span> <span class='ocrx_word' id='word_1_535' title='bbox 2468 3075 2711 3130; x_wconf 78' lang='lat' dir='ltr'><strong>exactori</strong></span> <span class='ocrx_word' id='word_1_536' title='bbox 2762 3075 2817 3128; x_wconf 90' lang='lat' dir='ltr'><strong>in</strong></span> <span class='ocrx_word' id='word_1_537' title='bbox 2865 3076 3076 3130; x_wconf 90' lang='lat' dir='ltr'><strong>lucrum</strong></span> <span class='ocrx_word' id='word_1_538' title='bbox 3118 3077 3332 3140; x_wconf 82' lang='lat' dir='ltr'><strong>cedent.</strong></span> <span class='ocrx_word' id='word_1_539' title='bbox 3386 3078 3515 3133; x_wconf 84' lang='lat' dir='ltr'><strong>etei</strong></span> 
     </span>
    </p>
   </div>
   <div class='ocr_carea' id='block_1_75' title="bbox 1945 3164 3513 3235">
    <p class='ocr_par' dir='ltr' id='par_1_75' title="bbox 1945 3164 3513 3235">
     <span class='ocr_line' id='line_1_75' title="bbox 1945 3164 3513 3235; baseline 0.004 -21"><span class='ocrx_word' id='word_1_540' title='bbox 1945 3164 2036 3228; x_wconf 90' lang='lat' dir='ltr'><strong>qui</strong></span> <span class='ocrx_word' id='word_1_541' title='bbox 2072 3164 2403 3219; x_wconf 85' lang='lat' dir='ltr'><strong>homicidam</strong></span> <span class='ocrx_word' id='word_1_542' title='bbox 2442 3165 2698 3220; x_wconf 81' lang='lat' dir='ltr'><strong>iudicavit</strong></span> <span class='ocrx_word' id='word_1_543' title='bbox 2722 3181 2789 3220; x_wconf 80' lang='lat' dir='ltr'><strong>ex</strong></span> <span class='ocrx_word' id='word_1_544' title='bbox 2824 3181 2980 3235; x_wconf 81' lang='lat' dir='ltr'><strong>:equo</strong></span> <span class='ocrx_word' id='word_1_545' title='bbox 3012 3167 3156 3221; x_wconf 89' lang='lat' dir='ltr'><strong>inter</strong></span> <span class='ocrx_word' id='word_1_546' title='bbox 3181 3182 3276 3223; x_wconf 90' lang='lat' dir='ltr'><strong>eos</strong></span> <span class='ocrx_word' id='word_1_547' title='bbox 3308 3168 3513 3222; x_wconf 46' lang='lat' dir='ltr'><strong>divisas.</strong></span> 
     </span>
    </p>
   </div>
   <div class='ocr_carea' id='block_1_76' title="bbox 1945 3254 3520 3323">
    <p class='ocr_par' dir='ltr' id='par_1_76' title="bbox 1945 3254 3520 3323">
     <span class='ocr_line' id='line_1_76' title="bbox 1945 3254 3520 3323; baseline 0.004 -13"><span class='ocrx_word' id='word_1_548' title='bbox 1945 3254 2180 3310; x_wconf 88' lang='lat' dir='ltr'><strong>Omnino</strong></span> <span class='ocrx_word' id='word_1_549' title='bbox 2198 3265 2377 3310; x_wconf 88' lang='lat' dir='ltr'><strong>autem</strong></span> <span class='ocrx_word' id='word_1_550' title='bbox 2410 3273 2554 3312; x_wconf 66' lang='lat' dir='ltr'><strong>curae</strong></span> <span class='ocrx_word' id='word_1_551' title='bbox 2578 3258 2682 3311; x_wconf 91' lang='lat' dir='ltr'><strong>erit</strong></span> <span class='ocrx_word' id='word_1_552' title='bbox 2706 3257 2789 3318; x_wconf 87' lang='lat' dir='ltr'><strong>iis,</strong></span> <span class='ocrx_word' id='word_1_553' title='bbox 2818 3258 2905 3323; x_wconf 92' lang='lat' dir='ltr'><strong>qui</strong></span> <span class='ocrx_word' id='word_1_554' title='bbox 2937 3270 3062 3313; x_wconf 90' lang='lat' dir='ltr'><strong>sunt</strong></span> <span class='ocrx_word' id='word_1_555' title='bbox 3092 3260 3145 3313; x_wconf 92' lang='lat' dir='ltr'><strong>in</strong></span> <span class='ocrx_word' id='word_1_556' title='bbox 3176 3260 3520 3316; x_wconf 85' lang='lat' dir='ltr'><strong>sanctissima</strong></span> 
     </span>
    </p>
   </div>
   <div class='ocr_carea' id='block_1_77' title="bbox 1945 3346 3522 3417">
    <p class='ocr_par' dir='ltr' id='par_1_77' title="bbox 1945 3346 3522 3417">
     <span class='ocr_line' id='line_1_77' title="bbox 1945 3346 3522 3417; baseline 0.003 -17"><span class='ocrx_word' id='word_1_557' title='bbox 1945 3346 2140 3417; x_wconf 72' lang='lat' dir='ltr'><strong>Magna</strong></span> <span class='ocrx_word' id='word_1_558' title='bbox 2174 3346 2443 3411; x_wconf 82' lang='lat' dir='ltr'><strong>Ecclesia,</strong></span> <span class='ocrx_word' id='word_1_559' title='bbox 2481 3347 2697 3401; x_wconf 88' lang='lat' dir='ltr'><strong>illorum</strong></span> <span class='ocrx_word' id='word_1_560' title='bbox 2752 3347 3047 3417; x_wconf 82' lang='lat' dir='ltr'><strong>judicibus,</strong></span> <span class='ocrx_word' id='word_1_561' title='bbox 3081 3358 3138 3403; x_wconf 91' lang='lat' dir='ltr'><strong>ut</strong></span> <span class='ocrx_word' id='word_1_562' title='bbox 3173 3365 3296 3405; x_wconf 90' lang='lat' dir='ltr'><strong>cum</strong></span> <span class='ocrx_word' id='word_1_563' title='bbox 3327 3366 3522 3407; x_wconf 78' lang='lat' dir='ltr'><strong>conre-</strong></span> 
     </span>
    </p>
   </div>
   <div class='ocr_carea' id='block_1_78' title="bbox 1945 3438 3519 3511">
    <p class='ocr_par' dir='ltr' id='par_1_78' title="bbox 1945 3438 3519 3511">
     <span class='ocr_line' id='line_1_78' title="bbox 1945 3438 3519 3511; baseline 0.003 -18"><span class='ocrx_word' id='word_1_564' title='bbox 1945 3440 2132 3495; x_wconf 89' lang='lat' dir='ltr'><strong>niente</strong></span> <span class='ocrx_word' id='word_1_565' title='bbox 2160 3440 2420 3493; x_wconf 88' lang='lat' dir='ltr'><strong>canonica</strong></span> <span class='ocrx_word' id='word_1_566' title='bbox 2458 3438 2751 3493; x_wconf 86' lang='lat' dir='ltr'><strong>severitate</strong></span> <span class='ocrx_word' id='word_1_567' title='bbox 2806 3439 3036 3494; x_wconf 89' lang='lat' dir='ltr'><strong>crimina</strong></span> <span class='ocrx_word' id='word_1_568' title='bbox 3074 3440 3237 3495; x_wconf 70' lang='lat' dir='ltr'><strong>caedis</strong></span> <span class='ocrx_word' id='word_1_569' title='bbox 3268 3443 3519 3511; x_wconf 85' lang='lat' dir='ltr'><strong>puniant,</strong></span> 
     </span>
    </p>
   </div>
   <div class='ocr_carea' id='block_1_79' title="bbox 1946 3532 3515 3603">
    <p class='ocr_par' dir='ltr' id='par_1_79' title="bbox 1946 3532 3515 3603">
     <span class='ocr_line' id='line_1_79' title="bbox 1946 3532 3515 3603; baseline 0.002 -18"><span class='ocrx_word' id='word_1_570' title='bbox 1946 3539 2000 3585; x_wconf 86' lang='lat' dir='ltr'><strong>et</strong></span> <span class='ocrx_word' id='word_1_571' title='bbox 2034 3540 2277 3599; x_wconf 88' lang='lat' dir='ltr'><strong>tempora</strong></span> <span class='ocrx_word' id='word_1_572' title='bbox 2308 3546 2413 3586; x_wconf 89' lang='lat' dir='ltr'><strong>non</strong></span> <span class='ocrx_word' id='word_1_573' title='bbox 2460 3542 2665 3585; x_wconf 88' lang='lat' dir='ltr'><strong>temere</strong></span> <span class='ocrx_word' id='word_1_574' title='bbox 2720 3532 3067 3595; x_wconf 84' lang='lat' dir='ltr'><strong>contrahant,</strong></span> <span class='ocrx_word' id='word_1_575' title='bbox 3107 3547 3205 3587; x_wconf 88' lang='lat' dir='ltr'><strong>nec</strong></span> <span class='ocrx_word' id='word_1_576' title='bbox 3232 3534 3515 3603; x_wconf 84' lang='lat' dir='ltr'><strong>plusquam</strong></span> 
     </span>
    </p>
   </div>
   <div class='ocr_carea' id='block_1_80' title="bbox 1946 3621 3521 3689">
    <p class='ocr_par' dir='ltr' id='par_1_80' title="bbox 1946 3621 3521 3689">
     <span class='ocr_line' id='line_1_80' title="bbox 1946 3621 3521 3689; baseline 0.004 -15"><span class='ocrx_word' id='word_1_577' title='bbox 1946 3636 2045 3689; x_wconf 88' lang='lat' dir='ltr'><strong>par</strong></span> <span class='ocrx_word' id='word_1_578' title='bbox 2078 3622 2170 3685; x_wconf 87' lang='lat' dir='ltr'><strong>sit,</strong></span> <span class='ocrx_word' id='word_1_579' title='bbox 2203 3622 2257 3674; x_wconf 94' lang='lat' dir='ltr'><strong>in</strong></span> <span class='ocrx_word' id='word_1_580' title='bbox 2288 3621 2354 3675; x_wconf 88' lang='lat' dir='ltr'><strong>iis</strong></span> <span class='ocrx_word' id='word_1_581' title='bbox 2388 3636 2509 3689; x_wconf 77' lang='lat' dir='ltr'><strong>qua:</strong></span> <span class='ocrx_word' id='word_1_582' title='bbox 2536 3636 2643 3675; x_wconf 87' lang='lat' dir='ltr'><strong>non</strong></span> <span class='ocrx_word' id='word_1_583' title='bbox 2676 3622 2853 3685; x_wconf 82' lang='lat' dir='ltr'><strong>decet,</strong></span> <span class='ocrx_word' id='word_1_584' title='bbox 2886 3636 2943 3675; x_wconf 77' lang='lat' dir='ltr'><strong>se</strong></span> <span class='ocrx_word' id='word_1_585' title='bbox 2973 3622 3119 3676; x_wconf 87' lang='lat' dir='ltr'><strong>lenes</strong></span> <span class='ocrx_word' id='word_1_586' title='bbox 3142 3632 3195 3676; x_wconf 88' lang='lat' dir='ltr'><strong>et</strong></span> <span class='ocrx_word' id='word_1_587' title='bbox 3228 3624 3521 3680; x_wconf 83' lang='lat' dir='ltr'><strong>clementes</strong></span> 
     </span>
    </p>
   </div>
   <div class='ocr_carea' id='block_1_81' title="bbox 1946 3709 3525 3779">
    <p class='ocr_par' dir='ltr' id='par_1_81' title="bbox 1946 3709 3525 3779">
     <span class='ocr_line' id='line_1_81' title="bbox 1946 3709 3525 3779; baseline 0.004 -15"><span class='ocrx_word' id='word_1_588' title='bbox 1946 3719 2224 3779; x_wconf 71' lang='lat' dir='ltr'><strong>pra-stent.</strong></span> <span class='ocrx_word' id='word_1_589' title='bbox 2306 3709 2608 3779; x_wconf 88' lang='lat' dir='ltr'><strong>lmperialis</strong></span> <span class='ocrx_word' id='word_1_590' title='bbox 2676 3720 2856 3765; x_wconf 87' lang='lat' dir='ltr'><strong>autem</strong></span> <span class='ocrx_word' id='word_1_591' title='bbox 2930 3727 3063 3767; x_wconf 73' lang='lat' dir='ltr'><strong>mea:</strong></span> <span class='ocrx_word' id='word_1_592' title='bbox 3118 3717 3525 3771; x_wconf 86' lang='lat' dir='ltr'><strong>constitutionis</strong></span> 
     </span>
    </p>
   </div>
   <div class='ocr_carea' id='block_1_82' title="bbox 1946 3799 3523 3873">
    <p class='ocr_par' dir='ltr' id='par_1_82' title="bbox 1946 3799 3523 3873">
     <span class='ocr_line' id='line_1_82' title="bbox 1946 3799 3523 3873; baseline 0.004 -19"><span class='ocrx_word' id='word_1_593' title='bbox 1946 3800 2215 3869; x_wconf 81' lang='lat' dir='ltr'><strong>exempla,</strong></span> <span class='ocrx_word' id='word_1_594' title='bbox 2248 3799 2318 3855; x_wconf 86' lang='lat' dir='ltr'><strong>ab</strong></span> <span class='ocrx_word' id='word_1_595' title='bbox 2344 3800 2409 3855; x_wconf 83' lang='lat' dir='ltr'><strong>iis</strong></span> <span class='ocrx_word' id='word_1_596' title='bbox 2424 3802 2514 3869; x_wconf 90' lang='lat' dir='ltr'><strong>qui</strong></span> <span class='ocrx_word' id='word_1_597' title='bbox 2539 3812 2776 3870; x_wconf 65' lang='lat' dir='ltr'><strong>praesunt</strong></span> <span class='ocrx_word' id='word_1_598' title='bbox 2799 3802 3019 3871; x_wconf 83' lang='lat' dir='ltr'><strong>judiciis</strong></span> <span class='ocrx_word' id='word_1_599' title='bbox 3037 3803 3328 3873; x_wconf 83' lang='lat' dir='ltr'><strong>descripta,</strong></span> <span class='ocrx_word' id='word_1_600' title='bbox 3357 3807 3523 3863; x_wconf 88' lang='lat' dir='ltr'><strong>missa</strong></span> 
     </span>
    </p>
   </div>
   <div class='ocr_carea' id='block_1_83' title="bbox 1948 3892 3523 3966">
    <p class='ocr_par' dir='ltr' id='par_1_83' title="bbox 1948 3892 3523 3966">
     <span class='ocr_line' id='line_1_83' title="bbox 1948 3892 3523 3966; baseline 0.005 -21"><span class='ocrx_word' id='word_1_601' title='bbox 1948 3892 2015 3945; x_wconf 92' lang='lat' dir='ltr'><strong>ad</strong></span> <span class='ocrx_word' id='word_1_602' title='bbox 2045 3892 2306 3946; x_wconf 87' lang='lat' dir='ltr'><strong>ecclesias</strong></span> <span class='ocrx_word' id='word_1_603' title='bbox 2336 3907 2455 3960; x_wconf 72' lang='lat' dir='ltr'><strong>qua:</strong></span> <span class='ocrx_word' id='word_1_604' title='bbox 2501 3902 2628 3947; x_wconf 89' lang='lat' dir='ltr'><strong>sunt</strong></span> <span class='ocrx_word' id='word_1_605' title='bbox 2666 3894 2718 3949; x_wconf 90' lang='lat' dir='ltr'><strong>in</strong></span> <span class='ocrx_word' id='word_1_606' title='bbox 2769 3895 2988 3964; x_wconf 85' lang='lat' dir='ltr'><strong>regione</strong></span> <span class='ocrx_word' id='word_1_607' title='bbox 3027 3895 3097 3949; x_wconf 86' lang='lat' dir='ltr'><strong>ibi</strong></span> <span class='ocrx_word' id='word_1_608' title='bbox 3150 3907 3523 3966; x_wconf 87' lang='lat' dir='ltr'><strong>repoueutur;</strong></span> 
     </span>
    </p>
   </div>
   <div class='ocr_carea' id='block_1_84' title="bbox 1951 3986 3522 4050">
    <p class='ocr_par' dir='ltr' id='par_1_84' title="bbox 1951 3986 3522 4050">
     <span class='ocr_line' id='line_1_84' title="bbox 1951 3986 3522 4050; baseline 0.003 -14"><span class='ocrx_word' id='word_1_609' title='bbox 1951 3990 2011 4037; x_wconf 89' lang='lat' dir='ltr'><strong>ut</strong></span> <span class='ocrx_word' id='word_1_610' title='bbox 2065 3997 2256 4037; x_wconf 89' lang='lat' dir='ltr'><strong>eorum</strong></span> <span class='ocrx_word' id='word_1_611' title='bbox 2313 3997 2431 4050; x_wconf 69' lang='lat' dir='ltr'><strong>quae</strong></span> <span class='ocrx_word' id='word_1_612' title='bbox 2482 3993 2610 4038; x_wconf 88' lang='lat' dir='ltr'><strong>sunt</strong></span> <span class='ocrx_word' id='word_1_613' title='bbox 2641 3986 2960 4050; x_wconf 86' lang='lat' dir='ltr'><strong>constituta,</strong></span> <span class='ocrx_word' id='word_1_614' title='bbox 3005 4002 3194 4042; x_wconf 86' lang='lat' dir='ltr'><strong>omnes</strong></span> <span class='ocrx_word' id='word_1_615' title='bbox 3238 3991 3522 4044; x_wconf 85' lang='lat' dir='ltr'><strong>scientiam</strong></span> 
     </span>
    </p>
   </div>
   <div class='ocr_carea' id='block_1_85' title="bbox 1949 4073 3525 4151">
    <p class='ocr_par' dir='ltr' id='par_1_85' title="bbox 1949 4073 3525 4151">
     <span class='ocr_line' id='line_1_85' title="bbox 1949 4073 3525 4151; baseline 0.005 -22"><span class='ocrx_word' id='word_1_616' title='bbox 1949 4073 2210 4138; x_wconf 81' lang='lat' dir='ltr'><strong>habeant,</strong></span> <span class='ocrx_word' id='word_1_617' title='bbox 2245 4083 2303 4129; x_wconf 92' lang='lat' dir='ltr'><strong>ut</strong></span> <span class='ocrx_word' id='word_1_618' title='bbox 2333 4075 2540 4130; x_wconf 77' lang='lat' dir='ltr'><strong>faciant</strong></span> <span class='ocrx_word' id='word_1_619' title='bbox 2566 4078 3023 4145; x_wconf 86' lang='lat' dir='ltr'><strong>quemadmodum</strong></span> <span class='ocrx_word' id='word_1_620' title='bbox 3058 4081 3137 4133; x_wconf 89' lang='lat' dir='ltr'><strong>eis</strong></span> <span class='ocrx_word' id='word_1_621' title='bbox 3168 4083 3525 4151; x_wconf 85' lang='lat' dir='ltr'><strong>comprehen-</strong></span> 
     </span>
    </p>
   </div>
   <div class='ocr_carea' id='block_1_86' title="bbox 1948 4164 3524 4237">
    <p class='ocr_par' dir='ltr' id='par_1_86' title="bbox 1948 4164 3524 4237">
     <span class='ocr_line' id='line_1_86' title="bbox 1948 4164 3524 4237; baseline 0.006 -18"><span class='ocrx_word' id='word_1_622' title='bbox 1948 4164 2117 4219; x_wconf 91' lang='lat' dir='ltr'><strong>ditur.</strong></span> <span class='ocrx_word' id='word_1_623' title='bbox 2153 4164 2311 4232; x_wconf 86' lang='lat' dir='ltr'><strong>Quod</strong></span> <span class='ocrx_word' id='word_1_624' title='bbox 2338 4166 2383 4221; x_wconf 89' lang='lat' dir='ltr'><strong>si</strong></span> <span class='ocrx_word' id='word_1_625' title='bbox 2415 4166 2463 4222; x_wconf 88' lang='lat' dir='ltr'><strong>is</strong></span> <span class='ocrx_word' id='word_1_626' title='bbox 2517 4168 2608 4235; x_wconf 90' lang='lat' dir='ltr'><strong>qui</strong></span> <span class='ocrx_word' id='word_1_627' title='bbox 2636 4178 2794 4237; x_wconf 90' lang='lat' dir='ltr'><strong>capto</strong></span> <span class='ocrx_word' id='word_1_628' title='bbox 2844 4169 3070 4223; x_wconf 89' lang='lat' dir='ltr'><strong>consilio</strong></span> <span class='ocrx_word' id='word_1_629' title='bbox 3102 4172 3303 4224; x_wconf 66' lang='lat' dir='ltr'><strong>caedem</strong></span> <span class='ocrx_word' id='word_1_630' title='bbox 3360 4174 3524 4237; x_wconf 83' lang='lat' dir='ltr'><strong>fecit,</strong></span> 
     </span>
    </p>
   </div>
   <div class='ocr_carea' id='block_1_87' title="bbox 1948 4259 3525 4333">
    <p class='ocr_par' dir='ltr' id='par_1_87' title="bbox 1948 4259 3525 4333">
     <span class='ocr_line' id='line_1_87' title="bbox 1948 4259 3525 4333; baseline 0.008 -23"><span class='ocrx_word' id='word_1_631' title='bbox 1948 4265 2230 4311; x_wconf 87' lang='lat' dir='ltr'><strong>tonsuram</strong></span> <span class='ocrx_word' id='word_1_632' title='bbox 2282 4274 2378 4314; x_wconf 91' lang='lat' dir='ltr'><strong>sua</strong></span> <span class='ocrx_word' id='word_1_633' title='bbox 2414 4269 2606 4329; x_wconf 88' lang='lat' dir='ltr'><strong>sponte</strong></span> <span class='ocrx_word' id='word_1_634' title='bbox 2639 4259 2885 4328; x_wconf 87' lang='lat' dir='ltr'><strong>elegerit,</strong></span> <span class='ocrx_word' id='word_1_635' title='bbox 2930 4276 3035 4316; x_wconf 93' lang='lat' dir='ltr'><strong>non</strong></span> <span class='ocrx_word' id='word_1_636' title='bbox 3091 4263 3293 4333; x_wconf 86' lang='lat' dir='ltr'><strong>absque</strong></span> <span class='ocrx_word' id='word_1_637' title='bbox 3324 4269 3525 4333; x_wconf 85' lang='lat' dir='ltr'><strong>proba-</strong></span> 
     </span>
    </p>
   </div>
   <div class='ocr_carea' id='block_1_88' title="bbox 1948 4347 3523 4419">
    <p class='ocr_par' dir='ltr' id='par_1_88' title="bbox 1948 4347 3523 4419">
     <span class='ocr_line' id='line_1_88' title="bbox 1948 4347 3523 4419; baseline 0.01 -20"><span class='ocrx_word' id='word_1_638' title='bbox 1948 4347 2093 4402; x_wconf 86' lang='lat' dir='ltr'><strong>tione</strong></span> <span class='ocrx_word' id='word_1_639' title='bbox 2130 4349 2274 4403; x_wconf 88' lang='lat' dir='ltr'><strong>inter</strong></span> <span class='ocrx_word' id='word_1_640' title='bbox 2328 4352 2626 4404; x_wconf 88' lang='lat' dir='ltr'><strong>monachos</strong></span> <span class='ocrx_word' id='word_1_641' title='bbox 2677 4353 3048 4419; x_wconf 85' lang='lat' dir='ltr'><strong>cooptabitur,</strong></span> <span class='ocrx_word' id='word_1_642' title='bbox 3084 4357 3175 4409; x_wconf 85' lang='lat' dir='ltr'><strong>sed</strong></span> <span class='ocrx_word' id='word_1_643' title='bbox 3238 4358 3523 4414; x_wconf 82' lang='lat' dir='ltr'><strong>sumcienti</strong></span> 
     </span>
    </p>
   </div>
   <div class='ocr_carea' id='block_1_89' title="bbox 260 4437 1928 4515">
    <p class='ocr_par' dir='ltr' id='par_1_89' title="bbox 260 4437 1843 4515">
     <span class='ocr_line' id='line_1_89' title="bbox 260 4437 1843 4515; baseline 0.008 -28"><span class='ocrx_word' id='word_1_644' title='bbox 260 4437 375 4489; x_wconf 76' lang='grc' dir='ltr'><strong>τῶν</strong></span> <span class='ocrx_word' id='word_1_645' title='bbox 436 4437 807 4507; x_wconf 77' lang='grc' dir='ltr'>δικαστηρίοιν</span> <span class='ocrx_word' id='word_1_646' title='bbox 863 4438 1241 4494; x_wconf 79' lang='grc' dir='ltr'>ἀποσταλέντα</span> <span class='ocrx_word' id='word_1_647' title='bbox 1294 4442 1417 4503; x_wconf 79' lang='grc' dir='ltr'>ταῖς</span> <span class='ocrx_word' id='word_1_648' title='bbox 1468 4444 1609 4496; x_wconf 81' lang='grc' dir='ltr'>κατά</span> <span class='ocrx_word' id='word_1_649' title='bbox 1658 4446 1843 4515; x_wconf 82' lang='grc' dir='ltr'>χώραν</span> 
     </span>
    </p>
   </div>
   <div class='ocr_carea' id='block_1_90' title="bbox 1853 4437 3521 4515">
    <p class='ocr_par' dir='ltr' id='par_1_90' title="bbox 1951 4441 3521 4513">
     <span class='ocr_line' id='line_1_90' title="bbox 1951 4441 3521 4513; baseline 0.008 -20"><span class='ocrx_word' id='word_1_650' title='bbox 1951 4449 2195 4507; x_wconf 88' lang='lat' dir='ltr'><strong>tempore</strong></span> <span class='ocrx_word' id='word_1_651' title='bbox 2213 4441 2619 4495; x_wconf 85' lang='lat' dir='ltr'><strong>accuratissime</strong></span> <span class='ocrx_word' id='word_1_652' title='bbox 2642 4452 2691 4495; x_wconf 93' lang='lat' dir='ltr'><strong>et</strong></span> <span class='ocrx_word' id='word_1_653' title='bbox 2712 4444 3126 4513; x_wconf 88' lang='lat' dir='ltr'><strong>diligentissime</strong></span> <span class='ocrx_word' id='word_1_654' title='bbox 3148 4462 3213 4502; x_wconf 82' lang='lat' dir='ltr'><strong>ex</strong></span> <span class='ocrx_word' id='word_1_655' title='bbox 3249 4451 3521 4506; x_wconf 86' lang='lat' dir='ltr'><strong>canonicis</strong></span> 
     </span>
    </p>
   </div>
   <div class='ocr_carea' id='block_1_91' title="bbox 262 4529 1930 4607">
    <p class='ocr_par' dir='ltr' id='par_1_91' title="bbox 262 4529 1914 4607">
     <span class='ocr_line' id='line_1_91' title="bbox 262 4529 1914 4607; baseline 0.007 -28"><span class='ocrx_word' id='word_1_656' title='bbox 262 4530 586 4597; x_wconf 69' lang='grc' dir='ltr'>ἐκκλησίαις</span> <span class='ocrx_word' id='word_1_657' title='bbox 613 4529 1014 4599; x_wconf 88' lang='grc' dir='ltr'>ἀποτεθήσεται</span> <span class='ocrx_word' id='word_1_658' title='bbox 1036 4547 1048 4561; x_wconf 95' lang='grc'><strong>·</strong></span> <span class='ocrx_word' id='word_1_659' title='bbox 1071 4532 1213 4584; x_wconf 80' lang='grc' dir='ltr'>ὥστε</span> <span class='ocrx_word' id='word_1_660' title='bbox 1240 4534 1447 4596; x_wconf 87' lang='grc' dir='ltr'>πάντας</span> <span class='ocrx_word' id='word_1_661' title='bbox 1473 4534 1679 4606; x_wconf 71' lang='grc' dir='ltr'>εἴδησιν</span> <span class='ocrx_word' id='word_1_662' title='bbox 1698 4536 1843 4607; x_wconf 77' lang='grc' dir='ltr'>ἔχειν</span> <span class='ocrx_word' id='word_1_663' title='bbox 1873 4543 1914 4597; x_wconf 94' lang='lat' dir='ltr'>D</span> 
     </span>
    </p>
   </div>
   <div class='ocr_carea' id='block_1_92' title="bbox 1854 4529 3522 4607">
    <p class='ocr_par' dir='ltr' id='par_1_92' title="bbox 1873 4529 3522 4604">
     <span class='ocr_line' id='line_1_92' title="bbox 1873 4529 3522 4604; baseline 0.007 -22"><span class='ocrx_word' id='word_1_664' title='bbox 1873 4543 1914 4597; x_wconf 82' lang='lat' dir='ltr'><strong>D</strong></span> <span class='ocrx_word' id='word_1_665' title='bbox 1951 4529 2433 4584; x_wconf 81' lang='lat' dir='ltr'><strong>constitutionibus</strong></span> <span class='ocrx_word' id='word_1_666' title='bbox 2477 4533 2845 4595; x_wconf 81' lang='lat' dir='ltr'><strong>examinatus,</strong></span> <span class='ocrx_word' id='word_1_667' title='bbox 2896 4546 2951 4588; x_wconf 85' lang='lat' dir='ltr'><strong>et</strong></span> <span class='ocrx_word' id='word_1_668' title='bbox 2996 4538 3276 4604; x_wconf 88' lang='lat' dir='ltr'><strong>probatus,</strong></span> <span class='ocrx_word' id='word_1_669' title='bbox 3328 4539 3378 4592; x_wconf 90' lang='lat' dir='ltr'><strong>in</strong></span> <span class='ocrx_word' id='word_1_670' title='bbox 3407 4555 3522 4594; x_wconf 89' lang='lat' dir='ltr'><strong>mo-</strong></span> 
     </span>
    </p>
   </div>
   <div class='ocr_carea' id='block_1_93' title="bbox 262 4620 1930 4697">
    <p class='ocr_par' dir='ltr' id='par_1_93' title="bbox 262 4620 1837 4696">
     <span class='ocr_line' id='line_1_93' title="bbox 262 4620 1837 4696; baseline 0.009 -25"><span class='ocrx_word' id='word_1_671' title='bbox 262 4620 375 4671; x_wconf 83' lang='grc' dir='ltr'><strong>τῶν</strong></span> <span class='ocrx_word' id='word_1_672' title='bbox 413 4622 809 4690; x_wconf 80' lang='grc' dir='ltr'>διωρισμένων,</span> <span class='ocrx_word' id='word_1_673' title='bbox 856 4622 932 4684; x_wconf 85' lang='grc' dir='ltr'>ὼς</span> <span class='ocrx_word' id='word_1_674' title='bbox 973 4622 1040 4675; x_wconf 84' lang='grc' dir='ltr'>ἂν</span> <span class='ocrx_word' id='word_1_675' title='bbox 1084 4624 1282 4677; x_wconf 84' lang='grc' dir='ltr'>ποιῶσι</span> <span class='ocrx_word' id='word_1_676' title='bbox 1324 4627 1467 4678; x_wconf 87' lang='grc' dir='ltr'><strong>κατά</strong></span> <span class='ocrx_word' id='word_1_677' title='bbox 1503 4626 1603 4696; x_wconf 85' lang='grc' dir='ltr'>τὴν</span> <span class='ocrx_word' id='word_1_678' title='bbox 1631 4631 1837 4686; x_wconf 87' lang='grc' dir='ltr'>τούτων</span> 
     </span>
    </p>
   </div>
   <div class='ocr_carea' id='block_1_94' title="bbox 1856 4620 3524 4697">
    <p class='ocr_par' dir='ltr' id='par_1_94' title="bbox 1947 4620 3524 4697">
     <span class='ocr_line' id='line_1_94' title="bbox 1947 4620 3524 4697; baseline 0.01 -25"><span class='ocrx_word' id='word_1_679' title='bbox 1947 4620 2191 4674; x_wconf 89' lang='lat' dir='ltr'><strong>nasterio</strong></span> <span class='ocrx_word' id='word_1_680' title='bbox 2247 4620 2331 4674; x_wconf 80' lang='lat' dir='ltr'><strong>vel</strong></span> <span class='ocrx_word' id='word_1_681' title='bbox 2389 4622 2592 4678; x_wconf 83' lang='lat' dir='ltr'><strong>invitus</strong></span> <span class='ocrx_word' id='word_1_682' title='bbox 2642 4633 2756 4679; x_wconf 88' lang='lat' dir='ltr'><strong>toto</strong></span> <span class='ocrx_word' id='word_1_683' title='bbox 2818 4627 2940 4680; x_wconf 78' lang='lat' dir='ltr'><strong>vita:</strong></span> <span class='ocrx_word' id='word_1_684' title='bbox 3000 4638 3240 4697; x_wconf 91' lang='lat' dir='ltr'><strong>tempore</strong></span> <span class='ocrx_word' id='word_1_685' title='bbox 3305 4646 3524 4687; x_wconf 91' lang='lat' dir='ltr'><strong>manere</strong></span> 
     </span>
    </p>
   </div>
   <div class='ocr_carea' id='block_1_95' title="bbox 261 4713 1929 4791">
    <p class='ocr_par' dir='ltr' id='par_1_95' title="bbox 261 4713 1835 4790">
     <span class='ocr_line' id='line_1_95' title="bbox 261 4713 1835 4790; baseline 0.01 -28"><span class='ocrx_word' id='word_1_686' title='bbox 261 4713 583 4781; x_wconf 74' lang='grc' dir='ltr'>περίληψιν.</span> <span class='ocrx_word' id='word_1_687' title='bbox 614 4714 785 4781; x_wconf 84' lang='grc' dir='ltr'>Είπερ</span> <span class='ocrx_word' id='word_1_688' title='bbox 817 4715 999 4782; x_wconf 90' lang='grc' dir='ltr'>μέντοι</span> <span class='ocrx_word' id='word_1_689' title='bbox 1023 4715 1051 4767; x_wconf 87' lang='grc' dir='ltr'><strong>ό</strong></span> <span class='ocrx_word' id='word_1_690' title='bbox 1080 4716 1172 4769; x_wconf 84' lang='grc' dir='ltr'>τὸν</span> <span class='ocrx_word' id='word_1_691' title='bbox 1208 4716 1649 4787; x_wconf 82' lang='grc' dir='ltr'>μεμελετημένον</span> <span class='ocrx_word' id='word_1_692' title='bbox 1676 4723 1835 4790; x_wconf 82' lang='grc' dir='ltr'>φόνον</span> 
     </span>
    </p>
   </div>
   <div class='ocr_carea' id='block_1_96' title="bbox 1852 4713 3520 4791">
    <p class='ocr_par' dir='ltr' id='par_1_96' title="bbox 1943 4714 3520 4791">
     <span class='ocr_line' id='line_1_96' title="bbox 1943 4714 3520 4791; baseline 0.009 -26"><span class='ocrx_word' id='word_1_693' title='bbox 1943 4721 2191 4782; x_wconf 87' lang='lat' dir='ltr'><strong>cogetur,</strong></span> <span class='ocrx_word' id='word_1_694' title='bbox 2229 4728 2333 4769; x_wconf 91' lang='lat' dir='ltr'><strong>nec</strong></span> <span class='ocrx_word' id='word_1_695' title='bbox 2372 4714 2419 4769; x_wconf 93' lang='lat' dir='ltr'><strong>ei</strong></span> <span class='ocrx_word' id='word_1_696' title='bbox 2478 4730 2713 4784; x_wconf 89' lang='lat' dir='ltr'><strong>unquam</strong></span> <span class='ocrx_word' id='word_1_697' title='bbox 2760 4716 2906 4772; x_wconf 91' lang='lat' dir='ltr'><strong>illine</strong></span> <span class='ocrx_word' id='word_1_698' title='bbox 2952 4721 3103 4775; x_wconf 84' lang='lat' dir='ltr'><strong>exire</strong></span> <span class='ocrx_word' id='word_1_699' title='bbox 3155 4726 3520 4791; x_wconf 74' lang='lat' dir='ltr'><strong>permittatur.</strong></span> 
     </span>
    </p>
   </div>
   <div class='ocr_carea' id='block_1_97' title="bbox 262 4802 1930 4884">
    <p class='ocr_par' dir='ltr' id='par_1_97' title="bbox 262 4805 1834 4880">
     <span class='ocr_line' id='line_1_97' title="bbox 262 4805 1834 4880; baseline 0.007 -25"><span class='ocrx_word' id='word_1_700' title='bbox 262 4805 641 4873; x_wconf 83' lang='grc' dir='ltr'>ἐργασάμενος</span> <span class='ocrx_word' id='word_1_701' title='bbox 687 4806 949 4867; x_wconf 81' lang='grc' dir='ltr'>ἑκουσίως</span> <span class='ocrx_word' id='word_1_702' title='bbox 1001 4806 1177 4859; x_wconf 79' lang='grc' dir='ltr'>ἱλοιτο</span> <span class='ocrx_word' id='word_1_703' title='bbox 1216 4808 1318 4876; x_wconf 79' lang='grc' dir='ltr'>τὴν</span> <span class='ocrx_word' id='word_1_704' title='bbox 1360 4809 1689 4880; x_wconf 87' lang='grc' dir='ltr'>ἀπόκαρσιν,</span> <span class='ocrx_word' id='word_1_705' title='bbox 1732 4815 1834 4867; x_wconf 81' lang='grc' dir='ltr'>οὐκ</span> 
     </span>
    </p>
   </div>
   <div class='ocr_carea' id='block_1_98' title="bbox 1850 4802 3518 4884">
    <p class='ocr_par' dir='ltr' id='par_1_98' title="bbox 1942 4802 3518 4884">
     <span class='ocr_line' id='line_1_98' title="bbox 1942 4802 3518 4884; baseline 0.009 -29"><span class='ocrx_word' id='word_1_706' title='bbox 1942 4802 2331 4858; x_wconf 79' lang='lat' dir='ltr'><strong>Mouasteriu‘m</strong></span> <span class='ocrx_word' id='word_1_707' title='bbox 2366 4813 2546 4858; x_wconf 90' lang='lat' dir='ltr'><strong>autem</strong></span> <span class='ocrx_word' id='word_1_708' title='bbox 2576 4807 2680 4861; x_wconf 90' lang='lat' dir='ltr'><strong>erit</strong></span> <span class='ocrx_word' id='word_1_709' title='bbox 2711 4810 2933 4865; x_wconf 91' lang='lat' dir='ltr'><strong>omnino</strong></span> <span class='ocrx_word' id='word_1_710' title='bbox 2966 4812 3019 4864; x_wconf 89' lang='lat' dir='ltr'><strong>in</strong></span> <span class='ocrx_word' id='word_1_711' title='bbox 3053 4811 3157 4866; x_wconf 89' lang='lat' dir='ltr'><strong>alia</strong></span> <span class='ocrx_word' id='word_1_712' title='bbox 3212 4815 3518 4884; x_wconf 85' lang='lat' dir='ltr'><strong>provincia.</strong></span> 
     </span>
    </p>
   </div>
   <div class='ocr_carea' id='block_1_99' title="bbox 261 4895 1929 4974">
    <p class='ocr_par' dir='ltr' id='par_1_99' title="bbox 261 4895 1833 4970">
     <span class='ocr_line' id='line_1_99' title="bbox 261 4895 1833 4970; baseline 0.008 -23"><span class='ocrx_word' id='word_1_713' title='bbox 261 4895 648 4963; x_wconf 84' lang='grc' dir='ltr'>ἀδοκιμάστως</span> <span class='ocrx_word' id='word_1_714' title='bbox 681 4898 791 4957; x_wconf 84' lang='grc' dir='ltr'>τοῖς</span> <span class='ocrx_word' id='word_1_715' title='bbox 834 4899 1085 4965; x_wconf 82' lang='grc' dir='ltr'>μοναχοίς</span> <span class='ocrx_word' id='word_1_716' title='bbox 1129 4899 1650 4970; x_wconf 77' lang='grc' dir='ltr'>ἐγκαταλεγήσεται,</span> <span class='ocrx_word' id='word_1_717' title='bbox 1693 4904 1833 4959; x_wconf 79' lang='grc' dir='ltr'>ἀλλὰ</span> 
     </span>
    </p>
   </div>
   <div class='ocr_carea' id='block_1_100' title="bbox 1851 4895 3519 4974">
    <p class='ocr_par' dir='ltr' id='par_1_100' title="bbox 1943 4899 3519 4974">
     <span class='ocr_line' id='line_1_100' title="bbox 1943 4899 3519 4974; baseline 0.008 -23"><span class='ocrx_word' id='word_1_718' title='bbox 1943 4908 1996 4951; x_wconf 93' lang='lat' dir='ltr'><strong>et</strong></span> <span class='ocrx_word' id='word_1_719' title='bbox 2027 4913 2129 4951; x_wconf 87' lang='lat' dir='ltr'><strong>non</strong></span> <span class='ocrx_word' id='word_1_720' title='bbox 2149 4899 2200 4949; x_wconf 91' lang='lat' dir='ltr'><strong>in</strong></span> <span class='ocrx_word' id='word_1_721' title='bbox 2228 4912 2291 4950; x_wconf 87' lang='lat' dir='ltr'><strong>ea</strong></span> <span class='ocrx_word' id='word_1_722' title='bbox 2314 4907 2456 4951; x_wconf 90' lang='lat' dir='ltr'><strong>terra</strong></span> <span class='ocrx_word' id='word_1_723' title='bbox 2485 4914 2607 4967; x_wconf 78' lang='lat' dir='ltr'><strong>qua:</strong></span> <span class='ocrx_word' id='word_1_724' title='bbox 2635 4900 2831 4954; x_wconf 87' lang='lat' dir='ltr'><strong>mortui</strong></span> <span class='ocrx_word' id='word_1_725' title='bbox 2858 4905 3180 4974; x_wconf 86' lang='lat' dir='ltr'><strong>sanguinem</strong></span> <span class='ocrx_word' id='word_1_726' title='bbox 3230 4908 3519 4963; x_wconf 82' lang='lat' dir='ltr'><strong>dehiscens</strong></span> 
     </span>
    </p>
   </div>
   <div class='ocr_carea' id='block_1_101' title="bbox 262 4985 1930 5064">
    <p class='ocr_par' dir='ltr' id='par_1_101' title="bbox 262 4985 1831 5064">
     <span class='ocr_line' id='line_1_101' title="bbox 262 4985 1831 5064; baseline 0.009 -29"><span class='ocrx_word' id='word_1_727' title='bbox 262 4986 403 5050; x_wconf 84' lang='grc' dir='ltr'><strong>μετά</strong></span> <span class='ocrx_word' id='word_1_728' title='bbox 430 4986 632 5053; x_wconf 83' lang='grc' dir='ltr'>πολλῆς</span> <span class='ocrx_word' id='word_1_729' title='bbox 657 4985 941 5055; x_wconf 76' lang='grc' dir='ltr'>ἀκριϐείας</span> <span class='ocrx_word' id='word_1_730' title='bbox 970 4990 1064 5040; x_wconf 80' lang='grc' dir='ltr'>καὶ</span> <span class='ocrx_word' id='word_1_731' title='bbox 1111 4986 1410 5053; x_wconf 76' lang='grc' dir='ltr'>ἐξετάσεως</span> <span class='ocrx_word' id='word_1_732' title='bbox 1437 4991 1528 5045; x_wconf 85' lang='grc' dir='ltr'>τὸν</span> <span class='ocrx_word' id='word_1_733' title='bbox 1555 4993 1831 5064; x_wconf 80' lang='grc' dir='ltr'>ἀρκοῦντα</span> 
     </span>
    </p>
   </div>
   <div class='ocr_carea' id='block_1_102' title="bbox 687 4985 2355 5064">
    <p class='ocr_par' dir='ltr' id='par_1_102' title="bbox 687 4985 2355 5064">
     <span class='ocr_line' id='line_1_102' title="bbox 687 4985 2355 5064; baseline 0.003 -27"><span class='ocrx_word' id='word_1_734' title='bbox 687 4985 941 5055; x_wconf 73' lang='grc' dir='ltr'>ικριόείας</span> <span class='ocrx_word' id='word_1_735' title='bbox 970 4990 1064 5040; x_wconf 80' lang='grc' dir='ltr'>καὶ</span> <span class='ocrx_word' id='word_1_736' title='bbox 1111 4986 1410 5053; x_wconf 76' lang='grc' dir='ltr'>ἐξετάσεως</span> <span class='ocrx_word' id='word_1_737' title='bbox 1437 4991 1528 5045; x_wconf 85' lang='grc' dir='ltr'>τὸν</span> <span class='ocrx_word' id='word_1_738' title='bbox 1555 4993 1831 5064; x_wconf 80' lang='grc' dir='ltr'>ἀρκοῦντα</span> <span class='ocrx_word' id='word_1_739' title='bbox 1942 4991 2079 5047; x_wconf 83' lang='lat' dir='ltr'><strong>male</strong></span> <span class='ocrx_word' id='word_1_740' title='bbox 2100 4988 2355 5057; x_wconf 85' lang='lat' dir='ltr'><strong>suscepit.</strong></span> 
     </span>
    </p>
   </div>
   <div class='ocr_carea' id='block_1_103' title="bbox 259 5078 3514 5163">
    <p class='ocr_par' dir='ltr' id='par_1_103' title="bbox 259 5078 3514 5163">
     <span class='ocr_line' id='line_1_103' title="bbox 259 5078 3514 5163; baseline 0.006 -34"><span class='ocrx_word' id='word_1_741' title='bbox 259 5078 457 5147; x_wconf 85' lang='grc' dir='ltr'>χρόνον</span> <span class='ocrx_word' id='word_1_742' title='bbox 492 5079 630 5129; x_wconf 89' lang='grc' dir='ltr'><strong>κατά</strong></span> <span class='ocrx_word' id='word_1_743' title='bbox 670 5079 767 5141; x_wconf 86' lang='grc' dir='ltr'><strong>τάς</strong></span> <span class='ocrx_word' id='word_1_744' title='bbox 790 5080 1082 5143; x_wconf 88' lang='grc' dir='ltr'>κανονικάς</span> <span class='ocrx_word' id='word_1_745' title='bbox 1097 5081 1369 5146; x_wconf 81' lang='grc' dir='ltr'>διατάξεις</span> <span class='ocrx_word' id='word_1_746' title='bbox 1390 5083 1838 5157; x_wconf 75' lang='grc' dir='ltr'>βασανιζόμενος.</span> <span class='ocrx_word' id='word_1_747' title='bbox 1874 5087 1965 5157; x_wconf 79' lang='grc' dir='ltr'><strong>Τῷ</strong></span> <span class='ocrx_word' id='word_1_748' title='bbox 2000 5086 2184 5155; x_wconf 88' lang='grc' dir='ltr'>μέντοι</span> <span class='ocrx_word' id='word_1_749' title='bbox 2217 5084 2569 5154; x_wconf 87' lang='grc' dir='ltr'>μοναστηρίῳ</span> <span class='ocrx_word' id='word_1_750' title='bbox 2621 5084 2714 5137; x_wconf 82' lang='grc' dir='ltr'>καὶ</span> <span class='ocrx_word' id='word_1_751' title='bbox 2748 5086 2898 5139; x_wconf 82' lang='grc' dir='ltr'>ἄκων</span> <span class='ocrx_word' id='word_1_752' title='bbox 2951 5091 3281 5158; x_wconf 84' lang='grc' dir='ltr'>προσμένειν</span> <span class='ocrx_word' id='word_1_753' title='bbox 3342 5096 3514 5163; x_wconf 82' lang='grc' dir='ltr'>ἀναγ-</span> 
     </span>
    </p>
   </div>
   <div class='ocr_carea' id='block_1_104' title="bbox 260 5169 3517 5253">
    <p class='ocr_par' dir='ltr' id='par_1_104' title="bbox 260 5169 3517 5253">
     <span class='ocr_line' id='line_1_104' title="bbox 260 5169 3517 5253; baseline 0.006 -31"><span class='ocrx_word' id='word_1_754' title='bbox 260 5171 597 5239; x_wconf 74' lang='grc' dir='ltr'>κασθήσεται</span> <span class='ocrx_word' id='word_1_755' title='bbox 630 5170 759 5238; x_wconf 88' lang='grc' dir='ltr'>παρ’</span> <span class='ocrx_word' id='word_1_756' title='bbox 802 5169 923 5223; x_wconf 83' lang='grc' dir='ltr'>ὅλον</span> <span class='ocrx_word' id='word_1_757' title='bbox 970 5172 1061 5223; x_wconf 84' lang='grc' dir='ltr'>τὸν</span> <span class='ocrx_word' id='word_1_758' title='bbox 1092 5172 1192 5241; x_wconf 80' lang='grc' dir='ltr'>τῆς</span> <span class='ocrx_word' id='word_1_759' title='bbox 1232 5175 1377 5243; x_wconf 77' lang='grc' dir='ltr'>ζωῆς</span> <span class='ocrx_word' id='word_1_760' title='bbox 1415 5177 1580 5230; x_wconf 78' lang='grc' dir='ltr'>αὑτοῦ</span> <span class='ocrx_word' id='word_1_761' title='bbox 1638 5181 1849 5249; x_wconf 83' lang='grc' dir='ltr'>χρόνον,</span> <span class='ocrx_word' id='word_1_762' title='bbox 1890 5182 2160 5250; x_wconf 87' lang='grc' dir='ltr'>μηδέποτε</span> <span class='ocrx_word' id='word_1_763' title='bbox 2190 5177 2382 5229; x_wconf 89' lang='grc' dir='ltr'>τούτου</span> <span class='ocrx_word' id='word_1_764' title='bbox 2413 5176 2731 5247; x_wconf 80' lang='grc' dir='ltr'>ἐξέρχεσθαι</span> <span class='ocrx_word' id='word_1_765' title='bbox 2774 5183 3245 5251; x_wconf 72' lang='grc' dir='ltr'>συγχωρούμενοσ.</span> <span class='ocrx_word' id='word_1_766' title='bbox 3294 5186 3517 5253; x_wconf 87' lang='grc' dir='ltr'>Πάντως</span> 
     </span>
    </p>
   </div>
   <div class='ocr_carea' id='block_1_105' title="bbox 256 5263 3521 5346">
    <p class='ocr_par' dir='ltr' id='par_1_105' title="bbox 256 5263 3521 5346">
     <span class='ocr_line' id='line_1_105' title="bbox 256 5263 3521 5346; baseline 0.004 -30"><span class='ocrx_word' id='word_1_767' title='bbox 256 5266 313 5317; x_wconf 75' lang='grc' dir='ltr'>δὲ</span> <span class='ocrx_word' id='word_1_768' title='bbox 349 5266 408 5317; x_wconf 82' lang='grc' dir='ltr'>τὸ</span> <span class='ocrx_word' id='word_1_769' title='bbox 438 5263 801 5332; x_wconf 83' lang='grc' dir='ltr'>μοναστήριον</span> <span class='ocrx_word' id='word_1_770' title='bbox 820 5265 879 5314; x_wconf 83' lang='grc' dir='ltr'><strong>ἐν</strong></span> <span class='ocrx_word' id='word_1_771' title='bbox 905 5263 1068 5334; x_wconf 76' lang='grc' dir='ltr'>ἑτέρᾳ</span> <span class='ocrx_word' id='word_1_772' title='bbox 1106 5264 1260 5317; x_wconf 73' lang='grc' dir='ltr'>ἔσται</span> <span class='ocrx_word' id='word_1_773' title='bbox 1301 5268 1564 5338; x_wconf 70' lang='grc' dir='ltr'>ἐπαρχίᾳ,</span> <span class='ocrx_word' id='word_1_774' title='bbox 1605 5272 1697 5324; x_wconf 76' lang='grc' dir='ltr'>καὶ</span> <span class='ocrx_word' id='word_1_775' title='bbox 1728 5273 1829 5323; x_wconf 76' lang='grc' dir='ltr'>οὐκ</span> <span class='ocrx_word' id='word_1_776' title='bbox 1860 5274 1917 5324; x_wconf 91' lang='grc' dir='ltr'><strong>ἐν</strong></span> <span class='ocrx_word' id='word_1_777' title='bbox 1954 5272 2142 5343; x_wconf 83' lang='grc' dir='ltr'>ἐκείνῃ</span> <span class='ocrx_word' id='word_1_778' title='bbox 2183 5271 2249 5338; x_wconf 77' lang='grc' dir='ltr'><strong>τῇ</strong></span> <span class='ocrx_word' id='word_1_779' title='bbox 2290 5270 2381 5337; x_wconf 80' lang='grc' dir='ltr'>γῇ,</span> <span class='ocrx_word' id='word_1_780' title='bbox 2427 5269 2461 5335; x_wconf 69' lang='grc' dir='ltr'><strong>ἢ</strong></span> <span class='ocrx_word' id='word_1_781' title='bbox 2492 5269 2553 5319; x_wconf 74' lang='grc' dir='ltr'>τὸ</span> <span class='ocrx_word' id='word_1_782' title='bbox 2604 5268 2700 5322; x_wconf 73' lang='grc' dir='ltr'><strong>τοῦ</strong></span> <span class='ocrx_word' id='word_1_783' title='bbox 2752 5270 3006 5334; x_wconf 82' lang='grc' dir='ltr'>θανόντος</span> <span class='ocrx_word' id='word_1_784' title='bbox 3066 5269 3204 5344; x_wconf 80' lang='grc' dir='ltr'>αἷμα</span> <span class='ocrx_word' id='word_1_785' title='bbox 3279 5279 3521 5346; x_wconf 78' lang='grc' dir='ltr'>χανοῦσα</span> 
     </span>
    </p>
   </div>
   <div class='ocr_carea' id='block_1_106' title="bbox 256 5354 806 5421">
    <p class='ocr_par' dir='ltr' id='par_1_106' title="bbox 256 5354 806 5421">
     <span class='ocr_line' id='line_1_106' title="bbox 256 5354 806 5421; baseline 0.004 -13"><span class='ocrx_word' id='word_1_786' title='bbox 256 5356 445 5419; x_wconf 85' lang='grc' dir='ltr'>κακῶς</span> <span class='ocrx_word' id='word_1_787' title='bbox 489 5356 520 5407; x_wconf 81' lang='grc' dir='ltr'>ὑ</span> <span class='ocrx_word' id='word_1_788' title='bbox 532 5354 650 5407; x_wconf 84' lang='grc' dir='ltr'>πεδέ</span> <span class='ocrx_word' id='word_1_789' title='bbox 658 5356 806 5421; x_wconf 81' lang='grc' dir='ltr'>ξατο.</span> 
     </span>
    </p>
   </div>
   <div class='ocr_carea' id='block_1_107' title="bbox 326 5452 1994 5532">
    <p class='ocr_par' dir='ltr' id='par_1_107' title="bbox 326 5452 1837 5531">
     <span class='ocr_line' id='line_1_107' title="bbox 326 5452 1837 5531; baseline 0.007 -26"><span class='ocrx_word' id='word_1_790' title='bbox 326 5452 575 5505; x_wconf 79' lang='grc' dir='ltr'><strong>ΖΩΝΔΡ.</strong></span> <span class='ocrx_word' id='word_1_791' title='bbox 610 5453 747 5521; x_wconf 78' lang='grc' dir='ltr'>Περὶ</span> <span class='ocrx_word' id='word_1_792' title='bbox 775 5454 1039 5505; x_wconf 79' lang='grc' dir='ltr'>ἑκουσίων</span> <span class='ocrx_word' id='word_1_793' title='bbox 1063 5456 1157 5506; x_wconf 62' lang='grc' dir='ltr'><strong>καὶ⁸</strong></span> <span class='ocrx_word' id='word_1_794' title='bbox 1186 5456 1457 5511; x_wconf 85' lang='grc' dir='ltr'>ἀκουσίων</span> <span class='ocrx_word' id='word_1_795' title='bbox 1482 5460 1658 5525; x_wconf 78' lang='grc' dir='ltr'>φόνιον</span> <span class='ocrx_word' id='word_1_796' title='bbox 1688 5463 1837 5531; x_wconf 77' lang='grc' dir='ltr'>ήρω·</span> 
     </span>
    </p>
   </div>
   <div class='ocr_carea' id='block_1_108' title="bbox 1848 5452 3516 5532">
    <p class='ocr_par' dir='ltr' id='par_1_108' title="bbox 2011 5455 3516 5532">
     <span class='ocr_line' id='line_1_108' title="bbox 2011 5455 3516 5532; baseline 0.007 -21"><span class='ocrx_word' id='word_1_797' title='bbox 2011 5460 2118 5532; x_wconf 74' lang='grc'><strong>63</strong></span> <span class='ocrx_word' id='word_1_798' title='bbox 2151 5456 2405 5512; x_wconf 75' lang='lat' dir='ltr'><strong>ZUNAB.</strong></span> <span class='ocrx_word' id='word_1_799' title='bbox 2441 5455 2516 5510; x_wconf 90' lang='lat' dir='ltr'><strong>De</strong></span> <span class='ocrx_word' id='word_1_800' title='bbox 2560 5457 2884 5512; x_wconf 83' lang='lat' dir='ltr'><strong>voluntariis</strong></span> <span class='ocrx_word' id='word_1_801' title='bbox 2917 5458 3380 5518; x_wconf 86' lang='lat' dir='ltr'><strong>acinvoluutariis</strong></span> <span class='ocrx_word' id='word_1_802' title='bbox 3406 5480 3516 5521; x_wconf 81' lang='lat' dir='ltr'><strong>ca:-</strong></span> 
     </span>
    </p>
   </div>
   <div class='ocr_carea' id='block_1_109' title="bbox 252 5539 1920 5623">
    <p class='ocr_par' dir='ltr' id='par_1_109' title="bbox 252 5539 1834 5619">
     <span class='ocr_line' id='line_1_109' title="bbox 252 5539 1834 5619; baseline 0.011 -30"><span class='ocrx_word' id='word_1_803' title='bbox 252 5539 391 5607; x_wconf 84' lang='grc' dir='ltr'>τήθη</span> <span class='ocrx_word' id='word_1_804' title='bbox 426 5540 455 5591; x_wconf 89' lang='grc' dir='ltr'><strong>ό</strong></span> <span class='ocrx_word' id='word_1_805' title='bbox 478 5540 655 5604; x_wconf 80' lang='grc' dir='ltr'>ἆγιος,</span> <span class='ocrx_word' id='word_1_806' title='bbox 689 5541 783 5590; x_wconf 85' lang='grc' dir='ltr'>καὶ</span> <span class='ocrx_word' id='word_1_807' title='bbox 812 5543 953 5603; x_wconf 83' lang='grc' dir='ltr'>τέως</span> <span class='ocrx_word' id='word_1_808' title='bbox 1000 5541 1092 5593; x_wconf 78' lang='grc' dir='ltr'>τὸν</span> <span class='ocrx_word' id='word_1_809' title='bbox 1117 5542 1215 5612; x_wconf 78' lang='grc' dir='ltr'>τὴν</span> <span class='ocrx_word' id='word_1_810' title='bbox 1236 5546 1427 5615; x_wconf 77' lang='grc' dir='ltr'>ἀξίνην</span> <span class='ocrx_word' id='word_1_811' title='bbox 1454 5548 1834 5619; x_wconf 85' lang='grc' dir='ltr'>ἀκοντίσαντα,</span> 
     </span>
    </p>
   </div>
   <div class='ocr_carea' id='block_1_110' title="bbox 1846 5539 3514 5623">
    <p class='ocr_par' dir='ltr' id='par_1_110' title="bbox 1942 5552 3514 5623">
     <span class='ocr_line' id='line_1_110' title="bbox 1942 5552 3514 5623; baseline 0 -17"><span class='ocrx_word' id='word_1_812' title='bbox 1942 5553 2101 5606; x_wconf 86' lang='lat' dir='ltr'><strong>dibus</strong></span> <span class='ocrx_word' id='word_1_813' title='bbox 2152 5552 2525 5619; x_wconf 77' lang='lat' dir='ltr'><strong>interrogatus</strong></span> <span class='ocrx_word' id='word_1_814' title='bbox 2577 5558 2660 5601; x_wconf 92' lang='lat' dir='ltr'><strong>est</strong></span> <span class='ocrx_word' id='word_1_815' title='bbox 2724 5559 3001 5604; x_wconf 89' lang='lat' dir='ltr'><strong>sanctus:</strong></span> <span class='ocrx_word' id='word_1_816' title='bbox 3040 5561 3205 5620; x_wconf 86' lang='lat' dir='ltr'><strong>atque</strong></span> <span class='ocrx_word' id='word_1_817' title='bbox 3265 5553 3394 5609; x_wconf 89' lang='lat' dir='ltr'><strong>hinc</strong></span> <span class='ocrx_word' id='word_1_818' title='bbox 3424 5557 3514 5623; x_wconf 90' lang='lat' dir='ltr'><strong>qui</strong></span> 
     </span>
    </p>
   </div>
   <div class='ocr_carea' id='block_1_111' title="bbox 251 5632 1919 5715">
    <p class='ocr_par' dir='ltr' id='par_1_111' title="bbox 251 5632 1834 5711">
     <span class='ocr_line' id='line_1_111' title="bbox 251 5632 1834 5711; baseline 0.009 -28"><span class='ocrx_word' id='word_1_819' title='bbox 251 5634 344 5683; x_wconf 79' lang='grc' dir='ltr'>καὶ</span> <span class='ocrx_word' id='word_1_820' title='bbox 372 5632 658 5700; x_wconf 80' lang='grc' dir='ltr'>πλήξαντα</span> <span class='ocrx_word' id='word_1_821' title='bbox 699 5632 872 5701; x_wconf 86' lang='grc' dir='ltr'>ταύτῃ</span> <span class='ocrx_word' id='word_1_822' title='bbox 928 5634 1027 5703; x_wconf 77' lang='grc' dir='ltr'><strong>τήν</strong></span> <span class='ocrx_word' id='word_1_823' title='bbox 1080 5638 1288 5688; x_wconf 70' lang='grc' dir='ltr'>οἰκείαν</span> <span class='ocrx_word' id='word_1_824' title='bbox 1341 5641 1613 5711; x_wconf 82' lang='grc' dir='ltr'>γαμετήν,</span> <span class='ocrx_word' id='word_1_825' title='bbox 1668 5645 1834 5710; x_wconf 83' lang='grc' dir='ltr'>φονέα</span> 
     </span>
    </p>
   </div>
   <div class='ocr_carea' id='block_1_112' title="bbox 1843 5632 3511 5715">
    <p class='ocr_par' dir='ltr' id='par_1_112' title="bbox 1940 5642 3511 5715">
     <span class='ocr_line' id='line_1_112' title="bbox 1940 5642 3511 5715; baseline 0.001 -16"><span class='ocrx_word' id='word_1_826' title='bbox 1940 5646 2173 5699; x_wconf 85' lang='lat' dir='ltr'><strong>securim</strong></span> <span class='ocrx_word' id='word_1_827' title='bbox 2216 5642 2491 5712; x_wconf 83' lang='lat' dir='ltr'><strong>jaculatus</strong></span> <span class='ocrx_word' id='word_1_828' title='bbox 2538 5650 2653 5708; x_wconf 84' lang='lat' dir='ltr'><strong>est,</strong></span> <span class='ocrx_word' id='word_1_829' title='bbox 2696 5656 2870 5711; x_wconf 89' lang='lat' dir='ltr'><strong>eaque</strong></span> <span class='ocrx_word' id='word_1_830' title='bbox 2929 5658 3155 5699; x_wconf 80' lang='lat' dir='ltr'><strong>uxorem</strong></span> <span class='ocrx_word' id='word_1_831' title='bbox 3200 5660 3350 5700; x_wconf 89' lang='lat' dir='ltr'><strong>suam</strong></span> <span class='ocrx_word' id='word_1_832' title='bbox 3388 5661 3511 5715; x_wconf 90' lang='lat' dir='ltr'><strong>per-</strong></span> 
     </span>
    </p>
   </div>
   <div class='ocr_carea' id='block_1_113' title="bbox 250 5717 1918 5802">
    <p class='ocr_par' dir='ltr' id='par_1_113' title="bbox 250 5717 1834 5802">
     <span class='ocr_line' id='line_1_113' title="bbox 250 5717 1834 5802; baseline 0.008 -29"><span class='ocrx_word' id='word_1_833' title='bbox 250 5717 391 5774; x_wconf 81' lang='grc' dir='ltr'>είναι</span> <span class='ocrx_word' id='word_1_834' title='bbox 428 5721 682 5774; x_wconf 79' lang='grc' dir='ltr'>ἑκούσιον</span> <span class='ocrx_word' id='word_1_835' title='bbox 747 5723 1088 5791; x_wconf 82' lang='grc' dir='ltr'>ἀπεφήνατο,</span> <span class='ocrx_word' id='word_1_836' title='bbox 1151 5727 1245 5777; x_wconf 73' lang='grc' dir='ltr'>καὶ</span> <span class='ocrx_word' id='word_1_837' title='bbox 1309 5729 1487 5782; x_wconf 80' lang='grc' dir='ltr'>πάντα</span> <span class='ocrx_word' id='word_1_838' title='bbox 1540 5732 1629 5785; x_wconf 80' lang='grc' dir='ltr'>τὸν</span> <span class='ocrx_word' id='word_1_839' title='bbox 1686 5734 1834 5802; x_wconf 85' lang='grc' dir='ltr'>ξίφει</span> 
     </span>
    </p>
   </div>
   <div class='ocr_carea' id='block_1_114' title="bbox 1842 5717 3510 5802">
    <p class='ocr_par' dir='ltr' id='par_1_114' title="bbox 1938 5735 3510 5801">
     <span class='ocr_line' id='line_1_114' title="bbox 1938 5735 3510 5801; baseline 0.003 -14"><span class='ocrx_word' id='word_1_840' title='bbox 1938 5737 2128 5797; x_wconf 82' lang='lat' dir='ltr'><strong>cussit.</strong></span> <span class='ocrx_word' id='word_1_841' title='bbox 2172 5735 2498 5788; x_wconf 88' lang='lat' dir='ltr'><strong>homicidam</strong></span> <span class='ocrx_word' id='word_1_842' title='bbox 2528 5749 2647 5788; x_wconf 91' lang='lat' dir='ltr'><strong>esse</strong></span> <span class='ocrx_word' id='word_1_843' title='bbox 2678 5735 3047 5789; x_wconf 80' lang='lat' dir='ltr'><strong>voluntarium</strong></span> <span class='ocrx_word' id='word_1_844' title='bbox 3093 5736 3510 5801; x_wconf 86' lang='lat' dir='ltr'><strong>demonstravit,</strong></span> 
     </span>
    </p>
   </div>
   <div class='ocr_carea' id='block_1_115' title="bbox 248 5813 1916 5900">
    <p class='ocr_par' dir='ltr' id='par_1_115' title="bbox 248 5813 1827 5883">
     <span class='ocr_line' id='line_1_115' title="bbox 248 5813 1827 5883; baseline 0.008 -18"><span class='ocrx_word' id='word_1_845' title='bbox 248 5813 533 5883; x_wconf 83' lang='grc' dir='ltr'>χρώμενον</span> <span class='ocrx_word' id='word_1_846' title='bbox 591 5813 859 5878; x_wconf 81' lang='grc' dir='ltr'>οίῳδήτινι</span> <span class='ocrx_word' id='word_1_847' title='bbox 909 5815 1049 5868; x_wconf 84' lang='grc' dir='ltr'>κατά</span> <span class='ocrx_word' id='word_1_848' title='bbox 1095 5832 1259 5878; x_wconf 86' lang='grc' dir='ltr'>τινος.</span> <span class='ocrx_word' id='word_1_849' title='bbox 1296 5818 1539 5873; x_wconf 76' lang='grc' dir='ltr'>Ποιεῐται</span> <span class='ocrx_word' id='word_1_850' title='bbox 1582 5823 1635 5877; x_wconf 67' lang='lat' dir='ltr'><strong>Et</strong></span> <span class='ocrx_word' id='word_1_851' title='bbox 1690 5825 1827 5878; x_wconf 79' lang='grc' dir='ltr'>διαί-</span> 
     </span>
    </p>
   </div>
   <div class='ocr_carea' id='block_1_116' title="bbox 1830 5813 3498 5900">
    <p class='ocr_par' dir='ltr' id='par_1_116' title="bbox 1936 5826 3498 5900">
     <span class='ocr_line' id='line_1_116' title="bbox 1936 5826 3498 5900; baseline 0.002 -19"><span class='ocrx_word' id='word_1_852' title='bbox 1936 5837 1990 5881; x_wconf 88' lang='lat' dir='ltr'><strong>et</strong></span> <span class='ocrx_word' id='word_1_853' title='bbox 2039 5828 2356 5895; x_wconf 88' lang='lat' dir='ltr'><strong>quicunque</strong></span> <span class='ocrx_word' id='word_1_854' title='bbox 2408 5826 2587 5895; x_wconf 88' lang='lat' dir='ltr'><strong>gladio</strong></span> <span class='ocrx_word' id='word_1_855' title='bbox 2637 5827 2891 5897; x_wconf 78' lang='lat' dir='ltr'><strong>quopiam</strong></span> <span class='ocrx_word' id='word_1_856' title='bbox 2954 5829 3213 5883; x_wconf 85' lang='lat' dir='ltr'><strong>adversus</strong></span> <span class='ocrx_word' id='word_1_857' title='bbox 3265 5830 3498 5900; x_wconf 86' lang='lat' dir='ltr'><strong>aliquem</strong></span> 
     </span>
    </p>
   </div>
   <div class='ocr_carea' id='block_1_117' title="bbox 577 5908 2245 5982">
    <p class='ocr_par' dir='ltr' id='par_1_117' title="bbox 577 5908 1442 5976">
     <span class='ocr_line' id='line_1_117' title="bbox 577 5908 1442 5976; baseline 0.012 -9"><span class='ocrx_word' id='word_1_858' title='bbox 577 5908 843 5967; x_wconf 73' lang='grc' dir='ltr'>ιἈτιιοι.</span> <span class='ocrx_word' id='word_1_859' title='bbox 900 5910 1014 5970; x_wconf 80' lang='lat' dir='ltr'><strong>Gn.</strong></span> <span class='ocrx_word' id='word_1_860' title='bbox 1068 5915 1442 5976; x_wconf 77' lang='lat' dir='ltr'><strong>CXXXVIII.</strong></span> 
     </span>
    </p>
   </div>
   <div class='ocr_carea' id='block_1_118' title="bbox 1536 5908 3204 5982">
    <p class='ocr_par' dir='ltr' id='par_1_118' title="bbox 3128 5919 3204 5982">
     <span class='ocr_line' id='line_1_118' title="bbox 3128 5919 3204 5982; baseline 0.039 -3"><span class='ocrx_word' id='word_1_861' title='bbox 3128 5919 3204 5982; x_wconf 80' lang='grc'>20</span> 
     </span>
    </p>
   </div>
  </div>
