4224 6446
735 370 861 431 ⁴619

2020 374 2299 438 ἸἮΕΟῙ).
2339 374 2743 434 BALSAMON

3898 382 4012 447 620

746 486 948 538 utitur.
985 484 1285 535 Discrimen
1327 494 1491 549 porro
1514 485 1794 537 constituit
1823 484 1961 536 inter
1986 484 2313 538 voluntarias

2430 500 2580 553 ρεσιν
2606 484 2715 535 τῶν
2750 485 3019 538 ἑκουσίων
3054 488 3148 542 καὶ
3199 489 3473 544 ἀκουσίων
3509 490 3719 558 φόνων·
3758 497 3857 547 καὶ
3917 500 4010 549 τὸν

752 596 814 631 ac.
849 576 1243 630 invulnntarias
1273 575 1449 627 caedes
1490 594 1501 628 :
1539 590 1600 629 ac
1631 591 1752 629 eum
1782 575 1884 642 ‘qui
1919 575 1969 627 in
1996 575 2189 635 feram,
2235 577 2321 629 vel

751 674 1001 723 a-rhoi-cm
1060 666 1294 736 lapidem
1346 669 1499 736 jecit,
1560 668 1831 719 hominem
1868 680 1995 719 vero
2040 666 2148 721 illic
2183 666 2321 721 forte

749 769 1175 814 commorantem
1205 762 1510 827 percussit;
1545 760 1687 812 i'Ilum
1705 774 1919 827 quoque
1944 759 2034 827 qui
2057 759 2169 812 loro
2190 798 2204 820 ,
2232 769 2322 812 aut

749 851 850 904 levi
878 852 1021 919 virga
1057 850 1367 917 quempiam
1400 850 1697 915 disciplina:
1718 849 1887 917 gratia
1917 848 2243 909 verberavit,
2275 849 2319 905 si

746 943 1070 991 verberatus
1095 939 1350 1001 intereat,
1379 938 1803 992 involuntarium
1824 936 2180 1005 proculdubio
2227 938 2323 990 ho-

746 1030 997 1081 micidam
1029 1041 1207 1082 vocat.
1241 1029 1342 1095 Qui
1368 1041 1543 1084 autem
1574 1031 1624 1082 in
1644 1030 1988 1082 contentione
2014 1028 2319 1096 quempiam

749 1121 1005 1172 solidiore
1062 1120 1258 1173 bacillo
1306 1128 1397 1172 aut
1451 1134 1613 1171 manu
1671 1118 1872 1171 acriter
1909 1118 1961 1170 in
2023 1119 2320 1185 praecipuas

746 1221 928 1275 partes
985 1211 1278 1277 percussit,
1344 1208 1559 1263 etiamsi
1620 1206 1929 1261 interﬁcere
1988 1206 2127 1259 haud
2160 1205 2320 1259 vellet

744 1300 1111 1362 vulneratum,
1166 1300 1257 1353 sed
1295 1300 1490 1353 laedere
1547 1308 1757 1351 tantum
1789 1305 1842 1351 et
1874 1297 2216 1365 propulsare,
2253 1296 2318 1348 ad

744 1390 1111 1444 voluntarium
1151 1390 1478 1442 homicidam
1511 1389 1751 1454 proxime
1788 1389 2047 1440 accedere
2068 1385 2317 1450 afﬁrmat,

744 1483 787 1534 si
822 1483 1140 1535 vulneratus
1168 1480 1419 1531 intereat.
1454 1477 1555 1541 Qui
1596 1485 1777 1530 autem
1811 1477 1956 1546 ligno
1984 1476 2133 1545 gravi
2159 1486 2209 1531 et
2242 1480 2320 1528 in-

746 1574 892 1637 genti
950 1572 1123 1639 lapide
1154 1572 1418 1621 adversus
1456 1568 1688 1635 aliquem
1742 1583 1875 1620 usus
1906 1567 2126 1630 occidit,
2154 1568 2318 1620 invo-

746 1666 1040 1716 luntarium
1098 1660 1238 1713 forte
1291 1660 1615 1714 homicidam
1647 1676 1769 1714 esse
1805 1661 2010 1713 definit.
2059 1660 2158 1725 Qui
2192 1673 2319 1713 vero

746 1769 877 1805 ense
906 1753 1158 1820 quopiam
1206 1762 1287 1805 cst
1313 1767 1465 1815 usus,
1498 1762 1551 1805 et
1586 1752 1848 1814 latrones,
1879 1762 1933 1804 ct
1964 1753 2056 1815 qui
2096 1751 2317 1804 bellicas

2430 574 2528 643 μὲν
2554 577 2644 626 ἐπὶ
2686 573 2876 644 Θηρίον
2903 576 2933 643 ἢ
2966 577 3185 646 δένδρον
3218 580 3450 651 ῥίψαντα
3502 581 3671 646 λίθον,
3718 585 4005 654 πλήξαντα

2428 662 2487 713 δὲ
2514 662 2803 730 άνθρωπον
2824 664 2985 732 τυχδν
3017 668 3282 735 παριόντα
3327 669 3447 721 ἑκεῐ
3466 685 3479 700 ⁸
3528 671 3623 723 καὶ
3656 673 3751 724 τὸν
3781 674 3945 744 λώρῳ
3974 679 4005 743 ἢ

2423 751 2634 821 ἐλαφρᾷ
2671 752 2850 820 ῥάϐδῳ
2882 755 3165 823 πλήξαντά
3195 774 3317 811 τινα
3346 760 3437 811 διὰ
3492 760 3795 826 παίδευσιν,
3824 766 3921 817 ἑάν
3956 768 4011 820 δέ

2422 845 2450 893 6
2470 840 2700 909 πληγεὶς
2732 843 3003 913 ἀποθάνῃ,
3036 847 3295 899 ἀκούσιον
3317 850 3480 914 φονέα
3513 851 3669 903 καλεῖ
3696 852 4008 920 ἀναμφίϐο-

2424 931 2530 984 λον.
2573 932 2675 983 Τὸν
2715 932 2770 984 δὲ
2806 936 2864 986 ἑν
2900 935 3205 1005 φιλονεικίᾳ
3260 939 3547 1008 πλήξαντά
3598 958 3720 993 τινα
3766 945 4005 1011 στιϐαρᾷ

2425 1024 2625 1093 ῥάϐδῳ,
2657 1026 2689 1094 ἢ
2722 1028 2786 1092 τῇ
2812 1027 2957 1095 χειρὶ
2991 1027 3230 1095 ἀφειδῶς
3270 1033 3367 1083 ἐπὶ
3411 1034 3483 1084 τὰ
3536 1032 3751 1102 καίρια,
3787 1034 3892 1086 κᾶν
3930 1037 4005 1103 μὴ

2421 1115 2634 1167 ἀνελεῖν
2685 1115 2848 1185 ἠθελε
2887 1115 2979 1168 τόν
3041 1118 3349 1187 πληγέντα,
3403 1122 3543 1174 ἀλλά
3594 1125 3849 1177 κακῶσαι
3913 1128 4008 1177 καὶ⁴

2422 1203 2757 1271 ἀμύνασθαι,
2795 1202 3039 1272 ἐγγίζειν
3072 1206 3150 1275 τῷ
3196 1208 3459 1273 ἑκουσίως
3490 1212 3775 1277 φονεύοντι
3826 1212 4004 1278 λέγει,

2421 1293 2515 1346 τοῦ
2547 1293 2846 1362 πληγέντος
2884 1295 3296 1359 ἀποθανόντοςθ
3325 1300 3421 1352 καὶ
3450 1302 3540 1352 τὸν
3589 1302 3730 1371 ξύλῳ
3759 1303 3813 1354 δὲ
3849 1302 4008 1370 βαρεῖ

2421 1387 2516 1438 καὶ
2554 1385 2686 1455 λίθῳ
2741 1387 2963 1456 μεγάλῳ
2994 1390 3344 1458 χρησάμενον
3395 1394 3537 1445 κατά
3565 1411 3729 1459 τινος,
3759 1396 3853 1447 καὶ
3878 1398 4008 1448 ἀνε-

2431 1477 2617 1541 λόντα,
2649 1478 2906 1531 ἀκούσιον
2926 1480 3067 1548 τάχα
3101 1483 3267 1549 φονέα
3314 1478 3453 1535 εῖναι
3490 1486 3755 1551 ὁρίζεται.
3817 1488 3924 1539 Τὸν
3949 1488 4008 1539 δέ

2423 1565 2565 1634 ξίφει
2594 1568 2938 1636 χρησάμενον
2962 1570 3257 1639 οίῳδήτινι,
3331 1573 3575 1633 καὶτοὺς
3631 1573 3857 1644 λῃστάς,
3908 1579 4006 1627 καὶ

2420 1660 2522 1718 τὰς
2574 1660 2799 1726 ἐφόδους
2867 1660 3153 1723 ποιοῦντας
3213 1662 3520 1732 πολεμικάς
3595 1664 3684 1717 διὰ
3747 1666 4006 1734 ἁρπαγὰς

2423 1750 2746 1818 χρημάτων,
2774 1751 3052 1812 ἑκουσίους
3080 1752 3349 1818 φονευτάς
3408 1748 3546 1805 εἶναι
3610 1754 4002 1820 ἀποφαίνεται.

744 1844 1093 1896 incursiones
1125 1841 1329 1894 faciunt
1370 1844 1438 1895 ob
1474 1842 1760 1906 rapiendas
1809 1845 2088 1910 pecunias,
2126 1844 2313 1895 volun-

2435 1841 2593 1892 Ἀλλά
2630 1842 2737 1910 μὴν
2767 1842 3019 1905 καὶτοὺς
3059 1844 3330 1911 φάρμακα
3385 1844 3625 1906 διδόντας
3695 1847 3832 1904 τισὶ,
3902 1847 4007 1897 κᾶν

740 1937 911 1988 tarios
971 1936 1273 1989 homicidas
1317 1949 1439 1988 esse
1501 1934 1861 1987 demonstrat.
1926 1934 2067 1998 Quin
2128 1943 2181 1986 ct
2220 1934 2311 2001 qui

740 2025 1034 2091 pharmaca
1094 2024 1335 2091 praebent
1387 2022 1682 2090 aliquibus,
1715 2023 1927 2074 etiamsi
1980 2020 2311 2083 interﬁcere,

737 2116 827 2183 qui
861 2116 1214 2185 pharmacunt
1260 2116 1499 2177 miscuit,
1552 2114 1971 2181 haudquaquam
2021 2112 2074 2165 in
2132 2112 2313 2165 animo

740 2207 1015 2269 nabuerit,
1050 2207 1145 2258 sed
1189 2205 1423 2275 aliquem
1473 2205 1540 2259 ad
1575 2220 1811 2258 amorem
1858 2205 2027 2258 voluit
2057 2205 2310 2267 allicere;

735 2296 867 2351 illud
907 2310 1036 2350 vero
1068 2297 1324 2350 haustum
1360 2296 1635 2349 bibentem
1687 2296 1982 2361 interfecit,
2013 2304 2105 2350 aut
2138 2296 2314 2349 homi-

739 2389 826 2442 nis
880 2399 1117 2441 meniem
1148 2387 1401 2455 cmrupit
1456 2385 1523 2439 ad
1559 2386 1827 2439 insaniam
1883 2401 2005 2440 eum
2066 2385 2309 2453 adigens,

738 2480 883 2533 inter
902 2479 1244 2532 voluntarias
1279 2480 1455 2533 caedes
1503 2486 1807 2531 enumerat.
1844 2476 2157 2530 Homicidas
2183 2491 2313 2530 vero

735 2570 994 2625 mulieres
1042 2569 1176 2622 dicit
1238 2584 1333 2622 eas
1388 2582 1626 2637 quoque,
1664 2583 1785 2635 qua:
1838 2569 2130 2636 pharmaca
2180 2568 2314 2621 dant

2425 1931 2500 1999 μὴ
2528 1932 2791 1997 φονεῦσαι
2824 1934 2851 1983 6
2882 1934 2941 1986 τὸ
2966 1932 3256 2001 φάρμακον
3285 1937 3523 2003 κεράσας
3550 1935 3840 2003 προέθετο,
3867 1936 4004 1987 ἀλλά

2421 2021 2560 2088 πρὸς
2593 2022 2815 2091 φίλτρον
2863 2025 3248 2090 ἐπαγαγέσθαι
3314 2027 3437 2077 τινὰ
3492 2026 3763 2088 ἐϐούλετο,
3828 2029 3891 2077 τὸ
3944 2026 4003 2077 δέ

2421 2110 2586 2163 ποθὲν
2620 2111 2800 2162 ἀνεῖλε
2825 2112 2915 2163 τὸν
2946 2114 3159 2176 πιόντα,
3195 2114 3225 2183 ἢ
3264 2114 3353 2167 τὸν
3394 2114 3521 2167 νοῦν
3572 2114 3665 2166 τοῦ
3708 2112 4002 2184 ἀνθρώπου

2420 2199 2723 2270 διέφθειρε,
2767 2204 3093 2273 παράφρονα
3124 2202 3359 2272 ποιῆσαν
3400 2205 3490 2256 τὸν
3541 2206 3851 2272 ἄνθρωπον,
3892 2207 4003 2265 τοῖς

2421 2293 2694 2353 ἑκουσίοις
2720 2293 2901 2361 φόνοις
2934 2294 3249 2363 ἐναριθμετ.
3286 2296 3619 2364 Φονευτρίας
3645 2296 3701 2348 δέ
3728 2295 3881 2361 λέγει
3907 2298 4003 2347 καὶ

2420 2384 2515 2447 τὰς
2547 2385 2616 2437 τὰ
2645 2383 3020 2455 ἀμϐλωθρίδια
3045 2386 3296 2449 διδούσας
3324 2387 3617 2454 φάρμακα,
3647 2386 3743 2438 καὶ
3774 2386 3875 2448 τάς
3917 2386 4004 2439 δε-

2418 2477 2657 2545 χομένας
2696 2477 2855 2540 αὑτά,
2887 2475 3070 2539 καθὼς
3099 2478 3193 2530 καὶ
3220 2479 3279 2529 ἐν
3306 2478 3385 2547 τῷ
3410 2477 3651 2547 δευτέρῳ
3681 2477 3850 2529 αὑτοῦ
3898 2494 4003 2531 xa-

2421 2566 2537 2617 νόνι
2575 2565 2681 2635 ήδη
2704 2568 2835 2635 περὶ
2858 2565 3063 2618 τούτων
3089 2565 3348 2635 ὡρίσατο.

736 2666 983 2718 abortum
1013 2663 1235 2726 cientia,
1269 2673 1321 2717 et
1355 2678 1474 2732 qua:
1503 2663 1589 2715 illa
1621 2662 1919 2730 accipiunt,
1948 2661 2405 2731 quemadmodum
2442 2660 2495 2713 in
2534 2660 2777 2714 secundo
2814 2660 2988 2728 ipsius
3012 2675 3227 2714 canone
3249 2662 3360 2727 jam
3389 2659 3456 2715 de
3502 2661 3603 2713 hac
3635 2674 3693 2714 re
3729 2660 4002 2721 deﬁnivit.

806 2750 1036 2805 ARIST.
1074 2750 1351 2804 Homicida
1384 2762 1464 2805 est
1518 2753 1609 2819 qui
1648 2752 1826 2805 securi
1861 2763 2050 2805 contra
2084 2765 2307 2805 uxorem

741 2857 872 2895 usus
905 2852 1008 2895 est.
1068 2840 1474 2894 Involuntarius
1516 2855 1645 2893 vero
1679 2840 1948 2893 homicida
1997 2841 2089 2908 qui
2137 2840 2312 2907 lapide

736 2933 792 2985 in
832 2948 1023 2985 canem
1079 2932 1229 3000 jacto
1288 2931 1560 2984 hominem
1614 2942 1895 2985 assecutus
1954 2939 2039 2983 cst
2077 2947 2089 2981 :
2128 2940 2181 2983 et
2219 2930 2310 2997 qui

737 3024 971 3091 castigat
999 3024 1133 3084 loro,
1162 3034 1212 3075 et
1246 3025 1414 3091 virga.
1448 3022 1548 3087 Qui
1578 3024 1628 3075 in
1667 3037 1843 3090 pugna
1869 3022 2012 3091 ligno
2039 3022 2120 3075 vel
2149 3036 2312 3074 manu

734 3113 898 3164 ictum
965 3115 1016 3163 in
1058 3112 1361 3179 praecipuas
1402 3122 1581 3179 partes
1626 3118 1865 3177 torquet,
1898 3118 1952 3163 et
2008 3110 2263 3164 interﬁcit
2290 3148 2304 3174 ,

734 3204 800 3256 ad
837 3203 1201 3255 voluntarium
1253 3216 1421 3270 proiie
1450 3203 1683 3257 accedit.
1717 3202 1818 3267 Qui
1849 3201 2029 3270 gladio
2086 3212 2179 3255 aut
2214 3202 2308 3253 ali-

730 3309 840 3361 quo
888 3292 1160 3360 ejusmodi
1212 3307 1344 3348 usus
1399 3303 1503 3357 est,
1537 3296 1761 3347 omnino
1810 3302 1896 3347 est
1939 3293 2305 3346 voluntarius.

729 3385 862 3438 ltcm
899 3385 1043 3437 latro
1074 3393 1129 3438 et
1162 3384 1355 3448 hostis,
1391 3394 1445 3437 et
1473 3384 1563 3452 qui
1596 3385 1757 3438 aliam
1786 3386 1855 3438 ob
1885 3399 2105 3438 causam
2138 3396 2305 3437 vene-

735 3491 860 3527 num
916 3474 1143 3537 dederit,
1182 3476 1224 3528 si
1270 3474 1629 3538 interfecerit,
1658 3485 1741 3529 est
1774 3475 2105 3530 voluntarius
2130 3474 2307 3529 homi-

2495 2749 2719 2803 ΔΡΙΣΤ.
2774 2751 2995 2815 Φονεὺς,
3026 2752 3052 2803 ό
3087 2752 3229 2803 κατὰ
3254 2752 3355 2819 τῆς
3392 2750 3651 2817 γυναικὸς
3682 2751 3841 2820 ἀξίνῃ
3863 2768 4003 2822 χρη-

2422 2843 2680 2911 σάμενος.
2723 2843 3003 2902 Ἀκούσιος
3063 2844 3327 2913 φονευτὴς
3379 2845 3408 2896 6
3474 2843 3620 2896 λίθον
3686 2846 3849 2913 ἀφεὶς
3907 2849 4003 2899 ἐπὶ

2422 2936 2582 2998 κύνα,
2613 2937 2705 2987 καὶ
2733 2935 3025 3002 ἀνθρώπου
3054 2935 3236 3004 τυχών
3261 2952 3275 2967 ·
3308 2940 3401 2990 καὶ
3437 2939 3466 2988 ό
3510 2936 3782 2989 παιδεύων
3812 2939 4003 3005 ἱμάντι

2426 3027 2521 3077 καὶ
2550 3025 2718 3094 λύγῳ.
2768 3025 2824 3076 Ὀ
2854 3024 2909 3077 δέ
2944 3026 3002 3077 ἑν
3030 3026 3178 3094 μάχῃ
3210 3024 3351 3093 ξύλῳ
3378 3026 3410 3095 ἢ
3436 3028 3579 3094 χειρὶ
3604 3026 3726 3087 δοὺς
3786 3027 3882 3078 ἑπὶ
3934 3030 4004 3079 τὰ

2421 3118 2611 3185 καίρια
2659 3118 2757 3169 καὶ
2810 3116 3036 3179 ἀνελὼν,
3072 3116 3203 3185 ἄγχι
3250 3116 3342 3169 τοῦ
3400 3118 3669 3170 ἑκουσίου.
3740 3119 3803 3170 '0
3859 3118 4003 3186 ξίφει

2419 3208 2829 3277 χρησάμενοςῆ
2872 3210 3100 3279 τοιούτῳ
3126 3212 3254 3275 τινὶ,
3293 3210 3511 3273 πάντως
3555 3210 3827 3273 ἑκούσιος.
3894 3214 4004 3265 Καὶ

2420 3302 2448 3350 6
2476 3298 2704 3368 λῃστὴς,
2759 3300 2914 3352 καὶὸ
2943 3302 3222 3370 πολέμιος,
3255 3303 3347 3353 καὶ
3396 3304 3425 3353 6
3474 3302 3541 3353 δι’
3598 3303 3766 3371 άλλην
3822 3303 4003 3355 αἰτίαν

2418 3390 2637 3453 ἐπιδοὺς
2671 3393 2987 3461 φάρμακον,
3023 3395 3071 3446 εί
3103 3394 3291 3463 ἀνέλῃ,
3344 3393 3594 3456 ἑκούσιος
3617 3411 3633 3426 ο
3672 3396 3769 3446 καὶ
3808 3397 3866 3446 al
3932 3395 4003 3445 τὰ

2417 3477 2799 3550 ἀμϐλωθρίδια
2828 3480 3090 3547 διδοῦσαι,
3128 3484 3222 3535 καὶ
3254 3483 3311 3534 αί
3342 3483 3742 3553 λαμϐάνουσαι.

728 3574 873 3626 eida.
905 3572 1036 3625 item
1069 3586 1188 3639 quin
1223 3571 1614 3624 medicamenta
1649 3576 1898 3623 abortum
1932 3570 2283 3638 provocantia
2318 3569 2467 3637 dant,
2501 3582 2554 3627 et
2582 3589 2703 3643 qua:
2738 3576 3033 3646 accipiunt.

812 3668 1240 3722 llomicidiorum
1278 3668 1524 3735 quaedam
1558 3675 1685 3720 euut
1716 3665 2038 3732 voluntaria,
2074 3666 2174 3719 alia
2212 3680 2311 3720 au-

2488 3669 2609 3724 Τῶν
2640 3672 2818 3738 φόνων
2855 3671 2903 3723 οί
2947 3672 3049 3741 μέν
3089 3674 3232 3724 εἰσιν
3265 3673 3525 3739 ἑκούσιοι,
3559 3676 3609 3727 οῑ
3638 3674 3693 3726 δέ
3720 3674 3997 3727 ἀκούσιοι·

730 3777 835 3816 tem
895 3761 1259 3814 involuntaria
1297 3797 1312 3822 ,
1366 3758 1471 3811 alia
1509 3772 1638 3811 vero
1668 3758 1781 3811 fere
1841 3758 2170 3812 voluntaria.
2206 3756 2308 3822 Qui

2419 3761 2463 3813 οι
2484 3760 2541 3813 δὲ
2579 3761 2747 3828 ἐγγὺς
2775 3762 3050 3816 ἑκουσίου.
3098 3762 3158 3815 '0
3184 3765 3282 3830 μὲν
3341 3765 3450 3833 γάρ
3489 3766 3779 3827 ἀκοντίσας
3805 3766 4000 3834 ἀξίνην

735 3856 879 3904 enim
920 3852 1109 3907 securi.
1145 3851 1377 3915 aliquem
1439 3849 1591 3916 petit,
1632 3858 1685 3900 et
1716 3862 1836 3902 eum
1889 3850 2108 3913 occidit,
2141 3856 2195 3903 et
2218 3850 2309 3918 qui

2419 3850 2558 3903 κατά
2588 3866 2732 3912 τινος
2783 3852 2875 3903 καὶ
2899 3850 3167 3915 φονεύσας
3190 3852 3387 3903 αὐτόν’
3438 3852 3533 3904 καὶ
3584 3855 3611 3903 6
3654 3854 3803 3920 ξίφει
3858 3871 3997 3923 χρη-

734 3951 797 3997 ad
863 3944 1299 3997 interlcuioii‘em
1337 3940 1517 4007 gladio
1550 3955 1682 3994 usus
1728 3948 1830 4003 est,
1866 3952 1919 3993 et
1968 3942 2226 4003 latrones,
2258 3950 2313 3994 et

2419 3940 2657 4007 σάμενος
2686 3942 2767 4000 είς
2826 3941 3127 4010 ἀναίρεσιν,
3160 3940 3254 3993 καὶ
3308 3940 3359 3991 οί
3398 3939 3617 4010 λῃσταλ,
3649 3943 3739 3993 καὶ
3798 3944 3846 3994 oi
3902 3960 4001 3994 πο-

731 4038 914 4087 hostes
945 4031 1055 4101 (isti
1079 4031 1225 4084 enim
1253 4040 1473 4099 propter
1496 4027 1783 4096 pecuniam
1806 4028 2085 4093 occidunt,
2136 4029 2188 4082 hi
2215 4044 2311 4081 au-

730 4136 835 4177 tem
865 4122 1210 4175 adversarios
1234 4120 1524 4174 manifesto
1552 4121 1750 4173 vellent
1780 4120 2055 4188 occidere)
2072 4121 2312 4174 volunta-

732 4218 794 4270 rii
842 4215 1157 4285 judicantur
1191 4212 1494 4266 homicidae.
1540 4210 1806 4264 Similiter
1838 4220 1891 4264 et
1922 4224 2042 4278 quae
2071 4211 2311 4264 medica-

730 4320 910 4361 menta
938 4306 1106 4359 fetum
1139 4302 1387 4355 necantia
1411 4304 1583 4365 dant,
1618 4309 1671 4352 et
1696 4315 1817 4369 qua:
1836 4300 2024 4354 eadem
2052 4308 2304 4353 sumunt:

729 4411 782 4452 et
809 4413 929 4465 quin
970 4396 1170 4448 vellent
1209 4408 1449 4446 amorem
1490 4391 1721 4458 alicujus
1754 4391 1819 4444 ad
1869 4406 1928 4445 se
1977 4392 2254 4444 attrahere
2288 4406 2302 4443 :

2419 4026 2600 4097 λὲμιοι
2640 4029 2713 4098 (oi.
2750 4029 2849 4096 μὲν
2874 4030 2984 4097 γὰρ
3014 4030 3100 4082 διὰ
3129 4032 3388 4100 χρήματα
3433 4029 3776 4097 ἀναιροῦσιν,
3837 4035 3885 4084 oi
3945 4034 4001 4085 δέ

2419 4118 2670 4189 φανερῶς
2727 4120 2939 4172 ἀνελεῖν
2993 4120 3238 4173 ἐθέλουσι
3330 4121 3455 4183 τοὺς
3531 4122 4001 4190 ἐναντιουμένους)

2420 4212 2662 4265 ἑκούσιοι
2690 4212 2969 4279 κρίνονται
3020 4212 3297 4280 φονευτιί.
3347 4212 3624 4274 Ὡσαύτως
3675 4214 3729 4265 δὲ
3796 4216 3891 4265 καὶ
3944 4217 4000 4265 al

2415 4303 2658 4356 διδοῦσαι
2680 4304 2751 4355 τὰ
2783 4303 3163 4371 ἑμϐρυοκτόν,α
3216 4303 3511 4371 φάρμακα,
3549 4303 3645 4354 καὶ
3672 4305 3727 4354 al
3780 4304 4000 4371 λαμϐά-

2421 4412 2612 4447 νουσαι
2664 4394 2873 4447 ταῦτα’
2940 4397 3034 4447 καὶ
3103 4396 3160 4445 al
3221 4376 3544 4463 βουλόμεναί
3600 4395 3827 4465 φίλτρον
3856 4399 3999 4459 τινὸς

732 4500 785 4542 ct
819 4491 1277 4541 medicamentum
1307 4488 1755 4545 commiscentes,
1790 4485 2029 4549 illudque
2064 4483 2164 4551 ipsi
2197 4490 2307 4534 tra-

2422 4483 2557 4553 πρὺς
2585 4484 2785 4543 ἑαυτὰς
2813 4482 3225 4549 άφελκύσασθαι
3244 4498 3259 4513 ⁸
3287 4484 3381 4536 καὶ
3414 4485 3829 4553 συγκεράσασαι
3860 4488 4001 4554 φάρ-

732 4586 949 4641 dentes,
1005 4586 1060 4628 ut
1111 4575 1368 4629 tenebras
1408 4574 1709 4629 intellectui
1745 4572 2055 4636 oﬂ‘nndant,
2094 4572 2137 4626 si
2171 4571 2307 4624 reci-

730 4673 969 4738 pientem
1007 4668 1331 4729 occiderint,
1376 4663 1681 4719 voluntarie
1724 4665 2061 4719 interemisse
2090 4663 2306 4729 judica-

738 4765 961 4815 huntur.
992 4759 1091 4824 Qui
1128 4769 1307 4811 autem
1354 4758 1586 4824 lapidem
1621 4758 1673 4809 in
1700 4770 1888 4810 canem
1921 4764 2016 4809 aut
2060 4754 2308 4807 arborem

727 4853 880 4919 iacit,
916 4853 980 4903 ad
1039 4850 1205 4903 ferum
1247 4848 1701 4917 propulsandam,
1742 4855 1835 4900 aut
1874 4847 2104 4899 fructum
2147 4846 2313 4897 decu-

734 4946 1001 5006 ttcndnm,
1041 4953 1093 4995 et
1130 4943 1405 4993 hominem
1441 4942 1670 4993 tot'tuito
1699 4941 1925 5001 occidit,
1964 4939 2042 4990 vel
2076 4937 2169 5004 qui
2198 4938 2313 4989 loro

735 5048 825 5088 :tut
858 5037 1004 5103 virga
1040 5035 1279 5099 aliquem
1311 5046 1628 5100 peccmuent
1679 5031 1800 5084 ierit
1845 5039 1900 5082 ut
1930 5029 2204 5091 enteudct,
2260 5037 2315 5079 et

733 5146 853 5182 eum
914 5128 1199 5186 interticit,
1238 5126 1377 5177 inter
1436 5124 1826 5177 involutitarios
1884 5120 2185 5175 homicidas
2226 5134 2309 5172 re-

731 5230 1074 5275 censentur:
1129 5219 1218 5285 qui
1273 5224 1454 5268 autem
1501 5217 1552 5268 in
1586 5232 1761 5285 pugna
1815 5218 1961 5283 ligno
2011 5224 2102 5266 aut
2148 5229 2308 5265 manu

732 5315 942 5380 plagam
972 5307 1131 5361 :iliclti
1165 5310 1216 5360 in
1251 5308 1374 5361 loco
1415 5306 1679 5376 primario
1711 5306 1909 5357 acriter
1944 5304 2124 5357 infert.
2162 5319 2311 5355 cum-

729 5422 835 5473 que
866 5403 1088 5467 occidit,
1126 5412 1207 5455 est
1240 5401 1509 5453 homicula
1552 5401 1663 5451 lere
1705 5399 2061 5449 ιυΙιιιιιΑιίιιδ.
2102 5395 2308 5459 Quum-

733 5500 809 5551 iis
849 5498 996 5549 enim
1024 5507 1080 5546 ut
1114 5494 1440 5563 pi‘Opulsans
1476 5507 1600 5543 eum
1649 5492 1738 5557 qui
1780 5507 1900 5541 cum
1944 5492 2057 5556 ipso
2085 5495 2309 5556 pugnat,

734 5587 863 5641 illud
890 5586 1082 5639 l'ccerit
1118 5595 1322 5645 utﬁunt
1374 5586 1571 5635 damno
1602 5580 1859 5641 alliceret,
1896 5596 1999 5631 non
2043 5592 2219 5631 autem
2254 5588 2311 5629 nt

733 5680 955 5731 Omnino
987 5676 1353 5739 interﬁceret;
1391 5684 1567 5727 tamen
1598 5676 1664 5725 ah
1695 5673 1861 5726 animi
1902 5675 2153 5741 passione
2184 5684 2306 5722 CLIII

732 5776 931 5824 ιιιιιιιιι
987 5769 1155 5823 fuisse
1225 5781 1471 5839 apparet,
1526 5779 1576 5823 et
1629 5769 1833 5824 idcirco
1901 5767 2103 5820 homini
2163 5767 2307 5834 ligio

2426 4592 2622 4643 μακον,
2655 4577 2751 4626 καὶ
2780 4572 3123 4627 ἑπιδιδοῦσαι
3174 4574 3334 4626 τοῦτο
3386 4574 3559 4641 αὐτῷ,
3595 4575 3863 4627 σκότωσιν
3898 4578 4003 4644 ἑμ-

2422 4666 2611 4717 ποιοῦν
2661 4664 2765 4733 τῆς
2810 4665 3072 4729 διανοίας,
3123 4667 3172 4717 εί
3230 4665 3460 4718 ἀνέλωσι
3516 4666 3609 4717 τὸν
3678 4665 4000 4733 δεξάμενον,

2424 4756 2689 4816 ἑκουσίως
2721 4753 2981 4823 φονεῦσαι
3010 4753 3342 4819 λογίζονται.
3381 4754 3441 4805 '0
3472 4752 3527 4805 δὲ
3566 4751 3713 4804 λίθον
3742 4754 3837 4803 ἑπὶ
3861 4754 4001 4806 κύνα

2424 4846 2455 4911 ἢ
2490 4842 2709 4912 δένδρον
2745 4843 2997 4911 πέμπων,
3034 4845 3126 4894 ἐπὶ
3150 4843 3228 4912 τῷ
3258 4845 3319 4894 τὸ
3357 4842 3548 4912 Θηρίον
3598 4842 3937 4909 ἀμύνασθαι,
3968 4844 3999 4911 ἢ

2421 4936 2759 5002 τὸνκαρπὸν
2807 4938 3152 4997 κατασεῖσαι,
3198 4935 3291 4986 καὶ
3344 4935 3667 5002 αὐτομάτως
3728 4934 4001 5000 φονεύσας

2422 5025 2747 5093 ἄνθρωπον·
2780 5025 2813 5092 ἦ
2849 5026 2875 5077 6
2906 5024 3063 5094 λώρῳ
3099 5024 3131 5093 ἥ
3162 5024 3365 5094 βεργίῳ
3388 5026 3557 5090 τύψας
3606 5026 3727 5075 τινὰ
3781 5026 3874 5075 ἐπὶ
3923 5026 4001 5093 τῷ

2428 5115 2721 5183 gemmam
2762 5116 2924 5166 αὑτὸν
2950 5117 3363 5183 ἁμαρτάνοντα,
3422 5117 3516 5167 καὶ
3544 5116 3747 5168 ἀνελὼν
3814 5117 4000 5173 αὐτὸν.

2426 5211 2481 5259 ἐν
2506 5213 2614 5269 τοῖς
2643 5210 2925 5269 ἀκουσίοις
2951 5208 3062 5260 εἰσὶ
3082 5209 3389 5273 φονευταίς.
3423 5205 3481 5258 Ὀ
3512 5206 3565 5258 δὲ
3591 5209 3647 5257 ἑν
3677 5207 3829 5275 μάχῃ
3857 5205 4001 5273 ξύλῳ

2427 5304 2457 5370 ἢ
2486 5304 2630 5369 χειρὶ
2664 5300 2885 5369 πληγήν
2908 5316 3013 5351 τινι
3047 5301 3362 5363 ἐπενεγκὼν
3415 5298 3650 5365 ἀφειδῶς
3686 5301 3742 5349 ἑν
3772 5314 4006 5365 καιριω·

2420 5395 2569 5461 τάτῳ
2596 5392 2763 5457 τόπῳ,
2793 5392 2885 5442 καὶ
2913 5390 3119 5443 ἀνελὼν
3145 5391 3329 5454 αὑτὸν,
3365 5390 3530 5455 ἑγγύς
3553 5390 3671 5441 ἑστι
3705 5388 3796 5439 τοῦ
3845 5389 4003 5440 ἑκου-

2424 5488 2561 5538 σίου.
2596 5485 2712 5535 Κᾶν
2748 5484 2878 5551 γάρ,
2947 5484 3021 5543 ὡς
3081 5484 3425 5551 ἀμυνόμενος
3482 5483 3571 5533 τὸν
3636 5477 3753 5549 μετ’
3830 5478 4001 5531 αὑτοῦ

2428 5577 2756 5644 μαχόμενον,
2797 5573 2957 5626 τοῦτο
2986 5575 3269 5643 ἑποίησεν,
3325 5572 3463 5625 ὥστε
3508 5571 3759 5624 κακῶσαι
3813 5570 4002 5631 αὐτὸν,

2420 5670 2495 5738 μὴ
2526 5669 2711 5737 μέντοι
2755 5670 2810 5720 δὲ
2865 5669 2960 5720 καὶ
3018 5670 3236 5725 παντῶς
3274 5668 3481 5721 ἀνελεῖν
3515 5682 3529 5696 ”
3576 5664 3691 5717 ἀλλ’
3732 5658 3830 5716 οὖν
3880 5663 4010 5728 φαίο

2418 5780 2563 5817 νεται
2592 5764 2682 5817 καὶ
2717 5762 2824 5813 ὑπὸ
2847 5762 2940 5814 τοῦ
2964 5763 3170 5823 πάθους
3199 5761 3290 5813 τοῦ
3327 5757 3501 5829 Θυμοῦ
3536 5776 3604 5811 κα
3617 5755 4009 5827 τακρατηίιεὶς,
