4224 6446
260 400 357 463 C2]

1234 397 1315 457 IN
1338 397 1579 459 EPIST.
1609 401 1668 460 S.
1701 401 1987 463 BASHJI
2020 407 2452 471 CANONICAM
2490 410 2539 470 Ι.

3420 411 3524 474 6‘22

267 504 358 550 καὶ
394 500 479 550 διὰ
514 501 670 552 τοῦτο
709 504 941 569 ἀτειδῶς
972 509 1274 575 ἐπαγαγὼν
1331 514 1432 581 τὴν
1490 510 1707 581 πληγὴν
1763 511 1843 583 τῷ
1873 497 1923 555 Α

1873 497 1923 555 Α
1952 521 2104 586 gravi
2162 522 2375 589 plagam
2428 524 2626 576 acriter
2688 520 2932 575 intulisse
2968 539 2980 572 :
3031 528 3084 573 et
3118 517 3249 572 illud
3282 534 3384 573 non
3418 523 3521 575 erit

262 589 541 660 ἀνθρώπῳ
576 592 718 662 ξύλῳ
748 594 1055 667 βαρεζοκαὶ
1114 603 1215 654 οὐκ
1285 602 1434 655 ἔσται
1484 602 1545 655 τὸ
1596 600 1840 656 τοιοῦτον

260 684 441 753 πάντη
476 685 756 739 ἀκούσιον.

867 778 1110 833 ΚΔΝΩΝ
1151 778 1229 832 Θ’.

465 914 527 965 Ἡ
559 914 614 965 δὲ
644 912 737 965 τοῦ
766 912 969 982 Κυρίου
999 907 1298 976 ἀπόφασις,
1332 911 1470 963 κατὰ
1500 910 1596 979 μὲν
1628 908 1721 978 τὴν
1743 908 1841 977 τῆς

262 1001 474 1063 ἑννοίας
508 1000 850 1065 ἀκολουθίαν,
875 1000 933 1063 ἐξ
959 1002 1071 1051 ῐσου
1109 999 1199 1051 καὶ
1232 998 1451 1067 ἀνδράσι
1476 999 1566 1050 καὶ
1600 998 1841 1065 γυναιξὶν

265 1090 516 1160 ἁρμόζει,
542 1092 667 1160 περὶ
690 1089 781 1141 τοῦ
812 1089 885 1159 μὴ
910 1088 1105 1151 ἐξεῖναι
1130 1088 1307 1157 γάμου
1334 1087 1660 1151 ἐξίστασθαι.
1698 1105 1838 1158 παρ-

262 1182 423 1242 εκτὸς
470 1180 627 1246 λόγου
696 1180 971 1250 πορνείας.
1020 1180 1085 1231 Ἦ
1126 1180 1183 1231 δὲ
1218 1178 1470 1248 συνήθεια
1526 1180 1623 1247 ούχ
1669 1178 1839 1242 οὕτως

263 1274 403 1344 ἔχει·
437 1274 551 1325 ἀλλ’
580 1274 669 1325 ἐπὶ
706 1275 802 1343 μὲν
832 1274 937 1326 τῶν
972 1272 1246 1341 γυναικῶν
1286 1273 1481 1342 πολλὴν
1516 1275 1837 1343 εὑρίσκομεν

261 1363 673 1431 ἀκριϐολογίαν,
718 1363 809 1415 τοῦ
843 1364 939 1433 μὲν
978 1364 1296 1416 Ἀποστόλου
1330 1364 1604 1431 λέγοντος·
1646 1366 1763 1416 ’Ότι
1804 1366 1836 1416 ὀ

262 1452 646 1519 κολλώμενος
672 1451 745 1519 τῇ
774 1456 985 1520 πόρνῃ,
1018 1453 1087 1505 ἐν
1111 1452 1283 1521 σῶμά
1308 1455 1455 1507 ἐστι’
1483 1454 1575 1505 τοῦ
1600 1452 1654 1505 δὲ
1683 1453 1837 1524 Ἱερε-

262 1540 412 1609 μίου·
452 1542 600 1604 Ὅτι,
648 1542 755 1593 ἐὰν
800 1542 1037 1610 γένηται
1076 1543 1231 1610 γυνὴ
1275 1542 1444 1609 ἀνδρὶ
1476 1543 1679 1608 ἑτέρῳ.
1724 1546 1834 1603 οὐκ

258 1628 605 1695 ἐπιστρέψει
633 1628 781 1696 πρὸς
812 1630 917 1681 τὸν
941 1630 1128 1697 ἄνδρα
1162 1628 1379 1695 αὐτῆς,
1418 1632 1577 1684 ἀλλὰ
1610 1647 1835 1698 μιαινο-

256 1718 412 1785 μένη
436 1717 850 1785 μιανθήσεται·
890 1720 982 1770 καὶ
1012 1719 1187 1772 πάλιν·
1232 1721 1296 1772 '0
1334 1720 1489 1786 ἔχων
1514 1719 1835 1788 μοιχαλίδα

1950 610 2173 664 omnino
2205 611 2645 665 involuntarium.

2476 788 2586 861 64
2622 787 2851 842 οΑΝοΝ
2890 787 2977 843 Ix.

2146 908 2323 978 Eque
2366 909 2500 962 viris
2543 916 2594 962 et
2632 906 2957 961 mulieribus
3010 910 3266 962 convenit
3307 923 3508 962 secun-

1941 1004 2066 1057 dum
2100 1003 2383 1073 sententiae
2405 1002 2850 1056 consecutionem
2881 1000 3025 1069 quod
3062 1014 3090 1051 a
3120 1000 3351 1052 Domino
3381 1015 3506 1068 pro-

1940 1096 2247 1148 nuntiatum
2270 1101 2376 1156 cst,
2414 1108 2521 1147 non
2552 1094 2717 1147 licere
2747 1109 2776 1144 a
2814 1091 3163 1144 matrimonio
3194 1090 3503 1147 discedere,

1940 1186 2044 1239 nisi
2085 1186 2154 1238 ob
2182 1184 2619 1237 fornicationem.
2671 1182 3020 1236 Consuetudo
3054 1188 3232 1233 autem
3280 1196 3386 1233 non
3435 1181 3506 1232 ita

1940 1289 1999 1327 so
2048 1274 2228 1336 habet,
2274 1272 2368 1326 sed
2407 1273 2725 1325 mulieribus
2768 1272 2985 1341 quidem
3036 1270 3203 1322 multa
3252 1283 3505 1323 accurate

1936 1361 2216 1415 observari
2265 1360 2743 1427 deprehendimus,
2790 1376 2912 1414 cum
2955 1361 3246 1429 Apostolus
3280 1362 3498 1429 quidem

1936 1451 2104 1513 dicat,
2140 1450 2291 1515 Quod
2328 1453 2418 1519 qui
2469 1452 2700 1504 adhtrret
2751 1452 3034 1512 meretrici,
3082 1452 3141 1519 ﬁt
3184 1467 3345 1503 unum
3388 1468 3503 1503 cor-

1933 1552 2027 1603 pus
2078 1542 2133 1601 ις
2167 1536 2431 1591 Jeretnias
2491 1553 2641 1601 vero,
2687 1538 2839 1602 Quod
2873 1540 2919 1591 si
2950 1526 3117 1606 fuerit
3161 1539 3350 1591 mulier
3385 1556 3502 1591 cum

1936 1624 2040 1676 alio
2070 1624 2197 1686 viro,
2226 1640 2327 1676 non
2356 1632 2644 1677 revertetur
2678 1626 2744 1676 ad
2771 1627 2937 1677 virum
2966 1641 3142 1690 suum,
3174 1625 3264 1678 sed
3296 1628 3504 1693 polluta

1930 1715 2196 1780 polluetur
2239 1716 2258 1745 ¹
2293 1732 2307 1781 ;
2342 1723 2395 1769 et
2433 1716 2649 1779 iterum,
2690 1716 2793 1781 Qui
2838 1715 2990 1768 habet
3020 1717 3335 1782 adulteram,
3364 1719 3500 1770 stul-

260 1809 466 1877 ᾶφρων
489 1809 585 1860 καί
613 1809 857 1876 ἀσεϐής.
894 1808 955 1860 Ἠ
985 1809 1040 1861 δὲ
1080 1809 1334 1879 συνήθεια
1368 1808 1458 1859 καὶ
1482 1808 1832 1877 μοιχεύοντας
1864 1794 1904 1848 Β

1864 1794 1904 1848 Β
1934 1814 2016 1858 (ιη
2042 1814 2120 1858 est
2149 1814 2198 1857 et
2227 1804 2421 1873 impius
2472 1807 2511 1858 ³.
2548 1806 2901 1860 Consuetudo
2932 1818 3108 1859 autem
3146 1809 3308 1861 etiam
3349 1808 3501 1861 adul-

256 1899 457 1967 ἄνδρας
486 1899 577 1950 καὶ
608 1900 663 1950 ἐν
692 1899 965 1967 πορνείαις
991 1898 1146 1959 ὄντας
1172 1899 1492 1965 κατέχεσθαι
1524 1898 1625 1949 ὑπὸ
1650 1914 1833 1964 γυναι-

260 1989 371 2041 κῶν
406 1990 754 2058 προστάσσει.
790 1990 949 2040 Ὥστε
980 1990 1011 2057 ἡ
1046 1987 1121 2057 τῷ
1153 1988 1430 2060 ἅφειμὲνῳ
1460 1987 1611 2057 ἀνδρὶ
1652 2005 1829 2040 συνοιο

258 2078 431 2130 κοῦσα
454 2080 553 2130 οὐκ
572 2075 686 2131 οἶδα
710 2080 757 2130 εί
783 2078 1003 2129 δύναται
1036 2078 1280 2147 μοιχαλὶς
1458 2078 1827 2148 χρηματίζειν.

257 2168 330 2219 Τὸ
357 2168 466 2238 γὰρ
506 2167 752 2237 ἔγκλημα
783 2167 1014 2218 ἐνταῦθα
1043 2166 1141 2234 τῆς
1173 2165 1517 2233 ἀπολυσάσης
1546 2166 1634 2217 τὸν
1666 2166 1830 2235 ἄνδρα

256 2257 511 2321 ἅπτεται,
550 2259 687 2310 κατὰ
720 2257 877 2308 ποίαν
909 2257 1086 2309 αἰτίαν
1264 2256 1471 2325 ἀπέστη
1509 2254 1601 2306 τοῦ
1632 2256 1830 2324 γάμου.

255 2350 378 2401 Εῐτε
420 2350 515 2401 καὶ
552 2349 893 2417 τυπτομένη,
937 2348 1009 2417 μὴ
1044 2348 1282 2416 φέρουσα
1465 2347 1560 2409 τὰς
1598 2348 1829 2414 πληγὰς,

255 2438 549 2506 ὑπομένειν
591 2438 757 2507 ἐχρῆν
797 2438 995 2506 μᾶλλον
1040 2435 1072 2498 ἢ
1109 2435 1483 2505 διαζευχθῆναι
1522 2438 1615 2487 τοῦ
1656 2453 1829 2489 συνοι-

252 2527 498 2590 κοῦντος·
535 2527 644 2579 εἴτε
688 2528 786 2596 τὴν
835 2529 913 2588 εἰς
963 2525 1031 2577 τὰ
1078 2526 1332 2594 χρήματα
1370 2523 1571 2593 ζημίαν
1617 2525 1690 2593 μὴ
1736 2525 1831 2593 φέ-

257 2634 446 2687 ρουσα,
482 2618 600 2670 οὐδὲ
626 2618 766 2686 αὕτη
796 2619 827 2686 ή
856 2618 1125 2686 πρόφασις
1153 2616 1446 2683 ἀξιόλογος.
1485 2617 1549 2668 Et
1571 2616 1626 2669 δὲ
1652 2616 1737 2670 διὰ
1765 2618 1825 2669 τὸ

252 2708 310 2759 ἐν
335 2708 561 2779 πορνεία
590 2708 750 2760 αὑτὸν
782 2708 879 2777 ζῇν
898 2751 910 2769 ,
940 2709 1039 2759 οὐκ
1075 2707 1269 2776 ἔχομεν
1299 2706 1453 2759 τοῦτο
1502 2708 1559 2759 ἰν
1592 2710 1658 2777 τῇ
1705 2724 1827 2760 συν-

252 2796 411 2869 ηθείᾳ
460 2802 524 2868 τῇ
576 2799 994 2867 ἐκκλησιαστικῇ
1025 2798 1083 2849 τὸ
1125 2798 1524 2867 παρατήρημα·
1560 2795 1693 2849 ἀλλὰ
1736 2797 1827 2849 καὶ

252 2887 482 2938 ἀπίστου
512 2887 697 2955 ἀνδρὸς
720 2886 1045 2956 χωρίζεσθαι
1068 2884 1127 2936 οὐ
1157 2882 1495 2955 προσετάχθη
1666 2884 1823 2952 γυνὴ,

250 2980 387 3032 ἀλλὰ
433 2980 799 3048 παραμένειν,
835 2976 921 3028 διὰ
962 2976 1023 3027 τὸ
1068 2976 1257 3044 ἄδηλον
1298 2974 1395 3042 τῆς
1438 2972 1732 3034 ἐκϐάσεως.
1766 2974 1826 3025 Τί

1932 1902 2081 1946 teros
2108 1894 2256 1947 viros
2292 1902 2345 1948 et
2386 1895 2439 1947 in
2477 1893 2936 1949 fornicationihus
2971 1908 3252 1953 versantes
3280 1898 3434 1966 jubet
3471 1914 3499 1951 a

1933 1985 2253 2039 mulieribus
2312 1986 2559 2041 retineri.
2593 1985 2771 2051 Quare
2803 2002 2923 2054 qua:
2970 2003 3075 2040 una
3111 2003 3233 2041 cum
3267 1990 3383 2043 viro
3416 1989 3500 2042 di-

1934 2074 2104 2127 misso
2136 2074 2369 2140 habitat,
2402 2077 2588 2130 nescio
2626 2091 2692 2129 an
2733 2080 2906 2145 possit
2937 2077 3179 2131 adultera
3209 2081 3495 2149 appellari.

1930 2162 2148 2217 Crimen
2180 2166 2324 2217 enim
2360 2164 2449 2218 hic
2494 2165 2709 2234 attingit
2746 2168 3048 2229 mulierem,
3082 2184 3202 2237 quae
3422 2173 3499 2221 vi-

1934 2267 2053 2305 rum
2087 2252 2337 2320 dimisit,
2373 2268 2607 2322 quanam
2640 2256 2706 2308 de
2730 2269 2895 2310 causa
2940 2272 2967 2308 a
2999 2258 3254 2326 conjugio
3283 2257 3495 2311 disces-

1931 2342 2085 2395 serit.
2124 2340 2254 2395 Sive
2300 2344 2442 2394 cnim
2479 2358 2739 2412 percussa
2776 2345 2962 2415 plagas
3000 2360 3107 2397 nou
3144 2345 3303 2409 fet-at,
3356 2348 3496 2400 fet-re

1928 2432 2099 2485 satius
2124 2440 2240 2484 erat
2267 2448 2427 2501 quam
2460 2448 2488 2485 a
2517 2434 2748 2503 conjuge
2775 2436 3019 2504 separari
3049 2454 3061 2489 :
3096 2438 3209 2491 sive
3235 2437 3494 2491 damnum

1928 2521 1982 2574 in
2028 2524 2278 2590 pecuniis
2308 2538 2416 2575 non
2453 2524 2609 2585 ferat,
2645 2542 2713 2580 ne
2740 2526 2855 2578 haec
2891 2524 3109 2594 quidem
3139 2527 3286 2595 justa
3322 2542 3492 2581 excu-

1926 2612 2064 2664 satio
2094 2631 2105 2664 :
2135 2612 2220 2665 sin
2274 2625 2476 2673 autem.
2526 2616 2784 2683 quoniam
2836 2616 2953 2685 ipse
2995 2619 3126 2671 vivit
3168 2621 3220 2671 in
3256 2618 3493 2673 fornica-

1929 2702 2094 2764 tione,
2127 2717 2235 2755 non
2265 2703 2524 2757 habemus
2549 2706 2689 2758 hanc
2722 2707 2776 2759 in
2798 2709 3172 2762 ecclesiastica
3198 2722 3493 2765 consuetu-

1931 2790 2057 2845 a‘ine
2089 2792 2550 2857 observationem,
2587 2798 2698 2849 imo
2731 2812 2860 2851 vero
2888 2798 2954 2851 ab
2987 2799 3190 2852 inﬁdeli
3230 2802 3347 2854 viro
3382 2816 3489 2854 non

1918 2880 2081 2948 iussa
2121 2888 2203 2936 est
2239 2883 2435 2935 mulier
2470 2886 2735 2951 separari,
2765 2886 2858 2939 sed
2882 2897 3105 2955 propter
3135 2899 3383 2943 eventum
3415 2893 3493 2944 in-

1928 2979 2135 3023 certum
2163 2986 2465 3025 remanere.
2496 2972 2637 3037 Quid
2660 2976 2795 3026 enim
2826 2977 2953 3042 scis,
2979 2976 3188 3038 mulier,
3223 2996 3288 3030 an
3322 2982 3487 3031 virum

252 3068 364 3135 γὰρ
395 3064 581 3130 οἶδας,
615 3068 819 3133 γύναι,
860 3066 910 3116 εί
948 3065 1054 3115 τὸν
1087 3063 1276 3129 ἄνδρα
1306 3062 1561 3127 σώσεις;
1594 3063 1753 3114 Ὥστε
1790 3064 1821 3131 ἡ
1848 3070 1892 3129 c

1820 3070 1892 3129 κο
1927 3059 2127 3111 salvum
2180 3061 2253 3112 ris
2300 3060 2614 3129 factura‘?
2677 3063 2876 3129 Quare,
2932 3081 3052 3135 quae
3108 3068 3350 3135 reliquit,
3404 3079 3488 3122 est

251 3156 643 3215 καταλιποῦσα,
679 3154 944 3222 μοιχαλὶς,
970 3156 1018 3205 εί
1050 3155 1133 3205 ἐπ’
1160 3153 1316 3205 ἄλλον
1344 3149 1503 3223 ἢλθεν
1539 3152 1727 3221 ἄνδρα.
1765 3152 1821 3205 Ὀ

248 3247 305 3297 δὲ
342 3245 724 3314 καταλειφθεὶς
764 3246 1105 3311 συγγνωστός
1143 3247 1276 3304 ἐστι,
1309 3246 1402 3296 καὶ
1432 3246 1464 3313 ἡ
1502 3243 1822 3297 συνοικοῦσα

248 3336 327 3405 τῷ
350 3337 571 3407 τοιούτῳ
598 3338 656 3388 οὐ
692 3336 1093 3403 κατακρίνεται.
1127 3336 1187 3387 Et
1223 3335 1403 3403 μέντοι
1438 3337 1465 3387 ὀ
1496 3335 1661 3405 ἀνὴρ,
1690 3336 1820 3387 ἀπο-

250 3427 383 3489 στὰς
414 3426 513 3494 τῆς
537 3426 809 3492 γυναικὸς,
836 3424 921 3475 ἐπ’
944 3424 1109 3490 ἄλλην
1128 3419 1278 3492 ἦλθε,
1309 3423 1402 3473 καὶ
1427 3422 1586 3484 αὐτὸς
1612 3424 1815 3491 μοιχὸς,

245 3514 382 3566 διότι
434 3516 579 3565 ποιεῖ
625 3512 791 3580 αὐτὴν
846 3510 1212 3578 μοιχευθῆναι·
1264 3512 1353 3562 καὶ
1409 3513 1440 3581 ἡ
1491 3514 1806 3571 συνοικοῦσα

233 3601 409 3668 αύτῷ,
459 3599 718 3669 μοιχαλὶς,
759 3599 890 3650 διότι
928 3598 1199 3667 ἀλλότριον
1235 3601 1399 3668 ἄνδρα
1441 3603 1573 3671 πρὸς
1609 3605 1805 3677 ἑαυτὴν

238 3688 476 3755 μετέστη
486 3705 595 3741 σεν.

300 3785 500 3838 ΒΔΛΣ.
545 3784 872 3856 Ἐρωτηθεὶς
896 3786 924 3837 ό
954 3785 1110 3849 ἆγιος
1138 3783 1189 3835 τί
1213 3782 1419 3850 ὀφείλει
1449 3782 1694 3849 γίνεσθαι
1724 3785 1804 3843 εις

227 3877 357 3938 τοὺς
388 3875 711 3943 όμοζύγους,
748 3875 845 3927 ὲάν
868 3891 953 3936 τις
986 3873 1044 3938 ἐξ
1100 3872 1281 3926 αὐτῶν
1327 3875 1406 3935 είς
1438 3872 1626 3941 ἕτερον
1673 3873 1802 3944 ἔλθῃ

228 3969 428 4038 γάμον,
459 3970 492 4037 ἥ
529 3970 622 4019 καὶ
661 3964 935 4036 πορνεύσῃ
958 3980 969 3994 ·
1001 3964 1227 4033 ἐποίησε
1260 3965 1353 4016 τὸν
1396 3964 1665 4031 ἀπόλογον
1695 3966 1803 4016 ἀπὸ

224 4057 843 4128 διατόρωνγραφικῶν,
873 4056 968 4109 καὶ
991 4058 1054 4107 ὲκ
1074 4053 1171 4122 τῆς
1198 4055 1319 4107 τότε
1342 4056 1648 4123 κρατούσης
1682 4072 1803 4106 συνο

224 4150 445 4216 ηθείας.
492 4148 643 4200 Ἐπεὶ
679 4147 735 4197 δὲ
765 4143 834 4197 τὰ
862 4146 917 4195 ιν
975 4143 1051 4212 τῷ
1098 4142 1324 4211 τοιούτῳ
1374 4143 1558 4195 κανόνι
1623 4146 1801 4197 πάντα

229 4240 420 4308 σχεδὸν
453 4236 835 4305 μετετύπωσεν
868 4236 899 4304 ή
930 4232 1029 4302 put”
1097 4234 1282 4301 Νεαρὰ
1350 4234 1799 4300 ’1ουστινιάνιιος,

1924 3150 2190 3212 adultera,
2246 3152 2289 3205 si
2327 3152 2394 3205 ad
2439 3153 2605 3206 alium
2658 3155 2831 3206 virum
2882 3156 3135 3211 accessit.
3166 3157 3267 3221 Qui
3302 3168 3482 3210 autem

1919 3241 2146 3296 relictus
2184 3248 2290 3305 est,
2324 3243 2521 3313 dignus
2548 3252 2631 3298 est
2659 3246 2840 3309 venia,
2876 3254 2930 3300 et
2959 3263 3078 3316 qua:
3120 3266 3224 3303 una
3259 3265 3380 3303 cum
3421 3266 3486 3303 co

1923 3330 2150 3394 habitat,
2183 3346 2293 3385 non
2324 3332 2737 3388 condemnatur.
2768 3332 2872 3388 Sed
2896 3336 2941 3389 si
2966 3339 3066 3403 vir,
3100 3340 3191 3405 qui
3221 3340 3288 3391 ali
3317 3354 3487 3390 uxore

1924 3422 2201 3489 discessit,
2244 3428 2478 3480 accessit
2516 3428 2582 3481 ad
2625 3429 2808 3491 aliam,
2856 3439 2941 3484 est
2982 3438 3036 3484 et
3084 3431 3199 3499 ipse
3247 3432 3483 3495 adulter,

1920 3528 2047 3581 quta
2083 3514 2217 3567 facit
2270 3522 2330 3568 ut
2368 3518 2484 3586 ipsa
2540 3518 2866 3573 adulterium
2909 3522 3241 3583 committat;
3283 3530 3335 3574 ct
3366 3539 3485 3590 qua:

1920 3617 2027 3655 una
2060 3619 2179 3657 cum
2224 3606 2344 3673 ipso
2390 3606 2616 3672 habitat,
2655 3619 2738 3661 cst
2762 3610 3029 3672 adultera,
3069 3612 3193 3677 quia
3240 3611 3475 3662 alienum

1919 3689 2091 3740 virum
2118 3690 2182 3742 ad
2216 3706 2273 3743 se
2306 3692 2571 3745 traduxit.

1985 3784 2178 3839 BALS.
2236 3783 2473 3841 Sanctus
2528 3784 2911 3853 interrogatus,
2961 3787 3091 3856 quid
3157 3787 3317 3843 debet
3364 3790 3476 3843 ﬂeri

1912 3876 2251 3945 coniugibus,
2286 3878 2331 3931 si
2371 3876 2492 3945 quis
2542 3890 2608 3930 ex
2675 3877 2807 3945 ipsis
2856 3890 2917 3929 se
2971 3878 3036 3929 ad
3091 3877 3237 3929 aliud
3287 3878 3476 3929 matri»

1917 3969 2156 4022 monium
2214 3970 2528 4027 contulerit.
2591 3966 2677 4021 vel
2728 3969 2892 4020 etiam
2954 3968 3257 4021 fornicatus
3292 3968 3475 4030 fuerit,

1908 4050 2040 4107 fecit
2070 4068 2389 4123 responsum
2414 4070 2479 4109 ex
2511 4054 2743 4109 diversis
2778 4055 3089 4123 scripturis,
3130 4063 3183 4108 et
3238 4071 3301 4107 ex
3344 4071 3475 4109 ccu-

1909 4144 2194 4199 sttetudiue
2240 4161 2359 4214 qua:
2390 4155 2516 4199 tunc
2539 4146 2883 4200 servabatur.
2926 4145 3062 4211 Quia
3103 4158 3307 4209 autem,
3357 4162 3476 4214 qua:

1909 4234 1962 4288 in
1990 4235 2092 4289 hoc
2126 4250 2334 4290 canone
2356 4237 2457 4291 sita
2492 4248 2639 4300 sunt,
2670 4238 2767 4290 H7
2812 4238 3159 4305 imperatoris
3185 4236 3474 4290 Justiniani

224 4334 258 4397 ἡ
297 4330 527 4396 κειμένη
562 4329 618 4378 ὲν
650 4325 725 4395 τῷ
757 4324 799 4389 ζ’
834 4324 996 4393 τίτλῳ
1024 4323 1118 4377 τοῦ
1148 4321 1234 4388 κη’
1269 4322 1498 4392 βιϐλίου,
1527 4325 1800 4390 ἀνάγνωθι
1834 4356 1876 4409 D

1834 4356 1876 4409 υ
1909 4326 2141 4390 novella,
2179 4342 2297 4396 quae
2328 4327 2378 4381 in
2427 4330 2510 4381 tit.
2536 4328 2593 4391 7,
2625 4329 2718 4382 lib.
2751 4342 2920 4381 xxvut
2980 4328 3153 4396 posita
3189 4338 3293 4387 est.
3329 4328 3476 4396 peni-

224 4420 453 4485 ταύτην,
495 4416 755 4475 ὡσαύτως
786 4414 880 4465 καὶ
908 4414 1006 4481 τὴν
1038 4419 1144 4482 ρια⁹
1174 4412 1418 4480 Νεαρὰν,
1469 4414 1565 4463 καὶ
1608 4412 1799 4474 ἁπλῶς

1908 4427 1993 4471 tus
2027 4420 2359 4485 immutavit,
2418 4423 2533 4489 lege
2574 4436 2691 4473 eam
2726 4422 2994 4484 similiter,
3044 4432 3095 4474 et
3144 4421 3235 4474 lll
3292 4422 3474 4475 novel-

224 4510 338 4561 dub
365 4507 459 4560 τοῦ
493 4504 539 4559 α’
567 4525 693 4573 κεφ.
717 4505 811 4557 τοῦ
840 4503 1002 4556 αὐτοῦ
1033 4503 1212 4555 τίτλου
1270 4503 1433 4570 μέχρι
1461 4503 1553 4553 καὶ
1589 4501 1680 4553 τοῦ
1719 4519 1756 4565 ς
1779 4544 1793 4562 ,

1908 4506 2038 4568 lam,
2095 4518 2148 4561 et
2196 4520 2257 4561 ut
2314 4511 2475 4562 semel
2508 4510 2707 4574 dicam,
2744 4524 2775 4563 a
2806 4509 2982 4577 primo
3013 4510 3192 4576 capite
3226 4511 3471 4578 ejusdem

225 4603 325 4653 καὶ
362 4600 542 4668 μάθῃς
580 4602 722 4651 κατὰ
766 4598 966 4658 πόσους
1006 4596 1244 4665 τρόπους
1272 4593 1491 4646 λύονται
1519 4594 1587 4645 τὰ
1622 4610 1801 4645 συνοι-

1906 4597 1990 4647 tit.
2019 4610 2187 4663 usque
2217 4597 2282 4650 ad
2313 4596 2364 4662 6,
2398 4608 2453 4651 et
2484 4601 2626 4653 scies
2651 4609 2785 4667 quot
2821 4600 2991 4653 modis
3025 4600 3308 4654 solvantur
3334 4617 3472 4655 con-

224 4692 412 4753 κέσια,
446 4688 681 4749 καὶπῶς
707 4684 1033 4749 κολάζονται
1059 4688 1184 4737 ὅσον
1213 4684 1351 4745 τέως
1393 4683 1501 4735 ἀπὸ
1529 4683 1623 4735 τοῦ
1656 4684 1801 4737 πολι-

1900 4686 2073 4753 jugia,
2104 4696 2156 4741 et
2198 4692 2469 4754 quomodo
2499 4705 2528 4742 a
2559 4690 2675 4757 lege
2703 4691 2846 4744 civili
2880 4692 3176 4759 puniuntur
3204 4694 3291 4760 qui
3321 4694 3477 4746 adul-

222 4780 381 4833 τικοῦ
406 4780 571 4847 νόμου
604 4781 653 4831 οἱ
687 4777 1033 4847 μοιχεύοντες
1064 4779 1127 4829 ὲκ
1170 4774 1278 4828 τῶν
1310 4772 1615 4843 όμοζύγων,
1646 4772 1679 4842 ἢ
1710 4772 1800 4825 καὶ

1906 4784 2152 4829 terantur
2184 4795 2211 4831 e
2242 4780 2581 4848 conjugibus,
2618 4781 2701 4835 vel
2735 4782 2896 4836 etiam
2929 4782 3309 4849 fornicamur;
3337 4799 3475 4852 pra:-

226 4871 583 4942 πορνεύοντες
612 4887 625 4901 ο
660 4870 797 4937 πρὸς
827 4869 882 4921 δὲ
910 4869 1001 4920 καὶ
1043 4868 1093 4920 oi
1129 4865 1457 4933 παραλόγως
1507 4864 1605 4933 τὴν
1673 4867 1801 4933 ὀμο-

1906 4877 2047 4920 terea
2081 4878 2261 4921 autem
2286 4878 2339 4923 et
2366 4871 2458 4938 qui
2484 4878 2682 4939 praeter
2709 4873 2973 4926 rationem
3003 4875 3125 4927 vita:
3154 4876 3472 4929 societatem

222 4961 395 5026 ζωῖαν
425 4950 955 5028 καταλιμπάνοντες.
1023 4958 1326 5025 Ἀνὰγνωθι
1354 4958 1449 5009 καὶ
1505 4958 1597 5008 τὸν
1643 4956 1798 5008 ἕκτον

1904 4958 2240 5026 relinquunt.
2296 4960 2436 5029 Lego
2516 4962 2645 5015 item
2710 4978 2975 5016 cauonem
3032 4963 3099 5017 96
3157 4966 3370 5018 concilii
3423 4968 3472 5018 itt

223 5056 319 5106 καὶ
352 5052 736 5121 ὲννενηκοστὸν
766 5052 970 5103 κανόνα
994 5050 1095 5114 τῆς
1122 5053 1179 5102 ιν
1242 5050 1320 5119 τῷ
1354 5049 1608 5118 Τρούλ).ῳ
1669 5065 1793 5100 συν-

1902 5046 2090 5102 Trullo
2145 5056 2199 5102 et
2256 5065 2375 5118 qua:
2428 5051 2479 5104 in
2518 5066 2642 5105 eum
2695 5054 2899 5121 scripta
2958 5065 3106 5107 sunt.
3141 5054 3276 5122 Lege
3307 5056 3470 5109 etiam

221 5147 367 5208 όδου,
400 5146 495 5197 καὶ
516 5144 583 5197 τὰ
612 5146 669 5195 ὲν
699 5142 880 5212 αὐτῷ·
941 5141 1205 5203 ὡσαύτως
1272 5139 1545 5208 ἀνάγνωθι
1598 5140 1689 5190 καὶ
1728 5138 1795 5190 τὰ

1897 5139 2040 5207 jura,
2101 5154 2223 5207 quae
2262 5139 2329 5192 ad
2392 5139 2554 5194 finem
2620 5156 2795 5210 usque
2849 5144 3009 5212 primi
3069 5144 3262 5212 capitis
3296 5146 3466 5200 tit.“

220 5238 305 5298 εἰς
332 5236 395 5288 τὸ
424 5234 577 5295 τέλος
608 5234 702 5285 τοῦ
734 5240 781 5285 α’
820 5250 948 5300 κεφ.
969 5232 1063 5285 τοῦ
1102 5239 1168 5283 ια’
1198 5232 1376 5283 τίτλου
1407 5232 1499 5283 τοῦ
1529 5230 1793 5301 παρόντος

1900 5233 2188 5297 praesentis
2256 5230 2439 5296 operis
2474 5232 2578 5284 sita
2609 5242 2738 5286 sunt
2773 5274 2789 5296 ,
2824 5235 3075 5287 similiter
3111 5245 3164 5288 et
3205 5236 3471 5305 interpre-

221 5324 603 5390 συντάγματος
653 5322 1112 5391 καταστρωθέντα
1152 5321 1395 5390 νόμιμα’
1458 5322 1657 5387 ὁμοίως
1701 5320 1794 5370 καὶ

1898 5323 2156 5371 tationem
2193 5321 2387 5388 capitis
2424 5337 2457 5373 ν
2498 5322 2745 5391 ejusdem
2779 5323 2861 5376 tit.
2894 5334 2946 5377 et
2974 5338 3038 5376 cx
3084 5325 3169 5377 his
3220 5326 3468 5380 omnibus

220 5418 321 5485 τὴν
350 5414 647 5484 ἑρμηνείαν
677 5414 769 5465 τοῦ
815 5413 855 5464 ε’
908 5429 1030 5480 κεςρ.
1084 5411 1180 5464 τοῦ
1244 5410 1407 5464 αὐτοῦ
1462 5411 1664 5474 τίτλον,
1702 5412 1794 5463 καὶ

908 5429 1030 5480 κειρ.
1084 5411 1180 5464 τοῦ
1244 5410 1407 5464 αὐτοῦ
1462 5411 1664 5474 τίτλον,
1702 5412 1794 5463 καὶ
1898 5408 2017 5463 fuse
2053 5410 2119 5462 de
2144 5409 2228 5465 his
2255 5412 2532 5482 intelliges.

224 5509 409 5578 μάθῃς
434 5507 498 5559 ἑκ
536 5504 754 5558 πάντων
787 5505 1034 5565 πλατέως
1083 5504 1149 5555 τὰ
1188 5514 1325 5571 περι·
1345 5505 1571 5554 τούτων.

290 5597 543 5653 ΖΩΝΑΡ.
569 5596 660 5665 Μὴ
681 5595 903 5648 λύεσθαι
946 5596 1125 5664 γάμον
1158 5595 1429 5660 rapax-dt;
1460 5593 1616 5657 λόγου
1655 5607 1789 5661 πορ·

222 5692 371 5749 νιίας
403 5691 430 5739 ὁ
456 5688 659 5759 Κύριος
694 5689 1037 5755 ἀπεφήνατο.
1078 5684 1295 5753 Ταύτην
1325 5684 1415 5736 οὖν
1443 5686 1539 5753 τὴν
1573 5684 1788 5750 ἀπόφα-

313 5800 325 5828 ¹
361 5802 378 5855 l
407 5800 534 5857 Cor.
562 5818 634 5866 vt,
664 5802 748 5855 l6.

1967 5585 2218 5641 ZONAR.
2260 5586 2335 5642 Ne
2384 5589 2669 5644 solvantur
2705 5592 2928 5660 ttttptize,
2961 5601 3187 5660 excepta
3228 5592 3465 5645 fornica-

1899 5678 2061 5732 tionis
2083 5694 2271 5743 Causa,
2315 5678 2580 5736 Dominus
2612 5685 2887 5753 praecepit.
2927 5681 3035 5738 Hoc
3069 5684 3231 5752 igitur
3263 5698 3468 5754 prace-

849 5795 867 5824 ⁸
895 5800 1094 5855 Jcrrm.
1122 5815 1201 5862 ιιι,
1240 5800 1288 5853 i.
1393 5793 1411 5823 ³
1441 5796 1597 5852 Prov.
1622 5812 1773 5859 svnt,
1802 5794 1891 5847 22.
1990 5792 2007 5821 ⁸
2042 5793 2055 5846 I
2088 5793 2215 5847 Cor.
2260 5811 2355 5857 vn,
2393 5794 2476 5848 16.
