4224 6446
743 378 847 439 623

1998 386 2276 446 'IHEOD.
2313 385 2402 444 BA
2414 383 2711 445 LSAMON
2756 415 2767 427 -

3871 383 3987 446 '62!

745 501 894 558 ptum
926 506 986 544 ex
1016 506 1171 560 reque
1198 508 1425 563 magnus
1447 494 1535 548 bic
1562 494 1719 550 Pater
1747 496 1875 549 viris
1910 506 1961 548 et
1991 495 2305 548 mulieribus
2333 496 2378 553 Α
2411 519 2413 537 ι

2333 496 2378 553 Δ
2411 510 2494 546 σιν
2532 496 2724 564 ἐπίσης
2756 498 2923 563 φησὶν
2978 500 3003 550 6
3050 501 3223 567 μέγας
3274 491 3429 561 οὗτος
3479 500 3668 569 Πατὴρ
3718 497 3987 565 ἁρμόζειν

745 582 1036 635 convenire
1072 584 1285 643 asserit.
1345 585 1413 637 ita
1458 595 1513 636 ιιι
1554 600 1652 639 uec
1694 586 1805 638 viro
1838 600 1990 637 suam
2039 584 2307 637 dimitti-re

746 684 990 733 uxorein,
1018 688 1119 725 nec
1150 674 1304 725 uxori
1340 688 1367 724 a
1399 674 1515 727 viro
1538 675 1831 729 abscedere
1863 675 2183 742 permissum
2211 675 2306 725 sit.

746 759 850 812 Sed
888 765 1225 815 consuetudo
1262 777 1368 815 non
1402 764 1591 817 eodem
1630 764 1789 819 modo
1812 779 1870 818 se
1894 762 2058 817 habet
2095 763 2145 813 in
2178 761 2307 814 viris

745 854 835 917 qui
873 852 1183 920 relinquunt
1216 869 1438 915 uxores,
1462 863 1516 906 et
1545 856 1865 909 mulierilms
1894 869 2014 923 qua:
2055 854 2195 905 idem
2227 850 2307 902 la—

745 945 915 994 ciuni.
950 942 1137 996 Mulier
1187 945 1475 1012 siquidem,
1504 960 1624 1013 qua:
1648 960 1676 997 a
1718 947 1834 998 viro
1864 944 2087 1007 secedit,
2120 942 2309 994 alteri-

745 1049 848 1099 que
934 1034 1263 1102 adjungilur,
1305 1034 1543 1091 adultera
1601 1037 1893 1105 judicatur,
1940 1051 2039 1089 nec
2074 1033 2305 1099 amplius

744 1138 773 1173 ιι
800 1125 916 1175 viro
954 1140 1074 1189 suo,
1122 1128 1224 1178 nisi
1264 1129 1307 1180 is
1350 1128 1606 1193 voluerit,
1642 1131 1956 1195 recipietur.
1990 1124 2179 1178 Virum
2213 1138 2309 1176 au-

748 1225 849 1267 tem
882 1216 1094 1269 etiamsi
1131 1218 1433 1273 fornicatus
1485 1220 1647 1274 fuerit
1675 1228 1767 1272 aut
1807 1220 2158 1280 adulteratus,
2194 1231 2307 1269 mu-

746 1302 845 1355 lier
876 1306 1191 1372 relinquere
1229 1306 1370 1359 baud
1434 1317 1633 1373 potest.
1685 1308 1760 1360 Ac
1809 1307 1853 1359 si
1901 1307 2152 1372 deinceps
2183 1302 2308 1357 reli-

733 1405 863 1444 ctus
912 1410 1034 1445 enin
1085 1397 1256 1448 altera
1304 1400 1467 1450 vitam
1526 1410 1670 1465 agat,
1731 1412 1851 1465 qua
1892 1396 1963 1449 illi
1996 1393 2307 1462 adjungilur

743 1496 1112 1550 nequaquam,
1151 1487 1246 1547 ait,
1284 1488 1526 1540 adultera
1584 1487 1941 1555 iudicabitur.
1971 1484 2191 1538 Crimen
2230 1484 2307 1536 si-

742 1570 961 1635 quidem
999 1571 1141 1624 illius
1176 1584 1277 1635 est,
1329 1589 1450 1642 quas
1486 1575 1664 1626 virum
1690 1589 1845 1627 suum
1901 1572 2120 1639 reliquit
2157 1588 2170 1623 :
2210 1584 2308 1623 nec

742 1662 887 1713 enim
919 1662 966 1715 ei
1009 1677 1035 1712 a
1073 1664 1186 1715 viro
1218 1665 1494 1717 discedere
1527 1678 1845 1717 ccucessum
1878 1673 1979 1715 est.
2029 1661 2159 1725 Sed,
2194 1662 2308 1713 sive

743 1766 802 1802 sc.
834 1767 953 1805 cum
995 1752 1082 1804 illa
1112 1754 1307 1806 accibe
1342 1764 1513 1822 gerat,
1549 1753 1688 1807 ferre
1710 1761 1923 1820 Oportet
1957 1766 1972 1805 :
2007 1752 2120 1805 sive
2146 1764 2310 1818 pecu—

741 1841 845 1894 ni.e
899 1843 1165 1911 jacturam
1223 1844 1477 1910 patiatur,
1521 1845 1646 1897 dum
1690 1843 1837 1896 videt
1887 1843 1953 1896 ab
2004 1858 2069 1895 eo
2123 1841 2304 1895 dotem

743 1932 952 1985 absumi
980 1949 993 1997 ;
1033 1933 1143 1984 sive
1167 1940 1418 2000 tangatur
1442 1933 1731 2003 zelotypia,
1773 1933 1914 2001 quod
1946 1946 2066 1985 cum
2100 1930 2223 1983 aliis
2248 1937 2307 1982 ut

744 2022 823 2073 vir
852 2033 1251 2091 corrumpatur,
1295 2023 1668 2077 obdurandum
1703 2032 1809 2085 est,
1861 2036 1957 2075 nec
1990 2035 2019 2073 a
2061 2021 2180 2073 viro
2209 2019 2307 2073 ab-

741 2111 1089 2164 scedendum.
1135 2112 1187 2165 Si
1223 2114 1387 2178 enim,
1414 2128 1533 2166 cum
1570 2113 1798 2166 inﬁdelis
1845 2112 1917 2165 sit
1947 2112 2081 2164 alter
2120 2111 2309 2179 conju-

740 2216 887 2267 gum,
918 2203 1069 2255 alteri
1104 2204 1169 2255 ab
1192 2218 1256 2257 eo
1286 2205 1535 2257 secedere
1569 2204 1685 2271 ipso
1739 2204 1905 2256 invito
1937 2201 2044 2272 65
2084 2202 2307 2255 vetitum

738 2302 843 2351 est,
882 2293 1021 2344 beati
1070 2291 1217 2345 Pauli
1254 2294 1504 2355 decreto,
1539 2308 1768 2361 quonam
1808 2295 1962 2345 modo
1990 2292 2061 2343 illi
2095 2292 2309 2357 impune

738 2382 866 2445 erit,
890 2383 981 2447 qui
1012 2383 1167 2435 aliam
1199 2384 1267 2436 ob
1288 2398 1503 2438 causam
1525 2384 1826 2452 coniugium
1847 2382 2042 2435 solvit?
2076 2382 2309 2446 Quamo—

739 2473 886 2525 brem
922 2490 1039 2542 qua:
1081 2489 1107 2526 a
1144 2477 1257 2530 viro
1278 2477 1568 2540 abscessit,
1608 2477 1649 2529 si
1687 2491 1802 2527 cum
1825 2476 1990 2525 altero
2018 2472 2306 2534 habitavit,

738 2565 982 2616 adultera
1028 2565 1315 2634 iudicatur.
1351 2567 1406 2621 Si
1443 2580 1569 2619 vero
1595 2580 1717 2618 cum
1754 2564 1940 2617 relicto
2008 2564 2124 2615 \il‘O
2178 2576 2309 2614 con-

740 2655 921 2718 iuneta
969 2658 1201 2726 legitime
1242 2658 1419 2724 fuerit,
1455 2672 1628 2725 neque
1660 2664 1718 2709 ut
1746 2655 2011 2719 adultera,
2046 2668 2223 2722 neque
2254 2661 2311 2705 ut

742 2746 1029 2799 furiiicaria
1067 2750 1483 2801 condemnatur.
1515 2746 1579 2799 Et
1616 2747 1698 2797 vir
1753 2760 1973 2797 uxorem
2031 2758 2182 2794 suam
2225 2742 2307 2793 di-

745 2838 989 2899 mittens,
1024 2846 1077 2891 et
1140 2840 1340 2891 ducens
1383 2837 1543 2889 aliam
1590 2836 1805 2888 adulter
1840 2842 1942 2899 est,
1976 2843 2027 2887 et
2081 2845 2304 2885 uxorem

740 2941 865 2978 cum
896 2928 1003 2979 alio
1037 2930 1253 2981 mistam
1289 2925 1586 2980 adulteram
1624 2924 1775 2977 facit.
1807 2921 1868 2975 Et
1903 2937 2022 2991 qua:
2042 2918 2307 2988 ejusmodi

746 3018 861 3069 viro
898 3018 1263 3079 babitat,non
1316 3017 1575 3086 ignorans
1629 3014 1696 3067 ab
1739 3029 1803 3068 eo
1861 3026 2085 3067 uxorem
2144 3024 2309 3079 quam

741 3107 1004 3162 habuerat
1040 3109 1342 3170 dimissam,
1368 3107 1611 3160 adultera
1643 3115 1744 3158 est.
1778 3105 2027 3156 Alienum
2068 3116 2299 3171 namque

741 3199 919 3251 virum
955 3200 1021 3251 ad
1047 3212 1107 3252 se
1138 3196 1399 3251 traduxit.
1427 3196 1533 3250 Sed
1570 3196 1681 3247 haec
1711 3194 1924 3262 quidem
1963 3194 2050 3247 hic
2079 3206 2307 3262 magnus

742 3293 921 3354 Pater,
956 3307 1017 3345 ex
1054 3305 1113 3345 ea
1145 3304 1262 3358 qum
1299 3298 1426 3342 tunc
1450 3287 1723 3342 obtinebat
1754 3284 2123 3361 ecclesiastica
2173 3298 2307 3337 con-

742 3384 1029 3437 suetudine
1064 3382 1284 3435 asserit.
1323 3378 1521 3433 Verum
1557 3392 1619 3430 ex
1664 3391 1747 3440 ea,
1789 3391 1911 3445 qua:
1946 3383 2131 3442 postea
2162 3374 2307 3428 edita

741 3487 844 3539 est,
876 3478 939 3530 de
976 3475 1225 3527 divortiis
1278 3474 1628 3540 imperatoris
1668 3469 1959 3522 Justiniani
1993 3470 2200 3523 novella
2244 3469 2309 3521 li-

743 3570 842 3621 bro
893 3581 1061 3619 xxvnt
1106 3565 1463 3617 Basilicarum
1502 3562 1585 3617 tit.
1628 3562 1652 3612 7
1707 3560 1901 3628 posita,
1938 3569 2133 3628 praeter
2177 3559 2311 3613 alias

749 3672 968 3718 causas,
1002 3657 1071 3709 ob
1104 3668 1241 3723 quas
1268 3652 1517 3721 conjugia
1554 3650 1765 3703 solvere
1790 3650 2108 3703 mulieribus
2125 3650 2309 3702 datum

743 3761 845 3812 est,
881 3749 967 3801 illa
998 3762 1215 3817 quoque
1251 3756 1565 3800 recensetur
1590 3784 1604 3809 ,
1641 3752 1698 3795 ut
1744 3744 1789 3796 si
1842 3743 1895 3795 in
1927 3744 2117 3796 eadem
2150 3743 2309 3795 domo

746 3852 838 3896 aut
874 3841 1004 3893 urbe
1037 3841 1121 3893 vir
1151 3838 1304 3891 alteri
1342 3836 1551 3889 mulieri
1583 3836 2026 3898 coinniisceatur,
2058 3841 2220 3901 atque
2245 3833 2311 3886 ab

745 3950 913 3988 uxore
953 3931 1284 3993 admonitus,
1327 3939 1506 3982 tamen
1552 3928 1619 3980 ab
1657 3926 1797 3979 illius
1837 3926 2167 3978 commercio
2219 3939 2312 3979 ne-

747 4040 1020 4095 quaquam
1053 4022 1347 4083 abstineat,
1401 4018 1619 4087 nuptias
1655 4015 1953 4070 dissolvere
1988 4015 2311 4070 mulieribus

745 4120 815 4173 ob
845 4116 1165 4185 zelotypiam
1194 4111 1521 4183 permissum
1559 4112 1651 4165 sit.

2334 1799 2381 1858 B

2338 3068 2384 3128 ϐ

2412 586 2505 636 καί
2536 587 2762 653 ἀνδράσι
2796 588 2889 640 καὶ
2937 590 3204 655 γυναιξὶν,
3256 590 3396 641 ὥστε
3456 593 3597 658 μήτε
3662 588 3831 655 ἄνδρα
3884 587 3989 654 τὴν

2410 680 2613 733 οἰκείαν
2648 684 2867 747 ἀφιέναι
2907 686 3162 748 γυναῖκα,
3206 684 3343 751 μήτε
3375 686 3609 749 γυναῖκα
3648 679 3989 747 ἀφίστασθαι

2412 771 2505 822 τοῦ
2541 772 2733 840 ἀνδρὸς
2776 773 2963 841 αὐτῆς.
3009 772 3150 823 Ἀλλ’
3206 777 3237 839 ὴ
3306 774 3563 838 συνήθεια
3622 774 3721 840 οὐκ
3782 770 3989 839 ὁμοίως

2411 858 2521 926 εχει
2557 860 2647 909 ἐπὶ
2673 859 2886 928 ἀνδρῶν
2917 859 3187 926 ἀφιέντων
3232 860 3330 922 τὰς
3391 862 3679 926 γυναῖκας,
3736 861 3832 912 καί
3891 860 3988 909 ἐπὶ

2410 948 2689 1017 γυναικῶν
2721 950 2922 1017 ὁμοίως
2956 951 3248 1002 ποιουσῶν.
3297 951 3359 1002 Ἦ
3388 949 3488 1019 μέν
3514 949 3623 1018 γὰρ
3655 950 3815 1017 γυνὴ.
3854 950 3995 1000 ἀπο-

2411 1039 2587 1088 στᾶσα
2610 1034 2705 1088 τοῦ
2738 1036 2932 1104 ἀνδρὸς
2962 1038 3058 1089 καὶ
3117 1037 3452 1104 συναφθεῑσα
3484 1036 3680 1106 ἐτέρῳ,
3739 1036 3991 1103 μοιχαλὶς

2409 1126 2678 1195 κρίνεται,
2712 1128 2808 1180 καὶ
2830 1126 3013 1179 οὐκέτι
3047 1127 3372 1198 δεχοήσεται
3404 1127 3557 1196 παρά
3612 1125 3706 1178 τοῦ
3768 1126 3988 1193 ἀνδρὸς,

2409 1217 2456 1267 εἰ
2480 1215 2554 1285 μὴ
2582 1218 2785 1278 ἐκεῖνος
2818 1216 3062 1287 βούλοιτο
3085 1233 3101 1249 ο
3130 1219 3222 1270 τὸν
3248 1218 3303 1271 δέ
3332 1219 3501 1286 ἄνδρα
3526 1219 3620 1271 καὶ
3655 1218 3991 1286 πορνεύονται

2409 1310 2503 1359 καὶ
2541 1310 2919 1375 μοιχεύονταὴ
2975 1308 3110 1377 γυνὴ
3156 1311 3375 1377 ἀφεῖναι
3427 1310 3489 1362 οὐ
3541 1309 3791 1360 δύναται.
3864 1308 3974 1357 Καὶ

2409 1398 2593 1450 λοιπὸν
2622 1399 2671 1450 εἰ
2697 1400 2723 1450 6
2755 1399 2976 1465 ἀφεθεὶς
3004 1400 3166 1469 ἑτέρᾳ
3208 1402 3541 1466 συνοικήσει,
3588 1400 3621 1468 ἡ
3646 1400 3819 1464 τούτῳ
3860 1414 3991 1449 συν-

2409 1490 2646 1556 αφθείσα
2695 1490 2757 1540 ού
2793 1490 3143 1557 κριθήσεται,
3196 1490 3351 1557 φησί,
3436 1488 3705 1558 μοιχαλίς.
3760 1489 3833 1539 Τδ
3881 1489 3993 1556 γὰρ

2410 1578 2714 1646 ἁμάρτημα
2764 1576 2866 1642 τῆς
2932 1575 3337 1644 καταλειψάσης
3395 1576 3486 1626 τὸν
3541 1576 3741 1626 οἰκεῖον
3814 1574 3993 1640 ἄνδρα

2410 1666 2579 1720 ἐστίν.
2607 1667 2682 1719 Οὐ
2708 1665 2818 1735 γάρ
2843 1668 3057 1734 ἐφεῖται
3084 1666 3222 1735 αὐτῇ
3258 1664 3598 1731 ἀφίστασθαι
3618 1663 3712 1716 τοῦ
3748 1663 3949 1731 ἀνδρός
3975 1677 3989 1690 ⁸

2410 1756 2527 1808 ἀλλ’
2561 1757 2667 1809 εῐτε
2700 1756 2913 1824 πικρῶς
2956 1756 3093 1825 αὐτῇ
3150 1755 3537 1824 προσφέρεται,
3602 1755 3790 1822 φέρειν
3845 1754 3981 1822 χρὴ.

2409 1846 2517 1898 εῐτε
2553 1849 2632 1907 εἰς
2668 1848 2927 1915 χρήματα
2958 1845 3252 1911 ζημιοῦται
3278 1844 3376 1912 τὴν
3410 1846 3611 1911 προῖκα
3643 1842 3978 1909 δαπανωμέ-

2408 1952 2509 2005 νην
2539 1934 2722 2002 ὁρῶσα
2753 1951 2766 1964 ·
2800 1935 2909 1987 εῐτε
2939 1935 3230 2003 ζηλοτυπεῖ
3256 1933 3344 1984 διὰ
3368 1932 3429 1984 τὸ
3453 1934 3670 1997 ἑτέραις
3698 1932 3789 1982 τὸν
3818 1932 3993 1997 ἄνδρα

2414 2024 2871 2093 συμφθείρεσθαι,
2906 2026 3193 2093 καρτερεῖν
3244 2024 3325 2075 δεῖ
3374 2024 3468 2074 καὶ
3508 2022 3601 2073 τοῦ
3650 2022 3843 2090 ἀνδρὸς
3915 2020 3993 2087 μὴ

2409 2114 2765 2184 χωρίζεσθαι.
2824 2116 2885 2166 Εἰ
2944 2115 3077 2183 γὰρ,
3138 2114 3371 2167 ἀπίστου
3431 2113 3539 2164 τῶν
3590 2111 3992 2164 συνοικούντων

2409 2207 2559 2266 ὄντος
2620 2206 2869 2274 θατέρου,
2926 2206 2986 2257 τὸ
3051 2206 3238 2273 ἕτερον
3287 2206 3579 2274 πρόσωπον
3646 2202 3994 2273 χωρισθῆναι

2410 2297 2579 2349 αὑτοῦ
2606 2296 2833 2357 ἄκοντος
2862 2296 3195 2356 κεκώλυται,
3227 2300 3367 2350 κατά
3397 2296 3488 2349 τὸν
3538 2297 3808 2364 μακάριον
3840 2291 3994 2344 Παῦ-

2412 2387 2501 2439 λον
2525 2403 2537 2415 '
2569 2389 2684 2448 πῶς
2718 2388 3009 2452 ἀνεύθυνος
3039 2388 3194 2441 ἐσται
3239 2389 3267 2440 ὀ
3314 2388 3381 2440 δι’
3417 2390 3614 2457 ἑτέραν
3645 2386 3826 2439 αἰτίαν
3846 2385 3997 2436 λύων

2409 2478 2507 2547 τὴν
2540 2477 2840 2546 συζυγίαν;
2872 2480 3035 2532 Ὥστε
3089 2482 3123 2548 ἠ
3172 2482 3458 2533 ἀποστᾶσα
3513 2478 3608 2530 τοῦ
3663 2478 3883 2545 ἀνδρὸς,
3945 2476 3994 2525 εἰ

2410 2570 2553 2637 ἄλλῳ
2585 2568 2886 2639 συνῴκησε,
2947 2571 3191 2639 μοιχαλὶς
3220 2570 3514 2635 λογίζεται.
3558 2569 3620 2620 Ἦ
3647 2569 3701 2619 δέ
3726 2566 3804 2634 τῷ
3823 2584 3995 2619 κατα-

2410 2657 2690 2725 λειφθέντι
2726 2658 2882 2725 ἀνδρὶ
2935 2661 3363 2711 συνευνασθεῖσα
3417 2658 3689 2726 νομίμως,
3740 2656 3866 2707 οὔτε
3916 2656 3996 2716 ὡς

2416 2747 2667 2816 μοιχαλὶς
2704 2747 2830 2800 οὔτε
2878 2750 2952 2811 ὼς
3016 2749 3369 2819 πορνεύσασα
3418 2748 3837 2815 κατακρίνεται.
3886 2746 3998 2798 Καὶ

2411 2841 2438 2889 6
2463 2839 2602 2906 ἀνὴρ
2648 2838 2726 2903 ὃέ,
2760 2839 2859 2905 τὴν
2890 2838 3087 2891 ἐαυτοῦ
3126 2842 3358 2901 γυναῖκα
3410 2839 3712 2899 ἀπολύσας,
3742 2838 3839 2889 καὶ
3873 2838 3998 2888 ἐτέ-

2418 2941 2514 2994 ραν
2538 2919 3007 2990 ιίσοικισάμενοξ,
3056 2928 3242 2995 μοιχός
3280 2925 3420 2991 ἐστι,
3474 2929 3568 2978 καὶ
3605 2926 3702 2993 τὴν
3748 2929 3994 2991 γυναῖκα

2418 3012 2707 3081 μοιχαλίδα
2739 3015 2902 3074 ποιεί,
2937 3015 3083 3081 ἄλλῳ
3132 3017 3492 3082 μιγνυμένην,
3543 3016 3653 3066 Καὶ
3687 3017 3719 3082 ἡ
3745 3014 3823 3082 τῷ
3879 3032 3995 3065 τοι·

2414 3103 2557 3171 ούτῳ
2579 3103 2633 3155 δέ
2663 3103 2815 3171 ἀνδρὶ
2841 3105 3237 3172 συνοικήσασα,
3269 3105 3327 3154 ἐν
3355 3104 3557 3172 εἰδήσει
3583 3104 3676 3155 τοῦ
3719 3104 3995 3155 ἀπολῦσαι

2410 3194 2570 3249 αὑτὸν
2611 3194 2676 3264 ἢν
2744 3191 2859 3263 εἶχε
2901 3196 3157 3257 γυναῖκα,
3196 3194 3443 3262 μοιχαλίς
3471 3196 3643 3246 ἐστιν.
3683 3194 3998 3261 Ἀλλότριον

2412 3287 2520 3355 γὰρ
2549 3285 2719 3352 ἄνδρα
2751 3284 2884 3352 πρὸς
2915 3284 3117 3352 ἐαυτὴν
3145 3286 3505 3355 μετέστησεν.
3554 3285 3717 3336 Ἀλλά
3765 3283 3944 3334 ταῦτα
3970 3285 3997 3333 6

2412 3378 2585 3447 μέγας
2618 3372 2771 3439 οὗτός
2802 3390 2935 3445 φησι
2969 3377 3161 3444 Πατὴρ
3226 3379 3367 3429 κατά
3408 3376 3469 3428 τὸ
3499 3375 3808 3444 τηνικαῦτα
3862 3392 4000 3442 κρα-

2411 3466 2538 3519 τοῦν
2577 3464 3040 3535 ἐκκλησιαστικὸν
3076 3464 3215 3525 ἔθος.
3258 3465 3351 3516 Ἐκ
3402 3465 3456 3516 δέ
3483 3465 3583 3531 τῆς
3633 3464 3771 3532 μετὰ
3819 3465 3993 3513 ταῦτα

2412 3558 2540 3625 περί
2564 3556 2773 3617 λύσεως
2805 3556 2997 3623 γάμων
3054 3553 3469 3621 ἐκφωνηθείσης
3506 3553 3727 3619 Νεαρᾶς
3759 3552 3853 3603 τοῦ
3892 3553 3994 3619 βα-

2414 3648 2603 3711 σιλέως
2642 3646 3046 3710 Ίουστινιανοῢ,
3077 3647 3174 3713 τῆς
3206 3647 3465 3713 κειμένης
3498 3646 3578 3705 εἰς
3627 3645 3834 3712 βιϐλίον
3869 3645 3980 3695 τῶν

2412 3738 2716 3791 Βασιλικῶν
2761 3735 2867 3805 κη’,
2903 3737 3040 3790 τίτλ.
3072 3735 3141 3800 ζ’,
3200 3736 3337 3806 πρὸς
3387 3736 3509 3795 ταῖς
3565 3734 3751 3795 ἀλλαις
3790 3735 3998 3794 αἰτίαις

2410 3832 2532 3890 ταῖς
2558 3828 2626 3880 δι’
2656 3827 2721 3889 ἃς
2756 3826 2906 3879 λύειν
2926 3828 3043 3887 ταῖς
3078 3825 3288 3893 γυναιξὶ
3313 3825 3383 3876 τὰ
3411 3826 3723 3876 συνοικέσια
3764 3824 3995 3884 δίδοται,

2418 3922 2515 3971 καὶ
2549 3919 2610 3971 τὸ
2639 3922 2697 3971 ἐν
2728 3923 2793 3987 τῇ
2825 3918 2961 3986 αὐτῇ
2981 3918 3129 3986 οἰκίᾳ
3156 3917 3189 3984 ἢ
3216 3916 3366 3969 πόλει
3402 3916 3493 3967 τὸν
3525 3915 3691 3984 ἄνδρα
3726 3915 3999 3981 συμφθεί-

2422 4013 2607 4083 ρεσθαι
2639 4012 2857 4079 γυναικὶ
2885 4012 3044 4080 ἄλλῃ,
3075 4007 3518 4075 ἐπιφωνούμενον
3548 4006 3697 4073 παρὰ
3755 4005 3852 4055 τοῦ
3896 4007 3999 4073 μέ.

2420 4123 2545 4177 ρους
2585 4105 2684 4172 τῆς
2714 4103 2973 4169 γυναικὸς
3001 4102 3075 4171 μὴ
3105 4100 3435 4165 ἀφίστασθαι
3468 4098 3567 4167 τῆς
3601 4098 3739 4166 πρὸς
3778 4097 3998 4163 ἐκείνην

2416 4194 2657 4262 ὁμιλίας,
2700 4193 2848 4244 λύειν
2880 4193 3007 4254 τοὺς
3058 4190 3271 4261 γάμους
3323 4192 3446 4251 ταῖς
3494 4187 3714 4255 γυναιξὶ
3756 4188 3850 4239 διὰ
3901 4189 4001 4253 τὴν

2420 4285 2757 4353 ζηλοτυπίαν
2790 4283 3031 4351 ἐφίησιν.

814 4379 1034 4434 ARlST.
1074 4377 1235 4431 Juxta
1282 4376 1491 4430 Domini
1537 4390 1842 4431 sermonem
1889 4375 1972 4425 vir
2014 4382 2067 4427 et
2118 4370 2312 4423 mulier
2347 4415 2390 4470 υ

2347 4415 2390 4470 D
2490 4375 2711 4428 ΑΡΙΣΤ.
2745 4375 2900 4427 Κατά
2930 4374 3021 4424 τὸν
3048 4372 3141 4425 τοῦ
3179 4372 3381 4441 Κυρίου
3421 4371 3580 4438 λόγον
3640 4372 3772 4430 ἴσως
3831 4384 4001 4418 κατα-

748 4472 1116 4525 fnrnieationis
1144 4482 1306 4523 causa
1337 4467 1567 4535 separati
1620 4466 1820 4535 pariter
1854 4462 2310 4517 condemnamur.

743 4562 1091 4618 Consuetudo
1124 4574 1255 4614 vero
1288 4560 1595 4613 adulterum
1625 4568 1677 4611 et
1712 4557 2093 4609 fornicatorem
2123 4567 2150 4604 a
2188 4564 2319 4605 cou-

738 4656 956 4723 iugibus
988 4669 1091 4707 non
1124 4660 1356 4720 separat.
1396 4650 1453 4703 Si
1485 4663 1591 4717 qua
1642 4663 1771 4701 vero
1819 4647 2017 4699 mulier
2063 4644 2181 4696 viro
2232 4642 2313 4695 di-

746 4746 924 4798 misso
980 4741 1165 4808 juncta
1220 4740 1421 4800 fuerit,
1479 4752 1585 4790 non
1632 4746 1715 4789 est
1767 4736 1995 4787 forsitan
2043 4732 2321 4797 adultera;

744 4837 902 4904 culpa
948 4836 1089 4888 enim
1118 4834 1170 4886 in
1198 4846 1338 4896 eam,
1378 4828 1631 4899 quasine
1656 4827 1863 4879 ratione
1913 4822 2137 4885 dimisit,
2193 4819 2319 4887 reji-

743 4929 931 4981 i-ieuda
960 4935 1042 4979 est
1075 4943 1087 4977 :
1122 4924 1204 4977 vel
1230 4922 1391 4975 etiam
1424 4919 1686 4977 adultera.
1714 4917 1757 4970 si
1785 4916 1874 4968 alii
1913 4914 2195 4979 jungatur.
2230 4910 2319 4962 Di-

741 5024 945 5071 missus
970 5030 1093 5068 vero
1120 5014 1269 5066 venia
1298 5012 1492 5078 dignus
1516 5018 1620 5063 est.
1645 5006 1744 5073 Qui
1764 5020 1891 5058 vero
1919 5020 2070 5058 suam
2100 5000 2318 5066 reliquit

744 5122 970 5161 uxorem
1003 5116 1057 5158 et
1090 5105 1155 5157 ad
1190 5103 1349 5155 aliam
1386 5099 1637 5160 accessit,
1685 5107 1737 5150 et
1770 5096 1882 5165 ipse
1920 5104 2001 5147 est
2048 5094 2314 5153 mazcbus,

741 5209 797 5252 et
826 5213 943 5250 eam
974 5194 1238 5248 mmcbari
1276 5190 1426 5253 facit,
1482 5198 1535 5242 et
1588 5185 1752 5241 etiam
1810 5184 2001 5237 mulier
2052 5198 2174 5236 cum
2210 5195 2315 5249 qua

742 5286 1187 5339 consuetudinem
1224 5284 1402 5336 habet.

812 5372 923 5426 Etsi
984 5372 1238 5423 Dominus
1293 5370 1464 5420 virum
1509 5368 1573 5418 ab
1619 5380 1787 5418 uxore
1826 5379 1920 5415 sua
1984 5362 2311 5428 disjuuctum

743 5475 1125 5534 (praeterquam
1182 5463 1232 5512 in
1285 5455 1653 5510 fornicationis
1698 5451 1883 5521 eausa)
1932 5464 1985 5504 et
2031 5451 2310 5502 mulierem

741 5560 857 5611 sine
895 5556 1106 5609 ratione
1139 5568 1164 5603 a
1198 5552 1315 5603 viro
1364 5564 1463 5601 suo
1511 5556 1817 5613 separatam
1874 5542 2154 5610 aequaliter
2183 5555 2313 5593 cou-

743 5652 1001 5699 deuiuat:
1058 5654 1234 5696 tamen
1271 5639 1589 5694 constitutio
1641 5633 2014 5689 ecclesiastica
2070 5632 2120 5685 id
2156 5630 2314 5685 aliter

747 5738 856 5793 rieri
891 5737 1063 5803 jubet.
1100 5732 1230 5784 Nini
1259 5732 1430 5783 virum
1466 5730 1576 5781 sive
1614 5727 1968 5780 fornicau'mu
2018 5726 2126 5778 sive
2162 5722 2311 5777 adul-

2421 4466 2707 4529 δικάζεται
2738 4464 2834 4515 καὶ
2864 4465 3025 4532 ἀνὴρ,
3057 4464 3150 4516 καὶ
3182 4462 3341 4531 γυνὴ,
3390 4462 3511 4531 δίχα
3572 4460 3831 4529 πορνείας
3867 4466 4005 4512 ἁπο-

2423 4551 2780 4620 ζευγνύμενοι
2805 4569 2819 4583 ο
2855 4553 2886 4621 ἡ
2919 4552 2973 4604 δὲ
3004 4551 3263 4621 συνήθεια
3282 4553 3374 4604 τὸν
3408 4549 3597 4619 μοιχὸν
3626 4549 3720 4601 καὶ
3748 4550 3839 4599 τὸν
3871 4548 4009 4616 πόρ-

2420 4661 2509 4697 νον
2538 4642 2883 4707 διαζεύγνυσι
2915 4643 3023 4693 τῶν
3055 4641 3325 4711 συμϐίων.
3378 4641 3438 4692 Εἰ
3483 4641 3539 4692 δέ
3580 4656 3661 4701 τις
3692 4640 3881 4706 ἀφέτῳ
3912 4641 4006 4689 ἀν-

2420 4736 2505 4803 δρὶ
2538 4731 2883 4801 συζευχθείη,
2930 4733 3030 4783 οὐκ
3087 4731 3165 4783 Evt
3214 4730 3380 4799 τυχὸν
3436 4730 3717 4799 μοιχαλίς·
3783 4729 3843 4779 τὸ
3894 4731 4006 4797 γὰρ

2425 4826 2597 4877 αίτιον
2628 4825 2719 4877 ἐπὶ
2747 4824 2845 4891 τὴν
2872 4823 3083 4888 ἀλόγως
3113 4824 3340 4889 ἀφεῖσαν
3366 4838 3381 4853 ο
3416 4821 3446 4889 ἢ
3478 4821 3572 4871 καὶ
3629 4819 3903 4888 μοιχαλὶς,
3955 4820 4004 4868 εἰ

2427 4914 2563 4983 πρὸς
2602 4913 2790 4982 ἓτερον
2827 4911 3136 4976 ζεύγνυται.
3177 4912 3235 4964 '0
3262 4912 3318 4963 δὲ
3376 4910 3595 4978 ἀφεθεὶς
3627 4908 4002 4974 συγγνωστός.

2434 5004 2490 5055 Ὀ
2523 5002 2579 5054 δέ
2610 5002 2707 5071 τὴν
2728 5004 2964 5068 γυναῖκα
3011 4999 3209 5063 λιπὼν,
3250 5002 3344 5053 καὶ
3380 4998 3468 5052 ἐπ’
3519 4998 3686 5066 ἀλλην
3750 4998 3867 5059 ἰὼν,
3907 4997 4005 5047 καὶ

2424 5094 2584 5154 αὐτὸς
2624 5092 2831 5161 μοιχὸς,
2862 5094 2956 5144 καὶ
2982 5091 3153 5159 αὐτὴν
3209 5088 3608 5160 μεμοιχεῦσθαι
3638 5089 3805 5149 ποιεί,
3839 5086 3934 5138 καὶ
3971 5086 4004 5153 η

2423 5183 2571 5250 αὐτῷ
2603 5182 2929 5236 συνοικοῦσα
2961 5183 3119 5252 γυνή.

2494 5361 2553 5412 Εἰ
2590 5360 2679 5410 καὶ
2708 5361 2733 5409 ὁ
2759 5357 2961 5425 Κύριος
2996 5358 3085 5409 τὸν
3134 5357 3300 5427 ἀνδρα
3354 5357 3445 5408 τὸν
3482 5356 3874 5424 διαζευχθέντα
3904 5356 4009 5426 τῆς

2432 5452 2566 5512 ἰδίας
2590 5451 2848 5516 γυναικὸς
2899 5450 3196 5515 (παρεκτὸς
3242 5447 3397 5514 λόγου
3442 5449 3719 5517 πορνείας)
3760 5448 3856 5499 καὶ
3908 5447 4009 5516 τὴν

2430 5544 2666 5609 γυναῖκα
2695 5539 2999 5607 ἀνευλόγως
3038 5540 3131 5590 τοῦ
3193 5539 3322 5591 [δίου
3384 5538 3752 5609 χωρισθείσαν
3815 5538 4014 5607 ἀνδρὸς

2426 5632 2781 5691 καταδικάζει
2816 5633 3010 5701 ἐπίσης
3036 5647 3049 5661 ·
3086 5631 3199 5682 ἀλλ’
3264 5634 3297 5700 ἡ
3339 5632 3597 5699 συνήθεια
3631 5631 3664 5698 ἡ
3713 5630 4009 5699 ἐκκλησια-

2418 5723 2583 5791 στικὴ
2615 5723 2786 5782 ἄλλως
2808 5721 2964 5773 τοῦτο
2998 5725 3320 5789 προστάττει
3343 5720 3587 5788 γίνεσθαι
3610 5738 3623 5752 ·
3648 5720 3739 5772 τὸν
3774 5719 3875 5789 μιν
3902 5723 4012 5791 γὰρ
