4224 6446
753 364 855 427 6.47

1976 369 2251 430 THEOD.
2281 371 2368 429 DA
2380 372 2678 435 LSAMON

3892 382 3995 449 εεδ

742 489 1135 555 dispensationi
1174 492 1217 541 si
1258 494 1506 552 cesserit,
1566 490 1615 541 id
1649 492 1694 543 ei
1746 490 1967 559 perjurii
2023 494 2139 546 loco
2186 510 2291 549 non
2348 498 2387 548 A

2348 498 2387 548 A
2440 502 2598 571 νομία
2620 505 2696 564 είς
2721 505 2998 575 ἐπιορκίαν
3020 504 3168 575 αύτῷ
3198 507 3259 559 ού
3294 507 3686 579 λογισθήσεται,
3720 511 3806 564 διὰ
3837 513 3897 564 τὸ
3932 516 3997 582 μί’

736 579 1109 646 imputabitur.
1144 570 1338 647 quippe
1364 583 1487 647 quia
1510 581 1856 647 jurijurando
1884 583 2156 649 adjettum
2184 602 2291 639 non

736 677 815 718 est
854 682 917 719 ne
944 668 1220 733 paululum
1253 669 1469 735 quidetn
1500 667 1767 723 Mindanis
1796 686 2161 736 recessurum,
2196 677 2290 727 sed

734 756 989 823 deinceps
1017 772 1453 823 permansurum.
1488 758 1596 811 Nos
1624 768 1802 813 autem
1830 760 2032 815 Severo
2062 764 2290 815 oblivio-

734 859 854 897 nem
888 848 1132 897 causanti
1173 847 1251 900 sic
1292 849 1651 916 ignoscemus,
1686 858 1741 902 ut
1776 866 1897 903 eum
1944 867 2285 912 moneamtts,

733 935 1071 985 occultorum
1096 936 1426 1002 cognitorem
1458 952 1610 988 suam
1642 939 1813 1004 ipsius
1848 939 2145 992 Ecclesiam
2180 956 2287 992 non

730 1037 1018 1089 passurum
1075 1024 1140 1073 ab
1195 1023 1459 1090 ejusmodi
1515 1024 1735 1077 homine
1787 1026 2103 1078 labefactari
2143 1045 2154 1079 :
2194 1028 2289 1094 qui

729 1121 923 1176 prteter
946 1125 1185 1164 canones
1221 1114 1287 1162 ab
1313 1112 1467 1164 initio
1500 1112 1531 1163 ft
1553 1112 1646 1173 cit,
1684 1126 1747 1164 ac
1778 1113 2135 1180 jurejurando
2160 1130 2289 1167 con-

728 1210 813 1252 tra
874 1201 1162 1268 Evangelia
1223 1205 1510 1269 astringit.
1574 1212 1629 1256 et
1683 1204 1977 1270 perjuriuin
2052 1205 2286 1260 transfe-

726 1291 898 1344 rendo
926 1292 1134 1353 edocet,
1169 1306 1232 1345 ac
1263 1302 1557 1359 postremo,
1590 1293 1716 1347 dum
1754 1296 2075 1349 oblivionem
2112 1299 2286 1351 simu-

723 1382 823 1438 lat.
858 1384 1138 1434 mentitur.
1184 1382 1288 1434 Sed
1339 1384 1596 1449 quintium
1646 1385 1889 1436 cordium
1922 1386 2132 1452 judices
2180 1403 2288 1439 non

726 1484 936 1526 sumus.
977 1469 1070 1521 sed
1110 1486 1174 1523 ex
1231 1470 1295 1521 iis
1344 1481 1462 1537 quae
1519 1471 1791 1534 audimus,
1821 1472 2156 1539 judicamus,
2194 1476 2288 1528 de-

722 1574 849 1612 mus
879 1558 1108 1612 Domino
1148 1561 1462 1621 vindictam,
1501 1577 1733 1629 eumque
1768 1565 1901 1615 citra
1932 1581 2159 1618 examen
2196 1584 2288 1619 su-

724 1650 1044 1717 spiciamus,
1085 1651 1321 1703 humano
1354 1652 1505 1713 vitio,
1555 1653 1813 1706 oblivioni
1862 1656 2094 1717 scilicet,
2134 1651 2287 1725 ὗεςηό-

724 1746 963 1793 scentes.

791 1846 901 1914 66
934 1844 1127 1898 BALS.
1165 1846 1391 1912 Quidam
1437 1858 1488 1899 ut
1522 1810 1907 1905 ordinarentur
1949 1851 2161 1905 evocati
2212 1852 2295 1918 ju-

2439 594 2788 660 προσκεῖσθαι
2823 595 2899 663 τῷ
2934 598 3107 664 ὅρκῳ,
3153 595 3285 664 μηδὲ
3330 596 3464 667 πρὸς
3504 598 3671 668 βραχὺ
3712 601 3997 672 ἀναχωρή-

2448 701 2546 735 σειν
2724 685 3029 749 Μινδάνων,
3058 686 3192 738 ἀλλὰ
3225 690 3557 757 παραμενεῖν
3584 691 3659 751 είς
3685 688 3744 741 τὸ
3773 692 3994 760 ἑφεξῆς.

2435 774 2655 843 Σευήρῳ
2687 774 2763 835 δὲ,
2793 774 3240 845 προφασιζομένῳ
3259 778 3355 846 τὴν
3375 777 3561 847 λήθην,
3601 781 3758 847 ἡμεῖς
3784 796 4000 849 συγχω-

2434 863 2691 930 ρήσομεν,
2728 864 2986 927 εἰπόντες,
3008 866 3087 917 ὅτι
3115 866 3221 916 τῶν
3247 868 3500 936 κρυπτῶν
3525 868 3767 937 γνώστης
3795 871 3859 921 οὐ
3899 886 3999 921 πε-

2434 949 2673 1016 ριόψεται
2710 951 2807 1018 τὴν
2838 951 3029 1004 ἑαυτοῦ
3059 953 3376 1021 Ἐκκλησίαν
3410 955 3513 1005 ὑπὸ
3538 956 3775 1007 τοιούτου
3804 958 3998 1024 λυμαι-

2430 1041 2684 1110 νομένην·
2733 1041 3008 1103 ποιοῦντος
3055 1044 3151 1112 μὲν
3195 1044 3552 1104 άκανονίστως
3594 1044 3654 1095 τὸ
3684 1045 3742 1106 ὲξ
3779 1047 3993 1114 ἀρχῆς.

2426 1130 2573 1199 ὅρκῳ
2596 1130 2648 1181 δὲ
2680 1130 3140 1200 καταδεσμοῦντος
3173 1133 3319 1201 παρὰ
3345 1132 3410 1184 τὰ
3432 1134 3754 1199 Εύαγγέλια·
3782 1151 3993 1202 παρορ-

2426 1225 2539 1275 κεῖν
2573 1222 2626 1274 δὲ
2662 1223 2999 1284 διδάσκοντος
3037 1223 3101 1275 δι’
3135 1216 3209 1275 ῶν
3247 1224 3537 1293 μετετέθη,
3576 1224 3909 1291 ψευδομένου
3939 1226 3996 1277 δὲ

2424 1309 2517 1361 νῦν
2537 1310 2605 1362 δι’
2639 1303 2713 1362 ὧν
2900 1311 2995 1379 τὴν
3033 1311 3200 1380 λήθην
3239 1311 3646 1379 σχηματίζεται.
3679 1311 3901 1378 Ἐπειδὴ
3936 1311 3995 1361 δὲ

2422 1400 2520 1450 οὐκ
2557 1400 2722 1467 ἐσμὲν
2748 1400 2981 1467 καρδιῶν
3004 1400 3208 1468 κριταὶ,
3241 1400 3353 1451 ἀλλ’
3392 1400 3448 1464 ἐξ
3477 1393 3551 1450 ὧν
3572 1398 3842 1466 ἀκούομεν
3876 1400 3995 1467 κρί-

2422 1505 2614 1555 νομεν·
2662 1488 2840 1557 δῶμεν
2885 1488 2961 1557 τῷ
3009 1490 3197 1557 Κυρίῳ
3236 1488 3332 1557 τὴν
3380 1488 3681 1557 ἐκδίκησιν,
3740 1488 3896 1539 αὐτοὶ
3935 1485 3992 1538 δὲ

2420 1579 2742 1647 ἀδιακρίτως
2770 1578 2929 1628 αὐτὸν
2958 1577 3265 1646 δεξώμεθα,
3302 1576 3627 1645 συγγνώμην
3660 1576 3844 1635 δόντες
3899 1575 3991 1625 άν-

2420 1667 2672 1736 θρωπίνῳ
2710 1667 2891 1731 πάθει,
2925 1671 2987 1735 τῇ
3016 1667 3174 1737 λήθῃ.

2481 1850 2674 1904 ΒΑΛΣ.
2710 1853 2867 1916 Τινὲς
2890 1856 2970 1915 είς
2993 1855 3053 1905 τδ
3083 1854 3530 1923 χειροτονηθῆναι
3566 1852 3989 1922 μετακαλούμει

714 1950 905 1992 rarunt
933 1953 990 1991 se
1022 1939 1416 1993 ordinationem
1447 1956 1554 1994 non
1610 1941 1959 1997 admissuros.
1992 1943 2129 1997 Dicit
2165 1956 2295 2010 ergo
2334 1939 2368 1945 ”

2334 1939 2368 1945 ”
2400 1945 2866 2013 νοι,ὲξωμνύοντο
2911 1945 2987 2015 μὴ
3030 1944 3428 2009 καταδέξασθαι
3475 1947 3576 2013 τὴν
3612 1948 3988 2015 χειροτονίαν.

716 2043 940 2084 sanctus
978 2047 1084 2084 non
1114 2041 1364 2099 oportere
1406 2047 1498 2085 eos
1546 2033 1661 2102 cogi
1692 2034 1951 2101 pejerare.
1985 2033 2099 2086 Etsi
2125 2032 2289 2095 enim,

716 2124 912 2191 inquit,
950 2124 1197 2176 videatur
1228 2123 1316 2185 iis,
1359 2124 1446 2190 qui
1498 2139 1562 2178 ex
1608 2140 1666 2177 se
1720 2125 2151 2193 ipsisjurarunt,
2205 2122 2291 2177 vel

716 2215 806 2283 qui
860 2214 1077 2281 aliquod
1110 2215 1211 2269 sibi
1240 2216 1513 2269 vinculum
1557 2216 1882 2283 injecerunt,
1930 2215 2016 2269 vel
2070 2230 2289 2269 carnem

718 2289 824 2359 non
858 2310 1199 2370 comedendi,
1243 2309 1324 2363 vel
1362 2310 1545 2361 vinum
1603 2325 1705 2362 non
1764 2306 2005 2374 bibendi,
2058 2308 2140 2361 vel
2191 2322 2291 2361 nec

716 2400 845 2453 illud
884 2398 1136 2462 faciendi,
1170 2401 1333 2455 licere
1366 2415 1553 2455 rursus
1596 2399 1869 2453 vinculum
1921 2399 2151 2462 solvere,
2179 2406 2232 2451 et
2261 2413 2288 2449 a

712 2490 1069 2556 jurejnrando
1116 2489 1382 2553 deﬁcere;
1445 2491 1538 2543 sed
1592 2490 1927 2556 experientia
1980 2488 2289 2550 didicimus,

718 2581 884 2648 quod,
920 2584 1008 2649 qui
1047 2583 1374 2650 pejerarnnt,
1409 2596 1513 2634 non
1543 2591 1687 2635 recta
1723 2591 1850 2635 sunt
1896 2581 1948 2633 in
1995 2580 2080 2632 via
2132 2581 2225 2633 sed
2261 2594 2290 2632 a

716 2672 829 2724 Deo
862 2674 1116 2725 sinuntur
1165 2680 1386 2739 propter
1438 2672 1735 2740 perjuriutn
1794 2673 2010 2727 tentari.
2065 2671 2292 2740 Oportet

716 2774 919 2827 autem,
954 2764 1149 2831 inquit,
1189 2764 1240 2817 in
1283 2763 1368 2816 his
1417 2764 1707 2831 juramenti
1759 2762 1986 2816 formam
2023 2778 2288 2830 quaerere,

715 2872 784 2907 an
827 2855 879 2908 in
911 2856 1073 2907 Deum
1105 2855 1295 2918 jurans
1327 2852 1543 2913 dixerit,
1579 2867 1647 2905 an
1683 2853 1735 2904 in
1783 2852 1982 2919 aliquid
2039 2850 2205 2915 aliud,
2236 2860 2288 2904 et

714 2947 876 3000 verba
911 2946 1027 3013 ejus
1060 2947 1148 3014 qui
1177 2944 1399 3014 juravit,
1432 2954 1486 2998 et
1509 2944 1848 2999 aﬂ'ectionetn
1875 2958 2032 3011 quam
2062 2943 2288 3010 juravit,

714 3048 766 3090 et
807 3038 966 3091 etiam
996 3038 1214 3090 subtilia
1248 3037 1301 3090 in
1352 3036 1531 3090 verbis
1580 3035 1967 3089 additamenta.
2018 3031 2113 3087 Est
2144 3031 2287 3083 enim

713 3139 1140 3182 consentaneum
1170 3142 1233 3181 ex
1260 3127 1581 3181 sacramenti
1607 3126 1887 3197 qualitate,
1920 3135 1970 3180 et
1998 3140 2061 3179 ex
2090 3124 2284 3182 verbis.

2397 2035 2535 2097 Τοὺς
2565 2036 2657 2089 οὖν
2694 2038 2966 2099 τοιούτους
2992 2037 3140 2106 λέγει
3178 2040 3206 2089 ὀ
3245 2038 3402 2102 ἅγιος
3452 2038 3528 2104 μὴ
3581 2035 3689 2088 δεῖν
3740 2037 3995 2104 ἀναγκά-

2396 2125 2587 2189 ζεσθαι
2620 2127 2921 2197 ἐπιορκεῖν.
2956 2128 3075 2182 Κᾶν
3099 2127 3210 2197 γὰρ
3230 2127 3381 2196 δοκῇ,
3414 2125 3600 2195 φησὶν,
3636 2124 3843 2191 ἐξεῖναι
3876 2130 3997 2189 τοῖς

2393 2218 2487 2286 ἀφ’
2516 2220 2727 2273 ἑαυτῶν
2758 2221 3023 2291 ὀμόσασιν
3058 2220 3091 2290 ἢ
3124 2220 3322 2289 δεσμόν
3340 2236 3460 2271 τινα
3511 2219 3726 2281 ἑαυτοῖς
3782 2220 3992 2271 ὲπιδαυ

2393 2307 2599 2372 λοῦσιν,
2633 2311 2709 2374 ὡς
2740 2312 2814 2382 μὴ
2844 2313 3043 2380 φαγεῖν
3075 2309 3263 2381 κρέας,
3306 2310 3339 2378 ἢ
3393 2311 3539 2362 πιεῖν
3601 2302 3771 2371 οἶνον,
3809 2308 3844 2376 ἢ
3915 2310 3991 2375 μὴ

2392 2401 2511 2452 τάδε
2542 2402 2791 2470 ποιῆσαι,
2842 2402 2990 2454 λύειν
3029 2402 3196 2455 πάλιν
3224 2401 3319 2468 ἀφ’
3359 2400 3573 2454 ἑαυτῶν
3608 2401 3697 2452 τδν
3758 2400 3990 2468 δεσμὸν,

2394 2493 2490 2544 καὶ
2516 2491 2609 2545 τοῦ
2632 2494 2797 2562 ὅρκου
2828 2491 3187 2560 ἀφίστασθαι·
3210 2492 3325 2546 ἀλλ’
3358 2494 3421 2545 ὲκ
3455 2491 3653 2561 πείρας
3699 2490 3993 2557 ἑμάθομεν

2393 2584 2476 2636 ὅτι
2511 2586 2964 2654 παρορκήσαντες
3014 2584 3113 2637 οὐκ
3174 2582 3501 2648 εύοδοῦνται,
3553 2581 3671 2633 ἀλλ’
3724 2580 3833 2633 ὑπὸ
3894 2578 3990 2629 τοῦ

2395 2674 2528 2726 Θεοῦ
2593 2675 3051 2744 παραχωροῦνται
3099 2674 3470 2743 πειρασθῆναι
3516 2671 3604 2724 διὰ
3639 2671 3740 2739 τὴν
3796 2670 3994 2735 ἐπιορ-

2394 2766 2536 2820 κίαν.
2576 2768 2667 2818 Δεῖ
2691 2767 2771 2830 δὲ,
2809 2769 2998 2835 φησὶν,
3043 2765 3270 2820 ἐπὶτῶν
3298 2763 3570 2818 τοιούτων
3596 2763 3690 2815 καὶ
3726 2761 3791 2812 τὸ
3822 2756 3994 2825 εἶδος,

2392 2854 2486 2906 τοῦ
2530 2857 2694 2924 ὅρκου
2733 2858 2982 2921 σκοπεῖν,
3024 2856 3123 2907 εἴτ’
3180 2852 3275 2907 οὖν
3331 2855 3380 2907 εί
3422 2852 3560 2905 Θεδν
3603 2850 3901 2917 ὠνόμασεν
3959 2848 3993 2899 6

2392 2945 2630 3012 ὀμνύων,
2662 2946 2847 3014 uno
2882 2963 2955 3009 τι,
3009 2946 3102 2996 καὶ
3146 2945 3216 2995 τὰ
3260 2944 3485 3013 ῥήματα
3539 2938 3634 2991 τοῦ
3676 2938 3987 3003 ὀμόσαντος

2392 3036 2487 3087 καὶ
2516 3035 2616 3103 τὴν
2648 3035 2888 3089 διάθεσιν
2922 3036 3016 3104 ἀφ’
3039 3030 3101 3104 ἧς
3131 3033 3333 3101 ὤμοσε,
3370 3030 3585 3091 καὶτὰς
3608 3029 3752 3081 κατὰ
3784 3027 3995 3079 λεπτὸν

2392 3126 2450 3177 ὲν
2482 3129 2592 3188 τοῖς
2631 3126 2839 3196 ῥήμασι
2877 3126 3213 3195 προσθήκας.
3252 3125 3318 3175 Ὃ
3358 3121 3506 3183 είκὺς
3560 3120 3669 3187 γάρ
3718 3120 3877 3170 ἐστιν
3922 3120 3988 3170 ἐκ

713 3229 768 3273 et
798 3234 862 3271 ex
899 3219 1180 3271 allectione
1231 3220 1319 3283 (an
1379 3218 1587 3273 scilicet
1644 3217 1838 3287 pusillo
1873 3226 1927 3270 et
1970 3232 2075 3270 non
2134 3217 2356 3279 θηηοο

2318 3217 2356 3279 C
2389 3218 2489 3287 τῆς
2519 3218 2612 3271 τοῦ
2640 3220 2802 3288 ὅρκου
2842 3218 3143 3287 ποιότητος,
3183 3217 3275 3267 καὶ
3319 3217 3384 3266 ὲκ
3430 3213 3541 3264 τῶν
3590 3211 3860 3282 ῥημάτων
3890 3213 3986 3263 καὶ

711 3312 892 3363 animo
922 3310 1163 3377 jttravil),
1202 3311 1608 3364 considerantes
1656 3309 2136 3378 comprehendere,
2179 3323 2284 3360 non

2390 3311 2490 3379 τῆς
2572 3310 2867 3370 διαθέσεως
2921 3309 3017 3377 (ει
3070 3307 3236 3377 τυχὸν
3293 3308 3355 3358 ὲκ
3421 3302 3832 3373 μικροψυχίας.
3888 3300 3986 3353 καὶ

713 3400 987 3467 prohiberi
1022 3410 1271 3465 Oportere
1292 3414 1435 3461 eum,
1464 3399 1799 3469 quijuravit,
1856 3415 1885 3452 a
1931 3399 2287 3468 jurejurando

2389 3401 2488 3451 οὐκ
2520 3398 2577 3463 ἐξ
2606 3398 2939 3467 ἀμεταθέτου
2975 3398 3201 3466 γνώμης
3232 3392 3465 3463 ὤμοσε),
3491 3389 3826 3445 καταλαϐεῖν
3848 3391 3981 3449 τοὺς

710 3484 996 3537 ιιεεὶειοτε.
1027 3483 1119 3538 Sin
1164 3485 1282 3539 istis
1314 3486 1694 3547 consideratis,
1752 3501 1854 3540 non
1911 3496 1994 3542 est
2045 3487 2287 3541 invenire

2392 3492 2749 3553 σκοποῦντας,
2775 3491 2848 3559 μὴ
2883 3488 3187 3541 κωλύεσθαι
3221 3490 3310 3539 τὸν
3343 3487 3619 3555 ὀμόσαντα
3658 3484 3974 3547 ἀποστῆναι

709 3577 975 3631 rationem
1011 3578 1245 3645 aliquant
1283 3592 1452 3645 quare
1502 3594 1528 3629 a
1578 3576 1931 3644 jurejurando
1977 3579 2282 3635 desisteret.

705 3675 921 3731 oportet
982 3666 1116 3719 tales
1166 3667 1463 3729 dimittere,
1546 3682 1614 3719 ne
1672 3664 1933 3734 pejerent.
2000 3664 2284 3734 Negotium

706 3764 886 3809 autem
930 3744 1140 3815 Se\'eri,
1177 3772 1268 3811 seu
1325 3771 1485 3811 causa
1514 3766 1567 3810 et
1591 3764 1968 3826 argumentum
2000 3768 2117 3810 erat
2143 3756 2289 3823 ejus-

706 3848 850 3900 modi
889 3866 901 3900 :
939 3847 1210 3917 Longinus
1239 3850 1458 3916 quidam
1512 3847 1744 3902 habebat
1797 3863 1984 3919 agrum
2031 3846 2281 3900 Mindnna

704 3942 905 3995 dietnm
939 3941 1031 4011 qui
1064 3936 1281 4010 quidem
1313 3952 1429 3996 erat
1471 3942 1713 3996 Mesthia:
1758 3943 2090 4009 episc0patui
2149 3942 2282 3995 sub-

695 4034 925 4100 jectus:
988 4034 1224 4087 Severus
1274 4046 1478 4099 autem,
1542 4050 1664 4087 cum
1722 4044 1867 4088 esset
1940 4034 2278 4088 Masadarum

700 4127 1007 4194 episcopus,
1042 4127 1333 4194 quemdam
1366 4124 1434 4195 (ἰ)
1449 4118 1663 4180 τίεευιιί
1701 4126 1971 4179 ordinavit
2004 4127 2280 4193 presbyte-

700 4234 818 4271 rum
847 4220 1051 4287 templi,
1086 4221 1227 4287 quod
1288 4230 1406 4273 erat
1464 4221 1515 4274 in
1571 4234 1720 4290 agro,
1752 4218 2107 4287 jurejurando
2134 4218 2283 4285 prius

700 4314 973 4378 adactum,
1004 4312 1147 4381 quod
1182 4316 1231 4365 in
1290 4312 1488 4381 templo
1548 4320 1913 4381 permaneret,
1962 4310 2047 4365 vel
2104 4310 2281 4378 potius

697 4406 1028 4475 episcopatui
1056 4416 1199 4458 esset
1222 4404 1494 4472 subjectus
1524 4420 1537 4455 :
1574 4407 1669 4456 sed
1702 4404 1991 4470 episcOpus
2020 4402 2276 4470 regionis,

697 4495 783 4546 cui
814 4504 931 4547 erat
983 4509 1111 4562 ager
1164 4493 1467 4561 subjectus,
1506 4492 1825 4559 prohibebat
1875 4490 2165 4560 Cyriacum
2211 4491 2279 4544 ab

697 4587 805 4639 alio
836 4586 1149 4638 ordinatum
1201 4599 1352 4639 sacra
1385 4584 1665 4638 celebrare
1714 4583 1764 4636 in
1799 4583 2029 4637 ecclesia
2064 4597 2183 4650 quae
2211 4583 2277 4635 ad

698 4679 872 4734 ipsum
904 4674 1229 4744 pertinebat,
1277 4684 1327 4728 et
1362 4675 1483 4729 ideo
1517 4655 1778 4743 Cyri-acus
1813 4687 1876 4726 ea
1937 4673 2121 4726 relicta
2172 4673 2279 4724 alio

699 4769 995 4821 translatus
1056 4777 1161 4819 est.
1221 4766 1390 4819 Porro
1445 4764 1723 4832 Longinus
1754 4779 1971 4833 quoque
2030 4764 2080 4818 id
2137 4778 2277 4831 atgre

700 4861 878 4913 ferens
912 4860 1151 4911 minatus
1186 4868 1265 4911 est
1323 4871 1379 4911 se
1410 4858 1695 4911 ecclesiam
1726 4856 1994 4911 desertam
2052 4855 2275 4909 relictu-

696 4970 815 5007 rum
872 4952 945 5005 De
978 4966 1036 5005 ea
1074 4966 1201 5019 ergo
1234 4964 1288 5002 re
1335 4949 1697 5016 interrogatus
1750 4963 1974 5027 magnus
2023 4946 2274 5008 Basilius,

694 5047 997 5116 respondit,
1030 5060 1217 5112 agrum
1259 5043 1343 5096 ctti
1385 5043 1723 5095 renuntiatus
1762 5048 1844 5093 est
1879 5037 2162 5107 Cyriacus,
2225 5036 2274 5089 id

692 5149 801 5202 est,
832 5139 987 5205 cujus
1019 5138 1304 5207 presbyter
1333 5135 1648 5188 nominatus
1688 5140 1790 5192 est,
1849 5140 2099 5197 oportere
2154 5143 2275 5182 esse

696 5229 1041 5284 Masadarum
1079 5226 1410 5296 episcopatui
1444 5223 1771 5289 subjectum,
1799 5219 1900 5274 etsi
1934 5230 2076 5273 esset
2134 5221 2274 5272 alius

694 5323 954 5390 regiOnis,
992 5329 1045 5373 et
1068 5320 1357 5387 (Syriacum
1387 5319 1494 5371 illic
1524 5316 1744 5370 reverti.
1778 5315 1868 5367 Sic
1887 5310 2272 5380 enim,iuquit,

695 5431 794 5467 nec
825 5414 912 5465 ille
968 5412 1129 5464 faciet
1167 5420 1363 5476 praeter
1388 5420 1812 5470 sacramentum,
1844 5423 1942 5461 nec
1996 5405 2274 5473 Longinus

692 5504 979 5557 i-t-t-lesiam
1011 5502 1250 5563 deseret,
1301 5501 1402 5554 hoc
1450 5512 1529 5554 est
1570 5503 1837 5554 desertam
1892 5499 2157 5563 relinquet
2194 5494 2272 5545 vel

692 5599 854 5649 etiam
885 5596 1148 5657 destruet,
1204 5608 1301 5647 nec
1351 5608 1501 5646 suam
1554 5593 1789 5643 animam
1830 5600 2048 5657 propter
2102 5588 2271 5638 otium

692 5687 1093 5747 intidemnabit,
1154 5703 1248 5740 seu
1303 5686 1349 5737 ei
1404 5685 1671 5753 Stthjiciet,
1718 5683 1887 5752 utqui
1938 5682 2188 5748 precibus
2219 5691 2272 5733 ct

694 5784 890 5835 tittivis
926 5779 1140 5847 l'y'unis
1174 5794 1277 5833 non
1317 5787 1490 5841 vacet,
1528 5776 1619 5830 sed
1670 5776 1736 5828 ab
1782 5774 1861 5829 eis
1912 5781 2107 5827 cesset.
2168 5771 2271 5826 Nos

2388 3582 2481 3633 τοῦ
2505 3583 2691 3647 ὅρκου.
2745 3583 2806 3635 Et
2868 3580 2925 3631 δὲ
2970 3584 3177 3632 τούτων
3224 3576 3615 3642 σκοπουμένων
3669 3573 3772 3623 οὒκ
3829 3572 3980 3623 ἔστιν

2389 3674 2569 3741 εὑρεῖν
2599 3672 2953 3741 παραμυθίαν
2986 3671 3109 3723 τινα
3139 3671 3216 3729 εἰς
3243 3670 3300 3720 τὸ
3332 3667 3633 3734 ἀποστῆναι
3665 3662 3761 3714 τοῦ
3782 3664 3976 3730 ὅρκου,

2390 3765 2493 3832 χρὴ
2521 3766 2647 3826 τοὺς
2673 3764 2949 3825 τοιούτους
2972 3764 3087 3832 ὲᾷν,
3142 3762 3229 3813 ῖνα
3274 3759 3345 3827 μὴ
3402 3754 3727 3826 ἐπιορκῶσι,
3789 3754 3864 3804 Τὸ
3924 3752 3979 3802 ὁὶ

2352 3853 2532 3925 ⁹κατὰ
2564 3854 2654 3905 τὸν
2687 3852 2927 3922 Σεόἧρον
2988 3852 3245 3921 πρᾶγμα,
3305 3849 3423 3917 ἦτοι
3485 3847 3518 3914 ἡ
3565 3842 3771 3911 πρᾶξις
3808 3839 3908 3891 καὶ
3945 3840 3982 3905 ἡ

2388 3945 2667 4009 ὑπόθεσις,
2705 3945 2949 3998 τοιοῦτον
3002 3940 3088 4013 ἦν.
3146 3940 3409 4007 Λογγῖνός
3460 3954 3547 3999 τις
3593 3929 3741 4004 εἶχεν
3797 3930 3973 3999 ἀγρὸν

2386 4036 2632 4089 Μίνδανα
2718 4035 3055 4105 καλούμενον
3113 4037 3179 4104 τῇ
3233 4032 3507 4099 ιπισκοπῇ
3550 4031 3647 4094 τῇς
3703 4023 3981 4083 Μισθείας

2388 4126 2783 4194 ὑποκείμενον·
2816 4126 3057 4194 Σεὸῆρος
3088 4126 3143 4177 δὲ
3200 4122 3475 4177 Μασάδων
3539 4118 3842 4176 ἐπίσκοπος
3898 4112 3975 4163 ὣν

2386 4216 2765 4285 ἐχειροτόνησε
2813 4214 3088 4285 Κυριακόν
3120 4230 3240 4265 τινα
3294 4213 3374 4273 είς
3432 4208 3523 4260 τὸν
3573 4210 3630 4258 ὲν
3678 4204 3758 4271 τῷ
3817 4200 3978 4268 ἀγρῷ

2387 4306 2514 4357 ναὸν
2547 4306 2939 4374 πρεσϐύτερον,
2981 4304 3259 4372 ὀμόσαντα
3310 4297 3655 4368 παραμένειν
3706 4292 3788 4360 τῷ
3824 4290 3971 4357 ναῷ,

2386 4399 2418 4469 ἦ
2460 4397 2665 4466 μᾶλλον
2712 4400 2776 4466 τῇ
2811 4398 3087 4464 ἐπισκοπῇ
3123 4394 3427 4447 ὑποτελεῖν.
3473 4386 3612 4440 Ἀλλ’
3658 4386 3687 4436 ὀ
3724 4385 3827 4449 τῆς
3855 4384 3971 4435 ἑνο-

2391 4490 2509 4555 ρίας
2537 4479 2924 4555 ὲπίσκοπος,ᾖ
2962 4486 3223 4537 ὑπέκειτο
3276 4483 3304 4533 ὀ
3354 4478 3547 4547 ἀγρὸς,
3587 4473 3833 4527 ἐκώλυσε
3878 4474 3973 4523 τὸν

2388 4579 2666 4647 κυριακὸν
2696 4580 3003 4648 ἱερουργεῖν
3040 4578 3098 4627 ὲν
3128 4572 3396 4643 ἐκκλησίᾳ
3421 4566 3755 4636 διαφερούσῃ
3784 4563 3963 4629 αὐτῷ,

2384 4671 2511 4737 παρ’
2582 4670 2773 4738 ἑτέρου
2829 4668 3296 4739 χειροτονηθέντα.
3350 4665 3440 4715 Διδ
3486 4660 3581 4711 καὶ
3642 4655 3968 4710 καταλιπὼν

2382 4760 2553 4830 αὐτὴν
2586 4763 2612 4814 ὀ
2644 4761 2943 4831 Κυριακὸς,
2972 4758 3235 4829 μετετέθη
3287 4752 3545 4824 ἀλλαχοῦ.
3577 4752 3691 4803 Καὶ
3717 4750 3745 4800 6
3768 4749 3971 4812 Λογγῖ·

2384 4870 2472 4914 νος
2506 4853 2593 4905 διὰ
2655 4852 2814 4905 τοῦτο
2865 4851 3210 4919 λυπούμενος
3264 4846 3479 4918 ἠπείλει
3526 4840 3822 4909 ἐρημῶσαι
3870 4840 3969 4899 τὴν

2381 4944 2703 5009 ἐκκλησίαν.
2742 4943 3069 5013 Ἐρωτηθεὶς
3091 4940 3221 5009 γοῦν
3245 4942 3272 4993 ὀ
3315 4938 3490 5007 μέγας
3523 4931 3808 4989 Βασίλεῖος
3837 4926 3967 4993 περὶ

2380 5034 2595 5097 τούτου,
2630 5036 2986 5102 ἁπεκρίνατο,
3038 5033 3128 5085 τὸν
3189 5030 3379 5099 ἀγρὸν,
3441 5020 3484 5091 ᾧ
3537 5018 3898 5089 ἐπεκηρύχθη
3940 5019 3966 5067 ὁ

2380 5125 2681 5194 Κυριακδς,
2745 5128 2917 5193 ἤγουν
2961 5126 3040 5185 είς
3096 5123 3156 5176 ὃν
3216 5116 3511 5188 ὠνομάσθη
3561 5111 3962 5180 πρεσὸύτερος,

2384 5216 2710 5284 ὑποτεθῆναι
2743 5219 2807 5285 τῇ
2855 5216 3128 5283 ἐπισκοπῇ
3168 5212 3277 5264 τῶν
3311 5207 3605 5267 Μασάδων,
3640 5204 3691 5255 εἰ
3720 5202 3817 5253 καὶ
3846 5198 3955 5251 ἑτέο

2380 5323 2481 5373 ρας
2512 5302 2578 5374 ἦν
2610 5303 2844 5374 ἐπιορίας,
2880 5304 2971 5355 καὶ
2999 5302 3090 5355 τὸν
3118 5298 3392 5371 Κυριακδν
3426 5293 3581 5353 αὖθις
3612 5286 3957 5355 ἐπαναστρέ-
3990 5370 3993 5371 ν

2378 5400 2478 5467 ψαι
2515 5400 2648 5452 ἐκεῖ.
2683 5398 2841 5451 Οὕτω
2882 5397 3014 5465 γὰρ,
3054 5396 3241 5463 φησὶν,
3274 5390 3397 5443 οὔτε
3437 5388 3644 5446 ἐκεῖνος
3678 5379 3833 5448 παρὰ
3859 5379 3958 5430 τὸν

2378 5491 2539 5558 ὅρκον
2566 5492 2803 5557 ποιήσει,
2838 5486 2961 5539 οὔτε
3009 5488 3036 5540 ὀ
3066 5486 3329 5552 Λογγῖνος
3359 5481 3457 5547 τὴν
3490 5474 3793 5543 ἐκκλησίαν
3824 5473 3964 5538 ἐρη-

2383 5586 2574 5652 μώσει,
2612 5583 2731 5633 ἀντὶ
2761 5579 2853 5633 τοῦ
2891 5581 3098 5647 ἔρημον
3140 5572 3482 5637 καταλείψει,
3513 5569 3546 5638 ἢ
3574 5569 3667 5618 καὶ
3707 5563 3959 5622 καθελεῖ,

2376 5676 2497 5728 οὐδὲ
2531 5673 2845 5744 ἑαυτοῦ
2889 5674 3071 5741 ψυχὴν
3124 5671 3246 5729 ταῖς
3298 5664 3517 5733 ἀργίαις
3567 5657 3957 5713 καταδικάσειι

2379 5770 2545 5836 ἦΥθυν
2581 5765 2859 5823 ὑποϐαλεῖ,
2899 5763 2974 5827 τῷ
3012 5762 3085 5829 μὴ
3120 5758 3399 5828 σχολάζειν
3450 5755 3633 5822 εὐχαῖς
3691 5752 3788 5804 καὶ
3846 5748 3962 5807 τοῖς
