4224 6446
245 373 352 435 693

1248 373 1328 433 ΙΝ
1359 370 1595 432 EPIST.
1624 373 1684 430 S.
1730 366 2010 429 B.\SlLll
2049 369 2490 430 CANONICAM
2531 368 2580 429 Ι.

3394 366 3500 423 630

245 483 414 544 θείοις
447 482 658 551 ὕμνοις,
702 483 839 536 ἀλλά
871 484 1082 552 ἀργεῖν.
1129 485 1222 537 Ἐκ
1256 486 1464 537 τούτων
1512 484 1605 536 καὶ
1630 485 1813 552 ἡμεῖς,
1852 485 1893 539 Α

1852 485 1893 539 Α
1930 498 2168 551 quoque,
2199 483 2398 551 inquit,
2447 496 2564 550 qum
2605 480 2669 533 ad
2691 478 2975 548 Cyriacutn
3034 475 3326 545 pertinent,
3391 474 3497 524 dis-

243 577 435 640 φησιν,
467 574 871 643 οἰκονομοῦντες
922 579 989 627 τά
1022 576 1164 630 κατὰ
1222 578 1312 628 τὸν
1374 577 1676 644 κυριακὸν,
1731 576 1822 627 καὶ

245 666 572 734 ἐπιστρέψαι
604 666 764 718 αὐτὸν
800 669 877 727 είς
914 666 1012 735 τὴν
1065 669 1387 737 ἐκκλησίαν,
1427 662 1702 738 ᾖῶμοσεν
1731 670 1822 734 ἐγ-

248 758 562 825 καρτερεῖν,
594 758 1011 826 ἐπιτρέποντες,
1037 760 1097 809 οὗ
1130 760 1359 828 δόξομεν
1417 760 1566 828 παρά
1592 762 1823 821 κανόνας

250 851 452 907 ποιεῖν.
475 849 596 902 οὐδὲ
634 851 842 912 ἐκεῖνος
883 852 1247 918 παραϐαίνειν
1272 852 1362 904 τδν
1386 853 1550 922 ὅρκον
1583 853 1821 922 κριθείη.

262 937 725 1007 Ἐπανερχόμενος
754 941 863 1010 γὰρ
920 942 1067 994 δοκεῖ
1134 944 1433 1011 φυλάσσειν
1490 946 1580 996 τὸν
1638 945 1823 1013 ὅρκον,

246 1030 332 1080 ὅτι
363 1029 485 1080 ούδέ
514 1032 834 1098 πρόσκειται
865 1032 942 1100 τῷ
974 1033 1148 1102 ὅρκῳ,
1183 1033 1302 1085 οὐδὲ
1340 1034 1475 1102 πρὸς
1508 1034 1683 1103 βραχὺ
1700 1036 1827 1087 ἀνα-

252 1120 527 1187 χωρήσειν
556 1122 649 1172 τοῦ
691 1120 861 1188 ἀγροῦ
896 1122 1003 1173 τῶν
1031 1122 1333 1180 Μινδάνων.
1372 1125 1514 1190 Ὀρα
1564 1123 1657 1176 οὖν
1712 1123 1826 1186 πῶς

252 1211 316 1260 ἐκ
346 1211 443 1275 τῆς
469 1210 576 1261 τῶν
613 1213 874 1279 ῥημάτων
893 1214 1196 1277 ἐξετάσεως
1238 1214 1331 1267 καὶ
1355 1214 1825 1282 κατασκοπήσεως

253 1301 555 1370 ἐθήρευσεν
586 1305 614 1355 ό
660 1305 812 1369 ἆγιος
861 1306 1004 1369 νοῦν,
1053 1307 1197 1359 ὥστε
1232 1308 1305 1377 μὴ
1336 1307 1515 1359 δοκεῖν
1546 1308 1829 1374 ἐπιορκεῖν

252 1390 346 1440 τὸν
377 1390 673 1457 ὀμόσαντα.
709 1393 897 1449 Ταῦτα
929 1396 1027 1463 μὲν
1048 1390 1141 1448 οὖν
1196 1395 1327 1464 περὶ
1376 1395 1472 1448 τοῦ
1524 1395 1827 1465 κυριακοῢ.

265 1481 328 1533 ὐ
356 1479 413 1531 δὲ
437 1480 692 1549 Σεδῆρος,
723 1484 1067 1552 αίτιὼμενος,
1099 1488 1181 1539 ὅτι
1222 1487 1300 1549 είς
1352 1486 1524 1555 ἀγρὸν
1571 1487 1828 1558 ἀλλοτρίᾳ

258 1569 625 1623 ὑποτελοῦντα
653 1573 838 1645 ἐνορίᾳ
866 1576 1293 1645 ἐχειροτόνησεν,
1317 1577 1471 1643 ἔλεγε
1500 1578 1641 1630 κατὰ
1658 1577 1831 1646 λήθην

255 1658 419 1711 τοῧτο
445 1662 693 1726 τοιῆσαι,
726 1665 998 1731 ἀγνοήσας
1030 1666 1203 1733 ἐτέρῳ
1235 1668 1327 1718 τὸν
1362 1668 1538 1735 ἀγρὸν
1602 1668 1827 1720 ὑποκεῖ-

263 1748 411 1800 σθαι.
460 1748 612 1802 Ἐπεὶ
642 1747 755 1815 οὖν,
790 1756 943 1821 φησὶ,
983 1758 1081 1825 τὴν
1121 1755 1290 1823 λήθην
1319 1757 1702 1825 προϐάλλεται,
1753 1760 1834 1810 δεῖ

258 1841 425 1894 αὐτὸν
460 1843 886 1913 συγχωρηθῆναι
913 1848 1006 1897 καὶ
1038 1848 1114 1909 είς
1146 1846 1243 1915 τήν
1294 1849 1475 1915 κρίσιν
1525 1849 1831 1918 ἀναρτῆσαι

262 1930 427 1982 αὑτὸν
462 1931 555 1984 τοῦ
588 1932 748 1986 Θεοῦ.
781 1934 905 1987 Ὀτι
940 1938 1049 2005 γὰρ
1067 1940 1166 1989 οὐκ
1188 1938 1354 2005 ἐσμὲν
1378 1939 1831 2007 καρδιογνῶσται,

260 2021 377 2073 ἀλλ’
404 2022 482 2085 ῶς
512 2023 803 2093 ἀκούομεν,
846 2026 1129 2095 κρίνομεν,
1180 2029 1360 2096 δῶμεν
1409 2030 1507 2099 τὴν
1554 2030 1836 2099 ἐκδίκησιν

257 2112 339 2181 τῷ
377 2112 516 2180 Θεῷ,
557 2120 1113 2185 συγγ-ιωμονήσαντες
1171 2119 1259 2171 διὰ
1308 2119 1407 2189 τὴν
1454 2120 1652 2190 λήθην,
1712 2121 1835 2191 ήτις

260 2202 380 2255 ἐστὶ
414 2203 583 2265 πάθος
616 2204 974 2274 ἀνθρώπινον.
1021 2208 1129 2261 Καὶ
1158 2208 1227 2261 τά
1269 2209 1367 2277 μέν
1395 2209 1491 2263 τοῦ
1523 2214 1749 2274 κανόνος
1773 2213 1835 2265 ἐν

257 2293 494 2356 τούτοις.
537 2296 607 2347 Σὺ
637 2296 692 2348 δὲ
716 2298 989 2364 ἀνάγνωθι
1018 2299 1079 2350 τδ
1131 2297 1199 2369 ιη’
1228 2316 1353 2369 κεφ.
1403 2299 1498 2353 τοῦ
1531 2301 1599 2369 ιγ’
1656 2303 1835 2357 τίτλον

259 2385 357 2436 τοῦ
379 2386 648 2450 παρόντος
683 2391 1089 2457 συντάγματος,
1137 2391 1231 2445 καὶ
1261 2392 1328 2445 τὰ
1391 2393 1473 2455 είς
1518 2395 1619 2458 τὴν
1664 2395 1839 2464 ἐρμη-

261 2475 413 2529 νείαν
442 2476 606 2529 αὑτοῦ
625 2478 911 2548 γραφέντα
942 2480 1105 2550 χάριν
1132 2481 1609 2552 ἀναψηλαφήσεως
1636 2484 1836 2552 ὅρκων.

266 2568 399 2639 Ἔχε
433 2570 488 2623 δέ
524 2572 616 2626 ἐπὶ
640 2575 862 2642 μνήμης
897 2575 990 2626 καὶ
1016 2573 1077 2626 τὺ
1107 2574 1262 2643 παρά
1310 2573 1403 2627 τοῦ
1433 2575 1593 2643 ἁγίου
1623 2576 1839 2646 ὁρισθέν

260 2663 424 2731 χάριν
449 2662 542 2715 τοῦ
567 2665 1015 2733 παρεμπεσόντος
1044 2664 1255 2732 φάκτου
1286 2667 1382 2720 ἐπὶ
1410 2670 1475 2737 τῇ
1526 2668 1838 2739 χειροτονίᾳ

262 2752 359 2805 τοῦ
376 2753 695 2825 Κυριακοῦ,
726 2755 819 2807 καὶ
862 2758 929 2825 τῇ
957 2758 1226 2828 γενομένῃ
1262 2758 1415 2828 παρά
1444 2758 1633 2811 τούτου
1679 2759 1839 2828 δῆθεν

264 2845 545 2913 ἐπιορκία.
582 2846 691 2898 Καὶ
720 2848 1027 2915 σημείωσαι
1061 2848 1141 2901 ὅτι
1194 2849 1287 2903 διὰ
1312 2850 1504 2902 τούτου
1572 2852 1840 2918 συγγινώ-

264 2948 511 2997 σκονται,
546 2937 618 2998 ὠς
648 2936 843 3003 ἔοικεν,
879 2937 929 2990 οί
959 2941 1099 2992 κατά
1133 2956 1286 3004 τινας
1321 2941 1722 3009 πατριαρχικάς
1748 2942 1839 2994 lx-

269 3024 502 3092 κλησίας
537 3027 948 3096 ἱερουργοῦντες
997 3029 1256 3099 ἐγχώριοι
1305 3030 1604 3100 ἀρχιερεῖς.
1635 3029 1699 3083 El
1730 3034 1838 3102 γάρ

1927 584 2239 641 pensantes,
2265 584 2317 627 et
2350 572 2724 642 permittentes
2778 581 2830 623 ut
2869 572 3051 622 redeat
3089 569 3154 619 ad
3184 565 3496 624 ecclesiam,

1927 666 1979 717 in
2009 678 2111 733 qua
2142 678 2200 717 se
2231 677 2584 731 perseverare
2636 662 2860 729 juravit.
2912 674 3015 711 non
3053 657 3359 710 videbimur
3414 653 3495 707 fa-

1927 770 2051 809 cere
2069 767 2261 821 prteter
2282 769 2539 817 canones,
2562 769 2660 808 nec
2691 751 3165 819 illejusjurandum
3194 745 3495 815 transgredi

1928 846 2195 900 videbitur
2234 864 2247 899 :
2288 856 2566 901 revertens
2615 846 2758 897 enim
2788 844 3000 897 videtur
3051 857 3270 895 scrvare
3319 839 3499 907 jusju-

1930 934 2185 1001 randum,
2232 936 2356 1003 quia
2400 934 2751 1003 jurijurando
2797 933 3070 1001 adjectum
3127 947 3231 982 non
3281 942 3381 987 est.
3442 948 3501 980 se

1931 1040 2036 1080 non
2073 1027 2137 1079 ad
2190 1027 2351 1080 breve
2393 1037 2602 1094 tempus
2658 1039 3010 1079 excessurum
3064 1040 3130 1078 ex
3182 1039 3312 1092 agro
3363 1022 3501 1075 Min-

1931 1117 2215 1169 danorum.
2248 1116 2355 1186 67
2384 1113 2514 1168 Vide
2566 1129 2692 1183 ergo
2746 1116 3018 1183 quomodo
3077 1128 3143 1165 ex
3217 1112 3501 1165 verborum

1931 1207 2326 1260 examinatione
2371 1206 2882 1261 etconsideratione
2911 1215 3131 1258 sanctus
3170 1203 3501 1256 sententiam

1934 1306 2175 1359 venatur,
2218 1298 2460 1363 utisqui
2491 1297 2719 1365 juravit,
2770 1312 2877 1351 non
2933 1298 3175 1350 videatur
3236 1294 3501 1364 pejerare.

1935 1388 2057 1443 llaec
2080 1404 2208 1457 ergo
2249 1389 2314 1442 de
2378 1388 2625 1458 Cytiaco.
2677 1388 2910 1442 Severus
2970 1400 3150 1443 autem
3199 1398 3505 1444 accusatus.

1935 1478 2077 1547 quod
2118 1482 2170 1532 in
2211 1495 2420 1549 agrum,
2452 1480 2540 1548 qui
2573 1488 2689 1532 erat
2712 1478 2804 1531 alii
2854 1480 3059 1549 regioni
3096 1477 3393 1545 subjectus,
3419 1491 3509 1530 or—

1935 1570 2193 1635 dinasset,
2228 1571 2441 1625 dicebat
2471 1586 2529 1625 se
2563 1572 2664 1623 hoc
2688 1569 2967 1624 oblivione
3012 1570 3222 1629 fecisse,
3260 1569 3510 1622 nescien-

1938 1676 2042 1715 tem
2074 1678 2259 1731 agrum
2315 1662 2403 1715 alii
2465 1677 2584 1716 esse
2640 1662 2970 1730 subjectum.
3029 1661 3295 1727 Quoniam
3354 1673 3510 1728 ergo,

1940 1753 2132 1823 inquit,
2191 1755 2257 1805 ad
2309 1754 2390 1805 sui
2446 1752 2816 1807 defensionem
2872 1754 3232 1823 ignoranti:m
3290 1751 3509 1817 allegat,

1937 1852 2151 1911 oportet
2186 1844 2233 1896 ei
2264 1843 2489 1911 ignosci,
2526 1858 2759 1912 eumque
2792 1843 2885 1897 Dei
2918 1843 3125 1912 judicio
3160 1843 3504 1909 relinquere:

1939 1949 2058 1986 cum
2094 1932 2234 1986 enim
2270 1932 2513 1985 cordium
2564 1934 2876 2002 cognitores
2912 1948 3017 1986 non
3067 1946 3275 1993 smnus,
3327 1932 3422 1983 sed
3455 1940 3515 1979 ut

1914 2026 2209 2102 'auditnus,
2236 2025 2563 2093 judicatnus,
2591 2026 2779 2079 demus
2810 2024 2917 2078 Deo
2949 2025 3268 2086 vindictam,
3313 2020 3516 2075 condo-

1942 2127 2131 2170 nantes
2161 2126 2379 2184 propter
2422 2116 2773 2179 oblivionem,
2824 2131 2942 2183 qua
2974 2125 3058 2169 est
3110 2116 3401 2167 humanum
3435 2113 3516 2163 vi-

1943 2208 2096 2263 tium.
2134 2209 2201 2263 Et
2242 2222 2417 2262 canon
2451 2208 2669 2276 quidem
2706 2208 2757 2261 in
2794 2207 2879 2261 his
2910 2207 3179 2261 consistit.
3217 2204 3297 2258 Tu
3337 2213 3513 2255 autem

1941 2299 2057 2369 lege
2110 2314 2229 2367 cap.
2264 2298 2329 2351 18
2360 2340 2373 2359 ,
2402 2313 2523 2366 cap.
2556 2298 2625 2352 15
2683 2299 2763 2350 tit.
2801 2298 2867 2352 15
2896 2298 3176 2366 praesentis
3219 2297 3400 2362 operis
3422 2335 3434 2355 ,
3462 2306 3519 2346 et

1942 2407 2059 2459 qua:
2093 2391 2144 2445 in
2175 2391 2291 2459 ejus
2343 2392 2787 2459 interpretatione
2813 2391 3010 2458 scripta
3049 2401 3171 2443 sunt
3205 2391 3269 2442 de
3317 2395 3515 2439 tracta-

1943 2482 2087 2536 tione
2114 2482 2573 2550 juramentorum.
2609 2480 2691 2533 Tu
2728 2489 2909 2534 autem
2949 2480 3087 2533 habe
3143 2478 3195 2530 in
3251 2476 3515 2530 memoria

1941 2573 1993 2626 id
2023 2586 2256 2641 quoque,
2292 2572 2497 2640 quoda
2552 2581 2743 2625 sancto
2802 2570 3064 2639 scriptum
3117 2579 3200 2622 est
3253 2568 3319 2622 de
3373 2566 3516 2619 facto

1942 2665 2084 2731 quod
2118 2662 2307 2717 incidit
2338 2664 2391 2717 in
2426 2664 2769 2718 ordinatione
2800 2662 3039 2733 Cyriaci,
3073 2672 3127 2715 et
3187 2664 3251 2714 de
3280 2658 3519 2729 perjuriu

1942 2753 2083 2822 quod
2112 2753 2181 2807 ab
2201 2768 2266 2808 eo
2285 2754 2635 2809 commissum
2653 2764 2735 2808 est
2770 2773 2782 2808 ε
2814 2763 2868 2808 et
2894 2763 3019 2807 nota
3043 2754 3187 2822 quod
3208 2762 3515 2821 pr0pterea,

1944 2852 2002 2897 ιιι
2030 2854 2113 2898 est
2162 2844 2474 2909 verisimile,
2530 2845 2829 2915 ignoscitur
2861 2846 3096 2912 regionis
3157 2844 3518 2904 antistitibus.

1942 2936 2123 3004 quiin
2186 2937 2510 3002 quibusdam
2564 2937 3015 3004 patriarcbalibus
3072 2936 3317 2991 ecclesiis
3364 2950 3518 2988 sacra

1944 3025 2239 3079 celebrant.
2268 3024 2379 3078 Nisi
2426 3028 2571 3079 enim
2620 3028 2936 3097 ignorantiae
2968 3036 3259 3094 pra‘textus
3314 3024 3521 3079 Severo

267 3115 344 3184 μὴ
381 3117 442 3168 τὸ
465 3120 566 3186 τῆς
595 3119 817 3183 ἀγνοίας
860 3120 1153 3189 πρόϐλημα
1188 3120 1455 3191 ἐόοήθησε
1486 3121 1559 3191 τῷ
1592 3123 1836 3192 Σεόήρῳ,
1867 3154 1910 3210 C

1867 3154 1910 3210 ε
1945 3116 2205 3170 auxilium
2240 3117 2474 3182 tulisset,
2514 3119 2795 3188 depositus
2830 3130 2995 3183 esset,
3024 3121 3166 3186 quod
3195 3120 3332 3171 ultra
3365 3134 3517 3170 suam

264 3203 545 3278 καθῃρέθη
579 3208 665 3273 ἂν,
688 3208 777 3263 διά
808 3211 868 3261 τὸ
902 3210 1033 3279 παρ’
1059 3212 1274 3280 ἐνορίαν
1314 3213 1539 3281 ποιῆσαι
1593 3231 1833 3283 χειροτο-

262 3295 409 3349 νίαν.
439 3296 576 3364 Περὶ
620 3299 676 3350 δέ
716 3301 909 3370 ίερέων
926 3301 1139 3369 ψευδῶς
1177 3304 1644 3372 μαρτυρησάντων
1672 3304 1841 3370 ἀνάγ-

263 3384 399 3437 νωθι
430 3385 528 3455 τὴν
562 3394 646 3450 ος⁹
678 3389 894 3457 Νεαρὰν
923 3389 1017 3442 τοῦ
1070 3389 1338 3459 βασιλέως
1388 3391 1556 3463 κυροῦ
1613 3394 1839 3458 Λέοντος

261 3476 359 3529 τοῦ
387 3478 707 3547 Φιλοσόφου,
739 3482 1217 3550 διαλαμϐάνουσαν
1262 3486 1364 3549 ὼς,
1404 3485 1454 3536 εί
1490 3484 1589 3552 μέν
1617 3485 1841 3554 ἔνορκον

261 3569 743 3641 ψευδομαρτυρίαν
818 3576 1034 3644 ποιήσει
1104 3579 1133 3630 ό
1195 3578 1397 3648 ἱερεὺς,
1472 3576 1837 3646 καθαιρεῖται.

262 3661 473 3733 Ὀρκου
517 3664 573 3715 δὲ
642 3665 716 3732 μή
784 3666 1330 3734 παραζευγνυμένου,
1392 3666 1712 3732 ἀφορίζεται
1744 3668 1838 3719 ἐπὶ

259 3754 453 3821 τριετῆ
494 3756 683 3822 χρόνον
719 3758 801 3818 είς
849 3760 1233 3829 μοναστήριον,
1260 3759 1354 3811 καὶ
1396 3758 1569 3822 οὕτως
1599 3761 1679 3822 είς
1738 3759 1836 3829 τὴν

263 3842 407 3894 ἰδίαν
435 3844 588 3907 τάξιν
613 3847 1070 3902 ἀποκαθίσταται.

334 3933 761 3999 ΖΩΝΑΡ.Τινές
788 3938 866 3999 είς
909 3938 971 3990 τὺ
1017 3942 1460 4012 χειροτονηθῆναι
1511 3944 1838 4015 καλούμενοι

261 4020 575 4090 ἐξώμνυντο
605 4025 680 4095 μή
736 4026 1129 4093 καταδέξασθαι
1184 4031 1283 4100 τήν
1314 4034 1669 4100 χειροτονίαν.
1700 4034 1838 4096 Τοὺς

260 4108 357 4164 οὖν
385 4114 660 4177 τοιούτους
716 4115 864 4182 λέγει
902 4118 929 4169 ό
948 4120 1132 4205 κανὼν
1168 4120 1243 4190 μή
1275 4122 1387 4175 δεῖν
1429 4124 1838 4190 ἀναγκάζεσθαι

262 4205 564 4273 ἐπιορκεῖν.
592 4207 710 4260 Κάν
736 4209 889 4279 δοκῇ,
925 4212 1109 4281 φησὶν,
1141 4213 1343 4276 ἐξεῖναι
1368 4216 1481 4277 τοῖς
1504 4217 1599 4284 ἀφ’
1629 4218 1837 4270 ἐαυτῶν

261 4296 547 4364 ὀμόσασιν,
603 4300 634 4368 ἢ
687 4298 888 4369 δεσμόν
909 4318 1027 4354 τινα
1091 4306 1302 4366 ἑαυτοῖς
1332 4306 1701 4374 ἐπισαλοῦσιν,
1729 4303 1840 4361 οἷον

266 4389 342 4455 μὴ
373 4390 570 4455 φαγεῖν
597 4391 787 4461 κρέας,
814 4392 848 4461 ἢ
878 4392 953 4463 μὴ
981 4396 1124 4446 πιεῖν
1154 4390 1320 4459 οἶνον,
1352 4397 1385 4465 ἢ
1417 4397 1491 4466 μὴ
1508 4399 1628 4451 τόδε
1659 4400 1691 4467 ἢ
1720 4400 1839 4451 τόδε

1949 3207 2229 3261 ditecesim
2287 3209 2686 3264 ordinationem
2742 3210 2983 3265 fecisset.
3036 3209 3112 3264 De
3150 3210 3525 3263 sacerdotibus

1948 3304 2129 3349 autem
2153 3296 2299 3352 falso
2350 3299 2670 3361 testiﬁcatis,
2740 3299 2855 3365 lege
2927 3300 3269 3367 imperatoris
3319 3298 3525 3350 domini

1948 3382 2142 3439 Leonis
2176 3384 2449 3455 Sapientis
2502 3388 2765 3441 novellam
2798 3388 2884 3451 76,
2918 3404 3040 3456 qua:
3092 3389 3357 3448 continet,
3379 3387 3523 3453 quod

1948 3478 1992 3531 si
2050 3479 2310 3532 sacerdos
2369 3478 2564 3534 falsum
2615 3480 2987 3534 testimonium
3037 3479 3248 3546 juratus
3304 3479 3521 3537 dixerit,

1949 3571 2250 3639 deponitur.
2288 3570 2441 3638 Quod
2469 3572 2511 3625 si
2540 3573 2923 3640 jusjurandum
2958 3588 3065 3626 non
3098 3572 3419 3634 accesserit,
3470 3573 3522 3624 in

1952 3663 2340 3716 monasterium
2375 3663 2440 3715 ad
2490 3665 2780 3717 triennium
2832 3674 3138 3735 separetur,
3198 3674 3253 3718 et
3286 3665 3366 3718 sie
3418 3664 3525 3735 pri-

1950 3755 2091 3810 stino
2118 3755 2293 3809 ordini
2326 3754 2661 3811 restituatur.

2019 3936 2271 3993 ZONAR.
2303 3937 2531 4004 Quidam
2558 3938 2730 3992 vocati
2756 3948 2811 3991 ut
2836 3939 3242 4002 ordinarentur,
3271 3938 3528 4005 jurarnnt

1951 4044 2011 4084 se
2047 4030 2443 4083 ordinationem
2500 4047 2607 4086 non
2665 4032 3018 4086 admissuros.
3071 4031 3345 4099 Ejusmodi
3397 4044 3527 4096 ergo

1950 4120 2219 4182 homines,
2253 4120 2328 4172 ait
2355 4133 2550 4183 canon,
2586 4136 2689 4175 non
2719 4136 2843 4176 esse
2874 4123 2939 4175 ad
2975 4122 3269 4190 perjurimn
3307 4122 3529 4188 adigen.

1949 4211 2064 4265 dos.
2111 4210 2338 4265 Etiamsi
2387 4213 2655 4279 videatur,
2707 4214 2900 4281 inquit,
2939 4213 3101 4278 licere
3155 4215 3241 4274 iis,
3287 4214 3376 4281 qni
3425 4227 3525 4264 sua

1948 4313 2142 4370 sponte
2184 4302 2458 4371 jurarunt,
2507 4314 2601 4359 aut
2631 4307 2848 4373 aliquod
2884 4306 3153 4359 vinculum
3186 4305 3286 4358 sibi
3329 4305 3529 4372 injece-

1949 4401 2111 4458 runt;
2153 4396 2296 4447 velut
2330 4395 2599 4449 abstinere
2640 4412 2668 4449 a
2706 4399 2992 4462 carnibus,
3036 4406 3127 4449 aut
3171 4412 3199 4447 a
3250 4397 3392 4457 vino,
3436 4404 3528 4446 aut

264 4480 513 4542 ποιῆσαι,
548 4478 698 4530 λύειν
770 4480 935 4533 πάλιν
992 4481 1090 4549 ἀφ’
1137 4484 1350 4535 ἑαυτῶν
1380 4485 1471 4536 τὸν
1494 4486 1711 4555 δεσμὸν,
1747 4489 1840 4541 καὶ¹
1873 4502 1920 4558 ι)

1873 4502 1920 4558 υ
1950 4485 2052 4537 hoc
2078 4483 2164 4539 vel
2203 4484 2329 4537 illud
2360 4486 2647 4551 omittere;
2678 4487 2953 4540 vinculum
2985 4487 3112 4541 illud
3149 4503 3363 4540 rursum
3392 4502 3521 4553 pro-

262 4565 359 4617 τοῦ
394 4568 560 4635 ὅρκου
608 4568 983 4635 ἀφίστασθαι·
1043 4569 1171 4623 ἀλλ’
1225 4574 1290 4624 ἐκ
1337 4574 1537 4642 πείρας
1564 4575 1840 4644 ἐμάθομεν

261 4655 343 4705 ὅτι
373 4656 919 4725 οίπαρορκήσαντες,
985 4658 1151 4727 ήγουν
1180 4660 1229 4711 oi
1280 4661 1429 4730 παρὰ
1475 4662 1605 4725 τοὺς
1644 4664 1839 4730 ὅρκους

263 4749 618 4813 ποιήσαντες,
670 4748 771 4800 οὐκ
807 4748 1176 4815 εύδοκοῦνται,
1214 4750 1336 4803 ἀντὶ
1363 4749 1482 4817 τοῦ,
1528 4753 1587 4805 οὺ
1623 4752 1839 4822 θελητοὶ

260 4838 339 4905 τῷ
359 4836 480 4905 Θεῷ
506 4839 660 4898 εἰσιν,
686 4838 718 4907 ἢ
749 4840 851 4891 οὐκ
872 4840 1151 4907 εὐδόκιμοι
1189 4842 1361 4912 αὐτῷ,
1398 4844 1458 4894 οὐ
1489 4844 1533 4895 δ’
1554 4844 1840 4915 εὐάρεστοι

263 4929 565 4998 κρίνονται.
597 4932 687 4980 Δεῖ
722 4928 801 4994 δέ,
829 4917 1019 5000 φησιν,
1046 4933 1138 4985 ἐπὶ
1189 4932 1300 4984 ὠν
1344 4933 1601 4987 τοιούτων
1637 4936 1731 4988 καὶ
1780 4936 1840 4987 τὸ

264 5020 405 5086 εἶδος
438 5021 534 5074 τοῦ
568 5022 732 5090 ὅρκου
768 5028 1024 5076 σκοπεῖν·
1056 5026 1257 5089 εῐτουν,
1306 5029 1354 5080 εί
1382 5029 1516 5079 Θεὸν
1556 5029 1841 5099 ὠνόμασεν

264 5112 509 5180 ὀμνύων,
558 5112 745 5181 ῆάλλο
777 5131 852 5177 τι,
889 5118 980 5166 καὶ
1032 5116 1101 5167 τά
1144 5116 1363 5186 ῥήματα
1394 5116 1488 5170 τοῦ
1515 5118 1838 5185 ὀμόσαντος,

266 5206 359 5256 καὶ
408 5204 511 5273 τὴν
548 5203 790 5257 διάθεσιν
843 5206 939 5272 ἀφ’
1001 5201 1065 5275 ἧς
1120 5206 1327 5273 ὤμοσε,
1382 5210 1477 5260 καὶ
1532 5209 1630 5270 τὰς
1702 5210 1841 5260 κατά

263 5297 459 5347 λεπτὸν
492 5299 552 5347 ἐν
579 5299 689 5359 τοῖς
736 5298 944 5364 ῥήμασι
990 5301 1325 5369 προσθήκας.
1367 5302 1523 5362 Εἰκὸς
1550 5302 1657 5371 γάρ
1692 5305 1841 5354 ἐστιν

264 5390 327 5438 ἐκ
363 5388 464 5453 τῆς
496 5386 592 5438 τοῦ
649 5387 815 5454 ὅρκου
880 5390 1188 5457 ποιότητος,
1225 5398 1317 5443 καὶ
1351 5394 1414 5444 ἐκ
1439 5398 1547 5443 τῶν
1579 5393 1840 5464 ῥημάτων

265 5478 361 5529 καὶ
381 5478 448 5528 ἐκ
481 5478 578 5543 τῆς
640 5479 931 5542 διαθέσεως
962 5496 976 5510 ⁸
1026 5484 1074 5531 εί
1104 5483 1265 5550 τυχὸν
1324 5486 1387 5535 ἐκ
1456 5484 1839 5552 μικροψυχίας,

266 5567 363 5620 καὶ
386 5566 487 5618 οὐκ
516 5567 572 5631 ἐξ
595 5568 833 5636 άμέτρου
855 5568 1077 5636 γνώμης
1125 5568 1328 5638 ὤμοσε,
1358 5572 1685 5625 καταλαϐεῖν
1716 5574 1842 5635 τοὺς

269 5654 628 5715 σκοποῦντας,
667 5655 742 5722 μὴ
772 5656 1078 5711 κωλύεσθαι
1111 5659 1203 5709 τὸν
1232 5659 1507 5726 ὀμόσαντα
1540 5662 1841 5729 ἀποστῆναι

268 5745 359 5799 τοῦ
392 5748 576 5815 ὅρκου.
613 5747 674 5799 ΕΞ
704 5746 780 5814 δὲ,
818 5748 1021 5802 τούτων
1090 5752 1498 5821 σκοπουμένων,
1546 5753 1644 5805 οὐκ
1694 5752 1842 5806 ἔστιν

1949 4576 2065 4643 pria
2112 4577 2440 4629 auctoritate
2487 4577 2806 4641 dissolvere,
2844 4588 2897 4630 et
2942 4592 2970 4630 a
3004 4576 3358 4647 jurejurando
3395 4580 3528 4630 deli-

1948 4679 2111 4720 cere:
2156 4677 2527 4721 verumtamen
2565 4670 2897 4737 experientia
2945 4669 3256 4729 didicimus,
3306 4682 3400 4721 eos
3436 4670 3524 4735 qui

1949 4758 2313 4826 pet-jurarunt,
2346 4761 2445 4813 hoc
2476 4769 2582 4824 est,
2608 4760 2698 4827 qui
2723 4770 2911 4815 contra
2940 4761 2994 4812 id
3016 4762 3155 4828 quod
3180 4761 3524 4828 juraverunt,

1947 4851 2225 4917 quippiam
2270 4848 2538 4912 fecerunt,
2586 4866 2693 4904 non
2736 4854 2969 4919 placere,
3000 4854 3102 4904 hoc
3138 4863 3253 4915 est,
3307 4853 3528 4905 minime

1947 4947 2198 4999 acceptos
2228 4951 2349 4990 esse
2381 4937 2511 4999 Deo,
2557 4936 2638 4989 vel
2691 4938 3104 5006 haudquaquam
3144 4938 3358 5008 probos,
3391 4938 3527 4990 ami—

1948 5041 2147 5095 eosque
2185 5029 2252 5080 ab
2308 5028 2423 5092 ipso
2469 5028 2728 5094 judicari.
2773 5026 2995 5095 Oportet
3044 5044 3194 5093 vero,
3234 5030 3424 5098 inquit,
3475 5029 3525 5080 in

1949 5116 2098 5169 hisce
2133 5115 2437 5168 hominibus
2484 5130 2654 5185 genus
2683 5130 2897 5185 quoque
2938 5116 3298 5183 jurisjurandi
3348 5119 3525 5172 cousi-

1949 5210 2159 5271 derare,
2190 5208 2432 5262 Deutnne
2461 5210 3051 5278 appellaveritjurans,
3085 5227 3152 5264 an
3191 5212 3338 5270 aliud
3373 5214 3527 5280 quid-

1952 5301 2113 5365 piam.
2156 5309 2265 5351 tum
2300 5298 2535 5366 jurautis
2568 5302 2752 5363 verba,
2802 5303 3076 5371 animique
3120 5301 3370 5356 allectum
3420 5320 3527 5371 quo

1950 5391 2170 5458 juravit,
2220 5406 2282 5445 ac
2327 5394 2566 5445 minutas
2607 5408 2850 5461 quasque
2895 5394 3200 5449 additiones
3235 5398 3286 5449 in
3322 5397 3523 5450 verbis.

1954 5480 2235 5535 Probabile
2259 5484 2401 5535 enim
2429 5492 2531 5545 est,
2558 5498 2622 5537 ex
2649 5484 3009 5552 jurisjurandi
3041 5485 3231 5550 forma,
3256 5502 3319 5540 ex
3351 5487 3529 5543 verbis

1954 5574 2175 5641 pariter,
2217 5583 2270 5627 et
2294 5589 2359 5627 ex
2397 5576 2561 5629 animi
2600 5575 2904 5640 aﬂ’ectione,
2954 5580 3000 5631 si
3041 5578 3180 5631 [orte
3214 5594 3278 5632 ex
3312 5577 3531 5647 pusilla-

1956 5667 2222 5727 nitnitate,
2252 5683 2358 5721 nou
2390 5679 2575 5722 autem
2605 5684 2669 5722 ex
2700 5672 2968 5724 constanti
3008 5671 3283 5739 pronosito
3304 5670 3526 5738 juravit,

1953 5757 2279 5826 deprehendi
2318 5773 2476 5826 posse
2508 5760 2573 5813 ab
2604 5759 2691 5825 iis,
2732 5762 2820 5830 qui
2857 5762 3116 5817 attentius
3147 5763 3524 5833 cogitaverim,
