4224 6446
736 362 834 422 631

2010 390 2295 455 TllEOD.
2328 398 2731 463 BALSAMON
3875 411 3991 472 632

737 489 840 523 non
895 473 1140 543 impediri
1187 480 1482 551 jurantem,
1516 505 1624 557 quo
1654 493 1832 548 minus
1877 510 1906 549 a
1950 499 2303 565 jurejurando
2337 507 2405 559 Αη

2337 507 2375 559 Α
2404 507 2586 574 εὑρεῖν
2620 509 2975 580 παραμυθίαν
3002 514 3126 563 τινὰ
3158 516 3233 574 εἰς
3257 516 3317 566 τὸ
3337 515 3647 583 ἀποστῆναι
3669 516 3759 568 τοῦ
3779 518 3976 582 ὅρκου,

732 564 973 620 deﬁciat.
1010 569 1414 645 Verumtamen,
1462 581 1507 633 si
1551 584 1700 637 hisce
1730 588 2143 652 animadversis.
2189 593 2306 644 nul-

2409 564 2515 667 χρὴ
2548 602 2674 661 τοὺς
2704 564 2717 580 ⁵
2738 564 3011 663 τοιούτους
3072 604 3188 672 ἑᾷν,
3213 564 3300 658 ῖνα
3336 608 3409 673 μὴ
3441 564 3757 674 ἐπιορκῶσι.
3797 564 3870 658 Ἰῗὸ
3932 564 3986 658 ei

735 657 841 709 lam
880 657 1007 713 licet
1050 663 1295 720 invenire
1328 674 1756 737 excusationem,
1794 692 1890 745 per
1916 693 2075 746 quam
2098 680 2305 749 jureju-

2606 657 2696 741 τόν
2750 657 3005 760 Σευῆρον,
3038 657 3291 761 πράγμα,
3336 657 3753 766 ήτοιήπρὶξις
3822 657 3920 748 καὶ
3954 701 3984 762 ή

739 751 911 804 rando
959 754 1259 856 ξων-ηπίυῆ
1314 760 1579 826 εῘυεΙηοάἱ
1628 779 1842 833 oportet
1887 771 2181 837 dimittere,
2239 791 2304 830 ne
2409 781 2683 845 ὑπόθεσις,
2734 751 2973 838 τοιοῦτόν
3005 751 3469 856 τιλόγγῖνός
3502 751 3612 849 τις.
3641 751 3787 855 εἶχεν
3817 751 3987 855 ἀγρὸν

732 856 851 895 sese
880 843 1119 914 perjurio
1169 852 1531 924 adstringant.
1579 857 1731 924 Quod
1775 872 1953 917 autem
1994 867 2059 919 de
2104 866 2305 922 Severo

2406 843 2739 941 καλούμενον
2794 875 3037 929 Μίνδανα
3067 843 3201 947 [τῇ
3249 843 3524 948 ἐπι-σκοπῇ
3559 843 3657 946 τῆς
3695 843 3976 939 ’ᾖτιαθείας

735 946 991 1031 narratur
1039 943 1333 1007 negotium,
1383 948 1497 1000 sive
1543 951 1705 1016 actio,
1765 953 1851 1008 vel
1904 968 2301 1024 argumentum.

2407 962 2788 1030 ὑποκείμενον.
2848 966 3086 1036 Σευῆρος
3134 943 3199 1019 δέ.
3239 943 3523 1021 Μασάδων⁷
3558 943 3861 1029 δπίσκοπος
3912 968 3990 1019 ὣν

732 1024 997 1126 ejusmodi
1023 1038 1128 1082 est.
1155 1026 1429 1100 Longinus
1458 1036 1675 1102 quidam
1710 1040 1940 1097 habebat
1966 1058 2177 1114 agrum,
2209 1047 2300 1101 cui

2405 1024 2779 1123 ἐχειροτόνησε
2838 1024 3120 1126 Κυριακόν
3169 1076 3287 1111 τινα
3335 1060 3417 1120 είς
3468 1059 3560 1111 τὸν
3593 1060 3651 1109 ἐν
3688 1058 3767 1124 τῷ
3826 1024 3988 1123 ἀγρῷ

731 1110 984 1167 Mindana
1036 1133 1228 1172 nomen
1273 1131 1411 1187 erat,
1464 1125 1693 1183 Misthia:
1728 1110 2060 1201 episcopatui
2118 1136 2299 1203 subje-

2405 1110 2537 1195 νᾶδᾷ
2588 1110 2975 1215 πρεσϐύτερον,
3044 1149 3321 1217 ὀμόσαντα
3378 1110 3716 1217 παραμένειν
3740 1113 3825 1213 ,τῷ
3853 1110 3987 1213 vlg...

2406 1234 2440 1303 ή
2476 1235 2676 1303 μᾶλλον
2707 1239 2772 1306 τῇ
2790 1238 3062 1309 ἐπισκοπῇ
3090 1240 3256 1293 αὐτοῦ
3310 1239 3613 1293 ὑποτελεῖν.
3660 1239 3801 1291 Ἀλλ’
3834 1242 3862 1290 ὁ
3888 1242 3990 1305 τῆς

2405 1323 2619 1391 ἐνορίας
2661 1322 3017 1401 ἐπίσκοποςῇ
3052 1330 3308 1382 ὑπέκειτο
3333 1330 3362 1381 ὸ
3388 1329 3580 1396 ἀγρδς,
3629 1328 3839 1380 ἐκώλυε
3898 1329 3991 1379 τὸν

2405 1414 2683 1479 κυριακὸν
2715 1418 3022 1486 ἱερουργεῖν
3050 1420 3109 1471 ἐν
3142 1418 3410 1489 ἐκκλησία
3446 1418 3781 1486 διαφερούσῃ
3809 1419 3986 1485 αὐτῷ,

2404 1503 2536 1570 παρ’
2572 1504 2761 1572 ἐτέρου
2806 1505 3268 1576 χειροτονηθέντα.
3299 1508 3390 1559 Διδ
3418 1507 3512 1558 καὶ
3543 1505 3863 1558 καταλιπὼν
3890 1509 3991 1557 αύ-

2404 1594 2504 1663 τὴν
2536 1597 2564 1647 ό
2600 1596 2895 1665 Κυριακὸς,
2941 1597 3207 1664 μετετέθη
3235 1595 3472 1666 ἀλλαχοῦ
3497 1616 3507 1626 ·
3536 1596 3629 1648 καὶ
3664 1598 3689 1648 ό
3715 1597 3985 1662 Λογγῖνος

2405 1683 2491 1736 διὰ
2524 1684 2681 1737 τοῦτο
2708 1685 3048 1750 λυπούμενος
3098 1686 3315 1756 ἠπείλει
3346 1688 3632 1759 ἐρημῶσαι
3658 1688 3755 1756 τήν
3786 1688 3993 1754 ἐκκληη

2410 1773 2551 1825 σίαν.
2600 1775 2929 1843 Ἐρωτηθεὶς
2959 1772 3051 1829 οὖν
3074 1779 3102 1829 ό
3128 1778 3303 1847 μέγας
3335 1778 3612 1840 Βασίλειος
3636 1780 3761 1846 περὶ
3791 1778 3989 1830 τούτου

2409 1864 2743 1935 ἀπεκρίνατο
2796 1866 2887 1920 τὸν
2932 1867 3100 1936 ἀγρὸν
3158 1865 3205 1936 ᾧ
3240 1868 3594 1937 ἐπεκηρύχθη
3623 1870 3651 1921 ό
3684 1870 3991 1937 Κυριακδς,

2409 1952 2580 2023 ἦγουν
2625 1956 2706 2018 είς
2745 1955 2805 2008 ὃν
2854 1957 3146 2025 ὠνομάσθη
3200 1957 3597 2026 πρεσϐύτερος,
3648 1959 3985 2026 ὐωτεθῆναι

2407 2047 2473 2115 τῇ
2502 2047 2771 2116 ἐπισκοπῇ
2798 2047 2905 2100 τῶν
2922 2049 3215 2111 Μασάδων,
3242 2051 3290 2101 εἰ
3319 2050 3411 2101 καὶ
3429 2049 3627 2118 ἐτέρας
3650 2045 3718 2119 ἦν
3746 2050 3995 2118 ἐνορίας,

2408 2139 2501 2189 καὶ
2524 2137 2617 2189 τὸν
2661 2137 2937 2209 κυριακὸν
2969 2136 3123 2199 αὖθις
3152 2141 3562 2208 ἐπαναστρέψαι
3624 2142 3760 2192 ἐκεῖ.
3834 2142 3997 2195 Οὕτω

2410 2224 2537 2292 γὰρ,
2601 2225 2789 2292 φησὶν,
2820 2224 2944 2278 οὔτε
2976 2226 3183 2286 ἐκεῖνος
3239 2228 3391 2293 παρά
3425 2228 3518 2280 τὸν
3549 2229 3711 2297 ὅρκον
3736 2231 3989 2298 ποιήσει,

2407 2314 2530 2368 οὕτε
2556 2318 2584 2369 ό
2609 2317 2870 2385 Λογγῖνος
2928 2318 3027 2387 τὴν
3059 2317 3356 2386 ἐκκλησίαν
3381 2318 3685 2387 ἐρημώσει,
3716 2323 3842 2373 ἀντὶ
3874 2322 3998 2384 τοῦ,

2409 2404 2616 2477 ἔρημον
2651 2407 2967 2476 καταλείψει
2995 2408 3029 2478 ἢ
3059 2409 3154 2461 καὶ
3203 2408 3422 2461 καθελεῖ
3442 2423 3460 2442 ο
3491 2410 3613 2462 οὐδὲ
3640 2412 3744 2478 τήν
3787 2412 3994 2464 ἑαυτοῦ

2407 2497 2583 2567 ψυχὴν
2605 2501 2724 2561 ταῖς
2769 2499 2993 2568 ἀργίαις
3052 2500 3429 2558 καταδικάσει.
3478 2500 3649 2569 ήγουν
3701 2500 3995 2565 ὑποϐαλεῖ,

2408 2590 2487 2660 τῷ
2524 2588 2596 2659 μὴ
2640 2590 2921 2660 σχολάζειν
2972 2590 3157 2659 εὐχαῖς
3216 2590 3312 2643 καὶ
3367 2593 3479 2655 τοῖς
3542 2592 3707 2655 θείοις
3776 2593 3998 2661 ὕμνοις,

2410 2681 2545 2734 ἀλλά
2571 2681 2761 2749 ἀργεῖν
2794 2683 2859 2733 ἐκ
2886 2681 3122 2735 τούτων.
3196 2684 3306 2737 Καὶ
3338 2683 3518 2749 ἡμεῖς,
3574 2684 3762 2752 φησιν,
3791 2686 4002 2735 οἰκονο-

736 2767 1020 2829 desolaliit,
1073 2770 1172 2821 llOC
1219 2781 1321 2833 est,
1377 2775 1642 2828 desertam
1684 2774 1967 2841 relinquet,
2018 2787 2110 2829 aut
2141 2778 2304 2830 etiam

2413 2768 2645 2837 μοῦντες
2701 2768 2772 2822 τὰ
2831 2770 2976 2823 κατά
3020 2770 3113 2822 τὸν
3153 2770 3454 2838 κυριακὸν,
3509 2770 3603 2821 καὶ
3651 2770 3999 2838 ὑποστρέψαι

735 2853 970 2907 abolebit
1024 2872 1037 2908 :
1090 2872 1263 2924 neque
1314 2869 1578 2912 suammet
1635 2859 1747 2929 68
1803 2860 2040 2912 animam
2095 2860 2306 2915 inertiis

2408 2859 2571 2914 αὑτὸν
2619 2862 2700 2923 είς
2759 2860 2859 2930 τήν
2895 2861 3243 2931 Ἐκκλησίαν,
3273 2857 3548 2934 ὤμοσεν
3606 2864 3994 2932 ἐγκαρτερεῖν,

736 2947 1031 3008 damnabit,
1072 2950 1171 3002 hoc
1200 2962 1303 3013 est,
1342 2953 1612 3019 subjiciet,
1644 2952 1787 3021 quod
1822 2968 1925 3007 non
1958 2954 2299 3020 precationi-

2407 2951 2818 3023 ἐπιτρέποντες,
2853 2952 2913 3005 οὐ
2937 2952 3160 3017 δόξομεν
3183 2952 3334 3021 παρά
3361 2953 3591 3015 κανόνας
3639 2956 3838 3015 ποιεῖν,
3874 2956 3999 3008 οὐδὲ

737 3036 839 3090 bus
872 3052 933 3089 ac
968 3037 1164 3092 diviuis
1197 3040 1442 3095 laudibus
1469 3050 1643 3104 vacet,
1683 3042 1774 3095 sed
1806 3042 1873 3095 ab
1910 3042 1973 3094 iis
2002 3040 2160 3109 plane
2186 3056 2307 3095 ces-

2410 3042 2617 3105 ἐκεῖνος
2649 3043 3014 3115 παραϐαίνειν
3043 3044 3135 3096 τὸν
3168 3044 3330 3113 ὅρκον
3352 3044 3591 3112 κριθείη.
3653 3046 3999 3115 Ἐπανερχό-

737 3137 842 3180 set.
904 3128 980 3181 Ac
1022 3144 1139 3191 nos,
1178 3129 1370 3198 inquit.
1408 3133 1518 3185 hac
1552 3133 1615 3184 de
1648 3130 1880 3200 Cyriaco
1926 3131 2303 3191 decernentes.
2332 3136 2377 3199 ρ

2332 3136 2377 3199 C
2412 3150 2575 3204 μενος
2631 3134 2765 3204 γὰρ,
2816 3134 2965 3186 δοκεῖ
3024 3134 3315 3201 φυλάσσειν
3363 3134 3456 3186 τὶν
3510 3136 3691 3203 ὅρκον,
3740 3136 3824 3188 ὅτι
3878 3136 4000 3188 οὖδί

743 3233 807 3272 ac
838 3219 1016 3272 redire
1050 3220 1222 3288 ipsum
1262 3223 1326 3274 ad
1357 3223 1669 3287 ecclesiam,
1713 3222 1765 3275 in
1807 3237 1912 3289 qua
1958 3238 2018 3276 se
2054 3239 2305 3292 perman-
2408 3248 2411 3260 ·

2408 3226 2726 3294 πρόσκειται
2748 3223 2825 3293 τῷ
2855 3225 3023 3293 ὅρκῳ,
3055 3224 3173 3276 οὐδὲ
3209 3226 3347 3292 πρὸς
3389 3224 3564 3293 βραχὺ
3602 3226 3993 3292 ἀναχωρήσειν

738 3322 921 3361 surum
951 3309 1176 3376 juravit,
1216 3312 1609 3377 permittentes,
1643 3328 1750 3365 non
1782 3313 2086 3367 videbimur
2114 3314 2305 3366 adver-

2408 3311 2502 3365 τοῦ
2525 3311 2697 3381 ἀγροῦ
2728 3312 2835 3363 τῶν
2864 3313 3165 3365 Μινδάνων.
3192 3313 3335 3380 Ὅρα
3364 3311 3458 3364 οὖν
3496 3313 3615 3375 πῶς
3670 3315 3734 3364 ἐκ
3771 3315 3868 3381 τῆς
3891 3316 4000 3364 τῶν

739 3414 831 3453 sus
863 3415 1095 3455 canones
1130 3416 1311 3470 agere,
1353 3416 1526 3471 neque
1573 3403 1661 3456 ille
1694 3404 1896 3456 violare
1928 3403 2303 3472 jusjurandum

2413 3401 2675 3469 ῥημάτων
2722 3398 3024 3462 ἐξετάσεως
3057 3402 3150 3452 καὶ
3177 3401 3649 3469 κατασκοπήσεως
3685 3403 3994 3468 ἐθήρευσεν

736 3490 1084 3558 judicabitur.
1125 3494 1259 3548 lllud
1304 3510 1535 3563 namque
1570 3497 1864 3551 observare
1912 3496 2186 3549 videbitur
2221 3509 2307 3548 re-

2408 3497 2437 3546 ὸ
2463 3495 2615 3560 ἅγιος
2629 3493 2773 3556 νοῦν,
2802 3492 2943 3545 ὥστε
2976 3493 3051 3561 μή
3068 3492 3244 3543 δοκεῖν
3265 3495 3546 3560 ἐπιορκεῖν
3570 3493 3659 3543 τὸν
3684 3491 3995 3557 ὀμόσαντα.

745 3592 985 3647 vertens,
1016 3586 1271 3651 quoniam
1324 3601 1498 3652 neque
1536 3586 1841 3653 juramento
1874 3586 2147 3652 adjectum
2203 3592 2306 3648 est,

2414 3584 2603 3636 Ταῦτα
2632 3582 2734 3652 μὲν
2768 3582 2863 3635 οὖν
2905 3582 3035 3650 περὶ
3086 3580 3179 3633 τοῦ
3225 3580 3507 3648 Κυριακοῦ
3532 3596 3547 3611 °
3578 3584 3605 3633 ὁ
3637 3581 3693 3632 δι
3738 3582 3999 3648 Σευῆρος,

741 3691 807 3727 ne
854 3675 1002 3727 brevi
1047 3675 1265 3743 quidem
1321 3678 1582 3742 temporis
1634 3677 1808 3743 spatio
1852 3690 1880 3727 a
1933 3674 2307 3729 Mindanorum

2414 3675 2739 3741 αἰτιώμενος
2795 3676 2877 3725 ὅτι
2933 3673 3014 3734 είς
3082 3671 3252 3740 ἀγρὸν
3298 3672 3558 3739 ἀλλοτρίᾳ
3619 3672 4001 3723 ὑποτελοίντα

742 3778 875 3832 agro
932 3778 1292 3818 secessurum.
1350 3766 1480 3819 Vide
1536 3766 1693 3833 igitur
1750 3766 2020 3832 quomodo
2072 3782 2137 3821 ea
2193 3766 2309 3832 ipsa

2413 3764 2598 3834 ἐνορίᾳ
2622 3764 3050 3832 ἐχειροτόνησεν,
3070 3762 3221 3828 ἔλεγε
3239 3763 3376 3814 κατά
3392 3762 3563 3831 λήθην
3578 3760 3732 3813 τοῦτο
3751 3766 3997 3828 ποιῆσαι,

740 3857 1028 3908 verborum
1056 3855 1388 3923 inspectione
1410 3864 1461 3907 et
1490 3856 1958 3909 animadversione
1981 3856 2305 3909 sententiam

2413 3857 2685 3921 ἀγνοήσας
2729 3856 2900 3922 ἑτέρῳ
2944 3855 3038 3907 τὸν
3082 3855 3253 3922 ἀγρὸν
3280 3852 3624 3906 ὑποκεῖσθαι.
3695 3852 3851 3903 Ἐπεὶ
3884 3850 3996 3912 οὖν,

741 3954 962 3998 sanctus
995 3944 1079 3996 vir
1117 3944 1410 4011 indagavit,
1447 3960 1509 3997 ex
1542 3960 1670 4013 qua,
1714 3944 1808 4012 qui
1851 3960 1908 3998 se
1946 3942 2306 4012 jurejurando

2416 3945 2577 4013 φησὶ,
2610 3944 2711 4014 τὴν
2739 3944 2911 4012 λήθην
2942 3944 3328 4012 προϐάλλεται,
3360 3944 3442 3995 δεῖ
3460 3944 3608 4011 αὐτῷ
3640 3944 4002 4010 συγχωρηθῆ-

741 4035 1132 4097 obstrinxerat,
1165 4048 1193 4086 a
1227 4035 1463 4101 perjurio
1507 4034 1639 4088 liber
1683 4049 1805 4089 esse
1850 4034 2141 4088 videretur.
2185 4034 2307 4088 Haec

2417 4052 2527 4100 ναι,
2560 4038 2653 4087 καὶ
2680 4036 2759 4097 είς
2788 4037 2888 4101 τὴν
2919 4034 3099 4105 κρίσιν
3150 4035 3243 4087 τοῦ
3285 4033 3420 4086 Θεοῦ
3464 4035 3770 4099 ἀναρτῆσαι
3812 4033 4001 4082 αὐτὸν·

745 4126 909 4193 igitur
943 4126 1009 4178 de
1056 4126 1299 4194 Cyriaco.
1353 4124 1587 4179 Severus
1632 4141 1793 4194 porro
1823 4135 2130 4189 accusatus,
2166 4128 2308 4194 quod

2420 4123 2502 4175 ὅτι
2534 4123 2641 4192 γὰρ
2664 4125 2764 4175 οὐκ
2790 4123 2956 4189 ἐσμὲν
2992 4122 3442 4191 καρδιογνῶσται,
3478 4118 3595 4171 ἀλλ’
3620 4116 3695 4178 ὡς
3721 4116 3998 4179 ἀκούομεν

746 4232 880 4279 agro
914 4218 1003 4285 qui
1061 4216 1249 4271 aliena:
1297 4217 1588 4286 provinciae
1642 4216 1919 4283 subjectus
1955 4226 2092 4277 erat,
2123 4230 2313 4283 quem-

2422 4216 2682 4284 κρίνομεν
2711 4256 2727 4280 ,
2779 4216 2958 4285 δῶμεν
3002 4216 3099 4282 τὴν
3153 4213 3435 4280 ἐκδίκησιν
3490 4209 3567 4276 τῷ
3610 4208 3729 4273 Θεῷ
3768 4246 3784 4269 ,
3868 4223 4000 4269 συγ-

749 4306 890 4373 piam
923 4306 1279 4376 praefecisset,
1308 4308 1631 4361 causabatur
1663 4322 1722 4360 se
1755 4307 1802 4359 id
1843 4315 2064 4375 propter
2088 4306 2313 4359 oblivio-

2424 4307 2876 4375 γνωμονήσαντες
2946 4304 3034 4356 διὰ
3094 4304 3192 4371 τὴν
3237 4301 3430 4372 λήθην,
3490 4300 3612 4368 ἦτις
3671 4298 3792 4350 ἐστὶ
3834 4296 4004 4356 πάθος

749 4412 871 4451 nem
904 4399 1116 4460 fecisse,
1136 4402 1277 4466 quod
1309 4414 1495 4468 agrum
1526 4398 1579 4449 in
1600 4398 1826 4450 alterius
1856 4399 2059 4450 ditione
2084 4398 2313 4465 positum

1136 4402 1277 4466 quod
1309 4414 1495 4468 agrum
1526 4398 1579 4449 in
1600 4398 1826 4450 alterius
1856 4399 2059 4450 ditione
2084 4398 2313 4465 positum
2422 4395 2784 4463 ἀνθρώπινον.

749 4491 1043 4556 ignoraret.
1076 4490 1341 4555 Quoniam
1377 4503 1527 4558 ergo,
1569 4489 1769 4557 inquit,
1811 4490 2140 4541 oblivionem
2182 4488 2449 4555 praetexit,
2481 4494 2696 4554 oportet
2771 4488 2872 4555 ipsi
2903 4491 2911 4547 ζ
2942 4487 3220 4552 ignoscere
3284 4484 3570 4551 ipsumque
3628 4482 3694 4533 ad
3754 4479 4002 4532 divinum

744 4579 1005 4645 judicium
1062 4579 1425 4632 transmittere
1474 4593 1488 4628 :
1533 4577 1962 4645 quandoquidem
2021 4592 2144 4630 cum
2204 4592 2307 4629 non
2344 4576 2513 4628 simus
2549 4578 2789 4629 cordium
2844 4584 3198 4634 scrutatores,
3269 4573 3361 4627 sed
3419 4572 3719 4641 iudicemus
3790 4586 3854 4622 ex
3920 4570 4002 4623 eis

750 4687 870 4739 quae
897 4673 1169 4731 audimus,
1196 4669 1568 4739 adjudicemus
1591 4667 1849 4721 ultionem
1898 4668 2029 4733 Deo,
2066 4668 2414 4733 ignoscentes
2443 4675 2661 4735 propter
2687 4665 3033 4728 oblivionem,
3069 4678 3189 4731 quae
3212 4665 3505 4715 humanum
3541 4671 3621 4714 est
3653 4661 3865 4712 vitium.

731 1213 901 1256 ctum.
929 1206 1162 1262 Severus
1186 1222 1387 1274 autem.
1417 1230 1537 1268 cum
1569 1217 1905 1275 Masadarum
1927 1234 2072 1278 esset
2094 1226 2301 1292 episco-

728 1309 850 1361 pus,
882 1295 1168 1367 Cyriacum
1192 1306 1477 1371 quemdam
1509 1311 1718 1379 templi,
1743 1316 1884 1378 quod
1911 1316 1961 1367 in
1996 1331 2125 1385 agro
2154 1320 2301 1384 posi-

729 1398 841 1441 tum
871 1400 1008 1454 erat,
1034 1395 1403 1465 presbyterum
1426 1402 1727 1467 constituit,
1753 1406 1843 1472 qui
1875 1407 2035 1460 etiam
2064 1409 2295 1476 juravit,

728 1496 789 1534 se
822 1482 874 1534 in
906 1485 1100 1550 templo
1132 1500 1561 1557 permansurum,
1594 1493 1676 1546 vel
1706 1495 1884 1561 potius
1916 1498 2059 1552 illius
2096 1502 2304 1568 episco-

728 1574 875 1636 patui
907 1574 1025 1627 fore
1061 1576 1355 1645 subjectum
1390 1598 1403 1633 :
1434 1596 1617 1636 verum
1645 1584 1788 1643 illius
1825 1590 2061 1657 regionis
2090 1593 2303 1660 episco-

728 1681 850 1732 pus,
901 1668 985 1719 t-ui
1026 1682 1153 1736 ager
1194 1672 1470 1738 subjectus
1519 1685 1657 1737 erat,
1708 1679 1994 1747 Cyriacum
2048 1698 2076 1736 a
2130 1688 2302 1742 sacris

728 1757 1046 1811 muneribus
1068 1760 1332 1817 obeundis
1371 1764 1421 1815 in
1452 1766 1700 1831 ecclesia,
1727 1784 1846 1835 qua
1866 1771 1946 1823 sui
1978 1772 2115 1840 juris
2135 1787 2299 1837 esset.

733 1853 973 1912 arcebat,
1010 1852 1208 1920 quippe
1244 1854 1333 1923 qui
1371 1857 1437 1909 ab
1486 1857 1591 1912 alio
1636 1861 1810 1915 sacris
1854 1864 2130 1919 ordinibus
2167 1869 2303 1923 foret

732 1938 1043 2008 insignitus.
1080 1941 1153 1995 Ex
1178 1958 1283 2013 quo
1311 1946 1400 1999 illa
1430 1947 1617 2002 relicta
1652 1948 1909 2020 Cyriacus
1941 1955 2046 2008 alio
2076 1972 2306 2013 conces-

731 2033 851 2083 sit:
897 2042 1005 2086 tum
1053 2032 1328 2103 Longinus
1372 2053 1588 2107 quoque
1617 2054 1679 2095 ea
1728 2042 1795 2096 de
1841 2058 2001 2099 causa
2044 2063 2303 2117 maerens,

729 2124 999 2177 desertam
1043 2139 1102 2179 se
1133 2126 1415 2180 ecclesiam
1459 2130 1795 2187 redditurum
1839 2135 2164 2194 minabatur.
2201 2140 2307 2195 Ro-

732 2222 888 2279 gatus
936 2214 1120 2283 itaque
1161 2232 1388 2284 magnus
1438 2220 1689 2285 Basilius,
1740 2228 1806 2279 ad
1840 2226 1940 2282 hoc
1979 2231 2253 2298 respondit
2286 2270 2302 2296 ,

733 2322 922 2373 agrum
958 2309 1043 2361 cui
1077 2310 1416 2365 renuntiatus
1443 2322 1524 2365 est
1552 2312 1836 2382 Cyriacus.
1880 2320 1981 2373 hoc
2012 2330 2117 2385 est,
2151 2321 2305 2390 cujus

733 2400 1014 2467 presbyter
1062 2401 1367 2456 nominatus
1414 2414 1517 2468 est,
1575 2403 1915 2460 Masadarum
1969 2410 2303 2478 episcopatui

732 2490 952 2557 subjici,
990 2491 1204 2546 etiamsi
1252 2493 1475 2548 alterius
1517 2496 1755 2563 regionis
1799 2510 1965 2566 esset,
2018 2516 2081 2555 ac
2116 2517 2305 2557 rursus

734 2582 860 2636 illuc
895 2582 1070 2636 redire
1100 2582 1407 2654 Cyriacum.
1446 2586 1522 2640 lta
1566 2604 1819 2658 namque,
1853 2593 1949 2658 ait,
2003 2609 2177 2662 neque
2217 2596 2307 2651 ille

734 2674 956 2727 violabit
1002 2675 1420 2743 jusjurandum,
1473 2693 1647 2747 neque
1696 2681 1972 2752 Longinus
2022 2686 2304 2741 ecclesiam

820 4764 1049 4819 ARIST.
1106 4766 1219 4818 Non
1265 4780 1426 4833 cOges
1468 4779 1613 4827 eum,
1650 4765 1740 4832 qui
1776 4778 1833 4817 se
1873 4778 1975 4817 non
2016 4764 2321 4816 ordinatum

753 4861 867 4934 [ore
892 4858 1176 4926 juraverit.

832 4952 983 5009 Eunt,
1036 4949 1127 5015 qui
1161 4948 1367 5001 electus
1398 4960 1481 5003 est
1513 4950 1816 5015 episcopus,
1854 4955 1906 4999 et
1944 4953 2162 5014 prepter
2195 4945 2328 4999 inci-

757 5045 969 5096 dentem
1006 5040 1238 5107 aliquam
1273 5054 1493 5092 causam
1524 5040 1668 5106 jnrat
1696 5052 1755 5091 se
1794 5037 2185 5090 ordinationem
2213 5049 2323 5087 non

756 5140 1155 5195 suscepturum.
1204 5129 1446 5183 ordinari
1497 5144 1603 5182 non
1638 5142 1818 5196 coges.
1866 5126 2091 5195 Oportet
2141 5134 2323 5178 autem

758 5225 1105 5277 considerare
1130 5233 1183 5275 et
1208 5220 1499 5287 jurameuti
1530 5220 1784 5288 speciem,
1816 5228 1868 5271 et
1898 5217 2081 5279 verba,
2117 5226 2168 5269 et
2200 5216 2331 5269 οπο·

759 5316 995 5369 «tionem
1042 5330 1070 5367 a
1112 5329 1216 5383 qua
1262 5313 1482 5380 juravit,
1514 5320 1565 5366 et
1604 5325 1723 5377 qua:
1765 5309 2029 5362 subtiliter
2062 5308 2115 5359 in
2146 5308 2331 5360 verbis

759 5408 902 5461 facta
952 5415 1077 5461 sunt
1129 5406 1523 5457 additamenta.
1585 5400 1650 5453 Et
1701 5402 1743 5453 si
1790 5415 1908 5467 qua:
1964 5400 2034 5453 sit
2084 5397 2331 5451 alicunde

756 5498 1053 5564 jurameuti
1088 5497 1392 5557 excusatio,
1422 5493 1716 5562 perjurium
1760 5506 2025 5558 apparens
2052 5492 2097 5542 ei
2128 5500 2331 5542 conuo-

764 5605 916 5653 nare,
947 5603 1181 5656 eumque
1211 5589 1467 5642 ordinare
1501 5584 1781 5654 permittit.
1817 5581 1872 5635 Si
1912 5591 2088 5633 autem
2126 5580 2327 5633 nullum

763 5682 833 5734 sit
866 5682 1090 5734 omnino
1115 5679 1401 5745 refugium,
1436 5679 1530 5729 sed
1564 5672 1875 5728 omnimodo
1910 5670 2159 5740 pejerans
2183 5670 2329 5722 inve-

2503 4763 2725 4815 ΑΡΙΣΤ.
2785 4762 2899 4815 Οὐκ
2933 4758 3266 4825 ἀναγκάσεις
3299 4757 3391 4807 τὸν
3418 4756 3493 4824 μή
3527 4756 3593 4808 ἂν
3620 4754 4007 4823 χειροτονηοηο

2357 4840 2401 4896 Ῐ)
2433 4871 2521 4908 ναι
2545 4854 2843 4921 ὀμόσαντα.

2498 4946 2601 4999 Τδν
2630 4944 2967 5015 ψηφισθέντα
3026 4942 3342 5001 ἐπίσκοπον,
3376 4937 3471 4989 καὶ
3516 4935 3608 4988 διά
3639 4951 3760 4986 τινα
3787 4951 4013 5002 παρεμο

2429 5035 2700 5089 πεσοῦσαν
2732 5033 3051 5102 δυσχερείαν
3111 5028 3522 5097 ἐπομοσάμενον
3548 5028 3647 5093 τὴν
3674 5024 4010 5092 χειροτονίαν

2434 5130 2509 5197 μὴ
2534 5123 2949 5189 καταδέξασθαι,
3004 5119 3451 5191 χειροτονηθῆναι
3493 5118 3595 5170 οὐκ
3649 5116 4007 5181 ἀναγκάσεις.

2430 5221 2551 5289 Χρὴ
2582 5218 2637 5270 δὲ
2696 5214 3017 5268 σκοπεῖσθαι
3054 5214 3148 5264 καὶ
3214 5213 3275 5263 τὸ
3301 5207 3441 5266 είδος
3464 5209 3559 5261 τοῦ
3599 5209 3789 5277 ὅρκου,
3818 5211 3913 5259 καὶ
3943 5210 4012 5259 τα

2432 5313 2674 5380 ῥήματα.
2713 5309 2804 5359 καὶ
2863 5307 2962 5374 τὴν
2991 5305 3231 5357 διάθεσιν
3280 5301 3373 5368 ἀφ’
3410 5295 3475 5371 ἧς
3508 5300 3713 5367 ὤμοσε,
3757 5299 3853 5349 καὶ
3909 5298 4014 5358 τὰς

2430 5402 2570 5455 κατά
2598 5399 2792 5451 λεπτὸν
2840 5398 2897 5447 ἐν
2928 5396 3137 5463 ῥήμασι
3184 5392 3524 5463 προσθήκας.
3563 5390 3670 5439 Καὶ
3732 5388 3829 5438 ἐὰν
3922 5388 4009 5450 τίς

2432 5505 2596 5547 ποθεν
2624 5490 2945 5559 παραμυθία
2957 5487 3049 5540 τοῦ
3069 5488 3260 5556 ὅρκου,
3290 5482 3591 5552 συγχωρεῖν
3621 5477 3767 5543 αὐτῷ
3800 5476 3901 5544 τὴν
3922 5478 4015 5529 δοο

2434 5584 2637 5636 κοῦσαν
2686 5580 2992 5648 ἐπιορκίαν,
3044 5579 3140 5631 καὶ
3197 5571 3615 5643 χειροτονεῖσθαι
3667 5566 3961 5632 ἐπιτρέπει
3999 5582 4013 5596 ·

2439 5674 2534 5726 ἐὰν
2557 5673 2613 5723 δὲ
2649 5672 2890 5740 μηδεμία
2944 5666 2977 5739 ᾖ
3020 5666 3332 5738 μηδαμόθεν
3367 5661 3675 5728 καταφυγὴ,
3704 5655 3844 5709 ἀλλά
3869 5671 4017 5704 παν-

765 5774 963 5831 niatur.
1023 5774 1067 5826 si
1119 5770 1357 5824 ordinari
1417 5768 1843 5838 permitteretur,
1902 5762 2060 5817 talem
2113 5762 2334 5818 omnino

2444 5762 2668 5832 ταχόθεν
2727 5760 2998 5828 ἐπιορκῶν
3058 5755 3399 5823 εὑρίσκεται,
3458 5754 3504 5802 εί
3567 5744 4016 5817 χειροτονηθῆνιι

764 5868 1179 5938 ιιῑικιρῖιιιὶηειέ
1214 5874 1441 5936 oportet.

2447 5852 2795 5917 συγνιιιρηθῇ,
2824 5850 2906 5902 δεῖ
2968 5845 3242 5906 παντελῶς
3279 5843 3484 5910 παρεᾷν
3521 5839 3612 5892 τδν
3636 5835 3900 5889 τοιοῦτον.
