4224 6446
262 403 371 463 633
1244 404 1322 462 ΙΝ
1364 403 1604 464 EPIST.
1632 402 1695 464 S.
1732 401 2016 461 BASILII
2053 403 2489 465 CANONICAM
2526 407 2575 464 Ι.

862 510 1103 564 ΚΑΝΩΝ
1136 510 1237 567 lA'.
1864 513 1910 568 Δ

1864 513 1910 568 Δ
2544 513 2627 568 CA
2637 511 2772 567 NON
2816 512 2906 567 XI.

277 604 335 655 ’0
383 603 440 655 δέ
468 604 559 654 τὸν
588 602 842 655 ἀκούσιον
890 603 1124 670 ποιήσας
1179 602 1338 669 φόνον
1365 603 1682 670 ἀρκούντως
1710 602 1827 667 εξε-
1935 607 1945 666 1

1935 602 2035 669 Qui
2069 613 2247 658 autem
2285 607 2699 659 involuntariam
2732 608 2929 658 eaedem
2972 604 3121 666 fecit,
3159 604 3211 656 in
3254 603 3508 657 undecim

339 694 595 763 πλήρωσε
645 696 744 762 τὴν
794 694 950 761 δίκην
978 696 1034 745 έν
1062 696 1173 756 τοῖς
1228 694 1420 746 ενδεκα
1466 694 1633 747 ἔτεσι.
1666 694 1833 763 Δῆλον
2006 718 2007 739 :

2006 695 2168 747 annis
2194 695 2403 749 abunde
2430 695 2637 763 judicio
2660 694 2944 749 satisl‘ecit.
2976 694 3190 747 Clarum
3220 703 3302 747 est
3332 695 3504 755 enim,

343 783 452 852 γὰρ
471 785 551 836 ὃτι
583 785 675 837 ἐπὶ
738 784 849 834 τῶν
898 784 1305 853 πληγέντωντὰ
1353 786 1597 846 Μωσέως
1649 802 1834 854 παρα·
2005 804 2011 834 ι

2005 786 2145 852 quod
2179 788 2229 837 in
2266 785 2330 839 iis
2356 786 2448 855 qui
2477 788 2715 854 percussi
2742 795 2886 849 sunt,
2917 800 3039 853 quas
3068 784 3236 837 voluit
3272 783 3509 854 Moyses,

342 874 676 940 τηρήσομεν.
716 875 827 926 Καὶ
859 875 951 925 τὸν
1026 875 1423 927 κατακλιθέντα
1449 875 1551 941 μὲν
1580 877 1672 927 ἐπὶ
1726 876 1835 929 τῶν
2009 905 2010 913 ι

2009 876 2438 938 observabimus,
2475 887 2531 929 ut
2570 892 2691 930 eum
2725 878 2962 944 quidem.
2997 875 3085 941 qui
3128 884 3344 942 propter
3390 876 3510 941 pla-

349 966 578 1031 πληγῶν
616 966 684 1025 ἀς
714 966 895 1028 ἔλαθε,
938 967 1230 1033 βαδίσαντα
1257 966 1313 1018 δὲ
1341 967 1505 1019 πάλιν
1530 968 1620 1018 ἐπὶ
1658 967 1837 1037 ῥάϐδῳ
2010 982 2017 1032 ι

2010 980 2128 1034 gas,
2173 982 2306 1034 quas
2350 970 2581 1034 accepit,
2618 968 2892 1026 decubuit.
2931 980 3115 1018 rursus
3148 977 3324 1017 autem
3356 967 3510 1034 virga

349 1055 539 1114 αὑτοῦ.
595 1057 655 1107 οὐ
710 1055 1036 1125 λογισόμεθα
1091 1056 1502 1122 πεφονεῦσθαι·
1560 1059 1606 1109 εί
1636 1057 1690 1109 δὲ
1738 1058 1835 1110 καὶ
2010 1073 2017 1109 l

2010 1071 2107 1109 sua
2140 1057 2356 1110 innixus
2386 1058 2702 1118 ambulavit,
2737 1056 2975 1108 occisum
3010 1068 3127 1106 esse
3160 1068 3266 1104 non
3301 1064 3513 1120 reputa-

346 1144 446 1194 οὑκ
472 1143 733 1210 ἐξανέστη
781 1145 915 1210 μετὰ
963 1146 1061 1205 τὰς
1126 1146 1360 1213 πληγὰς,
1389 1145 1504 1196 ἀλλ’
1534 1143 1628 1197 οὖν
1650 1146 1728 1215 τῷ
1762 1146 1837 1215 μὴ

2014 1145 2190 1199 bimus
2231 1162 2245 1198 :
2276 1146 2357 1198 sin
2390 1154 2568 1198 autem
2621 1153 2741 1211 post
2795 1146 2932 1196 ictus
2962 1158 3063 1195 non
3097 1142 3354 1203 surrexit,
3388 1156 3506 1193 cum

357 1236 684 1301 προελέσθαι
723 1238 882 1288 αὐτὸν
912 1238 1141 1300 ἀνελεῖν,
1165 1237 1194 1287 ό
1242 1238 1524 1305 τυπτησας
1577 1238 1839 1309 φονευτὴς
2011 1251 2025 1289 t

2011 1251 2132 1289 eum
2167 1246 2343 1288 tamen
2381 1235 2543 1289 nollet
2594 1232 2897 1287 interﬁcere
2937 1234 3024 1299 qui
3060 1233 3381 1289 verberavit.
3429 1240 3512 1283 est

352 1330 471 1398 μὲν,
508 1330 621 1381 ἀλλ’
654 1332 908 1394 ἀκούσιος
938 1332 1023 1384 διὰ
1057 1331 1153 1400 τὴν
1186 1331 1467 1397 πρόθεσιν.
2010 1343 2020 1380 t

2010 1327 2225 1396 quidem
2256 1327 2546 1391 homicida,
2582 1325 2675 1378 sed
2712 1322 3107 1376 involuntarius
3136 1332 3352 1389 propter
3382 1334 3512 1389 pro-

2013 1416 2272 1479 positum.

352 1503 539 1554 ΒΑΔΣ.
571 1501 630 1554 Ὀ
674 1502 749 1563 νζθ
796 1501 973 1553 κανὼν
1026 1500 1121 1553 τοῦ
1183 1501 1341 1565 ἀγίου
1400 1502 1589 1555 τούτου
1615 1504 1829 1572 Πατρδς
2015 1504 2020 1556 l

2015 1503 2213 1559 BALS.
2271 1505 2763 1574 Quinquageslmus
2813 1504 3076 1570 septimus
3126 1515 3297 1555 canon
3350 1498 3513 1566 huius

279 1596 378 1645 ἐπὶ
444 1594 575 1645 δέκα
596 1594 820 1660 χωρίζει
865 1593 991 1652 τοὺς
1039 1590 1295 1643 ἀκούσιον
1323 1597 1481 1655 φόνον
1506 1595 1842 1658 ποιήσαντας
1946 1618 1947 1645 ι

1946 1598 2114 1650 sancti
2144 1594 2320 1649 Patris
2354 1611 2467 1657 eos,
2501 1595 2593 1662 qui
2631 1594 3045 1649 involuntariam
3074 1595 3273 1648 credem
3316 1592 3520 1655 fecere,

280 1684 416 1754 ρτῆς
434 1684 540 1735 τῶν
562 1683 719 1735 θείων
740 1682 1098 1749 ἀγιασμάτων
1134 1682 1501 1754 μεταλήψεως.
1524 1685 1586 1737 '0
1618 1684 1675 1737 δέ
1695 1702 1843 1753 παρη-
1947 1715 1948 1728 ι

1947 1688 2132 1741 decem
2158 1687 2314 1741 annis
2343 1702 2370 1739 ιι
2398 1686 2703 1739 divinorum
2730 1695 3193 1738 sacramentorum
3224 1684 3518 1751 participa-

278 1752 352 1827 ὧν
415 1773 592 1826 κανών
642 1790 794 1843 φησι,
853 1772 943 1823 τὸν
991 1775 1065 1843 μὴ
1120 1773 1276 1839 μόνον
1338 1752 1427 1825 uit
1474 1774 1605 1827 diu
1671 1752 1840 1837 έτεσι,
1877 1830 1916 1843 __

1877 1830 1916 1843 __
1950 1776 2093 1827 tione
2122 1785 2357 1841 separat.
2392 1776 2636 1830 Praesens
2660 1784 2841 1827 autem
2870 1788 3043 1827 canon
3072 1773 3221 1832 dicit,
3252 1786 3396 1831 eum,
3424 1773 3516 1839 qui

279 1866 419 1917 άλλά
465 1830 715 1923 ἕνδεκα...
752 1830 828 1933 μὴ
893 1830 1231 1933 μετασχόντα
1312 1864 1421 1917 τῶν
1486 1830 1844 1934 ἀγιασμάτων
1877 1830 1919 1885 Β

1877 1830 1919 1885 Β
1946 1880 2055 1919 non
2085 1866 2257 1919 solum
2293 1868 2581 1933 decennlo,
2609 1868 2703 1920 sed
2732 1866 2893 1919 etiam
2927 1864 3176 1917 undecim
3212 1862 3387 1924 annis,
3422 1876 3515 1914 sa-

283 1954 543 2008 ἀκούσιον
610 1954 875 2023 φοιευτήν
924 1955 988 2006 ὲκ
1032 1954 1350 2024 περιουσίας
1394 1954 1663 2023 δέχεσθαι.
1715 1951 1847 2008 Εἶτα
1948 1983 1951 2000 ‹

1948 1957 2247 2011 crementis
2290 1970 2395 2010 non
2439 1955 2878 2018 communicavit,
2921 1952 3340 2005 involuntarium
3374 1952 3518 2004 occi-

285 2043 613 2112 προστίθησι
666 2043 741 2111 μὴ
773 2043 1101 2096 ἀπεντεῦθεν
1127 2045 1203 2105 ὠς
1224 2043 1387 2110 φονέα
1428 2044 1847 2114 κατακρίνεσθαι
1950 2064 1953 2099 1

1950 2061 2125 2100 soretn
2157 2046 2290 2099 satis
2336 2060 2607 2115 superque
2645 2044 2860 2098 fecisse.
2901 2042 3104 2096 Deinde
3135 2040 3340 2105 adjicit,
3394 2055 3518 2094 eum

280 2135 376 2187 τδν
404 2134 680 2203 πλήξαντά
726 2152 867 2198 τινα,
909 2134 1009 2187 κᾶν
1062 2137 1281 2204 καιρίαν
1308 2137 1579 2205 έπήνεγκε
1606 2136 1843 2205 πληγὴν,

1951 2151 2054 2191 non
2106 2136 2226 2190 ideo
2268 2143 2327 2189 ut
2372 2135 2698 2189 homicidam
2735 2133 3109 2194 condemnari,
3157 2132 3248 2198 qui
3284 2131 3520 2198 aliquem

287 2226 363 2293 μὴ
427 2227 515 2278 ιπκ
586 2226 772 2293 σκοπῷ
828 2226 1008 2294 μέντοι
1070 2226 1252 2293 φόνου.
1312 2226 1455 2279 Αλλά
1506 2227 1633 2297 χρὴ,
1692 2229 1844 2294 (mel,
1949 2243 1955 2293 ι

1949 2227 2239 2293 percussit,
2274 2227 2489 2280 etiamsi
2538 2225 2789 2279 lethalem
2840 2223 3046 2291 plagam
3088 2220 3368 2287 indixerit,
3414 2237 3521 2277 non

282 2316 425 2369 κατά
444 2316 538 2369 τὸν
582 2317 873 2369 Μωσαῖκδν
909 2317 1091 2385 νόμον,
1143 2318 1430 2385 προσέχειν
1479 2318 1572 2369 ἰπὶ
1600 2316 1679 2387 τῷ
1714 2317 1849 2387 πλη-

1958 2322 2136 2368 tamen
2182 2329 2305 2369 cum
2350 2314 2627 2369 occidendi
2670 2315 2946 2383 proposito
2982 2330 2996 2366 :
3029 2315 3123 2366 sed
3170 2323 3403 2379 oportet,
3448 2313 3526 2367 ln-

282 2404 455 2469 γιντιο
508 2406 601 2457 και,
633 2405 680 2456 ,ι
715 2405 814 2471 μιν
879 2404 1015 2472 μετά
1064 2404 1124 2455 τὸ
1180 2402 1572 2468 κατακλιθῆναι
1628 2405 1691 2455 εκ
1749 2405 1850 2471 τῆς
1949 2433 1950 2446 ι

1949 2404 2085 2473 quit,
2103 2408 2397 2459 secundum
2420 2406 2586 2475 legem
2614 2406 2924 2467 Mosaicam,
2947 2404 3085 2469 ejus,
3110 2405 3200 2472 qui
3231 2417 3523 2471 percussus

3398 403 3506 466 634

284 2496 505 2564 πληγῆς
532 2499 665 2563 πρὸς
698 2498 888 2563 ὑγείαν
944 2496 1002 2547 οὐ
1036 2495 1359 2563 προέκοψεν,
1396 2496 1529 2548 ἀλλὰ
1563 2494 1847 2564 ἐτελεύτη-

286 2604 399 2650 σεν,
428 2587 486 2649 ἐξ
514 2588 756 2655 ἀνάγκης
820 2587 1140 2641 ὑποκεῖσθαι
1169 2588 1257 2640 τὸν
1311 2586 1589 2655 πλήξαντα
1643 2587 1720 2655 τῷ
1752 2586 1847 2639 τοῦ

286 2678 546 2729 ἀκουσίου
602 2678 763 2743 φόνου
811 2678 1152 2745 ἐγκλήματι·
1210 2680 1259 2729 εί
1289 2676 1345 2729 δὲ
1394 2676 1591 2746 ἀνέστη
1634 2678 1697 2729 ὲκ
1752 2676 1851 2744 τῆς

286 2766 521 2832 πληγῆς.
561 2767 654 2817 καὶ
704 2764 1099 2833 περιεπάτησεν
1152 2764 1242 2815 ἐπὶ
1284 2766 1350 2833 τῇ
1402 2764 1586 2834 ῥάϐδῳ
1658 2764 1848 2829 αὐτοῦ,

288 2856 457 2921 ῆγουν
481 2858 555 2923 μὴ
605 2855 824 2915 τελείως
867 2853 1154 2923 ἀπηλλάγη
1201 2855 1300 2922 τῆς
1360 2853 1663 2919 ἀσθενείας,
1729 2850 1849 2906 εἶτα

285 2946 546 3008 ἀπέθανε,
586 2948 659 3014 μὴ
678 2944 982 3011 λογίζεσθαι
1017 2946 1108 2998 τδν
1138 2944 1417 3014 πλήξαντα
1465 2946 1650 3012 φονέα.
1688 2946 1851 2999 Ὠστε

290 3035 601 3101 σημείωσαι
636 3039 728 3087 καὶ
770 3037 879 3089 ἀπὸ
922 3035 1137 3098 τούτου,
1178 3035 1359 3097 καθὼς
1392 3038 1619 3104 εῐπομεν
1650 3039 1743 3090 καὶ
1794 3038 1853 3089 ἐν

1952 2506 2053 2549 est.
2081 2496 2345 2550 rationem
2381 2495 2604 2561 habere,
2632 2504 2711 2558 et,
2741 2497 2786 2549 si
2818 2504 3099 2564 postquam
3130 2495 3195 2547 ab
3224 2494 3332 2546 ictu
3362 2495 3526 2547 decu-

1952 2588 2089 2653 huit,
2116 2601 2223 2641 non
2252 2587 2547 2649 convaluit,
2577 2589 2670 2642 sed
2704 2598 2952 2639 mortuus
2974 2593 3079 2645 est,
3104 2584 3148 2636 is
3180 2584 3273 2652 qui
3308 2596 3529 2650 percus-

1952 2680 2024 2732 sit
2040 2680 2411 2732 involuntaria
2430 2681 2591 2731 cadis
2608 2678 2855 2736 crimine.
2874 2675 3198 2735 necessario,
3220 2673 3486 2727 tenebitur
3508 2688 3523 2726 :

1954 2772 2035 2824 sin
2077 2779 2255 2823 autem
2310 2770 2378 2823 ab
2412 2770 2518 2822 ictu
2560 2770 2821 2829 surrexit,
2866 2776 2920 2819 et
2965 2766 3112 2835 virga
3163 2779 3259 2818 sua
3305 2765 3528 2818 innixus

1954 2862 2273 2922 ambulavit.
2305 2862 2410 2915 hoc
2440 2872 2544 2924 est,
2576 2875 2682 2913 non
2718 2862 2953 2927 perfecte
2981 2873 3010 2911 a
3050 2856 3237 2910 morbo
3270 2864 3354 2909 est
3390 2856 3526 2910 libe-

1957 2964 2130 3013 ratus.
2158 2953 2353 3006 deinde
2384 2962 2627 3005 murtuus
2658 2960 2779 3014 est;
2810 2964 2930 3003 eum
2961 2949 3050 3014 qui
3093 2947 3382 3017 percussit,
3422 2961 3525 3000 non

1958 3045 2195 3113 reputari
2251 3053 2308 3097 ut
2343 3044 2687 3098 homicidam.
2734 3042 2915 3107 Quare
2955 3051 3080 3093 neta
3124 3042 3282 3093 etiam
3326 3054 3390 3091 ex
3426 3039 3528 3092 hoc

285 3126 365 3191 τῷ
406 3130 459 3190 η’
507 3126 736 3187 κανόνι,
784 3127 874 3177 τὸν
940 3125 1191 3177 ἀκούσιον
1245 3127 1403 3191 φόνον
1458 3129 1520 3179 έκ
1577 3128 1671 3179 τοῦ
1719 3128 1920 3191 ἀπο-ο

1850 3134 1920 3191 'C
1955 3135 2411 3204 quemadmodum
2447 3135 2684 3187 diximus
2715 3140 2769 3186 et
2799 3131 2849 3182 in
2879 3145 2999 3184 can.
3034 3130 3067 3183 8
3098 3129 3518 3182 involuntariam

286 3216 618 3282 τελέσματος
670 3215 1084 3283 ἀναφαίνεσθαι.
1164 3216 1265 3266 Διὰ
1335 3215 1492 3267 τοῦτο
1545 3215 1652 3285 γὰρ
1726 3216 1849 3268 οὐδὲ

291 3310 391 3376 τὴν
439 3308 653 3377 πληγὴν
709 3305 1204 3374 περιεργαζόμεθα,
1242 3310 1349 3359 εἴτε
1400 3308 1571 3376 μικρά
1605 3307 1848 3374 γέγονεν,

290 3398 401 3447 εἴτε
463 3397 696 3465 μεγάλη,
752 3396 887 3448 ἀλλὰ
942 3395 1037 3447 τὸν
1081 3398 1145 3447 ex
1179 3396 1276 3463 τῆς
1326 3396 1539 3465 πληγῆς
1579 3397 1847 3451 θάνατον·

290 3484 535 3550 ὦσπερό
563 3485 808 3545 ἑκούσιος
857 3488 1016 3551 φόνος
1061 3487 1124 3536 ὲκ
1186 3487 1352 3551 μόνης
1402 3486 1500 3553 τῆς
1542 3487 1853 3554 προθέσεως

292 3577 705 3640 κατακρίνεται,
766 3576 869 3628 κᾶν
930 3575 1003 3643 μὴ
1064 3574 1237 3643 προϐῇ
1299 3575 1671 3642 ἀποτέλεσμα,
1735 3579 1853 3647 ἦτοι

293 3669 540 3727 θάνατος.
584 3666 898 3733 Σημείωσαι
938 3666 993 3717 δὲ
1031 3665 1139 3717 ἀπὺ
1199 3664 1293 3717 τοῦ
1328 3666 1593 3732 παρόντος
1629 3671 1851 3729 κανόνος

293 3757 379 3808 ὃτι
409 3758 501 3807 ἐπὶ
521 3755 616 3808 τοῦ
653 3756 910 3807 ἀκουσίου
945 3755 1107 3822 φόνου
1139 3755 1325 3816 κακῶς
1367 3771 1512 3817 τινες
1538 3756 1854 3824 πολυπραγ-

297 3848 516 3918 μονοῦσι
570 3852 709 3900 κατά
754 3847 911 3899 ποίαν
968 3848 1181 3916 ἡμέραν
1223 3849 1253 3913 ἡ
1304 3846 1488 3915 πληγὴ
1554 3847 1853 3916 ὲπηνέχθη,

291 3945 386 3991 καὶ
417 3942 551 4004 μετά
585 3939 755 3995 πόσας
783 3938 996 4006 ἡμέρας
1047 3938 1457 4006 ἐπηκολούθησε
1483 3940 1560 4006 τῷ
1594 3939 1854 4005 πληγέντι

292 4032 321 4080 ὁ
366 4030 612 4091 θάνατος.
650 4029 769 4082 Κάν
817 4029 926 4097 γάρ
965 4029 1129 4090 πολὺς
1176 4028 1419 4095 παρῆλθε
1450 4029 1587 4096 μετά
1644 4031 1855 4100 πληγὴν

294 4124 504 4189 καιρδς,
546 4122 693 4184 ὅμως
735 4121 790 4171 δὲ
831 4122 892 4169 ix
930 4122 1028 4181 τῆς
1104 4119 1277 4179 αἰτίας
1318 4118 1504 4171 ἔθανεν
1538 4122 1564 4171 ό
1598 4119 1696 4188 τὴν
1720 4122 1856 4188 πλη-

296 4214 401 4277 γὴν
449 4211 708 4271 ὑποστάς,
752 4209 903 4261 οὐδὲν
951 4205 1113 4277 ἦττον
1174 4210 1427 4275 γενέσθαι
1486 4211 1718 4277 λέγομεν
1767 4212 1856 4264 τὸν

298 4302 557 4354 ἀκούσιον
605 4301 785 4367 φόνον.
864 4300 1165 4364 Ἀνάγνωθι
1237 4299 1330 4348 καὶ
1388 4298 1475 4348 τὸν
1535 4305 1583 4365 η’
1657 4300 1856 4350 κανόνα

293 4392 387 4445 τοῦ
445 4391 599 4458 ἀγίου
660 4389 850 4442 τούτου
894 4386 1151 4457 Πατρὸς,
1230 4390 1325 4440 καὶ
1386 4387 1485 4456 τὴν
1540 4388 1844 4457 ἑρμηνείαν

296 4484 465 4537 αὑτοῦ

366 4574 610 4626 ΖΩΝΑΡ.
658 4570 937 4624 Ἀκούσιόν
991 4584 1075 4629 τις
1142 4568 1365 4635 ἐποίησε
1428 4566 1610 4633 φόνον,
1655 4568 1747 4620 καὶ
1772 4568 1863 4620 lv-

294 4668 421 4718 δεκι
474 4663 747 4717 διεϐίϐασε
796 4663 1023 4731 χρόνους
1085 4659 1486 4728 ἀφωρισμένος.
1569 4658 1858 4729 Ἠρωτήθη

294 4759 388 4813 οὖν
422 4763 450 4813 ὁ
480 4760 635 4827 am;
658 4758 823 4825 είχρὴ
888 4755 1115 4824 λυθῆναι
1138 4754 1299 4806 αὑτὸν
1352 4752 1447 4805 τοῦ
1468 4752 1669 4821 δεσμοῦ
1704 4768 1718 4779 ⁶
1761 4753 1859 4805 καὶ

293 4850 632 4917 ἀπεκρίνατο
680 4848 762 4898 ὅτι
794 4847 851 4897 ὲν
894 4847 1008 4906 τοῖς
1058 4844 1254 4895 ἕνδεκα
1312 4842 1490 4893 ἐτεσιν
1536 4841 1857 4909 ἀρκούντως

294 4941 642 5005 ἐξεπλήρωσε
701 4935 797 5006 τὴν
847 4935 1025 5003 δίκην,
1082 4934 1247 5004 ἤγουν
1287 4933 1385 5000 τὴν
1427 4931 1722 5000 τιμωρίαν.
1780 4929 1863 4983 Td

295 5032 351 5083 δὲ
382 5030 576 5083 ἕνδεκα
644 5026 739 5093 ἐτη
806 5023 979 5089 εἶπεν,
1037 5029 1132 5091 οὐχ
1165 5024 1237 5084 ὡς
1263 5022 1502 5087 τοσούτῳ
1564 5022 1741 5092 χρόνῳ
1768 5023 1861 5076 τοῦ

294 5123 570 5183 ἀκουσίως
596 5120 955 5189 φονεύσαντος
1013 5118 1439 5185 έπιτιμωμένου·
1470 5117 1719 5169 δεκαετία
1746 5116 1857 5184 γὰρ

296 5211 596 5273 ότοτοῦτος
651 5210 970 5276 ἐπιτιμᾶται
1036 5208 1178 5259 κατά
1240 5209 1330 5259 τὸν
1378 5206 1451 5268 νζ⁹
1507 5209 1709 5259 κανόνα
1763 5204 1860 5257 τοῦ

300 5303 538 5371 μεγάλου
571 5300 759 5351 τούτου
798 5299 1030 5366 Πατρός·
1059 5297 1173 5348 ἀλλ’
1216 5298 1290 5358 ὡς
1324 5296 1469 5348 οὕτω
1501 5296 1593 5348 τοῦ
1652 5297 1857 5362 φάκτου

297 5393 537 5461 Ξχοντος.
592 5384 727 5441 Εἶτά
783 5404 949 5455 φησιν
976 5390 1056 5440 ὅτι
1087 5390 1144 5440 ὲν
1170 5390 1281 5448 τοῖς
1317 5387 1574 5454 πληγεῖσι
1603 5388 1698 5438 καὶ
1723 5388 1858 5439 ἀπο-

299 5479 523 5533 θανοῦσι
564 5476 1051 5545 παρατηρήσομεν,
1107 5475 1225 5541 ἦτοι
1266 5473 1859 5542 παραφυλάξομεν,τὸν

298 5571 463 5635 νόμον
518 5567 610 5618 τὸν
666 5564 979 5626 Μωοαῖκὸν,
1027 5564 1175 5626 ὅστις
1216 5563 1383 5631 ὥρισε
1441 5564 1533 5616 τὸν
1588 5562 1861 5632 πληγέντα

300 5658 455 5728 παρά
501 5674 646 5719 τινος
674 5659 764 5708 καὶ
790 5655 1201 5709 κατακλιθέντα
1229 5655 1317 5707 διὰ
1350 5656 1446 5718 τὰς
1478 5654 1716 5724 πληγὰς.
1763 5656 1860 5708 ἰάν

303 5752 441 5803 ιιετά
462 5750 636 5803 ταῦτα
664 5746 951 5815 έξαναστῇ,
984 5750 1077 5799 καὶ
1109 5749 1455 5813 περιπατήσῃ
1485 5747 1653 5815 stiti}
1684 5747 1863 5816 ῥάϐδῳ

1956 3226 2153 3278 eadem
2185 3238 2250 3279 ex
2279 3222 2472 3277 eﬂectu
2521 3223 2759 3276 ostendi.
2804 3221 3097 3289 Propterea
3143 3219 3287 3274 enim
3327 3233 3425 3272 nec
3461 3218 3527 3270 de

1956 3316 2062 3369 ictu
2096 3314 2427 3378 laboramus,
2474 3329 2540 3366 an
2585 3314 2657 3368 slt
2688 3327 2910 3380 parvus,
2954 3325 3024 3363 an
3058 3325 3305 3377 magnus,
3337 3309 3429 3362 sed
3460 3312 3527 3361 de

1956 3413 2128 3459 morte
2157 3419 2275 3473 quae
2314 3420 2379 3459 ex
2408 3407 2516 3459 ictu
2550 3402 2835 3472 processit,
2867 3409 2925 3454 ut
2954 3402 3128 3455 caedes
3158 3399 3463 3452 voluntaria
3494 3413 3524 3451 a

1956 3496 2229 3563 proposito
2258 3493 2371 3547 solo
2396 3493 2686 3558 iudicatur,
2718 3489 2927 3543 etiamsi
2961 3488 3184 3541 enectus
3216 3488 3329 3541 sive
3358 3502 3511 3540 mors

1958 3586 2178 3638 minime
2206 3594 2483 3653 sequatur.
2532 3582 2663 3635 Nota
2708 3589 2887 3633 autem
2929 3594 2995 3633 ex
3026 3579 3275 3646 praesenti
3310 3592 3520 3631 canone

1956 3676 2099 3745 quod
2131 3676 2187 3730 in
2218 3676 2360 3728 caede
2397 3671 2753 3726 involuntaria
2801 3671 3041 3724 nonnulli
3076 3668 3187 3739 69
3216 3668 3358 3722 uitale
3398 3678 3524 3720 sunt

1958 3768 2181 3821 nimium
2216 3766 2441 3825 curiosi,
2472 3772 2775 3832 qumrentes
2802 3774 2910 3829 quo
2938 3762 3026 3815 die
3060 3767 3377 3813 vulneratus
3418 3767 3524 3822 est,

1957 3865 2011 3911 et
2059 3864 2181 3923 post
2227 3864 2357 3923 quot
2403 3855 2517 3909 dies
2564 3869 2707 3915 eum,
2753 3854 2844 3920 qui
2896 3866 3185 3920 percussus
3228 3863 3333 3914 est,
3384 3867 3531 3905 mors

1956 3956 2246 4003 consecuta
2274 3956 2354 4001 est
2385 3963 2399 4000 :
2425 3947 2528 4001 etsi
2561 3946 2703 4000 enim
2733 3946 2948 4014 longum
2980 3956 3189 4013 tempus
3214 3954 3331 4012 post
3361 3946 3527 3998 ictum

1956 4038 2293 4106 praeterierit,
2311 4052 2375 4090 ex
2392 4038 2491 4091 hac
2512 4046 2689 4091 tamen
2711 4053 2869 4091 causa
2889 4047 3127 4091 mortuus
3147 4046 3228 4090 est
3251 4037 3338 4105 qui
3369 4037 3529 4088 ictum

1956 4130 2229 4193 sustinuit,
2261 4129 2427 4182 nihilo
2455 4131 2631 4183 secius
2684 4129 2877 4184 factam
2913 4142 3033 4183 esse
3060 4128 3289 4181 dicimus
3331 4121 3562 4179 caedem'

1958 4219 2401 4274 involuntariam.
2455 4219 2598 4288 Lege
2645 4228 2701 4274 et
2750 4234 3014 4273 canouem
3066 4219 3101 4272 8
3147 4218 3305 4287 hujus
3355 4216 3531 4270 sancti

1958 4308 2153 4371 Patris,
2182 4319 2236 4363 et
2266 4309 2385 4377 ejus
2420 4308 2947 4377 interpretationem.

2035 4562 2288 4618 ZONAB.
2331 4562 2756 4617 lnvoluntariam
2791 4562 2913 4630 quis
2952 4562 3151 4616 caedem
3188 4559 3441 4627 patravit,
3472 4572 3536 4613 ac

1968 4655 2214 4707 undecim
2247 4668 2419 4707 anuos
2465 4654 2725 4721 transegit
2759 4659 3097 4719 segregatus.
3141 4651 3379 4719 Rogatus
3433 4649 3535 4704 fuit

1966 4759 2094 4815 ergo
2117 4754 2333 4799 sanctus
2361 4744 2463 4809 vir,
2489 4761 2554 4796 an
2582 4744 2732 4797 illum
2761 4759 2824 4798 eo
2848 4742 3058 4796 vinculo
3083 4742 3218 4795 solvi
3242 4752 3488 4810 aput-teat
3516 4760 3531 4797 :

1969 4834 2347 4902 responditque
2378 4834 2627 4887 undecim
2658 4848 2925 4886 annorum
2959 4832 3136 4899 spatio
3165 4831 3299 4884 satis
3331 4830 3536 4899 suppli-

1968 4926 2037 4979 cii
2087 4924 2271 4988 luisse,
2305 4926 2440 4978 satis
2486 4939 2792 4995 pmnurum.
2840 4922 3102 4977 Undecim
3151 4935 3312 4989 porro
3366 4934 3536 4974 annos

1968 5016 2126 5077 dixit,
2173 5032 2277 5070 non
2325 5016 2465 5083 quod
2508 5023 2658 5067 tanto
2715 5024 2978 5079 tempore,
3031 5014 3120 5079 qui
3174 5012 3535 5065 invnlttntarie

1968 5106 2187 5168 occidit.
2216 5107 2479 5175 puniatur
2515 5121 2530 5159 :
2560 5105 2882 5158 decennium
2917 5117 3148 5169 namque
3182 5104 3330 5155 hisce
3362 5103 3535 5154 homi-

1968 5196 2146 5257 nibus,
2180 5193 2628 5263 quinquagesimo
2662 5192 2890 5258 septimo
2920 5206 3125 5243 canente
3163 5189 3321 5255 hujus
3353 5189 3530 5256 magni

1968 5288 2166 5351 Patris,
2206 5288 2384 5341 multa
2434 5287 2649 5341 nomine
2685 5286 3037 5339 constitutum
3074 5292 3155 5335 est
3201 5299 3214 5335 :
3251 5284 3343 5336 sed
3390 5282 3531 5349 quod

1968 5382 2041 5435 ita
2072 5395 2191 5435 sese
2221 5394 2306 5434 res
2334 5379 2383 5433 in
2410 5379 2512 5431 hoc
2542 5377 2760 5432 homine
2797 5375 3041 5428 haberet.
3080 5372 3281 5426 Deinde
3310 5373 3528 5435 asserit,

1968 5476 2021 5529 in
2057 5474 2124 5529 iis
2151 5474 2241 5541 qui
2272 5472 2510 5542 percussi
2534 5486 2596 5523 ac
2628 5470 2822 5523 mortui
2859 5475 3005 5530 sunt,
3040 5465 3402 5527 retinendam,
3433 5465 3534 5516 hoc

1967 5577 2049 5622 est
2083 5565 2402 5622 servandam
2440 5578 2559 5618 esse
2591 5561 2884 5615 Mosaicnm
2918 5560 3111 5628 legem,
3142 5572 3261 5625 qua
3296 5555 3534 5610 decrevit

1971 5658 2265 5720 hominem,
2316 5654 2403 5724 qui
2452 5670 2479 5706 τι
2530 5668 2780 5722 quopiam
2834 5665 3121 5720 percussus
3156 5658 3256 5711 est,
3307 5661 3534 5716 moxque

1981 5749 2258 5814 decubuit,
2290 5749 2333 5801 si
2368 5755 2551 5815 postea
2588 5760 2619 5794 c.
2658 5743 2857 5799 lectulo
2885 5739 3187 5798 surrexerit
3216 5738 3531 5793 ambulave-
