4224 6446
276 395 383 457 637

1257 398 1338 460 IN
1374 398 1619 463 EPIST.
1660 401 1720 461 S.
1749 397 2037 463 BASILII
2073 405 2522 470 CANONICAM
2566 413 2615 470 Ι.

3464 419 3568 482 (-38

276 515 386 560 τῶν
438 506 947 576 αἰχμαλωτισθῆναι
995 510 1227 564 πιστῶν.
1283 505 1457 576 Οὗτος
1514 516 1568 567 δὲ
1605 518 1632 568 6
1682 517 1857 570 κανὼν

1969 533 2149 581 autem
2204 546 2377 585 canon
2413 530 2582 582 divini
2631 527 2809 583 Patris
2845 530 3127 584 sanctitati
3175 531 3567 585 convenienter

274 599 448 663 ἀξίως
512 602 609 668 μὶν
637 604 703 670 τῇ
743 602 1114 672 ἀγιοπρεπεία
1160 607 1255 657 τοῦ
1291 607 1439 659 θείου
1498 609 1715 676 Πατρὸς
1747 612 1863 676 ἐξε-

272 690 433 756 τέθη,
461 692 560 743 οὐκ
591 694 805 762 ἐνεργεῖ
858 694 934 756 δὲ,
968 695 1054 747 διὰ
1098 696 1157 747 τὸ
1217 699 1575 766 συμπίπτειν,
1624 703 1673 753 εί
1703 702 1864 756 τοῦτο

274 782 433 851 δοθῇ,
460 783 732 851 μηδέποτε
755 786 883 847 τοὺς
912 787 1255 855 στρατιώτας
1287 793 1732 861 μεταλαμϐάνειν
1753 796 1862 849 τῶν

272 874 439 927 θείων
514 877 873 945 ἀγιασμάτων
918 880 1176 949 πολέμοις
1247 883 1678 955 ἀλλεπαλλήλοις
1748 892 1860 943 ενο-

274 966 631 1035 χλουμένους,
667 970 759 1020 καὶ
818 970 1184 1037 ἀναιροῦντας
1215 976 1344 1035 τοὺς
1384 978 1702 1044 πολεμίους,
1725 983 1863 1053 ὅπερ

274 1060 427 1109 ἐστὶν
480 1060 772 1129 ἀφόρητον.
843 1062 1158 1130 Γέγραπται
1203 1065 1259 1118 δὲ
1328 1068 1403 1128 ὡς
1453 1070 1548 1123 τοῦ
1600 1070 1863 1139 βασιλέως

275 1150 489 1201 ἐκείνου
520 1151 687 1204 Φωκᾶ
747 1153 1027 1218 ἀξιοῦντος
1086 1159 1228 1224 μετὰ
1266 1161 1566 1230 μαρτύρων
1600 1168 1861 1236 συναριθο

276 1244 503 1309 μεῖσθαι
558 1246 686 1305 τοὺς
753 1246 809 1295 ἐν
850 1248 1111 1313 πολέμοις
1162 1251 1615 1320 ἀναιρουμένους.
1653 1260 1701 1308 οί
1739 1260 1860 1312 τότε

273 1333 583 1401 ἀρχιερεῖς,
619 1334 695 1403 τῷ
722 1338 909 1390 κανόνι
944 1340 1121 1408 τούτῳ
1152 1345 1512 1413 χρησάμενοι,
1549 1350 1646 1418 τὴν
1702 1352 1862 1420 βασι-

271 1422 431 1493 λικὴν
494 1425 747 1479 ἔνστασιν
793 1432 1196 1500 κατεσίγησαν,
1232 1436 1467 1504 φάμενοι
1496 1457 1511 1472 ⁸
1582 1443 1707 1505 Πῶς
1746 1447 1863 1509 τοῖς

275 1514 516 1582 μάρτυσι
548 1517 1036 1586 συναριθμήσομεν
1062 1526 1188 1584 τοὺς
1208 1526 1267 1577 ὲν
1288 1527 1547 1597 πολέμοις
1568 1535 1858 1601 πεσόντας,

270 1603 369 1665 οὓς
415 1608 443 1658 6
474 1608 647 1673 μέγας
678 1610 961 1675 Βασίλειος
1005 1614 1081 1676 ὡς
1118 1616 1192 1686 μὴ
1228 1618 1508 1688 καθαροὺς
1541 1625 1639 1686 τὰς
1670 1630 1862 1697 χεῖρας

270 1697 363 1748 ἐπὶ
395 1702 637 1766 τριετίαν
696 1702 939 1757 ἐκώλυσε
976 1706 1084 1758 τῶν
1128 1710 1494 1781 ἀγιασμάτων
1525 1734 1538 1780 ;
1572 1720 1862 1788 Διαφόρων

267 1793 326 1844 δὲ
360 1795 553 1862 ἱερέων
590 1800 993 1865 παραστάντων
1040 1806 1338 1870 συνοδικῶς
1378 1811 1521 1863 κατὰ
1572 1812 1859 1880 βασιλικὸν

268 1886 524 1951 ὁρισμὸν,
564 1887 701 1940 ἀλλά
730 1890 837 1957 μὴν
862 1893 955 1944 καὶ
978 1896 1285 1948 ἐπισκόπου
1340 1900 1513 1964 τινὸς,
1543 1870 1638 1956 καὶ
1668 1905 1861 1972 ὲξομο-
1894 1870 1939 1928 Β

270 1973 662 2043 λογησαμένων
684 1984 823 2033 κατά
842 1982 1120 2051 πολεμίων
1140 1987 1525 2059 συμπλακῆναι
1549 1997 1637 2045 καὶ
1655 1996 1864 2049 ἀνελεῖν

267 2066 499 2130 πολλοὺς
534 2070 592 2135 ἐξ
622 2072 822 2135 αύτῶν,
849 2076 880 2143 ὴ
904 2076 1004 2143 μὲν
1042 2076 1163 2129 Θεία
1200 2082 1297 2132 καὶ
1328 2082 1451 2151 ἱερὰ
1483 2084 1700 2149 σύνοδος
1732 2090 1865 2141 ἀκο-

267 2159 474 2221 λούθως
506 2162 582 2229 τῷ
637 2166 818 2217 κανόνι
881 2169 1055 2236 τούτῳ
1115 2174 1208 2223 καὶ
1272 2174 1351 2242 τῷ
1410 2174 1502 2245 μγ¹
1533 2180 1628 2231 τοῦ
1694 2183 1860 2235 αὑτοῦ

265 2250 427 2316 ἁγίου
466 2256 558 2306 καὶ
617 2255 833 2324 ἑτέραις
886 2257 1063 2322 θείαις
1117 2262 1405 2330 διαταγαῖς
1433 2267 1591 2337 ἡθελε
1659 2275 1859 2341 μηκέτι

268 2344 466 2407 αὐτοὺς
517 2348 873 2416 ἱερουργῆσαι
917 2367 930 2379 ·
968 2352 1017 2403 oi
1076 2354 1297 2418 πλείους
1323 2356 1398 2423 δὲ,
1450 2361 1541 2412 καὶ
1576 2363 1777 2430 μᾶλλον
1809 2366 1861 2417 oi

268 2441 805 2509 στρατιωτικώτεροι
839 2484 852 2506 ,
911 2445 1006 2495 καὶ
1055 2445 1332 2515 βραϐείων
1391 2452 1592 2515 αὐτοὺς
1674 2457 1858 2522 ἀξίους

266 2525 404 2581 εἶναι
436 2531 788 2587 διενίσταντο.
839 2535 1031 2588 Πολλοὶ
1083 2538 1161 2602 δὲ,
1202 2541 1486 2604 ἀνελόντες
1532 2546 1859 2615 ἀνθρώπους

265 2624 322 2673 ὲν
350 2623 428 2689 τῷ
464 2624 639 2692 καιρῷ
676 2625 775 2692 τῆς
809 2627 946 2693 μετά
977 2628 1190 2696 ῥάϐδων
1223 2634 1522 2704 παιγνικῆς
1554 2638 1854 2710 συμϐολῆς,

268 2713 411 2779 μετά
447 2716 653 2778 φονέων
680 2716 1043 2785 ἐλογίσθησαν
1088 2722 1608 2792 ἐκουσιοακουσίων,
1640 2726 1729 2784 οἷα
1759 2732 1853 2785 τοῦ

262 2804 510 2856 τοιούτου
536 2810 787 2873 παιγνῖου
811 2809 886 2878 μὴ
902 2810 1055 2873 ὄντος
1068 2814 1176 2865 ἀπὸ
1195 2814 1303 2865 τῶν
1335 2818 1856 2891 ἑπιγινωσκομένων

266 2892 431 2944 πέντε
460 2894 537 2956 τῷ
564 2896 715 2965 νόμῳ
762 2900 1055 2967 παιγνίων,
1094 2903 1202 2954 τῶν
1232 2906 1325 2957 καὶ
1355 2906 1585 2972 ἀγώνων
1620 2909 1855 2981 λεγομέο

266 3002 396 3047 νων,
434 2988 608 3055 ἤγουν
670 2990 772 3057 τῆς
810 2993 1061 3061 πυγμῆς,
1100 2993 1194 3046 τοῦ
1222 2996 1449 3065 δρόμου,
1481 3000 1573 3051 τοῦ
1600 3002 1857 3072 πηδήμα-

261 3092 376 3137 τος,
436 3078 530 3129 τοῦ
592 3079 801 3141 δίσκου.
852 3084 945 3137 καὶ
1004 3086 1103 3153 τῆς
1149 3086 1694 3158 παλαίπραςοῶστε
1715 3099 1763 3147 oi
1794 3098 1855 3148 ἐν

261 3168 378 3227 τοῖς
406 3167 668 3233 τοιούτοις
699 3175 977 3241 παιγνίοις
1012 3178 1334 3243 φονεύοντες
1358 3180 1419 3231 ού
1487 3189 1854 3255 προκριματί-
1882 3208 1926 3266 c

260 3254 469 3319 ζονται.

336 3351 586 3405 ΖΩΝΑΡ.
617 3353 693 3405 UO
740 3354 863 3407 κατ’
908 3356 1174 3427 ἐπιταγὴν
1204 3360 1232 3411 6
1264 3360 1420 3426 ἅγιός
1448 3380 1583 3432 φησι
1607 3367 1733 3427 τοὺς
1792 3370 1852 3418 ὲν

267 3440 530 3510 πολέμοις
579 3446 943 3513 ἀναιροῦντας
984 3449 1081 3499 ἐπὶ
1141 3451 1385 3518 τριετίαν
1427 3455 1729 3522 ἀπέχεσθαι
1757 3460 1854 3525 τῆς

263 3538 576 3598 κοινωνίας,
639 3538 772 3590 ὶλλά
827 3540 971 3593 κατά
1038 3544 1378 3613 συμϐουλήν.
1442 3546 1586 3616 Πλὴν
1620 3550 1851 3617 φορτικὴ

258 3629 411 3680 δοκεῖ
440 3630 743 3700 συμϐουλή.
806 3634 1057 3703 Συμϐαίη
1105 3639 1215 3705 γὰρ
1249 3638 1316 3689 ἂν
1368 3641 1431 3691 ἐκ
1448 3640 1654 3709 ταύτης
1685 3641 1850 3709 μηδέο

260 3734 393 3770 ποτε
430 3722 556 3781 τοὺς
585 3724 924 3790 στρατιώτας
965 3729 1294 3794 μεταλαϐεῖν
1316 3730 1426 3782 τῶν
1455 3732 1615 3784 θείων
1636 3733 1849 3802 δώρων,

260 3812 357 3861 καὶ
405 3813 639 3879 μάλιστα
670 3816 801 3877 τοὺς
857 3816 1056 3886 θάρσος
1092 3822 1541 3889 ἐνδεικνυμένους
1570 3826 1664 3876 καὶ
1722 3827 1850 3893 ἀρι-

262 3906 432 3965 στεῖς.
468 3907 542 3955 UO
577 3906 685 3970 γὰρ
711 3908 775 3959 ἀν
817 3925 947 3960 ποτε
1007 3914 1186 3978 σχοῖεν
1250 3914 1435 3964 ἄδειαν
1462 3917 1553 3966 ἐπὶ
1609 3916 1851 3985 τριετίαν

258 3992 564 4063 ἠρεμῆσαι.
599 3995 659 4046 Ei
708 3996 839 4062 γοῦν
862 4001 912 4048 οί
938 4000 1193 4066 πολέμοις
1244 4002 1675 4072 ἀλλεπαλλήλοις
1729 4022 1852 4072 σχο-

257 4081 539 4145 λάζοντες,
578 4086 669 4136 καὶ
697 4085 1053 4156 ἀναιροῦντες
1082 4092 1207 4152 τοὺς
1233 4093 1546 4159 πολεμίους,
1570 4096 1845 4163 εἴργονται

257 4174 359 4242 τῆς
396 4176 701 4238 κοινωνίας,
765 4178 980 4231 ἔσονται
1040 4181 1126 4232 διὰ
1180 4180 1295 4249 βίου
1358 4185 1714 4253 στερούμενοι
1750 4190 1850 4255 τῆς

257 4266 354 4319 τοῦ
385 4267 594 4334 ἀγαθοῦ
655 4270 1036 4338 μεταλήψεως.
1090 4274 1267 4342 Ὅπερ
1326 4276 1683 4343 Χριστιανοῖς
1719 4280 1853 4345 ἀφό-

260 4377 425 4430 ρητος
478 4362 719 4423 κόλασις.
782 4364 883 4414 Δια
912 4364 963 4414 τί
1018 4364 1075 4415 δὲ
1111 4365 1212 4428 τὰς
1267 4369 1458 4435 χεῖρας
1506 4369 1569 4421 ού
1616 4370 1851 4438 καθαροὶ

256 4453 502 4520 κριθεῖεν
528 4455 577 4504 οί
601 4454 742 4521 ὑπὲρ
766 4454 860 4504 τοῦ
890 4453 1288 4523 πολιτεύματος
1330 4459 1425 4509 καὶ
1461 4459 1572 4511 τῶν
1603 4461 1846 4530 ἀδελφῶν

256 4545 676 4612 ἀγωνιζόμενοι,
716 4546 800 4597 ἵνα
836 4545 910 4613 μὴ
938 4547 1194 4614 ληφθεῐεν
1225 4552 1336 4611 τοῖς
1364 4553 1722 4624 πολεμίοις,ἢ
1760 4556 1846 4608 ἵνα

256 4638 799 4705 αἰχμαλωτισθέντας
824 4638 1310 4707 ὲλευθερώσωσιν;
1337 4644 1399 4695 El
1456 4646 1564 4712 γὰρ
1603 4646 1853 4714 φονεύειν

256 4729 387 4791 τοὺς
447 4728 769 4798 Βαρϐἀρους
819 4730 1327 4801 εὐλαϐηθήσονται,
1385 4735 1461 4799 ὡς
1512 4738 1612 4801 τὰς
1664 4742 1853 4808 χεῖρας

252 4819 509 4873 ἐντεῦθεν
541 4821 871 4886 μιαίνοντες.
907 4822 1186 4889 οίχήσεται
1227 4824 1545 4892 ξύμπαντα,
1589 4829 1684 4877 καὶ
1712 4844 1851 4894 κρα-

254 4915 521 4981 τήσουσιν
551 4916 597 4963 oi
634 4913 903 4981 βάρϐαροι
937 4916 1155 4966 πάντων
1182 4932 1197 4946 °
1232 4915 1268 4969 ἃ
1306 4920 1399 4987 καί
1426 4920 1474 4970 οἱ
1512 4920 1683 4973 παλαι
1734 4920 1849 4971 lla.-

258 5006 424 5072 τέρες
479 5005 855 5072 λογισάμενοι,
919 5006 979 5057 οὐ
1031 5007 1142 5067 τοῖς
1186 5009 1411 5076 φονεῦσι
1444 5011 1853 5078 συγκατέλεξαν

255 5101 389 5157 τοὺς
438 5102 495 5149 ὲν
544 5097 803 5164 πολέμοις
860 5098 1226 5164 φονεύοντας,
1285 5106 1853 5171 συγγνωμονῆσαντες

257 5194 470 5253 αὐτοῖς,
507 5190 581 5251 ὡς
607 5183 762 5250 οὗτος
816 5189 1020 5258 ἔφησεν
1044 5192 1072 5243 6
1100 5190 1277 5257 ἅγιος,
1339 5192 1416 5255 ὼς
1443 5194 1581 5261 ὑπὲρ
1638 5211 1842 5260 σωφροο

258 5285 428 5352 σύνης
461 5281 555 5335 καὶ
588 5281 867 5344 εὐσεϐείας
928 5284 1314 5351 ἀμυνομένοις.
1383 5286 1443 5337 El
1492 5288 1603 5353 γὰρ
1632 5290 1679 5339 οι
1711 5288 1854 5357 Bap.

256 5375 420 5444 ϐαροι
450 5374 850 5444 κυριεύσουσιν,
889 5372 1012 5425 οὕτε
1044 5374 1292 5427 εὐσέϐεια
1332 5376 1503 5439 ἔσται,
1553 5376 1677 5430 οὔτε
1749 5398 1853 5433 σω-

256 5466 527 5535 φροσύνη.
590 5466 703 5533 Τὴν
758 5467 860 5535 μὲν
930 5468 1042 5535 γὰρ
1064 5468 1352 5520 εὐσέϐειαν
1402 5469 1755 5539 ἁθετήσουσι,
1790 5473 1851 5524 τὸ

253 5562 461 5614 οἰκεῖον
487 5557 651 5620 σέϐας
681 5559 1044 5626 κρατύνοντες
1069 5575 1084 5590 ⁸
1146 5561 1245 5627 τὴν
1274 5561 1333 5613 δὲ
1368 5564 1729 5631 σωφροσύνην
1754 5566 1847 5617 οῦ-

251 5653 367 5713 δεὶς
404 5652 649 5720 μετιέναι
702 5652 1211 5721 συγχωρηθήσεται,
1260 5653 1397 5706 ἀλλά
1423 5654 1523 5723 ζῇν
1553 5655 1675 5706 κατ’
1707 5656 1848 5707 εκεί-

255 5762 383 5805 ~.ou;
440 5746 584 5805 ἄπας
638 5744 1085 5813 ὲκϐιασθήσεται.
1166 5744 1227 5797 Ὀ
1280 5745 1335 5796 δὲ
1383 5747 1451 5797 τὰ
1515 5748 1632 5798 θεῖα
1681 5747 1848 5809 πολὺς

270 5837 590 5900 Ἀθανάτιος
626 5838 680 5888 ἓν
708 5838 769 5907 τῇ
821 5837 954 5905 πρὶς
974 5836 1220 5905 Ἀμμοῦν
1252 5837 1557 5905 μονάζοντα
1585 5841 1842 5903 κανονικῇ

1976 625 2154 678 editus
2185 631 2291 685 est,
2324 623 2417 676 sed
2447 637 2553 674 non
2580 631 2661 675 est
2695 623 2747 675 in
2785 636 2909 683 usu,
2934 624 3077 689 quod
3107 636 3171 674 ex
3200 637 3265 675 eo
3297 623 3563 684 eveniret,

1976 711 2021 764 si
2057 710 2460 773 admitteretur,
2487 718 2543 764 ut
2569 709 2771 764 milites
2792 719 3259 763 sacramentorum
3288 726 3561 778 nunquam

1972 814 2159 858 essent
2188 804 2504 872 participes,
2536 819 2657 857 cum
2692 805 2744 856 in
2778 804 2995 858 crebris
3016 805 3124 875 7o
3154 804 3317 859 bellis
3347 820 3561 859 versen-

1975 906 2082 959 tur,
2121 903 2173 950 οι
2205 899 2388 950 hostes
2419 896 2751 950 interﬁciant
2780 912 2793 949 :
2824 896 2966 964 quod
3001 913 3106 951 non
3137 907 3218 950 est
3251 896 3563 950 ferendum.

1974 987 2250 1054 Scriptum
2278 998 2360 1041 est
2387 989 2558 1050 enim,
2587 990 2731 1055 quod
2763 1003 2884 1042 cum
2916 986 3121 1041 Phocas
3156 988 3244 1041 ille
3270 990 3562 1056 imperator

1973 1081 2135 1134 vellet
2165 1096 2259 1134 eos
2291 1080 2624 1149 martyribus
2656 1080 3003 1131 annumerari
3036 1079 3124 1147 qui
3155 1079 3205 1131 in
3242 1078 3396 1131 bellis
3419 1078 3563 1130 occi-

1973 1177 2194 1236 duntur,
2235 1173 2326 1239 qui
2371 1181 2500 1225 tunc
2546 1180 2706 1223 erant
2753 1172 3024 1223 antistites
3076 1171 3180 1223 hoc
3220 1171 3298 1222 usi
3352 1183 3559 1221 canone

1974 1265 2381 1332 imperatoriam
2435 1263 2749 1317 instantiam
2796 1262 3015 1315 silentio
3061 1266 3430 1326 mandarunt,
3478 1262 3557 1313 di-

1972 1366 2157 1409 centes
2197 1374 2210 1407 :
2244 1354 2528 1421 Quomodo
2558 1368 2654 1407 eos
2686 1353 2775 1418 qui
2807 1354 2856 1405 iu
2888 1353 3042 1408 bellis
3074 1354 3389 1406 ceciderunt
3418 1354 3559 1404 inter

1973 1458 2239 1517 martyres
2290 1445 2793 1508 annumerabimus,
2840 1458 2976 1511 quos
3029 1459 3256 1512 magnus
3303 1444 3553 1502 Basilius.

1972 1553 2032 1593 ut
2067 1542 2159 1608 qui
2192 1554 2295 1592 non
2331 1548 2517 1593 essent
2554 1537 2703 1605 puris
2739 1537 3007 1597 manibus,
3043 1536 3278 1587 triennio
3312 1549 3339 1587 a
3372 1548 3552 1587 sacra-

1974 1631 2174 1684 mentis
2201 1627 2528 1697 prohibuit?
2555 1626 2688 1681 Cum
2718 1635 2898 1677 autem
2936 1625 3088 1676 multi
3123 1626 3459 1687 sacerdotes,
3498 1633 3553 1676 et

1973 1737 2114 1775 unus
2148 1722 2363 1789 quidem
2388 1724 2699 1789 episcopus,
2734 1733 2794 1771 se
2820 1718 2969 1784 jussu
3009 1717 3359 1785 imperatorio
3392 1730 3553 1784 syno—

1972 1816 2164 1869 daliter
2199 1813 2486 1873 stitissent,
2510 1821 2565 1865 et
2596 1826 2719 1864 cum
2761 1810 3007 1864 hostibus
3040 1825 3098 1861 se
3131 1823 3325 1861 manus
3359 1822 3550 1861 conse-

1970 1906 2476 1973 ruisse‘multosquc
2498 1919 2564 1957 ex
2596 1905 2658 1957 iis
2686 1903 2950 1957 occidisse
2977 1900 3107 1954 fassi
3135 1910 3340 1964 essent,
3368 1901 3548 1953 divina

1967 2009 2020 2052 et
2051 2009 2237 2054 sancta
2274 1998 2513 2068 synodus
2551 2003 2952 2062 consequenter
2990 1994 3114 2045 huic
3141 1991 3363 2053 canoni,
3395 2004 3447 2043 et
3481 1991 3552 2044 43

1966 2092 2211 2159 ejusdem
2271 2089 2446 2143 sancti
2501 2097 2557 2140 et
2610 2086 2732 2139 aliis
2787 2084 2990 2137 divinis
3047 2082 3548 2145 constitutionibus,

1966 2184 2185 2238 volebat
2229 2183 2376 2250 ipsos
2420 2196 2527 2235 non
2582 2178 2817 2248 amplius
2857 2190 3009 2229 sacra
3056 2174 3356 2228 celebrare.
3393 2173 3551 2227 Com-

1964 2279 2145 2346 plures
2179 2285 2380 2339 autem,
2430 2285 2484 2327 et
2519 2272 2609 2341 qui
2647 2279 2805 2324 erant
2856 2268 3013 2335 paulo
3060 2267 3232 2336 magis
3268 2266 3543 2326 militares,

1962 2382 2060 2422 eos
2098 2367 2262 2420 etiam
2298 2363 2537 2431 praemiis
2563 2362 2758 2430 dignos
2782 2375 2903 2413 esse
2934 2357 3358 2414 contendebant.
3396 2356 3543 2410 Multi

1964 2468 2167 2521 autem,
2193 2457 2282 2526 qui
2312 2457 2365 2509 in
2398 2466 2641 2522 tempore
2670 2452 2866 2507 ludiCri
2896 2466 3017 2504 cum
3043 2450 3211 2520 virgis
3233 2451 3548 2504 certaminis

1962 2551 2211 2605 homines
2243 2548 2655 2607 interfecerant,
2689 2544 2972 2600 homicidis
3015 2544 3357 2597 annnmerati
3391 2551 3544 2603 sunt,

1962 2644 2054 2713 qui
2097 2642 2520 2697 involuntariam
2550 2639 2857 2693 voluntarie
2898 2635 3099 2689 caedem
3137 2642 3542 2703 perpetrarunt,

1961 2741 2147 2801 utpore
2175 2746 2298 2787 cum
2346 2732 2447 2785 hoc
2495 2729 2763 2782 ludicrum
2796 2742 2902 2780 non
2955 2728 3026 2779 sit
3056 2740 3123 2779 ex
3174 2726 3237 2778 iis
3280 2724 3541 2792 quinque,

1961 2841 2081 2896 qua
2128 2826 2243 2893 lege
2277 2831 2674 2890 agnoscuntur,
2708 2834 2827 2887 quae
2871 2820 3033 2872 etiam
3083 2817 3379 2872 certamina
3415 2830 3544 2883 ago-

1962 2929 2165 2983 nesque
2199 2915 2477 2977 dicuntur,
2512 2913 2721 2967 scilicet
2752 2910 3059 2979 pugillatus,
3094 2924 3307 2970 cursus,
3342 2908 3535 2970 saltus,

1961 3010 2169 3071 discus,
2211 3008 2482 3077 palmstra.
2518 3007 2695 3071 Quare
2744 3005 2833 3073 qui
2867 3003 2919 3056 in
2965 3004 3043 3057 eis
3073 3001 3297 3056 ludicris
3330 3000 3540 3055 interli-

1959 3104 2133 3165 ciunl,
2166 3099 2479 3169 pra’judicfo
2507 3112 2614 3152 non
2643 3096 2973 3152 adiciuntur.

2038 3373 2292 3429 ZONAR.
2336 3371 2767 3438 Haudquaquam
2820 3362 3140 3432 praecipiens
3190 3366 3408 3413 sanctus
3457 3356 3539 3409 vir

1961 3469 2047 3529 iis,
2080 3468 2171 3535 qui
2221 3468 2271 3517 in
2328 3464 2466 3515 bello
2513 3457 2905 3513 interfecerunt
2947 3452 3181 3507 triennio
3213 3466 3240 3503 a
3289 3464 3536 3503 commu-

1959 3560 2120 3612 nione
2146 3555 2524 3609 abstinendum
2559 3565 2682 3603 esse
2714 3548 2930 3609 asserit,
2961 3546 3053 3599 sed
3091 3542 3374 3597 consilium
3409 3556 3534 3609 pro-

1959 3667 2183 3721 ponens.
2218 3648 2517 3703 Onerosum
2558 3641 2914 3695 nihilominus
2952 3637 3004 3690 id
3050 3634 3335 3690 consilium
3361 3633 3529 3686 videri

1957 3746 2146 3815 possit.
2188 3742 2259 3795 Ex
2301 3739 2391 3792 illo
2424 3749 2654 3802 namque
2685 3732 2988 3796 contingat,
3029 3738 3083 3779 ut
3114 3725 3315 3779 divinis
3350 3736 3536 3775 mune—

1958 3840 2107 3891 ribus
2163 3847 2435 3900 nunquam
2487 3830 2688 3881 milites
2746 3822 3179 3882 communicent;
3229 3816 3530 3883 praisertim

1956 3928 2045 3993 qni
2092 3926 2259 3976 rohur
2303 3920 2619 3986 pratl'erunt,
2671 3930 2733 3967 ac
2780 3929 2837 3967 se
2883 3922 3136 3965 strenuos
3181 3922 3290 3974 prae
3322 3904 3534 3958 ceteris

1956 4013 2237 4069 exhibent.
2279 4006 2566 4075 Nunquam
2622 4003 2765 4054 enim
2811 4001 2875 4053 iis
2916 3997 3133 4050 dabitur
3185 3993 3415 4047 facultas
3466 3995 3534 4044 ad

1958 4104 2251 4159 triennium
2285 4095 2627 4169 quiescendi.
2690 4091 2745 4144 Si
2797 4104 2926 4157 ergo
2972 4088 3061 4155 qui
3123 4086 3278 4139 bellis
3325 4083 3535 4138 crebris

1957 4204 2309 4255 exercentur,
2345 4200 2400 4243 et
2430 4192 2615 4241 hostes
2647 4183 3016 4265 interficiunt,
3067 4195 3094 4231 a
3155 4177 3535 4232 communione

1956 4296 2233 4344 arcentur.
2262 4293 2375 4335 toto
2414 4281 2537 4332 vitae
2565 4286 2806 4343 tempore
2841 4274 2964 4327 boni
3004 4270 3389 4325 communione
3419 4266 3535 4334 pri-

1956 4379 2064 4431 vati
2104 4380 2321 4441 degent.
2352 4371 2485 4435 Quae
2507 4353 2721 4435 quidem
2754 4380 2906 4433 poena
2932 4374 3013 4417 est
3038 4361 3363 4418 Christianis
3393 4358 3535 4411 haud

1959 4469 2278 4526 tolerabilis.
2307 4466 2477 4529 Quam
2510 4476 2637 4514 vero
2661 4461 2728 4511 oh
2754 4472 2971 4511 causam
3004 4468 3344 4523 nequaquam
3376 4464 3537 4517 puras

1967 4577 2158 4617 manus
2190 4572 2377 4628 gerere
2406 4554 2810 4624 iudicabuntur,
2863 4548 2950 4615 qui
3008 4561 3104 4613 pro
3160 4542 3427 4610 republica
3487 4550 3538 4593 et

1963 4653 2223 4709 fratribus
2253 4650 2539 4707 dimicant,
2576 4659 2643 4697 ne
2674 4642 2871 4709 captivi
2902 4639 3239 4692 abducantur
3275 4637 3341 4687 ab
3368 4634 3535 4686 hosti-

1962 4748 2083 4804 bus,
2122 4750 2213 4794 aut
2243 4750 2299 4792 ut
2339 4741 2392 4792 in
2434 4736 2751 4790 servitutem
2801 4731 3066 4785 abductos
3093 4728 3323 4782 liberent
3353 4725 3375 4777 ?
3404 4725 3534 4779 Nam

1961 4836 2005 4889 si
2045 4836 2111 4886 ab
2146 4828 2534 4884 iuterliciendis
2579 4824 2834 4879 Barliaris
2868 4831 3119 4881 caveant,
3156 4818 3312 4885 quasi
3349 4830 3539 4868 manus

1958 4942 2025 4980 ex
2065 4926 2169 4979 hoc
2217 4923 2544 4990 polluentes,
2600 4932 2812 4985 pessum
2864 4915 3016 4965 ilnmt
3063 4910 3267 4968 omnia,
3311 4916 3537 4961 cuncto-

1962 5029 2198 5082 rumque
2248 5012 2474 5064 Barbari
2531 5010 2825 5075 potientur.
2877 5003 3007 5068 Qua:
3062 4998 3268 5066 antiqui
3324 5012 3543 5063 quoque

1962 5109 2156 5162 Patres
2186 5108 2368 5159 animo
2407 5110 2740 5167 reputantes,
2774 5098 2864 5163 qui
2908 5097 2957 5148 iu
2996 5094 3134 5147 bello
3173 5092 3543 5145 interﬁcerent

1964 5200 2390 5266 haudquaquam
2454 5190 2741 5245 homicidis
2804 5190 3267 5247 adnumerarunt,
3328 5186 3540 5235 Veniam

1961 5291 2094 5357 ipsis
2122 5292 2331 5348 dantes,
2370 5285 2663 5351 siquidem,
2700 5292 2757 5332 nt
2800 5282 2888 5333 hic
2920 5280 2995 5331 ait
3030 5288 3279 5337 sanctus,
3312 5289 3407 5343 pro
3442 5289 3541 5342 pu-

1958 5382 2141 5436 dicitia
2189 5393 2251 5431 ac
2306 5378 2506 5443 pietate
2556 5374 2908 5427 decertarint.
2961 5371 3017 5424 Si
3070 5383 3304 5437 namque
3358 5381 3545 5429 rerum

1959 5474 2238 5542 potiantur
2270 5468 2515 5530 Barbari,
2552 5482 2725 5533 neque
2753 5467 2859 5517 ulla
2894 5465 3086 5531 pietas,
3121 5475 3298 5529 neque
3328 5457 3505 5527 pudici
3528 5488 3541 5498 -

1958 5568 2032 5617 tia
2065 5562 2357 5630 superet-it.
2391 5559 2653 5612 Pietatem
2685 5571 2917 5623 namque
2947 5554 3226 5623 abjicieot,
3260 5568 3410 5605 suam
3453 5568 3540 5603 re-

1954 5654 2206 5722 ligionem
2235 5653 2535 5705 retinentes
2564 5668 2575 5700 :
2604 5649 2919 5717 pudicitiam
2951 5660 3080 5699 vero
3108 5645 3372 5698 retinendi
3403 5644 3535 5696 nulli

1956 5748 2045 5801 liet
2084 5746 2333 5805 facultas,
2377 5745 2471 5799 sed
2510 5744 2724 5795 illorum
2763 5742 2971 5809 legibus
3004 5740 3186 5791 vivere
3217 5753 3405 5789 omnes
3441 5752 3535 5789 co-

1955 5849 2168 5905 gentur.
2222 5838 2491 5891 Caeterum
2547 5836 2632 5889 ille
2683 5834 2987 5889 divinarum
3057 5848 3233 5886 rerum
3295 5830 3539 5898 apprime
