4224 6446
683 335 787 397 639

1976 333 2258 397 THEOD.
2298 334 2699 399 BALSAMON

3865 346 3973 408 640

680 449 889 519 peritus
917 446 1275 512 Athanasius,
1312 445 1367 503 in
1412 460 1512 502 sua
1550 447 1617 501 ad
1650 446 1905 503 Ammum
1953 453 2275 506 monachum

2394 452 2655 524 ἐπιστολῇ
2689 453 2864 509 ταῦτα
2888 456 3035 525 λέγει
3072 458 3254 529 ῥητῶς
3284 472 3302 491 ⁶
3335 460 3586 514 Φονεύειν
3607 463 3709 515 οὐκ
3738 463 3919 529 [Eas-rt
3942 480 3961 496 ο

677 540 905 607 epistola
950 540 1237 601 canonica.
1285 538 1399 594 hac
1439 553 1700 607 expresse
1739 539 1916 595 dicit:
1958 539 2273 599 lnteriicere

676 645 1009 699 quemquam
1038 632 1199 699 plane
1223 631 1367 687 haud
1392 630 1521 685 licet
1546 649 1560 686 :
1596 645 1784 686 verum
1818 634 1872 687 in
1905 633 2057 691 bellis
2078 636 2274 690 adver-

676 722 855 778 sarios
908 724 1184 787 occidere,
1235 733 1290 778 et
1345 721 1558 793 legibus
1606 725 1936 792 permissum
1990 734 2047 780 et
2108 727 2268 781 laude

676 816 901 882 dignum
949 824 1051 869 est.
1112 814 1344 870 Proinde
1392 814 1656 870 existimo
1703 816 1807 871 hoe
1859 818 2037 888 magni
2083 816 2269 872 Basilii

674 905 963 961 consilium
999 905 1312 960 nullatenus
1343 919 1585 974 unquam
1622 916 1900 959 servatum
1936 906 2124 961 fuisse.
2157 906 2269 961 Ta-

675 1010 801 1050 men
830 1005 980 1050 certo
1008 998 1243 1065 quodam
1273 1006 1519 1064 tempore
1541 997 1629 1060 iis,
1651 997 1744 1065 qui
1768 1013 1865 1065 pro
1889 998 2271 1054 traditionibus

676 1086 1068 1142 ecclesiasticis
1100 1089 1536 1157 propugnabant,
1582 1088 1733 1144 utilis
1776 1086 1898 1142 fuit.
1945 1088 2079 1143 Cum
2123 1090 2267 1145 enim

675 1179 980 1249 imperator
1021 1181 1364 1251 Nicephorus
1395 1181 1626 1243 Pbocss,
1658 1181 2119 1250 quemadmodum
2154 1196 2271 1236 tne—

674 1272 864 1327 moriae
898 1274 1164 1340 proditum
1199 1280 1304 1337 est,
1351 1287 1467 1334 eos,
1512 1273 1602 1339 qui
1640 1274 1693 1325 in
1727 1271 1885 1328 bellis
1917 1272 2264 1338 ceciderant,

672 1365 1009 1430 martyribus
1061 1364 1415 1419 adnumerari
1463 1365 1787 1433 postularet,
1820 1380 1882 1420 ac
1926 1368 2115 1421 eodem
2157 1380 2267 1435 quo

674 1452 751 1508 illi
800 1468 954 1508 more
1005 1454 1213 1509 laudari
1263 1465 1317 1510 et
1362 1456 1466 1511 coli
1505 1474 1520 1511 :
1553 1466 1743 1513 contra
1792 1458 2126 1526 objecerunt,
2172 1458 2268 1527 qui

671 1554 804 1602 tunc
829 1546 1090 1614 temporis
1118 1546 1269 1601 luere
1297 1549 1494 1601 summi
1518 1554 1857 1617 sacerdotes,
1882 1550 2021 1604 haud
2051 1565 2266 1618 aequum

671 1653 801 1694 esse
843 1638 1117 1708 ejusmodi
1173 1639 1491 1695 hominibus
1539 1643 1953 1697 venerationem
2002 1642 2262 1712 impendi.

671 1728 830 1793 Quod
858 1744 982 1783 cum
1026 1745 1131 1783 non
1164 1730 1582 1799 persuaderent,
1632 1743 1907 1799 postremo
1953 1734 2056 1787 hoc
2099 1732 2265 1787 veluti

670 1833 881 1874 canone
908 1822 990 1874 usi
1025 1828 1174 1884 sunt,
1204 1818 1451 1875 dicentes
1484 1838 1497 1874 :
1528 1819 1775 1888 Quonam
1809 1824 1972 1897 modo
2005 1838 2105 1877 nos
2135 1838 2259 1878 cum

2383 543 2498 596 ἀλλ’
2520 547 2577 597 tv
2609 545 2831 616 πολέμῳ
2854 547 3099 618 ἀναιρεῖν
3124 549 3253 613 τοὺς
3283 549 3616 613 ἀντιπάλους
3639 552 3863 620 ῐννομόν
3905 569 3969 606 τε

2385 638 2480 690 καὶ
2534 635 2760 690 ἐπαίνου
2804 636 2975 702 ἀξιον.
3030 635 3201 709 Οἶμαι
3243 638 3375 707 γοῦν
3402 641 3479 705 ὼς
3515 640 3713 695 οὔποτε
3775 644 3810 711 ἡ
3870 641 3971 695 τοῦ

2385 728 2625 797 μεγάλου
2648 730 2937 785 Βασιλείου
2964 730 3213 802 ὑποθήκη
3251 731 3393 801 αῦτη
3424 735 3723 805 ικράτησε·
3749 734 3897 797 τέως
3926 732 3975 786 δ’

2382 824 2441 873 tv
2492 822 2671 891 καιρῷ
2718 824 2835 887 τοῖς
2903 823 3291 892 ἀντεχομένοις
3347 825 3974 889 τῶνοέκκλησιαστικῶν

2385 912 2744 981 παραδόσεων
2779 914 3161 984 ἐλυσιτέλησε.
3196 916 3304 969 Τοῦ
3331 918 3443 987 γὰρ
3473 917 3739 986 βασιλέως
3791 918 3973 985 qu-

2381 1003 2549 1072 φόρου
2598 1004 2693 1057 τοῦ
2713 1007 2900 1065 (Duxi.
2929 1007 3006 1070 ὡς
3073 1007 3380 1076 ίστόρηται,
3446 1008 3809 1071 ἀπαιτοῦντος
3836 1010 3973 1068 τοὺς

2380 1096 2438 1147 tv
2492 1094 2758 1165 πολέμοις
2796 1098 3228 1168 ἀναιρουμένους
3256 1101 3650 1154 συντάττεσθαι
3677 1103 3791 1161 τοῖς
3825 1102 3971 1170 μάρ-

2376 1203 2520 1249 τυσι,
2560 1189 2655 1240 καὶ
2681 1190 2805 1243 κατ’
2852 1191 3096 1255 έκείνους
3164 1191 3433 1259 τιμᾶσθαι
3496 1193 3589 1245 καὶ
3653 1193 3970 1261 ὑμνεῖσθαι,

2377 1278 2428 1330 oi
2484 1278 2605 1331 τότε
2663 1280 2941 1351 ἀρχιερεῖς
2987 1284 3361 1351 ἀντεπέφερον
3433 1283 3510 1355 μὴ
3562 1284 3768 1337 δίκαιον
3830 1281 3972 1339 εῖναι

2376 1371 2508 1433 τοὺς
2532 1372 2811 1435 τοιούτους
2839 1374 3128 1443 τιμᾶσθαι.
3164 1374 3271 1427 Καὶ
3305 1376 3379 1444 μὴ
3438 1373 3722 1432 πείθοντες
3784 1374 3974 1426 τελευ-

2374 1465 2550 1525 ταῖον,
2607 1461 2685 1525 ὡς
2733 1465 2925 1517 κανόνι
2962 1465 3144 1534 τούτῳ
3173 1465 3482 1536 ἐχρήσαντο
3533 1466 3801 1533 φάμενοι·
3850 1466 3973 1527 Ιιῶς

2380 1555 2547 1623 ἡμεῖς
2600 1558 2712 1620 τοῖς
2774 1558 3165 1628 μαρτυρήσασι
3200 1559 3329 1621 τοὺς
3389 1560 3447 1609 tv
3486 1557 3748 1625 πολέμοις
3776 1559 3975 1607 πεσόν-

2374 1662 2475 1707 τας
2503 1647 3011 1718 συναριθμήσομεν,
3061 1647 3157 1709 οὓς
3176 1650 3204 1701 6
3237 1649 3412 1718 μέγας
3460 1648 3762 1712 Βασίλειος,
3790 1648 3868 1710 ὼς
3894 1648 3970 1718 μὴ

2379 1737 2650 1808 καθαροὺς
2691 1740 2792 1801 τὰς
2809 1741 2999 1810 χεῖρας
3025 1779 3042 1805 ,
3073 1740 3166 1793 tari
3196 1740 3443 1810 τριετίαν
3475 1739 3593 1793 τῶν
3615 1739 3979 1809 ἀγιασμάτων

2378 1826 2640 1897 ἀπεῖρξεν
2663 1846 2679 1893 ;

672 1910 1004 1981 martyribus
1043 1928 1161 1978 eos,
1227 1915 1318 1984 qui
1379 1915 1433 1969 in
1469 1914 1623 1972 bellis
1659 1918 1999 1980 ceciderunt,
2036 1916 2428 1973 adnun'eiabiu
2455 1936 2538 1987 ns,
2567 1937 2706 1993 quos
2745 1938 2974 1997 magnus
2993 1924 3252 1990 Basilius,
3292 1934 3546 1995 tanquam
3594 1922 3684 1994 qui
3733 1921 3981 1992 impuras

672 2017 870 2059 manus
927 2017 1200 2074 gererent,
1281 2008 1518 2065 triennio
1574 2024 1605 2064 a
1664 2013 2028 2065 sacramentis
2084 2011 2296 2066 arcuit?

746 2100 851 2170 71
886 2098 1119 2155 ARIST.
1146 2101 1248 2169 Qui
1290 2117 1390 2171 pro
1417 2106 1621 2175 pietate
1646 2116 1876 2177 pugnat,
1923 2107 2138 2163 etiamsi
2166 2108 2265 2163 de-

2445 2112 2671 2167 ΑΡΙΣΤ.
2719 2112 2781 2165 '0
2811 2112 3144 2183 πολεμιστὴς
3179 2114 3247 2182 τῇ
3282 2109 3558 2179 εὐσεϐείᾳ..
3603 2111 3653 2162 εἰ
3683 2106 3783 2161 καὶ
3817 2106 3965 2175 ἀμύ-

672 2190 881 2253 tendat.
916 2192 1155 2247 triennio
1182 2208 1210 2247 a
1238 2197 1628 2253 communione
1668 2199 1965 2255 abstineat.

747 2280 1056 2339 Homicidia
1103 2284 1159 2340 in
1207 2285 1368 2343 bellis
1404 2285 1549 2342 facta
1592 2304 1703 2344 non
1756 2291 2048 2347 homicidia
2083 2306 2115 2345 a
2166 2290 2275 2347 Pa-

673 2382 712 2429 ti
727 2374 853 2430 ibus
876 2385 1123 2443 reputata
1138 2386 1265 2431 sunt
1284 2378 1761 2449 (quemadmodum
1778 2392 1833 2435 et
1853 2397 2083 2450 magnus
2094 2384 2271 2436 Atha-

677 2463 864 2519 nasius
892 2465 960 2519 ad
984 2465 1239 2522 Animum
1269 2474 1599 2524 monachum
1634 2468 1853 2536 scribit,
1882 2470 2071 2526 dicens
2116 2484 2135 2526 :
2165 2469 2272 2525 Eos

674 2556 769 2626 qui
802 2557 945 2611 sein
976 2557 1122 2614 bello
1174 2560 1476 2618 fortissime
1514 2576 1809 2631 gesserunt
1857 2567 2067 2636 magnis
2099 2567 2275 2621 bono-

676 2648 826 2703 ribus
875 2647 1093 2721 dignari
1146 2661 1388 2721 oportet,
1442 2662 1499 2708 et
1548 2654 1737 2724 cippos
1794 2654 2011 2711 illorum
2064 2658 2277 2727 erigere

675 2749 828 2809 gesta
878 2742 1216 2804 indicantes.
1282 2753 1341 2799 ut
1395 2746 1488 2815 qui
1540 2746 1876 2803 relucuntes
1909 2748 2279 2815 abstulerunt,

676 2840 733 2885 et
766 2845 906 2899 opus
963 2832 1262 2902 legitimum
1294 2835 1644 2904 perfecerunt
1684 2849 1741 2893 et
1814 2839 1974 2894 laude
2024 2839 2273 2910 dignum)

676 2940 856 2995 neque
884 2942 1111 2999 magnus
1141 2930 1229 2985 hic
1273 2931 1357 2984 vir
1402 2930 1671 2998 iudicium
1728 2948 1920 2988 eorum
1980 2934 2272 3003 improbat,

677 3017 804 3087 quia
843 3033 943 3087 pro
976 3021 1236 3087 pudicitia
1265 3028 1320 3076 et
1346 3023 1551 3090 pietate
1581 3023 1768 3079 hostes
1791 3023 2136 3094 propulsant.
2164 3024 2273 3079 Sed

678 3116 868 3164 monet
894 3109 1098 3164 bonum
1126 3126 1248 3166 esse
1284 3122 1344 3166 ut
1374 3113 1497 3167 talis
1525 3128 1553 3166 a
1578 3116 1968 3172 communione
2011 3116 2123 3170 sola
2169 3117 2270 3169 ab-

679 3203 905 3270 stineat,
938 3202 1065 3273 quia
1102 3217 1266 3273 puras
1302 3217 1413 3259 non
1449 3204 1613 3260 habet
1635 3219 1855 3260 manus.

1274 3382 1507 3439 CANON
1541 3383 1682 3439 XIV.

679 3479 781 3546 Qui
813 3492 1012 3535 usuras
1043 3476 1269 3545 accipit,
1297 3477 1347 3531 si
1380 3476 1640 3545 iniustum
1664 3476 1876 3531 lucrum
1910 3477 1963 3530 in
2007 3489 2275 3546 pauperes

748 3586 1079 3629 consumere
1130 3570 1385 3637 voluerit,
1448 3578 1505 3625 et
1554 3570 1622 3622 ab
1658 3569 1907 3624 avaritiae
1954 3570 2145 3624 morbo
2175 3570 2271 3624 de-

751 3670 940 3738 inceps
972 3664 1221 3727 liberari.
1253 3671 1343 3719 est
1372 3661 1442 3717 ad
1471 3660 1842 3718 sacerdotium
1874 3660 2271 3717 admittendus.

753 3848 947 3906 BALS.
982 3848 1307 3905 Sanctorum
1333 3846 1552 3916 quidem
1578 3843 1949 3914 apostolorum
1978 3859 2157 3899 canon
2183 3843 2277 3909 44,

677 3946 972 4013 episcopos
998 3942 1080 3995 vel
1134 3926 1490 4010 presbyteros
1521 3937 1608 3992 vel
1656 3937 1921 3992 diaconos
1965 3936 2279 3991 fenerantes

679 4050 898 4091 cessare
929 4034 1015 4089 vel
1047 4032 1245 4102 deponi
1285 4038 1546 4100 oportere
1567 4027 1759 4083 deﬁnit
1792 4027 2079 4083 :decimus
2114 4028 2280 4095 septi-

680 4143 802 4183 mus
835 4135 1015 4182 autem
1051 4139 1229 4179 canon
1262 4122 1455 4193 prima:
1484 4119 1682 4191 synodi
1735 4132 1927 4175 omnes
1984 4119 2280 4175 canonicos

684 4219 995 4274 fenerantes
1019 4216 1220 4286 deponi
1247 4197 1426 4283 lubet.
1460 4211 1607 4283 Lege
1628 4226 1760 4281 ergo
1782 4225 1975 4266 eorum
2006 4227 2277 4267 canonum

682 4309 1188 4380 interpretationes.
1247 4304 1355 4360 Sed
1406 4304 1531 4374 quia
1592 4304 1679 4357 lex
1724 4302 1905 4357 civilis
1954 4317 2065 4357 non
2124 4304 2281 4373 punit

681 4401 857 4457 laicos
886 4399 1223 4459 fenerantes.
1260 4396 1357 4451 sed
1413 4397 1580 4453 etiam
1613 4394 1882 4464 permittit
1932 4394 2000 4448 ad
2055 4410 2279 4449 usuram

682 4502 875 4547 mutuo
906 4490 1076 4557 dare;
1140 4488 1391 4545 nonnulli
1453 4498 1661 4552 autem,
1703 4496 1764 4541 ut
1811 4493 1897 4540 est
1958 4486 2278 4552 verisimile,

682 4584 1002 4640 l‘enersntes
1056 4583 1315 4638 volebant
1358 4581 1426 4635 ad
1469 4595 1689 4649 sacrum
1743 4578 1993 4634 ordinem
2052 4593 2277 4649 promo-

680 4679 826 4736 veri.
859 4687 915 4731 et
964 4687 1188 4746 propter
1234 4684 1395 4744 turpe
1446 4674 1661 4729 lucrum
1699 4674 1781 4728 eis
1835 4688 1943 4727 non
1995 4674 2284 4740 permitte-

2296 3436 2345 3499 C

2379 2220 2484 2267 νοι,
2546 2205 2798 2274 τριετίαν
2825 2203 3114 2274 ἀπεχέσθω
3172 2202 3273 2272 τῆς
3305 2202 3615 2262 κοινωνίας.

2451 2296 2592 2359 Τοὺς
2625 2297 2686 2349 tv
2715 2295 2976 2367 πολέμοις
3002 2294 3222 2362 φόνους,
3259 2291 3336 2364 μὴ
3371 2293 3570 2361 φόνους
3611 2290 3975 2357 λογισθέντας

2376 2388 2527 2458 παρὰ
2548 2387 2657 2441 τῶν
2691 2388 2975 2457 Πατέρων,
3008 2384 3191 2449 καθὼς
3233 2386 3326 2437 καὶ
3354 2386 3382 2437 6
3416 2384 3594 2454 μέγας
3648 2382 3978 2445 ’Δθανάσιος

2374 2480 2514 2550 πρὸς
2550 2477 2798 2549 ’Δμμοῦν
2822 2475 3477 2547 μονάζονταέπιστέλλει,
3499 2474 3676 2545 τιμῶν
3694 2474 3974 2543 μεγάλων,

2377 2571 2578 2638 λέγων,
2610 2570 2899 2635 ἀξιοῦσθαι
2937 2571 3067 2632 τοὺς
3105 2570 3163 2622 tv
3226 2568 3488 2638 πολέμοις
3541 2569 3979 2640 ἀριστεύσαντας

2372 2664 2503 2734 χρὴ,
2549 2662 2643 2716 καὶ
2670 2662 2873 2730 στήλας
2919 2658 3127 2714 τούτων
3196 2659 3534 2729 ἀγείρεσθαι,
3591 2656 3977 2727 κηρυττούσας

2373 2758 2445 2811 τά
2479 2754 2911 2825 κατορθώματα,
2953 2754 3030 2817 ὡς
3063 2753 3428 2823 ἀναιροῦντας
3465 2753 3591 2814 τοὺς
3617 2750 3975 2812 ἀντιπάλους,

2372 2850 2469 2903 καὶ
2499 2849 2743 2918 πρᾶγμα
2768 2844 3061 2907 ποιοῦντας
3085 2844 3331 2913 ἔννομον,
3368 2846 3465 2897 καὶ
3516 2843 3745 2896 δπαίνου
3786 2843 3941 2908 ἀξιον
3961 2859 3975 2873 ·

2372 2940 2493 2994 οὐδὲ
2525 2942 2553 2993 6
2584 2938 2754 3009 μέγας
2784 2931 2941 3001 οὗτος
2976 2938 3115 3007 ἀνὴρ
3144 2936 3244 3006 τὴν
3297 2936 3481 3004 κρίσιν
3541 2935 3723 2988 αὐτῶν
3775 2935 3980 2987 ἀποδο-

2373 3028 2621 3099 κιμάζει,
2672 3028 2761 3080 διὰ
2812 3026 2876 3079 τὸ
2930 3026 3071 3095 ὑπδρ
3123 3024 3482 3095 σωφροσύνης
3540 3025 3635 3076 καὶ
3685 3022 3980 3084 εὐλαϐείας

2372 3122 2680 3193 ἀμύνεσθαι
2707 3120 2802 3172 τὸν
2835 3118 3198 3188 πολεμιστήν.
3237 3117 3385 3185 Πλὴν
3419 3114 3786 3183 συμϐουλεύει
3811 3114 3981 3166 καλὸν

2374 3212 2520 3269 εῖναι
2581 3215 2683 3283 τῆς
2715 3212 3005 3274 κοινωνίας
3047 3212 3216 3280 μόνης
3246 3209 3337 3262 τὸν
3366 3208 3610 3262 τοιοῦτον
3635 3207 3973 3277 ἀπέχεσθαι,

2374 3304 2465 3358 διὰ
2491 3304 2553 3357 τὸ
2574 3301 2653 3375 μὴ
2677 3300 2929 3371 καθαρὰς
2960 3300 3108 3368 ἒχειν
3139 3299 3239 3361 τὰς
3264 3300 3479 3368 χεῖρας.

3002 3389 3245 3444 ΚΔΝΩΝ
3281 3385 3381 3442 1Δ’.

2390 3487 2450 3540 Ὀ
2482 3487 2680 3549 τόκους
2710 3484 3011 3555 λαμϐάνων
3044 3482 3141 3535 ιάν
3166 3477 3532 3547 καταδέξηται
3562 3476 3621 3530 τὸ
3643 3476 3831 3533 ἄδικον
3857 3475 3986 3544 ἱέρ-

2447 3577 2537 3640 δος
2572 3580 2654 3639 είς
2684 3576 2936 3644 πτωχοὺς
2987 3570 3305 3636 ἀναλῶσαι,
3337 3569 3433 3623 καὶ
3471 3566 3567 3621 τοῦ
3618 3564 3814 3619 λοιποῦ
3868 3564 3965 3617 τοῦ

2448 3671 2756 3739 νοσήματος
2788 3670 2889 3737 τῆς
2945 3661 3391 3735 φιλοχρηματίας
3440 3659 3859 3726 ἀπαλλαγῆναι,
3902 3655 3986 3707 δε-

2448 3761 2577 3822 κτός
2611 3761 2761 3812 ἐστιν
2792 3760 2873 3821 είς
2902 3756 3230 3826 ίερωσύνην.

2451 3852 2652 3908 ΒΑΛΣ,
2699 3851 2756 3903 Ὀ
2788 3850 2889 3919 μὲν
2935 3850 3019 3917 μδ⁹
3052 3847 3236 3901 κανὼν
3284 3847 3394 3900 τῶν
3423 3846 3597 3912 ἀγίων
3654 3844 3982 3896 ἀποστόλων

2381 3947 2507 4007 τοὺς
2532 3939 3219 4007 τοκίζονταςιέπισκόπους
3253 3937 3286 4008 ἦ
3334 3935 3747 4005 πρεσϐυτέρους
3796 3933 3829 4001 ἥ
3869 3934 3987 3986 δια-

2382 4038 2572 4099 κόνους
2598 4032 2868 4087 παύεσθαι
2899 4031 2931 4101 ἢ
2962 4028 3350 4098 καθαιρεῖσθαι
3387 4026 3686 4096 διορίζεται
3715 4042 3730 4057 ο
3771 4027 3800 4078 6
3833 4024 3892 4077 δὲ
3922 4021 3987 4088 ις’

2382 4128 2563 4183 κανὼν
2604 4126 2704 4197 τῆς
2734 4123 2782 4179 α’
2827 4124 3049 4178 συνόδου
3082 4122 3297 4183 πάντας
3332 4120 3461 4181 τοὺς
3518 4115 3846 4178 κανονικοὺς
3903 4132 3991 4167 το-

2381 4219 2638 4282 κίζοντας
2706 4214 3093 4280 καθαιρεῖσθαι
3153 4206 3623 4279 παρακελεύεται·
3704 4204 3989 4272 ἀνάγνωθι

2381 4308 2477 4365 οῦν
2508 4309 2607 4372 τὰς
2640 4307 2750 4361 τῶν
2790 4303 3054 4358 τοιούτων
3108 4300 3355 4354 κανόνων
3433 4294 3760 4366 ἑρμηνείας.
3832 4296 3990 4347 Ἐπεὶ

2382 4402 2440 4454 δὲ
2470 4402 2498 4453 6
2532 4399 2813 4459 πολιτικὸς
2844 4395 3010 4464 νόμος
3045 4392 3107 4444 οὐ
3144 4390 3368 4453 κολάζει
3412 4390 3540 4450 τοὺς
3575 4387 3803 4447 λαῖκοὺς
3837 4386 3989 4437 τοκί-

2385 4494 2598 4559 ξοντας,
2644 4491 2781 4544 ἀλλά
2807 4488 2901 4541 καὶ
2941 4483 3147 4555 μᾶλλον
3178 4480 3469 4550 ἐπιτρέπει
3502 4478 3642 4549 μετά
3688 4479 3854 4529 τόκου
3896 4477 3994 4528 δαν

2385 4586 2607 4650 νείζειν,
2642 4582 2785 4642 τινες
2807 4578 2975 4644 δὲ,ὠς
3000 4576 3171 4638 ἔοικε,
3225 4571 3567 4635 δανείζοντες
3597 4569 3776 4629 οῦτως
3797 4565 3993 4637 ἧθελον

2386 4676 2690 4745 ἀξιωθῆναι
2723 4670 2937 4742 βαθμοῦ
2969 4664 3273 4739 ἱερατικοῦ,
3324 4664 3421 4717 καὶ
3464 4662 3565 4714 οὐκ
3610 4661 3867 4728 ἐδέχοντο
3906 4660 3994 4711 διὰ

680 4771 843 4827 batur
881 4789 895 4825 :
931 4770 1064 4823 dicit
1118 4783 1249 4835 ergo
1284 4776 1507 4822 sanctus
1557 4780 1655 4821 eos
1700 4767 1868 4821 etiam
1906 4766 1974 4818 ad
2011 4764 2272 4819 sacerdo-

2382 4769 2478 4839 τὴν
2505 4766 2599 4819 τοῦ
2632 4767 2793 4818 τόκου
2822 4758 3278 4831 αἰσχροκέρδειαν
3298 4770 3313 4785 ο
3346 4753 3553 4822 φησ¹ινό
3578 4752 3733 4817 ἅγιος
3750 4754 3843 4804 καῖ
3867 4753 3995 4811 τοὺς

683 4865 818 4916 tium
848 4862 1238 4921 admittendos.
1272 4859 1315 4912 si
1350 4874 1473 4929 quae
1520 4874 1585 4913 ex
1638 4858 1828 4913 usuris
1872 4856 2101 4911 collecta
2157 4864 2285 4909 sunt

681 4955 735 5008 lu
772 4969 1044 5024 pauperes
1094 4952 1563 5020 consumpserint,
1615 4959 1671 5003 et
1725 4964 1786 5005 se
1837 4949 1890 5002 id
1944 4949 2284 5003 asseruerint

680 5064 792 5107 non
824 5047 1060 5115 amplius
1101 5044 1369 5101 facturos.

754 5093 1596 5206 septimus
1621 5132 1854 5189 Nicena:
1877 5135 2065 5203 prima:
2089 5093 2319 5207 synodi.

685 5251 862 5293 canon
888 5249 986 5289 eos
1010 5235 1100 5303 qui
1132 5232 1479 5293 l'euerantur,
1528 5227 1802 5299 siquidem
1851 5229 2032 5281 sacris
2081 5227 2284 5281 initiati

687 5330 825 5393 sint,
860 5325 1055 5396 deponi
1088 5322 1265 5391 jubet.
1298 5321 1393 5377 Hic
1430 5335 1560 5376 vero
1590 5334 1825 5390 magnus
1873 5317 2054 5377 Pater.
2104 5317 2288 5386 Siqui-

690 5420 1048 5491 dem.inquit,
1073 5417 1295 5473 fenebre
1328 5415 1537 5469 lucrum
1562 5412 1620 5468 in
1647 5426 1916 5482 pauperes
1936 5410 2292 5476 distribuant,

688 5528 754 5568 ac
780 5513 1042 5581 deinceps
1069 5525 1099 5565 a
1133 5508 1436 5564 fenerando
1466 5505 1801 5569 abstineant,
1848 5503 1901 5557 iu
1939 5517 2156 5557 sacrum
2194 5516 2284 5555 or-

686 5608 871 5662 dinem
927 5604 1144 5659 admittl
1198 5610 1477 5664 poterunt.
1531 5598 1693 5653 Forte
1750 5598 1914 5667 igitur
1963 5604 2283 5666 presentem

689 5712 958 5754 canonem
987 5695 1135 5752 edito
1167 5710 1194 5749 ο
1221 5693 1457 5750 Nicasnis
1484 5692 1739 5746 Patrihus
1773 5688 1973 5744 canoni
2004 5687 2281 5741 adversari

689 5788 961 5857 quispiam
990 5787 1437 5845 existimaverit:
1485 5784 1579 5842 sed
1629 5798 1736 5838 non
1799 5790 1880 5837 cst
1933 5782 2029 5835 ita.
2083 5778 2178 5833 ille
2216 5780 2287 5833 si-

2387 4859 2663 4918 τοιούτους
2714 4852 2969 4924 δέχεσθαι
3002 4852 3083 4911 είς
3115 4844 3442 4918 ἱερωσύνην,
3472 4842 3568 4894 ιάν
3597 4843 3668 4892 ea
3694 4840 3807 4892 ἀπὸ
3828 4842 3993 4894 τόκου

2394 4948 2733 5019 συναχθέντα
2753 4949 2833 5008 εἰς
2856 4942 3111 5012 πτωχοὺς
3143 4935 3489 4996 ἀναλώσωσι,
3516 4935 3612 4987 καὶ
3635 4933 3969 4986 κατάθωντα

2395 5043 2598 5114 μηκέτι
2631 5037 2790 5092 τοῦτο
2827 5035 2957 5103 ποιῆ
2966 5052 3075 5087 σαι.

2464 5132 2711 5189 ΖΩΝΔΡ.
2758 5130 2819 5181 Ὀ
2847 5124 2914 5191 ιζ’
2953 5120 3134 5179 κανὼν
3162 5121 3263 5188 τῆς
3287 5120 3345 5171 tv
3377 5115 3587 5186 Νικαίᾳ
3609 5112 3840 5181 πρώτης
3866 5127 3999 5163 συν·

2394 5228 2516 5282 όδου
2540 5225 2669 5284 τοὺς
2708 5222 2802 5273 tul.
2825 5220 3010 5279 τόκοις
3033 5212 3383 5278 δανείζοντας
3428 5206 3765 5277 ίερωμένους
3799 5202 4002 5257 καθαι-

2398 5316 2610 5388 ρεῖσθαι
2640 5310 2997 5382 προστάττει.
3038 5306 3101 5358 ⁸0
3152 5304 3214 5357 δὶ
3274 5302 3448 5371 μέγας
3483 5291 3637 5358 οὗτος
3679 5293 3899 5388 Πατὴρ,
3949 5292 4002 5343 εί

2393 5387 2455 5461 τὸ
2486 5411 2551 5461 ὲκ
2582 5405 2691 5458 τῶν
2724 5404 2905 5456 τόκων
2939 5401 3155 5471 κέρδος,
3192 5395 3379 5465 φησὶν.
3414 5395 3494 5452 εις
3546 5388 3801 5457 πτωχοὺς
3859 5387 4003 5437 ἁνα-

2393 5501 2577 5562 λώσει,
2615 5496 2709 5549 καὶ
2739 5494 2834 5547 τοῦ
2866 5489 3059 5545 λοιποῦ
3092 5489 3407 5555 ἀπόσχηται
3440 5480 3534 5536 τοῦ
3578 5476 3852 5539 τοκίζειν,
3904 5475 4000 5527 δερ

2397 5592 2531 5644 κτό;
2570 5591 2720 5641 ἐστιν
2750 5588 2831 5645 εἰς
2869 5580 3195 5652 ἱερωσύνην.
3234 5578 3391 5637 Ἴσως
3424 5571 3516 5625 οῦν
3541 5587 3685 5623 τισιν
3714 5564 4003 5618 ἐναντιοῦ-

2402 5683 2526 5736 σθαι
2557 5679 2698 5744 δόξει
2727 5678 2805 5748 τῷ
2830 5674 2938 5728 τῶν
2963 5674 3021 5723 tv
3050 5670 3254 5739 Νικαία
3276 5667 3542 5733 Πατέρων
3584 5660 3770 5712 κανόνι
3791 5656 3822 5707 6
3857 5672 4004 5748 παρο

2395 5774 2469 5827 ὼν
2520 5769 2731 5825 κανών·
2769 5747 2884 5823 ἀλλ’
2910 5765 3012 5819 οὐκ
3044 5762 3159 5815 ἐστι
3222 5757 3404 5811 τοῦτο.
3443 5753 3681 5814 Ἐκεῖνος
3732 5748 3835 5819 μιν
3889 5747 4005 5815 γὰρ
