4224 6446
265 359 368 430 641

1237 371 1318 437 IN
1353 375 1597 437 EPISTo
1634 379 1693 439 S.
1737 378 2021 440 BASILII
2075 385 2510 452 CANONlCAM
2550 396 2594 455 ῐ,

257 480 393 546 περὶ
434 479 748 548 ἱερωμένων
794 482 1143 538 διατάττεται
1190 487 1539 551 τοκιςόντων,
1601 482 1757 549 οὗτος
1795 491 1849 543 ii
1884 493 1925 548 Δ

1115 503 1143 536 ιι
1190 487 1539 551 τοκιςόντων,
1601 482 1757 549 οὗτος
1795 491 1849 543 ii
1884 493 1925 548 Δ
1957 495 2170 558 quidem
2201 501 2264 549 de
2294 503 2465 555 sacris
2505 503 2783 561 ordinibus

255 571 390 635 περὶ
420 568 645 633 λαῖκῶν,
678 574 771 623 καί
810 572 901 624 τὸν
941 574 1316 643 ἀποσχόμενον
1339 575 1435 627 τοῦ
1468 578 1705 637 τοκίζων
1730 579 1845 630 λαῖ-

3409 410 3519 478 642

2831 507 3079 576 initiatis,
3123 516 3209 568 huc
3241 528 3419 572 autem
3452 526 3518 575 de

1950 578 2101 636 laicis
2127 582 2496 646 feuerautihus
2518 594 2784 651 decernit.
2808 596 2871 651 Et
2896 614 3019 653 eum
3042 604 3133 670 qui
3164 619 3191 656 a
3220 605 3515 663 feuerando

259 658 381 711 κδν.
408 658 500 709 καὶ
522 660 581 709 τὸ
624 660 834 744 ἐκεῖθεν
859 663 1143 730 περιελθὸν
1168 664 1318 732 αὐτῷ
1336 666 1525 733 κέρδος
1545 666 1844 719 διαδιδόντα

1947 671 2215 727 abstineat
2246 678 2438 731 laicmn
2467 720 2483 744 ,
2529 688 2776 754 quodque
2802 690 2871 741 illi
2907 691 3027 744 inde
3043 658 3286 760 superest
3307 658 3511 752 luerit—tn

270 751 505 815 πτωχοῖς
542 750 617 817 μὴ
643 733 1034 819 έμποδίςεσθαι
1060 754 1210 821 λέγει
1245 758 1591 824 προαχθῆναι
1618 757 1698 821 είς
1760 760 1838 809 ls-

263 840 539 906 ρωσύνην.

330 928 558 981 ΑΡΙΣΤ.
620 929 678 981 '0
714 932 903 993 τόκους
926 931 1215 1002 λαμϐάνων
1268 936 1455 999 δεκτὸς
1506 940 1582 1001 είς
1608 938 1837 1008 ἱερωσύ-

252 1030 380 1083 νην,
412 1016 808 1085 διορθούμενος.

331 1106 625 1174 Διόρθωσις
662 1108 717 1159 δὲ
751 1110 945 1162 τούτου
975 1110 1112 1182 αὕτη
1152 1115 1288 1178 ἐστὶ,
1322 1115 1382 1167 τδ
1413 1117 1691 1172 ἀναλῶσαι
1752 1120 1837 1181 είς

262 1200 515 1263 πτωχοὺς
540 1200 599 1249 τὺ
624 1200 981 1269 ἐπισυναχθὲν
1015 1205 1076 1255 ὲκ
1107 1204 1213 1255 τῶν
1229 1207 1399 1259 τόκων
1418 1207 1598 1260 άδικον
1628 1210 1835 1276 κέρδος,

257 1292 354 1338 καὶ
383 1288 722 1356 ὑποσχέσθαι
764 1292 960 1357 μηκέτι
998 1294 1075 1360 τῷ
1107 1296 1331 1364 τοιούτῳ
1359 1297 1455 1366 τῆς
1504 1300 1838 1368 φιλοχρημα-

252 1379 377 1438 τίας
404 1381 669 1447 νοσήματι
706 1383 991 1448 ἐμπεσεῖν.

816 1474 1050 1526 ΚΑΝΩΝ
1099 1476 1201 1531 ΙΕ’.

255 1560 540 1627 Θαυμάζω
578 1561 634 1615 δέ
677 1578 807 1626 που,
842 1568 939 1633 την
970 1570 1366 1640 γραμματικὴν
1398 1573 1687 1642 ἀκρίσειαν
1740 1578 1833 1631 ἐπὶ

329 1652 429 1716 τῆς
466 1654 684 1721 γραφῆς
732 1655 1117 1722 ἀπαιτοῦντος,
1194 1661 1285 1711 καὶ⁸
1334 1660 1685 1731 λογιζομένου
1745 1667 1829 1717 ὅτι

334 1743 731 1813 ἠναγκασμένη
786 1748 936 1798 ἐστὶν
994 1750 1027 1816 ή
1074 1748 1213 1811 λέξις
1254 1752 1353 1819 τῆς
1412 1754 1707 1819 ἑρμηνείας
1773 1758 1832 1808 τὸ

326 1832 524 1898 ἑαυτῆς
558 1831 795 1903 εὔσημον
820 1836 1154 1905 ἐκδιδούσης.
1185 1840 1247 1891 οὐ
1273 1843 1335 1893 τδ
1379 1844 1581 1911 κυρίως
1612 1846 1830 1915 ὑπὸτῆς

334 1919 631 1990 Ἐδραῖκῆς
679 1926 860 1994 φωνῆς
932 1931 1333 1997 σημαινόμενον
1414 1935 1825 2002 μετατεθείσης.

335 2012 495 2064 Ἐπεὶ
524 2015 579 2064 δὲ
608 2015 687 2066 δεῖ
725 2017 799 2084 μὴ
832 2018 1018 2085 ἀργῶς
1050 2022 1340 2087 παρελθεῖν
1386 2024 1445 2074 τὸ
1478 2025 1572 2076 ὑπ’
1635 2028 1827 2096 ἀνδρὸς

324 2101 626 2172 ζητητικοῦ
662 2108 883 2174 κινηθὲν
913 2110 1226 2178 πρόϐλημα,
1258 2114 1326 2166 τά
1353 2116 1577 2167 πετεινά
1604 2117 1698 2168 τοῦ
1741 2120 1829 2170 ού-

329 2195 523 2263 ρανοῦ,
557 2197 717 2249 καὶοὶ
754 2198 931 2266 ἰχθύες
960 2202 1057 2268 τῆς
1092 2201 1366 2273 θαλάσσης
1396 2207 1490 2258 καὶ
1524 2209 1580 2258 ὲν
1606 2210 1668 2276 τῇ
1699 2225 1828 2260 κοσο

330 2288 557 2355 μοποιίᾳ
590 2288 689 2356 τὴν
727 2289 897 2356 αὐτὴν
921 2292 1109 2359 ἔλαχον
1138 2294 1374 2359 γένεσιν,
1415 2295 1508 2347 Ἐκ
1541 2296 1647 2348 τῶν
1702 2298 1828 2350 ὑδά-

333 2393 444 2428 των
482 2381 589 2446 γάρ
619 2379 823 2450 ἐξήχθη
850 2384 1055 2449 ἀμφότε
1068 2402 1133 2451 ρα
1154 2386 1220 2436 τά
1248 2386 1399 2455 γένη.
1446 2386 1517 2438 Τὸ
1549 2387 1605 2439 δὲ
1634 2390 1824 2454 αἴτιον,

324 2468 407 2519 ὅτι
436 2471 639 2522 ταυτόν
666 2474 816 2522 ἐστιν
858 2473 1137 2541 ἑκατέροις
1182 2474 1396 2543 ίδίωμα.
1449 2476 1527 2529 Td
1578 2478 1678 2545 μὲν
1718 2480 1826 2549 γάρ

317 2558 635 2628 διανήχεται
665 2563 725 2613 τδ
766 2562 929 2633 ὕδωρ,
968 2565 1036 2616 τά
1076 2562 1131 2615 δὲ
1179 2566 1497 2634 ἐπινήχεται
1554 2567 1631 2637 τῷ
1682 2570 1824 2639 ἀέρι.

324 2651 425 2700 Διά
455 2652 610 2703 τοῦτο
645 2653 741 2719 μὶν
771 2652 863 2705 οὖν
907 2656 1059 2723 κοινῇ
1094 2653 1636 2725 αύτῶνιπεμνήσθη.
1664 2658 1737 2710 Τὸ
1769 2660 1824 2711 δὲ

322 2740 509 2807 σχῆμα
541 2741 633 2791 τοῦ
676 2743 856 2808 λόγου,
907 2743 981 2803 ὡς
1044 2743 1142 2811 μὲν
1216 2744 1346 2813 πρὸς
1415 2747 1541 2807 τοὺς
1610 2747 1820 2815 ίχθύας,

317 2829 712 2897 ἀκαταλλήλως
747 2830 1007 2898 ἀποδόθη,
1038 2831 1112 2892 ὼς
1156 2831 1210 2883 δι
1248 2832 1381 2900 πρὸς
1427 2835 1601 2885 πάντα
1641 2837 1708 2885 τά
1767 2836 1823 2887 έν

324 2918 485 2969 ὕδασι
522 2918 871 2982 διαιτώμενα,
898 2920 992 2972 καὶ
1022 2922 1167 2971 πάνυ
1198 2920 1438 2983 οίκείως.
1485 2922 1566 2972 Τά
1598 2924 1705 2989 γὰρ
1730 2939 1824 2973 πε-

323 3008 477 3056 τεινά
509 3006 600 3057 τοῦ
622 3006 855 3075 ούρανοῦ
887 3007 1351 3094 ὑποτέτακταιτῷ
1393 3007 1689 3078 ἀνθρώπῳ,
1728 3010 1822 3061 καὶ

320 3098 369 3147 οί
406 3096 585 3163 ίχθύες
635 3096 1083 3164 τῆξιθαλάσσης,
1134 3099 1231 3149 καὶ
1272 3098 1372 3150 οὐκ
1434 3098 1585 3150 αὐτοὶ
1642 3101 1819 3166 μόνον,
1852 3116 1897 3175 c

322 3187 458 3239 ἀλλά
484 3190 575 3238 καὶ
604 3187 779 3239 πάντα
802 3188 870 3239 τά
902 3186 1335 3257 διαπορευόμενα
1368 3187 1588 3257 τρίδους
1620 3188 1814 3241 θαλάσ-

324 3293 444 3344 σης.
470 3277 543 3327 Οὐ
574 3276 703 3343 γὰρ,
730 3278 783 3328 εί
806 3293 857 3327 τι
892 3276 1129 3342 ἔνυδρον,
1156 3276 1249 3329 καὶ
1283 3276 1433 3345 ίχθύς
1449 3279 1618 3344 ἑστιν,
1645 3279 1720 3340 ὡς
1747 3278 1815 3331 τά

312 3366 555 3434 κητώδη,
585 3365 860 3430 φάλαιναι,
885 3366 979 3417 καὶ
1000 3364 1275 3431 ζύγαιναι,
1304 3370 1399 3419 καὶ
1430 3366 1704 3434 δελφίνεςν
1724 3370 1818 3421 καὶ

320 3455 531 3523 φῶκαι,
567 3456 660 3505 καὶ
698 3456 924 3523 προσέτι
962 3457 1140 3518 ῐπποι,
1176 3457 1270 3508 καὶ
1316 3457 1502 3518 κύνες,
1532 3459 1625 3508 καὶ
1662 3459 1813 3523 πρίο-

314 3564 427 3609 νες,
456 3548 550 3598 καὶ
574 3548 770 3613 ξιφίαι,
792 3548 884 3598 καὶ
910 3548 956 3599 οί
976 3546 1252 3601 θαλάσσιοι
1278 3546 1412 3616 βόες·
1454 3548 1502 3598 εί
1539 3548 1594 3601 ἃ
1618 3547 1814 3617 βούλει,

325 3640 424 3690 καὶ
458 3639 740 3705 ἀκαλήφας
766 3677 781 3699 ,
821 3638 913 3691 καὶ
948 3639 1152 3700 κτένες,
1213 3638 1307 3689 καὶ
1356 3638 1423 3689 τά
1457 3638 1817 3707 δστρακόρινα

319 3730 519 3791 πάντα,
553 3721 625 3779 ὧν
649 3728 799 3779 οὐδέν
822 3729 973 3779 ἔστιν
1005 3727 1153 3796 ίχθύς
1173 3743 1187 3757 ο
1229 3727 1322 3781 καὶ
1366 3728 1541 3781 πάντα
1570 3729 1604 3782 ἀ
1632 3731 1818 3783 διαπο-

317 3818 534 3887 ρεύεται
593 3818 809 3887 τρίϐους
837 3818 1126 3885 θαλάσσης,
1183 3818 1258 3878 ὡς
1296 3814 1433 3872 εἶναι
1469 3826 1517 3885 γ’
1578 3822 1816 3890 τάγένη,

319 3910 541 3976 πετεινά
555 3909 616 3960 οὐ
626 3907 803 3977 ρανοῦ,
824 3907 1009 3976 ίχθύας
1027 3909 1318 3979 θαλάσσης,
1338 3912 1433 3962 καὶ
1456 3910 1553 3964 ὅσα
1570 3912 1711 3964 τῶν“’
1735 3914 1790 3965 at}
1805 3942 1820 3954 -

318 3998 465 4064 δρων
508 3999 618 4057 τοῖς
651 3996 862 4064 ἰχθύσιν
895 3996 1349 4065 ἀντιστελλόμενα
1408 3996 1817 4068 διαπορεύονται

310 4091 405 4138 καί
440 4086 578 4138 αὐτὰ
632 4088 730 4147 τὰς
792 4086 1011 4155 τρίδους
1054 4086 1349 4153 θαλάσσης.

827 4174 1063 4229 κΑΝοΝ
1099 4177 1212 4242 te".
1474 4230 1477 4231 ,

256 4267 316 4317 '0
356 4267 411 4319 at
433 4267 665 4331 Νααμάν
692 4267 812 4333 οὐχὶ
859 4268 1032 4334 μέγας
1070 4268 1218 4337 παρὰ
1254 4268 1462 4338 Κυρίῳ,
1499 4270 1633 4323 ἀλλά
1673 4271 1805 4339 παρ’

312 4356 464 4424 αὑτῷ
513 4357 686 4426 κυρίῳ
726 4355 923 4408 αὑτοῦ·
996 4357 1264 4417 τουτέστι,
1326 4358 1433 4410 τῶν
1489 4360 1808 4429 παραδυνα-

1948 766 2274 828 pauperibus
2304 768 2582 838 largiatur,
2623 778 3033 847 haudquaquam
3071 786 3318 850 impediri
3359 804 3511 841 asse-

1945 851 2038 913 rit,
2070 858 2356 919 quaminus
2389 862 2437 912 in
2470 878 2683 917 sacrum
2715 872 2958 922 ordinem
2986 879 3291 938 promoveri
3319 880 3506 943 possit.

2012 942 2239 999 ARIST.
2267 946 2365 1011 Qui
2399 967 2589 1006 usuras
2614 958 2833 1026 accipit.
2867 974 3144 1016 correctus
3174 966 3226 1017 in
3261 942 3511 1021 sacerdo-

1945 1030 2075 1083 tium
2105 1034 2429 1093 admittitur.

2009 1119 2181 1189 Hujus
2213 1135 2391 1180 autem
2421 1136 2688 1189 correctio
2722 1137 2837 1191 haec
2900 1148 3005 1201 est.
3034 1151 3094 1194 ut
3138 1143 3193 1195 in
3243 1160 3509 1213 pauperes

1939 1215 2208 1279 expendat
2235 1216 2494 1284 injustunt
2530 1223 2738 1277 lucrmn
2787 1244 2853 1280 cx
2894 1234 3079 1286 usuris
3110 1236 3423 1296 collectum,
3456 1244 3510 1288 ct

1938 1301 2258 1367 proﬁteatur
2299 1322 2359 1360 se
2385 1312 2615 1376 posthac
2651 1315 2703 1367 in
2735 1316 3042 1373 istiusmodi
3077 1324 3318 1376 avaritiae
3362 1340 3509 1377 mor-

1938 1393 2060 1445 bum
2090 1409 2195 1447 nun
2227 1397 2487 1453 indicere.

2537 1493 2765 1548 CANON
2796 1495 2911 1550 XV.

1933 1573 2191 1631 Admiror
2226 1592 2406 1636 autem
2438 1596 2583 1635 tuam
2619 1586 2902 1641 Iitteralem
2937 1590 2989 1642 in
3023 1591 3289 1659 scriptura
3328 1598 3503 1651 subti-

2002 1666 2235 1731 litatem,
2270 1674 2361 1739 qui
2414 1675 2674 1740 postules,
2724 1685 2781 1731 et
2835 1690 3049 1746 reputes
3099 1694 3342 1739 coactam
3378 1702 3501 1742 e~so

2004 1756 2300 1814 dictionem
2332 1804 2347 1825 ,
2396 1774 2581 1831 utpote
2636 1767 3082 1836 interpretatione
3113 1812 3127 1836 ,
3170 1781 3311 1841 quod
3364 1792 3393 1828 a
3443 1794 3503 1833 se

2004 1846 2143 1902 bene
2170 1850 2523 1917 signiﬁcatur,
2560 1859 2920 1923 exprimente,
2975 1876 3082 1913 non
3121 1867 3265 1931 quod
3296 1880 3323 1917 a
3372 1884 3503 1923 voce

2006 1934 2226 1991 Hebraea
2300 1947 2510 2010 proprie
2554 1946 2839 2000 denatatur
2914 1950 3297 2008 transferente.
3359 1956 3496 2022 Quia

2003 2033 2182 2082 autem
2214 2043 2424 2100 Oportet
2455 2039 2832 2104 qumtionem,
2864 2056 2982 2107 qua
3022 2058 3048 2095 a
3082 2046 3194 2096 viro
3222 2050 3498 2113 quaerendi

1999 2121 2245 2172 studioso
2272 2124 2438 2188 posita
2465 2135 2564 2185 est,
2622 2141 2726 2179 non
2765 2130 2937 2184 Otiose
2978 2134 3258 2197 praeterire
3291 2152 3305 2192 ;
3350 2139 3499 2189 volu-

2000 2221 2119 2262 eres
2142 2211 2297 2273 creli,
2332 2222 2386 2264 et
2412 2214 2585 2279 pisces
2608 2219 2793 2281 maris,
2822 2220 2982 2272 etiam
3026 2221 3075 2273 in
3112 2225 3292 2275 mundi
3350 2240 3501 2278 crea-

2002 2298 2145 2352 tione
2173 2303 2417 2355 eamdem
2444 2308 2847 2367 generationem
2904 2312 3079 2363 sortiti
3138 2324 3285 2367 suut.
3322 2316 3495 2368 Ambn

2000 2386 2143 2438 enim
2177 2404 2373 2454 genera
2405 2406 2469 2444 ex
2498 2394 2654 2459 aquis
2679 2393 2936 2461 producta
2991 2410 3138 2452 sunt.
3178 2400 3349 2453 Causa
3396 2418 3497 2453 au-

2001 2486 2129 2541 tem,
2160 2484 2302 2545 quod
2356 2484 2597 2551 utrisque
2674 2486 2861 2538 eadem
2918 2499 3000 2541 est.
3058 2494 3374 2557 proprietas.
3431 2494 3499 2547 lli

1998 2580 2173 2621 autem
2196 2586 2291 2637 per
2321 2587 2465 2625 mare
2490 2584 2699 2639 natant,
2727 2575 2800 2629 illi
2824 2592 2951 2631 vero
2972 2590 3327 2646 supernatant
3359 2584 3494 2638 aeri.

2014 2656 2300 2725 Propterea
2331 2677 2459 2725 ergo
2490 2678 2673 2717 eorum
2704 2669 3061 2721 communiter
3096 2672 3356 2724 meminit.
3407 2671 3497 2725 Fi-

1998 2762 2127 2815 gura
2163 2759 2343 2803 autem
2380 2753 2664 2815 orationis,
2695 2765 2751 2807 ut
2784 2757 2848 2807 ad
2880 2760 3054 2822 pisces
3089 2760 3329 2825 quidem,
3368 2775 3465 2827 pro
3481 2784 3517 2807 .-

1998 2838 2113 2904 prie
2150 2838 2355 2892 reddita
2396 2859 2409 2892 :
2450 2851 2507 2893 ut
2537 2853 2717 2895 autem
2748 2844 2813 2896 ad
2843 2846 3017 2897 omnia
3052 2861 3168 2912 qua:
3212 2849 3410 2916 degunt
3438 2850 3494 2901 in

1992 2928 2166 2993 aquis,
2194 2932 2413 2983 omnino
2443 2933 2603 2984 etiam
2636 2944 2783 2999 apte.
2833 2934 2962 2986 Nam
2992 2947 3047 2989 et
3087 2938 3333 2994 νοῑυιτεε
3368 2942 3491 2993 cceli

1994 3014 2195 3069 homini
2257 3019 2481 3087 subjecti
2540 3030 2666 3073 sunt
2712 3033 2766 3074 et
2812 3024 2988 3090 pisces
3034 3027 3223 3090 maris,
3278 3036 3332 3079 et
3391 3043 3497 3080 non

1999 3107 2103 3175 72
2136 3109 2232 3176 ipsi
2262 3111 2459 3173 solum,
2491 3114 2583 3165 sed
2609 3123 2663 3165 et
2699 3115 2880 3167 omnia
2910 3130 3030 3182 quae
3066 3118 3230 3170 maris
3274 3119 3498 3173 semitas

1993 3202 2366 3266 perambulant
2394 3203 2438 3255 ⁸.
2465 3201 2580 3256 Non
2604 3204 2748 3257 enim
2771 3205 2813 3257 si
2840 3205 2965 3273 quid
2999 3216 3082 3258 est
3132 3208 3385 3273 aquatile,
3417 3222 3500 3267 est

1992 3288 2155 3341 etiam
2192 3291 2375 3356 piscis,
2411 3302 2469 3343 ut
2495 3304 2619 3344 sunt
2647 3303 2783 3356 cete,
2818 3293 3057 3357 balenae,
3102 3306 3156 3349 et
3190 3302 3497 3365 lygcnam-t

1994 3378 2293 3445 delphines,
2324 3390 2376 3433 et
2412 3382 2616 3449 phocae,
2643 3392 2697 3436 et
2724 3393 2982 3450 pra-terea
3037 3386 3183 3452 equi,
3220 3395 3272 3438 et
3310 3402 3494 3449 canes.

1993 3475 2046 3518 et
2078 3481 2263 3529 serra,
2298 3480 2353 3523 et
2381 3469 2563 3535 gladii,
2598 3480 2651 3524 et
2682 3472 2841 3526 boves
2865 3474 3057 3526 marini
3091 3492 3104 3527 :
3134 3477 3177 3527 si
3207 3476 3285 3528 vis
3312 3485 3492 3529 autem

1996 3555 2158 3607 etiam
2216 3556 2420 3618 urtica,
2469 3565 2524 3610 et
2584 3558 2846 3624 pectines,
2889 3566 2943 3612 et
3004 3559 3181 3611 omnia
3222 3567 3484 3617 testacea.

2003 3660 2229 3713 quorum
2269 3646 2470 3699 nullum
2499 3657 2583 3701 est
2616 3647 2801 3715 piscis.
2852 3648 2916 3701 Et
2972 3648 3153 3700 omnia
3203 3663 3320 3714 qua
3379 3650 3493 3701 vius

1998 3738 2161 3788 maris
2189 3736 2582 3803 perambulant.
2614 3747 2668 3790 ιιι
2694 3739 2794 3789 sint
2825 3738 2925 3789 tria
2975 3752 3194 3806 genera,
3249 3740 3495 3792 volucrcs

1996 3825 2139 3886 cadi,
2196 3827 2369 3891 pisces
2431 3827 2615 3888 maris,
2678 3836 2725 3879 et
2778 3841 3107 3894 quaecunque
3154 3828 3405 3894 aquatilia
3464 3846 3491 3878 ιι

1993 3915 2230 3978 piscibus
2295 3912 2545 3965 distincta
2602 3914 2713 3981 ipsa
2783 3927 2992 3985 quoque
3044 3916 3209 3969 maris
3274 3916 3495 3969 semitas

1996 4002 2389 4072 perambulant.

2506 4180 2735 4235 CANON
2775 4179 2913 4234 XVI.

1925 4272 2163 4324 Naaman
2194 4282 2371 4324 autem
2420 4287 2528 4324 non
2560 4286 2783 4338 magnus
2839 4273 2976 4339 apud
3020 4272 3329 4333 Dominum,
3396 4272 3490 4326 sed

2008 4362 2149 4428 apud
2182 4362 2455 4415 dominum
2479 4376 2633 4413 suum
2670 4378 2682 4413 :
2719 4362 2819 4415 hoc
2865 4374 2967 4426 est,
3001 4379 3139 4416 unus
3164 4375 3277 4417 erat
3301 4379 3366 4416 ex
3399 4364 3490 4424 iis,

317 4447 614 4497 στευόιτων
664 4442 733 4514 ἧν
782 4446 859 4513 τῷ
894 4444 1106 4514 βασιλεῖ
1156 4446 1265 4498 τῶν
1323 4446 1529 4516 Σύρων.
1566 4450 1805 4539 Πρόσεχε
1850 4444 1890 4498 D

1850 4444 1890 4498 D
1996 4448 2087 4515 qui
2122 4464 2366 4517 magnam
2402 4450 2716 4501 obtinebant
2756 4461 3072 4517 potestatem
3122 4454 3259 4518 apud
3309 4465 3489 4519 regem

310 4530 405 4586 οὖν
438 4534 681 4602 ἀκριϐῶς
711 4538 777 4603 τῇ
810 4535 1031 4604 Γραφῇ,
1059 4536 1153 4587 καὶ
1190 4535 1415 4587 αὐτόθεν
1438 4537 1689 4606 εὑρήσεις
1713 4530 1811 4609 τήν

312 4624 470 4674 λύσιν
503 4624 596 4676 τοῦ
633 4625 969 4693 ζητήματος.

314 4715 510 4770 ΒΛΛΣ.
553 4717 615 4767 Ol
652 4717 917 4785 παρόντες
944 4716 1038 4768 δύο
1076 4717 1298 4779 κανόνες
1327 4720 1354 4769 ὁ
1381 4725 1442 4770 ιε’
1468 4720 1559 4771 καὶ
1584 4720 1611 4772 δ
1636 4719 1713 4783 ις’
1734 4721 1810 4790 μή

242 4804 556 4871 ποιούμενοι
586 4806 875 4875 κανονικήν
906 4806 1088 4875 κοινὴν
1123 4808 1435 4876 οἱανδήτινα
1484 4811 1805 4878 παράδοσιν,

239 4896 357 4947 ἀλλ’
389 4896 686 4963 ἑρμηνείαν
715 4896 997 4964 γραφικῶν
1018 4897 1299 4966 ῥημάτων,
1336 4898 1435 4951 οὐκ
1464 4898 1811 4968 ἑξηγήθησαν

237 4986 373 5055 παρ’
390 4988 569 5054 ήμῶν,
588 4987 661 5049 ὼς
692 4988 824 5055 μηδι
858 4988 1207 5057 προθεμένων
1228 4990 1472 5058 γραφικά
1490 4990 1811 5060 ἑρμηνεύειν

242 5078 490 5147 ῥήματα,
531 5076 665 5127 ἀλλά
693 5077 953 5129 κανονικά
987 5078 1082 5129 καὶ
1124 5080 1321 5147 νομικά
1352 5080 1807 5149 παραγγέλματα.

309 5166 559 5219 ΖΩΝΔΡ.
593 5167 671 5219 Τὸ
723 5168 821 5235 μὶν
853 5166 1115 5238 ἐρώτημα
1176 5166 1363 5236 σαφῶς
1409 5168 1469 5219 ού
1532 5168 1803 5237 δηλοῦται,

241 5259 390 5310 ἔοικε
442 5257 498 5307 δὲ
558 5257 665 5309 ἀπὸ
703 5258 801 5324 τῆς
854 5258 1201 5327 ἀποκρίσεως
1244 5258 1337 5310 τοῦ
1375 5260 1610 5326 μεγάλου
1647 5261 1807 5315 Βασι-

239 5342 387 5394 Αείου
414 5340 654 5393 τοιοῦτον
678 5338 841 5393 εἶναι.
881 5342 1004 5393 Ὀτι
1042 5342 1155 5403 πῶς
1216 5343 1326 5394 τῶν
1386 5344 1656 5395 πετεινῶν
1707 5345 1805 5398 τοῦ

238 5432 473 5499 οὐρανοῦ
507 5433 731 5483 καὶτῶν
768 5432 967 5499 ἰχθύων
991 5432 1090 5500 τῆς
1135 5432 1413 5504 θαλάσσης
1464 5434 1626 5486 Δαόὶδ
1672 5435 1806 5504 ὁμοῦ

236 5524 509 5593 ἐμνήσθη,
542 5525 636 5575 καὶ
664 5518 816 5583 αὖθις
851 5526 953 5593 ἔφη
987 5541 1002 5558 ο
1055 5524 1129 5579 Τὰ
1163 5524 1643 5594 διαπορευόμενα
1693 5529 1811 5594 τρί-

308 5700 327 5732 ¹
386 5698 536 5754 Psal.
566 5715 681 5762 vnt.
707 5703 760 5757 9.

1991 4536 2248 4606 Syrorum
2286 4555 2299 4590 :
2335 4535 2625 4606 Scriptura:
2658 4554 2785 4605 ergo
2815 4541 3095 4607 diligenter
3132 4553 3362 4593 mentem
3400 4542 3495 4593 ad-

1989 4625 2135 4691 hibe,
2160 4634 2211 4677 et
2243 4626 2485 4678 invenies
2517 4627 2641 4679 hinc
2666 4627 2978 4681 solutionem
3011 4629 3341 4695 quaestionis.

1993 4715 2185 4767 BALS.
2220 4714 2518 4768 Praesentcs
2543 4718 2646 4767 duo
2675 4731 2907 4771 canones
2939 4718 3005 4771 l5
3033 4728 3084 4770 et
3114 4718 3176 4771 l6
3207 4736 3329 4772 cum
3366 4720 3491 4773 ttul-

1918 4805 2022 4858 lam
2055 4806 2366 4859 canonicam
2396 4816 2451 4859 et
2481 4821 2817 4860 communem
2871 4807 3066 4861 faciant
3119 4811 3485 4876 traditioitem,

1913 4896 2006 4950 sed
2040 4895 2337 4963 Scriptura
2370 4906 2581 4950 tantum
2617 4897 2757 4949 dicta
2805 4900 3093 4966 explicent.
3150 4914 3254 4952 non
3292 4912 3416 4955 sunt
3452 4918 3480 4956 a

1912 4985 2067 5040 nobis
2102 4986 2435 5053 interpretati
2470 5003 2483 5038 :
2524 4988 2687 5054 utqui
2710 4984 3002 5055 Scriptura:
3044 4990 3183 5041 dicta
3214 4992 3485 5058 esplicare

1910 5091 2015 5130 nou
2052 5076 2418 5138 statuerimus,
2454 5076 2546 5130 sed
2570 5078 2825 5129 canonica
2873 5086 2925 5131 et
2977 5078 3159 5145 legalia
3194 5094 3479 5149 pra-cepta.

1988 5164 2244 5221 ZONAR.
2282 5167 2332 5218 in
2357 5181 2477 5221 can.
2524 5168 2609 5221 l5.
2663 5170 3013 5239 ltttcrrngaliu
3040 5174 3255 5237 quidem
3298 5187 3482 5240 aperte

1912 5274 2015 5310 non
2049 5256 2390 5322 explicatur:
2422 5256 2633 5309 videtur
2676 5270 2878 5321 autem,
2910 5272 3175 5326 quantum
3208 5280 3268 5316 ex
3300 5267 3476 5332 magni

1912 5345 2093 5398 Basilii
2131 5346 2487 5413 responsione
2523 5346 2775 5415 colligere
2834 5348 2981 5411 licet,
3030 5352 3293 5418 ejusmodi
3338 5368 3477 5406 essc.

1912 5436 2155 5501 Quonam
2223 5438 2384 5489 modo
2434 5437 2706 5490 volucrum
2757 5438 2877 5491 cozli
2934 5449 2984 5493 et
3035 5441 3258 5508 piscium
3317 5445 3481 5497 maris

1913 5525 2083 5579 David
2122 5526 2277 5579 simul
2312 5526 2639 5593 meminerit,
2666 5543 2987 5584 rursumoue
3015 5531 3319 5601 subjungut,
3350 5534 3480 5598 Qua
