4224 6446
687 379 796 442 ειτι

1911 356 2195 418 ἹῊΕΟΙ).
2239 353 2641 413 BALSAMON

3872 348 3984 409 οη

695 485 1075 558 perambulat“
1146 481 1366 536 sentite:
1431 476 1641 531 maris?
1698 472 2113 541 Supervacanea
2205 467 2327 523 si-i

2392 464 2544 526 ὅους
2577 460 2928 515 θαλασσῶν.
2958 461 3118 513 Δοκεῖ
3153 458 3263 527 γὰρ
3290 456 3510 512 κατὰτὸ
3565 456 3824 529 περισσὸν
3849 460 3985 510 ἑπα-

687 579 905 646 quidem
935 576 1049 629 hate
1081 572 1291 626 additio
1319 569 1533 623 videtur
1572 565 1760 620 fuisse.
1796 565 1874 615 Ad
1925 561 2053 613 illud
2112 558 2279 627 igitur

686 669 828 738 quod
862 666 1024 722 simul
1059 665 1240 719 avium
1285 662 1623 731 pisciumque
1680 653 2010 714 meminerit,
2054 664 2279 716 respon-

688 761 801 822 det,
864 768 1096 822 utraque
1147 766 1213 805 ex
1247 753 1404 819 aquis
1452 750 1713 817 producta
1771 742 1961 806 fuisse,
2020 739 2279 806 illineque

687 860 866 903 ortum
903 846 1195 906 habuisse;
1229 842 1496 910 facileque
1534 842 1585 893 id
1641 849 1931 906 apparere.
1989 840 2276 901 propterea

686 941 828 1005 quod
859 937 1169 989 volucribus
1204 934 1409 1002 pariter
1439 940 1494 984 et
1528 931 1768 996 piscibus
1802 927 1988 978 eadem
2020 922 2265 992 proprie-

690 1043 773 1085 tas
829 1029 979 1082 insit.
1031 1028 1219 1082 Pisces
1279 1037 1471 1089 nempe
1526 1020 1684 1088 aquis
1725 1020 1994 1078 innatant,
2027 1016 2278 1066 volucres

686 1135 818 1174 vero
847 1125 1201 1188 supernatant
1233 1115 1379 1176 aeri;
1414 1126 1478 1164 ac
1514 1111 1585 1162 illi
1619 1108 1833 1176 quidem
1885 1113 2031 1157 motu
2069 1104 2275 1154 atarum

688 1224 901 1272 natant.
941 1210 1110 1262 cauda
1140 1222 1264 1259 vero
1297 1217 1547 1269 tanquam
1586 1196 1957 1268 gubernaculo
2004 1201 2275 1247 utuntur:

688 1303 937 1355 volucres
972 1310 1151 1352 autem
1184 1297 1376 1349 eodem
1439 1293 1600 1345 modo
1646 1290 1746 1342 alis
1800 1288 2017 1347 quidem
2067 1285 2274 1347 volant,

688 1394 916 1445 caudam
950 1405 1077 1444 vero
1129 1389 1192 1440 ad
1235 1385 1619 1439 conversiones
1666 1394 1729 1431 ac
1788 1380 2027 1430 directos
2087 1389 2277 1426 cursus

688 1485 968 1537 adhibent.
1028 1482 1179 1546 Quod
1242 1487 1422 1529 autem
1473 1488 1579 1526 non
1642 1481 2049 1539 Supervacaneo
2115 1478 2277 1532 porro

689 1577 886 1629 dixerit
923 1574 1231 1633 Psalmista,
1280 1569 1456 1637 pisces
1498 1575 1551 1618 et
1592 1578 1711 1631 qua:
1757 1558 2129 1629 perambulaut
2188 1570 2277 1608 se-

689 1669 851 1723 mitas
885 1667 1075 1725 maris.
1104 1662 1416 1729 respondet,
1448 1672 1557 1711 non
1585 1654 1786 1715 omnia,
1818 1664 1935 1718 quae
1977 1649 2079 1701 sub
2119 1647 2275 1714 aquis

688 1760 908 1828 (legunt,
970 1757 1197 1825 piscium
1245 1752 1462 1805 nomine
1513 1745 1833 1814 signiticari,
1888 1755 2064 1810 neque
2128 1738 2272 1791 enim

688 1860 804 1903 cete
855 1850 1028 1915 pisces
1086 1845 1465 1901 nominantur,
1532 1851 1704 1903 neque
1750 1844 2007 1894 testacea,
2062 1841 2116 1884 et
2170 1830 2274 1879 alia

688 1940 956 2005 quantum,
997 1936 1153 1987 veluti
1186 1933 1367 1998 sepire,
1404 1927 1718 1996 polypodes.
1767 1932 1820 1976 et
1879 1923 2025 1975 hisce
2070 1918 2271 1971 aﬂiuia.

692 2031 762 2085 L't
791 2030 1015 2099 proinde
1047 2028 1145 2079 tria
1193 2026 1299 2076 sint
1336 2036 1555 2088 genera,
1583 2016 1841 2075 volatilia,
1892 2024 1946 2065 et
1998 2012 2193 2079 pisces,
2224 2018 2275 2060 et

687 2132 1020 2188 qua-cunque
1051 2113 1302 2179 aquatilia
1337 2110 1551 2176 quidem
1586 2122 1706 2160 cum
1758 2107 1889 2167 sint,
1930 2116 2039 2155 non
2084 2112 2269 2152 tamen

686 2209 914 2278 piscium
944 2204 1126 2269 generi
1164 2204 1615 2253 adnumerantur.

762 2299 993 2354 ZONAR
1050 2298 1101 2347 in
1158 2311 1281 2347 can.
1322 2294 1407 2344 16.
1464 2290 1830 2353 Interrogatus
1895 2296 1977 2339 est
2029 2295 2272 2347 sanctus,

688 2393 963 2465 quomodo
995 2391 1137 2443 diestt
1176 2388 1454 2454 Scriptura
1494 2382 1761 2440 Naaman,
1806 2378 1973 2429 fuisse
2022 2389 2273 2443 magnum

693 2485 833 2552 apud
869 2483 1144 2535 dontinuut
1177 2496 1191 2533 :
1225 2487 1277 2531 et
1313 2476 1462 2535 dixit,
1503 2489 1605 2525 non
1659 2470 1824 2522 fuisse
1886 2466 2121 2518 Naamau
2164 2478 2275 2515 ma-

688 2592 852 2645 gnum
882 2575 1021 2640 apud
1056 2572 1245 2629 Deum.
1282 2569 1376 2620 sed
1423 2567 1563 2632 apud
1611 2562 1889 2614 dominum
1927 2572 2106 2617 suum,
2139 2556 2271 2619 sive,

692 2668 862 2720 fuisse
890 2679 1053 2716 uuttm
1086 2678 1149 2713 ex
1185 2657 1543 2712 familiaribus
1596 2654 1734 2721 ejus,
1786 2659 1839 2703 et
1883 2650 1974 2717 qui
2025 2662 2273 2714 magnam

689 2744 829 2825 apud
856 2772 976 2809 cum
1018 2761 1337 2821 potestatem
1370 2745 1707 2802 obtinebant.

761 2845 989 2901 ABIST.
1022 2843 1157 2898 Can.
1186 2842 1271 2894 15.
1302 2838 1561 2892 Volucres
1608 2837 1728 2890 cmli
1774 2843 1828 2886 et
1880 2833 2054 2900 pisces
2108 2828 2274 2881 maris

690 2937 974 3004 Scriptura
1011 2935 1169 2988 simul
1203 2932 1388 2991 refert,
1440 2939 1723 2997 prepterea
1751 2927 1891 2993 quod
1924 2933 2274 2984 utrorumque

688 3038 841 3083 ortus
893 3043 955 3079 ex
1011 3026 1141 3077 mari
1188 3024 1278 3076 sit.
1315 3022 1537 3074 Addidit
1570 3036 1720 3080 vero,
1776 3031 1890 3084 quae
1935 3030 2026 3077 per
2057 3013 2272 3065 semitas

690 3122 917 3172 marium
972 3124 1268 3174 transeunt,
1326 3122 1546 3181 propter
1588 3122 1836 3171 cctarea,
1892 3116 1944 3158 et
2011 3115 2267 3166 teSIacea,

690 3225 921 3279 quorum
954 3209 1156 3260 nullum
1189 3214 1271 3258 est
1310 3207 1494 3273 piscis.

762 3298 988 3352 ΑἰὶΙδΤ.
1025 3297 1156 3351 Can.
1201 3296 1285 3349 16.
1324 3294 1563 3347 Naaman
1620 3306 1847 3357 magnus
1900 3288 2041 3359 apud
2092 3284 2270 3340 donti-

693 3404 819 3441 num
861 3405 873 3441 :
915 3402 1019 3439 non
1062 3387 1251 3445 Deum,
1283 3384 1376 3437 sed
1405 3383 1681 3435 dominum
1720 3395 1897 3433 suum.

764 3480 817 3531 lu
843 3479 991 3531 hisce
1024 3476 1234 3527 duobus
1262 3475 1551 3541 capitibus,
1585 3486 1774 3536 nempe
1807 3468 1870 3520 15
1917 3476 1969 3519 et
2015 3465 2081 3518 l6
2125 3462 2268 3516 nulla

690 3581 775 3627 est
806 3569 1204 3635 interpretatio,
1256 3565 1514 3633 quoniam
1549 3564 1650 3613 ista
1702 3570 1830 3613 sunt
1873 3560 2053 3628 potius
2078 3557 2270 3619 [inter-

694 3661 1026 3731 pretatioues
1059 3657 1355 3724 Scriptura:
1393 3656 1688 3707 verborum
1748 3667 1774 3701 a
1830 3658 2018 3702 sancto
2048 3645 2275 3714 Amphi—

695 3755 873 3806 locltio
922 3751 1121 3804 Basilio
1171 3762 1365 3814 magno
1420 3746 1765 3797 emissurum.
1824 3742 1902 3792 Ad
1952 3738 2276 3807 qua'stioues

695 3838 841 3892 enim
868 3838 932 3889 de
958 3836 1155 3903 quibus
1181 3836 1266 3886 ille
1301 3832 1588 3894 haesitavit,
1617 3842 1936 3896 responsum
1966 3826 2135 3879 dedit.

714 4099 1115 4116 —-—-——-—-—~—-—

1842 4213 2189 4344 ΤΟΥ
2268 4204 2843 4337 ΑΥΤΟΥ

2389 555 2707 623 γαγεῖντὴν
2734 552 3059 623 προσθήκην
3105 552 3334 621 ταύτην.
3412 552 3555 620 Πρὸς
3606 552 3705 619 μὲν
3763 544 3859 601 οὖν
3921 548 3984 600 τὸ

2380 647 2520 715 ὁμοῦ
2556 645 2864 715 μνησθῆναι
2893 643 3002 695 τῶν
3034 643 3297 696 πετεινῶν
3339 642 3432 695 καὶ
3462 643 3569 697 τῶν
3628 641 3834 710 ἰχθύων
3870 656 3977 707 φη-

2384 742 2469 792 σιν
2492 739 2574 791 δτι
2598 738 2693 790 καὶ
2724 738 2891 805 ἄμφω
2917 737 2982 788 ὲκ
3013 735 3122 788 τῶν
3176 735 3386 788 ὑδάτων
3438 735 3829 804 παρήχθησαν,
3886 733 3984 784 καὶ

2381 829 2592 880 ἐκεῖθεν
2625 828 2784 896 ἔσχον
2822 826 2921 896 τήν
2950 827 3169 893 γένεσιν
3199 844 3211 856 ·
3248 827 3341 878 καὶ
3380 825 3543 877 τοῦτο
3593 825 3753 892 δῆλον
3782 826 3848 876 ὲκ
3882 818 3983 875 τοῦ

2385 920 2446 972 τὸ
2474 920 2609 971 αὐτὸ
2644 920 2842 986 ἰδίωμα
2869 919 2961 970 καὶ
3003 920 3119 979 τοῖς
3154 920 3424 979 πετεινοῖς
3475 918 3571 969 καὶ
3620 920 3733 979 τοῖς
3796 918 3981 985 ἰχθύσι

2383 1015 2696 1081 προσεῖναι.
2728 1012 2791 1063 Οἱ
2827 1011 2927 1079 μὲν
2958 1010 3066 1080 γὰρ
3089 1010 3272 1079 ἰχθύες
3303 1012 3622 1079 ἐννήχονται
3652 1010 3763 1069 τοῖς
3798 1008 3980 1070 ὕδασι,

2383 1105 2453 1157 τὰ
2486 1106 2543 1157 δὲ
2581 1104 2805 1156 πετεινὰ
2832 1104 3183 1171 ἐπινήχονται
3205 1104 3299 1154 τὸν
3331 1103 3500 1169 ἁὲρα’
3537 1100 3632 1151 καὶ
3658 1101 3708 1149 οἰ
3750 1100 3855 1166 μὲν
3913 1103 3979 1168 τῇ

2381 1198 2597 1265 κινήσει
2630 1195 2741 1247 τῶν
2790 1195 3008 1264 πτερῶν
3066 1196 3349 1263 νήχονται,
3397 1192 3474 1259 τῷ
3528 1191 3585 1243 δὲ
3626 1190 3844 1257 οὐραίῳ
3901 1190 3983 1249 εἰς

2381 1290 2709 1358 κυϐέρνησιν
2746 1288 3049 1356 κέχρηνται
3072 1302 3088 1319 ο
3121 1287 3190 1338 τὰ
3247 1286 3471 1337 πετεινὰ
3509 1284 3565 1335 δὲ
3596 1282 3819 1351 ὁμοίιος,
3866 1284 3980 1341 τοῖς

2385 1381 2482 1448 μὲν
2515 1381 2738 1446 πτεροῖς
2790 1380 3070 1441 πέτονται,
3107 1378 3173 1446 τῇ
3204 1375 3260 1428 δὲ
3312 1375 3449 1443 οὐρᾷ
3501 1374 3640 1442 πρὸς
3683 1373 3783 1433 τὰς
3819 1388 3979 1439 περι-

2382 1472 2621 1541 στροφὰς
2647 1472 2911 1539 χρῶνται,
2974 1471 3067 1523 καὶ
3100 1470 3199 1531 τὰς
3254 1469 3500 1534 κινήσεις
3552 1465 3652 1527 τὰς
3714 1458 3976 1514 κατευθύ.

2382 1563 2527 1631 Πρὸς
2559 1563 2615 1615 δὲ
2678 1563 2740 1615 τὸ
2806 1562 2883 1630 μὴ
2937 1562 3237 1630 παρέργως
3281 1559 3459 1610 εἰπεῖν
3516 1555 3612 1608 τὸν
3658 1554 3977 1623 ψαλμῳᾶὸν,

2378 1655 2524 1719 τοὺς
2556 1654 2768 1722 ἰχθύας
2787 1654 2886 1706 καί
2942 1653 3014 1706 τὰ
3066 1651 3543 1717 διαπορευόμενα
3585 1647 3829 1713 τρίϐους
3874 1648 3979 1697 θα-

2378 1745 2659 1811 λασσὼν,
2697 1747 2803 1813 ἔφη
2838 1746 3047 1813 ὄτιούχ
3102 1745 3204 1797 ὅσα
3272 1743 3493 1811 ἔνυδρα,
3545 1741 3730 1791 πάντα
3792 1734 3977 1805 ἰχθύες

2378 1842 2661 1905 λέγονται.
2700 1839 2829 1891 οὔτε
2868 1838 2977 1908 γὰρ
3014 1841 3082 1891 τὰ
3118 1836 3335 1906 κητώδη
3376 1835 3559 1904 ἰχθύες
3594 1831 3979 1899 ὀνομάζονται,

2377 1932 2501 1983 οὔτε
2533 1930 2604 1982 τὰ
2651 1933 3096 2001 ὀστρακόδερμα,
3125 1933 3219 1981 καὶ
3249 1928 3386 1980 ἄλλα
3427 1926 3570 1985 τινὰ,
3604 1918 3717 1975 οἷον
3751 1921 3976 1990 σηπίαι.

2377 2025 2472 2074 καὶ
2504 2022 2828 2083 πολύποδες,
2854 2022 2949 2074 καὶ
2996 2022 3063 2074 τὰ
3091 2021 3305 2081 τούτοις
3336 2017 3600 2086 ὁμογενῆ.
3642 2014 3809 2066 ’Ὥστε
3846 2012 3978 2079 τρία

2376 2108 2517 2165 εἶναι
2548 2112 2705 2179 γένη,
2734 2110 2981 2171 πετεινὰ,
3009 2112 3102 2161 καὶ
3140 2110 3352 2179 ἰχθύας,
3382 2110 3474 2160 καὶ
3498 2108 3599 2160 ὅσα
3627 2104 3825 2172 ἔνυδρα
3849 2102 3975 2171 μὲν.

2381 2204 2459 2272 τῷ
2493 2203 2640 2268 γένει
2673 2202 2727 2254 δὲ
2757 2201 2867 2252 τῶν
2902 2200 3102 2269 ἰχθύων
3131 2202 3190 2251 οὑ
3235 2198 3691 2267 συνηρίθμηνται.

2445 2296 2691 2348 ΖΩΝΑΡ.
2735 2292 3027 2362 Ἦρωτήθη
3057 2295 3084 2345 δ
3110 2294 3263 2359 ἅγιος
3299 2293 3392 2343 καὶ
3435 2290 3555 2351 πῶς
3595 2290 3628 2357 ή
3660 2285 3858 2354 Γραφὴ
3888 2283 3981 2335 λέ-

2379 2405 2460 2455 γει
2488 2390 2577 2440 τδν
2605 2388 2842 2454 Νααμὰν
2878 2387 3055 2454 μέγαν
3086 2386 3236 2455 παρὰ
3280 2382 3490 2453 κυρίῳ·
3528 2380 3626 2433 καὶ
3679 2377 3839 2430 εἶπεν
3894 2377 3979 2435 ὡς

2374 2480 2435 2531 ού
2465 2478 2617 2547 παρὰ
2644 2478 2721 2544 τῷ
2754 2476 2871 2545 Θεῷ
2905 2478 3079 2543 μέγας
3110 2469 3177 2543 ἦν
3205 2475 3233 2525 ὁ
3268 2472 3511 2539 Νεεμὰν,
3546 2468 3683 2522 ἀλλὰ
3708 2467 3863 2536 παρὰ
3896 2466 3981 2532 τῷ

2375 2572 2549 2639 κυρίῳ
2611 2570 2776 2623 αὐτοῦ
2799 2584 2815 2599 ·
2845 2569 3013 2638 ἦγουν
3049 2567 3159 2621 τῶν
3192 2566 3558 2635 ᾠκειωμένων
3605 2562 3831 2629 ἐκείνῳ,
3880 2557 3981 2610 καὶ

2380 2665 2551 2717 πολλὰ
2586 2663 2717 2731 παρ’
2762 2662 2959 2731 ἐκείνῳ
2990 2661 3334 2729 δυναμένων.

2444 2845 2662 2897 Δι’ῚΣΤ.
2696 2846 2835 2895 Καν.
2862 2841 2942 2894 ιε’.
2977 2841 3058 2892 Τα
3085 2836 3307 2891 πετεινὰ
3338 2834 3429 2886 τοῦ
3453 2831 3685 2901 οὐρανοῦ
3718 2828 3817 2880 καὶ
3847 2826 3979 2885 τοὺς

2377 2936 2565 3003 ἰχθύας
2595 2936 2691 2999 τῆς
2720 2934 2999 3000 θαλάσσης
3031 2930 3146 2998 ἅμα
3167 2925 3319 2982 εἶπεν
3354 2924 3603 2995 ήΓραφή
3623 2938 3639 2951 ο
3672 2922 3753 2972 ὅτι
3786 2922 3852 2970 ὲκ
3879 2917 3981 2967 θα-

2374 3026 2583 3093 λάσσης
2657 3023 2987 3093 ἀμφοτέρων
3038 3023 3071 3090 ή
3122 3020 3355 3086 γένεσις.
3430 3014 3709 3079 Ἐπήγαγε
3772 3009 3851 3068 δὲ,
3907 3006 3982 3057 τὰ

2297 3148 2343 3209 C
2373 3120 2851 3186 διαπορευόμενα
2886 3117 3124 3209 τρίϐους
3156 3107 3513 3166 θαλασσῶν,
3544 3106 3629 3158 διὰ
3652 3102 3721 3155 τὰ
3753 3101 3976 3171 κητώδη

2378 3212 2468 3263 καὶ
2508 3206 2939 3275 ὀστρακόδερμα,
2962 3196 3036 3256 ὧν
3082 3203 3231 3253 οὐδέν
3262 3202 3408 3251 ἔστιν
3441 3196 3611 3267 ἰχθύς.

2449 3299 2673 3353 ΑΡΙΣΤ.
2710 3300 2845 3349 Καν.
2884 3293 2980 3359 ις’.
3045 3292 3284 3359 Νααμὰν
3326 3290 3499 3359 μέγας
3533 3288 3685 3355 παρὰ
3743 3284 3822 3351 τῷ
3877 3298 3979 3332 κυ-

2380 3389 2501 3459 ρίῳ,
2550 3388 2611 3438 ού
2642 3386 2721 3453 τῷ
2751 3385 2891 3453 Θεῷ,
2922 3383 3056 3435 ἀλλὰ
3090 3381 3171 3449 τῷ
3202 3380 3374 3448 κυρίῳ
3403 3376 3589 3429 αὐτοῦ.

2469 3476 2558 3527 Ἐν
2589 3473 2799 3534 τούτοις
2849 3477 2961 3533 τοῖς
2992 3472 3114 3524 δυσὶ
3166 3467 3510 3538 κεφαλαίοις,
3548 3466 3717 3534 ήγουν
3774 3461 3859 3530 τῷ
3915 3478 3975 3511 ιε’

2380 3565 2478 3617 καὶ
2506 3562 2584 3631 τῷ
2612 3568 2697 3624 ις’
2730 3559 2999 3630 ἑρμηνεία
3046 3559 3145 3609 οὐκ
3174 3556 3314 3619 ἐστι,
3347 3554 3435 3607 διὰ
3472 3555 3534 3605 τὸ
3582 3548 3722 3603 εἶναι
3800 3545 3981 3599 ταῦτα.

2388 3654 2593 3723 μᾶλλον
2620 3652 2923 3721 ἑρμηνείας
2951 3647 3061 3701 τῶν
3094 3646 3523 3717 ἀπορῤηθέντων
3553 3640 3850 3710 γραφικῶν
3886 3640 3983 3706 ρη-

2388 3748 2576 3814 μάτων
2603 3742 2756 3813 παρὰ
2784 3740 2878 3793 τοῦ
2910 3741 3071 3808 ἁγίου
3107 3736 3465 3806 ’Δμφιλοχίου
3504 3733 3582 3801 τῷ
3620 3731 3849 3800 μεγάλῳ
3880 3730 3981 3777 Βε-

2276 3867 2280 3872 υ
2388 3836 2591 3904 σιλείῳ.
2620 3836 2762 3904 Πρὸς
2792 3832 2900 3901 γὰρ
2925 3832 2996 3884 τὰ
3016 3832 3331 3900 ζητήματα,
3362 3828 3397 3880 ἃ.
3419 3827 3549 3895 παρ’
3579 3822 3750 3877 αὑτοῦ
3784 3822 3982 3888 atquo--

2392 3932 2557 4000 ρεῖτο,
2594 3930 2833 3981 ἐποιεῖτο
2873 3924 2970 3978 καὶ
3002 3924 3105 3993 τὴν
3140 3923 3458 3991 ἀπόκρισιν.

2647 4062 3970 4093 ______________._.—_—————

1470 4419 1733 4502 ΠΕΡΙ
1829 4409 2377 4497 ΚΑΝΟΝΩΝ
2455 4402 3034 4493 ΕΠΙΣΤΟΛΗ
3112 4402 3213 4484 Β’.

2019 4575 2657 4774 EJUgDEM

1599 4855 2201 4948 CANONICA
2276 4850 2865 4941 EPISTOLA
2923 4850 3062 4939 Il.

1200 5085 1305 5155 73
1333 5081 1563 5136 casox
1596 5074 1771 5133 xm.

3006 5069 3046 5118 K
3060 5070 3095 5119 A
3107 5066 3248 5118 ΝΩΝ
3280 5061 3371 5117 IZ'.

786 5208 920 5261 Cum
972 5202 1176 5272 pridem
1224 5199 1289 5251 ad
1333 5194 1643 5264 propositas
1684 5190 1840 5243 nobis
1874 5205 1901 5239 :t
1954 5197 2043 5238 tua
2082 5188 2281 5252 pietate
2316 5188 2327 5239 Ι

2454 5174 2628 5227 Πάλαι
2674 5169 2809 5239 πρὸς
2862 5171 2962 5229 τὰς
3005 5168 3157 5235 παρὰ
3183 5164 3279 5232 τῆς
3311 5158 3599 5219 εὐλαϐείας
3630 5172 3725 5208 σου
3770 5170 3979 5222 προτα-

2389 5262 2410 5272 -
2457 5264 2467 5272 .
2743 5263 2752 5272 ι
2815 5262 2835 5272 -ι
2899 5260 2911 5272 ι
3052 5258 3063 5272 1
3224 5250 3657 5272 9,A__--__.L__-..--
3708 5244 3805 5272 -3...
3865 5245 3949 5272 L-

719 5298 1045 5367 qumstiones
1089 5288 1536 5357 respondissem;
1596 5296 1701 5333 non
1774 5278 1895 5330 misi
1962 5276 2227 5342 scriptum
2267 5311 2281 5332 ,

720 5391 915 5455 partim
971 5382 1186 5450 quidem
1238 5379 1397 5444 longo
1438 5383 1488 5427 et
1527 5372 1836 5440 periculoso
1871 5368 2061 5420 morlto
2091 5366 2284 5416 deten-

717 5489 828 5539 tus,
861 5475 1055 5543 partim
1096 5485 1224 5523 vero
1280 5475 1501 5534 propter
1552 5462 1835 5529 penuriam
1884 5458 2281 5509 ministrorum.

718 5566 881 5619 Pauci
926 5563 1069 5617 enim
1122 5558 1260 5629 apud
1303 5572 1422 5616 nos,
1479 5566 1529 5605 et
1570 5554 1665 5604 vite
1709 5552 1888 5619 periti,
1927 5557 1978 5600 et
2012 5546 2184 5615 parati
2222 5541 2287 5593 ad

1779 5640 1943 5707 gnilis
2011 5647 2287 5687 morarum

2393 5624 2521 5688 ἡμῖν
2564 5619 2658 5671 καὶ
2694 5617 2813 5669 ἐιδοῦ
2850 5615 3125 5684 ἔμπειροι,
3162 5613 3255 5664 καί¹
3283 5607 3795 5679 παρεσκευασμένοι
3840 5601 3981 5670 πρὸς

720 5654 989 5724 ejusmodi
1077 5646 1399 5701 ministeria.
1475 5644 1771 5707 Quarc,co

721 5747 926 5807 causis,
966 5745 1188 5812 ignosce
1216 5735 1671 5792 nobisAdmirati
1708 5743 1884 5787 autem
1915 5744 2104 5784 sumus
2137 5735 2289 5778 ttttttu

2386 5262 2569 5322 Οείσας
2732 5262 2864 5327 ἡμῖν
2896 5258 3191 5326 ἐρωτήσεις
3216 5250 3679 5321 ἀποκρινάμενος,
3706 5244 3807 5297 οὑκ
3864 5245 3979 5292 ἁπ-

2394 5353 2607 5404 έστει).α
2632 5352 2691 5401 τὸ
2724 5349 2977 5418 γράμμα,
3003 5345 3156 5396 τοῦτο
3187 5344 3283 5412 μὲν
3314 5341 3417 5392 ὑπὸ
3438 5341 3535 5409 τῆς
3558 5333 3983 5406 ἁρῤωστίαςτῆς

2392 5443 2607 5510 μακρᾶς
2659 5440 2750 5490 καὶ
2811 5435 3152 5488 ἐπικινδύνου
3190 5430 3530 5500 ἀσχοληθεὶς,
3586 5425 3744 5477 τοῦτο
3784 5422 3842 5472 δὲ
3869 5420 3984 5471 ὑπὸ

2389 5533 2487 5599 τῆς
2528 5530 2758 5599 ἀπορίας
2798 5526 2905 5576 τῶν
2938 5522 3382 5590 διακονουμένων.
3441 5518 3638 5584 Ὀλίγοι
3675 5512 3783 5580 γὰρ
3832 5510 3971 5574 παρ’

2393 5711 2488 5770 τὰς
2514 5709 2767 5769 τοιαύτας
2820 5705 3140 5775 ὑπηρεσίας.
3175 5703 3357 5767 Ὥστε,
3410 5696 3595 5770 μαθὼν
3644 5696 3741 5758 τὰς
3796 5697 3979 5753 αἰτίας
