4224 6446
232 422 335 483 MS

1144 422 1221 481 IN
1265 423 1502 481 EPIST.
1553 424 1610 483 ς.
1662 423 1945 487 BASlHl
1982 428 2427 487 CANONlCAM
2475 429 2553 486 Il.

3375 438 3476 499 €46

230 552 331 621 τῆς
379 548 729 619 βραδυτῆτος,
768 546 853 605 ὣς
898 546 1025 613 ἡμῖν
1066 544 1163 611 τὴν
1211 542 1562 610 συγγνώμην.
1625 540 1814 593 ’ῖ-Ῑθαυ-

1924 553 2149 607 liscendi
2206 554 2467 615 studium,
2508 556 2669 608 simul
2716 563 2765 608 et
2802 556 3184 617 humilitatem,
3226 558 3367 624 quod
3420 567 3474 610 et

234 644 489 710 μάσαμεν
536 638 592 689 δέ
650 654 740 688 σου
770 638 868 704 τὴν
914 634 1268 703 φιλομάθειαν
1297 630 1432 699 ὀμοῦ
1481 632 1571 681 καὶ
1604 630 1699 699 τὴν
1724 648 1813 681 τα-

234 729 695 800 πεινοφροσύνην·
739 728 816 777 ὅτι
862 726 955 777 καὶ
1008 722 1197 793 μαθεῖν
1242 719 1533 790 καταδέχῃ,
1580 722 1679 791 τὴν
1714 720 1809 774 τοῦ

232 824 503 875 διδάσκειν
538 820 701 883 τάξιν
748 816 1195 880 πεπιστευμένος,
1226 814 1318 863 καὶ
1344 812 1627 880 μανθάνειν
1683 812 1811 881 παρ’

232 904 513 979 ﬂammai;
544 908 690 958 οὐδὲν
736 906 873 973 μέγα
927 904 1187 971 πρόσεστι
1224 900 1359 968 πρὸς
1404 899 1623 965 γνῶσιν.
1673 900 1809 949 Ἀλλ’

234 1003 423 1069 ὅμως,
478 998 660 1064 ἐπειδὴ
711 996 978 1063 καταδέχῃ
1042 994 1128 1044 διά
1159 992 1250 1041 τὸν
1304 990 1464 1054 φόϐον
1524 989 1614 1039 τοῦ
1674 988 1808 1038 Θεοῦ

236 1094 412 1141 ποιεῖν
471 1090 699 1157 πρᾶγμα
741 1090 798 1138 οὐ
849 1086 1047 1155 ῥᾳδίως
1095 1085 1225 1150 παρ’
1276 1082 1461 1149 ἐτέρου
1502 1082 1809 1147 γινόμενον,

239 1182 347 1247 χρὴ
373 1180 462 1229 καὶ
490 1180 632 1244 ἡμᾶς
660 1180 724 1245 τῇ
752 1174 1030 1243 προθυμίᾳ
1061 1190 1153 1223 σου
1184 1173 1275 1223 καὶ
1302 1176 1364 1240 τῇ
1394 1171 1569 1237 ἀγαθῇ
1606 1170 1808 1237 σπουδῇ

240 1269 588 1337 συναίρεσθαι
621 1270 715 1318 καὶ
737 1268 875 1335 ὑπὲρ
905 1266 1153 1331 δύναμιν.

455 1359 770 1427 Ἢρὼτησας
812 1357 958 1423 ἡμᾶς
994 1356 1119 1423 περὶ
1161 1353 1413 1420 Βιάνορος
1442 1349 1535 1401 τοῦ
1573 1347 1812 1417 πρεσσυ-

235 1450 420 1517 τέρου,
453 1451 499 1499 εί
520 1449 703 1507 δεκτός
733 1439 877 1497 ἐστιν
910 1447 986 1505 εἰς
1016 1444 1104 1495 τὸν
1134 1444 1357 1510 κλῆρον,
1390 1440 1478 1491 διὰ
1512 1438 1602 1490 τὸν
1631 1440 1809 1508 ὁρκον.

252 1538 393 1603 Ἐγὼ
413 1539 468 1589 δὲ
493 1538 591 1604 ἥδη
628 1535 746 1587 τινὰ
776 1534 952 1584 κοινὸν
984 1536 1106 1601 ὅρον
1142 1533 1269 1599 περὶ
1296 1530 1513 1581 πάντων
1537 1530 1672 1595 ὁμοῦ
1706 1529 1812 1579 τῶν

242 1630 361 1695 μετ’
396 1625 558 1677 αὐτοῦ
604 1625 968 1691 ὀμωμοκότων
1007 1626 1117 1681 τοῖς
1168 1623 1285 1671 κατ’
1330 1620 1657 1687 ’Λντιόχειαν
1682 1619 1814 1686 κλη-

242 1721 415 1786 ρικοῖς
459 1714 572 1767 οἶδα
635 1714 987 1775 ὲκτεθεικώς·
1042 1714 1180 1764 ὥστε
1235 1712 1342 1761 τῶν
1397 1710 1493 1778 μὲν
1544 1710 1813 1777 δημοσίων

239 1804 438 1863 αὐτοὺς
461 1802 757 1869 ἀπέχεσθαι
784 1803 1073 1867 συλλόγων,
1114 1800 1219 1865 ίδίᾳ.
1258 1799 1312 1849 δὲ
1340 1799 1582 1867 ἐνεργεῖν
1745 1795 1813 1845 τὰ

1907 644 2119 697 discere
2150 660 2253 695 non
2283 645 2545 711 graveris,
2572 661 2693 696 cum
2729 645 2960 697 docendi
3001 647 3151 697 locus
3185 648 3281 699 libi
3322 662 3473 699 com-

1908 736 2110 788 missus
2175 736 2246 786 sit
2279 778 2291 797 ,
2350 747 2402 787 et
2432 752 2458 787 a
2516 736 2673 789 nobis
2724 735 2952 799 discere,
2991 739 3187 803 quibus
3223 739 3355 791 nihil
3390 746 3474 792 est

1909 825 2090 889 magni
2134 824 2199 874 ad
2230 826 2536 879 scientiam.
2571 825 2675 878 Sed
2713 834 2892 878 tamen
2926 818 3053 891 quia
3086 843 3193 879 non
3228 832 3473 894 gravaris

1908 912 1979 963 ob
2009 913 2259 965 timorem
2312 914 2402 966 Dei
2439 932 2546 968 rem
2594 915 2791 977 facere,
2843 934 3004 983 quam
3049 920 3186 970 alius
3221 920 3361 971 haud
3399 918 3475 969 l'a-

1909 1003 2010 1053 cile
2067 1002 2271 1065 faciat,
2327 1016 2535 1070 oportet
2582 1016 2636 1056 ut
2682 1016 2733 1057 et
2794 1023 2891 1059 nos
2953 1018 3053 1058 tua:
3107 1008 3373 1058 alacritati
3412 1022 3474 1058 ac

1912 1089 2053 1143 bono
2085 1094 2261 1145 studio
2294 1110 2446 1161 opem
2476 1096 2635 1146 etiam
2671 1098 2809 1147 ultra
2845 1098 2986 1148 vires
3015 1098 3277 1149 feramus.

2174 1339 2515 1407 lnterrogasti
2549 1358 2647 1393 nos
2680 1343 2744 1394 de
2775 1342 3001 1394 Bianore
3032 1344 3366 1409 presbytero,
3408 1357 3474 1393 an

1914 1427 1967 1481 in
2012 1429 2217 1480 clerum
2288 1430 2496 1482 admitti
2553 1434 2722 1497 possit
2753 1471 2765 1490 ,
2807 1441 3025 1500 propter
3064 1434 3472 1499 jusjurandum.

1914 1517 2025 1586 Ego
2072 1528 2249 1571 autem
2298 1535 2380 1571 me
2411 1523 2519 1584 jam
2566 1538 2904 1574 communem
2947 1524 3183 1589 aliquam
3235 1524 3474 1588 regulam

1913 1609 1980 1661 de
2012 1610 2265 1662 omnibus
2314 1613 2405 1677 qui
2466 1628 2566 1661 una
2617 1627 2737 1663 cuni
2776 1629 2839 1661 eo
2872 1617 3189 1679 juraverant
3218 1655 3230 1677 ,
3285 1615 3479 1664 Antio-

1914 1701 2102 1753 chenis
2139 1702 2349 1751 clericis
2384 1701 2620 1754 edidisse
2658 1704 2871 1753 memini
2903 1721 2913 1757 :
2946 1713 2999 1753 ut
3046 1705 3145 1769 ipsi
3180 1721 3206 1754 a
3244 1704 3479 1767 publicis

1913 1790 2129 1858 quidem
2150 1792 2504 1843 conventibus
2540 1793 2864 1853 abstineant,
2889 1795 3137 1860 privatim
3354 1806 3478 1843 vero

237 1890 352 1940 τῶν
404 1888 806 1957 πρεσϐυτέρων.
860 1890 931 1939 Τὸ
972 1894 1100 1939 αυτὸ
1150 1889 1205 1938 δὲ
1228 1886 1385 1938 τοῦτο
1418 1888 1511 1938 καὶ
1546 1886 1680 1955 πρὸς
1714 1886 1811 1952 τὴν

1924 1886 2113 1941 munia.
2173 1886 2368 1935 obeant
2426 1884 2886 1951 presbyterorum.
2958 1884 3009 1937 ld
3062 1886 3237 1952 ipsum
3301 1894 3482 1936 autem

239 1976 439 2030 ἑαυτοῦ
500 1980 799 2048 ὑπηρεσίαν
843 1980 1022 2030 ἄδειαν
1063 1978 1208 2046 αὐτῷ
1252 1978 1480 2046 παρέχει
1508 1992 1519 2004 ⁸
1553 1976 1683 2027 διότι
1716 1977 1815 2027 οὐκ

238 2068 300 2117 ὲν
344 2068 639 2135 Ἀντιοχείᾳ
695 2070 841 2119 ἐστὶν
894 2072 924 2136 ἡ
981 2068 1269 2137 ἱερωσυνη,
1322 2068 1436 2119 ἀλλ’
1468 2070 1526 2119 ὲν
1568 2069 1811 2134 Ἰκονίῳ⁶

242 2155 326 2223 ἦν,
361 2158 435 2218 ὡς
467 2158 630 2218 αὐτὸς
681 2158 994 2220 ἐπέστειλας
1030 2162 1182 2227 ἡμῖν,
1222 2160 1320 2227 τῆς
1370 2157 1696 2224 Ἀντιοχείας
1736 2158 1814 2217 είς

235 2250 455 2313 οἴκησιν
506 2248 887 2313 ἀντηλλάξατο.
947 2251 1129 2300 Ἔστιν
1183 2246 1274 2301 οὖν
1308 2250 1495 2310 δεκτὸς
1546 2251 1749 2308 ἐκεῖνος
1787 2250 1814 2299 ὀ

236 2334 399 2401 ἀνὴρ,
437 2337 832 2403 ἀπαιτούμενος
888 2339 1036 2407 παρά
1064 2339 1164 2406 τῆς
1210 2339 1491 2399 εὐλαϐείας
1516 2355 1609 2389 σου
1650 2354 1815 2405 μετα-

240 2424 501 2491 μέλεσθαι
536 2427 626 2476 ἐπὶ
660 2429 723 2493 τῇ
760 2428 978 2495 εὐκολίᾳ.
1015 2428 1106 2479 τοῦ
1134 2428 1316 2497 ὀρκου,
1349 2430 1407 2480 δν
1440 2431 1530 2480 ἐπὶ
1568 2428 1663 2479 τοῦ
1692 2428 1815 2480 ἀπι-

237 2532 367 2567 στου
426 2517 614 2584 ἀνδρὸς
829 2520 1172 2587 ἐξωμόσατο,
1234 2521 1500 2588 βαστάσαι
1555 2522 1653 2590 τὴν
1732 2524 1815 2572 ὲν-

236 2603 464 2674 ὀχλησιν
486 2607 578 2657 τοῦ
610 2608 804 2677 μικροῦ
823 2609 1029 2663 ἐκείνου
1062 2612 1303 2664 κινδύνου
1342 2613 1415 2681 μὴ
1442 2612 1705 2682 δυνηθείς.

295 2772 495 2825 ΒΑΔΣ.
543 2770 628 2832 Ὠς
661 2771 828 2832 ἔοικε,
880 2770 1022 2831 τινὲς
1055 2772 1221 2837 ἱερεῖς
1265 2770 1585 2838 Ἀντιοχεῖς,
1620 2763 1691 2821 ὧν
1728 2765 1807 2829 εἷς

219 2858 293 2934 ἦν
332 2862 428 2913 καὶ
478 2862 505 2912 ὀ
546 2858 781 2928 Βιάνωρ,
854 2858 1079 2927 ὤμοσαν
1121 2858 1232 2911 ἀπὸ
1288 2859 1522 2927 ἀπειλῆς
1581 2859 1811 2909 ἀπίστου

220 2956 372 3015 τινος
423 2953 588 3020 ὅρκον
629 2952 913 3020 ἀθέμιτον,
945 2952 1239 3004 κάντεῦθεν
1270 2950 1669 3003 ἑσκανδάλισαν
1689 2950 1813 3010 τοὺς

221 3045 572 3112 ὀρθοῦόξους,
630 3044 704 3105 ὡς
738 3043 813 3111 μὴ
861 3044 1261 3108 ὑπενεγκόντες
1313 3046 1415 3110 τὴν
1443 3044 1667 3113 ὀχλησιν
1719 3040 1814 3092 τοῦ

224 3137 487 3190 ἀπίστου.
521 3134 625 3187 Τοῦ
657 3135 785 3201 γοῦν
814 3134 1071 3203 Βιάνορος
1121 3135 1180 3197 ἐξ
1234 3135 1569 3201 Ἀντιοχείας
1628 3150 1815 3201 μετοι-

1916 1976 2079 2028 etiam
2114 1976 2161 2027 ei
2194 1978 2433 2027 muneris
2464 1978 2545 2028 sui
2581 1978 2867 2043 peragendi
2908 1978 3108 2042 prmbet
3152 1978 3478 2037 libertatem,

1916 2067 2057 2133 quod
2097 2082 2205 2118 non
2235 2068 2304 2119 sit
2335 2068 2631 2119 Antiochiae
2692 2069 3076 2125 sacerdotium.
3142 2068 3234 2119 sed
3272 2068 3431 2119 lconii
3462 2081 3480 2119 :

1917 2172 2079 2223 quam
2122 2158 2331 2217 urbem,
2366 2165 2420 2207 ut
2451 2158 2561 2223 ipse
2597 2156 2661 2208 ad
2714 2172 2811 2209 nos
2854 2158 3154 2223 scripsisti,
3195 2158 3481 2207 Antiochia

1916 2248 1981 2299 ad
2035 2247 2381 2299 habitandum
2440 2256 2785 2313 permutant.
2828 2246 2963 2311 Ergo
3018 2247 3096 2296 \ir
3131 2248 3217 2297 ille
3278 2248 3479 2310 suscipi

1916 2345 2138 2403 potest;
2198 2340 2504 2405 postulante
2557 2338 2623 2389 ab
2682 2352 2747 2387 eo
2793 2338 2990 2403 pietate
3048 2344 3135 2386 tua
3174 2375 3186 2395 ,
3258 2346 3312 2387 ut
3376 2351 3482 2404 po:-

1917 2428 2198 2479 nitentiam
2250 2435 2371 2495 agat
2407 2468 2419 2487 ,
2476 2427 2544 2478 ob
2579 2426 2791 2479 facilem
2829 2438 2881 2478 et
2930 2436 3234 2493 promptum
3274 2428 3335 2478 ad
3363 2427 3482 2493 jus-

1912 2517 2205 2582 jurandum
2279 2520 2556 2577 animum.
2621 2518 2763 2584 quod
2838 2535 3021 2571 coram
3100 2521 3296 2573 inﬁdeli
3362 2523 3483 2574 viro

1912 2607 2115 2672 juravit
2146 2648 2159 2671 ,
2193 2608 2495 2660 molestiam
2544 2608 2682 2662 ferre
2731 2611 2909 2677 exigui
2946 2613 3089 2665 illius
3113 2613 3336 2679 periculi
3373 2628 3483 2667 non

1920 2698 2125 2749 valens.

1994 2771 2188 2821 BALS.
2218 2768 2445 2833 Quidam
2476 2769 2820 2832 Autiocheni,
2857 2780 2912 2823 ut
2960 2771 3251 2827 verisimile
3279 2782 3377 2832 est.
3419 2787 3503 2825 sa-

1917 2861 2164 2912 cerdotes
2208 2874 2437 2925 quorum
2486 2875 2623 2912 unus
2656 2870 2775 2913 erat
2823 2864 2982 2911 etiam
3036 2862 3255 2923 Bianor,
3288 2874 3507 2928 propter

1917 2950 2149 3003 inﬁdelis
2202 2951 2501 3018 cujuspiam
2562 2952 2737 3004 minas
2813 2953 3078 3005 nefarium
3126 2956 3505 3021 jusjurandum

1915 3042 2209 3109 iurarunt;
2275 3051 2331 3093 et
2388 3041 2510 3093 ideo
2544 3043 2882 3094 orthodoxos
2920 3042 3287 3103 olfeudcrunt,
3324 3055 3378 3094 ut
3416 3045 3507 3111 qui

1921 3131 2156 3183 infidelis
2192 3131 2498 3183 molestiam
2536 3146 2641 3183 non
2700 3133 3079 3186 sustinueiim.
3136 3133 3270 3187 Cum
3329 3136 3511 3201 itaque

226 3229 505 3296 κήσαντος
554 3227 634 3287 είς
668 3227 727 3278 τὸ
773 3227 1015 3290 Ἰκόνιον,
1058 3225 1154 3279 καὶ
1186 3224 1280 3277 τοῦ
1344 3226 1501 3291 ἁγίου
1552 3226 1815 3293 Ἀμφιλο-

1924 3226 2117 3278 Bianor
2148 3240 2213 3277 cx
2262 3226 2550 3278 Antiochia
2604 3224 2843 3277 Iconium
2896 3226 3177 3292 migrasset
3210 3235 3263 3276 et
3292 3236 3512 3277 sanctus

227 3322 350 3387 χίου
382 3319 477 3371 τοῦ
529 3319 1018 3387 ἀρχιερατεύοντος
1072 3322 1129 3371 ὲν
1172 3320 1381 3388 Ἰκονίῳ
1424 3320 1813 3389 ἑρωτήσαντας

224 3412 319 3464 τὸν
355 3412 513 3477 ᾰγιον
541 3412 588 3462 ει
624 3411 813 3471 δεκτός
849 3414 1000 3463 ἐστιν
1046 3414 1127 3473 είς
1178 3412 1379 3481 κλῆρον
1434 3414 1462 3463 ὀ
1494 3412 1655 3470 αὐτὸς
1693 3409 1811 3459 Βιά·

225 3520 363 3571 νωρ,
396 3502 779 3568 ἀπελογήσατο
812 3504 839 3553 ὀ
863 3504 1016 3568 ἅγιος
1044 3504 1125 3554 ὃτι
1169 3504 1363 3553 Κοινὸν
1394 3503 1519 3568 ὅρον
1564 3501 1682 3570 ἦτοι
1722 3517 1816 3550 κα-

229 3595 360 3645 νόνα
401 3594 668 3661 ὲξεθέμην
720 3594 847 3661 περὶ
891 3593 999 3645 τῶν
1044 3595 1101 3645 ὲν
1153 3592 1458 3661 Ἀντιοχείᾳ
1493 3591 1813 3661 ὀμοσάντων

235 3686 454 3754 ἱερέων,
488 3685 571 3735 ἵνα
620 3677 766 3736 οὗτοι
805 3685 913 3736 τῶν
972 3686 1070 3753 μὲν
1122 3686 1399 3754 δημοσίων
1449 3685 1569 3752 ἦτοι
1620 3683 1817 3734 κοινῶν

232 3776 514 3840 συλλόγων
574 3776 907 3843 ἀπέχωνται,
973 3778 1081 3847 ίδίᾳ.
1134 3780 1189 3830 δὲ
1258 3776 1521 3848 ἐνεργῶσι
1580 3775 1649 3827 τὰ
1708 3773 1816 3825 τῶν

232 3869 651 3939 πρεσϐυτέρων,
700 3871 837 3939 ὅπερ
901 3870 992 3923 καὶ
1048 3870 1076 3920 ὀ
1108 3868 1324 3939 Βιάνωρ
1378 3870 1463 3920 ἐπ’
1495 3868 1674 3927 ἀδείας
1703 3865 1817 3933 ἔχει

231 3965 431 4013 ποιεῖν·
474 3960 569 4013 καὶ
637 3961 842 4029 μᾶλλον
885 3962 967 4013 ὅτι
1028 3961 1150 4012 οὐδὲ
1203 3962 1261 4012 ὲν
1300 3960 1606 4029 Ἀντιοχείᾳ
1632 3958 1816 4027 μέλλει

232 4051 559 4122 ἱερουργεῖν,
598 4053 691 4104 καὶ
724 4052 810 4104 διὰ
856 4053 1016 4105 τοῦτο
1059 4051 1441 4113 σκανδαλίζει-θ
1470 4052 1597 4113 τοὺς
1641 4048 1816 4115 ὀρῶν-

228 4158 328 4202 τας
360 4143 524 4193 αὐτὸν
560 4145 701 4209 μετὰ
752 4142 842 4193 τὸν
895 4143 1061 4211 ὅρκον
1104 4138 1518 4209 ἱερουργοῦντα,
1591 4136 1725 4188 ἀλλὰ
1760 4136 1818 4187 ὲν

244 4233 473 4299 Ἰκονίῳ,
510 4234 639 4285 ἔνθα
683 4232 994 4301 μετῴκησε,
1024 4232 1120 4284 καὶ
1172 4231 1304 4291 ἴσως
1346 4230 1466 4281 οὐδὲ
1513 4227 1815 4280 σκανδάλου
1851 4263 1855 4267 -

230 4324 405 4384 αῖτιος
438 4324 749 4391 γενήσεται.
775 4322 849 4386 ὡς
884 4323 991 4374 τῶν
1035 4321 1247 4374 πολλῶν
1273 4322 1410 4389 μηδὲ
1444 4320 1666 4373 είδότων
1719 4318 1819 4386 τὴν

227 4412 325 4464 τοῦ
384 4414 550 4481 ὅρκου
602 4412 843 4482 τελετήν.
918 4412 1064 4479 Πλὴν
1100 4410 1218 4473 οὖν,
1274 4414 1430 4479 φησὶ,
1493 4411 1595 4463 κᾶν
1633 4410 1820 4471 δεκτός

228 4504 381 4552 ἐστιν
426 4503 504 4561 εἰς
552 4501 612 4553 τὸ
652 4502 984 4569 ἱερουργεῖν,
1041 4502 1180 4554 ἀλλὰ
1218 4501 1588 4569 ἀπαιτηθήτω
1656 4516 1821 4567 μετα-

230 4594 373 4645 νοεῖν
398 4594 493 4645 ἐπὶ
526 4595 594 4661 τῇ
637 4593 856 4662 εὐκολίᾳ
892 4592 986 4645 τοῦ
1024 4593 1214 4662 ὅρκου,
1247 4594 1366 4660 ἦτοι
1409 4594 1501 4645 ἐπὶ
1541 4591 1619 4659 τῷ
1668 4591 1823 4641 εὐκό-

229 4686 339 4744 λως
388 4685 483 4735 καὶ
523 4684 827 4753 προχείρως
872 4686 1093 4754 ὀμόσαι,
1155 4683 1467 4745 ὲνδεδωκὼς
1510 4683 1595 4735 διὰ
1651 4680 1817 4747 φόϐον

235 4770 438 4839 μικροῦ
481 4772 747 4824 κινδύνου.

307 4862 554 4917 ΖΩΝΛΡ.
608 4865 852 4934 ’Λσαφής
887 4868 1037 4919 ἑστιν
1080 4868 1114 4937 ὴ
1158 4867 1453 4936 ἀπόκρισις
1510 4863 1675 4933 αὕτη,
1746 4863 1819 4933 μὴ

230 4954 400 5023 οὔσης
435 4955 599 5025 δήλης
627 4957 725 5025 τῆς
750 4960 1099 5029 ἐρωτήσεως.
1149 4960 1300 5022 Τέως
1322 4958 1378 5010 δὲ
1423 4958 1641 5025 λέγεται
1692 4958 1821 5011 ἄπι-

233 5050 364 5101 στόν
393 5067 515 5101 τινα
572 5050 748 5112 ἐνίους
796 5050 905 5102 τῶν
958 5055 1015 5104 εν
1064 5052 1371 5121 ’Δντιοχείᾳ
1427 5050 1821 5119 πρεσϐυτέρων

235 5139 533 5208 βιάσασθαι
578 5142 831 5202 ἀπειλαῖς
876 5143 1075 5210 ὀμόσαι
1109 5144 1184 5210 μὴ
1223 5143 1469 5207 ἐνεργεῖν
1503 5142 1573 5191 τά
1602 5140 1710 5190 τῶν
1746 5140 1821 5189 ίε-

236 5234 400 5302 ρέων.
454 5228 554 5283 Ὧν
584 5226 659 5295 εἷς
695 5236 1015 5305 μετῴκησεν
1067 5238 1146 5295 εἰς
1206 5233 1264 5286 τὸ
1307 5234 1551 5296 Ἰκόνιον,
1602 5234 1729 5302 περὶ
1759 5225 1820 5284 οὗ

236 5324 331 5375 καί
359 5324 459 5390 τὴν
508 5322 776 5393 ἐρώτησιν
824 5328 1122 5396 ἐποιήσατο
1154 5328 1181 5377 ὀ
1213 5325 1369 5391 ἅγιος
1444 5325 1816 5392 Ἀμφιλόχιος.

232 5416 408 5483 Φησὶν
439 5415 579 5468 οὖνό
604 5417 776 5483 μέγας
803 5418 1083 5479 Βασίλειος
1120 5420 1204 5471 ὃτι
1239 5418 1433 5469 Κοινόν
1466 5420 1611 5485 ὅρον,
1651 5417 1821 5485 ἠγουν

235 5510 441 5560 κανόνα
500 5513 594 5561 καὶ
634 5509 828 5571 τύπον,
863 5509 1133 5580 ἑξεθέμην
1198 5514 1327 5580 περὶ
1364 5510 1579 5560 πάντων
1620 5508 1727 5558 τῶν
1765 5510 1821 5557 ὲν

246 5602 552 5672 Ἀντιοχείᾳ
605 5603 944 5670 ὀμοσάντων,
1006 5603 1091 5655 ἴνα
1137 5604 1187 5655 ol.
1232 5599 1467 5654 τοιοῦτοι
1502 5600 1821 5668 ἀπέχωνται

238 5697 340 5765 μὲν
371 5696 479 5745 τῶν
516 5694 792 5762 συλλόγων
824 5696 933 5748 τῶν
968 5696 1187 5758 κοινῶν,
1225 5697 1331 5765 ἰδίᾳ
1375 5695 1431 5745 δὲ
1460 5695 1726 5763 ἐνεργῶσι
1756 5696 1821 5747 τὰ

172 5783 178 5789 ’
235 5787 345 5837 τῶν
378 5786 785 5855 πρεσϐυτέρων.
814 5788 933 5839 Τῶν
954 5788 1007 5841 δὲ
1048 5789 1323 5856 συλλόγων
1385 5788 1582 5849 αὐτοὺς
1622 5789 1825 5857 ἀπέχε-

240 5875 365 5929 σθαι
393 5875 585 5939 ὥρισε,
631 5880 703 5941 μὴ
742 5879 953 5944 πολλοῖς
989 5880 1286 5934 σκανδάλου
1344 5881 1506 5935 αἴτιοι
1543 5882 1823 5951 γίνωνται,

1924 3319 2358 3385 Amphilochius,
2429 3319 2517 3386 qui
2574 3329 2688 3371 erat
2742 3317 2905 3372 Iconii
2976 3320 3227 3383 autiSIes,
3260 3329 3509 3370 sanctum

1924 3413 2335 3481 interrogasset,
2370 3427 2437 3463 an
2472 3412 2538 3463 sit
2572 3410 2837 3462 Bianorin
2864 3410 3065 3461 clerum
3100 3411 3509 3475 suscipiendus;

1928 3507 2201 3571 respondit
2231 3516 2495 3557 sanctus:
2534 3502 2835 3555 Commune
2870 3504 3143 3553 decretum
3200 3517 3292 3554 seu
3344 3517 3511 3554 cano.

1927 3612 2047 3649 nem
2082 3596 2223 3649 edidi
2262 3596 2325 3646 de
2364 3594 2742 3648 sacerdotibus
2774 3593 2863 3658 qui
2900 3592 3203 3643 Antiocliim
3228 3594 3511 3659 jttraruut,

1927 3700 1983 3743 ut
2017 3692 2050 3743 ii
2082 3705 2109 3742 a
2144 3690 2375 3757 publicis
2405 3690 2621 3757 quidem
2674 3703 2768 3740 seu
2807 3687 3187 3738 communibus
3225 3684 3512 3737 coiiveuti-

1926 3781 2026 3834 bus
2100 3779 2455 3842 abstineant;
2501 3777 2753 3844 privatim
2819 3788 2999 3829 autem
3076 3779 3513 3844 presliyierouizn

1927 3886 2151 3925 munera
2181 3864 2412 3935 obeant,
2442 3871 2583 3938 quod
2621 3868 2842 3920 Bianori
2891 3882 3103 3935 quoque
3139 3868 3259 3919 licet
3293 3866 3469 3918 facere
3499 3882 3512 3919 :

1926 3974 1982 4015 et
2012 3978 2077 4016 eo
2114 3966 2305 4031 magis,
2339 3964 2481 4029 quod
2515 3976 2616 4015 uec
2645 3961 2949 4012 Antiooliite
2995 3960 3215 4026 quidem
3248 3970 3325 4009 est
3360 3970 3516 4009 sat-ra

1927 4054 2302 4107 celebraturus
2353 4066 2407 4105 et
2458 4064 2742 4120 propterea
2801 4065 2897 4101 nec
2933 4051 3173 4101 videntes
3228 4064 3349 4099 eum
3398 4058 3519 4115 post

1923 4145 2309 4215 jusjurandum
2362 4144 2771 4197 sacriﬁcantem
2826 4141 3155 4203 oﬂensurus,
3210 4142 3301 4195 sed
3355 4141 3516 4194 lcouii

1927 4252 2036 4306 quo
2067 4237 2315 4304 migravit
2369 4246 2422 4287 et
2457 4236 2593 4288 forte
2630 4250 2727 4287 uec
2761 4234 3069 4286 oﬂentliculi
3106 4234 3321 4301 quidem
3351 4249 3515 4286 causa

1929 4329 2112 4393 fuerit,
2165 4343 2287 4380 cum
2338 4327 2489 4379 multi
2528 4328 2669 4379 illius
2716 4328 3077 4396 jurisjurandi
3129 4328 3360 4381 formam
3398 4343 3520 4380 nes-

1930 4422 2096 4475 ciant.
2136 4419 2240 4473 Sed
2273 4420 2450 4481 inquit
2486 4420 2674 4480 etiam,
2729 4421 2770 4470 .si
2830 4422 2895 4473 ad
2954 4436 3105 4473 sacra
3146 4420 3393 4474 facienda
3451 4421 3520 4470 sit

1931 4512 2322 4574 admittendus,
2376 4512 2623 4578 exigatur
2676 4521 2855 4563 tamen
2908 4513 2975 4563 ah
3012 4527 3075 4563 eo
3132 4520 3192 4563 ut
3245 4512 3521 4563 facilitatis

1920 4600 2279 4669 jurisjurandi
2346 4614 2469 4653 eum
2548 4602 2830 4668 ρωηίιεηι,
2907 4600 3048 4667 quod
3104 4601 3312 4652 scilicet
3367 4600 3521 4652 laciie

1929 4700 2284 4759 prompteque
2315 4691 2584 4758 juraverit
2618 4706 2839 4758 propter
2874 4702 3075 4743 metum
3111 4690 3260 4754 parvi
3292 4692 3518 4757 perieuli

1926 4781 2142 4833 cedens.

2002 4870 2254 4925 ZONAR.
2292 4869 2533 4925 Obscura
2572 4876 2684 4925 haec
2715 4873 2996 4940 responsio
3032 4885 3137 4935 est,
3192 4878 3234 4927 si
3294 4876 3513 4943 quidem

1928 4963 2152 5016 minime
2182 4964 2326 5016 clara
2359 4972 2439 5017 est
2470 4964 2843 5029 interrogatio.
2885 4965 3101 5018 Interim
3156 4975 3337 5019 tamen
3395 4983 3524 5019 nar—

1930 5070 2082 5109 ratur
2160 5056 2432 5111 iulidelem
2490 5059 2802 5124 quemdam,
2879 5060 3167 5111 nonnullos
3225 5062 3524 5113 Aulim-hue

1928 5148 2275 5217 presbyteros
2322 5164 2379 5202 se
2408 5165 2436 5202 a
2483 5156 2827 5203 sacerdotum
2885 5154 3201 5205 muneribus
3259 5156 3525 5206 obeundis

1928 5249 2238 5294 cessaturos
2274 5250 2331 5292 ut
2358 5242 2604 5306 jurareut
2646 5243 2806 5295 minis
2857 5245 3122 5311 adegisse.
3154 5245 3226 5295 lix
3284 5261 3516 5311 quorum

1874 5372 1875 5375 η
1929 5347 2155 5385 numero
2228 5348 2368 5385 unus
2420 5333 2658 5386 Iconium
2711 5336 2985 5401 migravit,
3036 5338 3099 5389 de
3139 5353 3245 5403 quo
3300 5338 3525 5405 proinde

1932 5427 2073 5480 hanc
2105 5428 2587 5495 interrogationem
2615 5438 2832 5481 sanctus
2877 5430 3289 5497 Amphilochius
3330 5448 3526 5500 propo—

1930 5521 2057 5569 suit.
2093 5516 2401 5586 Respondet
2437 5534 2568 5585 ergo
2624 5535 2853 5585 magnus
2890 5521 3146 5588 Basilius,
3178 5538 3522 5575 communem

1932 5624 1992 5662 se
2026 5609 2424 5672 deﬁnitionem,
2478 5614 2580 5664 hoc
2611 5620 2712 5677 est,
2750 5627 3012 5668 cauonem
3043 5624 3097 5667 et
3149 5615 3375 5667 formam
3411 5617 3527 5668 edi.-

1930 5701 2076 5755 disse
2108 5704 2171 5754 de
2204 5704 2456 5755 omnibus
2492 5704 2556 5756 iis
2610 5706 2698 5772 qui
2738 5708 3040 5761 Antiochue
3089 5708 3427 5773 jmaveraut,
3469 5719 3526 5760 ut

1932 5793 2240 5845 abstineant
2297 5793 2551 5845 nimirum
2612 5796 2875 5864 ejusmodi
2929 5798 3235 5851 liotninesa
3292 5800 3524 5867 publii-Es

1932 5888 2307 5953 conventibus,
2338 5886 2587 5957 privatim
2622 5904 2748 5945 vero
2781 5894 3123 5947 sacerdotum
3175 5894 3373 5947 obeant
3402 5907 3520 5946 mu-
