4224 6446
750 359 855 421 647
1992 354 2269 419 TIlEOD.
2315 362 2418 420 BA,

1992 354 2269 419 ΤΙΙΕΟῙ).
2315 362 2716 422 ΒριιδΑλιΟΝ

749 468 860 520 nia.
894 466 934 516 Α
966 464 1321 520 conventibus
1370 479 1529 535 porro
1560 465 1832 520 abstinere
1867 467 2012 535 ipsos
2041 470 2228 536 jussit,
2261 484 2335 521 ue‘
2360 477 2400 530 Α

2360 477 2400 530 Α
2432 472 2631 525 εἰδόσιν
2683 474 2879 536 αὐτοὺς
2937 474 3243 545 ὀμόσαντας
3306 478 3379 546 μὴ
3413 478 3737 549 ίερουργεῖν,
3770 483 3942 553 ὁρῶσι
3970 487 4025 537 ὁὶ

749 556 937 610 multis
966 557 1204 613 scandali
1239 570 1398 609 causa
1433 556 1585 621 liant,
1616 558 1705 624 qui
1740 572 1862 610 cum
1897 558 2016 612 illos
2050 575 2327 627 nunquam

2436 562 2677 633 δημοσίᾳ.
2702 563 3152 635 λειτουργοῦντας
3185 569 3405 632 αὐτούς.
3442 572 3613 624 Τοῦτο
3644 575 3773 639 γοῦν
3808 576 3907 627 καὶ
3942 578 4025 645 τῷ

755 659 908 699 sacra
977 645 1084 717 74
1135 648 1373 700 tacturos
1415 649 1626 713 jnrasse
1683 651 1882 713 sciant,
1941 665 2063 704 mox
2126 651 2335 718 publice

2439 652 2664 724 Βιάνορι
2697 654 2849 722 λέγει
2881 657 3069 710 ἄδειαν
3100 661 3361 730 παρέχειν
3396 663 3532 730 πρὸς
3562 663 3658 731 τὴν
3686 666 4019 734 ὑπηρεσίαν,

754 737 1134 790 sacriﬁcantes
1168 739 1622 791 animadvertant.
1680 736 1790 794 Iloc
1847 740 2013 807 igitur
2072 741 2218 793 idem
2268 741 2334 794 de

2439 742 2608 811 ἤγουν
2634 744 2771 813 πρὸς
2818 746 2916 816 τὴν
2949 747 3312 816 λειτουργίαν·
3349 754 3442 803 καί
3474 752 3676 819 μᾶλλον
3710 755 3793 806 ὅτι
3817 755 3942 807 οὐδὲ
3967 759 4022 807 ἐν

755 823 985 877 Bianore
1021 826 1291 880 allirmat:
1326 827 1439 880 ﬁeri
1492 829 1744 881 nimirum
1801 830 1901 898 ipsi
1963 832 2333 898 ministrandi,

2450 834 2752 904 Ἀντιοχείᾳ
2780 838 2959 904 μέλλει
3004 840 3327 908 ἱερουργεῖν,
3360 842 3492 893 ὅπου
3527 842 3769 909 ῶμοσεν,
3812 844 3937 896 ἀλλ’
3967 848 4022 897 ἐν

759 915 860 969 hoc
889 930 992 981 εει,
1027 934 1183 971 sacra
1218 935 1439 972 munera
1470 922 1755 974 exercendi
1804 924 2137 977 facultatem.
2190 924 2334 977 Prat-

2453 926 2683 994 Ἰκονίῳ,
2747 928 2873 980 ἔνθα
2936 931 3268 999 μετῴκησεν.
3311 932 3696 1004 Ἀπαιτηθήτω
3747 937 3826 1000 δὲ,
3862 940 4020 1004 φησὶ,

755 1009 943 1059 sertitn
974 1024 1093 1060 cum
1126 1024 1224 1062 nec
1271 1010 1569 1063 Antiochia:
1623 1027 1775 1065 sacra
1830 1013 2067 1066 facturus
2116 1014 2207 1078 sit,
2245 1015 2329 1067 ubi

2445 1021 2727 1084 μετανοεῖν
2779 1020 2867 1071 ἐπὶ
2918 1023 2983 1089 τῇ
3021 1023 3241 1090 εὐκολίᾳ
3294 1025 3386 1075 τοῦ
3441 1026 3627 1093 ὅρκου·
3662 1028 3781 1095 ἦτοι
3816 1030 3916 1079 ἐπὶ
3948 1030 4023 1096 τῷ

752 1096 979 1160 jnravil,
1008 1098 1099 1149 sed
1146 1099 1306 1151 Iconii
1342 1114 1449 1166 quo
1498 1112 1677 1167 poStea
1726 1103 2014 1155 concessit.
2073 1102 2335 1169 Exigatnr

2444 1109 2687 1169 εὐκόλως
2713 1110 2813 1160 καὶ
2835 1112 3145 1180 προχείρως
3173 1114 3373 1182 ὀμόσαι
3400 1116 3708 1180 ἐνδεδωκώς
3737 1118 3830 1170 διὰ
3856 1119 4024 1185 φόϐον

758 1194 906 1245 νοτ-ο,
942 1185 1133 1251 inquit,
1170 1200 1224 1238 ut
1259 1188 1403 1240 illunt
1444 1193 1701 1256 paeniteat
1744 1192 2102 1261 jurisjurandi
2159 1196 2334 1247 facili-

1279 1188 1403 1240 llunt
1444 1193 1701 1256 paeniteat
1744 1192 2102 1261 jurisjurandi
2159 1196 2334 1247 lacili-
2447 1198 2651 1266 μικροῦ
2672 1200 2939 1254 κινδύνου.

757 1276 888 1329 tatis
920 1294 933 1329 :
969 1278 1068 1331 hoc
1103 1290 1205 1340 est,
1236 1283 1373 1346 quod
1407 1293 1514 1336 tam
1572 1284 1729 1339 facile
1764 1298 1813 1339 et
1844 1298 2091 1354 prompte
2125 1289 2306 1357 exigui
2332 1290 2553 1357 periculi
2587 1304 2732 1346 metu
2764 1295 3027 1351 adductus
3049 1297 3342 1365 juraverit.

827 1371 1056 1425 AltlST.
1087 1372 1371 1445 Presbyter
1404 1376 1600 1431 Bianor
1635 1395 1757 1433 cum
1786 1382 2047 1449 juraverit
2078 1392 2129 1434 et
2159 1384 2334 1449 pceni-

2511 1386 2737 1440 ΑΡΙΣΤ.
2808 1390 2864 1442 ‘0
2918 1390 3289 1461 πρεσϐύτερος
3343 1392 3576 1462 Βιάνωρ,
3637 1395 3844 1463 ὀμόσας
3931 1398 4020 1448 καὶ

757 1465 921 1515 tentia
983 1468 1176 1519 ductus
1207 1467 1273 1519 ob
1340 1469 1634 1532 jttratuenti
1694 1471 1961 1523 levitatem
2038 1474 2336 1541 suscipien-

1599 1469 1634 1522 ti
1694 1471 1961 1523 levitatem
2038 1474 2336 1541 suscipien-
2446 1480 2933 1546 μεταμελόμενος,
2987 1483 3075 1536 διά
3159 1485 3260 1552 τὴν

757 1554 878 1607 dus.

2439 1568 2628 1639 ὅρκου,
2680 1571 2890 1633 δεκτός.

829 1643 925 1696 llic
958 1645 1235 1716 presbyter
1262 1663 1289 1699 a
1325 1649 1555 1715 quodam
1606 1651 1801 1720 lnjuria
1837 1652 2061 1707 allectus
2109 1666 2165 1709 et
2219 1673 2336 1713 mo-

2371 1734 2402 1738 _
2511 1654 2678 1720 Οὗτος
2707 1664 2732 1713 ό
2764 1663 3161 1731 πρεσϐύτερος,
3198 1667 3302 1719 ὑπό
3364 1684 3506 1729 τινος
3552 1670 4018 1738 ἐπηρεαζόμενος,

756 1729 967 1785 lestiam
1000 1736 1115 1799 ejus
1143 1737 1381 1802 perferre
1412 1754 1516 1791 non
1548 1750 1758 1806 potens,
1794 1758 1822 1794 c
1851 1754 2157 1812 cuuteinptu
2185 1748 2337 1814 jura-
2370 1734 2411 1788 Β

2370 1734 2411 1788 Β
2441 1752 2537 1801 καὶ
2561 1750 2635 1819 μὴ
2655 1729 2951 1821 δυνάμενος
2994 1729 3093 1825 την
3146 1758 3354 1810 ἐκείνου
3393 1759 3614 1827 δχλησιν
3646 1729 4017 1828 ’ύπενεγκεῖη

759 1824 835 1874 vit
862 1838 920 1875 se
950 1826 1179 1892 amplius
1209 1842 1364 1879 sacra
1418 1844 1523 1881 non
1563 1831 1849 1885 facturum.
1908 1832 2108 1889 Deinde
2160 1840 2334 1905 pceui-

2448 1838 2665 1907 ὤμοσεν
2692 1842 2748 1906 ἐξ
2809 1824 3103 1913 ὀλιγωρίας
3165 1847 3366 1917 μηκέτι
3424 1824 4016 1919 λειτουργῆσαι.-Εἷτα

758 1914 925 1965 tentia
956 1916 1147 1969 ductus
1178 1920 1544 1973 sacerdotium
1578 1923 1729 1975 obire
1754 1925 1919 1977 voluit
1948 1941 1963 1978 :
2021 1937 2077 1979 et
2110 1943 2333 1995 magnus

2446 1930 2861 2000 μεταμεληθεὶς,
2897 1914 3195 2001 ίερατεύειν
3226 1914 3522 1992 ἐϐούλετο·
3579 1914 3677 1995 καί
3706 1914 4016 2011 ἐρωτηθεὶς

758 2001 987 2055 Basilius
1036 2007 1099 2058 de
1147 2020 1213 2059 eo
1261 2007 1623 2077 interrogatus
1673 2026 1739 2065 an
1792 2014 2132 2081 recipiendus
2167 2025 2330 2081 esset,

2446 2023 2575 2089 περὶ
2598 2022 2756 2075 τοῦτο
2790 2026 2817 2075 ὁ
2844 2027 3016 2091 μέγας
3042 2025 3314 2091 Βασίλειος
3352 2033 3398 2081 εί
3425 2032 3640 2089 δεκτέος
3670 2001 3812 2093 ἐστὶ,
3840 2001 4014 2100 προσἐ

757 2095 999 2158 mandat,
1022 2101 1162 2163 quod
1195 2097 1238 2149 si
1267 2098 1616 2164 jurisjuraudi
1644 2101 1876 2156 levitatis
1905 2120 2024 2156 eum
2052 2107 2333 2174 poeniteat,

2440 2112 2625 2164 τάττει
2686 2114 2783 2175 ὠς,
2848 2118 3295 2186 εἰμεταμὲλεται
3357 2123 3449 2173 ἐπὶ
3511 2125 3576 2191 τῇ
3638 2124 3863 2191 εὐκολίᾳ
3917 2123 4013 2174 τοῦ

759 2186 847 2238 ille
880 2190 1218 2249 admittatur,
1255 2204 1360 2241 non
1394 2199 1569 2243 autem
1608 2203 1665 2245 ut
1697 2194 1745 2245 itt
1783 2196 2013 2262 publicis
2045 2200 2332 2252 conventi-

2436 2201 2623 2269 ὅρκου,
2678 2202 2933 2273 δεχθῆναι
2993 2208 3175 2259 αὐτόν·
3238 2210 3312 2279 μὴ
3342 2213 3399 2262 ἐν
3428 2186 3716 2279 δημοσίαις
3762 2186 4013 2266 δὲ-συνά-

758 2272 858 2324 bus
892 2289 1047 2326 sacra
1083 2277 1398 2339 celebraret,
1425 2283 1494 2332 ob
1526 2281 1816 2335 multorum
1871 2286 2202 2349 scandalum,
2239 2288 2332 2341 sed

2327 2289 2332 2338 Ι
2439 2288 2552 2351 ξεσι
2620 2292 2956 2361 λειτουργεῖν
3014 2296 3103 2349 διὰ
3156 2297 3215 2347 τὸ
3267 2300 3375 2351 τῶν
3414 2302 3623 2353 πολλῶν
3673 2302 3995 2363 σκάνδαλον,

3335 1486 3587 1537 εὐκολίαν
3644 1488 3855 1539 ἐκείνου
3932 1484 4021 1539 τοῦ

760 2373 821 2417 ut.
848 2379 968 2436 qua:
996 2368 1059 2418 ad
1089 2371 1437 2437 presbyteros
1464 2375 1733 2437 pertinent
1769 2377 2021 2443 privatim
2046 2377 2270 2432 faceret.

1317 2481 1543 2536 CAAON
1574 2484 1762 2539 XVIII.

1058 2600 1135 2657 De
1192 2603 1362 2672 lapsis
1416 2603 1739 2670 virginibus,
1775 2619 1893 2670 quae
1928 2604 2091 2655 vitam
2116 2612 2320 2656 castam

768 2692 1023 2763 professa:
1059 2691 1304 2755 Domino,
1345 2693 1539 2746 deinde
1564 2695 1745 2746 carnis
1792 2692 2103 2747 libidinibus
2148 2698 2318 2752 victae.

763 2792 921 2850 pacta
978 2797 1075 2836 sua
1130 2782 1281 2834 irrita
1328 2782 1574 2844 faciunt,
1623 2794 1807 2851 patres
1856 2783 2072 2849 quidem
2106 2786 2320 2844 nostri,

766 2887 885 2924 cum
921 2872 1239 2939 simpliciter
1278 2885 1339 2923 ac
1374 2871 1567 2923 leniter
1598 2885 1719 2924 sese
1769 2870 1834 2921 ad
1886 2886 2073 2923 eorum
2111 2871 2202 2937 qui
2250 2872 2324 2923 la-

764 2960 968 3013 buntur
1008 2961 1371 3013 inﬁrmitatem
1426 2959 1949 3021 accommodarent,
1994 2967 2324 3012 censuerunt

2434 2380 2553 2433 ἀλλ’
2588 2381 2694 2451 ίδίᾳ
2719 2384 2787 2437 τὰ
2810 2386 2920 2437 τῶν
2958 2388 3349 2457 πρεσϐυτέρων
3372 2393 3635 2460 ἐνεργεῖν.

3046 2502 3287 2554 ΚΑΝΩΝ
3324 2506 3429 2558 lH’.

2632 2612 2765 2682 Περὶ
2797 2613 2906 2664 τῶν
2950 2615 3294 2666 ἐκπεσουσῶν
3322 2614 3605 2683 παρθένων
3630 2612 3736 2663 τῶν
3762 2613 3998 2679 καθομο-

2428 2696 2813 2767 λογησαμένων
2847 2701 2936 2752 τὸν
2968 2703 3025 2753 ἐν
3055 2701 3341 2770 σεμνότητι
3379 2700 3489 2768 βίον
3514 2699 3588 2769 τῷ
3616 2700 3825 2768 Κυρίῳ,
3858 2695 3997 2759 εἶτα,

2429 2785 2514 2837 διά
2547 2792 2606 2838 τὸ
2644 2789 2933 2841 ὑποπεσεῖν
2956 2792 3069 2852 τοῖς
3099 2789 3294 2842 πάθεσι
3324 2790 3420 2855 τῆς
3441 2786 3659 2856 σαρκὸς,
3688 2786 4001 2837 ἀθετουσῶν

2430 2872 2525 2935 τὰς
2592 2876 2801 2929 ἑαυτῶν
2874 2878 3177 2945 συνθήκας,
3247 2878 3295 2928 οί
3360 2877 3457 2945 μὲν
3518 2876 3748 2942 πατέρες
3808 2876 3999 2942 ἡμῶν.

2428 2963 2615 3025 ἁπλῶς
2792 2967 2885 3017 καὶ
2910 2967 3097 3035 πράως
3121 2965 3650 3033 συμπεριφερόμενοι
3676 2964 3796 3023 ταῖς
3834 2963 3966 3014 ἀσθε
3986 2990 4001 3001 -

765 3050 911 3115 ipsas
942 3056 1062 3116 post
1098 3063 1297 3101 annum
1330 3050 1534 3101 admitti
1590 3064 1768 3115 posse,
1818 3048 1885 3100 de
1937 3049 2044 3101 illis
2077 3048 2141 3101 ad
2173 3048 2321 3101 simi-
2361 3049 2400 3101 C
2429 3067 2433 3079 ·

2361 3049 2400 3101 C
2429 3052 2597 3114 νείαις
2625 3054 2731 3105 τῶν
2770 3056 3303 3115 κατολισθαινόντων,
3366 3053 3761 3121 ἐνομοθέτησαν
3801 3053 3999 3113 δεκτάς

763 3138 1043 3190 litudinem
1092 3138 1425 3207 digamorum
1478 3138 1855 3204 dijudicautes.
1935 3136 2132 3191 Verum
2192 3136 2323 3190 mihi

762 3226 977 3293 quidem
1035 3227 1285 3285 videtur,
1348 3228 1605 3294 quoniam
1656 3225 1747 3278 Dei
1793 3227 1937 3278 dono
1973 3226 2323 3295 progrediens

762 3313 1005 3368 Ecclesia
1051 3315 1107 3367 lit
1158 3314 1388 3376 fortior,
1455 3330 1518 3367 ac
1566 3330 1709 3367 nunc
1754 3316 2143 3382 multiplicatur
2189 3317 2324 3369 ordo

760 3403 1072 3471 virginum,
1122 3405 1407 3473 diligenter
1450 3404 1900 3458 considerandam
1949 3421 2069 3460 esse
2116 3414 2169 3460 et
2208 3422 2321 3459 rem

763 3493 955 3560 ipsam,
987 3502 1145 3560 prout
1185 3494 1552 3546 consideranti
1601 3493 1885 3546 manifesta
1913 3504 2017 3555 est.
2066 3503 2120 3548 et
2178 3494 2324 3549 Scri-

764 3593 933 3650 ptura:
995 3585 1320 3636 sententiam
1368 3598 1487 3649 quae
1541 3598 1604 3634 ex
1652 3585 2036 3636 consecutione
2091 3586 2323 3639 inveniri

762 3682 956 3740 potest.
1000 3670 1246 3724 Viduitas
1315 3672 1457 3722 enim
1520 3671 1829 3739 virginitate
1876 3673 2144 3738 inferior;
2194 3690 2324 3742 ergo

761 3771 814 3813 ct
862 3763 1143 3814 viduarum
1194 3760 1448 3812 delictum
1512 3758 1667 3826 longe
1730 3761 1911 3812 minus
1959 3775 2118 3827 quam
2162 3764 2321 3830 virgi-

762 3867 908 3903 num.
948 3851 1237 3904 Videamns
1265 3863 1391 3926 ergo
1425 3847 1554 3915 qttid
1588 3848 1651 3899 ad
1688 3846 2027 3902 Timotheum
2086 3866 2114 3901 a
2152 3849 2323 3904 Paulo

762 3944 1021 4011 scriptum
1097 3943 1167 3996 sit
1228 3949 1241 3993 ξ
1292 3937 1537 3990 Juniores
1626 3949 1796 3990 autem
1867 3940 2048 3992 viduas
2130 3941 2320 3994 devita.

764 4033 1052 4100 Postquam
1112 4034 1246 4085 enim
1309 4032 1639 4082 lascivierunt
1708 4030 1955 4082 adversus
2014 4030 2320 4096 Christum,

763 4122 949 4173 nubere
1006 4122 1221 4181 volant,
1284 4120 1525 4170 habentes
1596 4118 2078 4171 condemnationem
2114 4158 2128 4180 ,
2191 4122 2324 4188 quod

760 4212 985 4277 primam
1027 4210 1184 4273 ﬁdem
1217 4209 1422 4259 irritam
1480 4207 1713 4272 fecerunt
1771 4202 1807 4259 ³.
1848 4206 2028 4274 Itaque
2080 4210 2127 4262 si
2162 4210 2325 4262 vidua

2429 3134 2566 3191 εἶναι
2617 3142 2750 3208 μετὰ
2783 3141 2873 3194 τὸν
2927 3142 3167 3194 ἐνιαυτὸν
3225 3182 3241 3205 ,
3400 3140 3523 3192 καθ’
3562 3140 3858 3209 ὁμοιότητα
3895 3141 4001 3190 τῶν

2429 3230 2671 3298 διγάμων
2702 3232 3106 3301 διαταξάμενοι·
3143 3235 3265 3302 ἐμοὶ
3298 3233 3353 3284 δὲ
3395 3232 3560 3296 δοκεῖ,
3593 3230 3775 3299 ἐπειδὴ
3806 3234 3875 3298 τῇ
3908 3231 4001 3281 τοῦ

2430 3319 2565 3371 Θεοῦ
2618 3321 2796 3391 χάριτι
2856 3322 3118 3391 προϊοῦσα
3172 3323 3203 3390 ἠ
3262 3320 3587 3389 Ἐκκλησία,
3636 3320 4003 3387 κραταιοτέρα

2430 3410 2657 3476 γίνεται,
2690 3413 2783 3463 καὶ
2820 3411 3145 3481 πληθύνεται
3188 3412 3281 3464 νῦν
3337 3411 3397 3463 τὸ
3431 3411 3615 3477 τάγμα
3654 3409 3762 3460 τῶν
3797 3409 4001 3477 παρθέ-

2432 3516 2537 3551 νων
2568 3535 2585 3561 ,
2721 3502 3005 3570 προσέχειν
3040 3502 3283 3571 ἀκριϐῶς
3317 3501 3393 3570 τῷ
3420 3518 3477 3552 τε
3500 3502 3616 3553 κατ’
3648 3500 3857 3551 ἔννοιαν
3883 3517 4001 3566 φαι-

2430 3590 2639 3657 νομένῳ
2695 3590 2975 3659 πράγματι
3026 3590 3119 3642 καὶ
3162 3593 3226 3658 τῇ
3271 3591 3370 3659 τῆς
3408 3589 3627 3658 Γραφῆς
3667 3588 3897 3657 διανοίᾳ,
3938 3589 4004 3655 ἢν

2427 3679 2652 3732 δυνατὸν
2712 3679 2954 3749 ἐξευρεῖν
3001 3679 3109 3730 ἀπὸ
3156 3677 3248 3730 τοῦ
3295 3678 3610 3730 ἀκολούθου.
3638 3679 3852 3747 Χηρεία
3897 3680 4002 3745 γὰρ

2432 3767 2727 3837 παρθενίας
2753 3768 2987 3819 ἐλάττων
3010 3786 3021 3798 ·
3049 3766 3240 3819 οὐκοῦν
3270 3769 3363 3819 καὶ
3397 3767 3454 3818 τὸ
3481 3767 3589 3818 τῶν
3618 3768 3801 3836 χηρῶν
3827 3768 4005 3836 ἀμάρ-

2432 3872 2585 3926 τημα
2621 3858 2797 3926 πολλῷ
2828 3857 3077 3927 δεύτερόν
3112 3859 3225 3908 ἐστι
3258 3856 3349 3908 τοῦ
3382 3856 3486 3908 τῶν
3514 3855 3815 3924 παρθένων.
3849 3856 4002 3907 '16:»—

2436 3964 2535 4015 μεν
2560 3949 2735 4000 τοίνυν
2765 3949 2815 3999 τί
2842 3949 3147 4016 γέγραπται
3178 3945 3425 4015 Τιμοθέῳ
3448 3946 3597 4014 παρά
3622 3942 3713 3995 τοῦ
3751 3944 3966 3995 Παύλου
3992 3962 4004 3971 ·

2433 4036 2730 4103 Νεωτέρας
2776 4037 2842 4089 δὲ
2880 4036 3070 4104 χήρας
3123 4035 3426 4102 παραιτοῦ.
3464 4037 3640 4090 Ὅταν
3680 4034 3791 4103 γὰρ
3836 4051 4004 4087 κατα-

2433 4126 2841 4191 στρηνιάσωσι
2914 4125 3019 4178 τοῦ
3083 4124 3370 4192 Χριστοῦ,
3428 4123 3635 4193 ταμεῖν
3678 4123 4001 4185 θέλουσιν,

2433 4214 2683 4282 ἔχουσαι
2706 4214 2898 4283 κρῖμα,
2936 4214 3023 4267 ὅτι
3052 4216 3161 4281 τὴν
3186 4214 3423 4282 πρώτην
3443 4215 3649 4265 πίστιν
3674 4213 4002 4277 ἠθέτησαν.

759 4306 962 4377 ludicro
1012 4308 1296 4378 suhjicuur
1328 4305 1655 4373 gravissimo
1690 4341 1704 4366 ,
1765 4314 1825 4357 ut
1880 4317 2000 4371 quae
2062 4301 2218 4355 ﬁdem
2278 4302 2334 4353 in
2366 4292 2407 4344 ί)

2366 4292 2407 4344 ί)
2438 4301 2500 4352 Et
2529 4305 2709 4355 τοίνυν
2733 4309 2877 4375 χήρα
2910 4308 3137 4374 κρίματι
3166 4307 3445 4357 ὑπόκειται
3481 4303 3783 4373 βαρυτάτῳ,
3818 4303 4005 4369 ὼςτὴν

761 4397 1039 4451 Christum
1098 4397 1308 4447 irritam
1360 4395 1585 4457 fecerit,
1624 4394 1751 4462 quid
1807 4393 1967 4447 nobis
2026 4392 2328 4461 putandum

762 4488 829 4540 de
862 4488 1090 4555 virgine,
1127 4500 1245 4551 qua:
1289 4498 1485 4552 sponsa
1513 4492 1595 4538 cst
1622 4483 1861 4547 Christi,
1896 4492 1949 4537 et
1984 4497 2200 4536 sacrum
2236 4497 2328 4535 vas

760 4576 992 4628 Domino
1034 4574 1396 4628 dedicatum?
1448 4572 1699 4642 Magnum
1740 4574 1959 4643 quidem
2006 4582 2088 4627 est
2138 4586 2328 4642 pecca-

759 4671 875 4716 tum
904 4701 918 4724 ,
974 4663 1056 4715 vel
1104 4664 1357 4715 ancillam
1404 4663 1759 4717 clandestinis
1807 4662 2175 4716 matrimoniis
2207 4677 2329 4715 sese

760 4751 1001 4813 dantem,
1038 4762 1225 4819 stupro
1276 4753 1493 4803 domum
1543 4754 1764 4820 implere
1787 4791 1802 4816 ,
1833 4762 1886 4805 et
1929 4754 2198 4805 deteriore
2219 4754 2327 4805 vita

760 4842 1014 4908 iujuriam
1067 4842 1372 4909 possessori
1436 4842 1661 4895 facere:
1709 4843 1867 4910 longe
1906 4850 2084 4895 autem
2110 4843 2328 4909 gravius

761 4940 844 4984 est
880 4946 1139 4999 sponsam
1175 4931 1289 4984 ﬁeri
1347 4931 1679 4995 adulteram,
1716 4946 1780 4985 ac
1812 4947 1923 4986 suae
1952 4947 2077 4985 cum
2126 4946 2327 5000 sponso

759 5022 1131 5089 conjunctioni
1183 5023 1419 5077 dedecus
1481 5022 1741 5076 ferentem
1776 5062 1791 5085 ,
1858 5023 2146 5092 impudicis
2174 5024 2327 5076 volu-

758 5114 996 5182 ptitibus
1046 5128 1103 5167 se
1166 5114 1385 5167 dedere.
1439 5113 1673 5167 Proinde
1738 5114 1899 5167 vidua
1953 5114 2169 5183 quidem
2205 5153 2219 5177 ,
2269 5122 2327 5166 ut

756 5211 1010 5270 corrupta
1043 5204 1277 5265 ancilla,
1313 5204 1711 5258 condemnatur
1743 5222 1756 5268 ;
1794 5206 1946 5273 virgo
1986 5219 2115 5258 vero
2171 5203 2327 5256 adul-

756 5305 883 5347 terae
1001 5293 1204 5362 judicio
1337 5297 1647 5364 subjicitur.
1669 5297 2136 5362 Quemadmodum
2163 5295 2328 5364 igitur

750 5400 875 5438 eum
911 5388 1007 5455 qui
1058 5400 1182 5439 cum
1218 5388 1393 5440 aliena
1429 5400 1513 5443 est
1550 5390 1776 5442 muliere
1807 5431 1821 5455 ,
1867 5388 2175 5441 adulterum
2230 5402 2328 5441 no-

753 5478 1054 5537 minamus,
1103 5491 1207 5530 non
1263 5477 1412 5543 prius
1462 5480 1811 5533 admittentes
1871 5478 1937 5530 ad
1988 5476 2326 5531 communio-

751 5580 897 5629 nem,
938 5582 1099 5636 quam
1148 5582 1176 5619 a
1212 5576 1435 5637 peccato
1489 5571 1829 5625 cessaverit:
1872 5571 1943 5623 ita
2005 5568 2246 5637 profectu
2270 5576 2323 5622 ct

857 5705 871 5734 ¹
903 5703 917 5756 Ι
952 5703 1090 5757 Tim.
1121 5723 1169 5770 γ,
1200 5705 1278 5764 ll,
1317 5703 1400 5757 12.

2436 4392 2516 4451 είς
2569 4392 2799 4460 Χριστὸν
2861 4393 3174 4461 ἀθετήσασα
3225 4392 3424 4453 πίστιν,
3464 4392 3516 4442 τί
3552 4392 3655 4460 χρὴ
3694 4388 4005 4454 λογίζεσθαι

2436 4482 2582 4548 ἡμᾶς
2614 4483 2740 4549 περὶ
2766 4483 2863 4551 τῆς
2914 4481 3199 4551 παρθένου,
3232 4482 3353 4549 ἥτις
3379 4480 3565 4548 νύμφη
3594 4480 3711 4530 ἐστὶ
3749 4478 3847 4529 τοῦ
3875 4479 4009 4544 Χρι-

2438 4569 2583 4633 στοῦ,
2616 4573 2709 4624 καὶ
2749 4572 2938 4633 σκεῦος
2972 4573 3113 4640 ίερὸν
3146 4570 3403 4625 ἀνατεθὲν
3432 4569 3509 4638 τῷ
3538 4569 3819 4639 Δεσπότης
3850 4568 4008 4631 Μέγα

2439 4664 2534 4732 μὲν
2566 4664 2866 4733 ἁμάρτημα
2919 4665 3011 4717 κςιὶ¹
3040 4663 3233 4731 δούλην
3266 4661 3542 4731 λαθραίοις
3572 4659 3770 4727 γάμοις
3809 4657 4006 4721 ἑαυτὴν

2436 4752 2772 4804 ἐπιδιδοῦσαν
2819 4754 3021 4823 φθορᾶς
3069 4752 3378 4820 ἀναπλῆσαι
3406 4751 3496 4801 τὸν
3524 4745 3694 4809 οἷκον,
3748 4747 3846 4797 καὶ
3882 4744 4007 4795 m0-

2436 4842 2673 4911 υϐρίζειν
2701 4844 2788 4896 διά
2808 4844 2900 4895 τοῦ
2932 4844 3168 4914 πονηροῦ
3193 4842 3308 4911 βίου
3338 4841 3429 4893 τὸν
3448 4825 3805 4907 κεκτημένον·
3830 4831 4005 4899 πολλῷ

2433 4933 2489 4985 δὲ
2515 4933 2686 5003 δήπου
2724 4934 3099 5004 χαλεπώτερον
3139 4934 3237 5004 τὴν
3280 4933 3493 5002 νύμφην
3544 4925 3824 4997 μοιχαλίδα
3856 4924 4004 4990 γενέ-

2436 5023 2579 5085 σθαι,
2616 5025 2708 5077 καὶ
2738 5025 2831 5094 τὴν
2865 5027 3000 5095 πρὸς
3031 5026 3124 5077 τὸν
3156 5024 3387 5093 νυμφίον
3420 5022 3610 5073 ἕνωσιν
3634 5016 4002 5083 ἀτιμάσασαν,

2434 5112 2641 5183 ἡδοναῖς
2675 5114 2992 5177 ἀκολάστοις
3025 5114 3223 5183 ἐαυτὴν
3262 5110 3557 5164 ἐπιδοῦναι.
3599 5104 3807 5159 Οὐκοῦν
3838 5107 3871 5172 ἡ
3907 5103 4005 5172 μὲν

2434 5202 2595 5271 χήρα.
2627 5202 2701 5264 ὡς
2733 5203 2890 5272 δούλη
2955 5202 3347 5272 διεφθαρμένη,
3382 5195 3799 5257 καταδικάζεται
3822 5209 3834 5221 ·
3873 5195 3907 5260 ή
3947 5191 4004 5243 δὲ

2434 5293 2697 5362 παρθένος
2744 5293 2820 5362 τῷ
2876 5295 3099 5363 κρίματι
3164 5292 3263 5360 τῆς
3330 5288 3628 5359 μοιχαλίδος
3697 5283 4003 5336 ὑπόκειται.

2437 5384 2642 5454 Ὥσπερ
2702 5380 2793 5437 οὖν
2831 5385 2919 5436 τὸν
2965 5384 3219 5454 ἀλλοτρίᾳ
3262 5380 3477 5448 γυναικὶ
3529 5375 3776 5429 συνιόντα
3820 5373 4007 5441 μοιχὸν

2433 5475 2788 5545 ὀνομάζομεν,
2840 5475 2900 5527 οὐ
2955 5475 3213 5545 πρότερον
3250 5470 3680 5541 παραδεξάμενοι
3703 5469 3781 5529 είς
3815 5483 4009 5519 κοινω-

2434 5567 2570 5631 νίαν,
2607 5570 2731 5637 πρὶν
2766 5568 2795 5635 ἦ
2822 5565 3130 5619 παύσασθαι
3161 5565 3258 5634 τῆς
3301 5563 3609 5634 ἁμαρτίας·
3641 5560 3784 5613 οὕτω
3816 5557 4007 5629 δηλον-
