4224 6446
230 383 342 447 6ι9

1160 384 1236 445 ΙΝ
1279 382 1519 443 Ei’lS’l‘.
1568 384 1633 446 S.
1678 384 1964 447 BASILII
1999 383 2442 446 CANONICAM
2486 384 2563 444 Il.

3360 388 3467 451 €50

226 514 308 563 ότι
336 512 430 562 καὶ
455 507 545 559 ini
569 504 660 557 τοῦ
690 505 787 574 τὴν
813 501 1075 571 παρθένον
1102 501 1312 571 ἔχοντος
1346 502 1789 573 διατεθησόμεθα.
1820 513 1867 565 Α

1820 513 1867 565 Δ
1902 510 1969 565 de
1997 524 2064 565 eo
2101 510 2194 579 qui
2232 511 2496 580 virginem
2549 509 2713 563 habet
2762 517 3087 563 statuemus.
3120 506 3253 561 Illud
3285 517 3464 562 autem

240 600 448 651 Ἐκεῖνο
492 596 547 649 δὲ
585 594 679 647 νῦν
720 591 1261 664 προδιομολογεῖσοαι
1303 595 1434 663 ἡμῖν
1476 595 1792 661 ἀναγκαῖον,

228 690 311 741 ὅτι
347 688 611 759 παρθένος
658 687 1051 756 δνομάζεται,ἡ
1100 685 1361 749 ἑκουσίως
1398 687 1595 756 ἑαυτὴν
1627 701 1793 755 προσ-

224 777 510 849 αγαγοῦσα
564 776 641 846 τῷ
697 775 900 847 Κυρίῳ,
949 780 1039 829 καὶ
1086 777 1468 845 ἀποταξαμένη
1498 775 1576 844 τῷ
1610 776 1793 845 γάμῳ,

227 874 322 924 καὶ
350 873 437 925 τὸν
454 872 513 923 ἑν
545 867 800 937 ἁγιασμῷ
838 868 950 935 βίον
984 870 1389 939 προτιμήσασα.
1428 865 1537 928 Τὰς
1569 866 1627 918 δὲ
1665 868 1799 935 ὀμο-

224 962 414 1029 λογίας
444 962 560 1013 τότε
592 958 935 1029 ἑγκρίνομεν,
978 961 1069 1026 ἀφ’
1100 954 1269 1027 οὗπερ
1296 958 1362 1010 ἂν
1390 960 1424 1028 ἠ
1461 956 1645 1029 ἡλικία
1699 954 1799 1024 τὴν

226 1053 323 1105 τοῦ
351 1052 507 1117 λόγου
536 1051 928 1120 συμπλήρωσιν
956 1050 1067 1119 (75)
1088 1049 1207 1119 έχῃ.
1241 1049 1377 1104 om
1399 1050 1507 1118 γὰρ
1534 1050 1630 1111 τὰς
1669 1064 1798 1100 παι-

225 1142 386 1205 δικὰς
415 1140 595 1210 φωνὰς
632 1140 848 1202 πάντως
894 1139 1091 1210 κυρίας
1124 1138 1217 1191 ἑπὶ
1237 1138 1347 1221 τῶν
1368 1139 1624 1191 τοιούτων
1650 1138 1802 1207 ἡγεῖ-

230 1232 355 1285 σθαι
416 1233 712 1301 προσῆκεν,
755 1230 891 1284 ἀλλὰ
934 1229 1033 1299 τὴν
1064 1229 1206 1300 ὑπὲρ
1232 1229 1301 1282 τὰ
1328 1229 1461 1283 δέκα
1492 1229 1554 1293 ἑξ
1582 1229 1615 1298 ἢ
1669 1228 1803 1281 δέκα

225 1322 325 1374 καὶ
347 1320 483 1373 ἑπτὰ
506 1321 803 1390 γενομένην
832 1320 949 1387 ἑτη,
973 1318 1170 1390 κυρίαν
1196 1315 1363 1371 οὖσαν
1380 1317 1487 1371 τῶν
1505 1317 1800 1388 λογισμῶν,

227 1411 615 1481 ἁνακριθείσαν
671 1412 763 1464 ἑπὶ
814 1410 1017 1472 πλεῖον,
1079 1406 1195 1464 εἶτα
1223 1411 1656 1482 παραμείνασαν,
1710 1409 1803 1462 καὶ

229 1500 568 1571 λιπαροῦσαν
601 1500 686 1553 διὰ
714 1502 931 1554 ίκεσιῶν
960 1503 1095 1572 πρὸς
1127 1500 1189 1554 τὺ
1230 1501 1649 1571 παραδεχθῆναι,
1680 1499 1801 1553 τότε

231 1592 696 1661 ἑγκαταλέγεσθαι
726 1592 830 1663 χρὴ
865 1595 983 1655 ταῖς
1019 1591 1330 1663 παρθένοις,
1355 1593 1448 1665 καὶ
1485 1594 1585 1663 τὴν
1612 1592 1803 1662 όμολο-

228 1684 359 1751 γίαν
403 1682 503 1751 τῆς
554 1682 810 1754 τοίαὺτης
860 1682 1080 1753 κυροῦν,
1118 1684 1212 1736 καὶ
1244 1684 1341 1753 τὴν
1364 1684 1620 1753 ἀθέτησιν
1635 1686 1804 1755 αὐτῆς

231 1777 624 1846 ἀπαραιτήτως
672 1774 939 1837 κολάζειν.
978 1776 1185 1838 Πολλὰς
1238 1775 1347 1845 γὰρ
1406 1779 1583 1843 γονεῖς
1634 1795 1804 1849 προσ-

1903 616 2049 655 nunc
2096 602 2151 655 in
2199 610 2545 656 antecessum
2605 610 2841 655 statuere
2896 601 3055 655 nobis
3087 615 3309 655 necesse
3343 610 3465 661 est,

1903 689 2166 758 virginem
2216 690 2445 752 vocari,
2492 703 2613 758 qua:
2667 704 2727 744 se
2774 703 2872 743 sua
2904 696 3097 757 sponte
3138 689 3335 744 obtulit
3369 687 3473 740 Dn-

1909 782 2077 842 mino.
2117 796 2181 835 ac
2210 782 2462 835 nuntium
2508 780 2714 849 nuptiis
2746 780 2986 838 remisit.
3017 790 3070 833 et
3100 780 3472 834 sanctimonia:

1908 872 2217 927 institutum
2273 873 2521 941 amplexa
2598 881 2702 924 est.
2759 868 3135 925 Professiones
3180 880 3357 924 autem
3404 872 3473 924 ab

1905 974 1971 1014 eo
2022 969 2263 1028 tempore
2290 960 2668 1022 admittimus,
2724 974 2833 1027 quo
2862 969 2993 1013 atas
3047 957 3275 1012 rationis
3318 974 3472 1011 com-

1906 1049 2236 1117 plementum
2292 1046 2566 1100 habuerit.
2617 1044 2803 1114 Neque
2852 1045 2997 1100 enim
3033 1044 3281 1113 pueriles
3314 1059 3473 1097 voces

1904 1140 2131 1193 omnino
2186 1145 2335 1193 ratas
2394 1137 2450 1191 in
2496 1136 2767 1207 ejusmodi
2814 1136 2975 1190 rebus
3030 1136 3227 1189 habere
3275 1148 3473 1187 conve-

1904 1229 1986 1282 nit
2033 1243 2048 1279 :
2096 1228 2193 1284 sed
2252 1244 2373 1299 quae
2405 1244 2572 1298 supra
2621 1224 2893 1281 sexdecim
2953 1225 3036 1278 vel
3088 1224 3473 1292 septemdecim

1906 1332 2081 1373 annos
2126 1327 2252 1372 nata
2286 1357 2302 1382 ,
2355 1318 2833 1373 ratiocinationum
2859 1332 3081 1373 suarum
3113 1318 3314 1370 atLitra
3339 1356 3354 1383 ,
3382 1316 3473 1370 diu

1904 1409 2210 1463 examinata
2261 1424 2326 1463 ac
2356 1408 2581 1479 probata
2612 1450 2628 1475 ,
2683 1408 2945 1477 deinceps
2988 1409 3390 1476 perseveravit,
3422 1417 3475 1460 et

1907 1506 1969 1552 ut
2019 1498 2339 1552 admittatur
2389 1507 2706 1554 constanter
2762 1498 3077 1568 rogaverit,
3111 1507 3225 1550 tum
3256 1497 3471 1549 demum

1907 1591 2050 1644 inter
2098 1590 2339 1659 virgines
2396 1589 2718 1655 referenda,
2779 1589 3010 1659 ejusque
3060 1598 3176 1643 rata
3226 1588 3473 1651 habenda

1906 1680 2197 1751 professio,
2230 1694 2295 1733 ac
2324 1680 2473 1735 iliius
2518 1680 2742 1736 violatio
2794 1680 3204 1735 inexorabiliter
3248 1679 3478 1747 punien-

1906 1770 1997 1825 da.
2030 1770 2225 1824 Multas
2256 1772 2401 1825 enim
2453 1778 2703 1839 parentes
2750 1771 3029 1825 adducunt
3076 1780 3130 1824 et
3181 1770 3381 1823 fratres
3421 1777 3476 1823 et

230 1868 427 1933 άγουσι
480 1866 576 1919 καὶ
625 1865 863 1933 ἀδελφοὶ,
923 1867 1018 1919 καὶ
1067 1867 1178 1919 τῶν
1234 1868 1619 1936 προσηκόντων
1659 1869 1806 1930 τινες
1841 1870 1883 1924 Β

1841 1863 2341 1931 Bpropinquornm
2403 1862 2650 1915 nonnulli
2714 1870 2837 1915 ante
2900 1870 3156 1925 aetatem,
3215 1877 3323 1915 non
3377 1878 3475 1917 sua

228 1959 338 2027 πρὸ
369 1957 469 2026 τῆς
504 1958 739 2025 ἡλικίας,
774 1958 873 2010 οὐκ
898 1958 1107 2011 οἴκοθεν
1139 1958 1473 2029 όρμηθείσας
1502 1958 1636 2028 πρὸς
1662 1961 1803 2026 ἀγα-

232 2049 387 2119 μίαν,
410 2050 547 2103 ἀλλά
574 2066 627 2101 τι
655 2049 902 2119 βιωτικδν
940 2050 1152 2112 ἑαυτοῖς
1193 2048 1571 2119 διοικούμενοι.
1608 2053 1705 2113 ’Δς
1742 2050 1802 2104 οὐ

228 2137 430 2208 ῥᾳδίως
466 2136 857 2205 προσδέχεσθαι
893 2137 992 2201 δεῖ,
1040 2136 1142 2200 ῑως
1177 2138 1243 2190 ἂν
1271 2138 1517 2209 φανερῶς
1544 2138 1641 2209 τὴν
1669 2137 1806 2192 ἰδίαν

224 2229 409 2280 αὐτῶν
454 2228 832 2296 ἑρευνήσωμεν
858 2225 1104 2297 γνώμην.

300 2310 499 2363 ΒΔΛΣ.
531 2309 813 2380 Διαφόρως
844 2309 1071 2379 είπομεν
1099 2309 1182 2361 ὅτι
1210 2306 1493 2377 παρθένοι,
1526 2310 1787 2377 γυναῖκες

226 2401 331 2454 καὶ
355 2398 552 2470 χῆραι,
583 2400 724 2468 μετὰ
751 2397 941 2452 λαῑκοῦ
972 2400 1249 2468 σχήματος
1292 2402 1416 2462 ταῖς
1469 2399 1792 2470 ἑκκλησίαις

224 2490 678 2564 προσερχόμεναι
708 2493 765 2545 αί
791 2492 891 2559 μὲν
950 2488 1254 2561 παρθενίαν
1280 2490 1618 2560 ὡμολόγουν,
1650 2494 1708 2546 αι
1740 2493 1799 2547 δι

220 2585 591 2654 σωφροσύνην
624 2599 641 2613 ·
715 2583 813 2637 καὶ
899 2583 977 2647 ὡς
1049 2584 1464 2654 ἀνατεθειμέναι
1548 2586 1627 2657 τῷ
1680 2587 1799 2659 Θεῷ

216 2673 480 2743 ἠξιοῦντο
509 2674 655 2744 παρὰ
701 2674 812 2728 τῶν
883 2677 1202 2730 ἑπισκόπων
1258 2679 1441 2751 πάσης
1482 2681 1801 2751 σωματικῆς

218 2765 572 2836 ἑπιμελείας.
618 2765 953 2836 Ἐρωτηθεὶς
985 2764 1079 2823 οὖν
1112 2758 1315 2838 όᾰγιος
1344 2772 1397 2824 τί
1425 2771 1632 2841 ὀφείλει
1657 2773 1804 2843 γίνε-

220 2857 349 2909 σθαι
380 2858 462 2919 είς
495 2856 596 2917 τὰς
628 2857 1003 2927 πορνευούσας
1033 2859 1362 2931 παρθένους,
1418 2860 1523 2933 ἑφη
1582 2863 1666 2917 ὁτι
1738 2863 1803 2917 οι

225 2952 331 3020 μιν
382 2950 749 3021 πρεσϐύτεροι
802 2950 1129 3023 διορίζονται
1186 2954 1550 3023 ἐπιτιμᾶσθαι
1601 2954 1807 3026 ταύτας

224 3042 377 3095 κατὰ
420 3042 550 3105 τοὺς
612 3042 902 3111 διγάμους,
957 3042 1054 3096 καὶ
1120 3042 1405 3108 ἀξιοῦσθαι
1484 3046 1656 3110 αὐτὰς
1702 3048 1807 3117 τῆς

222 3131 395 3200 ἁγίας
427 3132 786 3203 μεταλήψεως
821 3132 962 3202 μετὰ
996 3134 1248 3188 ἑνιαυτόν
1273 3149 1289 3165 ·
1323 3134 1435 3200 ἑγὼ
1489 3135 1547 3190 δὲ
1582 3135 1803 3206 βλέπων

1910 1958 2102 2021 sponte
2155 1951 2223 2005 ad
2260 1952 2503 2005 caelibem
2541 1953 2705 2006 vitam
2756 1954 3045 2013 incitatas.
3101 1953 3195 2007 sed
3259 1962 3315 2005 ut
3372 1954 3475 2007 sibi

1910 2042 2017 2114 ipsi
2065 2041 2282 2111 aliquod
2310 2043 2365 2099 in
2410 2044 2521 2096 vita
2543 2044 2893 2097 commodum
2944 2045 3283 2114 provideant.
3318 2043 3477 2099 Tales

1910 2150 2019 2190 non
2079 2135 2237 2191 facile
2305 2136 2693 2200 admittenda,
2758 2137 2933 2193 donec
2999 2144 3183 2208 aperte
3238 2140 3475 2209 ipsarum

1912 2222 2238 2295 perscrutati
2283 2222 2548 2278 fuerimus
2574 2226 2916 2279 sententiam.

1988 2311 2093 2383 75
2126 2313 2319 2369 BALS.
2348 2315 2588 2372 Diversis
2628 2316 2681 2370 in
2711 2315 2843 2371 locis
2879 2316 3136 2379 diximus,
3166 2318 3307 2384 quod
3357 2332 3473 2370 mu-

1903 2396 2085 2469 lieres,
2114 2405 2374 2477 virgines,
2405 2419 2460 2464 et
2483 2410 2655 2464 viduae
2674 2408 2933 2463 ecclesias
2957 2424 3079 2463 cum
3113 2409 3269 2463 laico-
3285 2409 3469 2464 habitu

1902 2498 2259 2564 accedentes,
2326 2499 2432 2555 illa:
2490 2501 2715 2570 quidem
2770 2500 3159 2572 virginitatem,
3208 2503 3289 2556 Ine
3340 2518 3469 2557 vero

1900 2592 2294 2654 continentiam
2314 2592 2745 2660 prontebantur,
2775 2605 2830 2647 et
2864 2604 3118 2662 tanquam
3164 2594 3275 2648 Dro
3325 2596 3473 2648 dedi-

1900 2691 2038 2735 cata:
2060 2683 2129 2738 ab
2155 2684 2426 2754 episcopis
2453 2684 2602 2737 omni
2635 2682 2909 2752 corporali
2942 2684 3276 2751 providentia
3296 2683 3473 2754 dignae

1903 2771 2268 2831 habebantur.
2299 2775 2676 2844 Interrogatus
2710 2774 2895 2843 itaque
2929 2786 3179 2839 sanctus,
3208 2775 3334 2844 quid
3388 2778 3473 2830 de-

1900 2862 2024 2917 beat
2051 2864 2165 2919 fieri
2196 2864 2250 2919 in
2281 2865 2519 2937 virgines
2550 2880 2671 2935 quae
2714 2865 3072 2931 fornicamur,
3138 2868 3271 2923 dixit
3326 2873 3470 2938 quod

1898 2954 2149 3009 seniores
2175 2954 2395 3023 quidem
2451 2957 2750 3009 decernunt
2797 2969 2891 3009 eas
2938 2956 3080 3011 sicut
3125 2969 3180 3011 et
3225 2959 3473 3023 bigainos

1900 3044 2102 3114 puniri,
2126 3059 2332 3115 easque
2360 3054 2484 3115 post
2504 3060 2702 3099 annum
2724 3056 2912 3100 sancta
2968 3048 3344 3103 communione
3387 3052 3474 3104 di-

1902 3149 2035 3205 gnas
2055 3135 2280 3191 haberi:
2308 3150 2411 3205 ego
2449 3150 2583 3191 vero
2613 3136 2803 3190 videns
2835 3135 3127 3192 Ecclesiam
3151 3138 3207 3192 in
3265 3137 3468 3195 bonum

222 3228 329 3297 τὴν
372 3226 710 3297 Ἐκκλησίαν
753 3227 1177 3297 προκόπτουσαν
1213 3231 1295 3292 εἰς
1356 3230 1419 3283 τδ
1453 3229 1679 3298 ἀγαθὸν,
1708 3232 1803 3285 καὶ
1829 3244 1873 3303 ρ

1796 3244 1873 3303 ac
1906 3226 2190 3296 prolicere,
2244 3238 2300 3283 et
2320 3242 2506 3283 sacras
2529 3227 2769 3299 virgines
2815 3228 3159 3296 multiplicari
3182 3270 3197 3293 ,
3222 3232 3342 3286 dico
3373 3248 3464 3287 eas

216 3320 322 3381 τὰς
395 3319 701 3389 παρθένους
767 3320 1207 3390 πληθυνομένας,
1267 3320 1412 3391 λέγω
1449 3322 1803 3395 ὀφειλόμενον

220 3407 369 3465 εἶναι
412 3412 616 3480 μᾶλλον
649 3411 820 3474 αὐτας
848 3411 925 3475 ὡς
958 3412 1275 3483 μοιχαλίδας
1313 3414 1665 3477 κολάζεσθαι.
1691 3417 1804 3470 Καὶ

219 3501 627 3565 κατασκευάζει
689 3501 782 3555 τὸν
834 3503 1036 3556 υῖκεῖον
1108 3503 1269 3570 λόγον
1349 3504 1627 3568 ἑντεῦθεν,
1704 3506 1796 3559 λέ-

221 3609 342 3661 γων
381 3592 465 3647 ὅτι
491 3592 690 3663 χηρεία
708 3591 813 3662 τῆς
837 3591 1146 3662 παρθενίας
1181 3594 1449 3649 ἑλάττων.
1502 3596 1565 3649 Ei
1601 3596 1802 3661 τοίνυν,

224 3684 371 3737 κατὰ
408 3683 502 3735 τὸν
538 3683 889 3750 ’Δπόστολον,
921 3684 1099 3754 κρίμα
1133 3685 1371 3755 έχουσιν,
1426 3688 1597 3757 ἧγουν
1635 3704 1805 3741 κατα-

223 3774 389 3843 δίκην
416 3775 471 3828 αῖ
503 3774 839 3845 ἀθετήσασαι
873 3775 1042 3846 χῆραι
1092 3776 1195 3847 τὴν
1264 3778 1559 3847 ὁμολογίαν
1600 3779 1803 3845 αὐτῶν,

228 3866 416 3937 πολλῷ
440 3867 603 3921 πλέον
625 3868 680 3922 αί
711 3867 973 3939 παρθένοι
1034 3871 1559 3941 κατακριθήσονται.
1613 3870 1808 3924 Ὢσαύ-

226 3978 334 4020 τως
362 3959 697 4029 παρεικάζει
720 3963 820 4032 τὴν
854 3961 953 4031 μὲν
986 3961 1164 4031 χήραν
1190 3961 1377 4033 δούλῃ,
1435 3962 1533 4031 τὴν
1567 3963 1626 4017 δὲ
1664 3980 1808 4033 παρ-

226 4054 384 4107 θένον
435 4053 624 4127 νύμφῃ
651 4054 799 4118 τινὸς
829 4054 1238 4118 οἰκοδεσπότου,
1259 4056 1355 4107 καὶ
1408 4053 1553 4107 οὕτω
1582 4055 1807 4124 συνάγει

228 4145 339 4198 ἀπὸ
377 4145 601 4198 πάντων
648 4142 832 4207 καλῶς
898 4143 1222 4198 ὑποκεῖσθαι
1275 4144 1353 4214 τῷ
1416 4145 1514 4214 τῆς
1562 4147 1806 4216 μοιχείας

228 4236 547 4304 ἑγκλήματι
574 4234 673 4299 τὰς
727 4234 1068 4295 ἑκπεσούσας
1104 4234 1432 4303 παρθένους.
1468 4229 1605 4287 Εἶτα
1680 4238 1773 4288 ἑπι

229 4331 392 4399 φέρει
418 4328 503 4379 ὃτι
546 4326 676 4396 περὶ
707 4327 933 4379 ἑκείνων
963 4325 1073 4379 τῶν
1136 4325 1427 4395 παρθένων
1496 4325 1809 4394 διαλέγεται

226 4420 337 4473 τῶν
367 4418 633 4481 ἑκουσίως
670 4418 875 4480 ἑαυτὰς
899 4417 1297 4485 προσαγουσῶν
1347 4417 1426 4486 τῷ
1474 4416 1685 4487 Κυρίῳ,
1716 4418 1811 4471 καὶ

1904 3316 2105 3372 debere
2130 3317 2315 3389 potius
2345 3327 2405 3372 ut
2430 3317 2709 3373 adulteras
2733 3319 2935 3388 puniri.
2970 3320 3035 3373 Et
3079 3322 3283 3376 dicmm
3318 3339 3473 3379 suum

1905 3408 2033 3462 hinc
2061 3409 2401 3477 comprobat,
2452 3408 2663 3474 dicens,
2694 3410 2837 3478 quod
2886 3410 3119 3467 viduitas
3170 3423 3254 3468 est
3304 3416 3479 3468 mium-

1904 3498 2236 3568 virginitate.
2270 3500 2329 3555 Si
2394 3516 2561 3571 ergo,
2622 3510 2680 3554 ut
2717 3502 2858 3574 dicit
2900 3502 3211 3570 Apostolus,
3278 3506 3482 3561 habent

1900 3589 2162 3659 judicium
2193 3605 2287 3646 seu
2319 3591 2750 3647 condemnamur
2771 3592 2968 3658 vidum,
2992 3607 3112 3660 qua
3172 3610 3324 3649 suam
3358 3615 3481 3665 prn-

1908 3678 2196 3736 fessionem
2243 3683 2455 3737 irritam
2488 3682 2722 3748 faciunt,
2780 3684 2947 3737 multo
2990 3686 3164 3755 magis
3219 3690 3480 3743 condem-

1908 3772 2181 3828 nabuntur
2224 3774 2481 3845 virgines.
2504 3773 2767 3829 Similiter
2797 3774 3005 3829 ancilla:
3028 3776 3242 3844 quidem
3266 3779 3479 3833 viduam

1908 3862 2204 3930 assituilat;
2244 3865 2510 3933 virginem
2539 3878 2671 3918 vero
2728 3878 2943 3933 sponsa
3004 3866 3233 3935 alicujus
3283 3872 3482 3937 patuis-

1911 3951 2181 4008 familias:
2214 3952 2365 4005 etita
2395 3966 2460 4006 ea
2492 3950 2746 4005 omnibus
2803 3950 3008 4021 colligit
3068 3953 3315 4009 adulterii
3369 3956 3483 4009 cri-

1912 4041 2059 4095 mine
2091 4052 2238 4096 recte
2264 4042 2437 4096 teneri
2485 4042 2665 4111 lapsas
2689 4042 2947 4113 virgines.
3007 4043 3210 4097 Deinde
3261 4046 3486 4113 subjun-

1913 4132 2010 4202 git,
2033 4146 2092 4187 se
2123 4134 2188 4187 de
2216 4133 2325 4187 ilis
2354 4132 2655 4202 virginibus
2699 4134 2901 4195 dicere,
2955 4148 3078 4203 quae
3136 4149 3195 4189 se
3252 4135 3482 4190 Dominu

1910 4239 2007 4277 sua
2040 4233 2231 4292 sponte
2252 4224 2588 4287 obtulerunt,
2619 4234 2674 4279 et
2704 4224 3057 4279 matrimonio
3100 4228 3485 4282 renuntiarunt

1910 4315 1967 4369 in
2032 4325 2189 4370 atate
2210 4314 2445 4383 sedecim
2479 4316 2563 4370 vel
2613 4313 2999 4385 septemdecim
3030 4331 3325 4371 annorum.
3352 4318 3482 4384 Qum

1912 4415 2092 4459 autem
2117 4407 2169 4459 in
2192 4406 2383 4459 minori
2415 4416 2577 4461 aetate
2630 4410 2765 4460 fiunt
2807 4408 3191 4477 professiones,
3227 4410 3356 4464 dicit
3378 4427 3483 4465 non

228 4510 664 4578 ἀποταξαμένων
692 4509 773 4577 τῷ
814 4507 980 4578 γάμῳ
1043 4512 1101 4560 ἑν
1161 4508 1349 4577 ἡλικίᾳ
1414 4508 1809 4573 ἑξκαιδεκάτου
1845 4575 1873 4578 _

1845 4575 1873 4578 _
1916 4497 2126 4550 admitti
2159 4496 2377 4551 debere.
2404 4496 2595 4551 Multas
2620 4496 2787 4562 enim,
2850 4497 3057 4565 inquit,
3109 4496 3341 4554 offerunt
3394 4517 3486 4569 pa-

232 4604 431 4672 χρόνου
460 4575 500 4669 ἢ⁷
516 4575 1012 4654 ἑπτακαιδεκάτου.
1058 4575 1257 4663 Τὰςήδὲ
1290 4575 1383 4651 ἑπὶ
1408 4598 1595 4666 ἥττονι
1630 4601 1808 4668 χρόνῳ
1842 4575 1886 4630 D

1842 4575 1886 4630 ι)
1915 4596 2027 4644 tres
2056 4589 2217 4641 etiam
2249 4588 2465 4650 invitas,
2499 4598 2719 4657 propter
2737 4598 3106 4657 paupertatem
3132 4591 3216 4644 vel
3245 4590 3486 4660 aliquam

230 4694 530 4764 γινομένας
557 4692 847 4762 ὁμολογίας
879 4693 1014 4759 φησὶ
1036 4689 1113 4759 μὴ
1145 4688 1556 4759 προσδέχεσθαι.
1601 4688 1807 4753 Πολλὰς

233 4788 369 4855 γὰρ,
400 4786 563 4855 φησι,
591 4784 965 4854 προσάγουσιν
984 4782 1034 4834 oi
1057 4782 1233 4848 γονεῖς
1250 4783 1345 4833 καὶ
1379 4780 1453 4850 μὴ
1476 4780 1808 4850 βουλομένας

230 4879 299 4930 δι’
323 4878 560 4946 ἀπορίαν
582 4876 614 4945 ἢ
636 4876 703 4928 δι’
726 4875 891 4942 ἄλλην
910 4876 1031 4927 τινὰ
1050 4872 1445 4927 αἱτὶαν.Ταῦτα
1464 4873 1558 4926 τοῦ
1583 4872 1805 4934 κανόνος

230 4969 636 5041 διοριζομένου,
684 4966 756 5038 μὴ
802 4952 963 5037 εἴπῃς
992 4964 1349 5029 ἑξακούεσθαι
1390 4964 1579 5017 τοῦτον
1608 4965 1705 5017 καὶ
1726 4966 1805 5026 είς

234 5059 632 5134 μοναζοὺσαςῆ
666 5055 971 5126 ἁσκητρίας
1001 5073 1017 5088 ο
1050 5055 1153 5108 κᾶν
1182 5056 1288 5125 γὰρ
1320 5055 1378 5106 ἑν
1400 5055 1585 5125 ἥττονι
1626 5055 1804 5126 πάντη

232 5152 425 5223 ἡλικίᾳ
448 5150 547 5221 τὴν
570 5147 843 5217 κοσμικὴν
868 5145 1177 5199 απόθωνται
1198 5146 1388 5216 τρίχα,
1406 5142 1602 5214 βεϐαία
1628 5143 1804 5209 ισται,

234 5247 312 5309 ὡς
342 5243 465 5310 ἑμοὶ
495 5242 665 5301 δοκεῖ,
698 5239 787 5291 καὶ
812 5240 891 5301 είς
919 5238 978 5289 to
1002 5236 1183 5307 ἑξῆςὴ
1216 5235 1474 5305 ὁμολογία
1508 5235 1695 5289 αὐτοῦ.

313 5333 563 5389 ΖΩΝΔΡ.
618 5331 726 5393 τὰς
774 5328 1076 5398 παρθενίαν
1134 5327 1631 5395 ἑπαγγειλαμένσς,
1688 5320 1807 5378 εἶτα

241 5413 582 5488 ἑκπεσοῦσας
616 5425 712 5477 καὶ
747 5422 1097 5490 ἀθετησάσας
1130 5420 1231 5483 τὰς
1252 5420 1460 5472 ἑαυτῶν
1512 5419 1809 5486 συνθήκας,

239 5521 363 5591 ἦτοι
395 5516 491 5578 τὰς
528 5512 873 5582 ὑποσχέσεις,
906 5512 956 5565 oi
987 5511 1086 5580 μὲν
1154 5509 1506 5577 παλαιότεροι
1571 5508 1814 5578 Πατέρες

239 5603 869 5677 συγκαταϐατικώτερον
960 5602 1354 5673 διατιθέμενοι,
1410 5604 1485 5665 ὡς
1534 5594 1725 5664 -οὖτος
1787 5603 1815 5655 ὁ

238 5704 396 5773 ιγιος
436 5697 607 5766 λέγει,
644 5697 737 5748 ἑπὶ
768 5695 1015 5749 ἑνιαυτδν
1060 5692 1415 5763 ἀφορέζεσθαι
1481 5691 1812 5758 διετάξαντο,

242 5797 336 5849 καὶ
368 5790 507 5865 μετὰ
543 5790 715 5845 ταῦτα
735 5785 1008 5855 δέχεσθαι.
1035 5788 1179 5841 κατὰ
1210 5788 1338 5841 τοὺς
1384 5784 1412 5837 δ
1438 5786 1651 5855 γάμους
1677 5801 1687 5812 ·
1718 5778 1812 5838 οὖ.

558 5890 824 5949 Pas-non.
855 5884 974 5944 Gn.
1006 5874 1394 5947 CXXXVIII.

1918 4674 2079 4732 aliam
2102 4692 2347 4732 causam.
2383 4677 2506 4731 Haec
2535 4693 2656 4731 cum
2692 4678 2947 4732 decernat
2968 4694 3162 4742 canen,
3195 4695 3261 4734 ne
3285 4681 3489 4735 dixeris

1916 4782 2037 4823 eum
2077 4767 2299 4837 intelligi
2338 4768 2404 4823 de
2455 4769 2781 4825 monialibus
2824 4769 2907 4824 vel
2950 4771 3199 4825 as¢etriis
3234 4774 3354 4841 (seu
3400 4774 3487 4827 di-

1915 4860 2055 4911 vina
2090 4858 2423 4913 meditationi
2448 4858 2641 4914 dicatis
2697 4860 3043 4929 virginibus):
3102 4861 3203 4916 etsi
3242 4864 3384 4923 enim
3434 4866 3485 4918 in

1916 4948 2109 5002 minori
2139 4958 2297 5003 atate
2328 4950 2533 5004 crinem
2566 4951 2881 5007 secularem
2931 4952 3298 5022 deposuerint,
3333 4954 3489 5009 ﬁrma

1914 5039 2043 5104 erit,
2074 5049 2135 5095 ut
2169 5040 2297 5094 mihi
2328 5041 2561 5106 videtur,
2620 5044 2687 5096 ad
2722 5041 2774 5096 id
2829 5042 2974 5112 quod
3024 5043 3277 5114 deinceps
3306 5048 3489 5122 sequi.

1918 5138 2025 5193 tnr,
2054 5128 2225 5198 ipsius
2253 5127 2542 5201 professio.

1986 5326 2235 5383 ZONAR.
2290 5327 2419 5393 Qua
2466 5329 2824 5399 virginitatem
2878 5340 3003 5387 sunt
3064 5334 3340 5404 prefessa,
3392 5352 3489 5403 po-

1915 5428 2031 5473 stea
2076 5434 2209 5474 vero
2230 5420 2544 5474 exciderunt
2598 5432 2653 5475 et
2707 5436 2802 5477 sua
2843 5434 3023 5492 pacta.
3069 5426 3172 5481 hoc
3218 5437 3322 5494 est,
3364 5444 3488 5497 pro-

1915 5508 2206 5563 missiones
2231 5508 2479 5565 fecerunt
2530 5512 2738 5576 irritas,
2764 5514 2969 5584 antiqui
2996 5514 3185 5571 Patres
3228 5518 3401 5573 lenius
3426 5534 3487 5574 se

1917 5617 1981 5657 ac
2008 5603 2324 5659 clementius
2348 5614 2618 5673 gerentes,
2651 5617 2709 5659 ut
2738 5617 2965 5663 sanctus
3010 5607 3096 5663 hic
3141 5611 3218 5665 vir
3259 5612 3355 5679 ait,
3382 5628 3489 5665 uno

1923 5708 2067 5748 anno
2100 5694 2488 5762 segregandas,
2523 5704 2579 5749 et
2623 5710 2691 5751 eo
2723 5707 2918 5753 exacto
2967 5714 3117 5754 more
3155 5702 3489 5770 digamorum

1920 5784 2281 5843 admittendas
2315 5800 2435 5843 esse
2457 5786 2836 5845 decreverunt.
2871 5789 2969 5845 llic
3025 5807 3153 5849 vero
3200 5794 3345 5865 ipsas
3380 5813 3495 5868 ρωο

2983 5886 3061 5948 ‘21
