4224 6446
260 404 368 469 653

1182 401 1262 461 IN
1296 398 1542 460 EPIST.
1587 399 1650 458 S.
1684 396 1976 459 BASILII
2017 394 2461 459 CANONICAM
2516 392 2593 452 ll.

3414 391 3517 453 654

261 526 355 581 τὸν
386 525 445 576 ἑν
479 519 740 589 ἁγιασμῷ
784 519 1215 589 προτιμήσασαν
1276 516 1428 586 βίον·
1498 516 1548 567 εί
1622 512 1848 585 παραϐῇ
1883 520 1923 575 Α

1883 520 1923 575 Α
1957 513 2124 566 vitam
2159 512 2211 565 in
2242 508 2604 566 sanctimonia
2641 516 2815 561 actam
2852 502 3181 573 anteposuit,
3213 503 3255 555 si
3312 504 3523 569 profes-

264 615 367 678 τὰς
395 612 713 684 ὁμολογίας.
747 610 845 665 καὶ
862 609 961 679 τὴν
992 610 1133 678 πρδς
1160 609 1253 662 τδν
1316 608 1549 677 νυμφίον
1605 605 1844 675 Χριστὸν

260 707 462 759 ῐνωσιν
487 703 775 774 ἀτιμάσει,
825 702 1043 768 ἡδοναῖς
1095 700 1421 763 ἀκολάστοις
1472 699 1677 769 ἑαυτὴν
1727 698 1847 751 ἑπι-

262 796 452 860 δοῦσα,
502 795 563 848 ού
611 792 1095 865 παραδεχθήσεται
1147 790 1325 855 ἀλλως
1401 793 1467 861 τῇ
1516 790 1842 861 Ἐκκλησία,

262 888 431 955 εἰμὴ
500 883 688 953 παυθῇ
764 882 866 951 τῆς
915 882 1217 951 ἁμαρτίας,
1274 880 1370 934 καὶ
1438 881 1685 934 διαλύσει
1785 880 1847 933 τδ

262 977 510 1045 ἀθεσμον
585 978 948 1029 συνοικὲσιον.
1028 972 1203 1028 Τοῦτο
1288 972 1397 1043 γὰρ
1471 972 1845 1036 διασπάσασα,

261 1070 362 1119 aut
440 1068 908 1135 μεταμεληθεῖσα,
993 1068 1084 1118 τὸν
1120 1084 1131 1096 ·
1161 1066 1357 1133 χρόνον
1431 1062 1527 1115 τοῦ
1612 1063 1708 1116 επὶ
1779 1065 1846 1131 τῇ

267 1151 490 1227 μοιχείᾳ
513 1158 919 1227 ἁμαρτήματος
977 1155 1357 1226 εκπληρὼσει,
1406 1152 1550 1209 ῶστε
1609 1155 1667 1207 ὲν
1716 1152 1851 1206 δέκα

268 1251 371 1304 καὶ
434 1252 595 1303 πέντε
634 1250 816 1303 ιτεσιν
864 1247 1237 1318 ἀκοινώνητον
1321 1245 1495 1315 αὐτὴν
1543 1243 1686 1299 εἶναι
1740 1242 1851 1296 τῶν

266 1342 634 1408 ἀγιασμάτων
660 1356 676 1370 ⁸
708 1343 766 1394 ιν
795 1340 1093 1409 τέσσαρσιν
1111 1339 1291 1393 ῑτεσιν
1313 1338 1372 1402 ιε
1394 1336 1573 1389 αὐτῶν
1598 1335 1707 1388 τῶν
1727 1351 1850 1387 πεν-

266 1434 565 1487 τεκαίδεκα
606 1434 739 1487 ιτῶν
771 1432 1217 1502 προσκλαίονσαν
1252 1431 1375 1499 μιν,
1436 1431 1495 1482 ιν
1564 1427 1727 1481 πέντε
1793 1426 1848 1480 δὲ

266 1528 383 1588 τοῖς
401 1525 778 1593 ἀκροωμένοις
810 1523 920 1576 τῶν
969 1522 1131 1577 θείων
1182 1522 1417 1594 Γραφῶν
1479 1520 1851 1588 συνταττομέ-

265 1635 405 1681 νων,
442 1619 500 1668 δν
539 1618 840 1685 τέσσαρσιν
872 1619 1317 1678 ὑποπίπτουσαν,
1352 1613 1449 1667 καὶ
1500 1615 1559 1666 ἐν
1596 1612 1717 1666 δυσὶ
1742 1613 1853 1673 τοῖς

268 1710 493 1771 πιστοῖς
513 1707 891 1771 συνεστῶσαν,
926 1706 1150 1761 καὶτῶν
1179 1705 1360 1776 εὐχῶν
1427 1704 1799 1758 κοινωνοῦσαν
1836 1716 1849 1731 ⁸

1952 602 2135 657 siones
2189 617 2318 657 suas
2372 599 2725 663 transilierit,
2779 606 2836 651 et
2883 596 3197 651 unctionem
3252 610 3404 647 suam
3457 595 3526 649 ad

1954 709 2207 762 sponsam
2243 692 2559 763 neglexerit,
2590 690 2955 758 voluptatibus
2982 686 3201 742 lascivis
3226 702 3353 741 sese
3422 696 3525 739 tra-

1954 789 2106 849 dens,
2131 800 2238 839 non
2288 785 2447 838 aliter
2488 784 2542 837 in
2615 780 2916 835 Ecclesiam
2978 778 3290 847 t'et'ipietttr,
3341 777 3445 832 nisi
3499 792 3528 829 a

1956 888 2177 950 peccato
2216 885 2414 941 cisset,
2438 884 2490 927 et
2520 873 2862 942 Ult'gitimttm
2896 870 3301 924 matrimonium
3330 869 3528 925 dissol—

1958 984 2066 1025 vat.
2095 971 2244 1026 Istud
2281 970 2423 1024 enim
2449 968 2784 1031 distrahens,
2818 974 2873 1019 et
2921 964 3303 1034 pmnitcntiam
3364 978 3527 1030 agens

1960 1075 2172 1133 tempus
2200 1064 2411 1133 peccati
2453 1064 2507 1116 in
2559 1059 2921 1114 fornicatione
2979 1057 3243 1122 explebit,
3282 1063 3419 1110 adeo
3476 1066 3534 1109 ιιι

1957 1160 2075 1229 ipsa
2122 1157 2436 1226 quindecim
2500 1154 2662 1207 annis
2731 1160 3201 1206 sacramentorum
3280 1164 3387 1202 non
3457 1150 3529 1203 sit

1956 1251 2249 1318 particeps,
2308 1256 2544 1315 quatuor
2592 1246 2823 1299 istorum
2875 1241 3185 1312 quindecim
3262 1257 3533 1295 annorum

1957 1353 2132 1395 annos
2159 1338 2389 1399 deflens,
2438 1339 2676 1408 quinque
2701 1345 2882 1389 autem
2921 1336 3062 1389 inter
3093 1348 3187 1388 eos
3250 1334 3341 1403 qui
3398 1334 3538 1386 divi-

1956 1446 2054 1487 nas
2075 1430 2385 1500 Sct'ipturas
2409 1430 2656 1495 audiunt,
2683 1426 2969 1491 collocata,
2991 1433 3221 1495 quatuor
3240 1425 3535 1488 substrata,

1956 1532 2011 1579 et
2033 1523 2243 1578 duobus
2276 1524 2417 1577 inter
2456 1522 2639 1576 ﬁdeles
2688 1522 3014 1582 constituta,
3052 1527 3107 1570 et
3166 1532 3385 1585 precum
3412 1532 3537 1586 par—

1960 1616 2157 1685 ticeps,
2185 1622 2239 1668 et
2263 1623 2385 1684 post
2416 1612 2733 1682 quindecim
2762 1625 2934 1666 annos
2982 1608 3333 1680 perfectionis
3388 1625 3540 1664 com-

1961 1721 2057 1774 pos
2117 1707 2209 1759 flat
2259 1714 2315 1761 et
2360 1706 2539 1759 divina
2613 1702 2997 1758 communione
3045 1702 3203 1771 digna
3256 1702 3539 1755 habeatur.

265 1803 368 1854 καὶ
405 1799 545 1869 μετά
569 1800 662 1852 τὸν
686 1798 1179 1853 πεντεκαιδέκατον
1214 1798 1448 1868 χρόνονν
1492 1793 1589 1848 τοῦ
1644 1793 1854 1847 τελείον

1846 1812 1854 1845 ι
1960 1797 2219 1864 Quamvis
2265 1798 2352 1851 hic
2386 1811 2560 1851 canon
2618 1794 2845 1864 requirit
2899 1807 3019 1848 eam
3071 1806 3233 1860 supra
3280 1790 3514 1845 sedecim

263 1894 476 1961 τυχεῖν,
515 1890 735 1960 καὶτῆς
786 1890 936 1953 θείας
990 1890 1276 1951 κοινωνίας
1354 1887 1681 1956 ἀξιωθῆναι.
1739 1884 1862 1939 Κᾶν
1896 1876 1931 1931 Β

1896 1876 1937 1931 Β
1972 1891 2055 1944 vel
2086 1888 2471 1957 septemdecim
2505 1902 2676 1941 annos
2709 1901 2833 1941 esse
2881 1900 2999 1953 quze
3060 1884 3116 1937 in
3154 1884 3417 1952 virginum
3451 1898 3543 1934 or-

263 1983 295 2033 ὸ
328 1983 515 2034 κανῶν
544 1974 701 2044 οὗτος
733 1980 875 2050 ὑπὲρ
915 1981 982 2032 τὰ
1014 1979 1213 2043 sua:
1243 1979 1279 2050 ή
1302 1980 1395 2032 καὶ
1443 1976 1723 2031 δεκαεπτά
1752 1976 1851 2045 ἔτη

1954 1984 2137 2038 dinem
2183 1980 2393 2035 admitti
2418 1979 2673 2048 cupit,ut
2718 1975 3155 2046 quandoquidem
3206 1984 3335 2027 tune
3381 1974 3544 2026 ratio-

264 2074 480 2143 ἀπαιτῇ
514 2066 779 2142 εἶναιτὴν
849 2070 1263 2142 ἔκλιπαροῦσαν
1328 2069 1745 2141 Μραδεχθῆναι
1774 2069 1857 2129 είς

1959 2067 2294 2131 cinationum
2327 2072 2401 2125 sit
2440 2070 2681 2132 domina,
2717 2076 2772 2123 et
2794 2067 3114 2136 completam
3149 2066 3337 2118 habeat
3389 2066 3546 2117 ratio-

266 2166 330 2217 τὸ
354 2164 469 2217 τῶν
503 2164 790 2235 παρθένων
824 2164 1012 2235 τάγμα
1042 2181 1057 2194 ο
1101 2165 1168 2219 [ν’
1195 2164 1272 2228 ῶς
1326 2163 1627 2233 τηνικαῦτα
1696 2160 1861 2231 κυρία

1965 2182 2112 2231 nem,
2140 2166 2184 2219 si
2216 2165 2612 2234 promissiones
2647 2178 2772 2217 suas
2824 2160 3129 2225 violaverit,
3195 2159 3544 2213 inexorabili—

270 2250 414 2311 οὖσα
438 2256 547 2310 τῶν
576 2255 881 2327 λογισμῶν,
907 2257 1001 2309 καὶ
1023 2256 1118 2323 τὴν
1149 2255 1245 2308 τοῦ
1276 2256 1435 2323 λόγου
1466 2255 1863 2324 συμπλήρωσιν

1968 2270 2051 2315 ter
2082 2273 2273 2327 pmnas
2312 2260 2443 2310 luat.
2474 2258 2540 2310 At
2591 2254 3048 2324 quadragesimus
3080 2262 3251 2306 sexus
3283 2253 3335 2305 in
3360 2251 3544 2305 Trnllo

267 2348 500 2420 εχουσα,
531 2347 872 2417 είάθετήσει
942 2346 1043 2409 τὰς
1103 2347 1403 2417 συνθήκας,
1460 2346 1858 2416 ἀπαραιτήτως

1968 2349 2161 2419 synodi
2192 2363 2366 2402 canon
2409 2348 2573 2401 etiam
2604 2343 2845 2414 eumqui
2902 2360 3023 2399 cum
3080 2344 3265 2400 dacem
3318 2344 3391 2399 sit
3444 2360 3546 2397 an-

267 2439 543 2509 κολασθῇ.
589 2438 735 2493 ‘AD.’
786 2434 880 2492 οὖν
940 2442 970 2492 ό
1020 2437 1465 2511 τεσσαρακοστδς
1529 2434 1709 2490 κανῶν
1755 2436 1857 2505 τῆς

1962 2457 2154 2496 norum
2179 2442 2365 2512 jugum
2396 2440 2754 2494 monasticum
2790 2449 2875 2493 est
2900 2447 3252 2507 suscepturus
3286 2439 3541 2503 admittit,

269 2534 332 2585 εν
354 2532 434 2602 τῷ
459 2531 721 2603 Τρούλλῳ
752 2531 919 2602 ἕκτης
957 2533 1199 2596 συνόδου,
1237 2534 1333 2587 καὶ
1387 2532 1479 2585 τὸν
1538 2532 1671 2587 δέκα
1720 2533 1860 2586 ἑτῶν

1963 2543 2021 2588 ιιι
2070 2534 2312 2589 Ecclesia
2346 2534 2625 2600 potentior
2657 2532 2875 2597 evadat,
2936 2541 2993 2587 et
3043 2530 3278 2586 fidelium
3320 2547 3546 2601 congre—

267 2623 427 2691 ὂντα,
504 2624 771 2695 μελλοντα
842 2627 935 2712 τῦγ
1016 2624 1309 2695 μοναδικδν
1365 2624 1527 2694 ζυγὸν
1584 2624 1862 2691 ὑπελθεῖν,

272 2715 676 2786 παραδέχεται,
708 2716 799 2770 διὰ
824 2715 883 2769 τὸ
912 2716 1011 2787 τὴν
1056 2716 1392 2787 Ἐκκλησίαν
1456 2716 1861 2786 κραταιοτέραν

1961 2628 2114 2697 gatio
2170 2628 2236 2681 ad
2288 2628 2669 2681 mandatorum
2724 2624 3164 2680 observationem
3218 2625 3309 2680 Dei
3373 2627 3543 2695 gratia

1969 2720 2125 2773 firma
2149 2718 2466 2786 stabilisque
2509 2717 2624 2774 fiat.

270 2807 553 2872 γενέσθαι,
584 2807 677 2860 καὶ
705 2808 768 2861 τδ
796 2805 906 2860 τῶν
936 2806 1145 2859 πιστῶν
1181 2806 1435 2878 σύστημα
1460 2809 1599 2871 πρὸς
1634 2807 1733 2879 τήν
1753 2807 1862 2862 τῶν
1889 2808 2121 2863 ἐντολῶν
2150 2809 2385 2881 τήρησιν
2446 2810 2628 2882 χάριτι
2685 2812 2808 2881 θείᾳ
2866 2812 3066 2882 πάγιόν
3088 2829 3149 2865 τε
3202 2812 3297 2867 καὶ
3366 2813 3548 2879 dat-ga-

270 2898 359 2963 tt,
394 2894 551 2953 εἶναι.

865 3040 1104 3095 ΚΑΝΩΝ
1129 3038 1229 3097 ιϐ’.

284 3151 530 3223 Ἀνδρῶν
556 3151 614 3204 δὲ
636 3151 930 3221 ὁμολογίαν
954 3155 1055 3207 οὐκ
1080 3152 1349 3223 εγνωμεν,
1371 3152 1508 3225 πλὴν
1538 3154 1588 3207 εί
1620 3153 1696 3225 μή
1724 3170 1868 3216 τινες

2540 3038 2771 3095 CANON
2836 3038 2979 3094 XIX.

1972 3151 2224 3207 Virorum
2256 3160 2439 3207 autem
2474 3153 2844 3220 professiones
2872 3168 2980 3207 non
3014 3152 3262 3206 novimus
3319 3161 3547 3218 prater.

348 3242 580 3304 ιαυτοὺς
603 3244 681 3312 τῷ
707 3244 952 3312 τάγματι
975 3244 1085 3296 τῶν
1130 3245 1474 3313 μοναζόντων
1527 3245 1863 3315 ἔγκατηρίθ-
1889 3234 1936 3294 C

1889 3234 1936 3294 C
2036 3260 2198 3314 quam
2222 3245 2374 3314 siqui
2406 3260 2467 3300 se
2498 3247 2644 3314 ipsos
2661 3247 3054 3300 monachorum
3085 3245 3547 3299 ordiniaunumc-

348 3351 538 3404 μησαν
564 3350 580 3365 ·
606 3334 656 3386 οῖ
689 3336 832 3389 κατά
864 3336 924 3387 τὸ
957 3335 1318 3401 σιωπώμενον
1340 3336 1557 3389 δοκοῦσι
1616 3336 1855 3406 «apalis-

343 3426 537 3494 χεσθαι
574 3424 672 3496 τὴν
699 3428 960 3493 ἀγαμίαν.
1000 3427 1147 3494 Πλὴν
1176 3427 1269 3480 καὶ
1296 3423 1385 3479 ἐπ’
1407 3427 1653 3491 ἐκείνων,
1683 3428 1859 3479 εκεῖνο

347 3516 595 3586 ήγοῦμαι
629 3518 990 3587 προηγεῖσθαι
1031 3518 1356 3589 προσήκειν,
1415 3516 1729 3587 ἐρωτᾶσθαι
1764 3517 1860 3569 αἱ·

345 3612 475 3673 τοὺς
535 3609 632 3663 καὶ
662 3607 1039 3675 λαμϐάνεσθαι
1064 3610 1163 3679 τὴν
1196 3607 1327 3680 παρ’
1354 3608 1536 3664 αὐτῶν
1566 3609 1859 3678 ὁμολογίαν

344 3700 577 3770 ἐναργῆ,
644 3698 787 3753 ῶστε
863 3701 1082 3755 ἐπειδὰν
1158 3699 1539 3770 μετατίθενται
1594 3704 1726 3771 πρὸς
1770 3701 1863 3753 τὸν

345 3794 684 3863 φιλόσαρκον
707 3794 803 3846 καὶ
834 3792 1085 3863 ήδονικδν
1116 3789 1251 3861 βίον,
1286 3790 1522 3850 ὑπάγειν
1552 3790 1751 3853 αὐτοὺς
1782 3789 1863 3859 τῷ

347 3885 459 3939 τῶν
479 3885 857 3955 πορνενόντνων
889 3883 1180 3953 ιπιτιμίῳ.

347 3996 552 4049 ΒΔΔΣ.
592 3995 913 4066 Σημείωσαι
961 3995 1072 4047 ἀπὸ
1119 3993 1217 4047 τοῦ
1291 3993 1560 4065 παρόντος
1613 3993 1859 4060 κανόνος,

272 4088 551 4155 λέγοντος,
601 4086 825 4155 ’Δνδρδς
863 4086 921 4139 δι
942 4086 1240 4156 ὁμολογίας
1267 4086 1368 4139 οὐκ
1419 4085 1690 4155 ἔγνωμεν,
1722 4086 1863 4157 πλὴν

272 4182 323 4234 εί
358 4183 437 4249 μή
459 4196 601 4242 τινες
633 4179 864 4241 ἑαυτοὺς
914 4178 993 4248 τῷ
1054 4178 1301 4246 τάγματι
1346 4176 1459 4230 τῶν
1520 4176 1864 4245 μοναζόντων

272 4268 790 4340 ἐγκατηρίθμησαν,
821 4269 904 4321 ὅτι
937 4270 996 4321 ιν
1026 4266 1104 4337 τῷ
1139 4266 1210 4337 ιη’
1236 4267 1421 4321 κανόνι
1451 4269 1512 4321 οὺ
1539 4267 1672 4338 περὶ
1697 4285 1863 4338 μονα-

274 4361 484 4425 ζόντων
514 4354 695 4427 εἶπεν,
728 4359 867 4413 ἀλλά
922 4360 1054 4429 περὶ
1118 4358 1407 4429 παρθένων
1447 4358 1863 4430 ἀφοριζομένων

271 4454 351 4523 τῷ
382 4452 507 4522 Θεῷ
543 4452 690 4522 μετά
720 4451 916 4505 λαῖκοῦ
967 4452 1272 4521 σχήματος.
1337 4450 1643 4518 ’Δνάγνωθι
1672 4452 1771 4520 τῆς
1804 4453 1863 4504 ιν

2034 3344 2266 3390 rarunt:
2303 3336 2395 3405 qui
2424 3336 2585 3389 tacite
2612 3335 2865 3389 videntur
2899 3335 3209 3390 caelibatum
3239 3336 3543 3389 admittere.

2032 3426 2137 3482 Sed
2170 3428 2223 3481 in
2258 3426 2365 3482 illis
2394 3442 2610 3496 quoque
2632 3428 2889 3482 existimo
2910 3431 3220 3496 pratcedere
3262 3438 3543 3497 oportere.

2038 3532 2097 3573 ut
2134 3520 2236 3588 ipsi
2279 3528 2716 3588 tnterrogentur,
2751 3526 2804 3572 et
2830 3519 3060 3573 evidens
3118 3519 3360 3584 ipsorum
3401 3522 3548 3573 acci-

2031 3611 2216 3678 piatur
2250 3609 2539 3678 professio,
2568 3618 2627 3663 ut
2674 3619 2961 3679 postquam
2994 3623 3054 3664 se
3085 3610 3151 3663 ad
3193 3609 3539 3664 libidinosam

2033 3717 2085 3760 et
2111 3705 2471 3773 voluptariam
2518 3704 2683 3757 vitam
2742 3704 3134 3769 converterint,
3198 3718 3389 3759 eorum
3452 3704 3542 3771 qui

2036 3796 2373 3851 fornicamur
2401 3795 2669 3865 punitioni
2692 3793 3074 3865 subiiciantur.

2035 4004 2235 4061 BALS.
2272 4004 2408 4061 Nota
2436 4020 2502 4060 ex
2548 4003 2799 4074 prmsenti
2853 4017 3066 4059 canone
3106 4004 3338 4067 dicente,
3388 4002 3548 4058 Viro-

1964 4112 2083 4151 rum
2114 4107 2293 4151 autetn
2328 4096 2695 4165 professiones
2726 4110 2833 4149 non
2872 4095 3145 4159 novimus,
3185 4105 3545 4163 praeterquam

1965 4188 2123 4257 siqui
2153 4190 2382 4257 seipsos
2431 4190 2483 4242 in
2533 4188 2928 4243 monachorum
2985 4203 3271 4242 numerum
3342 4190 3543 4243 retule-

1968 4285 2123 4341 runt,
2146 4278 2291 4347 quod
2326 4278 2377 4331 itt
2414 4292 2623 4332 canone
2651 4278 2719 4334 18
2780 4294 2884 4333 ιιοη
2946 4278 3013 4333 de
3077 4277 3356 4333 nzonatltis
3381 4318 3395 4340 ,
3452 4279 3547 4331 sui

1964 4365 2033 4420 de
2083 4367 2388 4437 virginibus
2442 4368 2550 4421 Deo
2641 4383 2762 4421 cum
2798 4367 2935 4422 laico
2996 4368 3181 4422 habitu
3247 4367 3546 4436 segrt‘gatis

1966 4458 2176 4513 locutus
2229 4470 2331 4514 est.
2390 4458 2535 4529 Lege
2593 4459 2913 4530 Garthagin.
2966 4474 3089 4529 syn.
3126 4473 3246 4512 can.
3297 4458 3351 4520 6,
3383 4458 3451 4511 ιι
3492 4471 3546 4513 et

274 4544 611 4615 Καρθαγινῃ
636 4544 860 4598 συνόδου
891 4544 1096 4597 κανόνα
1132 4549 1209 4609 ς’,
1259 4537 1343 4613 μδ’
1390 4544 1484 4595 καὶ
1530 4534 1683 4611 ριὶς’.
1721 4542 1860 4604 Τοὺς
1892 4574 1940 4633 υ

1892 4574 1940 4633 υ
1969 4548 2093 4605 126.
2126 4548 2420 4605 Monachos
2446 4558 2624 4603 autem
2675 4548 2827 4614 dicit,
2860 4550 3078 4604 etiamsi
3115 4549 3277 4603 tacite
3324 4549 3544 4603 videan-

276 4638 466 4707 μέντοι
496 4636 769 4705 μοναχούς
800 4650 961 4704 φησι.
1012 4633 1113 4688 κάν
1141 4635 1239 4687 καὶ
1299 4633 1503 4687 δοκῶσι
1563 4633 1858 4704 σιωπηρῶς

272 4725 670 4781 κατατίθεσθαι
698 4724 979 4792 ἁγνεύειν,
1000 4725 1151 4796 ὅμως
1180 4725 1427 4793 ὀφείλειν
1476 4725 1572 4778 καὶ
1634 4723 1860 4788 τούτους

269 4819 608 4889 ιρωτᾶσθαι,
650 4818 744 4869 καὶ
780 4817 1072 4886 ὁμολογεῖν
1104 4816 1355 4888 ἀγαμίαν
1405 4834 1422 4850 ο
1450 4816 1564 4881 ἵνα,
1601 4818 1698 4870 ιάν
1720 4816 1858 4888 ψεύ-

270 4926 499 4973 σωνται,
560 4910 635 4971 ὼς
696 4906 1104 4974 πορνεύσαντες
1163 4907 1573 4979 ῒπιτιμηθῶσι.
1638 4910 1858 4969 Τούτων

270 5000 339 5071 δή
360 4999 537 5063 οὕτως
565 4999 823 5069 ἑχόντων,
856 4998 931 5067 μὴ
963 4995 1130 5069 εἴπῃς
1154 4996 1231 5060 ῶς
1295 4998 1343 5050 oi
1406 4998 1483 5069 μή
1531 5002 1858 5070 ποιήσαντες

276 5094 509 5163 μοναχοὶ
542 5090 803 5159 τοιαύτην
828 5086 1124 5159 ὁμολογίαν
1152 5086 1482 5159 ἀνέγκλητοι
1512 5088 1856 5163 διατηρηθή-

273 5201 482 5237 σονται.
520 5183 643 5236 Κᾶν
677 5183 787 5251 γὰρ
818 5180 894 5252 μὴ
923 5181 1181 5249 ἀποκαρῇ
1218 5196 1323 5246 τις,
1398 5179 1537 5234 ἀλλά
1620 5183 1855 5251 ρασοφο-

269 5278 441 5346 ρήσῃ,
471 5276 529 5327 οὗ
550 5275 843 5345 δυνήσεται
873 5272 1471 5345 μετασχηματισθῆναι
1518 5274 1613 5327 καὶ
1648 5275 1728 5337 είς
1753 5276 1855 5343 γά-

270 5386 376 5441 μον
407 5367 604 5434 Mdv,
646 5367 785 5421 ἀλλά
834 5367 984 5421 ἀκων
1052 5365 1539 5436 ἀναγκασθήσεται
1587 5366 1856 5439 ὑποστρέ-

265 5465 372 5534 ψαι
399 5463 482 5523 είς
514 5461 609 5514 τὸν
639 5461 944 5529 μοναχικδν
971 5458 1109 5529 βίον,
1149 5459 1226 5520 ῶς
1268 5458 1532 5521 πολλάκις
1584 5458 1745 5514 τοῦτο
1778 5461 1856 5514 εί-

265 5570 472 5626 πομεν.
502 5553 577 5606 Τὸ
601 5553 735 5609 αὐτὸ
763 5553 819 5605 δὲ
840 5552 991 5605 ίσται
1028 5551 1125 5605 καὶ
1163 5552 1245 5614 si;
1295 5552 1559 5620 μοναχάς,
1592 5549 1729 5603 ἀλλά
1759 5552 1854 5606 καὶ

265 5649 347 5708 εις
378 5646 585 5705 πάντας
613 5642 744 5705 τοὺς
776 5641 867 5693 τοῦ
892 5640 1160 5712 βήματος.
1192 5639 1303 5693 Καὶ
1324 5633 1471 5693 οὗτοι
1500 5639 1609 5711 γάρ
1637 5656 1851 5709 σιωπή.

269 5738 378 5809 ρῶς
406 5734 655 5788 δοκοῦσιν
687 5732 973 5802 ὁμολογεῖν
1014 5735 1090 5803 μή
1122 5733 1303 5787 ἐλθεῖν
1341 5734 1425 5796 είς
1469 5733 1647 5802 γάμον
1714 5732 1853 5801 μετά

266 5831 371 5898 τὴν
405 5824 764 5898 χειροτονίαν,
795 5824 889 5878 καὶ
912 5822 1347 5895 παραξαίνοντες
1368 5823 1459 5877 τὸν
1480 5822 1681 5877 κανόνα
1708 5821 1848 5875 καθ-

1966 4654 2055 4697 ιιιι·
2078 4643 2387 4697 eastitatem
2414 4640 2620 4703 colere,
2653 4641 2852 4695 debere
2886 4648 3066 4696 tamen
3101 4656 3196 4697 cos
3241 4642 3403 4695 etiam
3458 4645 3545 4696 in-

1962 4734 2252 4803 terrogari,
2311 4743 2367 4787 et
2419 4732 2725 4787 caelibatum
2783 4733 3068 4803 profiteri:
3114 4744 3172 4787 ιιι
3232 4735 3275 4787 si
3332 4735 3540 4789 mentiti

1960 4824 2165 4879 fuerint
2194 4832 2254 4878 ut
2295 4822 2656 4879 fornicatores
2695 4826 3019 4894 puniantur.
3050 4823 3161 4879 Etsi
3212 4834 3395 4881 autem
3429 4828 3543 4881 hwe

1960 4916 2034 4971 ita
2062 4929 2126 4971 se
2159 4914 2420 4979 habeant,
2451 4929 2519 4969 ne
2548 4916 2759 4972 dixeris
2792 4916 2939 4985 quod
2966 4918 3222 4973 monachi
3259 4919 3348 4987 qui
3394 4917 3537 4971 hanc

1961 5005 2360 5077 professionem
2398 5021 2506 5062 non
2535 5007 2739 5073 fecere,
2772 5007 3016 5063 insontes
3072 5008 3319 5078 nullique
3365 5009 3537 5077 eulpze

1958 5096 2181 5152 obnoxii
2212 5096 2602 5153 servabuntur.
2638 5096 2751 5152 Etsi
2782 5098 2930 5153 enim
3002 5114 3107 5153 non
3145 5100 3303 5153 fuerit
3349 5110 3539 5159 tonsus

1959 5188 2258 5259 quispiam,
2315 5188 2411 5243 sed
2446 5203 2573 5244 rasa
2602 5189 2920 5256 gestaverit,
2963 5204 3068 5243 non
3104 5192 3302 5259 poterit
3330 5199 3538 5245 mutare

1958 5279 2208 5335 habitum
2233 5288 2288 5335 et
2323 5282 2390 5333 ad
2428 5281 2646 5349 nuptias
2698 5281 3018 5347 convolare,
3079 5283 3174 5337 sed
3235 5282 3433 5335 invitus
3465 5285 3531 5333 ait

1958 5371 2205 5426 babitutn
2264 5370 2628 5425 monasticum
2676 5372 2880 5426 reverti
2924 5382 3188 5444 cogetur,
3242 5373 3384 5427 sicut
3432 5375 3535 5426 hoc

1955 5474 2098 5529 sape
2130 5459 2391 5515 diximus.
2421 5457 2567 5514 idem
2621 5460 2754 5515 erit.
2788 5468 2844 5514 et
2870 5461 2936 5516 de
2986 5461 3332 5524 monialibtts,
3370 5470 3424 5514 et
3466 5464 3534 5516 de

1958 5552 2212 5607 omnibus
2236 5551 2454 5607 clericis
2474 5551 2783 5607 tribunalis.
2815 5550 2949 5607 Nam
2981 5563 3035 5607 et
3070 5553 3103 5606 ii
3138 5566 3329 5607 omnes
3372 5554 3534 5608 tacito

1955 5641 2199 5714 profiteri
2228 5641 2559 5696 videnturse
2593 5641 2999 5696 matrimonium
3028 5655 3132 5694 non
3154 5650 3535 5697 contracturos

1955 5741 2076 5803 post
2107 5732 2543 5787 ordinationem:
2598 5742 2654 5787 et
2712 5747 2976 5787 canonem
3046 5732 3531 5802 transgredientes,

1954 5825 2320 5894 deponuntur.
2382 5823 2574 5892 Qnterc
2618 5836 2929 5881 sanctorum
2991 5824 3357 5894 apostolorum
3404 5842 3533 5885 ean,
