4224 6446
236 397 342 460 (‘57

1157 395 1236 458 ΙΝ
1276 397 1516 457 EPIST.
1563 397 1627 456 S.
1670 392 1963 453 BASILII
2005 388 2458 451 CANONlCAM
2502 389 2583 449 II.

3374 388 3485 451 (5'8

239 508 333 577 τὴν
368 508 644 578 ὁμολογίυ
688 508 870 562 αὐτῶν
906 507 1148 577 φανεράν
1199 507 1504 577 λαμϐάνειν
1530 523 1545 539 ·
1612 508 1722 570 ἵνα,
1760 510 1810 561 εἰ
1841 513 1852 552 Α

1956 501 1985 553 ι
2017 500 2148 554 siad
2183 500 2559 568 voluptuosam
2613 506 2661 552 ct
2729 496 3003 552 carnalem
3044 496 3209 553 vitam
3269 497 3485 555 decide-

242 599 625 667 μιταπίσωσικ.
663 600 859 653 εκτοτε
887 600 1024 669 πρὶς
1059 599 1152 652 τὸν
1201 600 1451 668 fidem.be
1500 600 1591 654 xui
1659 601 1811 670 φιλό-

234 708 443 762 σαρκον
482 690 620 762 βίον,
666 692 728 745 τὸ
782 692 890 745 τῶν
953 693 1333 765 πορνευόντων
1402 692 1682 762 επιτίμιον
1730 692 1815 745 δὲ-

233 777 457 841 ξωνται.

848 874 1090 929 ΚΔΝΩΝ
1112 877 1193 932 K'.

235 958 407 1013 Ὀσαι
439 962 697 1027 γυναῖκες
730 962 786 1016 ἰν
818 964 1031 1033 αίρεσει
1062 963 1222 1021 οὖσαι
1271 969 1572 1039 παρθενίαν
1602 970 1819 1043 ὡμολό-

310 1066 513 1117 γησαν,
543 1046 666 1105 εἶτα
709 1054 846 1122 μετά
878 1055 1052 1109 ταῦτα
1117 1058 1295 1127 γάμον
1322 1060 1655 1129 ἀνθείλοντο,
1719 1066 1819 1136 οὐχ

305 1142 553 1211 ἠγοῦμαι
578 1147 777 1213 χρῆναι
812 1148 1275 1212 καταδικάζεσθαι
1301 1151 1685 1216 ταύτας.”οσα
1711 1159 1820 1228 γάρ

304 1236 334 1286 ὁ
368 1235 531 1303 νόμος
565 1236 738 1302 λαλεῖ,
768 1242 882 1303 τοῖς
912 1243 970 1295 ιν
990 1241 1067 1312 τῷ
1096 1244 1247 1314 νόμῳ
1271 1245 1441 1303 λαλεῖ.
1476 1249 1541 1300 Δί
1565 1248 1621 1302 δὲ
1653 1251 1821 1319 μήπω

306 1328 642 1384 ἐπελθοῦσαι
678 1334 771 1386 τδν
811 1334 980 1403 ζυγὸν
1005 1338 1100 1391 τοῦ
1129 1340 1393 1409 Χριστοῦ,
1441 1342 1567 1397 ούδδ
1596 1345 1696 1414 τὴν
1718 1363 1819 1397 νο-

310 1419 575 1488 μοθεσίαν
608 1423 1035 1488 ἑπιγινώσκουσι
1082 1428 1174 1482 τοῦ
1216 1432 1515 1487 Δεσπότου.
1549 1434 1714 1489 Ὥστε
1741 1435 1826 1490 δε-

311 1510 442 1563 κταί
472 1512 579 1565 είσι
618 1516 685 1583 τῇ
727 1514 1027 1591 Ἐκκλησία
1060 1522 1203 1589 μετά
1230 1524 1449 1579 πάντων
1477 1527 1572 1580 καὶ
1602 1528 1701 1598 τὴν
1732 1532 1825 1583 επὶ

311 1601 528 1690 τούτοις
559 1604 755 1671 ἄφεσιν
789 1606 1005 1678 ἔχουσιν
1030 1612 1095 1667 ἐκ
1156 1614 1255 1685 τῆς
1299 1616 1541 1680 πίστεως
1586 1620 1684 1690 τῆς
1746 1625 1826 1686 είς

298 1689 343 1742 Χ
353 1693 562 1758 ριστὸν,
596 1696 688 1748 καὶ⁵
712 1699 947 1754 καθόλου
982 1703 1048 1757 τὰ
1079 1704 1137 1756 ἐν
1170 1706 1248 1776 τῷ
1291 1689 1687 1782 κατηχουμένφ
1726 1714 1827 1785 βίῳ

300 1789 591 1859 γενόμενα
623 1792 706 1854 είς
736 1794 971 1859 εὐθύνας
1029 1799 1131 1851 οὐκ
1183 1801 1434 1867 ἀγονται.
1489 1804 1713 1869 Τούτοις
1771 1808 1827 1861 δὲ

309 1878 475 1945 δῆλον
497 1881 576 1934 ὅτι
615 1883 748 1937 ἀνευ
767 1886 1148 1955 βαπτίσματος
1169 1890 1201 1960 ἡ
1231 1890 1530 1963 Ἐκκλησία
1561 1895 1622 1948 ού
1646 1912 1824 1966 παρα-

310 1971 553 2064 δέχεται,
583 1975 726 2031 ὥστε
750 1979 1191 2048 ἀναγκαιότατον
1232 1985 1327 2038 επὶ
1356 1985 1568 2050 τούτοις
1598 1988 1665 2042 τὰ
1698 2006 1831 2064 πρεο

315 2060 479 2115 σΰεία,
503 2065 599 2134 τῆς
631 2067 917 2133 γενέσεως.

316 2155 517 2212 ΒΛΛΣ.
563 2158 652 2222 Ὠς
679 2159 879 2229 ἔοικεν,
905 2166 1185 2235 αἱρετικαὶ
1216 2173 1474 2237 γυναῖκες
1520 2172 1834 2243 ὡμολόγουν

241 2246 596 2315 παρΟε-ιίαύ,
665 2246 786 2305 εῐτα
853 2254 1112 2324 ἀνδράσιν
1217 2260 1415 2324 ἑαυτάς
1518 2261 1785 2328 εξεδίδουν
1820 2279 1831 2292 ·

244 2342 688 2411 προσερχόμεναι
710 2344 766 2398 δὲ
795 2349 862 2417 τῇ
900 2347 1200 2422 Ἐκκλησία
1232 2350 1571 2421 ἰπετιμῶντο
1590 2354 1665 2417 ὡς
1704 2354 1835 2424 ψευ-

245 2430 509 2499 σάμεναι.
576 2434 713 2503 Φησὶ
769 2436 897 2503 γοῦν
950 2438 1183 2508 όᾶγιος,
1245 2441 1321 2513 μὴ
1376 2445 1837 2510 καταδικάξεσθαι

244 2524 457 2609 ταύτας
537 2529 700 2597 χάριν
765 2528 843 2585 ὦν
908 2534 1015 2602 πρὸ
1067 2536 1163 2589 τοῦ
1229 2538 1517 2592 πιστεῦσαι
1571 2540 1835 2609 ἐψεύσαν-

242 2630 330 2669 το.
365 2605 503 2669 Εἶτα
579 2618 809 2674 καθόλου
862 2622 1048 2679 δίδωσι
1106 2627 1309 2681 κανόνα
1383 2629 1459 2699 μὴ
1510 2605 1838 2696 κολάζεσθαι

246 2704 381 2768 τοὺς
442 2708 852 2775 πιστεύσαντας
934 2714 1030 2765 καὶ
1086 2712 1510 2782 βαπτισθέντας,
1584 2719 1714 2787 περὶ
1765 2714 1841 2771 ὧν

246 2796 511 2867 ἥμαρτον
550 2800 657 2868 πρὸ
689 2801 785 2854 τοῦ
838 2802 1246 2875 βαπτίσματος.
1292 2806 1621 2874 Αἱρετικοὺς
1648 2809 1705 2862 δὲ
1732 2812 1841 2865 νόει

248 2888 383 2949 τοὺς
441 2888 519 2958 μὴ
557 2890 734 2954 ἄλλως
761 2890 1110 2962 δεχομένους,
1172 2898 1223 2948 εί
1300 2898 1377 2967 μὴ
1435 2895 1838 2967 βαπτισθιῖωιν.

252 2977 380 3029 Eiet
424 2980 535 3049 γάρ
572 2998 723 3046 τινες
750 2983 1021 3053 αἱρετικοὶ
1078 2986 1174 3039 καὶ
1234 2989 1409 3059 χωρὶς
1464 2990 1843 3060 βαπτίσματος

248 3071 465 3131 δεκτοὶ.
508 3072 656 3144 ἀγίῳ
683 3075 951 3146 χρίσματι
986 3079 1137 3149 μόνῳ
1199 3081 1504 3151 χριόμενοι.
1548 3084 1659 3136 Καὶ
1710 3083 1843 3137 ἀνά-

249 3166 430 3231 γνωθι
458 3167 552 3220 τὸν
598 3168 647 3235 ζ’
711 3169 917 3224 κανόνα
957 3172 1061 3242 τῆς
1108 3171 1375 3244 δευτέρας
1433 3174 1679 3242 συνόδου,
1748 3177 1843 3232 καὶ
1870 3196 1914 3256 c

252 3260 466 3313 κανόνα
502 3258 571 3323 ιζ’
605 3262 715 3314 τῶν
750 3262 925 3329 ἀγίων
961 3264 1306 3320 ἀποστόλων.

327 3351 577 3406 ΖΩΝΑΡ.
628 3355 917 3421 Λίρετικαὶ
970 3358 1232 3422 γυναικες
1296 3357 1612 3428 ὡμολόγουν
1702 3379 1846 3434 παρ-

254 3443 526 3510 θενεύειν,
561 3441 681 3524 εἶτα
704 3446 962 3514 ἀνδράσιν
1016 3448 1221 3513 ἑαυτὰς
1268 3448 1559 3514 ἐξεδίδουν.
1628 3452 1845 3519 Ταύτας

259 3538 810 3609 προσερχομέναςτῇ
858 3539 1127 3610 καθολικῆ
1199 3542 1504 3615 Ἐκκλησία⁵
1556 3546 1788 3618 γνώμην
1820 3551 1849 3601 ὁ

260 3629 417 3695 ἆγιος
446 3631 633 3683 δίδωσι
668 3631 747 3701 μὴ
770 3632 1243 3696 κατᾳδικάζεσθαι
1267 3634 1344 3700 ὡς
1370 3634 1731 3706 ψευσαμίνας
1752 3638 1847 3707 τὴν

260 3722 585 3790 ὁμολογίαν.
638 3722 782 3775 Ὀσα
833 3723 965 3793 γὰρ,
994 3726 1187 3796 φησὶν,
1223 3727 1435 3798 ὁνόμος
1496 3728 1675 3793 λαλεῖ,
1718 3733 1851 3794 -τοϊς

261 3811 323 3862 ιν
369 3811 449 3881 τῷ
480 3812 633 3882 νόμῳ
667 3811 840 3867 λαλεῖ.
873 3815 937 3867 Δί
970 3814 1025 3867 δὲ
1061 3816 1139 3886 μὴ
1182 3816 1477 3885 δεξάμεναι
1537 3818 1631 3872 τὸν
1689 3821 1852 3892 ζυγὸν

263 3902 359 3957 τοῦ
390 3902 631 3973 Χριστοῦ
692 3904 815 3957 οὐδὲ
873 3905 971 3975 τὴν
1023 3906 1252 3977 ὲντολὴν
1314 3907 1532 3963 ἑκείνου
1587 3912 1852 3980 επιγινώ-

267 4012 487 4059 σκουσι,
518 3996 616 4050 καὶ
644 3996 831 4049 λοιπον
859 3997 1177 4051 δεκταίεῑσι
1226 4003 1292 4070 τῇ
1343 4001 1676 4074 Ἐκκλησία.
1718 4002 1854 4072 ἀτρε-

268 4105 357 4141 σιν
382 4088 607 4157 ιχουσαι
673 4090 735 4141 ὲκ
769 4088 867 4143 τοῦ
933 4090 1231 4145 πιστεῦσαι
1314 4093 1541 4163 Χριστῷ
1597 4097 1689 4148 καὶ
1757 4096 1855 4149 τοῦ

266 4181 514 4236 τοιούτου
547 4184 970 4253 ἁμαρτήματος.
1028 4179 1162 4237 Εἶτα
1217 4185 1450 4240 καθόλου
1502 4187 1691 4241 δίδωσι
1754 4204 1858 4242 κα-

268 4275 401 4329 νόνα
440 4275 652 4329 ἂιόσα
700 4276 760 4327 ὲν
790 4278 1191 4347 κατηχουμίνῳ
1255 4277 1355 4349 βίῳ
1418 4279 1715 4348 γίνωνται,
1758 4281 1857 4349 οὐκ

268 4366 615 4439 specum.
642 4367 766 4421 ἀντὶ
787 4366 908 4433 τοῦ,
938 4368 999 4420 ού
1041 4369 1390 4434 κολάζονται.
1457 4370 1627 4442 Πλὴν,
1697 4372 1856 4444 φησὶ,

266 4459 496 4520 τούτους
529 4459 661 4513 ἄνευ
697 4457 1079 4529 βαπτίσματος
1106 4462 1139 4528 ἡ
1182 4460 1491 4532 Ἐκκλησία
1532 4465 1593 4515 ού
1615 4464 1859 4533 παραδέ-

1916 592 2047 657 rint,
2081 590 2469 647 fornicatorum
2502 606 2680 662 pmnze
2711 589 3090 658 subiiciantur.

2520 877 2754 933 CANON
2790 876 2910 933 XX.

1920 966 2261 1037 Quaecunque
2289 968 2569 1035 mulieres,
2616 985 2741 1024 cum
2789 979 2976 1025 essent
3040 971 3331 1034 haeretica,
3385 972 3485 1024 vir-

1998 1060 2278 1129 ginitatem
2324 1061 2583 1129 professa
2636 1070 2783 1125 sunt,
2830 1062 3026 1116 deinde
3073 1071 3257 1131 postea
3304 1064 3494 1115 matri-

1998 1151 2237 1207 monium
2277 1152 2602 1217 maluerunt,
2651 1168 2755 1207 non
2816 1153 3072 1210 existimo
3113 1170 3206 1209 eas
3246 1164 3501 1223 oportere

2000 1244 2377 1299 condemnari.
2412 1245 2761 1316 Qumcunque
2784 1246 2929 1300 enim
2962 1246 3093 1302 dicit
3116 1247 3221 1309 lex,
3261 1248 3324 1300 iis
3344 1247 3499 1312 diclt,

1995 1338 2084 1404 qui
2108 1336 2320 1400 sunt,in
2356 1336 2490 1404 lege.
2516 1338 2857 1405 Qutccunque
2883 1348 3060 1393 autem
3079 1340 3267 1410 iugum
3283 1339 3489 1393 Christi

1996 1428 2229 1481 nondum
2258 1428 2561 1493 subierunt,
2586 1444 2663 1483 ea:
2696 1443 2793 1483 nec
2827 1430 3035 1484 Domini
3090 1430 3235 1499 leges
3280 1439 3498 1484 norunt.

2000 1516 2175 1581 Duare
2236 1530 2364 1575 sunt
2423 1521 2490 1574 ab
2546 1520 2786 1575 Ecclesia
2849 1536 2974 1575 cum
3024 1522 3279 1576 omnibus
3328 1523 3503 1576 susci-

1999 1606 2231 1677 piendas.
2274 1620 2329 1665 et
2383 1619 2602 1681 propter
2631 1613 2743 1668 haec
2784 1612 2985 1668 habent
3016 1614 3393 1669 remissionem
3438 1631 3506 1669 ex

2002 1703 2109 1761 nde
2149 1705 2200 1757 in
2232 1703 2534 1770 Christum,
2559 1714 2612 1761 et
2637 1708 2862 1764 omnino
2894 1723 3015 1779 quae
3046 1709 3099 1763 in
3159 1711 3508 1766 catechume-

2001 1798 2120 1851 nica
2140 1796 2245 1850 vita
2273 1797 2406 1852 nunt
2439 1797 2774 1867 iniudicium
2812 1816 2917 1857 non
2952 1812 3238 1858 vocantur.
3289 1802 3507 1857 Clarum

2002 1897 2086 1941 est
2113 1898 2293 1942 autem
2320 1888 2464 1958 quod
2500 1889 2633 1945 tales
2659 1891 2902 1948 Ecclesia
2953 1908 3057 1948 non
3092 1894 3212 1949 sine
3242 1894 3511 1964 baptismo

2006 1978 2219 2045 recipit.
2276 1976 2456 2045 Quare
2502 1982 2871 2048 generationis
2926 1983 3204 2054 privilegia
3260 1994 3386 2040 sunt
3452 1985 3502 2039 in

2003 2071 2137 2139 ipsis
2172 2071 2407 2126 maxime
2439 2074 2773 2131 necessaria.

2005 2161 2197 2217 BALS.
2236 2162 2303 2219 Ut
2337 2175 2422 2219 est
2448 2166 2766 2231 verisimile,
2800 2166 3068 2223 haeretica
3104 2169 3362 2225 mulieres
3407 2170 3517 2224 vir-

1938 2254 2221 2321 ginitatem
2251 2254 2674 2324 proﬁtebantur,
2739 2257 2936 2312 deinde
2982 2272 3042 2312 se
3097 2260 3229 2315 viris
3291 2269 3515 2327 nuptum

1940 2340 2171 2395 dabant:
2205 2341 2270 2396 ad
2313 2342 2614 2399 Erclesiam
2648 2354 2830 2400 autem
2853 2346 3179 2404 accedentes
3220 2348 3519 2418 reprehen-

1940 2432 2211 2487 tlehantur
2239 2439 2299 2487 ut
2329 2435 2589 2491 mentite.
2621 2435 2761 2491 Dicit
2813 2451 2943 2509 ergo
2977 2447 3223 2505 sanctus,
3282 2454 3379 2496 eas
3412 2455 3517 2495 non

1941 2535 2064 2575 esse
2104 2522 2548 2579 condemnandos
2581 2527 2737 2581 deiis
2757 2541 2875 2596 quae
2916 2528 3155 2583 mentitas
3184 2538 3310 2585 sunt
3366 2540 3516 2585 ante—

1941 2628 2102 2684 quam
2128 2615 2431 2671 crederent.
2468 2616 2676 2673 Deinde
2714 2618 2767 2671 in
2795 2632 3007 2673 summa
3038 2619 3202 2673 tradit
3226 2633 3518 2681 canoncm,

1946 2721 2051 2761 non
2084 2708 2277 2775 punire
2301 2722 2396 2764 eos
2440 2710 2533 2780 qui
2562 2711 2909 2766 crediderunt
2942 2720 3000 2766 et
3057 2712 3314 2781 haptizati
3372 2721 3519 2775 sunt,

1945 2798 2010 2852 de
2045 2798 2111 2853 iis
2137 2814 2257 2868 qua:
2300 2810 2426 2855 ante
2479 2799 2807 2868 baptismum
2856 2802 3273 2857 commiserunt.
3342 2803 3523 2859 Haere-

1947 2889 2084 2943 ticos
2142 2900 2322 2945 autem
2381 2905 2475 2946 eos
2556 2892 2816 2962 intelligo,
2870 2894 2961 2962 qui
3001 2909 3111 2949 non
3152 2894 3528 2965 suscipiuntur.

1946 2981 2046 3035 nisi
2084 2981 2235 3049 prius
2260 2980 2519 3050 baptizati
2556 2981 2778 3038 fuerint.
2808 2985 2946 3039 Sunt
2979 2985 3123 3041 enim
3157 2987 3375 3056 quidam
3413 2986 3527 3040 hrc-

1950 3074 2126 3138 retiei,
2172 3074 2264 3143 qui
2319 3076 2622 3131 suutetiam
2692 3077 2809 3133 sine
2863 3078 3134 3149 baptismo
3197 3079 3528 3147 suscipiendi

1947 3176 2134 3223 sancto
2163 3167 2457 3223 chrismate
2490 3168 2609 3223 solo
2666 3168 2836 3223 uncti.
2875 3168 3020 3237 Lege
3076 3178 3131 3224 et
3183 3184 3306 3224 can.
3359 3169 3389 3222 7
3441 3184 3530 3223 se-

1948 3260 2136 3314 cundm
2163 3275 2284 3330 syn.
2310 3268 2363 3313 et
2384 3275 2509 3317 can.
2536 3260 2595 3314 l7
2627 3259 2685 3315 S.
2714 3260 3118 3330 Apostolorum.

2022 3353 2276 3409 ZONAR.
2326 3354 2605 3409 llrereticte
2658 3354 2912 3409 mulieres
2987 3351 3356 3423 virginitatem
3415 3367 3531 3421 pro—

1951 3445 2262 3512 frtehantur,
2299 3446 2495 3505 deinde
2536 3447 2664 3503 viris
2706 3447 2914 3515 seipsas
2954 3442 3264 3498 tradebant.
3324 3442 3451 3505 Eas,
3486 3444 3529 3496 si

1950 3538 2016 3592 ad
2055 3535 2356 3592 Ecclesiam
2410 3538 2735 3593 catholicam
2797 3538 3118 3608 procedant,
3168 3544 3388 3591 sanctus
3448 3536 3533 3590 hic

1950 3630 2033 3683 vir
2068 3645 2166 3683 sua
2204 3630 2473 3684 sententia
2521 3628 2970 3698 haudquaquam,
3028 3627 3183 3697 quasi
3237 3625 3535 3696 professio-

1953 3738 2077 3778 nem
2104 3721 2875 3789 fefelleriot,condemnandas
2922 3734 3046 3776 esse
3082 3719 3311 3789 iudicat.
3346 3717 3514 3783 Quae-

1953 3830 2172 3883 cunque
2233 3815 2406 3880 enim,
2486 3814 2583 3879 ait,
2625 3813 2707 3867 lex
2754 3812 3020 3881 loquitur,
3066 3811 3133 3865 iis
3184 3808 3276 3879 qui
3319 3810 3372 3862 iu
3423 3807 3538 3877 lege

1953 3918 2077 3963 sunt
2108 3907 2370 3978 loquitur.
2397 3906 2529 3974 Quae
2558 3921 2687 3961 vero
2716 3904 2918 3959 Christi
2946 3905 3134 3974 iugum
3196 3918 3303 3957 non
3354 3916 3538 3956 susce-

1954 4009 2173 4070 perunt,
2204 3999 2347 4053 illius
2393 4012 2610 4068 quoque
2644 3995 2899 4050 mandata
2952 4010 3056 4049 non
3119 4002 3439 4064 agnoscunt,
3476 4007 3540 4047 ac

1955 4092 2211 4162 deinceps
2242 4093 2311 4146 α’)
2331 4090 2575 4147 Ecclesia
2600 4089 2816 4145 admitti
2868 4096 3124 4159 possunt,
3180 4087 3419 4151 veniam,
3473 4101 3539 4139 ex

1956 4199 2023 4240 eo
2048 4185 2192 4253 quod
2245 4184 2467 4240 Christo
2517 4182 2868 4247 crediderint,
2906 4180 2978 4235 ab
3021 4181 3123 4235 hoc
3181 4195 3396 4248 quoque
3430 4179 3541 4233 cri-

1958 4278 2104 4332 mine
2134 4277 2469 4332 obtinentes.
2504 4272 2642 4329 Tum
2702 4274 2754 4327 in
2785 4272 3105 4328 universum
3140 4270 3382 4341 regulam
3431 4279 3541 4323 sta-

1961 4370 2083 4434 tuit,
2122 4384 2456 4439 quaecunque
2496 4368 2755 4423 nimirum
2814 4365 2869 4421 in
2911 4362 3360 4419 catechumenica
3434 4363 3543 4416 vita

1961 4461 2398 4527 committuntur,
2434 4475 2538 4515 non
2559 4459 2738 4515 vocari
2753 4458 2809 4512 in
2824 4456 3109 4526 iudicium,
3125 4455 3227 4510 hoc
3246 4463 3349 4515 est,
3374 4450 3540 4505 haud-

268 4568 426 4622 χεται
459 4565 475 4583 ⁸
512 4554 641 4606 ἐπεὶ
712 4545 808 4605 οὖν
870 4550 1251 4621 βαπτίζονται,
1286 4553 1399 4606 τῶν
1434 4555 1542 4625 πρὸ
1608 4555 1704 4608 τοῦ
1753 4556 1852 4626 βα-

1963 4569 2239 4624 quaquam
2282 4554 2487 4622 puniri.
2522 4553 2747 4615 Adhmc,
2779 4550 2978 4619 inquit,
3005 4548 3269 4619 ejusmodi
3297 4545 3543 4600 homines

268 4644 579 4712 πτὶσματος
605 4644 943 4713 σφαλμάτων
978 4644 1201 4697 πάντων
1235 4646 1595 4715 συγχώρησιν
1636 4646 1849 4718 ἔχουσι.

267 4732 443 4791 Τοῦτο
474 4738 587 4807 γάρ
618 4735 769 4790 ἐστιν
795 4736 824 4789 ὃ
859 4737 1087 4804 ἐπάγει,
1145 4736 1226 4791 ὅτι
1276 4740 1726 4806 ἀναγκαιότατον
1761 4742 1857 4793 ἐπὶ

266 4829 498 4892 τούτους
528 4829 598 4881 τά
626 4828 896 4899 πρεσόεἶα
936 4828 1037 4899 τῆς
1064 4830 1361 4897 γενέσεως,
1418 4829 1589 4902 ἤγουν
1646 4832 1729 4884 ὅτι
1762 4833 1855 4887 ἀν·

269 4922 524 4990 αγκαίως
558 4920 745 4973 λοιπὸν
790 4921 985 4973 ἕπεται
1070 4920 1493 4991 βαπτιζομένοις
1558 4924 1744 4988 αὐτοῖς
1788 4926 1857 4979 τὰ

271 5014 544 5086 πρεσϐεία
576 5008 673 5081 τῆς
705 5013 977 5080 γενέσεως
1008 5027 1023 5043 ⁸
1064 5012 1126 5066 τδ
1170 5014 1455 5087 ἰξαίρετον
1505 5015 1706 5086 δηλαδὴ
1759 5019 1859 5087 τῆς

268 5108 327 5159 ιν
349 5104 431 5174 τῷ
456 5103 793 5174 βαπτίσματι
818 5104 1107 5171 γενέσεως,
1139 5105 1260 5175 ἦτοι
1293 5105 1395 5175 τῆς
1418 5108 1858 5178 ἀναγεννήσεως,

268 5199 297 5251 ὅ
336 5198 493 5250 ἐστιν
529 5198 561 5266 ή
598 5197 961 5271 συγχώρησις
1019 5198 1130 5252 τῶν
1187 5200 1735 5270 προημαρτημένων.
1766 5186 1862 5254 Δί-

272 5288 526 5357 ρετικοὺς
556 5286 591 5359 ἢ
620 5290 751 5350 τοὺς
786 5289 861 5357 μὴ
901 5287 1085 5351 άλλως
1121 5288 1451 5359 δεχομένους
1476 5289 1523 5341 εί
1565 5291 1640 5359 μὴ
1665 5290 1861 5361 βαπτι·

271 5377 448 5431 σθῶσι
489 5379 793 5450 νοητέον,ἢ
832 5379 961 5440 τοὺς
992 5381 1282 5443 ἀπίστους.
1359 5381 1479 5433 Elei.
1548 5384 1655 5453 γάρ
1715 5400 1859 5445 τινες

272 5472 694 5540 αίρετικοὶ,καὶ
736 5472 913 5542 χωρὶς
1003 5472 1384 5542 βαπτίσματος
1435 5473 1639 5541 δεκτοὶ,
1721 5476 1863 5548 ἁγίῳ

273 5561 543 5632 χρίσματι
580 5560 727 5632 μόνῳ
768 5562 1073 5632 χριόμενοι,
1128 5564 1256 5627 ὠςὸ
1309 5565 1379 5629 ιζ’
1419 5566 1601 5620 κανὼν
1623 5569 1720 5639 τῆς
1740 5569 1859 5623 δευ-

274 5652 444 5721 τέρας
493 5652 718 5707 συνόδου
745 5653 1120 5710 διατάττεται.
1150 5656 1313 5710 Είποι
1365 5657 1423 5710 δέ
1447 5675 1530 5721 τις
1586 5661 1865 5714 ἐναντιού-

277 5741 407 5795 σθαι
442 5743 532 5795 τὸν
565 5743 742 5813 μέγαν
777 5745 1062 5801 Βασίλειον
1092 5747 1179 5803 διὰ
1202 5748 1298 5802 τοῦ
1335 5750 1603 5820 παρόντος
1640 5753 1865 5817 κανόνος

277 5836 357 5904 τῷ
389 5837 627 5909 πέμπτῳ
658 5839 844 5894 κανόνι
900 5843 999 5912 τῆς
1055 5843 1113 5897 iv
1152 5842 1561 5913 Νεοκαισαρείᾳ
1620 5845 1863 5913 συνόδου,

1963 4645 2208 4699 Ecclesia
2237 4645 2355 4700 sine
2399 4644 2669 4714 baptismo
2694 4658 2797 4697 non
2847 4642 3085 4696 admittit
3122 4657 3136 4705 ;
3175 4639 3287 4709 78
3328 4635 3544 4706 quando

1963 4750 2131 4801 porro
2156 4733 2527 4804 baptizantur,
2562 4748 2749 4790 eorum
2776 4747 2898 4803 quae
2932 4740 3058 4785 ante
3099 4730 3426 4798 baptismum
3456 4723 3541 4776 ad-

1966 4828 2168 4884 misere
2206 4838 2555 4898 peccatorum
2609 4824 2822 4897 penitus
2878 4823 3090 4878 veniam
3122 4827 3529 4889 consequuntur

1966 4919 2537 4989 [locienimsignitieat
2570 4922 2621 4974 id
2652 4919 2794 4987 quod
2830 4916 3073 4983 subiicit,
3122 4928 3248 4969 esse
3297 4912 3547 4965 nimirum

1968 5014 2022 5069 in
2078 5012 2391 5083 huiusmodi
2453 5013 2769 5068 hominibus
2826 5007 3196 5082 generationis
3265 5004 3545 5074 privilegia

1969 5108 2203 5161 maxime
2236 5106 2567 5171 necessaria,
2599 5105 2698 5159 hoc
2727 5112 2834 5168 est,
2880 5118 3005 5157 cum
3061 5100 3165 5170 ipsi
3202 5100 3545 5169 baptizcnlm

1970 5200 2282 5255 necessario
2316 5199 2569 5269 deinceps
2592 5196 2875 5263 consequi,
2919 5206 2977 5248 ut
3006 5194 3285 5265 privilegia
3324 5204 3545 5259 genera-

1972 5292 2133 5346 tionis
2165 5292 2482 5347 obtineant:
2519 5290 2663 5358 quod
2694 5290 2951 5343 nimirum
2988 5287 3267 5357 singulare
3309 5298 3372 5336 ac
3424 5296 3547 5349 prm-

1969 5384 2189 5451 cipuutu
2220 5392 2308 5437 est
2341 5383 2392 5435 in
2420 5380 2677 5449 baptismi
2735 5378 3109 5450 generatione,
3161 5376 3276 5431 sive
3335 5388 3549 5441 regene-

1970 5476 2203 5537 rationc,
2240 5473 2511 5529 absolutio
2544 5487 2734 5541 nempe
2762 5472 2829 5525 ab
2865 5479 3132 5525 anteacta:
3160 5468 3281 5521 vita:
3311 5464 3550 5519 delictis.

1972 5568 2271 5623 Haereticos
2292 5582 2456 5637 porro
2487 5575 2581 5620 aut
2626 5580 2721 5620 eos
2773 5564 3078 5633 intelligere
3137 5567 3371 5630 Oportet,
3423 5572 3557 5626 quos

1973 5677 2079 5716 non
2107 5661 2263 5715 aliter
2298 5661 2403 5715 nisi
2442 5660 2789 5729 baptizentur
2820 5656 3031 5711 admitti
3079 5655 3158 5709 fas
3183 5663 3287 5718 est,
3317 5665 3409 5706 aut
3436 5653 3525 5705 inti

1975 5754 2143 5809 dcles.
2183 5751 2320 5807 Sunt
2349 5754 2491 5808 enim
2516 5752 2682 5820 aliqui
2735 5751 2975 5807 haeretici
3035 5749 3198 5804 etiam
3233 5749 3353 5803 sine
3381 5748 3550 5814 bapti-

1978 5862 2096 5903 suto
2127 5846 2445 5912 recipiendi,
2481 5854 2671 5902 sancto
2692 5844 2863 5901 solum
2895 5843 3190 5901 chrismate
3243 5837 3548 5911 inuugcnli,
