4224 6446
730 374 833 438 66Ἱ

1964 372 2248 435 THEOD.
2293 371 2528 429 BALSA
2538 370 2695 431 ΜοΝ

3873 371 3980 434 668

794 487 1041 558 epistola,
1091 490 1246 556 Cujus
1303 490 1611 561 exemplum
1655 501 1759 547 tua:
1809 490 2002 563 pietati
2040 493 2305 547 misimus.

2485 488 2547 541 τὺ
2578 489 2917 559 ἀντίγραφον
2944 488 3351 559 ἀπεστείλαμεν
3385 506 3478 544 σου
3510 494 3574 562 τῇ
3635 491 3896 561 εὐλαϐείᾳ
3919 508 3934 520 ·
3969 493 3998 544 6

797 580 898 642 Qui
940 590 1119 632 autem
1149 580 1229 632 sui
1280 580 1468 636 fratris
1503 597 1727 638 uxorem
1763 589 1993 656 accepit,
2026 603 2129 641 non
2161 585 2311 655 prius

798 672 1116 725 οιειηὶιιοιιπ
1155 688 1317 742 quam
1354 674 1422 727 ab
1454 690 1515 729 ea
1555 679 1864 735 recesserit.

797 760 986 816 BALS.
1023 761 1266 817 Incestus
1298 780 1515 834 quoque
1549 779 1848 833 peccaturo,
1874 779 1993 837 post
2022 771 2309 825 decessum

724 870 750 906 a
787 854 949 919 malo,
984 855 1124 907 sicut
1156 865 1207 907 et
1235 855 1337 909 alia
1390 871 1637 924 peccata.
1682 860 1751 915 ab
1782 862 2145 916 ecclesiastica
2181 877 2294 916 me-

724 948 900 999 dicina
933 950 1237 1004 curabitur.
1274 948 1644 1020 Interrogatus
1671 968 1799 1023 ergo
1822 964 2063 1019 sanctus,
2090 956 2219 1024 quid
2247 956 2312 1008 iis

727 1036 840 1087 ﬁeri
878 1046 1120 1102 Oporteat
1143 1039 1230 1105 qui
1264 1055 1382 1093 cum
1408 1040 1618 1096 duabus
1645 1044 1922 1097 sororibus
1949 1060 2058 1097 rem
2087 1045 2309 1105 habent,

723 1137 775 1181 el
807 1135 1017 1193 contra,
1047 1127 1181 1187 dixit
1229 1144 1288 1182 se
1340 1131 1405 1183 de
1459 1132 1524 1185 iis
1557 1134 1843 1199 scripsisse
1879 1134 2162 1202 epistolam
2194 1150 2206 1185 :
2244 1150 2308 1190 ea

722 1226 808 1269 est
837 1228 1014 1270 autem
1045 1234 1207 1286 quam
1236 1222 1454 1290 scripsit
1492 1226 1559 1276 ad
1592 1223 1903 1288 Diodorum,
1929 1234 1981 1279 et
2007 1226 2113 1281 illic
2129 1234 2312 1279 osten-

721 1306 864 1358 ditur
894 1308 1019 1375 quid
1056 1311 1343 1378 agendum.
1400 1313 1605 1367 Debent
1634 1326 1813 1369 autem
1846 1356 1860 1380 ,
1893 1317 1983 1385 qui
2028 1318 2130 1371 hoc
2162 1316 2311 1370 nel‘a-

726 1398 859 1448 rium
893 1401 1295 1453 matrimonium
1333 1416 1723 1459 contraxerunt
1749 1446 1764 1467 ,
1798 1424 1825 1459 a
1863 1408 2001 1460 malo
2034 1411 2306 1473 recedere,

720 1498 773 1543 et
799 1493 870 1543 ita
905 1492 970 1544 de
1001 1494 1288 1548 curatione
1334 1498 1628 1551 sciscitari.
1662 1498 1804 1567 Lege
1846 1515 1971 1568 ergo
2015 1502 2301 1568 epistolam

720 1583 785 1635 ad
826 1581 1143 1643 Diodorum.
1174 1596 1224 1637 et
1256 1603 1374 1641 ιιιιςη
1411 1589 1462 1642 in
1493 1606 1556 1643 ea
1604 1601 1762 1652 sunt.
1813 1603 1865 1647 et
1906 1608 2026 1659 cap.
2059 1593 2093 1646 2
2126 1595 2206 1649 tit.
2241 1596 2307 1650 i3

721 1675 1007 1742 praesentis
1045 1676 1252 1744 operis.

2487 579 2544 631 δὲ
2568 578 2800 648 ἀδελφοῦ
2830 580 2963 632 ίδίου
2993 583 3230 648 γυναῖκα
3254 581 3459 650 λαϐὼν,
3490 583 3551 636 οὐ
3584 583 3854 654 πρότερον
3874 582 4001 652 δεχ-

2484 667 2710 738 θήσεται
2743 670 2872 738 πρὶν
2884 669 3208 740 ἀποστῆναι.

2488 759 2686 813 ΒΑΛΣ.
2730 761 2840 812 Καὶ
2879 761 2940 812 τὸ
2991 762 3091 830 τῆς
3130 762 3454 831 αίμομιξίας
3512 762 3822 833 ἁμάρτημα
3854 760 3999 831 μετα

2412 850 2713 902 ἀπόστασιν
2729 850 2822 903 τοῦ
2843 852 3013 905 κακοῦ
3029 852 3133 907 ὑπὸ
3150 854 3248 919 τῆς
3263 853 3727 923 ὲκκλησιαστικῆς
3747 854 4000 924 ίατρεὲας

2415 938 2804 1010 θεραπεύεται,
2840 942 3033 1014 ὥσπερ
3068 945 3164 997 καὶ
3182 944 3330 998 ’ἀλλα
3356 945 3764 1015 ἀμαρτήματα·
3788 947 4003 1015 ἐρωτη-

2413 1029 2527 1093 θεὶς
2556 1030 2651 1083 οὖν
2694 1034 2722 1086 ὁ
2754 1034 2934 1101 ἅγιος,
2964 1036 3015 1087 τί
3045 1036 3152 1107 χρὴ
3174 1037 3426 1104 γίνεσθαι
3475 1037 3558 1101 είς
3586 1037 3711 1100 τοὺς
3744 1038 4001 1108 συμφθα-

2415 1126 2606 1195 ρέντας
2639 1126 2793 1178 δυσὶν
2830 1126 3110 1197 ἀδελφαῖς,
3162 1129 3256 1182 καὶ
3281 1129 3342 1182 τδ
3389 1130 3680 1191 ἀνάπαλιν.
3707 1125 3867 1183 εἶπεν
3923 1130 4002 1192 ὡς

2413 1219 2551 1287 Περὶ
2596 1219 2707 1271 τῶν
2758 1219 3022 1273 τοιούτων
3069 1220 3288 1292 ἔγραψα
3343 1222 3731 1276 ὲπιστολίδιον·
3766 1221 3887 1275 εστι
3945 1222 4003 1275 όὶ

2410 1310 2573 1362 τοῦτο
2616 1310 2677 1364 τὸ
2708 1309 2846 1379 πρὸς
2879 1311 3169 1383 Διόδωρον,
3216 1315 3313 1367 καὶ
3369 1314 3581 1367 ἐκεῖθεν
3623 1314 3884 1384 δηλοῦται
3938 1315 4005 1367 τὸ

2411 1400 2689 1466 ποιητέον.
2744 1400 2895 1463 Τέως
2935 1400 2992 1454 δὲ
3053 1401 3365 1469 ὀφείλουσιν
3410 1403 3461 1455 oi
3513 1401 3754 1456 τοιοῦτον
3817 1404 4003 1474 γάμον

2415 1490 2675 1559 ἀθέμιτον
2709 1492 3149 1557 συναλλάξαντες
3172 1496 3476 1564 ἀποστῆναι
3510 1494 3606 1546 τοῦ
3654 1492 3856 1557 κακοῦ,
3903 1493 4003 1546 καὶ

2420 1581 2598 1646 οὕτως
2629 1585 2843 1654 ἐρωτᾷν
2872 1586 2941 1637 τὰ
2994 1584 3127 1655 περὶ⁸
3188 1587 3288 1655 τῆς
3328 1586 3649 1657 Θεραπτίας.
3693 1584 4001 1651 Ἀνάγνωθι

2416 1673 2510 1727 οὖν
2532 1675 2629 1743 τὴν
2651 1676 2787 1745 πρὸς
2811 1675 3075 1744 Διόδωρον
3100 1675 3412 1746 επιστολὴν,
3435 1675 3528 1728 καὶ
3547 1675 3615 1729 τά
3643 1676 3699 1727 ιν
3718 1676 3883 1745 αὐτῇ,
3906 1675 4002 1727 καὶ

2412 1765 2471 1817 τὸ
2498 1762 2542 1833 β’
2569 1781 2696 1831 κεφ.
2736 1764 2829 1819 τοῦ
2857 1772 2925 1833 ιγ’
2956 1765 3136 1819 τίτλου
3160 1764 3252 1818 τοῦ
3288 1766 3556 1835 παρόντος
3596 1766 3999 1836 συντάγματος.

793 1822 1047 1882 ZONAR.
1088 1829 1405 1898 Epistolium
1436 1875 1449 1897 ,
1481 1833 1547 1888 de
1583 1850 1686 1901 quo
1719 1836 1807 1889 hic
1844 1847 2066 1893 sanctus
2107 1841 2302 1895 memi-

2773 1858 2847 1912 Τὸ
2875 1822 3263 1923 ἐπιστολξδιον,
3294 1858 3323 1911 ὃ
3370 1822 3582 1927 λέγει.νὸ
3628 1822 3817 1926 ἆγιος,
3860 1822 4003 1928 πρός

719 1919 822 1978 ι-ἰι.
852 1921 1072 1974 missum
1104 1939 1184 1978 es:
1214 1927 1279 1977 ad
1319 1925 1630 1991 Diodomm,
1667 1944 1771 1998 quo
1803 1946 1924 1984 cum
1955 1948 2092 1986 uxor
2118 1937 2303 2004 cujus-

718 2012 841 2062 dam
870 2010 1009 2065 diem
1037 2028 1199 2067 suum
1232 2018 1457 2072 obiisset
1483 2060 1497 2083 ,
1533 2019 1677 2074 illius
1713 2037 1955 2077 sororem
1987 2027 2054 2078 ab
2088 2026 2205 2093 ipso
2246 2028 2301 2082 in

720 2104 1028 2163 nuptiarum
1063 2109 1380 2162 societatem
1413 2114 1758 2179 superinduci
1787 2126 1929 2171 vetat
1956 2156 1971 2181 ,
2011 2118 2303 2189 multisque

716 2201 771 2245 et
802 2193 1056 2261 gravibus
1092 2198 1393 2253 rationibus
1429 2216 1539 2255 rem
1571 2205 1874 2261 conﬁrmat.
1909 2208 2055 2273 Quod
2080 2211 2301 2280 quidem

718 2297 815 2335 nos
846 2299 943 2338 suo
979 2284 1095 2338 loco
1126 2287 1541 2355 explicabimus.
1573 2292 1673 2357 Qui
1713 2295 1876 2350 etiam
1930 2298 2113 2355 fratris
2160 2318 2301 2357 uxo-

715 2390 829 2430 rem
862 2379 1033 2439 duxit,
1067 2379 1206 2434 Illius
1240 2398 1431 2448 nempe
1483 2386 1573 2454 qui
1623 2387 1734 2440 vita
1791 2393 2006 2445 functus
2040 2403 2143 2455 est.
2190 2411 2300 2450 non

716 2468 1033 2523 admittetur
1061 2473 1126 2524 ad
1163 2487 1284 2540 pmn
1313 2477 1535 2530 tentiam
1560 2517 1576 2539 .
1610 2479 1711 2533 nisi
1768 2481 1939 2549 ipsam
1992 2485 2299 2555 dimiserit,

717 2558 1168 2631 “legitimumque
1202 2567 1533 2622 cctinubiutn
1566 2570 1807 2628 solverit.

788 2651 1017 2706 AltlST.
1057 2653 1302 2709 Fratrem
1337 2659 1522 2714 Iratris
1556 2676 1776 2717 uxorem
1810 2665 2012 2722 ducere
2043 2668 2297 2734 impossi-

717 2742 822 2798 bile
851 2755 951 2801 est.
982 2744 1325 2817 Perspicum.

1270 2840 1505 2898 CA‘NON
1545 2843 1738 2900 XXIV.

716 2923 970 2987 Viduam.
1008 2943 1126 2996 qua:
1150 2930 1201 2983 in
1236 2932 1516 2986 viduarum
1549 2951 1832 2990 numerum
1872 2938 2038 2994 relata
2062 2949 2163 3005 est,
2198 2942 2304 2996 hoc

787 3028 890 3080 est.
937 3036 1054 3081 qua;
1087 3020 1155 3073 ab
1188 3020 1425 3079 Ecclesia
1454 3028 1504 3077 in
1536 3024 1884 3083 diaconatum
1920 3043 2168 3100 suscepta
2196 3043 2299 3098 est.

786 3115 993 3165 rensu’t
1024 3114 1311 3183 Apostolus
1357 3117 1648 3173 nubentem
1702 3136 1823 3176 esse
1860 3124 2292 3192 despiciendam.

788 3200 917 3255 Viro
942 3214 1121 3258 autem
1153 3206 1311 3261 viduo
1342 3208 1489 3262 nulla
1516 3220 1594 3264 est
1623 3210 1709 3263 lex
1738 3212 2015 3283 imposita,
2041 3217 2134 3269 sed
2159 3218 2301 3287 diga-

787 3310 996 3348 Inornm
1030 3312 1186 3366 pmna
1239 3300 1330 3353 tali
1362 3300 1581 3355 sumcit.
1620 3302 1790 3357 Porro
1821 3306 1979 3359 vidua
2013 3309 2301 3377 sexaginta

784 3398 954 3437 arinos
990 3397 1137 3451 nata,
1170 3389 1215 3444 si
1266 3404 1454 3443 rursus
1489 3406 1611 3444 cum
1656 3392 1775 3447 viro
1822 3392 2070 3450 habitare
2121 3397 2303 3452 volne-

792 3477 883 3536 rit.
919 3478 1042 3531 boni
1074 3482 1458 3535 communione
1490 3497 1595 3539 non
1641 3484 1975 3552 dignabitur.
2024 3486 2204 3542 donec
2236 3488 2304 3543 ab

785 3571 1115 3639 impuritatis
1147 3574 1554 3640 perturbatione
1587 3578 1907 3633 cessaverit.
1962 3579 2068 3634 Sed
2098 3580 2142 3634 si
2169 3591 2298 3635 ante

792 3663 1075 3728 sexaginta
1110 3678 1285 3717 annos
1337 3680 1455 3718 eam
1496 3669 1547 3719 in
1596 3682 1884 3722 numerum
1935 3669 2305 3738 retulerimus,

786 3765 969 3810 nostra
995 3765 1096 3819 est,
1129 3773 1232 3813 non
1273 3760 1519 3815 mulieris
1553 3762 1736 3830 culpa.

788 3952 988 4012 BALS.
1015 3947 1475 4020 Quemadmodum
1499 3959 1736 4029 virgines
1768 3962 1986 4019 feminae
2015 3980 2140 4020 cum
2168 3966 2307 4022 laico

720 4047 902 4099 habitu
964 4046 1016 4099 in
1076 4049 1324 4101 ecclesiis
1383 4049 1809 4116 collocabantur,
1847 4065 1897 4109 et
1951 4071 2014 4111 ex
2064 4058 2307 4115 ecclesia

719 4139 984 4192 reditibus
1012 4140 1297 4196 alebantur
1320 4183 1335 4206 ,
1364 4143 1436 4197 ita
1464 4154 1515 4197 et
1546 4145 1716 4198 vidum
1742 4161 1865 4201 cum
1893 4151 2081 4203 eodem
2116 4151 2304 4207 habitu

719 4229 1129 4285 ordinabuntur.
1189 4235 1325 4288 Dicit
1384 4251 1513 4305 ergo
1566 4253 1811 4300 sanctus.
1873 4243 2016 4310 quod
2072 4260 2304 4312 magnus

722 4323 919 4379 Paulus
954 4326 1259 4380 istiusmodi
1292 4331 1507 4383 viduam
1548 4332 1662 4387 sive
1694 4347 1833 4393 eam.
1868 4351 1989 4405 quae
2014 4346 2300 4407 postquam

719 4415 769 4466 in
806 4414 1045 4468 Ecclesia
1083 4420 1335 4471 ordinata
1372 4431 1454 4473 est
1479 4464 1492 4482 .
1532 4432 1771 4478 secundo
1820 4428 2045 4493 nupsit,
2095 4435 2305 4483 censuit

2411 1949 2676 2019 Διόδωρον
2712 1951 3018 2021 ἀπεστάλη,
3072 1948 3422 2021 ἀπαγορεῦον
3446 1951 3529 2013 τὺ.
3585 1950 4003 2018 τελευτησάσης

2411 2041 2513 2108 τῆς
2537 2041 2795 2107 γυναικός
2829 2057 2938 2093 τινι
2976 2041 3075 2110 τὴν
3104 2042 3339 2112 ἀδελφὴν
3366 2042 3536 2111 αὐτῆς
3563 2043 3646 2103 είς
3670 2041 3855 2109 γάμου
3883 2057 3998 2094 κοι-

2410 2131 2607 2183 νωνίων
2634 2130 2801 2183 αὐτὸν
2846 2131 3103 2199 ἄγεσθαι,
3142 2133 3238 2186 καὶ
3259 2134 3326 2186 tat
3366 2131 3579 2185 πολλῶν
3605 2134 3701 2185 καὶ
3731 2133 4003 2200 γενναίων

2409 2220 2691 2289 λογισμῶν
2716 2220 2877 2276 τοῦτο
2906 2222 3366 2289 κατασκευάζων.
3407 2224 3591 2291 Ὅπερ
3617 2224 3675 2275 ὲν
3699 2221 3780 2291 τῷ
3809 2222 4003 2288 οίκείῳ

2410 2311 2563 2381 τόπῳ
2604 2312 3032 2381 ἑξηγηθήσεται.
3078 2316 3175 2377 ’ος
3208 2316 3302 2367 καὶ
3322 2313 3421 2382 τὴν
3449 2315 3686 2381 γυναῖκα
3707 2312 3802 2365 τοῦ
3845 2312 4004 2365 ἀδελ-

2412 2405 2513 2467 φοῦ
2543 2404 2753 2469 ἔλαϐεν,
2780 2405 2990 2459 ἑκείνου
3052 2405 3255 2477 δηλαδὴ
3293 2405 3749 2473 τελευτήσαντος,
3810 2406 3875 2457 ού
3916 2405 4000 2459 δε·

2409 2496 2675 2568 χθήσεται
2703 2496 2780 2560 ὡς
2832 2498 3133 2566 μετανοῶν,
3168 2500 3218 2550 εἰ
3257 2498 3332 2568 μὴ
3364 2496 3535 2568 αὐτὴν
3584 2497 4001 2567 ἀποπέμψεται,

2411 2589 2507 2641 καὶ
2539 2587 2693 2641 λύσει
2724 2589 2817 2641 τὸν
2850 2588 3092 2659 ἄθεσμον
3117 2589 3317 2659 γάμον.

2482 2674 2708 2729 ΔΡΙΣΤ.
2746 2674 3000 2744 ’Δδελφὺν
3025 2673 3259 2745 ἁδελφοῦ
3292 2678 3531 2744 γυναῖκα
3546 2674 4003 2746 εχεινὰδύνατον.

2412 2767 2642 2836 Σαφής-

3011 2860 3250 2914 ΚΔΝΩΝ
3284 2860 3410 2915 KA'.

2410 2951 2603 3021 Χήραν
2633 2951 2732 3023 τὴν
2754 2951 3149 3020 καταλεγεῖσαν
3172 2954 3251 3016 είς
3278 2952 3373 3006 τὸν
3401 2953 3636 3024 ἀριθμὸν
3658 2954 3769 3006 τῶν
3789 2954 4006 3024 χηρῶν,

2483 3044 2752 3107 τουτέστι,
2783 3044 2883 3113 τὴν
2914 3045 3341 3115 διακονουμένην
3362 3045 3469 3099 ὑπὸ
3502 3047 3602 3114 τῆς
3643 3044 4009 3115 Ἐκκλησίας,

2487 3136 2515 3188 ό
2565 3135 2864 3199 ἀπόστολος
2914 3135 3275 3205 γαμουμένην
3327 3135 3699 3205 παρορᾶσθαι.
3733 3134 3924 3206 ’Δνδρὶ
3953 3136 4013 3188 δὲ

2484 3227 2817 3295 χηρεύσαντι
2849 3226 3031 3289 οὐδεὶς
3075 3228 3352 3280 ἐπίκειται
3415 3227 3602 3297 νόμος,
3655 3227 3775 3281 ἀλλ’
3819 3229 4014 3282 ἱκανὸν

2483 3321 2563 3389 τῷ
2591 3318 2823 3389 τοιούτῳ
2855 3319 2914 3372 τδ
2953 3318 3064 3371 τῶν
3097 3318 3346 3389 διγάμων
3368 3320 3667 3391 ἐπιτίμιον.
3714 3320 3783 3373 Ἦ
3811 3324 4011 3390 μέντοι

2481 3413 2627 3482 χήρα
2660 3412 3060 3482 ὲξηκονταετὴς
3099 3414 3376 3479 γεγονυῖα,
3429 3413 3527 3466 ἐὰν
3580 3412 3775 3482 ῑληται
3840 3415 4009 3467 πάλιν

2481 3503 2640 3573 ἀνδρὶ
2672 3505 2967 3566 συνοικεῖν,
3005 3504 3105 3556 ούκ
3140 3501 3517 3571 ἀξιωθήσεται
3543 3502 3644 3571 τῆς
3672 3502 3768 3557 τοῦ
3792 3505 4012 3571 ἀγαθοῦ

2484 3597 2813 3658 κοινωνίας,
2846 3596 2951 3659 ἕως
2978 3596 3045 3650 ἂν
3095 3596 3190 3649 τοῦ
3240 3595 3447 3658 πάθους
3508 3596 3609 3665 τῆς
3651 3596 4013 3666 ἀκαθαρσίας

2487 3689 2807 3756 παύσηται·
2846 3687 2941 3739 ὲάν
2997 3688 3183 3758 μέντοι
3214 3687 3322 3757 πρὸ
3350 3688 3621 3757 ἑξήκοντα
3667 3687 3812 3740 ἑτῶν
3847 3689 4012 3759 ἀριθ-

2486 3781 2756 3850 μήσωμεν
2794 3778 2986 3849 αὐτὴν,
3031 3779 3306 3850 ἡμέτερον
3363 3780 3425 3833 τδ
3468 3779 3744 3851 ἔγκλημα,
3798 3781 3865 3833 οὺ
3912 3781 4009 3835 τοῦ

2487 3872 2733 3938 γυναίου.

2480 3961 2682 4014 ΒΑΛΣ.
2725 3961 2942 4028 Ὥσπερ
2974 3964 3266 4015 ἐτάττοντο
3311 3961 3577 4030 παρθένοι
3634 3964 3905 4027 γυναῖκες
3952 3964 4011 4015 ἰν

2408 4055 2531 4116 ταῖς
2548 4052 2873 4120 ἐκκλησίαις
2891 4052 3029 4121 μετὰ
3057 4053 3251 4106 λαῖκοῦ
3275 4053 3558 4123 σχήματος
3574 4058 3671 4106 καὶ
3700 4054 4011 4122 διῳκοῦντο

2409 4142 2521 4196 ἀπὸ
2553 4142 2665 4195 τῶν
2697 4142 2925 4195 εἰσόδων
2962 4142 3061 4212 τῆς
3098 4142 3416 4212 ἐκκλησίας,
3475 4141 3621 4195 οὕτω
3674 4143 3771 4196 καὶ
3827 4142 4008 4213 χίραι

2412 4236 2553 4306 μετὰ
2586 4239 2681 4287 τοῦ
2715 4235 2883 4289 αὐτοῦ
2909 4237 3191 4305 σχήματος
3226 4236 3649 4289 κατετάττοντο.
3683 4235 3825 4305 Φησὶ
3863 4235 4004 4303 γοῦν

2409 4331 2437 4381 ό
2473 4330 2630 4396 ἅγιος
2660 4328 2785 4391 oce
2839 4328 3014 4398 μέγας
3063 4327 3276 4391 Παῦλος
3326 4329 3425 4397 τὴν
3477 4327 3735 4394 τοιαύτην
3797 4328 4005 4397 χήραν,

2409 4420 2580 4489 ἤγουν
2642 4410 2773 4489 τὴν’
2810 4419 2951 4489 μετά
3010 4419 3071 4472 τὸ
3125 4420 3505 4487 καταταγῆναι
3548 4420 3626 4482 είς
3669 4419 4010 4486 Ἐκκλησίαν

717 4520 810 4558 seu
843 4507 1027 4559 ιίυίὶηὶι
1052 4508 1279 4576 despici.
1318 4512 1417 4563 hoc
1441 4523 1519 4564 est
1549 4513 1618 4567 ab
1653 4514 1891 4570 Ecclesia
1922 4520 2138 4588 expelli;
2170 4530 2223 4575 et
2255 4523 2303 4577 si

2413 4511 2996 4581 δευτερογαμήσασαν,
3052 4511 3293 4581 ἔκρινεν,
3328 4512 3499 4581 ήγουν
3541 4509 3713 4580 ὥρισε
3759 4513 4007 4580 παρορᾶ-

716 4597 829 4660 ipsa
867 4599 1083 4666 quidem
1111 4612 1233 4653 ante
1266 4619 1304 4655 s-
1330 4606 1660 4673 xagesimum
1695 4622 1893 4661 annum
1932 4614 2176 4666 secundo
2205 4630 2308 4668 nu-

714 4690 907 4757 pserit,
943 4705 1060 4743 eam
1096 4693 1263 4745 Shiilni
1321 4710 1532 4761 pinnam
1581 4700 1884 4757 sustinebit.
1920 4702 2013 4756 Est
2043 4706 2185 4758 enim
2223 4707 2307 4761 di-

714 4797 819 4848 gna
852 4784 1027 4847 γνιιὶη,
1057 4796 1111 4837 ut
1135 4803 1250 4853 qum
1287 4798 1503 4856 propter
1531 4789 1803 4856 junioretn
1830 4803 2043 4848 (βιαιο-ιι
2064 4800 2306 4851 secumlo

716 4872 924 4926 mibere
965 4887 1149 4927 coacra
1183 4876 1286 4937 sit,
1323 4888 1376 4927 et
1414 4878 1445 4929 ii
1480 4880 1656 4944 potius
1691 4881 1776 4947 qui
1813 4896 1931 4934 eam
1959 4921 1975 4948 ,
2009 4893 2301 4952 antequam

716 4969 1120 5033 sexagesimum
1155 4984 1351 5022 annum
1388 4971 1761 5040 compleverit,
1793 4976 2139 5045 ordinarunt,
2179 4988 2308 5033 sunt

714 5059 1172 5123 reprehendendi,
1234 5070 1290 5113 ut
1333 5063 1420 5128 qui
1465 5063 1812 5127 apostolicam
1862 5067 2305 5122 constitutionem

719 5157 819 5203 ναι
846 5152 1039 5215 sgressi
1081 5164 1229 5215 suit,
1263 5167 1380 5217 qum
1432 5153 1561 5205 tiit'il
1586 5171 1597 5204 ;
1620 5152 1789 5206 Vidua
1824 5155 2051 5224 eligatur
2081 5173 2182 5209 non
2211 5160 2309 5209 mi-

722 5257 824 5292 nor
852 5243 1127 5309 sexaginta
1162 5244 1313 5295 annis
1336 5244 1376 5297 ¹.
1401 5244 1528 5309 Qum
1554 5258 1731 5300 autem
1763 5258 1883 5315 post
1919 5262 2118 5301 annum
2144 5264 2308 5304 sexa-

724 5347 990 5402 gt‘sunmu
1030 5339 1421 5391 continentiam
1464 5340 1769 5399 inlirmans.
1805 5341 2047 5395 secundo
2079 5344 2304 5410 nupsit.

725 5442 755 5478 ιδ
789 5436 972 5479 sam-ta
1007 5432 1390 5483 communione
1429 5432 1535 5485 erit
1584 5440 1834 5500 separata
1867 5474 1877 5491 .
1906 5434 2076 5486 donec
2109 5434 2175 5485 ab
2209 5433 2308 5485 im-

724 5519 957 5583 puritite
987 5536 1109 5573 cum
1148 5522 1261 5573 \iro
1292 5523 1639 5577 abstinuerit.
1692 5523 1923 5577 Sanctus
1955 5525 2097 5578 enim
2126 5524 2303 5592 impu-

724 5610 941 5667 ritat-au
978 5614 1268 5682 appellavit
1306 5615 1357 5669 in
1383 5630 1443 5671 ea
1476 5625 1633 5672 aelate
1665 5616 2088 5671 matrimonium.
2117 5614 2304 5671 Virum

800 5787 817 5824 ³
860 5790 1047 5847 Ιτίςν,
1088 5812 1115 5843 \'
1141 5835 1153 5856 ,
1180 5798 1230 5851 υ,

2415 4599 2563 4663 σθαι,
2594 4601 2876 4652 τουτέστιν
2902 4598 3218 4665 ἐξωθεῖσθαι
3238 4598 3347 4652 ἀπὸ
3371 4598 3471 4666 τῆς
3506 4598 3844 4664 Ἐκκλησίας
3867 4614 3883 4629 ·
3913 4602 4009 4651 καὶ

2413 4693 2461 4744 εί
2498 4691 2605 4761 μὴν
2659 4690 2765 4761 πρὸ
2800 4690 2892 4744 τοῦ
2926 4690 3353 4757 ἑξηκονταετοῦς
3390 4689 3585 4759 χρόνου
3627 4688 3769 4758 αὕτη
3820 4689 4009 4741 δευτε-

2423 4784 2756 4853 ρογαμήσει.
2794 4783 3003 4851 ταύτην
3040 4783 3138 4835 καὶ
3167 4782 3339 4852 μόνην
3363 4781 3462 4853 τὴν
3500 4780 3726 4833 κόλασιν
3758 4781 4011 4852 ὑποστή-

2422 4894 2600 4933 σεται.
2636 4875 2983 4945 Συγγνώμης
3017 4875 3123 4944 γάρ
3153 4877 3301 4927 ἐστιν
3325 4873 3449 4938 ἀξία
3490 4872 3597 4925 ὑπὸ
3616 4874 4009 4944 τῆςνεωτέρας

2421 4965 2641 5036 ἡλικίας
2686 4976 2693 4984 ·
2733 4962 3255 5028 καταναγκασθείσα
3324 4961 3829 5031 δευτερογαμῆσαι,
3912 4960 4008 5011 καὶ

2425 5058 2627 5127 μᾶλλον
2654 5059 2703 5110 oi
2732 5055 3139 5119 κατατάξαντες
3166 5054 3339 5124 αὐτὴν
3399 5054 3505 5124 πρὸ
3555 5052 3653 5107 τοῦ
3710 5052 4007 5123 πληρῶσαι

2420 5151 2512 5205 τὸν
2547 5147 2916 5220 ἑξηκονταετῆ
2972 5150 3164 5217 χρόνον
3203 5146 3517 5214 ὀφείλουσιν
3586 5145 3871 5199 αἰτιᾶσθαι
3931 5144 4007 5206 ὡς

2420 5243 2767 5314 παραϐάντες
2812 5242 2912 5310 τὴν
2972 5239 3069 5293 τοῦ
3146 5240 3479 5292 Ἀποστόλου
3548 5238 3845 5307 διαταγὴν,
3899 5238 4001 5307 τὴν

2420 5338 2681 5403 λέγουσαν
2711 5350 2723 5363 ·
2748 5334 2912 5404 Χήρα
2963 5332 3383 5403 καταλεγέσθω
3417 5332 3502 5401 μή
3546 5330 3817 5385 ἐλάττων
3851 5329 4007 5384 ἑτῶν

2419 5427 2745 5496 ἐξήκοντα.
2809 5426 2871 5479 'H
2929 5424 2985 5478 δὲ
3040 5424 3179 5493 μετά
3231 5423 3323 5476 τὸν
3379 5421 3747 5493 ἐξηκονταετῆ
3813 5420 4009 5489 χρόνον

2420 5522 2740 5593 ἀῦετήσασα
2819 5520 2920 5589 τὴν
3001 5515 3384 5587 σωφροσύνην,
3442 5514 4005 5583 δευτερογαμήσασα,

2422 5612 2783 5684 ἀφωρισμένη
2818 5611 2968 5665 ἔσται
2995 5610 3093 5675 τῆς
3150 5608 3313 5679 ἁγίας
3363 5598 3891 5679 μεταλῄᾥεως,’ἐω;
3941 5604 4010 5657 ἂν
