4224 6446
242 397 348 462 673

1162 391 1245 453 IN
1274 393 1535 454 EPIST.
1572 394 1629 454 S.
1671 393 1961 455 BASILII
2002 392 2449 453 CANONICAM
2493 395 2573 456 II.

3393 396 3496 458 δτι

313 507 559 566 ΖΩΝΑΡ.
595 506 722 561 Ἐάν
754 523 835 569 τις
882 502 1148 572 παρθένον
1185 502 1564 570 ἁμνήστευτον
1597 500 1818 572 φθείρῃ,

1997 500 2250 555 ZONAR.
2285 502 2343 556 Si
2382 503 2504 570 quis
2537 499 2798 569 virginem
2835 500 2937 555 sibi
2978 515 3083 555 nou
3114 500 3497 571 despottsatam

242 606 334 654 καὶ
358 603 495 655 κατᾶ
525 603 624 670 τὴν
658 599 865 670 φθοράν
897 597 971 659 ὡς
1009 594 1231 664 συζύγῳ
1260 594 1407 664 αὐτῇ
1462 594 1687 663 χρῆται,
1739 591 1819 661 τῷ

247 696 350 764 μὶν
409 696 508 763 τῆς
566 694 773 763 φθορᾶς
852 687 1113 758 ἐπιτιμίῳ
1170 687 1545 751 ὑποκείσεται,
1604 683 1701 755 τὴν
1764 683 1822 735 δὲ

245 788 485 853 γυναῖκα
515 786 614 837 οὐκ
642 780 1076 851 ἀφαιρεθήσεται
1099 794 1113 807 ·
1148 778 1392 847 δηλονότι
1416 778 1511 829 εὰν
1563 778 1614 829 οι
1645 777 1823 843 γονεῖς

250 877 453 945 αὐτῆς,
486 870 567 937 οἷς
601 870 896 935 ὑπεξουσία
935 872 1076 933 εστὶ,
1104 868 1515 936 καταδέχωνται
1568 866 1667 934 τὴν
1705 868 1821 936 μετ’

249 969 467 1020 ἐκείνου
499 965 814 1032 συνοίκησιν
835 961 931 1015 τοῦ
958 961 1203 1028 γυναίου.
1238 961 1297 1012 El
1345 959 1455 1028 γὰρ
1503 958 1703 1011 ικετνοι
1762 958 1821 1010 οὐ

251 1058 561 1127 βούλονται,
604 1056 699 1108 καὶ
742 1052 1143 1123 κολασθήσεται
1200 1050 1341 1103 κατὰ
1398 1049 1489 1100 τὶν
1547 1046 1826 1100 πολιτικὸν

248 1150 441 1217 νόμον,
468 1151 515 1199 εί
547 1146 817 1213 παρθένος
851 1139 920 1214 ἦν
956 1146 990 1212 ἡ
1018 1144 1313 1213 φθαρεῖσα.

310 1238 536 1292 ΑΡΙΣΤ.
582 1239 680 1301 ’ος
730 1236 845 1306 ιχει
872 1238 972 1305 τὴν
1007 1234 1075 1306 ῆν
1103 1234 1349 1303 ἔφθειρε,
1376 1230 1826 1300 συγχωρούμενος

246 1333 423 1401 Ιχειν,
456 1331 518 1383 τὸ
553 1331 827 1399 ἐπιτίμιον
857 1328 1149 1397 γνώσεται.
1839 1384 1843 1387 ,

324 1424 519 1485 Ὅστις
545 1421 798 1492 βούλεται
825 1424 1060 1489 γυναῖκα
1086 1420 1250 1489 ἔχειν,
1284 1420 1354 1489 ἢν
1388 1420 1495 1490 πρὸ
1523 1422 1616 1475 τοῦ
1647 1423 1829 1490 γάμου

250 1511 559 1579 διέφθειρε,
595 1512 1093 1581 συγχωρηθήσεται
1134 1510 1389 1579 κατέχειν
1436 1514 1643 1582 αὑτήνο
1685 1514 1746 1567 τὸ
1774 1514 1831 1567 δὲ

249 1599 349 1651 ἐπὶ
385 1602 453 1669 τῇ
480 1599 661 1671 φθορᾷ
693 1600 969 1667 ἐπιτίμιον
1004 1598 1208 1650 εἴσεται
1231 1599 1289 1649 ιν
1331 1598 1627 1668 τέσσαρσιν
1651 1605 1833 1657 ἐνιαυ.

252 1691 415 1752 τοϊς’
485 1690 665 1754 καθὼς
752 1691 810 1742 ἐν
876 1688 954 1758 τῷ
1038 1686 1271 1755 εἰκοστῷ
1336 1688 1579 1761 δευτέρῳ
1646 1696 1834 1750 κανόνι

254 1781 498 1850 ἐτράφη-

799 1872 1037 1927 κΑΝοΝ
1073 1875 1215 1943 Kq'.

272 1962 339 2013 Ἦ
372 1963 596 2031 πορνεία
630 1978 807 2030 γαμος
831 1964 930 2017 οὐκ
960 1964 1134 2031 εστιν,
1169 1968 1286 2021 ἀλλ’
1312 1969 1436 2022 οὐδε
1461 1970 1641 2038 γάμου
1669 1970 1833 2041 ἀρχή.

331 2052 499 2105 Ὠστε
530 2054 623 2106 ἐὰν
718 2054 946 2107 δυνατὸν
978 2058 1102 2121 τοὺς
1150 2062 1290 2113 κατὰ
1323 2062 1584 2130 πορνείαν
1632 2077 1838 2113 συναπ-

329 2144 599 2211 τομὲνους
682 2144 1043 2215 χωρίζεσθαι,
1119 2150 1281 2204 τοῦτο
1361 2150 1689 2218 κράτιστον·
1743 2152 1840 2204 εὰν

328 2235 387 2287 δὲ
448 2236 755 2306 στίργωσιν
804 2239 868 2291 εκ
935 2239 1134 2302 παντὸς
1204 2241 1412 2310 τρόπου
1464 2241 1523 2294 τὸ
1598 2243 1842 2295 συνοικέ⁴

337 2341 479 2389 σιον,
531 2330 592 2378 το
638 2326 745 2395 ’μὲν
792 2328 890 2397 τῆς
944 2329 1202 2397 πορνείας
1255 2330 1533 2397 ἐπιτίμιον
1578 2329 1845 2400 γνωριζὲ-

330 2433 539 2481 τωσαν,
594 2416 946 2484 άιριέσοωσαν
999 2417 1077 2485 δι,
1122 2418 1206 2471 ἵνα
1268 2418 1345 2491 μὴ
1392 2420 1576 2490 χεῖρόν
1640 2438 1695 2473 τι
1751 2420 1843 2488 γι·

335 2522 516 2575 νηται.

330 2598 534 2651 ΒΑΛΣ.
578 2597 759 2651 Εἰπὼν
781 2600 810 2652 ό
858 2598 1017 2667 ἅγιος
1043 2601 1092 2653 τί
1131 2600 1340 2669 ὀφείλει
1369 2600 1620 2668 γίνεσθαι
1648 2603 1728 2666 εἰς
1752 2602 1843 2654 τὸν

265 2690 575 2758 φθείραντα
606 2690 903 2759 παρθένον,
938 2692 1142 2762 ἀρτίως
1182 2693 1453 2746 duorum!
1484 2696 1578 2746 καὶ
1609 2695 1678 2746 τὰ
1711 2696 1841 2763 περὶ

260 2782 377 2835 τῶν
410 2783 775 2837 συνελθόντων
803 2786 1100 2855 πορνικῶς’
1131 2784 1224 2838 καί
1260 2802 1428 2855 φησιν
1448 2788 1529 2839 ὅτι
1551 2788 1585 2857 ἡ
1616 2788 1846 2857 πορνεία

263 2870 396 2925 οὔτε
424 2874 600 2943 γάμος
662 2874 961 2943 λογίζεται,
1011 2875 1136 2928 οὔτε
1186 2877 1368 2945 γάμου
1409 2878 1655 2947 ἀνορμὴ,
1703 2878 1845 2932 ὥστε

266 2962 683 3028 ἀναγκάζεσθαι
719 2965 947 3033 θάτερον
998 2965 1075 3034 τῷ
1125 2966 1299 3035 ἑτέρῳ
1348 2968 1717 3020 συνάπτεσθαι
1746 2984 1849 3035 γαο

269 3049 473 3115 μικῶς.
516 3051 679 3103 Ἀλλά
711 3052 933 3119 ἄριστον
960 3054 1059 3121 μέν
1094 3056 1208 3106 ἐστι
1237 3054 1572 3124 χωρίζεσθαι
1621 3057 1843 3121 αὐτοὺς,

1864 1850 1912 1908 Β

1928 595 2251 661 corruperit,
2279 609 2449 663 eaque
2500 600 2621 662 post
2675 603 2916 661 stuprum
2982 592 3188 645 illatum
3245 604 3497 662 tanquam

1928 683 2161 752 conjuge
2190 685 2393 751 utitur;
2427 683 2601 753 stupri
2629 683 2843 749 quidem
2876 683 3050 749 poenis
3076 683 3179 737 erit
3210 683 3502 748 obnoxius,

1930 786 2037 826 non
2098 781 2278 827 tamen
2323 776 2393 828 ab
2432 790 2498 828 eo
2545 774 2736 827 mulier
2791 773 3110 828 auferetur:
3153 777 3196 828 si
3251 776 3505 830 videlicet

1929 864 2099 932 ipsius
2135 876 2410 934 parentes,
2445 879 2674 932 quorum
2708 866 2791 919 illa
2819 877 2895 920 est
2930 866 2982 918 in
3021 874 3310 934 potestate,
3346 866 3500 919 fetui-

1932 968 2054 1006 nam
2087 970 2207 1008 cum
2244 956 2334 1008 illo
2375 958 2657 1010 traducere
2684 957 2846 1009 vitam
2881 958 3084 1010 sinunt.
3120 956 3328 1011 Etenim
3357 959 3400 1011 si
3428 960 3504 1012 illi

1934 1043 2126 1109 nolint,
2156 1048 2412 1114 punietur
2442 1056 2697 1114 praterea
2725 1048 2960 1101 civilium
2998 1047 3171 1116 legum
3199 1051 3435 1113 decreto,
3462 1049 3507 1105 si

1933 1136 2082 1205 virgo
2113 1146 2253 1200 erat,
2290 1152 2408 1202 qua:
2432 1148 2684 1206 corrupta
2723 1138 2843 1194 fuit.

2014 1231 2241 1287 ARIST.
2273 1233 2375 1300 Qui
2407 1248 2528 1286 eam
2561 1234 2720 1286 habet
2764 1249 2925 1303 quam
2964 1238 3231 1305 corrupit,
3270 1238 3506 1306 permis-

1934 1344 2028 1384 sus
2052 1327 2254 1380 habere
2293 1339 2461 1393 pinna:
2490 1324 2833 1392 subjiciatur.

2007 1421 2330 1487 Quicunque
2386 1417 2668 1471 mulierem
2703 1431 2863 1483 quant
2922 1426 3048 1469 ante
3102 1419 3507 1472 matrimonium

1940 1512 2171 1576 vitiavit,
2217 1506 2417 1565 haltere
2448 1512 2617 1578 cupit,
2676 1509 2722 1562 ei
2779 1509 2938 1561 istam
2997 1509 3236 1561 detinere
3291 1512 3513 1577 permit-

1938 1616 2102 1661 tctur.
2168 1602 2236 1656 Αι
2294 1602 2466 1671 stupri
2517 1598 2838 1668 supplicium
2904 1609 2985 1653 est
3044 1610 3280 1669 quatuor
3329 1602 3509 1663 annis,

1940 1696 2397 1764 quemadmodum
2433 1693 2485 1745 in
2536 1691 2798 1746 vicesimo
2833 1692 3078 1746 secundo
3116 1705 3323 1747 canone
3375 1693 3513 1747 scri-

1944 1795 2093 1854 ptum
2124 1795 2225 1839 cat.

2497 1873 2726 1929 CANON
2771 1873 2963 1928 XXVI.

1941 1962 2250 2017 Fornicatiu
2280 1978 2385 2016 non
2416 1972 2498 2017 est
2551 1962 2985 2026 matrimonium,
3016 1958 3112 2015 sed
3145 1974 3242 2015 nec
3295 1961 3510 2014 initium

2006 2056 2367 2111 matrimonii.
2395 2053 2574 2119 Quare
2596 2053 2638 2107 si
2669 2054 2784 2108 lteri
2818 2054 3008 2123 possit,
3030 2062 3085 2106 ut
3114 2054 3204 2122 qui
3228 2069 3321 2123 per
3345 2054 3515 2107 furui-

2010 2150 2282 2203 oationem
2326 2146 2605 2215 conjuncti
2649 2156 2772 2199 sunt
2806 2156 3149 2215 Separentur,
3186 2146 3236 2197 id
3283 2155 3367 2199 cst
3400 2161 3516 2199 ute-

2014 2240 2119 2292 lius
2150 2256 2164 2293 :
2199 2239 2280 2291 sin
2311 2247 2489 2291 autem
2516 2237 2594 2291 eis
2628 2236 2852 2291 omnino
2904 2236 3113 2305 placeat
3161 2236 3513 2300 consortium,

2014 2330 2387 2384 fornicationis
2420 2328 2636 2397 quidem
2672 2342 2889 2396 pmnam
2924 2335 3263 2405 agnoscant;
3314 2342 3380 2382 ne
3430 2344 3518 2382 se-

2016 2430 2274 2491 parentur
2304 2430 2510 2484 autem,
2540 2435 2611 2475 ne
2641 2420 2768 2489 quid
2799 2418 3038 2473 deterius
3069 2418 3301 2474 accidat.

2020 2600 2218 2657 BALS.
2254 2600 2551 2669 Postquam
2584 2599 2722 2654 dixit
2774 2608 2994 2653 sanctus
3045 2598 3173 2668 quid
3230 2598 3311 2654 eis
3360 2598 3521 2655 debet

1948 2693 2085 2757 fleri,
2113 2692 2202 2760 qui
2239 2691 2500 2760 virginem
2540 2700 2810 2758 stuprant,
2833 2704 2971 2743 nunc
2989 2690 3231 2743 decernit
3251 2691 3316 2743 de
3340 2690 3404 2743 iis
3428 2691 3520 2758 qui

1947 2786 2001 2840 in
2040 2784 2446 2838 fornicationem
2473 2782 2754 2845 coierunt;
2797 2793 2851 2834 et
2883 2781 3035 2842 dicit.
3063 2779 3207 2848 quod
3233 2779 3523 2835 fornicatio

1947 2890 2046 2933 nec
2069 2875 2472 2928 matrimonium
2502 2873 2755 2934 habetur,
2789 2887 2890 2927 nec
2911 2872 3250 2926 matrimonii
3278 2874 3519 2935 occasio,

1948 2976 2005 3020 ut
2024 2965 2160 3019 alter
2178 2964 2337 3019 alteri
2367 2963 2963 3033 necessariojuugatur,
2989 2962 3080 3016 sed
3103 2962 3366 3027 optimum
3396 2964 3522 3031 qui-

1949 3057 2070 3110 dem
2105 3064 2186 3110 εει
2209 3070 2304 3110 eos
2324 3056 2591 3124 separari,
2619 3069 2727 3107 non
2764 3069 2910 3121 perm
2938 3053 2999 3105 tti
3022 3053 3228 3108 scilicet
3256 3054 3397 3107 inter
3427 3070 3523 3109 eos

268 3142 444 3210 ﬁrmly
474 3141 549 3211 μὴ
592 3145 1043 3212 παραχωρεῐσθαι
1064 3145 1160 3215 τὴν
1191 3146 1359 3215 μισον
1387 3146 1568 3204 αὐτῶν
1594 3146 1840 3215 γαμικὴν

1957 3146 2285 3200 mtercedere
2304 3146 2755 3198 matrimonialem
2778 3144 3241 3212 coniunctionem,
3267 3146 3523 3213 quoniam

269 3236 596 3301 συνάφειαν,
628 3236 707 3287 ὅτι
736 3236 1005 3305 ἕκθεσμος
1036 3237 1130 3288 καὶ
1154 3237 1661 3304 κατάκριτός.ἰστιν
1694 3238 1721 3288 ό
1746 3237 1840 3290 τοῦ

264 3326 514 3377 τοιούτου
541 3326 721 3393 γάμου
753 3324 1037 3394 θεμέλιος*
1073 3326 1121 3377 εί
1155 3325 1209 3379 δὲ
1247 3326 1571 3394 στέργουσιν
1601 3328 1844 3396 ἀπαραι-

264 3418 453 3486 τήτως
496 3420 589 3469 καὶ
640 3419 810 3485 άμςξω
862 3419 965 3487 τὴν
1029 3417 1354 3487 συμϐίωσιν,
1393 3418 1484 3487 μὴ·
1526 3420 1844 3489 ἀνεχόμενοι

265 3508 364 3560 τοῦ
404 3509 499 3559 ἀπ’
533 3509 778 3577 ἀλλήλων
815 3509 1120 3578 χιυρισμοῦ,
1153 3508 1604 3578 ὲπιτιμάσθωσαν
1630 3510 1729 3579 μὲν
1770 3511 1845 3572 ὡς

267 3601 699 3670 πορνεύσαντες,
781 3600 1329 3670 παραχωρείσθωσαν
1407 3599 1465 3652 δὲ
1553 3604 1844 3665 συνοικεῖν,

270 3692 360 3743 [να
383 3693 459 3761 μὴ
489 3692 669 3761 χεῖρόν
702 3709 754 3742 τι
786 3693 1030 3759 γένηται,
1058 3692 1244 3760 ἧγυυν,
1280 3691 1364 3743 ἵνα
1390 3691 1464 3759 μὴ
1495 3690 1846 3758 διαζυγέντες

271 3783 444 3836 πάλιν
472 3781 647 3852 λάθρα
682 3782 1048 3851 πορνεύσωσι,
1074 3782 1392 3844 τουτίστιν,
1420 3780 1506 3832 ἵνα
1533 3782 1607 3850 μὴ
1638 3781 1846 3847 ἑτέροις

270 3872 647 3939 συναφθέντες
691 3874 1008 3940 προσώποις
1038 3874 1138 3925 οὐκ
1172 3871 1500 3941 ἐπιμείνωσι
1526 3870 1603 3938 τῷ
1629 3871 1846 3941 νομίμῳ

270 3965 463 4031 γάμῳ,
493 3963 627 4015 ἀλλὰ
661 3964 909 4031 μοιχείαν
931 3963 1303 4032 ἐργάσωνται,
1335 3961 1368 4030 ἢ
1422 3960 1508 4013 ἵνα
1536 3960 1611 4030 μὴ
1639 3958 1841 4013 κωλυό-

278 4069 437 4119 μενοι
492 4052 937 4121 διαχειρίσωνται
977 4051 1207 4112 ἑαυτοὺς
1263 4050 1353 4102 διὰ
1405 4049 1463 4101 τὸ
1504 4048 1600 4100 τοῦ
1648 4047 1849 4117 ἔρωτος

272 4144 525 4205 διακαὲς.
558 4142 746 4195 Ταῦτα
780 4143 833 4196 δὲ
863 4142 1047 4211 χώραν
1081 4137 1248 4211 εἶχον,
1271 4141 1347 4203 ὡς
1365 4140 1490 4209 ἐμοὶ
1519 4138 1687 4203 δοκεῖ,
1713 4139 1844 4190 ὅταν

277 4235 591 4285 συναικέσει
641 4234 775 4305 μόνῃ
808 4236 836 4286 ὁ
871 4235 1048 4300 γάμος
1108 4232 1437 4292 συνίστατο,
1499 4229 1559 4281 οὐ
1614 4228 1718 4297 μὴν
1758 4229 1850 4281 καὶ

278 4324 522 4393 σήμερον
549 4364 562 4386 ,
591 4326 720 4377 ὅταν
751 4324 841 4377 διὰ
881 4323 1176 4393 ἱερολογίας
1206 4322 1301 4373 καὶ
1323 4320 1471 4382 θείας
1494 4318 1851 4388 μεταλήψεως

274 4417 371 4465 τοῦ
434 4414 685 4482 σώματος
726 4415 822 4465 καὶ
868 4414 1097 4483 αἵματος
1158 4412 1254 4464 τοῦ
1306 4410 1543 4479 Χριστοῦ
1596 4412 1623 4462 ό
1674 4408 1851 4477 γάμος

1952 3237 2216 3292 nefarium
2239 3244 2323 3290 est
2347 3245 2401 3289 et
2438 3234 2809 3287 damnandum
2844 3233 3036 3287 ltarum
3068 3235 3375 3301 nuptiarum
3404 3234 3527 3288 fun-

1950 3329 2271 3382 dameutum
2308 3342 2321 3378 :
2365 3324 2446 3378 sin
2503 3334 2684 3378 autem
2716 3325 2796 3377 eis
2834 3324 2907 3376 ita
2949 3325 3164 3391 placeat
3196 3326 3318 3377 vita:
3346 3326 3523 3379 socie-

1954 3429 2057 3482 tas,
2092 3427 2150 3470 ut
2184 3432 2212 3469 a
2256 3432 2314 3471 se
2346 3417 2580 3470 invicem
2612 3416 2893 3470 discedere
2927 3417 3029 3470 sibi
3074 3426 3350 3484 nequeant
3402 3431 3528 3487 per-

1952 3509 2207 3571 suadere,
2240 3509 2535 3578 puniantur
2593 3508 2810 3576 quidem
2861 3518 2918 3559 ut
2990 3508 3383 3573 fornicatores;
3446 3511 3526 3563 eis

1954 3613 2137 3655 autem
2173 3600 2333 3653 simul
2366 3599 2615 3652 habitare
2639 3599 3002 3666 permittatur,
3038 3616 3101 3652 ne
3128 3603 3253 3666 quid
3288 3602 3526 3654 deterius

1952 3691 2185 3754 accidat,
2214 3690 2327 3761 84
2354 3705 2421 3743 ηε
2447 3690 2656 3743 εειὶεει
2708 3690 2943 3756 separati
2994 3705 3182 3744 rursus
3216 3690 3522 3745 clanculum

1954 3782 2310 3845 fornlcentur,
2344 3782 2446 3834 hoc
2476 3791 2582 3847 est,
2618 3796 2682 3833 ne
2715 3781 2835 3834 aliis
2876 3782 3123 3848 personis
3159 3783 3433 3850 conjuncti
3470 3785 3523 3836 in

1954 3871 2196 3942 legttimo
2224 3873 2574 3926 matrimonio
2606 3886 2713 3925 non
2746 3882 3123 3941 permaneant.
3175 3875 3267 3926 sed
3317 3874 3528 3926 adulte-

1956 3964 2097 4018 rium
2142 3963 2508 4029 committant,
2545 3963 2625 4017 vel
2672 3977 2739 4017 ne
2802 3963 3056 4031 prohibiti
3110 3964 3209 4015 sibi
3256 3963 3525 4017 violentas

1958 4068 2152 4108 manus
2184 4052 2420 4106 inferant
2449 4061 2669 4122 propter
2694 4054 2897 4106 amoris
2926 4035 3345 4107 vehemeuiiam.
3397 4052 3519 4107 llaec

1957 4153 2160 4206 autem,
2196 4154 2252 4194 ut
2286 4142 2413 4194 mihi
2445 4142 2716 4205 videntur,
2749 4143 2925 4196 locum
2953 4141 3282 4207 habuerunt,
3308 4146 3527 4212 quando

1957 4231 2075 4287 solo
2128 4234 2393 4285 'cousensu
2440 4231 2869 4286 contrahebatur
2924 4227 3353 4297 matrimonium,
3420 4250 3526 4287 non

1957 4332 2135 4376 autem
2159 4323 2323 4375 etiam
2366 4321 2525 4381 hodie
2554 4326 2771 4391 quando
2803 4338 2898 4390 per
2949 4337 3164 4377 sacrum
3211 4324 3443 4379 alliciunt
3475 4336 3529 4381 et

1958 4415 2197 4468 divinam
2226 4413 2471 4483 corporis
2505 4424 2558 4469 ει
2584 4414 2869 4483 sanguinis
2901 4414 3105 4469 Christi
3156 4418 3531 4485 participatio-

278 4504 621 4557 συνίσταται.
659 4504 782 4568 Πῶς
814 4506 923 4572 γὰρ
948 4506 995 4557 οἱ
1028 4501 1452 4572 ὲπιτιμηθέντες
1482 4501 1571 4552 διὰ
1599 4499 1696 4568 τὴν
1718 4516 1840 4567 πορ-

1960 4520 2080 4559 nem
2115 4506 2515 4558 matrimonium
2569 4507 2936 4559 constituitur.
2976 4506 3258 4571 Quomodo
3289 4509 3432 4562 enim
3466 4510 3526 4573 ii,

279 4595 455 4656 νείαν,
494 4595 587 4647 καὶ
638 4594 747 4648 τῶν
791 4595 1151 4664 άγιασμάτων
1189 4594 1264 4663 μὴ
1307 4590 1846 4661 μεταλαμδάνονῖες,

278 4684 540 4753 γαμικῶς
583 4685 834 4754 ἀλλήλοις
870 4684 1201 4737 συνέλθωσιν
1233 4699 1246 4747 ;
1286 4683 1347 4734 El
1385 4682 1442 4734 δὲ
1488 4682 1675 4750 είπῃς,
1711 4681 1851 4748 μετὰ

278 4778 343 4825 τὸ
374 4774 767 4844 ἐπιτιμηθῆναι
785 4774 910 4838 τοὺς
936 4772 1345 4843 πορνεύσαντας
1370 4772 1464 4823 ἰπὶ
1495 4772 1594 4843 ὅλῃ
1616 4771 1849 4840 τριετίᾳ,

283 4868 363 4936 μὴ
426 4868 746 4936 πορνεῦσαι,
822 4866 925 4919 οὐκ
987 4863 1364 4935 ὲμποδισθήσῃ
1446 4865 1852 4933 παραχωρῆσαι

279 4957 507 5019 τούτους
546 4960 681 5027 μετὰ
737 4958 834 5028 τὴν
888 4959 1135 5025 τριετίαν
1184 4955 1434 5024 νομίμως
1487 4952 1851 5023 συναφθῆναι.

287 5049 675 5117 Ἐρωτήσειδέ
718 5066 838 5112 τις,
868 5048 967 5102 Διὰ
1011 5048 1063 5100 τί
1089 5048 1187 5117 τὴν
1233 5046 1331 5117 μὲν
1387 5044 1657 5116 παρθένον
1713 5046 1855 5115 μετὰ

276 5142 386 5203 τὴν
418 5141 627 5210 φθοράν
652 5141 993 5209 διορίζεταιό
1018 5141 1173 5214 ἅγιος
1201 5138 1448 5209 νομίμως
1475 5136 1855 5191 συνάπτεσθαι

278 5231 361 5300 τῷ
380 5231 592 5299 φθορεϊ,
618 5232 741 5295 τοὺς
768 5232 823 5284 δὲ
847 5230 1252 5302 πορνεύσαντας
1276 5230 1517 5291 εὐκόλως
1559 5227 1853 5299 μίγνυσθαι

277 5324 545 5393 γαμικῶς
592 5326 653 5377 οὑ
690 5326 1040 5395 παραχωρεῖ,
1101 5323 1237 5376 ἀλλὰ
1294 5323 1434 5392 μετὰ
1488 5322 1850 5388 διαστίξεως;

279 5417 479 5477 Λύσις.
531 5416 643 5483 Τὴν
678 5417 775 5484 μὲν
807 5414 1075 5486 παρθένον
1116 5414 1246 5476 ἴσως
1295 5415 1437 5483 μετὰ
1482 5413 1579 5482 τὴν
1639 5411 1848 5481 φθορὰν

277 5507 459 5567 οὐδεὶς
500 5505 834 5574 αίρετίσεται
880 5506 1019 5575 πρὸς
1052 5506 1229 5572 γάμον
1278 5502 1487 5563 λαδεῖν,
1540 5504 1634 5555 καὶ
1690 5504 1740 5554 εἰ
1781 5501 1855 5571 μὴ

280 5596 665 5669 παραχωρηθῇ
696 5596 775 5666 τῷ
822 5597 1014 5666 φθορεῖ
1064 5594 1407 5664 γαμηθῆναι,
1442 5593 1857 5663 περιλειφθήσε-

277 5709 376 5745 ται
416 5692 616 5760 ἇτιμος
668 5690 763 5741 καὶ
812 5689 1000 5751 ἐλέους
1030 5689 1176 5753 ἀξία·
1217 5687 1336 5758 ἡδὲ
1382 5687 1744 5756 πορνευθείσα
1793 5683 1853 5738 οὗ

279 5781 583 5853 ζημιοὶται
606 5779 886 5846 τοσοζτον,
914 5782 1007 5833 ἐὰν
1030 5780 1104 5850 μὴ
1125 5780 1351 5849 γαμηθῇ
1387 5778 1465 5847 τῷ
1493 5778 1851 5847 πορνεύσαντι

1957 4594 2154 4663 quibus
2186 4593 2555 4647 fornicationis
2584 4606 2741 4659 pcena
2773 4594 3016 4664 injuncta
3048 4604 3175 4661 est,‘
3201 4610 3299 4650 nec
3351 4613 3550 4673 sacra:

1960 4700 2262 4739 mentorum
2295 4684 2445 4738 fuere
2480 4685 2794 4754 participes,
2826 4686 2963 4739 inter
2984 4701 3045 4739 se
3061 4690 3534 4744 matrimontalitcr

1959 4776 2354 4831 convenerint?
2397 4774 2551 4841 Quod
2610 4775 2657 4831 si
2691 4773 2923 4839 dixeris;
2968 4787 3256 4846 postquam
3319 4781 3386 4834 iis
3440 4786 3531 4851 qui

1959 4870 2209 4924 fornicati
2245 4880 2371 4924 Sunt
2406 4882 2562 4937 pmna
2596 4869 2835 4935 injuncta
2888 4868 3053 4924 fuerit
3108 4880 3220 4925 toto
3275 4871 3529 4937 triennio,

1961 4976 2029 5015 ne
2055 4960 2416 5022 fornicentur,
2462 4974 2566 5013 non
2622 4959 2928 5028 prohiberis
2972 4961 3052 5015 eis
3105 4963 3429 5029 concedere,
3475 4975 3535 5019 ut

1963 5062 2086 5123 post
2122 5052 2413 5106 triennium
2461 5051 2703 5121 legitimo
2734 5052 3079 5106 matrimonio
3111 5053 3530 5121 coniungantur.

1959 5141 2384 5213 lahrrogarerit
2433 5152 2612 5196 autem
2639 5142 2929 5211 quispiam,
2962 5141 3072 5197 Cur
3104 5143 3363 5214 virginem
3414 5148 3534 5215 qui-

1961 5250 2083 5289 acut
2121 5244 2240 5303 post
2274 5242 2520 5300 stuprum
2554 5232 2798 5286 decernit
2830 5244 3050 5287 sanctus
3084 5234 3371 5301 stupratori
3405 5236 3527 5305 legi-

1964 5326 2095 5382 time
2122 5325 2394 5393 conjungi,
2418 5339 2511 5378 eos
2539 5334 2721 5377 autem
2759 5323 2850 5391 qui
2892 5324 3145 5377 fornicati
3178 5334 3305 5378 sunt
3342 5327 3531 5380 matri-

1966 5418 2148 5472 monio
2184 5417 2340 5469 facile
2368 5414 2615 5486 conjungi
2655 5430 2761 5469 non
2819 5414 2966 5477 sinit,
3026 5414 3128 5468 nisi
3179 5429 3301 5471 cum
3338 5417 3526 5470 distin-

1961 5509 2160 5562 ctione.
2210 5506 2439 5560 Solutio.
2488 5503 2761 5576 Virginem
2809 5504 3023 5574 quidem
3058 5514 3176 5573 post
3229 5506 3276 5560 ei
3312 5507 3531 5563 allatqu

1964 5609 2210 5667 stuprmu
2241 5612 2399 5651 nemo
2427 5596 2661 5651 fortasse
2697 5595 2837 5650 volet
2869 5595 2922 5649 in
2956 5597 3359 5650 matrimonium
3388 5601 3534 5653 acci-

1966 5704 2113 5758 pere,
2142 5695 2195 5741 et
2226 5687 2324 5741 nisi
2362 5687 2435 5740 illi
2466 5687 2811 5757 permittatur
2828 5687 2875 5739 ei
2894 5688 2984 5756 qui
3015 5689 3277 5757 stupravit
3308 5690 3529 5751 nubere.

1964 5777 2228 5832 dedecore
2261 5775 2450 5830 affecta
2499 5791 2562 5832 ac
2618 5775 2942 5831 miserabilis
2991 5776 3347 5845 relinquetur.
3406 5780 3534 5844 Qua:
