4224 6446
210 404 320 469 677

1139 398 1219 457 IN
1261 399 1503 460 EPIST.
1536 399 1591 455 S.
1632 402 1915 459 lMSlLlI
1953 403 2403 468 CANUNICAM
2444 409 2524 471 [ῐ.

3362 415 3468 481 678

289 518 587 589 τραύματα
607 509 988 567 ἀνακόλουθον.
1010 509 1245 577 Εὐλογία
1274 512 1379 580 γὰρ
1400 510 1673 579 ἀγιασμοῦ
1699 527 1793 578 με-
1825 521 1874 577 Α

1825 521 1874 577 Α
1971 515 2129 569 debet
2154 517 2375 572 vulnera
2407 532 2619 578 curare.
2651 534 2755 574 non
2780 528 2862 575 est
2889 531 3336 580 consentaneum.
3366 526 3466 580 Be-

284 608 510 665 τάδοσίς
552 608 723 658 ἐστιν.
774 603 832 655 '0
892 604 946 655 δὲ
982 603 1139 653 τοίτο
1195 601 1268 671 μὴ
1300 602 1436 670 ἔχων
1468 602 1554 655 διὰ
1604 604 1665 653 τὸ
1696 603 1789 667 τῆς

286 703 518 767 ἀγνοίας
543 698 917 767 παράπτωμα,
936 695 1050 758 πῶς
1080 694 1252 763 ἑτέρῳ
1275 694 1573 761 μεταδώσει
1594 712 1608 758 ;
1638 695 1791 762 Μήτε

284 782 475 847 τοίνυν
536 792 772 859 δημοσίᾳ
827 790 964 859 μήτε
1025 787 1130 856 ίδίᾳ
1178 787 1489 853 εὐλογείτω,
1545 788 1680 854 μήτε
1733 785 1795 836 τὸ

290 886 456 952 σῶμα
490 881 586 934 τοῦ
623 878 863 948 Χριστοῦ
896 878 1257 945 κατανεμέτω
1286 878 1481 946 ἑτέρῳ,
1536 878 1673 943 μήτε
1736 891 1791 925 τι

288 978 423 1030 ἄλλο
475 973 881 1039 λειτουργείτω,
936 970 1071 1021 ἀλλὰ
1128 968 1466 1037 ἀρκούμενος
1513 969 1579 1034 τῇ
1626 982 1789 1031 προε-

287 1069 439 1138 δρίᾳ,
491 1064 876 1133 προσκλαιέτω
906 1062 1113 1129 ἑτέροις
1152 1062 1242 1111 καὶ
1273 1058 1349 1128 τῷ
1407 1058 1621 1125 Κυρίῳ,
1662 1073 1789 1122 συγ-

288 1156 610 1227 χωρηθῆναι
680 1155 829 1222 αὐτῷ
892 1153 951 1203 τὸ
1017 1153 1082 1204 ἐκ
1154 1150 1254 1220 τῆς
1317 1152 1539 1216 ἀγνοίας
1612 1151 1794 1219 ἁμάρ-

283 1265 462 1315 τημα.

286 1338 486 1391 ΒΑΛΣ.
521 1336 613 1398 Εἰς
652 1335 778 1404 τρία
814 1333 1151 1405 διαιροίνται
1182 1334 1230 1386 οί
1272 1333 1640 1403 κεκωλυμένοι
1698 1334 1795 1401 γά-

223 1446 335 1497 μοι,
375 1432 454 1489 εις
485 1429 746 1497 νεφάριον
776 1432 866 1479 τὸν
894 1422 1187 1493 λεγόμενον
1224 1426 1563 1493 παράνομον,
1595 1425 1669 1487 ὡς
1704 1427 1793 1478 ὅτε

215 1519 363 1589 λάϐῃ
431 1536 515 1581 τις
564 1519 647 1579 είς
708 1518 888 1585 γάμον
950 1517 1048 1584 τὴν
1103 1517 1594 1583 ἐπιτροπευθεῐσαν
1641 1518 1792 1585 παρὰ

214 1612 409 1664 τούτου
438 1611 469 1678 ἢ
504 1609 600 1661 τοῦ
633 1608 840 1676 πατρὸς
898 1606 1086 1668 αὑτοῦ,
1126 1607 1158 1673 ἦ
1208 1608 1308 1673 τὴν
1341 1606 1509 1658 οὖσαν
1544 1608 1647 1659 ὑπὸ
1695 1610 1792 1676 τὴν

218 1702 602 1771 πρακτορικὴν
643 1698 897 1763 ἐξουσίαν
930 1697 1124 1749 τούτου
1162 1696 1191 1763 ἢ
1228 1697 1321 1747 106
1348 1698 1555 1765 πατρὸς
1584 1696 1747 1749 αὑτοῦ
1772 1709 1788 1726 ⁸

216 1796 296 1854 sl;
325 1792 620 1860 δαμνᾶτον,
654 1790 747 1842 τὸν
792 1790 1084 1855 λεγόμενον
1136 1790 1490 1854 κατάκριτον,
1550 1789 1608 1848 ὃς
1646 1791 1790 1839 ἐστιν

216 1888 245 1938 ὁ
280 1885 418 1953 μετὰ
456 1880 761 1951 μοναχῆςῆ
818 1881 1010 1951 ἑτέρας
1060 1876 1487 1946 ἁνατεθειμένης
1544 1864 1623 1947 τῷ
1670 1877 1789 1947 Θεῷ

215 1976 432 2044 γάμος·
468 1976 563 2026 καὶ
601 1973 681 2035 είς
705 1972 797 2023 τὸν
846 1972 1117 2038 ῐγκεστον,
1157 1969 1249 2021 τὸν
1284 1970 1377 2021 καὶ
1420 1968 1680 2037 ἀθέμιτον
1705 1972 1791 2021 λε-

217 2070 476 2136 γόμενον,
540 2066 784 2134 δηλονότι
820 2065 911 2115 τὸν
944 2064 1085 2131 μετὰ
1122 2062 1454 2129 συγγενικοῦ
1494 2062 1725 2129 προσώπ
1758 2080 1787 2113 υ

214 2159 607 2224 κεκωλυμένου
640 2154 945 2223 προϐάντα.
995 2153 1152 2214 Τινὲς
1182 2152 1315 2219 γοῦν
1368 2154 1558 2221 ἱερέως
1603 2154 1661 2204 ἑν
1690 2155 1789 2218 ἁγ-

218 2249 341 2316 νοίᾳ
381 2248 558 2313 γάμον
588 2244 853 2313 ἀθέμιτον
887 2243 1342 2305 συνολλάξαντος,
1373 2245 1469 2295 καὶ
1512 2244 1601 2296 διὰ
1628 2244 1788 2296 τοῦτο

214 2340 593 2405 διαζυγέντος,
627 2338 721 2389 καὶ
756 2335 1083 2405 καθαιρέσει
1112 2336 1504 2397 ὑποπεσόντος,
1536 2334 1789 2405 ἠρώτησέ

212 2446 301 2491 τις
344 2430 435 2481 τὸν
462 2428 616 2494 ἆγιον
646 2429 693 2479 εἰ
723 2426 932 2494 ὀφείλει
959 2428 987 2478 6
1011 2425 1253 2489 τοιοῦτος
1278 2428 1461 2495 ἱερεὺς
1493 2427 1633 2495 μετὰ
1687 2427 1788 2495 τὴν

214 2520 544 2587 καθαίρεσιν
571 2519 852 2588 ίερατικόν
876 2535 929 2570 τι
956 2519 1220 2587 ἐνεργεῖν.
1262 2516 1489 2585 Ἔλεγον
1512 2518 1618 2585 γάρ
1644 2535 1788 2582 τινες

212 2609 316 2672 ὼς,
339 2610 463 2661 ἐπεὶ
492 2613 548 2660 ἐν
573 2608 769 2677 ἀγνοίᾳ
803 2607 1111 2667 ὼλίσθησεν
1136 2608 1165 2660 δ
1200 2606 1403 2674 ἱερεὺς,
1445 2610 1544 2675 οὐχ
1587 2609 1790 2661 6110m-

216 2702 397 2752 σείται
426 2700 749 2768 καθαιρέσει
772 2714 789 2730 ⁸
828 2704 876 2753 ει
907 2699 961 2753 δὲ
994 2698 1325 2769 καθαιρεθῇ,
1357 2698 1467 2751 τῶν
1491 2698 1593 2767 μὲν
1634 2699 1787 2761 ἐντὸς

213 2792 311 2843 106
347 2790 593 2860 βήματος
620 2790 917 2859 ἐνεργειῶν
954 2790 1354 2860 κωλυθήσεται,
1386 2790 1495 2842 τῶν
1529 2791 1588 2844 δέ
1630 2792 1787 2855 ἐκτὸς

212 2885 313 2935 οὐκ
349 2883 830 2952 ἐμποδισθήσεται.
860 2882 999 2951 φησι
1031 2881 1215 2935 τοίνυν
1242 2882 1270 2934 δ
1334 2882 1490 2949 ἅγιος
1545 2882 1788 2948 ὀφείλειν

216 2973 408 3025 τοῦτον
465 2971 874 3040 καθαιρεῖσθαι,
940 2972 1035 3024 καὶ
1107 2970 1247 3040 μετὰ
1296 2972 1394 3040 τὴν
1468 2971 1787 3041 καθαίρεσιν

212 3063 385 3131 τιμῆς
420 3064 518 3131 μὲν
540 3065 708 3133 μάνης
736 3065 1008 3132 μετέχειν,
1044 3064 1163 3134 ἦτοι
1222 3061 1599 3132 συγκαθῆσθαι
1648 3063 1787 3129 μετὰ

1970 606 2209 659 nediclio
2260 618 2341 662 est
2393 609 2843 665 sanctiﬁcationis
2883 614 3343 682 communicatio;
3376 618 3469 684 qui

1966 705 2147 749 autem
2180 712 2296 750 eam
2319 714 2423 752 non
2454 699 2612 753 habet
2641 711 2861 769 propter
2886 702 3202 770 ignorantia:
3233 706 3464 775 lapsum,

1965 792 2236 853 quomodo
2283 789 2403 844 aliis
2447 792 2904 854 (‘Ommnnicabit‘l
2940 792 3050 847 Nec
3077 811 3207 866 ergo
3257 798 3467 866 publice

1967 893 2065 931 nec
2119 880 2366 944 privatim
2400 880 2700 945 liettedicat,
2730 898 2828 937 nec
2872 881 3071 937 Christi
3106 899 3299 955 corpus
3344 891 3465 945 aliis

1967 969 2257 1035 impertiat,
2288 987 2384 1025 nec
2421 972 2632 1037 aliquod
2673 974 2819 1027 aliud
2852 992 3065 1028 sacrum
3105 977 3465 1031 ministerium

1964 1061 2143 1122 obeat,
2190 1064 2281 1116 sed
2337 1065 2476 1128 quod
2526 1065 2815 1131 praesideat
2873 1077 3181 1129 contentus,
3240 1071 3359 1123 aliis
3410 1080 3465 1125 et

1965 1148 2195 1203 Domino
2220 1151 2432 1215 deﬂeat,
2455 1164 2509 1207 ut
2540 1155 2641 1208 sibi
2674 1156 2989 1224 ignorantia:
3021 1167 3299 1225 peccatum
3333 1175 3462 1213 cou-

1963 1243 2210 1297 donetur.

1969 1356 2160 1409 BALS.
2196 1356 2486 1411 Proltihiza‘.
2515 1361 2714 1429 nuptia:
2738 1362 3000 1416 trifariam
3031 1364 3383 1419 dividuntur:
3409 1368 3461 1419 in

1895 1444 2152 1509 nefarias,
2210 1461 2329 1513 quae
2376 1461 2572 1515 prater
2621 1450 2766 1516 leges
2818 1452 3091 1516 dicuntur,
3150 1466 3206 1506 ut
3252 1456 3295 1509 si
3343 1457 3465 1523 quis

1891 1550 2010 1589 eam
2040 1536 2193 1605 cujus
2226 1538 2442 1591 tutelam
2470 1540 2629 1606 gerit,
2666 1542 2748 1591 vel
2782 1542 2895 1605 ipse
2946 1544 3024 1595 vel
3075 1554 3227 1612 pater
3274 1547 3463 1613 ipsius,

1894 1643 2114 1681 uxorem
2144 1619 2323 1691 ducat,
2361 1628 2443 1681 vel
2485 1644 2601 1681 eam
2629 1645 2747 1696 qum
2777 1642 2859 1684 est
2894 1632 2945 1685 in
2994 1636 3136 1701 ejus,
3176 1634 3256 1687 vel
3296 1636 3465 1703 patris

1890 1720 2006 1785 ejus
2039 1720 2257 1773 tutelarl
2298 1728 2603 1788 potestate;
2661 1723 2711 1774 iu
2746 1723 3029 1779 damnatas
3065 1741 3160 1779 seu
3205 1728 3462 1778 condem-

1818 1846 1865 1904 Β
1895 1820 2069 1873 natas,
2118 1823 2172 1863 ut
2224 1810 2267 1863 si
2310 1811 2397 1863 ﬁat
2444 1814 2845 1866 matrimonium
2894 1829 3016 1867 cum
3072 1817 3331 1868 monat-ha
3382 1817 3463 1869 vel

1892 1902 1993 1954 alia
2031 1901 2141 1954 Deo
2170 1902 2458 1955 dedicata:
2492 1904 2623 1955 ctin
2680 1906 2936 1967 incestas,
2988 1921 3110 1973 qua:
3160 1906 3247 1959 hic
3296 1910 3459 1960 etiam

1891 1990 2114 2045 nefariae
2141 1992 2414 2055 dicuntur,
2460 2002 2513 2043 ttt
2546 1992 2590 2045 si
2625 1996 2746 2060 quis
2770 2010 2889 2046 eum
2922 1997 3327 2065 consanguinea
3362 2014 3457 2051 sua

1892 2084 1945 2135 in
1986 2084 2155 2152 gradu
2189 2084 2460 2150 prohibito
2488 2088 2841 2138 contraxerit.
2878 2087 3013 2139 Cum
3067 2102 3197 2156 ergo
3238 2091 3456 2157 quidam

1890 2170 2144 2226 saCerdos
2176 2169 2438 2223 nefarium
2497 2187 2591 2240 per
2636 2173 2997 2240 ignorantiam
3052 2177 3456 2229 matrimonium

1889 2266 2273 2329 contraxisset,
2305 2273 2360 2317 et
2389 2272 2672 2330 propterea
2715 2264 2948 2317 solutum
2981 2277 3143 2328 esset,
3172 2278 3227 2321 et
3260 2271 3372 2335 ipse
3402 2270 3454 2321 in

1888 2356 2281 2424 depositiouem
2312 2355 2615 2418 incidisset,
2639 2355 2995 2424 interrogavit
3034 2358 3298 2425 quispiam
3331 2373 3458 2411 san-

1889 2455 2058 2510 ctum,
2096 2461 2162 2498 an
2198 2446 2242 2499 is
2264 2447 2521 2501 sacerdos
2552 2445 2741 2499 debeat
2778 2457 2898 2513 post
2936 2447 3322 2515 depositionem
3369 2462 3455 2501 sa-

1888 2537 2160 2593 cerdotale
2188 2538 2462 2607 quidpiam
2502 2552 2781 2591 exercere.
2825 2537 3081 2591 Dicebant
3129 2539 3270 2591 enim
3320 2553 3457 2591 nou-

1890 2630 2043 2692 nulli,
2106 2629 2253 2698 quod
2315 2628 2570 2695 quoniam
2637 2627 2891 2681 sacerdos
2949 2643 3044 2696 per
3097 2628 3453 2696 ignorantiam

1891 2720 2078 2789 lapsus
2110 2728 2274 2779 easet.
2315 2734 2416 2771 non
2448 2719 2767 2787 subjicietur
2816 2719 3138 2787 depositioni
3180 2736 3193 2772 :
3226 2720 3311 2774 sin
3354 2735 3455 2771 an-

1893 2823 1997 2867 tem
2050 2811 2213 2865 l’uerit
2246 2811 2545 2879 depositus,
2595 2810 2662 2863 ab
2712 2810 3015 2863 actionibus
3062 2810 3275 2878 quidem
3335 2824 3456 2877 qua:

1892 2907 2025 2959 liunt
2062 2904 2201 2957 intra
2230 2901 2462 2956 tribunal
2496 2901 2795 2965 arcebitur,
2843 2902 2937 2953 sed
2984 2915 3089 2954 non
3128 2900 3194 2953 ab
3224 2900 3455 2953 actioni-

1892 2997 1991 3049 bus
2025 3009 2143 3063 qvtte
2178 3001 2307 3047 sunt
2354 3001 2504 3043 extra
2539 2991 2799 3045 tribunal.
2850 2991 2984 3044 Dicit
3033 3005 3165 3059 ergo
3215 3000 3455 3052 sanctus,

1889 3104 2011 3141 eum
2048 3086 2247 3138 debere
2281 3083 2492 3149 depooi,
2518 3090 2571 3134 et
2602 3094 2720 3151 post
2744 3081 3132 3149 depositionem
3176 3094 3296 3132 eum
3325 3082 3453 3148 qui-

212 3172 324 3205 των
352 3155 772 3223 πρεσϐυτέρων,
801 3154 912 3207 τῶν
958 3154 1015 3206 δὶ
1051 3154 1252 3206 λοιπῶν
1292 3155 1587 3224 ίερατικῶν
1634 3157 1787 3223 ἐνερ-
1815 3174 1858 3230 c

1815 3174 1858 3230 C
1893 3181 2012 3231 dent
2049 3190 2170 3230 esse
2205 3174 2371 3227 solius
2405 3174 2622 3225 honoris
2655 3172 2998 3239 participem,
3034 3178 3093 3223 ut
3136 3169 3345 3224 scilicet
3371 3186 3455 3221 se-

215 3247 390 3313 γειῶν
411 3246 737 3315 ἀπέχεσθαι,
768 3249 935 3318 ἧγουν
963 3249 1101 3315 μήτε
1128 3247 1294 3317 εὐχὴν
1315 3246 1494 3313 λέγειν
1524 3247 1783 3316 δημοσίᾳ,

212 3338 499 3390 τουτέστιν
532 3339 589 3390 έν
625 3338 918 3408 ἐκκλησίᾳ,
961 3339 1099 3407 μήτε
1134 3338 1263 3407 tota,
1312 3339 1588 3391 τουτέστιν
1631 3340 1788 3400 ἐκτὸς

211 3430 310 3496 τῆς
336 3429 635 3497 ἐκκλησίας
655 3446 668 3459 ’
696 3430 828 3481 ἀλλὰ
854 3430 989 3498 μηδὲ
1018 3432 1085 3483 τὰ
1120 3434 1246 3497 Ξγια
1285 3430 1784 3499 μεταχειρίζεσθαι,

213 3521 310 3572 καὶ
356 3521 570 3590 ἑτέροις
598 3522 954 3589 μεταδιδόναι
979 3522 1180 3582 αὐτῶν,
1224 3522 1350 3590 μήτ’
1390 3520 1519 3573 ἄλλο
1540 3538 1591 3571 τι
1638 3522 1786 3589 ἱερα-

211 3612 365 3664 τικὺν
390 3615 651 3682 ἐνεργεῖν.
671 3614 985 3683 Ἀρκεῖσθαι
1008 3614 1063 3664 δὲ
1084 3616 1149 3682 τῇ
1183 3617 1319 3681 τιμῇ
1352 3614 1448 3680 τῆς
1472 3613 1782 3681 προεδρίας,

211 3705 277 3771 τῇ
316 3704 737 3776 φιλοτιμηθείη]
794 3707 943 3775 αὑτῴ
969 3708 1053 3758 διὰ
1085 3706 1184 3774 τὴν
1215 3706 1461 3773 ἄγνοιαν.
1528 3706 1785 3776 Εὐλογεῖν

217 3796 405 3862 μέντοι
439 3797 663 3865 ἑτέρους
687 3798 779 3850 τὸν
817 3797 1058 3849 τοιοῦτον
1091 3797 1150 3849 οὐ
1175 3797 1258 3848 δεῖ
1283 3812 1297 3827 ο
1364 3798 1391 3866 ἡ
1428 3796 1537 3865 γὰρ
1568 3796 1786 3863 εὐλογία

218 3888 506 3955 μετάδοσις
540 3887 815 3958 ἁγιασμοῦ
858 3891 1023 3942 ἐστιν.
1063 3888 1121 3944 Ὀ
1145 3890 1201 3941 δὲ
1230 3888 1304 3958 μὴ
1329 3888 1467 3958 ἔχων
1487 3888 1782 3956 ἁγιασμὸν,

217 3973 321 4025 κᾶν
348 3973 417 4025 δι’
450 3974 676 4041 ἄγνοιαν
735 3977 1039 4045 καθῃρέθη,
1083 3976 1199 4039 πῶς
1244 3978 1434 4030 τούτου
1488 3976 1784 4045 μεταδώσει

216 4065 392 4133 ἑτέρῳ
424 4083 438 4130 ;
477 4066 780 4137 Συγγνώμη
812 4068 868 4119 δὲ
907 4069 1111 4121 δίδοται
1152 4069 1322 4137 αὐτῷ,
1379 4072 1440 4121 οὐ
1494 4070 1653 4137 μόνον
1695 4069 1783 4122 διὰ

214 4156 311 4208 τοῦ
343 4156 729 4224 συγκαθῆσθαι
783 4159 921 4227 μετὰ
963 4159 1072 4211 τῶν
1118 4161 1329 4229 ίερέων,
1362 4159 1499 4211 ὀλλά
1552 4162 1649 4211 καὶ
1696 4160 1784 4212 διὰ

216 4246 310 4297 τοῦ
349 4247 425 4316 μὴ
454 4249 816 4315 τιμωρεῖσθαι
841 4250 1211 4318 ἁλλοτρόπως.
1251 4250 1311 4300 Ei
1355 4250 1461 4319 γὰρ
1486 4251 1543 4301 ἐν
1575 4250 1779 4318 είδήσει

211 4341 406 4393 ἔάὁεν
464 4345 543 4404 είς
599 4345 836 4409 γυναῖκα
868 4344 967 4413 τὴν
1012 4345 1416 4414 ἀφιερωθεῐσαν
1446 4344 1524 4413 τῷ
1558 4345 1697 4413 Θεῷ,
1746 4345 1778 4414 ἢ

212 4432 314 4500 τὴν
354 4436 593 4502 συγγενῆ
628 4434 818 4500 αὑτοῦ,
857 4437 950 4487 καὶ
992 4435 1361 4505 ἀλλοτρόπως,
1423 4438 1779 4515 χρηματικὼς

1891 3270 2021 3322 deat
2052 3282 2175 3320 cum
2214 3264 2575 3334 presbyteris,
2608 3278 2635 3314 a
2672 3262 2895 3327 reliquis
2927 3270 3104 3312 autem
3138 3262 3453 3313 sacerdota-

1890 3361 2030 3413 libus
2060 3355 2364 3411 actionibus
2399 3354 2685 3414 abstineat,
2723 3360 2779 3403 ut
2810 3351 3019 3405 scilicet
3045 3365 3221 3416 neque
3248 3350 3452 3404 oratio.

1889 3465 2009 3503 nent
2048 3450 2188 3501 dicat
2219 3446 2430 3516 publice
2461 3458 2556 3497 Seu
2589 3443 2639 3494 itt
2674 3441 2927 3501 ecclesia,
2965 3456 3062 3493 nec
3092 3440 3364 3508 privatim,
3400 3440 3451 3492 id

1888 3550 1969 3597 est
2004 3551 2154 3593 extra
2183 3536 2465 3591 ecclesiam
2498 3552 2512 3586 :
2552 3535 2642 3587 sed
2678 3546 2850 3600 neque
2885 3543 3071 3585 saneta
3111 3540 3321 3590 tractet,
3356 3545 3456 3583 nec

1888 3633 1998 3700 ipsa
2021 3631 2141 3684 aliis
2165 3626 2549 3689 communiccl,
2584 3638 2681 3676 nec
2714 3622 2914 3688 aliquid
2946 3621 3086 3673 aliud
3120 3620 3456 3674 sacerdotale

1884 3727 2153 3774 exerceat.
2186 3717 2267 3770 Sit
2293 3728 2471 3767 autem
2506 3722 2789 3766 contentus
2822 3712 3080 3763 sessionis
3111 3712 3332 3773 honore,
3363 3710 3453 3777 qui

1885 3809 1960 3861 illi
1988 3815 2207 3877 propter
2239 3801 2592 3873 ignorantiam
2645 3813 2935 3852 concessus
2978 3808 3077 3853 est.
3131 3797 3314 3850 Talem
3364 3812 3457 3851 au«

1885 3908 1991 3951 tem
2024 3896 2142 3949 aliis
2176 3892 2495 3946 benedicere
2526 3903 2629 3942 non
2664 3897 2901 3955 oportet.
2950 3886 3265 3940 Benedictio
3306 3889 3451 3940 cniut

1882 3995 1964 4042 εει
1997 3981 2443 4037 sanctiﬁcationis
2474 3978 2785 4045 intportitiu.
2819 3975 2919 4042 Qui
2954 3985 3127 4030 autem
3156 3992 3261 4029 non
3294 3976 3457 4029 habet

1882 4074 2392 4131 sanctiﬁcatione-tu,
2419 4070 2632 4122 etiamsi
2663 4084 2757 4135 per
2794 4068 3153 4137 ignorantiam
3174 4066 3455 4136 depositus

1883 4170 1971 4229 sit,
2019 4163 2287 4233 quomodo
2313 4174 2431 4211 eam
2469 4158 2588 4211 aliis
2615 4157 2931 4223 impertiet?
2970 4156 3135 4210 Venia
3168 4169 3348 4211 autem
3402 4156 3453 4211 ei

1881 4256 2062 4319 datur,
2105 4268 2210 4306 non
2239 4252 2410 4306 solum
2439 4248 2579 4317 quod
2641 4251 2827 4301 sedeat
2877 4264 2999 4300 cum
3049 4249 3453 4314 sacerdotibus,

1881 4349 1975 4401 sed
1994 4334 2054 4400 et
2080 4346 2221 4412 quod
2252 4359 2355 4395 non
2387 4340 2496 4395 alio
2525 4340 2681 4392 modo
2702 4339 2976 4407 puniatur.
3014 4337 3069 4392 Si
3102 4341 3244 4391 enim
3273 4341 3455 4396 sciens

1883 4440 1995 4493 Deo
2046 4446 2419 4489 consecratam
2470 4431 2764 4492 l'etuinam,
2812 4430 2893 4481 vel
2942 4444 3092 4483 suam
3142 4442 3481 4499 cognatam,

207 4522 454 4590 δηλονότι
520 4526 613 4576 καὶ
661 4526 1107 4593 ἐγκληματικῶς,
1140 4528 1207 4579 ἂν
1259 4526 1551 4593 ἐκολάσθη.
1617 4527 1775 4580 ἅτινα
1811 4530 1850 4580 D

1811 4530 1850 4580 υ
1881 4541 2104 4583 uxorem
2163 4524 2483 4592 accepisset,
2532 4521 2640 4576 alio
2688 4520 2850 4573 eliatll
2911 4522 3091 4585 modo,
3144 4521 3455 4588 pecuniaria

209 4613 311 4678 0sz
348 4614 652 4680 ἐπάγονται
689 4607 839 4684 αὐτῷ
911 4616 1001 4668 διὰ
1051 4616 1152 4685 τὴν
1190 4618 1433 4683 ἄγνοιαν.
1483 4617 1592 4668 Καὶ
1642 4618 1776 4669 ἀνά-

210 4702 383 4767 γνωθι
420 4703 509 4754 τὸν
550 4710 633 4767 ις’
662 4705 839 4757 τίτλον
870 4705 964 4757 τοῦ
988 4703 1074 4775 κη’
1105 4706 1309 4775 βιϐλίου
1342 4723 1355 4737 ·
1405 4709 1544 4775 μετά
1595 4707 1775 4775 μέντοι

209 4793 271 4843 τὸ
296 4795 676 4862 ἀπαγορεῦσαι
726 4794 874 4864 αὐτῳ
932 4797 1113 4847 πᾶσαν
1151 4796 1433 4864 ἱερατικὴν
1472 4795 1771 4863 ἐνέργειαν.

211 4885 381 4951 φησὶν
413 4887 441 4937 ὸ
463 4886 639 4951 ἅγιος,
674 4885 1054 4956 προσκλαιέτω
1096 4887 1302 4954 ἑτέροις
1333 4885 1521 4950 καὶτῷ
1553 4886 1770 4955 Κυρίῳ·

207 4973 287 5040 τῷ
312 4974 410 5039 μὲν
434 4973 644 5041 Κυρίῳ,
673 4974 745 5037 ὡς
770 4973 1053 5043 δυναμένῳ
1083 4974 1303 5041 ἀφιέναι
1375 4974 1773 5044 ἁμαρτήματα,

209 5067 325 5125 τοῖς
352 5064 411 5116 δέ
438 5065 669 5131 ἑτέροις,
699 5064 787 5118 ἵνα
836 5067 1082 5118 κάκεῖνοι
1119 5065 1260 5136 ὑπὲρ
1321 5065 1489 5118 αὑτοῦ
1548 5065 1772 5119 δέωνται

210 5154 289 5222 τῷ
322 5155 508 5223 Κυρίῳ
549 5156 973 5226 συγχωρηθῆναι
1003 5156 1175 5226 τούτῳ
1193 5158 1252 5208 τὸ
1280 5158 1375 5209 Ἐκ
1412 5155 1505 5208 τοῦ
1531 5155 1771 5223 ἀθέσμου

212 5244 397 5312 γάμου
428 5247 712 5313 ἁνδμημα.
768 5244 1067 5313 Ἐρωτήσει
1097 5245 1153 5296 δέ
1198 5262 1301 5308 τις,
1359 5243 1433 5306 ὠς
1476 5244 1569 5295 Ἐκ
1605 5241 1774 5311 τρῶν

208 5336 428 5403 τρόπων
463 5318 840 5403 κολαζομένων
870 5335 977 5387 τῶν
1026 5335 1283 5405 ἀθέσμων
1315 5336 1529 5403 γάμων,
1576 5332 1767 5386 καθαι⁴⁵

214 5426 503 5495 ρεθήσεται
552 5428 645 5477 καὶ
675 5429 703 5478 δ
733 5428 963 5495 ποιήσας
1010 5431 1326 5497 παράνομον
1365 5427 1566 5497 γάμον,
1602 5426 1769 5496 ήγουν

210 5517 306 5566 καὶ
332 5516 360 5565 ὁ
386 5514 484 5581 τήν
513 5530 642 5565 ποτε
678 5515 810 5584 παρ’
863 5513 1031 5566 αὑτοῦ
1078 5514 1587 5585 ἐπιτροπευθεῐσαν,
1613 5513 1645 5581 ἢ
1674 5511 1768 5581 106

210 5606 453 5673 πατέρος
479 5605 666 5667 αὐτοῦ,
718 5608 797 5666 είς
827 5606 1004 5674 γάμον
1039 5606 1344 5675 ἁγόμενος;
1385 5606 1575 5664 Λύσις.
1618 5604 1770 5657 Ἐπεὶ

206 5700 279 5761 ὡς
314 5698 627 5767 παράνομος
664 5700 755 5750 καὶ
788 5700 815 5750 δ
859 5696 1097 5760 τοιοῦτος
1131 5697 1309 5765 γάμος
1355 5697 1676 5763 διασπᾶται,
1710 5696 1770 5762 ἐξ

208 5791 457 5856 αιάγκης
492 5793 631 5853 μετὰ
665 5790 719 5841 τὸ
747 5788 1021 5856 διαζύγιον
1056 5790 1152 5841 καὶ
1172 5783 1326 5851 οὗτος
1358 5789 1433 5851 ὡς
1462 5790 1767 5859 πορνεύσας

1884 4618 2094 4674 scilicet
2146 4624 2200 4667 et
2240 4614 2486 4668 erimina]
2516 4624 2597 4668 tt'r
2643 4612 2915 4682 punietur,
2974 4627 3092 4679 qua:
3135 4611 3352 4679 quidem
3402 4626 3453 4665 et

1884 4717 2101 4774 propter
2134 4704 2491 4771 igttmantiant
2531 4720 2635 4755 non
2684 4697 3022 4767 ittﬂigllttlur.
3064 4696 3204 4766 Lege
3240 4699 3322 4752 lit.
3363 4700 3452 4765 16,

1885 4796 1978 4849 lib.
2014 4810 2204 4848 xxvm.
2233 4793 2522 4861 Postquam
2557 4801 2733 4845 autem
2765 4798 2985 4845 sanctus
3013 4788 3060 4839 ei
3097 4788 3241 4839 omni
3268 4803 3451 4840 sacer—

1883 4886 2047 4939 dotali
2080 4886 2291 4938 actione
2322 4883 2715 4942 interdixisset,
2768 4880 2989 4941 Dcﬂcal.
3027 4878 3219 4949 inquit,
3254 4878 3370 4930 aliis
3400 4887 3454 4932 et

1882 4976 2159 5030 Domino:
2200 4973 2426 5028 Domino
2482 4973 2701 5042 quidem
2759 4981 2819 5025 ιιι
2862 4974 2953 5040 qui
3010 4982 3183 5038 potest
3234 4983 3450 5040 peccata

1883 5065 2202 5129 remittere;
2234 5061 2376 5127 aliis,
2440 5070 2496 5114 ut
2538 5061 2610 5113 illi
2660 5075 2757 5128 pro
2808 5074 2873 5112 eo
2922 5072 3109 5130 rogent
3167 5060 3450 5114 Dominum

1880 5158 2187 5212 condonare
2213 5157 2260 5210 ei
2306 5154 2556 5209 delictum
2587 5154 2794 5207 nefario
2825 5156 3168 5207 tttatl'itnonio
3194 5158 3449 5211 minutis-

1880 5262 2020 5302 sum.
2059 5245 2283 5316 [iugabit
2315 5256 2492 5299 autem
2539 5246 2828 5313 quispiam,
2883 5262 3003 5298 eum
3045 5246 3216 5300 tribus
3276 5249 3451 5302 modis

1880 5341 2171 5409 puniantur
2201 5338 2422 5392 nefarias
2456 5339 2675 5406 nuptiae,
2731 5342 3099 5405 deponeturne
3150 5339 3445 5406 quispiam,

1877 5432 1968 5501 qui
2011 5442 2196 5485 contra
2239 5431 2382 5497 leges
2416 5430 2819 5482 matrimonium
2856 5429 3212 5492 contraxerit,
3264 5438 3449 5497 utpote

1879 5524 1923 5577 is
1949 5521 2037 5590 qui
2062 5537 2203 5584 eam,
2241 5521 2394 5591 cujus
2426 5522 2537 5589 ipse
2560 5521 2639 5573 vel
2666 5529 2812 5587 pater
2834 5518 2948 5587 ejus
2979 5529 3122 5573 tutor
3142 5518 3260 5583 fuit,
3295 5521 3449 5573 duxit

1877 5616 1930 5670 in
1966 5614 2402 5668 triatritnonium?
2441 5612 2672 5667 Solutio.
2708 5610 2972 5676 Quoniam
3022 5613 3121 5665 hoc
3168 5612 3448 5664 matrimo-

1879 5708 2027 5760 nium
2060 5716 2119 5759 ut
2150 5705 2358 5775 legibus
2388 5706 2724 5759 contrarium
2754 5704 3086 5765 dissolvitur,
3113 5704 3199 5757 hic
3227 5717 3446 5771 quoque

1880 5807 1997 5863 post
2031 5796 2346 5858 divortium,
2401 5804 2453 5847 ut
2500 5794 2589 5863 qui
2650 5792 2947 5847 fornicatus
3001 5795 3092 5859 sit,
3131 5795 3443 5847 necessario
