4224 6446
242 424 347 485 σει

1168 418 1247 477 IN
1278 415 1522 474 EPIST.
1565 414 1622 472 S.
1669 410 1951 471 BASILII
2012 406 2471 479 CANONICAM,
2514 407 2592 466 II.

3392 410 3499 467 (382

240 541 301 591 τὺ
325 537 422 589 τοῦ
486 537 665 602 γάμου
699 534 961 600 ἄθεσμον
998 532 1096 600 τῆς
1146 533 1246 600 μὲν
1284 531 1450 598 τιμῆς
1496 531 1665 597 μόνης
1726 528 1819 579 καὶ
1854 534 1869 587 Α

1944 521 2528 592 ignoscitillegitimum
2566 521 2899 592 coniugium.
2936 519 3117 577 Solius
3154 522 3368 591 quidem
3405 521 3501 576 bo-

247 629 550 698 προεδρέας
580 625 690 676 τῶν
723 625 915 693 ίερέων
950 623 1191 692 μεθέξει,
1220 624 1318 689 τῆς
1377 623 1433 672 δὲ
1474 618 1822 687 λειτουργίας

242 719 568 772 παντάπασι
639 714 1038 783 κωλυθήσεται·
1114 713 1345 783 ἀρκετὸν
1423 711 1531 778 γὰρ
1601 708 1749 776 αὐτῷ
1790 709 1823 777 ή

244 804 553 873 συγγνώμη
606 803 694 854 διὰ
741 801 840 870 τὴν
902 802 1147 864 ἄγνοιαν·
1204 800 1265 852 τὸ
1324 798 1379 850 δὶ
1442 798 1536 850 καὶ
1602 796 1824 864 ἑτέρους

245 899 494 963 εὐλογεῖν
559 896 652 947 τὸν
715 894 1001 961 ὀφείλοντα
1057 892 1167 944 τῶν
1214 892 1434 944 οἰκείων
1492 889 1824 957 τραυμάτων

241 989 490 1042 τίθεσθαι
530 988 787 1055 πρόνοιαν
820 985 1209 1039 ἀνακόλουθον.
1262 981 1506 1047 Εὑλογία
1529 980 1631 1047 γὰρ
1653 978 1825 1048 μετά-

244 1084 392 1143 δοσίς
419 1084 566 1132 ἐστιν
589 1078 893 1148 ἀγιασμοῦ.
948 1078 1007 1130 '0
1033 1078 1089 1129 δὲ
1113 1076 1305 1128 τοῦτον
1338 1074 1413 1143 μὴ
1454 1073 1593 1141 ἔχων
1649 1071 1739 1125 διὰ
1766 1071 1827 1123 τὸ

249 1179 315 1226 ἐκ
364 1174 458 1240 τῆς
518 1172 743 1240 ἀγνοίας
796 1171 1158 1240 παράπτωμα
1216 1168 1331 1228 πῶς
1391 1164 1596 1233 ἑτέροις
1659 1180 1827 1231 μετα-

244 1265 408 1317 δώσει
442 1279 456 1327 ;

824 1353 1065 1406 ΚΑΝΩΝ
1103 1352 1204 1404 KH
1228 1392 1241 1405 .

248 1450 487 1502 Κάκεῐνό
507 1465 571 1516 γε
606 1448 715 1517 μὴν
754 1447 964 1514 γελοῖόν
1002 1462 1092 1513 μοι
1135 1446 1443 1513 κατεφάνη,
1468 1444 1530 1496 τὸ
1564 1440 1830 1507 εὔξασθαί

333 1556 460 1589 τινα
497 1538 658 1589 ὑείων
695 1534 997 1605 ἀπέχεσθαι
1052 1533 1255 1600 κρεῶν.
1286 1533 1447 1583 Ὥστε
1491 1529 1830 1595 καταξίωσον

329 1627 607 1680 διδάσκειν
638 1628 857 1687 αὐτοὺς,
886 1625 993 1675 τῶν
1012 1622 1355 1675 ἀπαιδεύτων
1382 1620 1705 1689 προσευχῶν
1737 1618 1833 1671 καὶ

324 1715 679 1783 ἐπαγγελιῶν
710 1714 1040 1781 ἀπέχεσθαι,
1072 1714 1173 1780 τὴν
1226 1711 1411 1780 μέντοι
1444 1712 1642 1780 χρῆσιν
1676 1708 1831 1762 ἅδιάο

324 1826 492 1877 φορον
570 1802 710 1859 εἶναι
779 1806 1149 1875 συγχώρησον.
1233 1804 1398 1855 Οὐδὲν
1456 1804 1561 1871 γὰρ
1624 1803 1835 1870 κτίσμα

330 1898 469 1953 Θεοῦ
514 1897 821 1966 ἀπόὄλητον
881 1896 1002 1965 μετ’
1060 1894 1417 1964 εὐχαριστίας
1485 1892 1839 1963 λαμϐανόμε-
1873 1889 1914 1945 Β

333 2007 444 2041 νον.
485 1989 649 2040 Ὥστε
701 1987 897 2058 ήεὺχὴ
929 1986 1356 2053 καταγέλαστος,
1412 1985 1511 2053 οὐχ
1553 1987 1585 2052 ή
1655 1984 1836 2055 ἀποχὴ

328 2080 632 2145 ἀναγκαία.

830 2171 1071 2224 ΚΑΝΩΝ
1122 2171 1251 2227 ΚΘ¹.

260 2264 569 2333 ’Δρχοντας
598 2264 782 2331 μέντοι
811 2262 1033 2332 ὀμνύειν
1082 2265 1177 2315 ὲπὶ
1226 2262 1305 2331 τῷ
1336 2263 1660 2314 κακοποιεῖν
1712 2255 1842 2323 τοῦς

330 2357 674 2423 ἀρχομένους
738 2356 833 2405 καὶ
882 2356 1025 2407 πάνυ
1086 2353 1492 2420 θεραπεύεσθαι
1546 2355 1840 2421 προσήκει.

333 2446 621 2511 Θεραπεία
654 2444 711 2496 δὲ
740 2445 947 2497 τούτων
973 2444 1146 2514 διττή.
1182 2446 1299 2498 Μία
1359 2444 1484 2513 μὲν,
1520 2445 1595 2513 μὴ
1620 2443 1845 2513 ὀμνύειν

333 2533 535 2594 αὐτοὺς
568 2532 914 2585 διδάσκεσθαι
947 2534 1276 2602 προχείρως,
1303 2533 1467 2603 ἑτέρα
1502 2533 1580 2596 δὲ,
1619 2532 1695 2600 μὴ
1727 2534 1846 2584 ἑπι-

332 2626 519 2694 μένειν
549 2627 604 2675 ἐν
672 2627 791 2686 ταῖς
827 2628 1092 2693 πονηραῖς
1143 2624 1415 2693 κρίσεσιν.
1489 2625 1653 2676 Ὠστε
1700 2625 1849 2694 ὅρκῳ

336 2715 676 2786 προληφοθείς
709 2734 787 2777 τις
816 2718 896 2776 ei;
942 2717 1284 2768 κακοποιταν
1340 2717 1555 2785 ἑτέρου,
1590 2716 1687 2783 τὴν
1747 2714 1848 2784 μὲν

340 2810 436 2859 ἐπὶ
462 2811 527 2875 τῇ
565 2808 867 2877 προπετείᾳ
918 2806 1012 2858 τοῦ
1048 2808 1216 2874 ὅρκου
1301 2808 1592 2876 μετάνοιαν
1651 2807 1851 2858 ἐπιδει-

356 2896 597 2957 κνύσθω,
654 2896 729 2964 μὴ
786 2898 969 2963 μέντοι
1019 2898 1370 2965 προσχήματι
1403 2894 1687 2957 εὐλασείας
1752 2894 1849 2964 τὴν

335 2990 603 3058 πονηρίαν
653 2989 848 3041 ἑαυτοῦ
888 2988 1220 3057 βεϐαιούτω·
1279 2990 1400 3042 οὐδὲ
1452 2990 1561 3061 γὰρ
1628 2988 1848 3058 Ἡρώδῃ

345 3084 686 3150 συνήνεγκεν
727 3082 1121 3150 εὐορκήσαντι,
1155 3080 1236 3144 ὃς,
1278 3081 1368 3132 ἴνα
1417 3082 1494 3149 μὴ
1543 3082 1849 3152 ἐπιορκήσῃ

337 3175 521 3243 δῆθεν,
552 3174 740 3241 φονεὺς
774 3174 995 3238 ἐγένετο
1037 3174 1134 3224 τοῦ
1181 3175 1495 3243 προφήτου.
1529 3174 1716 3236 Ἀπαξ
1750 3174 1851 3241 μὲν

341 3240 564 3334 ὀνόρκος
598 3258 1018 3333 ἀπηγόρευται·
1076 3240 1257 3335 πολλῷ
1293 3240 1367 3317 δέ-
1410 3282 1514 3318 που
1562 3264 1712 3326 εἰκὸς
1754 3240 1849 3316 τὸν
1877 3240 1923 3301 C

344 3358 441 3411 ἐπὶ
468 3354 621 3424 κακῷ
646 3358 934 3422 γινόμενον
963 3356 1421 3424 κατακρίνεσθαι.
1476 3357 1639 3407 Ὥστε
1686 3373 1852 3423 μετα-

346 3451 573 3515 φρονεῐν
604 3446 711 3517 χρὴ
742 3446 835 3497 τὸν
891 3445 1186 3513 ὀμνύοντα,
1223 3447 1348 3516 οὐχὶ
1388 3447 1717 3510 σπουδάζειν
1766 3447 1852 3514 βε-

347 3537 540 3588 6αιοῦν
571 3537 737 3589 αὑτοῦ
765 3538 825 3589 τὸ
862 3537 1082 3590 ἀνόσιον
1107 3552 1123 3568 ο
1164 3536 1420 3601 ἐξέτασον
1476 3539 1586 3604 γὰρ
1640 3518 1851 3589 πλατύ-

340 3644 503 3698 τερον
528 3629 624 3698 τήν
652 3630 909 3681 ἀτοπίαν.
941 3628 1109 3691 Είτις
1132 3629 1385 3697 ὀμόσειεν
1415 3628 1701 3698 ὲξορύξειν
1723 3632 1848 3693 τοὺς

345 3718 667 3788 ὀφθαλμοὺς
697 3720 793 3771 τοῦ
824 3720 1081 3788 ἀδελφοῦ,
1110 3723 1158 3772 εἰ
1193 3721 1359 3773 καλὸν
1386 3724 1447 3774 τὸ
1479 3721 1727 3775 τοιοῦτον
1769 3725 1850 3784 εἰς

340 3811 506 3880 ἔργον
558 3810 747 3880 αὐτῷ;
814 3811 878 3863 El
915 3828 998 3873 τις
1038 3812 1342 3880 φονεύσειν,
1376 3814 1430 3864 εῐ
1480 3831 1563 3876 τις
1613 3815 1748 3877 ὅλως
1782 3814 1850 3867 δι’

343 3904 509 3971 ὅρκου
558 3902 783 3972 ἐντολὴν
813 3902 934 3955 τινὰ
990 3903 1441 3974 παραδήσεσθαις
1477 3907 1692 3975 Ὥμοσα
1743 3906 1852 3975 γὰρ

341 3994 439 4048 καὶ
470 3992 679 4063 εστησα
699 3993 821 4061 οὐχὶ
851 3993 951 4062 τὴν
986 3994 1287 4064 ἁμαρτίαν,
1316 3995 1456 4048 ἀλλὰ
1486 3994 1581 4047 τοῦ
1614 3993 1852 4064 φυλάξαι

348 4088 421 4138 τὰ
448 4086 696 4153 κρίματα
713 4083 813 4152 τῆς
848 4083 1224 4155 δικαιοσύνης.
1254 4085 1469 4157 Ὥσπερ
1509 4086 1565 4138 δὲ
1592 4087 1690 4157 τὴν
1708 4089 1855 4141 ὲντο-

344 4175 447 4245 λὴν
479 4174 837 4245 ἀμεταθέτως
896 4173 1131 4242 κρίμασι
1184 4178 1429 4247 προσῆκε
1478 4179 1851 4247 βεϐαιοῦσθαι,

347 4266 498 4320 οὕτω
518 4266 615 4337 τὴν
642 4267 921 4337 ἁμαρτίαν
952 4272 1223 4331 παντοίως
1255 4271 1489 4342 καθήκει
1514 4273 1854 4345 ἀκυροῦσθαι

346 4358 444 4411 καὶ
472 4358 856 4424 ἀφανίζεσθαι.

348 4448 547 4502 ΒΔΔΣ.
579 4450 643 4502 Ol
674 4451 943 4519 παρόντες
968 4449 1063 4503 δύο
1104 4452 1330 4515 κανόνες
1386 4455 1856 4524 παρακελεύονται

1936 616 2083 667 noris
2115 624 2169 669 et
2197 613 2559 683 praesidentia:
2612 614 2957 668 sacerdotum
2992 614 3262 682 particeps
3301 612 3429 677 erit,
3474 629 3505 667 ι

1936 706 2236 760 ministerio
2261 716 2442 760 autem
2468 706 2718 761 obeundo
2748 706 3062 761 omnimodo
3110 705 3503 772 prohibebitur.

1923 794 2068 849 'Nam
2102 796 2259 851 venia
2293 796 2362 850 ob
2388 796 2751 865 ignorantiam
2783 796 2830 850 ei
2863 795 3139 850 sufficiens
3179 803 3281 850 est.
3311 796 3415 849 Sed
3452 807 3506 849 ut

1937 889 1983 939 is
2015 901 2175 955 quem
2208 902 2428 941 suorum
2461 886 2744 940 vulnerum
2774 902 2961 941 curam
2989 895 3202 955 oportet
3225 881 3433 956 gerere,
3455 894 3509 941 et

1938 977 2057 1031 aliis
2092 977 2399 1041 benedicat,
2445 993 2550 1031 non
2580 986 2665 1031 est
2690 988 3139 1031 consentaneum.
3198 977 3513 1031 Benedictio

1937 1068 2080 1119 enim
2132 1068 2580 1121 sanctiﬁcationis
2608 1078 2691 1121 est
2732 1068 3175 1123 communicatio.
3234 1068 3337 1133 Qui
3392 1082 3512 1122 eam

1938 1164 2118 1209 autem
2153 1171 2257 1209 non
2290 1157 2451 1209 habet
2473 1156 2545 1210 ob
2583 1157 2903 1225 ignorantia:
2956 1156 3190 1225 lapsum,
3242 1159 3514 1225 quomodo

1938 1247 2060 1302 aliis
2109 1249 2577 1302 communicabit?

2468 1339 2701 1394 CANON
2744 1338 2986 1394 XXVIII.

1944 1426 2077 1481 Illud
2106 1430 2326 1497 quidem
2364 1431 2494 1485 mihi
2532 1432 2706 1484 visum
2737 1440 2820 1485 est
2852 1430 3159 1496 ridiculum,
3197 1446 3391 1485 vovere
3414 1432 3512 1484 ali-

2014 1534 2173 1586 quem
2207 1520 2517 1574 acarnibus
2566 1522 2743 1575 suillis
2803 1521 3102 1577 abstinere.
3156 1520 3515 1585 Quamobrem

2011 1610 2235 1677 dignare
2261 1625 2355 1665 eos
2381 1611 2591 1674 docere,
2627 1620 2687 1663 ut
2721 1609 2790 1664 ab
2824 1610 3023 1678 ineptis
3048 1611 3181 1663 votis
3212 1620 3263 1663 et
3290 1613 3506 1678 promis-

2012 1702 2088 1756 sis
2116 1703 2449 1769 abstineant,
2488 1719 2645 1757 usum
2680 1703 2897 1772 quidem
2948 1718 3071 1758 esse
3123 1702 3516 1757 indifferentem

2013 1794 2288 1861 permitte.
2320 1793 2473 1848 Nulla
2500 1796 2646 1848 enim
2675 1793 2768 1848 Dei
2798 1803 3053 1849 creatura
3086 1804 3169 1849 est
3206 1794 3516 1863 rejicieuda,

2018 1885 2061 1938 si
2126 1901 2250 1939 cum
2329 1888 2629 1955 gratiarum
2690 1887 2904 1940 actione
2966 1886 3284 1956 accipiatur.
3337 1887 3517 1952 Quare

2013 1988 2201 2032 votum
2262 1989 2346 2033 est
2387 1980 2706 2042 ridiculum,
2750 1996 2856 2034 non
2895 1980 3227 2036 abstinentia
3268 1995 3518 2034 necessa-

2017 2069 2117 2123 ria.

2502 2160 2730 2217 CANON
2768 2159 2964 2216 XXIX.

1942 2252 2095 2316 Quod
2127 2252 2401 2321 principes
2434 2252 2651 2322 quidem
2690 2253 2895 2320 iurent,
2925 2266 2985 2307 se
3010 2250 3269 2319 subjectis
3299 2250 3523 2305 malefa-

2018 2354 2225 2408 cturos,
2264 2359 2457 2411 magna
2499 2344 2766 2397 medicina
2798 2359 2932 2413 opus
2961 2344 3145 2399 habet.
3199 2342 3397 2398 Medela
3434 2359 3525 2398 au-

2021 2447 2125 2489 tem
2160 2449 2347 2489 eorum
2378 2444 2459 2489 est
2488 2435 2684 2504 duplex
2717 2454 2731 2489 :
2766 2452 2869 2489 uua
2919 2436 3158 2504 quidem,
3192 2446 3249 2490 ut
3302 2436 3400 2505 ipsi
3433 2438 3526 2489 do-

2021 2537 2251 2581 ceantur
2280 2544 2383 2582 non
2422 2528 2581 2583 facile
2608 2530 2832 2596 iurare;
2870 2529 3039 2583 altera
3100 2541 3306 2594 autem,
3351 2543 3418 2583 ne
3473 2530 3525 2582 in

2027 2619 2427 2687 malisiudiciis
2456 2621 2769 2690 persistant.
2802 2610 2985 2686 Quare
3007 2623 3098 2691 qui
3131 2639 3190 2677 se
3220 2623 3373 2678 alteri
3413 2641 3529 2677 ma-

2025 2712 2348 2766 lefacturum
2377 2712 2562 2781 iurare
2597 2714 2935 2783 anticipavit,
2972 2716 3114 2784 quod
3140 2717 3203 2769 ad
3233 2716 3526 2787 iurandum

2024 2803 2249 2857 nimium
2306 2803 2483 2858 facilis
2542 2804 2727 2868 fuerit,
2788 2820 2845 2859 se
2901 2807 3165 2875 ptenitere
3229 2809 3525 2862 ostendat:

2018 2893 2129 2963 87
2156 2909 2263 2947 non
2300 2905 2483 2948 autem
2510 2896 2734 2963 pietatis
2770 2906 3038 2965 przetextu
3071 2911 3224 2950 suam
3260 2898 3525 2965 improbi-

2026 2995 2187 3039 tatem
2220 2989 2526 3042 contirmet.
2558 2985 2749 3055 Neque
2774 2988 2918 3042 enim
2956 2987 3153 3045 Herodi
3182 2990 3368 3055 iurare
3400 3006 3530 3058 pro-

2024 3074 2145 3140 fuit,
2181 3079 2298 3145 qui,
2327 3094 2393 3133 ne
2423 3080 2712 3148 pejeraret,
2740 3081 3056 3150 prophetam
3081 3082 3306 3137 occidit.
3340 3079 3530 3153 Jusju-

2028 3168 2257 3223 randum
2303 3171 2447 3224 enim
2506 3173 2729 3225 omnino
2786 3182 2871 3226 est
2932 3175 3263 3236 prohibitum
3310 3174 3531 3227 :nmlto

2026 3269 2205 3312 autem
2238 3261 2407 3328 magis
2446 3272 2879 3315 consentaneum
2932 3274 3017 3315 est
3066 3263 3199 3314 illud
3247 3278 3369 3316 esse
3403 3280 3533 3317 con-

2028 3350 2368 3414 demnatum,
2429 3352 2576 3419 quod
2624 3360 2850 3419 propter
2904 3351 3101 3405 malUm
3153 3353 3393 3421 iuratum
3425 3366 3529 3408 est.

2024 3440 2206 3503 Quare
2240 3455 2364 3494 eum
2400 3441 2491 3509 qui
2544 3440 2777 3509 iuravit,
2812 3443 3099 3511 pmnitcre,
3138 3461 3243 3499 non
3278 3446 3527 3514 impieta-

2030 3541 2135 3585 tem
2169 3530 2283 3597 ejus
2314 3534 2641 3587 confirinare
2670 3535 2889 3588 studere
2918 3546 3151 3601 Oportet.
3209 3536 3340 3605 Eius
3384 3541 3527 3591 enim

2029 3623 2424 3677 absurditatem
2453 3624 2626 3679 fusius
2654 3625 2966 3694 exquirere.
3002 3624 3057 3680 Si
3090 3630 3212 3696 quis
3245 3646 3303 3683 se
3347 3630 3532 3685 fratris

2026 3715 2214 3770 oculos
2250 3714 2573 3770 effossurum
2616 3716 2907 3785 iuraverit,
2942 3718 3064 3772 eine
3119 3722 3402 3775 honestum
3451 3734 3535 3776 est

2028 3810 2132 3864 hoc
2157 3809 2222 3861 ad
2252 3808 2505 3863 eﬂectum
2549 3808 2861 3864 deducere?
2896 3807 2951 3863 Si
2980 3814 3104 3877 quis
3130 3826 3187 3866 se
3214 3814 3537 3868 interfecm-

2030 3917 2169 3965 rum,
2199 3902 2242 3955 si
2276 3902 2397 3970 quis
2435 3901 2659 3957 omnino
2680 3899 2950 3969 iuraverit
2980 3904 3289 3956 mandatum
3314 3906 3531 3970 aliquod

2029 3994 2539 4062 transgressurum?
2572 3991 2758 4049 Juravi
2782 3994 2928 4048 enim
2966 4005 3018 4049 et
3050 3997 3215 4049 statui
3265 4013 3367 4048 non
3402 4013 3526 4063 pec-

2028 4094 2231 4149 catum,
2267 4085 2360 4139 sed
2387 4099 2606 4138 servare
2629 4085 2836 4153 iudicia
2863 4086 3086 4153 iustitiae
3110 4097 3233 4141 tuae.
3264 4086 3535 4153 Quemad-

2027 4176 2245 4232 modum
2279 4186 2459 4229 autem
2498 4175 2810 4229 mandatum
2848 4183 2934 4228 est
2966 4175 3398 4231 immutabilibus
3450 4179 3531 4246 ju-

2025 4270 2184 4327 diciis
2209 4270 2666 4331 confirmandum,
2695 4268 2769 4321 ita
2802 4282 3083 4335 peccatum
3111 4269 3337 4323 omnino
3382 4271 3535 4325 infir-

2029 4374 2180 4413 mare
2201 4370 2255 4413 et
2283 4358 2466 4413 delere
2493 4366 2725 4427 Oportet.

2028 4449 2225 4505 BALS.
2266 4450 2570 4505 Praesentes
2604 4450 2711 4503 duo
2738 4462 2977 4502 canones
3022 4448 3218 4517 iubent
3269 4451 3534 4508 infirmari

275 4538 593 4592 ἀθετεῖσθαι
641 4540 767 4603 τοὺς
819 4542 1151 4610 γενομένους
1222 4545 1421 4613 ὅρκους
1470 4549 1625 4616 παρά
1688 4564 1853 4601 τινων

1953 4540 2259 4610 iuramenta
2292 4556 2322 4595 a
2353 4541 2675 4609 quibusdam
2712 4540 2875 4603 facta,
2910 4551 2969 4594 ut
2998 4541 3125 4597 mali
3153 4543 3356 4610 aliquid
3396 4546 3490 4599 fiat
3513 4586 3531 4609 ,

276 4633 443 4701 χάριν
479 4629 572 4682 τοῦ
598 4630 854 4698 γενέσθαι
912 4633 1084 4685 κακόν
1110 4651 1184 4699 τι,
1214 4634 1246 4703 ἢ
1283 4638 1378 4688 καὶ
1407 4638 1649 4703 γέλωτος
1677 4640 1848 4705 ἄξιον*

273 4720 412 4788 φασὶ
450 4722 560 4789 γὰρ
589 4722 681 4773 τὸν
720 4721 1027 4790 εὐξάμενον
1060 4723 1182 4792 ήτοι
1226 4724 1505 4794 ὀμόσαντα
1539 4729 1616 4796 μὴ
1652 4731 1851 4797 φαγεῖν

274 4808 445 4877 κρέας
471 4810 702 4876 χοίρειον
728 4850 743 4873 ,
775 4810 808 4879 ἢ
860 4812 1364 4883 κακοποιῆσαιτοὺς
1403 4816 1495 4868 ὑπ’
1530 4817 1692 4870 αὐτὸν
1707 4817 1855 4871 διδά-

279 4896 514 4949 σκεσθαι
540 4896 648 4948 τῶν
692 4899 997 4975 ἀλογίστων
1047 4904 1312 4956 τοιούτων
1372 4906 1469 4957 καὶ
1509 4906 1853 4961 ἀπαιδεύτων

274 4988 456 5058 ὅρκων
512 4990 834 5058 ἀπέχεσθαι,
899 4995 994 5044 καὶ
1038 4991 1130 5048 ’ὅτι
1184 4997 1443 5065 καθάπαξ
1502 5001 1563 5051 τὸ
1628 5001 1852 5070 ὀμνύειν

275 5081 729 5149 ἀπηγορευμένον
774 5084 943 5135 ἐστίν·
981 5087 1376 5158 ὲπιχωρεῖσθαι
1418 5092 1474 5145 δὲ
1513 5094 1575 5145 τὸ
1608 5095 1850 5164 χοίρειον

274 5172 448 5239 κρέας
477 5170 705 5236 ἐσθίειν,
740 5176 835 5246 καὶ
864 5176 1237 5243 παραϐαίνειν
1276 5181 1365 5231 τὸν
1391 5181 1577 5251 ὅρκον,
1630 5186 1727 5234 καὶ
1771 5183 1848 5252 μὴ

276 5265 454 5314 ποιεῖν
510 5264 572 5315 τὸ
627 5266 796 5317 κακὸν
857 5268 1130 5334 προφάσει
1190 5271 1282 5323 τοῦ
1352 5274 1426 5343 μή
1497 5276 1847 5345 ὲπιῑρκῆσαι.

288 5352 598 5422 Ἐχρήσατο
658 5355 713 5406 δὲ
770 5360 863 5409 καὶ
926 5361 1347 5432 παραδείγματι
1386 5364 1464 5431 τῷ
1503 5365 1719 5437 Ἡρώδη
1770 5366 1849 5437 τῷ

276 5442 541 5509 ὀμόσαντι
583 5446 841 5512 φονεῦσαι
876 5449 970 5501 τὸν
1028 5451 1361 5523 Βαπτιστὴν,
1396 5456 1490 5507 καὶ
1522 5456 1611 5510 διὰ
1670 5462 1732 5511 τὸ
1770 5461 1847 5531 μὴ

276 5536 601 5605 ἐπιορκῆσαι
633 5541 923 5608 ποιήσαντι
957 5544 1139 5611 φόνον.
1177 5547 1325 5599 Ἔδει
1367 5548 1494 5619 γὰρ,
1529 5550 1717 5621 φησὶν,
1752 5556 1849 5605 αὺ-

275 5625 369 5678 τὸν
411 5630 848 5698 μεταφρονῆιοαι,
903 5633 1073 5704 ήγουν
1146 5640 1493 5707 μεταγνῶναι
1530 5646 1625 5695 καὶ
1676 5662 1847 5699 κατα-

275 5718 550 5807 φρονῆσαι
583 5718 676 5771 τοῦ
724 5722 916 5777 ἀδίκου
947 5726 1134 5795 ὅρκου,
1170 5730 1286 5783 ἀλλ’
1314 5732 1436 5802 οὐχὶ
1461 5733 1554 5786 διὰ
1583 5737 1680 5805 τῆς
1711 5741 1847 5807 πρά-

277 5806 410 5871 Ξεως
444 5807 749 5877 βεϐαιῶσαι
782 5814 845 5866 τὸ
887 5816 1122 5871 ἀνόσιον.
1168 5823 1467 5888 ’Λνάγνωθι
1501 5828 1563 5878 τὸ
1619 5835 1688 5897 ιη’
1714 5806 1841 5898 κεφ.

470 5901 744 5965 ΡΑτιιοι.
785 5908 903 5972 (In.
936 5912 1324 5977 CXXXVIII.

1949 4632 2037 4685 -ve|
2061 4633 2223 4685 etiam
2253 4632 2527 4700 quidpiam
2559 4632 2863 4686 ridiculum.
2909 4631 3050 4686 Dicit
3084 4636 3227 4687 enim
3273 4649 3395 4688 eum
3437 4641 3530 4705 qui

1917 4724 2101 4803 .vovit
2136 4722 2213 4777 vel
2256 4724 2459 4792 iuravit
2508 4737 2565 4776 se
2612 4736 2835 4776 carnem
2882 4723 3094 4778 suillam
3127 4739 3233 4780 non
3288 4742 3536 4782 comesu-

1957 4831 2096 4879 rum,
2126 4814 2209 4869 vel
2260 4816 2363 4869 sibi
2420 4815 2678 4884 subiectis
2725 4814 3140 4870 malefacturum
3233 4818 3534 4873 docendum

1955 4923 2075 4963 esse
2116 4922 2146 4961 a
2173 4908 2357 4965 stultis
2387 4908 2699 4975 huiusmodi
2733 4917 2788 4963 et
2812 4908 3010 4973 ineptis
3038 4911 3395 4965 sacramentis
3436 4912 3535 4963 ab-

1954 5004 2177 5064 stiuere,
2206 5012 2258 5053 et
2285 5003 2427 5069 quod
2449 5001 2637 5069 iurare
2659 5002 2881 5055 omnino
2902 5008 2989 5055 est
3022 5002 3375 5070 prohibitum;
3413 5002 3537 5056 licet

1952 5107 2081 5146 vero
2097 5106 2312 5145 carnem
2344 5090 2553 5145 suillam
2570 5091 2876 5152 comedere,
2894 5099 2948 5145 et
2960 5091 3329 5161 iuramentum
3354 5102 3503 5147 trans
3518 5120 3535 5131 -

1953 5185 2125 5255 gredi,
2148 5194 2200 5237 et
2236 5184 2436 5236 malum
2470 5197 2574 5237 non
2610 5180 2790 5236 facere
2833 5184 2936 5237 sub
2967 5192 3226 5249 praetextu
3267 5199 3333 5238 ne
3385 5184 3535 5253 peie-

1955 5287 2123 5331 retur.
2173 5272 2318 5329 Usus
2367 5282 2453 5328 est
2501 5282 2683 5328 autem
2737 5272 2986 5342 exemplo
3033 5286 3249 5342 quoque
3284 5273 3535 5335 Herodis,

1952 5371 2042 5439 qui
2070 5367 2332 5437 iuraverit
2362 5380 2422 5421 se
2454 5367 2750 5434 Baptistam
2784 5367 3215 5427 interfecturum,
3255 5376 3307 5418 et
3348 5380 3413 5417 ne
3441 5381 3537 5433 ρο-

1949 5462 2154 5531 ieraret
2176 5460 2377 5516 caedem
2405 5458 2697 5513 commisit.
2729 5456 3025 5525 Oportebat
3072 5455 3214 5512 enim
3243 5494 3259 5519 ,
3309 5456 3489 5522 inquit
3519 5495 3534 5516 .

1954 5556 2129 5625 ipsum
2160 5552 2501 5622 resipiscere,
2541 5566 2637 5606 seu
2670 5565 2926 5604 revocare
2966 5558 3020 5603 et
3065 5558 3413 5605 contemnere
3446 5547 3533 5598 in-

1947 5652 2150 5720 iustum
2180 5648 2558 5721 iusiurandum
2582 5688 2596 5713 ,
2632 5647 2727 5701 sed
2763 5662 2866 5701 non
2911 5659 3007 5712 per
3041 5645 3309 5697 actionem
3345 5644 3529 5710 impie-

1951 5752 2118 5797 tatem
2151 5743 2495 5798 confirmare.
2539 5739 2681 5810 Lege
2718 5752 2839 5807 cap.
2882 5735 2970 5801 l8,
3016 5734 3099 5789 tit.
3137 5736 3221 5799 15,
3256 5738 3539 5805 praesentis

1951 5850 2154 5905 operis,
2178 5845 2233 5890 et
2257 5849 2380 5906 qua:
2410 5835 2465 5888 iu
2491 5848 2555 5889 eo
2578 5840 2724 5889 sunt.
2752 5829 2887 5885 Cum
2918 5839 3098 5884 autem
3128 5844 3249 5886 can.
3280 5827 3345 5881 10
3366 5828 3536 5883 sancti

3030 5921 3105 5983 2‘2
