4224 6446
236 411 342 472 €85

1172 411 1254 470 IN
1303 409 1539 472 EPIST.
1587 414 1643 473 S.
1688 414 1976 472 BASILII
2023 412 2457 472 CANONICAM
2506 414 2587 471 Il.

3362 416 3463 467 (Mt

236 521 341 587 χρὴ
376 519 468 569 τῖν
520 517 758 571 τοιοῦτον
820 518 1225 589 προτιμηθῆναι
1293 522 1389 573 τοῦ
1450 523 1657 590 Κυρίου
1714 522 1879 585 καὶΑ

1798 561 1801 570 .
1830 528 1879 585 Α
1908 538 1935 573 a
1966 538 2022 573 se
2056 522 2358 573 voluntarie
2394 527 2702 586 Susceptum
2749 527 3145 571 contemnatur.
3198 516 3253 567 Et
3308 518 3466 569 nobili

235 610 376 660 Θεοῦ
410 608 588 676 ἡμῶν.
623 610 683 661 Et
710 610 817 677 γὰρ
874 610 923 661 oi
979 613 1330 665 ἀποστολικοὶ
1381 616 1603 674 κανόνες
1646 614 1805 665 κολάο

234 699 393 761 ζουσι
424 701 517 750 τὸν
548 701 604 750 ἐν
630 699 705 767 τῷ
732 701 957 768 τυχόντι
988 702 1275 769 Σαϐϐάτῳ,
1310 704 1340 771 ἢ
1376 705 1629 773 κυριακῇ
1650 722 1807 772 γονυ-

234 790 526 842 κλινοῦντα
560 791 591 858 ἢ
626 791 979 856 νηστεύοντα,
1008 792 1188 860 πολλῷ
1215 793 1379 844 πλέον
1408 794 1804 863 κολασθήσεται

235 882 263 931 ό
302 880 579 947 νηστεύων
602 881 741 931 κατά
775 881 872 948 τὴν
902 882 1315 948 Πασχάλιοντοῦ
1340 884 1578 951 Χριστοῦ
1614 885 1806 953 ἑορτὴν

238 970 332 1021 διὰ
376 971 435 1022 τὸ
469 969 543 1038 μὴ
589 972 973 1039 παροραθῆναι
1011 972 1102 1023 τὸν
1138 956 1477 1041 αὐθαίρετον⁸
1502 976 1665 1041 ὅρκον
1702 975 1802 1027 αὐ-

233 1060 353 1110 τοῦ.
397 1060 503 1110 Καὶ
534 1058 843 1126 ἐξεχώρησε
890 1059 969 1127 τῷ
1000 1062 1214 1127 εὐγενεῖ
1243 1063 1419 1130 κυρίῳ
1467 1066 1685 1130 φαγεῖν.
1745 1064 1803 1112 ’0

232 1148 397 1208 αὐτὸς
419 1148 473 1199 δὲ
512 1153 859 1218 πατριάρχης
911 1153 1001 1202 καὶ
1031 1152 1121 1203 τὸν
1178 1154 1395 1221 Τζήταν
1426 1153 1519 1205 τὸν
1551 1154 1805 1222 εὐνοῦχον

231 1237 515 1304 ὀμόσαντα
563 1241 643 1299 είς
680 1239 1050 1309 προσκύνησιν
1103 1242 1358 1295 ἀπελθεῖν
1396 1244 1503 1295 τῶν
1534 1246 1591 1296 ἐν
1633 1246 1797 1312 Ἱερο-

237 1327 495 1394 σολύμοις
527 1330 698 1395 ἀγῖων
734 1335 935 1392 τόπων,
966 1332 1061 1384 καὶ
1106 1334 1181 1402 μὴ
1210 1335 1539 1400 ἀπελθόντα,
1599 1336 1803 1403 ὠςμε·

229 1420 636 1487 ταμεληθέντα,
681 1421 979 1483 συνοδικῶς
1004 1426 1065 1475 ἐκ
1105 1419 1201 1491 τῆς
1224 1426 1514 1493 ἐπιορκίας
1539 1402 1801 1488 ἀπέλῦσε,

226 1507 316 1558 διά
399 1512 622 1577 μετρίου
681 1512 962 1579 ἐπιτιμίου
1023 1512 1369 1580 θεραπεύσας
1434 1514 1616 1566 αὐτόν.
1672 1513 1803 1565 Ἀπὸ

230 1601 412 1667 μέντοι
444 1602 550 1653 τῶν
577 1605 840 1671 ῥημάτων
892 1603 988 1655 τοῦ
1035 1604 1260 1664 κανόνος
1308 1601 1479 1664 οὕτως
1537 1604 1799 1671 ἐχόντων.

1904 612 2126 665 domino
2157 613 2409 665 carnibus
2437 611 2574 663 vesci
2610 610 2872 676 permisit.
2910 608 3049 661 Idem
3089 618 3265 661 autem
3300 610 3467 671 patri-

1906 705 2066 757 arcba
2099 702 2306 755 Tzitam
2350 716 2457 767 quo
2486 703 2792 754 eunuchum
2827 700 2889 751 ad
2933 708 3238 753 sanctorum
3283 699 3469 752 Iliero-

1906 795 2126 862 solymis
2158 796 2395 847 locorum
2427 794 2799 847 adorationem
2843 793 2922 843 ire
2953 805 3008 842 se
3038 791 3345 855 jurauteuto
3376 792 3469 843 ob-

1906 886 2153 936 strictum
2183 893 2235 935 et
2268 898 2369 936 non
2403 881 2723 951 profectum,
2750 888 2805 931 ut
2831 880 2919 947 qui
2951 880 3262 947 poenitentia
3284 882 3470 932 ductus

1912 980 2075 1037 esset,
2150 975 2478 1042 synodaliter
2530 987 2559 1024 a
2616 973 2852 1037 periurio
2904 971 3153 1029 absolvit.
3217 972 3469 1024 mediocri

1914 1078 2073 1133 paena
2110 1065 2358 1129 imposita
2398 1077 2461 1114 ac
2489 1063 2812 1115 medicinam
2849 1061 3129 1112 exhibens.
3182 1058 3251 1111 Ex
3294 1062 3474 1114 verbis

1914 1160 2094 1204 autem
2131 1153 2374 1215 canonis,
2411 1166 2526 1219 quae
2557 1154 2627 1203 ita
2661 1167 2718 1204 se
2752 1151 2951 1202 habent
2975 1167 2995 1201 ι
3021 1147 3173 1200 Nulla
3203 1152 3342 1201 enim
3380 1151 3472 1202 llei

1913 1251 2163 1294 creatura
2202 1251 2284 1293 est
2332 1240 2624 1305 rejieienda
2663 1241 2706 1291 si
2752 1255 2872 1293 cum
2925 1240 3218 1307 gratiarum
3264 1241 3475 1292 actione

1910 1332 2227 1399 accipiatur.
2264 1347 2327 1383 ne
2355 1333 2557 1384 dixeris
2590 1334 2909 1406 noliishcsse
2946 1330 3261 1398 permissum
3297 1332 3476 1381 omni-

1909 1420 2011 1474 bus
2042 1422 2228 1475 bestiis
2252 1424 2415 1484 vesci;
2442 1427 2534 1476 sed
2563 1424 2649 1475 dic
2677 1398 2935 1475 rationem
2960 1422 3026 1474 de
3054 1421 3158 1473 illis
3186 1422 3473 1480 disserere,

1910 1528 2029 1579 quae.
2077 1513 2144 1564 ab
2192 1511 2508 1565 ortltodoxis
2577 1516 2806 1565 eduntur
2863 1527 2925 1562 ex
2989 1512 3379 1563 consuetudine
3425 1523 3477 1559 ιιι

1909 1604 2279 1659 eet-lesiastica
2320 1604 2626 1656 traditione.

228 1690 398 1740 Οὐδὲν
428 1691 759 1759 γάρκτίσμα
782 1690 917 1743 Θεοῦ
969 1690 1302 1757 ἀπόϐλητον,
1349 1692 1465 1758 μετ’
1516 1691 1866 1761 εὐχαριστίας
1906 1692 2336 1759 λαμϐανόμενον,
2415 1692 2488 1761 μὴ
2546 1691 2705 1760 εἴπῃς
2780 1692 2852 1753 ὡς
2912 1693 3125 1761 ἐνεδόθη
3182 1696 3355 1745 πάντα
3410 1694 3475 1744 τὰ

227 1787 404 1855 κτήνη
465 1788 670 1838 ἐσθίειν
745 1788 924 1855 ἡμᾶς·
999 1784 1136 1836 ἀλλά
1204 1784 1328 1849 λέγε
1386 1786 1515 1852 περὶ
1572 1787 1799 1841 ἐκείνων
1877 1785 2221 1860 διαλέγεσθαι
2266 1786 2356 1836 τὸν
2441 1787 2645 1838 κανόνα
2719 1784 2830 1837 τῶν
2905 1788 3236 1854 ἐσθιομένων
3328 1792 3476 1853 παρὰ

226 1879 526 1948 ὀρθοδόξων
586 1878 695 1930 ἀπὸ
745 1877 1035 1946 συνηθείας
1085 1875 1181 1927 καὶ
1214 1876 1571 1946 παραδόσεως
1603 1876 2085 1943 ἐκκλησιαστικῆς.

301 1975 549 2027 ΖΩΝΑΡ.
602 1972 815 2036 ιιύξατό
872 1988 957 2033 τις
1023 1974 1098 2039 μὴ
1148 1974 1343 2037 φαγεῖν
1390 1970 1599 2039 χοίρεια
1646 1973 1804 2040 κρέα.
1842 1982 1885 2037 Β

1842 1982 1885 2037 Β
1986 1969 2238 2025 ZONAR.
2278 1970 2333 2022 In
2360 1986 2482 2026 can.
2513 1970 2624 2026 98.‘
2659 1972 2814 2026 Vovit
2861 1973 3129 2040 quispiam
3189 1989 3245 2027 se
3291 1973 3475 2026 suillas

228 2066 507 2129 Εὐξασθαι
562 2066 671 2132 γὰρ
719 2065 782 2113 τὸ
830 2062 1264 2130 ἐπαγγείλασθαι
1316 2064 1411 2113 καὶ
1466 2063 1800 2132 ὑποσχέσθαι

226 2157 417 2209 ἐστίν·
467 2157 541 2217 ὼς
587 2156 666 2219 τὸ,
724 2155 1003 2218 Εὖξασθε
1042 2154 1142 2206 καί
1172 2153 1449 2208 ἀπόδοτε.
1517 2155 1801 2223 Ἢρωτηθη

226 2246 326 2302 οῦν
359 2251 385 2301 ὁ
450 2250 625 2315 ἅγιος,
689 2251 736 2303 εί
791 2247 969 2311 ἔξεστι
1028 2247 1349 2317 παραϐῆναι
1396 2247 1492 2316 τὴν
1546 2247 1805 2314 ¹ιοιαύτην

226 2340 396 2410 εὐχὴν
422 2340 514 2392 τὸν
539 2339 746 2406 ταύτην
779 2339 1098 2407 εὐξάμενον·
1131 2341 1227 2392 καὶ
1256 2337 1534 2409 ἀπεκρίθη
1566 2338 1802 2406 γέλωτος

228 2432 381 2495 ἀξιον
410 2431 558 2499 αὐτῷ
581 2430 758 2482 δοκεῖν
787 2432 848 2481 τὸ
881 2432 1134 2500 πρᾶγμα.
1164 2431 1354 2492 Ὥστε,
1382 2432 1541 2497 φησὶ,
1560 2428 1802 2499 χρῆσθαι

232 2524 337 2591 μὲν
367 2524 485 2591 ἦτοι
527 2522 733 2573 ἐσθίειν
763 2522 832 2572 τὰ
860 2519 981 2573 ὕεια
1010 2521 1174 2591 κρέα,
1206 2520 1500 2588 ἐπίτρεψον
1535 2521 1613 2589 τῷ
1645 2522 1803 2585 εὐξα-

230 2617 384 2685 μένῳ
408 2615 506 2681 τὴν
538 2611 719 2663 αὐτῶν
744 2613 976 2680 ἀποχήν.
1012 2612 1234 2677 Δίδαξον
1260 2612 1317 2662 δὲ
1341 2612 1654 2679 ἀπέχεσθαι
1698 2611 1804 2661 τῶν

228 2704 582 2759 ἀπαιδεύτων
614 2701 961 2770 προσευχῶν,
995 2702 1115 2770 ἦτοι
1150 2701 1260 2753 τῶν
1299 2701 1605 2767 ἀλογίστων
1636 2702 1805 2767 ἐπαγ-

229 2794 460 2862 γελιῶν,
492 2795 587 2844 καὶ
620 2793 694 2861 μὴ
729 2791 1058 2861 προχείρους
1093 2785 1235 2843 εἶναι
1282 2791 1362 2853 είς
1404 2789 1659 2851 τοιαύτας
1718 2791 1805 2840 εύ-

224 2889 355 2957 χάς.
414 2887 582 2937 Οὐδὲν
654 2886 762 2951 γὰρ
830 2884 1034 2951 κτίσμα
1100 2881 1239 2936 Θεοῦ
1307 2882 1616 2957 ἀπόϐλητον
1689 2883 1804 2950 μετ’

226 2947 591 3047 εὐχαριστίας
645 2947 1083 3043 λαμϐανόμενον.
1117 2974 1226 3026 Καὶ
1278 2973 1422 3037 ἐπεὶ,
1460 2947 1614 3039 ξοησὶ,
1646 2947 1804 3023 τοῦτο

226 3070 405 3129 οῦτως
460 3070 598 3134 ἔχει,
657 3067 689 3131 ἡ
736 3064 870 3131 εὐχὴ
940 3063 1364 3129 καταγέλαστος.
1430 3060 1699 3129 Τοιαύτης
1750 3061 1805 3112 δὲ

225 3158 331 3225 τῆς
367 3157 533 3225 εὐχῆς
565 3154 752 3221 οῦσης,
783 3155 884 3205 οὐκ
922 3154 1192 3220 ἀναγκαία
1221 3154 1252 3220 ἡ
1293 3152 1402 3204 τῶν
1441 3149 1600 3203 ὑείων
1626 3151 1804 3221 κρεῶν

228 3250 434 3319 ἀποχὴ.

297 3424 520 3478 ΔΡΙΣΤ.
564 3426 704 3475 Καν.
743 3429 851 3491 κη’.
893 3424 952 3475 'U
985 3422 1162 3492 κρεῶν
1208 3422 1418 3491 ἀποχὴν
1449 3421 1608 3474 ὑείων
1640 3423 1803 3474 ἐπευ-

232 3516 468 3584 ξάμενος
506 3514 743 3577 γελοῖος⁸
777 3513 837 3563 οὐ
873 3512 1091 3574 δεκτιος
1150 3512 1231 3574 δὲ,
1296 3516 1345 3563 εί
1402 3512 1797 3581 μεταλήψοιτο.

303 3694 524 3759 Ηῦξατό
553 3712 635 3757 τις
665 3693 968 3763 ἀπέχεσθαι
1027 3694 1282 3763 χοιρείων
1335 3694 1535 3764 κρεῶν.
1588 3694 1806 3756 Γελοῖος

231 3784 411 3851 οὗτος,
444 3788 520 3849 ὡς
549 3788 851 3839 ἀπαίδευτα
882 3788 1308 3856 προσευχόμενος
1341 3789 1435 3839 καὶ
1470 3788 1805 3854 ἐπαγγελλό-

236 3897 423 3949 μενος.
492 3879 657 3930 Οὐδὲν
707 3880 815 3946 γὰρ
860 3880 1064 3946 κτίσμα
1117 3879 1254 3930 Θεοῦ
1312 3878 1635 3947 ἀπόϐλητον,
1689 3882 1806 3949 μετ’

229 3969 588 4040 εὐχαριστίας
626 3970 1199 4037 μεταλαμϐανόμενον.
1238 3970 1329 4021 Δεῖ
1358 3964 1489 4035 γοῦν
1518 3985 1809 4039 συγχωρη-

233 4062 403 4128 θῆναι
432 4059 582 4127 αὐτῷ
614 4060 711 4128 τὴν
736 4060 1039 4129 μετάληψιν
1069 4061 1176 4111 τῶν
1215 4060 1412 4129 κρεῶν,
1458 4055 1531 4113 ὧν
1578 4063 1808 4131 ἀπέχειν

232 4148 537 4215 ἐπηύξατο,
569 4148 891 4217 διδαχθῆναι
918 4148 975 4199 δὲ
1004 4148 1081 4218 μὴ
1113 4149 1479 4210 ἀπαιδεύτους
1507 4150 1645 4219 πρὸς
1674 4153 1808 4204 Θεὸν

235 4236 575 4304 ἀπαγγελίας
601 4239 897 4293 ποιεῖσθαι.

314 4329 563 4383 ΖΩΝΑΡ.
627 4330 759 4381 Ἐάν
815 4332 1022 4399 ἄρχων,
1073 4332 1262 4400 φησὶν,
1320 4332 1496 4405 ὀμόσῃ
1561 4336 1809 4388 κακῶσαι

234 4420 397 4487 τοὺςι
416 4418 724 4486 ὑπᾰτχεῖρα,
753 4418 832 4469 δεῖ
862 4421 951 4470 τὸν
981 4421 1225 4473 τοιοῦτον
1265 4422 1483 4489 πρῶτον
1525 4424 1624 4489 μὲν
1660 4425 1809 4477 διδά-

237 4510 469 4563 σκεσϐαι
501 4509 575 4576 μὴ
605 4508 822 4575 ἕτοιμον
857 4504 993 4560 εἶναι
1026 4510 1160 4577 πρὸς
1200 4513 1416 4578 ὅρκους*
1446 4514 1492 4563 εί
1516 4514 1571 4565 δέ
1600 4516 1827 4583 ἀπροσο·

1906 2076 2098 2115 carnes
2124 2076 2229 2114 non
2257 2076 2496 2115 esurum.
2532 2061 2627 2115 Est
2665 2077 2898 2130 namque
2928 2077 3122 2116 vovere
3162 2063 3297 2115 idem
3335 2068 3476 2131 quod

1906 2152 2223 2222 promittere
2235 2162 2286 2207 et
2304 2152 2565 2219 polliceri,
2585 2150 2737 2220 juxta
2768 2153 2896 2205 illud
2919 2147 3135 2206 :Vovetr
3158 2164 3206 2205 et
3230 2158 3475 2208 reddite'.

1909 2242 2146 2313 Rogatus
2170 2253 2252 2296 est
2280 2243 2444 2312 igitur
2472 2244 2559 2296 hic
2585 2251 2801 2297 sanctus
2827 2244 2929 2306 vir,
2955 2255 3029 2297 nti
3047 2260 3131 2296 wn
3157 2245 3226 2307 vi,
3248 2247 3339 2313 qui
3374 2247 3476 2301 hoc

1905 2349 1964 2389 se
1992 2343 2114 2388 voto
2138 2334 2450 2396 obstrinxit,
2479 2333 2606 2387 illud
2632 2334 2904 2387 transilire
2932 2333 3014 2388 fas
3042 2334 3204 2388 fciet.
3234 2335 3478 2404 Respon-

1906 2425 2091 2493 ditque
2130 2425 2414 2500 ridiculum
2447 2426 2547 2479 sibi
2574 2426 2855 2494 negotium
2886 2427 3076 2482 videri.
3112 2427 3360 2494 Proinde,
3400 2433 3480 2484 in-

1906 2516 2043 2584 quit.
2078 2518 2155 2569 uti
2199 2517 2417 2584 quidem
2451 2514 2646 2576 snillis,
2696 2518 2795 2568 hoc.
2826 2526 2932 2580 est,
2965 2520 3252 2574 comedere
3291 2522 3479 2576 suillas

1907 2623 2099 2662 carnes
2122 2608 2400 2676 permittas
2425 2622 2570 2671 eum,
2592 2608 2681 2676 qui
2712 2608 3017 2674 hujusmodi
3038 2617 3180 2665 vovit
3204 2616 3481 2668 abstinen-

1910 2702 2061 2754 tiam.
2088 2702 2291 2753 Doceas
2322 2713 2506 2768 porro,
2534 2708 2667 2753 utse
2694 2702 2760 2753 ab
2793 2702 2988 2767 ineptis
3020 2702 3285 2769 ejusmodi
3316 2706 3478 2769 votis,

1908 2794 2009 2847 hoc
2043 2804 2145 2855 est,
2185 2793 2612 2859 imprudentibus
2641 2794 2923 2859 promissis
2948 2797 3281 2859 contineant,
3305 2814 3483 2865 neque

1908 2884 1974 2936 ad
2013 2884 2275 2953 ejusmodi
2332 2892 2451 2935 vota
2485 2881 2597 2935 sint
2630 2881 2835 2936 faciles.
2869 2882 3019 2937 Nulla
3051 2885 3193 2938 enim
3234 2901 3479 2941 creatura

1911 2972 2001 3025 Dei
2035 2982 2116 3025 est
2149 2972 2463 3037 rejicienda,
2495 2972 2589 3023 sed
2619 2985 2738 3023 cum
2796 2972 3091 3037 gratiarum
3140 2976 3352 3027 actione
3394 2991 3482 3029 ac-

1908 3065 2161 3129 cipiatur.
2191 3063 2344 3127 Quod
2378 3076 2502 3115 cum
2534 3076 2614 3125 se,
2640 3064 2737 3125 ait,
2780 3063 2849 3113 ita
2879 3063 3095 3124 habeat,
3125 3074 3206 3116 est
3230 3076 3479 3135 propter-

1908 3168 1971 3207 ea
2011 3154 2294 3206 ridiculum
2325 3164 2532 3205 votum.
2595 3152 2729 3204 Cum
2777 3166 2906 3203 vero
2946 3154 3247 3220 hujusmodi
3278 3160 3347 3210 sit
3393 3173 3483 3211 vo-

1910 3252 2046 3306 tum,
2080 3258 2188 3296 non
2219 3254 2299 3295 est
2350 3242 2654 3295 necessaria
2696 3242 2766 3295 ab
2805 3242 3068 3309 ejusmodi
3101 3246 3271 3300 suillis
3311 3251 3483 3302 carni—

1832 3304 1879 3367 c
1912 3335 2010 3389 bus
2044 3334 2389 3387 abstinentia.

1979 3423 2205 3477 ARIS'I‘.
2239 3422 2374 3479 Can.
2403 3423 2491 3476 ΞΒ.
2521 3423 2621 3489 Qui
2652 3438 2679 3475 a
2712 3424 2880 3477 suillis
2908 3425 3163 3478 carnibus
3197 3428 3474 3482 abstinen-

1910 3517 2038 3569 tiam
2082 3517 2255 3579 vovit,
2296 3516 2591 3580 ridiculus;
2623 3529 2799 3583 neque
2836 3530 2965 3569 vero
2997 3516 3375 3585 suscipiendus
3403 3530 3485 3575 est

1910 3607 2012 3662 nisi
2050 3608 2115 3661 iis
2150 3618 2355 3661 utatur.

1999 3699 2237 3754 Vovebat
2267 3700 2479 3766 quidam
2522 3713 2549 3749 a
2580 3698 2835 3753 carnibus
2875 3699 3111 3768 porcinis
3159 3701 3431 3755 abstinere
3467 3719 3478 3753 :

1917 3791 2178 3844 ridiculus
2229 3798 2313 3842 est
2341 3787 2429 3840 ille
2470 3796 2527 3840 ut
2568 3789 2742 3856 inepta
2777 3804 2974 3842 voveus
3030 3800 3083 3843 et
3133 3795 3482 3859 promittens.

1910 3880 2065 3935 Nulla
2098 3882 2238 3933 enim
2277 3880 2365 3933 Dei
2402 3888 2650 3932 creatura
2705 3890 2785 3931 est
2843 3881 3170 3946 rejicienda,
3220 3884 3309 3936 sed
3360 3901 3482 3939 cum

1911 3974 2209 4040 gratiarum
2249 3970 2465 4023 actione
2514 3971 2798 4020 sumenda.
2829 3967 3054 4036 Oportet
3112 3971 3292 4039 itaque
3333 3985 3390 4027 ut
3434 3978 3483 4030 ei

1910 4064 2254 4133 permittatur
2283 4065 2348 4115 de
2378 4061 2632 4114 carnibus
2663 4060 2989 4127 participare
3018 4076 3045 4112 a
3083 4065 3281 4129 quibus
3314 4068 3484 4120 absti-

1912 4169 2044 4207 nere
2080 4154 2245 4214 vovit.
2274 4152 2566 4204 edoceatur
2598 4160 2778 4202 autem
2813 4164 2880 4203 ue
2908 4151 3119 4218 ineptas
3149 4151 3258 4206 Deo
3285 4156 3487 4223 profes-

1910 4245 2096 4298 siOItes
2136 4243 2317 4296 faciat.

1983 4332 2235 4386 ZONAR.
2274 4332 2327 4386 In
2355 4348 2476 4386 can.
2518 4333 2611 4388 39.
2640 4331 2695 4385 Si
2724 4332 2993 4402 princeps,
3024 4334 3220 4402 inquit,
3252 4335 3395 4402 jnret
3427 4353 3485 4389 se

1913 4425 2054 4479 malo
2080 4423 2402 4477 affecturum
2431 4424 2695 4486 subditos,
2715 4422 2982 4490 ejusmodi
3012 4424 3241 4491 primum
3267 4426 3482 4491 quidem

1914 4515 2126 4568 edoceri
2155 4523 2393 4581 oportet,
2413 4529 2479 4569 ne
2512 4515 2585 4567 sit
2610 4512 2785 4566 facilis
2819 4514 2882 4565 ad
2906 4513 3230 4581 jurandum.
3265 4515 3320 4568 Si
3353 4532 3483 4570 vero

234 4598 412 4693 ἐκτως
445 4600 655 4693 ὀμόσει,
691 4598 1024 4693 μὴ-φυλάξαι
1059 4600 1162 4693 τὸνΔ
1180 4601 1341 4668 ὅρκον
1378 4606 1471 4655 ἐπὶ
1516 4607 1809 4676 κακοποιίᾳ
1844 4639 1885 4693 D

1844 4639 1885 4693 υ
1918 4612 2120 4657 temere
2162 4604 2328 4671 juret.
2379 4617 2445 4655 ne
2498 4600 2879 4669 jusjurandum
2934 4612 3112 4655 servet
3162 4603 3213 4654 in
3254 4603 3482 4655 aliorum

242 4689 473 4756 ἐτέρων,
508 4687 643 4740 ἀλλά
664 4688 959 4755 μετάνοιαν
988 4689 1397 4746 ἐπιδείκνυσθαι
1430 4696 1515 4748 διὰ
1548 4697 1647 4767 τὴν
1678 4716 1810 4768 προ-

240 4779 472 4829 πέτειαν
504 4779 598 4830 τοῦ
635 4778 828 4848 ὅρκου.
858 4779 950 4847 Μὴ
995 4782 1437 4849 σχηματίζεσθαι
1462 4785 1518 4837 δὲ
1550 4787 1645 4839 καὶ
1672 4788 1807 4840 ὑπο-

237 4868 530 4935 κρίνεσθαι
552 4869 632 4920 ὅτι
673 4868 982 4937 εὐλαϐεῖται
1003 4871 1093 4923 τὸν
1124 4873 1311 4940 ὅρκον,
1338 4875 1459 4926 ἀντι
1489 4875 1606 4940 τοῦ,
1636 4877 1810 4947 δειλιᾲ

238 4962 337 5013 καὶ
369 4959 615 5027 φοϐεῖται
647 4961 748 5029 τὴν
790 4961 1097 5029 ἐπιορκίαν·
1133 4964 1227 5015 καὶ
1258 4963 1510 5032 βεϐαιοῦν
1530 4957 1626 5037 τὴν
1682 4970 1810 5021 ἐαυ-

236 5048 335 5102 τοῦ
372 5048 594 5112 κακίαν,
626 5049 796 5118 ἧγουν
852 5048 921 5100 δι’
968 5051 1233 5119 ἀπήνειαν
1294 5052 1542 5117 κολάζειν
1588 5056 1804 5120 ἀλλους,

250 5142 338 5193 ἶνα
364 5142 439 5208 μὴ
478 5138 606 5209 δοκῇ
637 5140 955 5210 παραϐῆναι
984 5141 1076 5196 τὸν
1106 5142 1288 5213 ὅρκον.
1322 5146 1432 5197 Καὶ
1463 5148 1556 5199 ἐπὶ
1599 5150 1809 5212 τούτοις

241 5233 369 5297 ἀγει
422 5231 559 5298 πρὸς
624 5230 979 5299 παράδειγμα
1036 5232 1126 5284 τὸν
1187 5236 1496 5305 τετράρχην
1561 5237 1809 5307 Ἡρώδην

241 5318 420 5383 λέγων
461 5318 546 5368 ὅτι
574 5319 839 5387 συνέφερε
873 5318 950 5387 τῷ
985 5318 1201 5393 Ἡρώδῃ
1232 5321 1309 5393 μὴ
1349 5324 1811 5393 εὐορκῆσαι,ἀντὶ

239 5409 338 5459 τοῦ
376 5407 451 5475 μὴ
494 5404 553 5456 εὐ
585 5405 900 5475 διατεθῆναι
925 5408 1062 5477 πρὸς
1114 5409 1202 5461 τὸν
1228 5411 1389 5479 ὅρκον
1423 5413 1518 5463 καὶ
1573 5414 1810 5480 φυλάξαι

246 5498 435 5559 αὐτὸν,
484 5498 581 5548 καὶ
617 5496 882 5564 φονεῦσαι
912 5498 1003 5552 τὸν
1030 5498 1363 5572 Βαπτιστὴν.
1399 5504 1510 5555 Καὶ
1541 5506 1648 5566 πᾶς
1681 5506 1802 5575 μὲν,

248 5588 438 5657 φησιν,
464 5588 627 5657 ὅρκος
656 5587 936 5655 καθάπαξ,
968 5590 1136 5660 ἠγουν
1174 5592 1565 5663 ἀπαραιτήτως
1586 5596 1804 5661 τελείως

316 5766 336 5800 ι
361 5763 509 5824 Psal.
558 5783 722 5837 uxr,
754 5769 843 5826 12.

1918 4693 2213 4760 perniciem
2261 4701 2582 4758 conceptum
2612 4730 2628 4754 ,
2672 4693 2765 4744 sed
2820 4693 3194 4759 paenitentiam
3236 4697 3487 4750 ostendat

1916 4789 1985 4841 ob
2018 4787 2346 4855 praecipitem
2372 4785 2730 4856 jurisjurandi
2751 4785 3049 4838 licentiam.
3082 4784 3352 4839 Caeterum
3387 4803 3482 4840 ne-

1912 4895 2182 4949 quaquam
2219 4892 2275 4931 se
2331 4876 2708 4945 jusjurandum
2762 4875 3001 4928 revereri
3061 4883 3346 4944 praetextat
3394 4888 3486 4929 aut

1908 4970 2097 5037 fingat,
2128 4969 2227 5022 hoc
2258 4976 2363 5031 est,
2394 4965 2686 5035 perjurium
2734 4980 2855 5019 sese
2902 4974 3143 5019 metuere
3188 4980 3251 5019 ac
3299 4970 3484 5020 tormi-

1906 5062 2035 5112 dare
2068 5079 2082 5115 :
2118 5074 2217 5112 nec
2246 5074 2397 5112 suam
2432 5048 2715 5112 coniirmet
2748 5057 3147 5124 improbitatem
3199 5074 3293 5126 per
3324 5062 3482 5113 saevi-

1917 5151 2045 5202 tiam
2081 5148 2330 5202 videlicet
2377 5148 2428 5201 in
2475 5148 2595 5200 aliis
2636 5146 2945 5216 puniendis,
3000 5162 3068 5199 ne
3109 5146 3481 5216 jusjurandum

1912 5241 2142 5294 violasse
2171 5239 2531 5293 existimetur.
2564 5236 2701 5289 Tum
2738 5238 2803 5290 ad
2840 5236 2952 5289 haec
2976 5238 3275 5303 exemplum
3310 5238 3481 5291 Hero-

1915 5332 1996 5384 dis
2036 5330 2321 5383 tetrarcha
2364 5327 2591 5395 profert,
2624 5329 2812 5381 dicens
2860 5328 2991 5380 utile
3038 5325 3276 5381 futurum
3316 5328 3480 5382 fuisse

1914 5414 2109 5473 Herodi
2142 5422 2184 5473 si
2223 5434 2326 5472 non
2358 5421 2493 5471 bene
2524 5421 2778 5483 iurasset,
2808 5418 2909 5470 hoc
2933 5426 3050 5481 est,
3098 5417 3143 5470 si
3191 5431 3294 5469 non
3347 5417 3481 5470 bene

1914 5525 2039 5578 erga
2085 5510 2460 5579 jusjurandum
2518 5506 2708 5561 fuisset
2754 5505 3001 5573 affectus,
3032 5509 3313 5575 ipsumque
3360 5523 3477 5561 ser—

1920 5602 2091 5655 vando
2124 5599 2414 5669 Baptistam
2449 5597 2837 5654 interfecisset.
2869 5600 2946 5652 Ac
2972 5597 3116 5651 omni
3146 5599 3364 5665 quidem
3394 5600 3479 5667 ju-
