  <div class='ocr_page' id='page_1' title='image "/cluster/home/n/w/nwhite01/storage/ocr_20150623/138/nnc1.0046980083/351.png"; bbox 0 0 4224 6446; ppageno 0'>
   <div class='ocr_carea' id='block_1_1' title="bbox 727 404 831 467">
    <p class='ocr_par' dir='ltr' id='par_1_1' title="bbox 727 404 831 467">
     <span class='ocr_line' id='line_1_1' title="bbox 727 404 831 467; baseline 0.01 -1"><span class='ocrx_word' id='word_1_1' title='bbox 727 404 831 467; x_wconf 81' lang='grc'><strong>687</strong></span> 
     </span>
    </p>
   </div>
   <div class='ocr_carea' id='block_1_2' title="bbox 1975 388 2699 449">
    <p class='ocr_par' dir='ltr' id='par_1_2' title="bbox 1975 388 2699 449">
     <span class='ocr_line' id='line_1_2' title="bbox 1975 388 2699 449; baseline 0 -1"><span class='ocrx_word' id='word_1_2' title='bbox 1975 389 2255 448; x_wconf 83' lang='lat' dir='ltr'><strong>TllEOD.</strong></span> <span class='ocrx_word' id='word_1_3' title='bbox 2299 388 2699 449; x_wconf 77' lang='lat' dir='ltr'><strong>BALSAMON</strong></span> 
     </span>
    </p>
   </div>
   <div class='ocr_carea' id='block_1_3' title="bbox 3876 380 3997 442">
    <p class='ocr_par' dir='ltr' id='par_1_3' title="bbox 3876 380 3997 442">
     <span class='ocr_line' id='line_1_3' title="bbox 3876 380 3997 442; baseline 0.033 -4"><span class='ocrx_word' id='word_1_4' title='bbox 3876 380 3997 442; x_wconf 71' lang='lat'><strong>€33</strong></span> 
     </span>
    </p>
   </div>
   <div class='ocr_carea' id='block_1_4' title="bbox 729 491 2319 589">
    <p class='ocr_par' dir='ltr' id='par_1_4' title="bbox 729 502 2299 589">
     <span class='ocr_line' id='line_1_4' title="bbox 729 502 2299 589; baseline -0.015 -14"><span class='ocrx_word' id='word_1_5' title='bbox 729 517 1021 589; x_wconf 86' lang='lat' dir='ltr'><strong>risjurandi</strong></span> <span class='ocrx_word' id='word_1_6' title='bbox 1054 528 1225 585; x_wconf 74' lang='lat' dir='ltr'><strong>genus</strong></span> <span class='ocrx_word' id='word_1_7' title='bbox 1269 509 1515 572; x_wconf 89' lang='lat' dir='ltr'><strong>omnino,</strong></span> <span class='ocrx_word' id='word_1_8' title='bbox 1570 508 1670 561; x_wconf 90' lang='lat' dir='ltr'><strong>huc</strong></span> <span class='ocrx_word' id='word_1_9' title='bbox 1701 514 1783 557; x_wconf 87' lang='lat' dir='ltr'><strong>est</strong></span> <span class='ocrx_word' id='word_1_10' title='bbox 1807 544 1821 566; x_wconf 93' lang='lat'><strong>,</strong></span> <span class='ocrx_word' id='word_1_11' title='bbox 1856 505 1970 557; x_wconf 83' lang='lat' dir='ltr'><strong>sine</strong></span> <span class='ocrx_word' id='word_1_12' title='bbox 1998 502 2103 558; x_wconf 85' lang='lat' dir='ltr'><strong>ullo</strong></span> <span class='ocrx_word' id='word_1_13' title='bbox 2133 502 2299 570; x_wconf 72' lang='lat' dir='ltr'><strong>tergi-</strong></span> 
     </span>
    </p>
   </div>
   <div class='ocr_carea' id='block_1_5' title="bbox 2412 491 4003 589">
    <p class='ocr_par' dir='ltr' id='par_1_5' title="bbox 2412 491 4003 571">
     <span class='ocr_line' id='line_1_5' title="bbox 2412 491 4003 571; baseline -0.01 -15"><span class='ocrx_word' id='word_1_14' title='bbox 2412 503 2821 571; x_wconf 68' lang='grc' dir='ltr'>ἀπηγόρευται·</span> <span class='ocrx_word' id='word_1_15' title='bbox 2858 499 3017 552; x_wconf 81' lang='grc' dir='ltr'>πλέον</span> <span class='ocrx_word' id='word_1_16' title='bbox 3052 498 3109 551; x_wconf 84' lang='grc' dir='ltr'>δὲ</span> <span class='ocrx_word' id='word_1_17' title='bbox 3166 497 3441 566; x_wconf 57' lang='grc' dir='ltr'>ἔνδέλεται</span> <span class='ocrx_word' id='word_1_18' title='bbox 3504 491 4003 559; x_wconf 62' lang='grc' dir='ltr'>ἁπηγορευομένον</span> 
     </span>
    </p>
   </div>
   <div class='ocr_carea' id='block_1_6' title="bbox 733 594 2305 676">
    <p class='ocr_par' dir='ltr' id='par_1_6' title="bbox 733 594 2305 676">
     <span class='ocr_line' id='line_1_6' title="bbox 733 594 2305 676; baseline -0.013 -11"><span class='ocrx_word' id='word_1_19' title='bbox 733 610 1041 665; x_wconf 72' lang='lat' dir='ltr'><strong>versatione</strong></span> <span class='ocrx_word' id='word_1_20' title='bbox 1076 604 1312 676; x_wconf 86' lang='lat' dir='ltr'><strong>perfecte</strong></span> <span class='ocrx_word' id='word_1_21' title='bbox 1342 602 1569 656; x_wconf 73' lang='lat' dir='ltr'><strong>vetitum</strong></span> <span class='ocrx_word' id='word_1_22' title='bbox 1605 607 1721 660; x_wconf 88' lang='lat' dir='ltr'><strong>est,</strong></span> <span class='ocrx_word' id='word_1_23' title='bbox 1782 595 1961 648; x_wconf 92' lang='lat' dir='ltr'><strong>multo.</strong></span> <span class='ocrx_word' id='word_1_24' title='bbox 1976 609 2106 647; x_wconf 87' lang='lat' dir='ltr'><strong>vero</strong></span> <span class='ocrx_word' id='word_1_25' title='bbox 2136 594 2305 662; x_wconf 75' lang='lat' dir='ltr'><strong>magis</strong></span> 
     </span>
    </p>
   </div>
   <div class='ocr_carea' id='block_1_7' title="bbox 728 685 2304 767">
    <p class='ocr_par' dir='ltr' id='par_1_7' title="bbox 728 685 2304 767">
     <span class='ocr_line' id='line_1_7' title="bbox 728 685 2304 767; baseline -0.013 -12"><span class='ocrx_word' id='word_1_26' title='bbox 728 700 1077 767; x_wconf 78' lang='lat' dir='ltr'><strong>consequitur</strong></span> <span class='ocrx_word' id='word_1_27' title='bbox 1111 696 1241 750; x_wconf 90' lang='lat' dir='ltr'><strong>illud</strong></span> <span class='ocrx_word' id='word_1_28' title='bbox 1293 693 1517 747; x_wconf 92' lang='lat' dir='ltr'><strong>vetitum</strong></span> <span class='ocrx_word' id='word_1_29' title='bbox 1568 704 1688 743; x_wconf 82' lang='lat' dir='ltr'><strong>esse</strong></span> <span class='ocrx_word' id='word_1_30' title='bbox 1731 702 1791 740; x_wconf 84' lang='lat' dir='ltr'><strong>ac</strong></span> <span class='ocrx_word' id='word_1_31' title='bbox 1826 690 2136 740; x_wconf 85' lang='lat' dir='ltr'><strong>damnatum</strong></span> <span class='ocrx_word' id='word_1_32' title='bbox 2163 685 2304 752; x_wconf 88' lang='lat' dir='ltr'><strong>quod</strong></span> 
     </span>
    </p>
   </div>
   <div class='ocr_carea' id='block_1_8' title="bbox 732 774 2304 857">
    <p class='ocr_par' dir='ltr' id='par_1_8' title="bbox 732 774 2304 857">
     <span class='ocr_line' id='line_1_8' title="bbox 732 774 2304 857; baseline -0.013 -10"><span class='ocrx_word' id='word_1_33' title='bbox 732 794 803 848; x_wconf 87' lang='lat' dir='ltr'><strong>ob</strong></span> <span class='ocrx_word' id='word_1_34' title='bbox 862 792 1059 845; x_wconf 90' lang='lat' dir='ltr'><strong>malum</strong></span> <span class='ocrx_word' id='word_1_35' title='bbox 1114 786 1529 857; x_wconf 92' lang='lat' dir='ltr'><strong>perpetrandum</strong></span> <span class='ocrx_word' id='word_1_36' title='bbox 1586 782 1869 834; x_wconf 90' lang='lat' dir='ltr'><strong>emittitur.</strong></span> <span class='ocrx_word' id='word_1_37' title='bbox 1928 776 2162 829; x_wconf 81' lang='lat' dir='ltr'><strong>Proinde</strong></span> <span class='ocrx_word' id='word_1_38' title='bbox 2214 774 2304 842; x_wconf 87' lang='lat' dir='ltr'><strong>qui</strong></span> 
     </span>
    </p>
   </div>
   <div class='ocr_carea' id='block_1_9' title="bbox 726 867 2305 956">
    <p class='ocr_par' dir='ltr' id='par_1_9' title="bbox 726 867 2305 956">
     <span class='ocr_line' id='line_1_9' title="bbox 726 867 2305 956; baseline -0.015 -15"><span class='ocrx_word' id='word_1_39' title='bbox 726 886 989 956; x_wconf 78' lang='lat' dir='ltr'><strong>ejusmodi</strong></span> <span class='ocrx_word' id='word_1_40' title='bbox 1046 897 1104 936; x_wconf 86' lang='lat' dir='ltr'><strong>se</strong></span> <span class='ocrx_word' id='word_1_41' title='bbox 1156 879 1505 950; x_wconf 83' lang='lat' dir='ltr'><strong>jurejurando</strong></span> <span class='ocrx_word' id='word_1_42' title='bbox 1558 872 1847 928; x_wconf 74' lang='lat' dir='ltr'><strong>obstrinxit</strong></span> <span class='ocrx_word' id='word_1_43' title='bbox 1908 872 2116 923; x_wconf 88' lang='lat' dir='ltr'><strong>diversa</strong></span> <span class='ocrx_word' id='word_1_44' title='bbox 2170 867 2305 919; x_wconf 89' lang='lat' dir='ltr'><strong>inire</strong></span> 
     </span>
    </p>
   </div>
   <div class='ocr_carea' id='block_1_10' title="bbox 726 958 2306 1039">
    <p class='ocr_par' dir='ltr' id='par_1_10' title="bbox 726 958 2306 1039">
     <span class='ocr_line' id='line_1_10' title="bbox 726 958 2306 1039; baseline -0.015 -7"><span class='ocrx_word' id='word_1_45' title='bbox 726 977 954 1032; x_wconf 80' lang='lat' dir='ltr'><strong>consilia</strong></span> <span class='ocrx_word' id='word_1_46' title='bbox 979 1013 994 1039; x_wconf 90' lang='lat'><strong>,</strong></span> <span class='ocrx_word' id='word_1_47' title='bbox 1031 975 1135 1028; x_wconf 85' lang='lat' dir='ltr'><strong>hoc</strong></span> <span class='ocrx_word' id='word_1_48' title='bbox 1173 981 1280 1034; x_wconf 90' lang='lat' dir='ltr'><strong>est,</strong></span> <span class='ocrx_word' id='word_1_49' title='bbox 1320 968 1643 1024; x_wconf 88' lang='lat' dir='ltr'><strong>sententiam</strong></span> <span class='ocrx_word' id='word_1_50' title='bbox 1682 975 1889 1017; x_wconf 88' lang='lat' dir='ltr'><strong>mutare</strong></span> <span class='ocrx_word' id='word_1_51' title='bbox 1943 971 1996 1014; x_wconf 91' lang='lat' dir='ltr'><strong>et</strong></span> <span class='ocrx_word' id='word_1_52' title='bbox 2018 958 2306 1029; x_wconf 42' lang='lat' dir='ltr'><strong>.contraria</strong></span> 
     </span>
    </p>
   </div>
   <div class='ocr_carea' id='block_1_11' title="bbox 728 1050 2305 1134">
    <p class='ocr_par' dir='ltr' id='par_1_11' title="bbox 728 1050 2305 1134">
     <span class='ocr_line' id='line_1_11' title="bbox 728 1050 2305 1134; baseline -0.015 -10"><span class='ocrx_word' id='word_1_53' title='bbox 728 1069 955 1131; x_wconf 83' lang='lat' dir='ltr'><strong>sentire,</strong></span> <span class='ocrx_word' id='word_1_54' title='bbox 980 1068 1092 1120; x_wconf 88' lang='lat' dir='ltr'><strong>sive</strong></span> <span class='ocrx_word' id='word_1_55' title='bbox 1120 1066 1380 1134; x_wconf 71' lang='lat' dir='ltr'><strong>poenitere</strong></span> <span class='ocrx_word' id='word_1_56' title='bbox 1408 1068 1640 1129; x_wconf 86' lang='lat' dir='ltr'><strong>oportet.</strong></span> <span class='ocrx_word' id='word_1_57' title='bbox 1669 1055 1873 1110; x_wconf 84' lang='lat' dir='ltr'><strong>.Iuravit</strong></span> <span class='ocrx_word' id='word_1_58' title='bbox 1905 1053 2170 1134; x_wconf 84' lang='lat' dir='ltr'><strong>siquidem</strong></span> <span class='ocrx_word' id='word_1_59' title='bbox 2204 1050 2305 1104; x_wconf 87' lang='lat' dir='ltr'><strong>ali-</strong></span> 
     </span>
    </p>
   </div>
   <div class='ocr_carea' id='block_1_12' title="bbox 726 1132 2305 1229">
    <p class='ocr_par' dir='ltr' id='par_1_12' title="bbox 726 1132 2305 1229">
     <span class='ocr_line' id='line_1_12' title="bbox 726 1132 2305 1229; baseline -0.013 -15"><span class='ocrx_word' id='word_1_60' title='bbox 726 1161 851 1229; x_wconf 86' lang='lat' dir='ltr'><strong>quis</strong></span> <span class='ocrx_word' id='word_1_61' title='bbox 900 1175 959 1214; x_wconf 84' lang='lat' dir='ltr'><strong>se</strong></span> <span class='ocrx_word' id='word_1_62' title='bbox 1009 1132 1320 1225; x_wconf 80' lang='lat' dir='ltr'><strong>quempiam</strong></span> <span class='ocrx_word' id='word_1_63' title='bbox 1372 1150 1807 1212; x_wconf 82' lang='lat' dir='ltr'><strong>interfecuirum,</strong></span> <span class='ocrx_word' id='word_1_64' title='bbox 1856 1132 2069 1199; x_wconf 69' lang='lat' dir='ltr'><strong>divera</strong></span> <span class='ocrx_word' id='word_1_65' title='bbox 2139 1143 2305 1213; x_wconf 72' lang='lat' dir='ltr'><strong>igitur</strong></span> 
     </span>
    </p>
   </div>
   <div class='ocr_carea' id='block_1_13' title="bbox 725 1235 2306 1313">
    <p class='ocr_par' dir='ltr' id='par_1_13' title="bbox 725 1235 2306 1313">
     <span class='ocr_line' id='line_1_13' title="bbox 725 1235 2306 1313; baseline -0.013 -8"><span class='ocrx_word' id='word_1_66' title='bbox 725 1254 866 1305; x_wconf 87' lang='lat' dir='ltr'><strong>inire</strong></span> <span class='ocrx_word' id='word_1_67' title='bbox 892 1249 1135 1313; x_wconf 78' lang='lat' dir='ltr'><strong>consilia,</strong></span> <span class='ocrx_word' id='word_1_68' title='bbox 1183 1249 1285 1300; x_wconf 92' lang='lat' dir='ltr'><strong>hoc</strong></span> <span class='ocrx_word' id='word_1_69' title='bbox 1337 1256 1451 1309; x_wconf 76' lang='grc' dir='ltr'>εει,</span> <span class='ocrx_word' id='word_1_70' title='bbox 1504 1243 1647 1294; x_wconf 84' lang='lat' dir='ltr'><strong>aliud</strong></span> <span class='ocrx_word' id='word_1_71' title='bbox 1685 1240 1887 1294; x_wconf 90' lang='lat' dir='ltr'><strong>sentire</strong></span> <span class='ocrx_word' id='word_1_72' title='bbox 1924 1253 1987 1291; x_wconf 85' lang='lat' dir='ltr'><strong>ac</strong></span> <span class='ocrx_word' id='word_1_73' title='bbox 2022 1235 2306 1305; x_wconf 72' lang='lat' dir='ltr'><strong>pmnitere,</strong></span> 
     </span>
    </p>
   </div>
   <div class='ocr_carea' id='block_1_14' title="bbox 724 1328 2307 1400">
    <p class='ocr_par' dir='ltr' id='par_1_14' title="bbox 724 1328 2307 1400">
     <span class='ocr_line' id='line_1_14' title="bbox 724 1328 2307 1400; baseline -0.015 -1"><span class='ocrx_word' id='word_1_74' title='bbox 724 1360 794 1400; x_wconf 84' lang='lat' dir='ltr'><strong>ne</strong></span> <span class='ocrx_word' id='word_1_75' title='bbox 824 1344 1028 1398; x_wconf 87' lang='lat' dir='ltr'><strong>scilicet</strong></span> <span class='ocrx_word' id='word_1_76' title='bbox 1075 1338 1397 1400; x_wconf 81' lang='lat' dir='ltr'><strong>interticiat;</strong></span> <span class='ocrx_word' id='word_1_77' title='bbox 1427 1351 1531 1388; x_wconf 91' lang='lat' dir='ltr'><strong>non</strong></span> <span class='ocrx_word' id='word_1_78' title='bbox 1561 1344 1742 1387; x_wconf 77' lang='lat' dir='ltr'><strong>autem</strong></span> <span class='ocrx_word' id='word_1_79' title='bbox 1781 1332 2113 1400; x_wconf 84' lang='lat' dir='ltr'><strong>impietatem</strong></span> <span class='ocrx_word' id='word_1_80' title='bbox 2144 1328 2307 1379; x_wconf 84' lang='lat' dir='ltr'><strong>rebus</strong></span> 
     </span>
    </p>
   </div>
   <div class='ocr_carea' id='block_1_15' title="bbox 724 1415 2308 1503">
    <p class='ocr_par' dir='ltr' id='par_1_15' title="bbox 724 1415 2308 1503">
     <span class='ocr_line' id='line_1_15' title="bbox 724 1415 2308 1503; baseline -0.013 -14"><span class='ocrx_word' id='word_1_81' title='bbox 724 1438 857 1503; x_wconf 84' lang='lat' dir='ltr'><strong>ipsis</strong></span> <span class='ocrx_word' id='word_1_82' title='bbox 888 1432 1213 1488; x_wconf 80' lang='lat' dir='ltr'><strong>confirmare</strong></span> <span class='ocrx_word' id='word_1_83' title='bbox 1260 1438 1492 1497; x_wconf 87' lang='lat' dir='ltr'><strong>oportet.</strong></span> <span class='ocrx_word' id='word_1_84' title='bbox 1523 1426 1579 1479; x_wconf 81' lang='lat' dir='ltr'><strong>Si</strong></span> <span class='ocrx_word' id='word_1_85' title='bbox 1606 1425 1727 1492; x_wconf 87' lang='lat' dir='ltr'><strong>quis</strong></span> <span class='ocrx_word' id='word_1_86' title='bbox 1768 1423 1934 1484; x_wconf 89' lang='lat' dir='ltr'><strong>enim,</strong></span> <span class='ocrx_word' id='word_1_87' title='bbox 1972 1419 2169 1487; x_wconf 79' lang='lat' dir='ltr'><strong>inquit,</strong></span> <span class='ocrx_word' id='word_1_88' title='bbox 2195 1415 2308 1485; x_wconf 78' lang='lat'><strong>89</strong></span> 
     </span>
    </p>
   </div>
   <div class='ocr_carea' id='block_1_16' title="bbox 726 1509 2305 1583">
    <p class='ocr_par' dir='ltr' id='par_1_16' title="bbox 726 1509 2305 1583">
     <span class='ocr_line' id='line_1_16' title="bbox 726 1509 2305 1583; baseline -0.013 -3"><span class='ocrx_word' id='word_1_89' title='bbox 726 1528 880 1580; x_wconf 83' lang='lat' dir='ltr'><strong>fratri</strong></span> <span class='ocrx_word' id='word_1_90' title='bbox 913 1541 971 1578; x_wconf 89' lang='lat' dir='ltr'><strong>se</strong></span> <span class='ocrx_word' id='word_1_91' title='bbox 1025 1523 1211 1577; x_wconf 81' lang='lat' dir='ltr'><strong>oculos</strong></span> <span class='ocrx_word' id='word_1_92' title='bbox 1238 1518 1561 1574; x_wconf 72' lang='lat' dir='ltr'><strong>etiossurum</strong></span> <span class='ocrx_word' id='word_1_93' title='bbox 1600 1515 1835 1583; x_wconf 89' lang='lat' dir='ltr'><strong>juravit,</strong></span> <span class='ocrx_word' id='word_1_94' title='bbox 1884 1509 2305 1565; x_wconf 80' lang='lat' dir='ltr'><strong>examinandum</strong></span> 
     </span>
    </p>
   </div>
   <div class='ocr_carea' id='block_1_17' title="bbox 724 1604 2306 1678">
    <p class='ocr_par' dir='ltr' id='par_1_17' title="bbox 724 1604 2306 1678">
     <span class='ocr_line' id='line_1_17' title="bbox 724 1604 2306 1678; baseline -0.013 -10"><span class='ocrx_word' id='word_1_95' title='bbox 724 1625 826 1678; x_wconf 90' lang='lat' dir='ltr'><strong>est,</strong></span> <span class='ocrx_word' id='word_1_96' title='bbox 867 1624 1044 1666; x_wconf 87' lang='lat' dir='ltr'><strong>tttrum</strong></span> <span class='ocrx_word' id='word_1_97' title='bbox 1078 1612 1149 1664; x_wconf 89' lang='lat' dir='ltr'><strong>sit</strong></span> <span class='ocrx_word' id='word_1_98' title='bbox 1187 1604 1801 1675; x_wconf 84' lang='lat' dir='ltr'><strong>melms,jusjurandum</strong></span> <span class='ocrx_word' id='word_1_99' title='bbox 1834 1611 2207 1664; x_wconf 85' lang='lat' dir='ltr'><strong>contemnere,</strong></span> <span class='ocrx_word' id='word_1_100' title='bbox 2238 1610 2306 1649; x_wconf 85' lang='lat' dir='ltr'><strong>an</strong></span> 
     </span>
    </p>
   </div>
   <div class='ocr_carea' id='block_1_18' title="bbox 728 1688 2302 1772">
    <p class='ocr_par' dir='ltr' id='par_1_18' title="bbox 728 1688 2302 1772">
     <span class='ocr_line' id='line_1_18' title="bbox 728 1688 2302 1772; baseline -0.009 -14"><span class='ocrx_word' id='word_1_101' title='bbox 728 1707 923 1758; x_wconf 84' lang='lat' dir='ltr'><strong>malum</strong></span> <span class='ocrx_word' id='word_1_102' title='bbox 965 1702 1244 1772; x_wconf 89' lang='lat' dir='ltr'><strong>perlicere.</strong></span> <span class='ocrx_word' id='word_1_103' title='bbox 1295 1701 1371 1754; x_wconf 83' lang='lat' dir='ltr'><strong>Ac</strong></span> <span class='ocrx_word' id='word_1_104' title='bbox 1401 1700 1442 1751; x_wconf 92' lang='lat' dir='ltr'><strong>si</strong></span> <span class='ocrx_word' id='word_1_105' title='bbox 1481 1699 1600 1765; x_wconf 89' lang='lat' dir='ltr'><strong>quis</strong></span> <span class='ocrx_word' id='word_1_106' title='bbox 1633 1711 1691 1751; x_wconf 91' lang='lat' dir='ltr'><strong>se</strong></span> <span class='ocrx_word' id='word_1_107' title='bbox 1723 1695 2036 1748; x_wconf 87' lang='lat' dir='ltr'><strong>mandatum</strong></span> <span class='ocrx_word' id='word_1_108' title='bbox 2082 1688 2302 1759; x_wconf 88' lang='lat' dir='ltr'><strong>aliquod</strong></span> 
     </span>
    </p>
   </div>
   <div class='ocr_carea' id='block_1_19' title="bbox 724 1787 2305 1862">
    <p class='ocr_par' dir='ltr' id='par_1_19' title="bbox 724 1787 2305 1862">
     <span class='ocr_line' id='line_1_19' title="bbox 724 1787 2305 1862; baseline -0.009 -15"><span class='ocrx_word' id='word_1_109' title='bbox 724 1798 1047 1849; x_wconf 65' lang='lat' dir='ltr'><strong>violaturum</strong></span> <span class='ocrx_word' id='word_1_110' title='bbox 1068 1795 1289 1862; x_wconf 84' lang='lat' dir='ltr'><strong>juravit,</strong></span> <span class='ocrx_word' id='word_1_111' title='bbox 1322 1790 1513 1845; x_wconf 88' lang='lat' dir='ltr'><strong>melius</strong></span> <span class='ocrx_word' id='word_1_112' title='bbox 1540 1790 1699 1841; x_wconf 87' lang='lat' dir='ltr'><strong>fuerit</strong></span> <span class='ocrx_word' id='word_1_113' title='bbox 1718 1787 2121 1854; x_wconf 75' lang='lat' dir='ltr'><strong>jusjurandum,</strong></span> <span class='ocrx_word' id='word_1_114' title='bbox 2144 1795 2305 1851; x_wconf 88' lang='lat' dir='ltr'><strong>quam</strong></span> 
     </span>
    </p>
   </div>
   <div class='ocr_carea' id='block_1_20' title="bbox 2415 583 3999 661">
    <p class='ocr_par' dir='ltr' id='par_1_20' title="bbox 2415 583 3999 661">
     <span class='ocr_line' id='line_1_20' title="bbox 2415 583 3999 661; baseline -0.011 -12"><span class='ocrx_word' id='word_1_115' title='bbox 2415 594 2558 649; x_wconf 74' lang='grc' dir='ltr'>εἶναι</span> <span class='ocrx_word' id='word_1_116' title='bbox 2585 596 2679 647; x_wconf 72' lang='grc' dir='ltr'>καὶ</span> <span class='ocrx_word' id='word_1_117' title='bbox 2712 592 3187 661; x_wconf 78' lang='grc' dir='ltr'>κατακεκριμένον</span> <span class='ocrx_word' id='word_1_118' title='bbox 3205 590 3295 643; x_wconf 79' lang='grc' dir='ltr'><strong>τὸν</strong></span> <span class='ocrx_word' id='word_1_119' title='bbox 3321 588 3415 640; x_wconf 72' lang='grc' dir='ltr'>ἐπὶ</span> <span class='ocrx_word' id='word_1_120' title='bbox 3442 583 3601 652; x_wconf 88' lang='grc' dir='ltr'><strong>κακῷ</strong></span> <span class='ocrx_word' id='word_1_121' title='bbox 3631 583 3999 652; x_wconf 80' lang='grc' dir='ltr'>ὀμνυόμενον.</span> 
     </span>
    </p>
   </div>
   <div class='ocr_carea' id='block_1_21' title="bbox 2415 674 4001 751">
    <p class='ocr_par' dir='ltr' id='par_1_21' title="bbox 2415 674 4001 751">
     <span class='ocr_line' id='line_1_21' title="bbox 2415 674 4001 751; baseline -0.011 -11"><span class='ocrx_word' id='word_1_122' title='bbox 2415 689 2580 740; x_wconf 79' lang='grc' dir='ltr'>Ὥστε</span> <span class='ocrx_word' id='word_1_123' title='bbox 2608 688 2701 739; x_wconf 74' lang='grc' dir='ltr'><strong>τὸν</strong></span> <span class='ocrx_word' id='word_1_124' title='bbox 2726 685 2968 737; x_wconf 61' lang='grc' dir='ltr'>τοιοῦτον</span> <span class='ocrx_word' id='word_1_125' title='bbox 2999 686 3162 751; x_wconf 84' lang='grc' dir='ltr'>ὅρκον</span> <span class='ocrx_word' id='word_1_126' title='bbox 3190 682 3469 751; x_wconf 76' lang='grc' dir='ltr'>ὀμόσαντα</span> <span class='ocrx_word' id='word_1_127' title='bbox 3509 674 4001 747; x_wconf 79' lang='grc' dir='ltr'>μεταφρονείνδεῖ,</span> 
     </span>
    </p>
   </div>
   <div class='ocr_carea' id='block_1_22' title="bbox 2414 768 4002 843">
    <p class='ocr_par' dir='ltr' id='par_1_22' title="bbox 2414 768 4002 843">
     <span class='ocr_line' id='line_1_22' title="bbox 2414 768 4002 843; baseline -0.011 -12"><span class='ocrx_word' id='word_1_128' title='bbox 2414 782 2538 834; x_wconf 72' lang='grc' dir='ltr'>ἀντὶ</span> <span class='ocrx_word' id='word_1_129' title='bbox 2592 777 2715 840; x_wconf 84' lang='grc' dir='ltr'>τοῦ,</span> <span class='ocrx_word' id='word_1_130' title='bbox 2756 775 3257 843; x_wconf 75' lang='grc' dir='ltr'>μεταϐουλεύεσθαι</span> <span class='ocrx_word' id='word_1_131' title='bbox 3307 774 3399 825; x_wconf 71' lang='grc' dir='ltr'><strong>καὶ</strong></span> <span class='ocrx_word' id='word_1_132' title='bbox 3435 770 3693 823; x_wconf 77' lang='grc' dir='ltr'>τάναντία</span> <span class='ocrx_word' id='word_1_133' title='bbox 3744 768 4002 835; x_wconf 83' lang='grc' dir='ltr'><strong>φρονεῖν,</strong></span> 
     </span>
    </p>
   </div>
   <div class='ocr_carea' id='block_1_23' title="bbox 2414 852 4007 939">
    <p class='ocr_par' dir='ltr' id='par_1_23' title="bbox 2414 852 4007 939">
     <span class='ocr_line' id='line_1_23' title="bbox 2414 852 4007 939; baseline -0.009 -16"><span class='ocrx_word' id='word_1_134' title='bbox 2414 872 2447 939; x_wconf 80' lang='grc' dir='ltr'>ἢ</span> <span class='ocrx_word' id='word_1_135' title='bbox 2482 873 2789 939; x_wconf 66' lang='grc' dir='ltr'>μετανοεὶν.</span> <span class='ocrx_word' id='word_1_136' title='bbox 2829 870 3036 937; x_wconf 83' lang='grc' dir='ltr'>Ὤμοσε</span> <span class='ocrx_word' id='word_1_137' title='bbox 3086 866 3194 935; x_wconf 82' lang='grc' dir='ltr'>γάρ</span> <span class='ocrx_word' id='word_1_138' title='bbox 3246 882 3329 927; x_wconf 88' lang='grc' dir='ltr'><strong>τις</strong></span> <span class='ocrx_word' id='word_1_139' title='bbox 3364 863 3727 915; x_wconf 79' lang='grc' dir='ltr'>ἀποκτεῖναι·</span> <span class='ocrx_word' id='word_1_140' title='bbox 3768 860 3852 911; x_wconf 80' lang='grc' dir='ltr'><strong>δεῖ</strong></span> <span class='ocrx_word' id='word_1_141' title='bbox 3907 852 4007 909; x_wconf 80' lang='grc' dir='ltr'><strong>οὖν</strong></span> 
     </span>
    </p>
   </div>
   <div class='ocr_carea' id='block_1_24' title="bbox 2417 950 4008 1029">
    <p class='ocr_par' dir='ltr' id='par_1_24' title="bbox 2417 950 4008 1029">
     <span class='ocr_line' id='line_1_24' title="bbox 2417 950 4008 1029; baseline -0.007 -18"><span class='ocrx_word' id='word_1_142' title='bbox 2417 961 2850 1029; x_wconf 80' lang='grc' dir='ltr'>μεταφρονῆσαι,</span> <span class='ocrx_word' id='word_1_143' title='bbox 2888 960 3057 1028; x_wconf 67' lang='grc' dir='ltr'>ἤγουν</span> <span class='ocrx_word' id='word_1_144' title='bbox 3089 956 3251 1025; x_wconf 68' lang='grc' dir='ltr'>ἔτερα</span> <span class='ocrx_word' id='word_1_145' title='bbox 3270 954 3543 1025; x_wconf 75' lang='grc' dir='ltr'>φρονῆσαι</span> <span class='ocrx_word' id='word_1_146' title='bbox 3572 953 3665 1003; x_wconf 75' lang='grc' dir='ltr'><strong>καὶ</strong></span> <span class='ocrx_word' id='word_1_147' title='bbox 3708 950 4008 1020; x_wconf 84' lang='grc' dir='ltr'>μεταγνῶ-</span> 
     </span>
    </p>
   </div>
   <div class='ocr_carea' id='block_1_25' title="bbox 2414 1045 4005 1120">
    <p class='ocr_par' dir='ltr' id='par_1_25' title="bbox 2414 1045 4005 1120">
     <span class='ocr_line' id='line_1_25' title="bbox 2414 1045 4005 1120; baseline -0.005 -19"><span class='ocrx_word' id='word_1_148' title='bbox 2414 1070 2525 1115; x_wconf 92' lang='grc' dir='ltr'>ναι,</span> <span class='ocrx_word' id='word_1_149' title='bbox 2557 1051 2760 1120; x_wconf 81' lang='grc' dir='ltr'>δηλαδὴ</span> <span class='ocrx_word' id='word_1_150' title='bbox 2784 1052 2859 1120; x_wconf 79' lang='grc' dir='ltr'>μὴ</span> <span class='ocrx_word' id='word_1_151' title='bbox 2894 1048 3057 1119; x_wconf 77' lang='grc' dir='ltr'>φονεῦ</span> <span class='ocrx_word' id='word_1_152' title='bbox 3068 1053 3195 1103; x_wconf 58' lang='lat' dir='ltr'><strong>cat“</strong></span> <span class='ocrx_word' id='word_1_153' title='bbox 3232 1047 3347 1100; x_wconf 78' lang='grc' dir='ltr'><strong>ἀλλ’</strong></span> <span class='ocrx_word' id='word_1_154' title='bbox 3365 1046 3487 1116; x_wconf 77' lang='grc' dir='ltr'>οὐχὶ</span> <span class='ocrx_word' id='word_1_155' title='bbox 3510 1046 3597 1097; x_wconf 79' lang='grc' dir='ltr'>διὰ</span> <span class='ocrx_word' id='word_1_156' title='bbox 3619 1046 3715 1110; x_wconf 73' lang='grc' dir='ltr'>τῆς</span> <span class='ocrx_word' id='word_1_157' title='bbox 3740 1045 4005 1112; x_wconf 76' lang='grc' dir='ltr'>πράξεως</span> 
     </span>
    </p>
   </div>
   <div class='ocr_carea' id='block_1_26' title="bbox 2416 1133 4005 1212">
    <p class='ocr_par' dir='ltr' id='par_1_26' title="bbox 2416 1133 4005 1212">
     <span class='ocr_line' id='line_1_26' title="bbox 2416 1133 4005 1212; baseline -0.006 -18"><span class='ocrx_word' id='word_1_158' title='bbox 2416 1142 2718 1212; x_wconf 81' lang='grc' dir='ltr'>βεόαιῶσαι</span> <span class='ocrx_word' id='word_1_159' title='bbox 2756 1141 2919 1194; x_wconf 78' lang='grc' dir='ltr'>δεῖτὸ</span> <span class='ocrx_word' id='word_1_160' title='bbox 2946 1142 3181 1194; x_wconf 83' lang='grc' dir='ltr'>ἀνόσιον.</span> <span class='ocrx_word' id='word_1_161' title='bbox 3218 1140 3279 1192; x_wconf 75' lang='lat' dir='ltr'><strong>Et</strong></span> <span class='ocrx_word' id='word_1_162' title='bbox 3318 1142 3426 1207; x_wconf 81' lang='grc' dir='ltr'>γάρ</span> <span class='ocrx_word' id='word_1_163' title='bbox 3483 1155 3589 1198; x_wconf 89' lang='grc' dir='ltr'>τις,</span> <span class='ocrx_word' id='word_1_164' title='bbox 3622 1137 3810 1203; x_wconf 74' lang='grc' dir='ltr'>φησιν,</span> <span class='ocrx_word' id='word_1_165' title='bbox 3850 1133 4005 1203; x_wconf 78' lang='grc' dir='ltr'>ὦμο-</span> 
     </span>
    </p>
   </div>
   <div class='ocr_carea' id='block_1_27' title="bbox 2416 1224 4005 1300">
    <p class='ocr_par' dir='ltr' id='par_1_27' title="bbox 2416 1224 4005 1300">
     <span class='ocr_line' id='line_1_27' title="bbox 2416 1224 4005 1300; baseline -0.004 -17"><span class='ocrx_word' id='word_1_166' title='bbox 2416 1249 2509 1285; x_wconf 90' lang='grc' dir='ltr'><strong>σεν</strong></span> <span class='ocrx_word' id='word_1_167' title='bbox 2554 1231 2808 1300; x_wconf 78' lang='grc' dir='ltr'><strong>ἐξορύξαι</strong></span> <span class='ocrx_word' id='word_1_168' title='bbox 2859 1233 2986 1292; x_wconf 75' lang='grc' dir='ltr'>τοὺς</span> <span class='ocrx_word' id='word_1_169' title='bbox 3016 1229 3330 1299; x_wconf 77' lang='grc' dir='ltr'>ὀφθαλμοὺς</span> <span class='ocrx_word' id='word_1_170' title='bbox 3359 1227 3454 1279; x_wconf 78' lang='grc' dir='ltr'><strong>τοῦ</strong></span> <span class='ocrx_word' id='word_1_171' title='bbox 3509 1224 3765 1294; x_wconf 79' lang='grc' dir='ltr'>ἀδελφοῦ,</span> <span class='ocrx_word' id='word_1_172' title='bbox 3807 1225 4005 1287; x_wconf 77' lang='grc' dir='ltr'>ἐξετα-</span> 
     </span>
    </p>
   </div>
   <div class='ocr_carea' id='block_1_28' title="bbox 2416 1316 4008 1392">
    <p class='ocr_par' dir='ltr' id='par_1_28' title="bbox 2416 1316 4008 1392">
     <span class='ocr_line' id='line_1_28' title="bbox 2416 1316 4008 1392; baseline -0.008 -15"><span class='ocrx_word' id='word_1_173' title='bbox 2416 1326 2573 1377; x_wconf 70' lang='grc' dir='ltr'>στέον</span> <span class='ocrx_word' id='word_1_174' title='bbox 2600 1324 2652 1375; x_wconf 84' lang='grc' dir='ltr'>τί</span> <span class='ocrx_word' id='word_1_175' title='bbox 2684 1325 2793 1392; x_wconf 75' lang='grc' dir='ltr'>ἄρα</span> <span class='ocrx_word' id='word_1_176' title='bbox 2828 1322 3058 1391; x_wconf 82' lang='grc' dir='ltr'>βέλτιον,</span> <span class='ocrx_word' id='word_1_177' title='bbox 3084 1323 3337 1389; x_wconf 81' lang='grc' dir='ltr'>παριδεῖν</span> <span class='ocrx_word' id='word_1_178' title='bbox 3362 1321 3453 1373; x_wconf 78' lang='grc' dir='ltr'><strong>τὸν</strong></span> <span class='ocrx_word' id='word_1_179' title='bbox 3480 1320 3643 1388; x_wconf 86' lang='grc' dir='ltr'>ὅρκον</span> <span class='ocrx_word' id='word_1_180' title='bbox 3666 1318 3699 1386; x_wconf 86' lang='grc' dir='ltr'>ἢ</span> <span class='ocrx_word' id='word_1_181' title='bbox 3733 1319 3812 1371; x_wconf 74' lang='grc' dir='ltr'><strong>εἰς</strong></span> <span class='ocrx_word' id='word_1_182' title='bbox 3836 1316 4008 1385; x_wconf 68' lang='grc' dir='ltr'>ἔργον</span> 
     </span>
    </p>
   </div>
   <div class='ocr_carea' id='block_1_29' title="bbox 2413 1410 4004 1483">
    <p class='ocr_par' dir='ltr' id='par_1_29' title="bbox 2413 1410 4004 1483">
     <span class='ocr_line' id='line_1_29' title="bbox 2413 1410 4004 1483; baseline -0.005 -16"><span class='ocrx_word' id='word_1_183' title='bbox 2413 1417 2473 1467; x_wconf 81' lang='grc' dir='ltr'><strong>τὸ</strong></span> <span class='ocrx_word' id='word_1_184' title='bbox 2505 1415 2672 1468; x_wconf 76' lang='grc' dir='ltr'>κακὸν</span> <span class='ocrx_word' id='word_1_185' title='bbox 2704 1415 2961 1481; x_wconf 78' lang='grc' dir='ltr'>ἀγαγεῖν.</span> <span class='ocrx_word' id='word_1_186' title='bbox 3001 1416 3110 1465; x_wconf 72' lang='grc' dir='ltr'><strong>Καὶ</strong></span> <span class='ocrx_word' id='word_1_187' title='bbox 3142 1417 3191 1467; x_wconf 74' lang='grc' dir='ltr'><strong>εἰ</strong></span> <span class='ocrx_word' id='word_1_188' title='bbox 3222 1413 3406 1483; x_wconf 78' lang='grc' dir='ltr'>ὤμοσέ</span> <span class='ocrx_word' id='word_1_189' title='bbox 3432 1430 3521 1474; x_wconf 87' lang='grc' dir='ltr'><strong>τις</strong></span> <span class='ocrx_word' id='word_1_190' title='bbox 3554 1410 3780 1479; x_wconf 76' lang='grc' dir='ltr'>ἐντολὴν</span> <span class='ocrx_word' id='word_1_191' title='bbox 3812 1426 4004 1477; x_wconf 75' lang='grc' dir='ltr'>παρα-</span> 
     </span>
    </p>
   </div>
   <div class='ocr_carea' id='block_1_30' title="bbox 2415 1504 4011 1577">
    <p class='ocr_par' dir='ltr' id='par_1_30' title="bbox 2415 1504 4011 1577">
     <span class='ocr_line' id='line_1_30' title="bbox 2415 1504 4011 1577; baseline -0.004 -17"><span class='ocrx_word' id='word_1_192' title='bbox 2415 1508 2601 1577; x_wconf 78' lang='grc' dir='ltr'>ϐῆναι,</span> <span class='ocrx_word' id='word_1_193' title='bbox 2625 1509 2744 1561; x_wconf 77' lang='grc' dir='ltr'>ἐστι</span> <span class='ocrx_word' id='word_1_194' title='bbox 2766 1509 3045 1576; x_wconf 75' lang='grc' dir='ltr'>κρεῖσσον,</span> <span class='ocrx_word' id='word_1_195' title='bbox 3070 1506 3390 1577; x_wconf 79' lang='grc' dir='ltr'>παραὸἧναι</span> <span class='ocrx_word' id='word_1_196' title='bbox 3412 1506 3503 1558; x_wconf 74' lang='grc' dir='ltr'>τὸν</span> <span class='ocrx_word' id='word_1_197' title='bbox 3527 1506 3711 1570; x_wconf 80' lang='grc' dir='ltr'>ὅρκον,</span> <span class='ocrx_word' id='word_1_198' title='bbox 3739 1505 3774 1573; x_wconf 77' lang='grc' dir='ltr'>ἢ</span> <span class='ocrx_word' id='word_1_199' title='bbox 3792 1504 3894 1571; x_wconf 79' lang='grc' dir='ltr'><strong>τὴν</strong></span> <span class='ocrx_word' id='word_1_200' title='bbox 3923 1506 4011 1554; x_wconf 75' lang='grc' dir='ltr'><strong>ὲν-</strong></span> 
     </span>
    </p>
   </div>
   <div class='ocr_carea' id='block_1_31' title="bbox 2415 1594 4007 1669">
    <p class='ocr_par' dir='ltr' id='par_1_31' title="bbox 2415 1594 4007 1669">
     <span class='ocr_line' id='line_1_31' title="bbox 2415 1594 4007 1669; baseline -0.004 -15"><span class='ocrx_word' id='word_1_201' title='bbox 2415 1602 2603 1669; x_wconf 80' lang='grc' dir='ltr'>τολήν.</span> <span class='ocrx_word' id='word_1_202' title='bbox 2646 1602 2904 1669; x_wconf 80' lang='grc' dir='ltr'>Ὠμοσα,</span> <span class='ocrx_word' id='word_1_203' title='bbox 2922 1600 3055 1669; x_wconf 86' lang='grc' dir='ltr'>γὰρ,</span> <span class='ocrx_word' id='word_1_204' title='bbox 3082 1600 3247 1666; x_wconf 63' lang='grc' dir='ltr'>φησιν</span> <span class='ocrx_word' id='word_1_205' title='bbox 3280 1598 3468 1665; x_wconf 78' lang='grc' dir='ltr'>Δαὸὶδ,</span> <span class='ocrx_word' id='word_1_206' title='bbox 3502 1598 3599 1649; x_wconf 75' lang='grc' dir='ltr'>καὶ</span> <span class='ocrx_word' id='word_1_207' title='bbox 3634 1598 3883 1663; x_wconf 77' lang='grc' dir='ltr'>ἕστησα</span> <span class='ocrx_word' id='word_1_208' title='bbox 3904 1594 4007 1647; x_wconf 77' lang='grc' dir='ltr'>τοῦ</span> 
     </span>
    </p>
   </div>
   <div class='ocr_carea' id='block_1_32' title="bbox 2413 1685 4008 1757">
    <p class='ocr_par' dir='ltr' id='par_1_32' title="bbox 2413 1685 4008 1757">
     <span class='ocr_line' id='line_1_32' title="bbox 2413 1685 4008 1757; baseline -0.001 -18"><span class='ocrx_word' id='word_1_209' title='bbox 2413 1685 2802 1754; x_wconf 69' lang='grc' dir='ltr'>φυλάξασθαι</span> <span class='ocrx_word' id='word_1_210' title='bbox 2836 1689 2909 1739; x_wconf 83' lang='grc' dir='ltr'>τὰ</span> <span class='ocrx_word' id='word_1_211' title='bbox 2941 1689 3199 1757; x_wconf 79' lang='grc' dir='ltr'>κρίματα</span> <span class='ocrx_word' id='word_1_212' title='bbox 3259 1686 3369 1753; x_wconf 80' lang='grc' dir='ltr'><strong>τῆς</strong></span> <span class='ocrx_word' id='word_1_213' title='bbox 3420 1687 3824 1753; x_wconf 76' lang='grc' dir='ltr'><strong>δικαιοσύνης</strong></span> <span class='ocrx_word' id='word_1_214' title='bbox 3860 1700 4008 1746; x_wconf 83' lang='grc' dir='ltr'>σου,</span> 
     </span>
    </p>
   </div>
   <div class='ocr_carea' id='block_1_33' title="bbox 2415 1778 2989 1849">
    <p class='ocr_par' dir='ltr' id='par_1_33' title="bbox 2415 1778 2989 1849">
     <span class='ocr_line' id='line_1_33' title="bbox 2415 1778 2989 1849; baseline -0.002 -17"><span class='ocrx_word' id='word_1_215' title='bbox 2415 1778 2538 1847; x_wconf 77' lang='grc' dir='ltr'>οὐχὶ</span> <span class='ocrx_word' id='word_1_216' title='bbox 2558 1778 2657 1849; x_wconf 81' lang='grc' dir='ltr'>τὴν</span> <span class='ocrx_word' id='word_1_217' title='bbox 2690 1778 2989 1847; x_wconf 82' lang='grc' dir='ltr'>ἁμαρτίαν.</span> 
     </span>
    </p>
   </div>
   <div class='ocr_carea' id='block_1_34' title="bbox 723 1871 4007 1949">
    <p class='ocr_par' dir='ltr' id='par_1_34' title="bbox 723 1871 4007 1949">
     <span class='ocr_line' id='line_1_34' title="bbox 723 1871 4007 1949; baseline -0.006 -8"><span class='ocrx_word' id='word_1_218' title='bbox 723 1890 1033 1941; x_wconf 89' lang='lat' dir='ltr'><strong>mandatum</strong></span> <span class='ocrx_word' id='word_1_219' title='bbox 1068 1886 1289 1938; x_wconf 73' lang='lat' dir='ltr'><strong>violare.</strong></span> <span class='ocrx_word' id='word_1_220' title='bbox 1318 1882 1508 1946; x_wconf 77' lang='lat' dir='ltr'><strong>Juravi</strong></span> <span class='ocrx_word' id='word_1_221' title='bbox 1538 1880 1827 1949; x_wconf 84' lang='lat' dir='ltr'><strong>siquidem,</strong></span> <span class='ocrx_word' id='word_1_222' title='bbox 1894 1877 2066 1945; x_wconf 88' lang='lat' dir='ltr'><strong>inquit</strong></span> <span class='ocrx_word' id='word_1_223' title='bbox 2110 1874 2300 1936; x_wconf 83' lang='lat' dir='ltr'><strong>David,</strong></span> <span class='ocrx_word' id='word_1_224' title='bbox 2342 1882 2398 1929; x_wconf 80' lang='lat' dir='ltr'><strong>et</strong></span> <span class='ocrx_word' id='word_1_225' title='bbox 2440 1874 2606 1926; x_wconf 74' lang='lat' dir='ltr'><strong>statui</strong></span> <span class='ocrx_word' id='word_1_226' title='bbox 2638 1876 2904 1926; x_wconf 70' lang='lat' dir='ltr'><strong>custodire</strong></span> <span class='ocrx_word' id='word_1_227' title='bbox 2945 1872 3157 1941; x_wconf 81' lang='lat' dir='ltr'><strong>judicia</strong></span> <span class='ocrx_word' id='word_1_228' title='bbox 3182 1871 3413 1940; x_wconf 73' lang='lat' dir='ltr'><strong>justitiar</strong></span> <span class='ocrx_word' id='word_1_229' title='bbox 3472 1883 3600 1933; x_wconf 69' lang='lat' dir='ltr'><strong>tum,</strong></span> <span class='ocrx_word' id='word_1_230' title='bbox 3660 1885 3773 1924; x_wconf 86' lang='lat' dir='ltr'><strong>non</strong></span> <span class='ocrx_word' id='word_1_231' title='bbox 3823 1879 4007 1923; x_wconf 86' lang='lat' dir='ltr'><strong>autem</strong></span> 
     </span>
    </p>
   </div>
   <div class='ocr_carea' id='block_1_35' title="bbox 724 1989 1035 2051">
    <p class='ocr_par' dir='ltr' id='par_1_35' title="bbox 724 1989 1035 2051">
     <span class='ocr_line' id='line_1_35' title="bbox 724 1989 1035 2051; baseline -0.019 -16"><span class='ocrx_word' id='word_1_232' title='bbox 724 1989 1035 2051; x_wconf 79' lang='lat' dir='ltr'><strong>peccatum.</strong></span> 
     </span>
    </p>
   </div>
   <div class='ocr_carea' id='block_1_36' title="bbox 789 2048 2319 2132">
    <p class='ocr_par' dir='ltr' id='par_1_36' title="bbox 789 2060 2309 2132">
     <span class='ocr_line' id='line_1_36' title="bbox 789 2060 2309 2132; baseline -0.008 -9"><span class='ocrx_word' id='word_1_233' title='bbox 789 2068 1022 2123; x_wconf 59' lang='lat' dir='ltr'><strong>AlilzT.</strong></span> <span class='ocrx_word' id='word_1_234' title='bbox 1048 2069 1180 2121; x_wconf 40' lang='lat' dir='ltr'><strong>(Tan.</strong></span> <span class='ocrx_word' id='word_1_235' title='bbox 1215 2069 1304 2123; x_wconf 60' lang='grc' dir='ltr'><strong>(ἐξ).</strong></span> <span class='ocrx_word' id='word_1_236' title='bbox 1351 2067 1405 2119; x_wconf 84' lang='lat' dir='ltr'><strong>Si</strong></span> <span class='ocrx_word' id='word_1_237' title='bbox 1446 2066 1765 2132; x_wconf 81' lang='lat' dir='ltr'><strong>simpliciter</strong></span> <span class='ocrx_word' id='word_1_238' title='bbox 1796 2064 1985 2131; x_wconf 89' lang='lat' dir='ltr'><strong>jurare</strong></span> <span class='ocrx_word' id='word_1_239' title='bbox 2024 2062 2094 2115; x_wconf 87' lang='lat' dir='ltr'><strong>sit</strong></span> <span class='ocrx_word' id='word_1_240' title='bbox 2136 2060 2309 2113; x_wconf 89' lang='lat' dir='ltr'><strong>inter-</strong></span> 
     </span>
    </p>
   </div>
   <div class='ocr_carea' id='block_1_37' title="bbox 2412 2048 4006 2132">
    <p class='ocr_par' dir='ltr' id='par_1_37' title="bbox 2476 2048 4006 2118">
     <span class='ocr_line' id='line_1_37' title="bbox 2476 2048 4006 2118; baseline -0.001 -13"><span class='ocrx_word' id='word_1_241' title='bbox 2476 2050 2869 2105; x_wconf 82' lang='grc' dir='ltr'><strong>ΑΡΙΣΤ.Καν.</strong></span> <span class='ocrx_word' id='word_1_242' title='bbox 2907 2051 3010 2103; x_wconf 85' lang='grc' dir='ltr'><strong>κθ’.</strong></span> <span class='ocrx_word' id='word_1_243' title='bbox 3073 2049 3135 2101; x_wconf 83' lang='lat' dir='ltr'><strong>Et</strong></span> <span class='ocrx_word' id='word_1_244' title='bbox 3193 2050 3573 2118; x_wconf 70' lang='grc' dir='ltr'><strong>ἀπηγόρευται</strong></span> <span class='ocrx_word' id='word_1_245' title='bbox 3634 2048 3694 2099; x_wconf 72' lang='grc' dir='ltr'>τὸ</span> <span class='ocrx_word' id='word_1_246' title='bbox 3756 2048 4006 2109; x_wconf 38' lang='grc' dir='ltr'>όςνινύειν.</span> 
     </span>
    </p>
   </div>
   <div class='ocr_carea' id='block_1_38' title="bbox 722 2148 2305 2223">
    <p class='ocr_par' dir='ltr' id='par_1_38' title="bbox 722 2148 2305 2223">
     <span class='ocr_line' id='line_1_38' title="bbox 722 2148 2305 2223; baseline -0.008 -9"><span class='ocrx_word' id='word_1_247' title='bbox 722 2161 946 2222; x_wconf 83' lang='lat' dir='ltr'><strong>dietum,</strong></span> <span class='ocrx_word' id='word_1_248' title='bbox 978 2159 1147 2211; x_wconf 89' lang='lat' dir='ltr'><strong>multo</strong></span> <span class='ocrx_word' id='word_1_249' title='bbox 1176 2158 1343 2223; x_wconf 80' lang='lat' dir='ltr'><strong>magis</strong></span> <span class='ocrx_word' id='word_1_250' title='bbox 1373 2156 1437 2208; x_wconf 85' lang='lat' dir='ltr'><strong>ad</strong></span> <span class='ocrx_word' id='word_1_251' title='bbox 1464 2155 1661 2206; x_wconf 86' lang='lat' dir='ltr'><strong>malum</strong></span> <span class='ocrx_word' id='word_1_252' title='bbox 1695 2150 2139 2220; x_wconf 82' lang='lat' dir='ltr'><strong>perpetrandum,</strong></span> <span class='ocrx_word' id='word_1_253' title='bbox 2168 2148 2305 2201; x_wconf 85' lang='lat' dir='ltr'><strong>adeo</strong></span> 
     </span>
    </p>
   </div>
   <div class='ocr_carea' id='block_1_39' title="bbox 726 2241 2305 2315">
    <p class='ocr_par' dir='ltr' id='par_1_39' title="bbox 726 2241 2305 2315">
     <span class='ocr_line' id='line_1_39' title="bbox 726 2241 2305 2315; baseline -0.011 -8"><span class='ocrx_word' id='word_1_254' title='bbox 726 2266 928 2307; x_wconf 90' lang='lat' dir='ltr'><strong>utnon</strong></span> <span class='ocrx_word' id='word_1_255' title='bbox 984 2251 1155 2303; x_wconf 83' lang='lat' dir='ltr'><strong>solum</strong></span> <span class='ocrx_word' id='word_1_256' title='bbox 1209 2264 1343 2315; x_wconf 72' lang='lat' dir='ltr'><strong>Opus</strong></span> <span class='ocrx_word' id='word_1_257' title='bbox 1390 2246 1723 2314; x_wconf 83' lang='lat' dir='ltr'><strong>prohibebis,</strong></span> <span class='ocrx_word' id='word_1_258' title='bbox 1790 2258 1977 2295; x_wconf 81' lang='lat' dir='ltr'><strong>verum</strong></span> <span class='ocrx_word' id='word_1_259' title='bbox 2023 2250 2075 2295; x_wconf 88' lang='lat' dir='ltr'><strong>et</strong></span> <span class='ocrx_word' id='word_1_260' title='bbox 2128 2241 2305 2306; x_wconf 88' lang='lat' dir='ltr'><strong>ipsum</strong></span> 
     </span>
    </p>
   </div>
   <div class='ocr_carea' id='block_1_40' title="bbox 724 2330 2306 2414">
    <p class='ocr_par' dir='ltr' id='par_1_40' title="bbox 724 2330 2306 2414">
     <span class='ocr_line' id='line_1_40' title="bbox 724 2330 2306 2414; baseline -0.012 -15"><span class='ocrx_word' id='word_1_261' title='bbox 724 2346 867 2414; x_wconf 87' lang='lat' dir='ltr'><strong>quod</strong></span> <span class='ocrx_word' id='word_1_262' title='bbox 898 2350 1167 2401; x_wconf 83' lang='lat' dir='ltr'><strong>ernetant,</strong></span> <span class='ocrx_word' id='word_1_263' title='bbox 1218 2340 1609 2405; x_wconf 84' lang='lat' dir='ltr'><strong>jurameutum.</strong></span> <span class='ocrx_word' id='word_1_264' title='bbox 1663 2334 1830 2402; x_wconf 88' lang='lat' dir='ltr'><strong>llujus</strong></span> <span class='ocrx_word' id='word_1_265' title='bbox 1881 2342 2061 2385; x_wconf 80' lang='lat' dir='ltr'><strong>autem</strong></span> <span class='ocrx_word' id='word_1_266' title='bbox 2102 2330 2306 2384; x_wconf 86' lang='lat' dir='ltr'><strong>medela</strong></span> 
     </span>
    </p>
   </div>
   <div class='ocr_carea' id='block_1_41' title="bbox 724 2425 2306 2503">
    <p class='ocr_par' dir='ltr' id='par_1_41' title="bbox 724 2425 2306 2503">
     <span class='ocr_line' id='line_1_41' title="bbox 724 2425 2306 2503; baseline -0.009 -13"><span class='ocrx_word' id='word_1_267' title='bbox 724 2440 775 2490; x_wconf 89' lang='lat' dir='ltr'><strong>in</strong></span> <span class='ocrx_word' id='word_1_268' title='bbox 812 2436 1008 2503; x_wconf 88' lang='lat' dir='ltr'><strong>duplici</strong></span> <span class='ocrx_word' id='word_1_269' title='bbox 1062 2433 1311 2486; x_wconf 84' lang='lat' dir='ltr'><strong>consistit</strong></span> <span class='ocrx_word' id='word_1_270' title='bbox 1370 2429 1773 2493; x_wconf 82' lang='lat' dir='ltr'><strong>admonitione;</strong></span> <span class='ocrx_word' id='word_1_271' title='bbox 1834 2442 1938 2478; x_wconf 91' lang='lat' dir='ltr'><strong>non</strong></span> <span class='ocrx_word' id='word_1_272' title='bbox 1986 2425 2197 2493; x_wconf 89' lang='lat' dir='ltr'><strong>jurare,</strong></span> <span class='ocrx_word' id='word_1_273' title='bbox 2251 2430 2306 2476; x_wconf 89' lang='lat' dir='ltr'><strong>et</strong></span> 
     </span>
    </p>
   </div>
   <div class='ocr_carea' id='block_1_42' title="bbox 722 2516 2304 2599">
    <p class='ocr_par' dir='ltr' id='par_1_42' title="bbox 722 2516 2304 2599">
     <span class='ocr_line' id='line_1_42' title="bbox 722 2516 2304 2599; baseline -0.007 -21"><span class='ocrx_word' id='word_1_274' title='bbox 722 2528 860 2599; x_wconf 87' lang='lat' dir='ltr'><strong>quod</strong></span> <span class='ocrx_word' id='word_1_275' title='bbox 894 2526 1126 2591; x_wconf 79' lang='lat' dir='ltr'><strong>speciem</strong></span> <span class='ocrx_word' id='word_1_276' title='bbox 1158 2523 1327 2577; x_wconf 81' lang='lat' dir='ltr'><strong>refert</strong></span> <span class='ocrx_word' id='word_1_277' title='bbox 1356 2521 1651 2589; x_wconf 86' lang='lat' dir='ltr'><strong>juramenti</strong></span> <span class='ocrx_word' id='word_1_278' title='bbox 1678 2520 1995 2582; x_wconf 78' lang='lat' dir='ltr'><strong>reprimere.</strong></span> <span class='ocrx_word' id='word_1_279' title='bbox 2024 2516 2175 2581; x_wconf 89' lang='lat' dir='ltr'><strong>Quod</strong></span> <span class='ocrx_word' id='word_1_280' title='bbox 2207 2530 2304 2568; x_wconf 87' lang='lat' dir='ltr'><strong>au-</strong></span> 
     </span>
    </p>
   </div>
   <div class='ocr_carea' id='block_1_43' title="bbox 724 2611 2031 2685">
    <p class='ocr_par' dir='ltr' id='par_1_43' title="bbox 724 2611 2031 2685">
     <span class='ocr_line' id='line_1_43' title="bbox 724 2611 2031 2685; baseline -0.011 -12"><span class='ocrx_word' id='word_1_281' title='bbox 724 2633 830 2673; x_wconf 85' lang='lat' dir='ltr'><strong>tem</strong></span> <span class='ocrx_word' id='word_1_282' title='bbox 858 2618 1097 2685; x_wconf 85' lang='lat' dir='ltr'><strong>juratum</strong></span> <span class='ocrx_word' id='word_1_283' title='bbox 1126 2624 1209 2667; x_wconf 90' lang='lat' dir='ltr'><strong>est</strong></span> <span class='ocrx_word' id='word_1_284' title='bbox 1240 2625 1571 2681; x_wconf 88' lang='lat' dir='ltr'><strong>perpetrare,</strong></span> <span class='ocrx_word' id='word_1_285' title='bbox 1600 2611 1895 2663; x_wconf 78' lang='lat' dir='ltr'><strong>absurdum</strong></span> <span class='ocrx_word' id='word_1_286' title='bbox 1927 2619 2031 2663; x_wconf 90' lang='lat' dir='ltr'><strong>cst.</strong></span> 
     </span>
    </p>
   </div>
   <div class='ocr_carea' id='block_1_44' title="bbox 794 2702 2303 2777">
    <p class='ocr_par' dir='ltr' id='par_1_44' title="bbox 794 2702 2303 2777">
     <span class='ocr_line' id='line_1_44' title="bbox 794 2702 2303 2777; baseline -0.008 -16"><span class='ocrx_word' id='word_1_287' title='bbox 794 2709 1142 2777; x_wconf 73' lang='lat' dir='ltr'><strong>Magistratus</strong></span> <span class='ocrx_word' id='word_1_288' title='bbox 1166 2703 1427 2770; x_wconf 78' lang='lat' dir='ltr'><strong>subjectis</strong></span> <span class='ocrx_word' id='word_1_289' title='bbox 1479 2702 1853 2755; x_wconf 77' lang='lat' dir='ltr'><strong>malefaciendi</strong></span> <span class='ocrx_word' id='word_1_290' title='bbox 1882 2710 2202 2769; x_wconf 63' lang='lat' dir='ltr'><strong>praetextum</strong></span> <span class='ocrx_word' id='word_1_291' title='bbox 2237 2713 2303 2750; x_wconf 87' lang='lat' dir='ltr'><strong>ne</strong></span> 
     </span>
    </p>
   </div>
   <div class='ocr_carea' id='block_1_45' title="bbox 722 2792 2304 2866">
    <p class='ocr_par' dir='ltr' id='par_1_45' title="bbox 722 2792 2304 2866">
     <span class='ocr_line' id='line_1_45' title="bbox 722 2792 2304 2866; baseline -0.01 -9"><span class='ocrx_word' id='word_1_292' title='bbox 722 2802 1004 2857; x_wconf 82' lang='lat' dir='ltr'><strong>inveniant</strong></span> <span class='ocrx_word' id='word_1_293' title='bbox 1035 2798 1424 2866; x_wconf 86' lang='lat' dir='ltr'><strong>juramentum.</strong></span> <span class='ocrx_word' id='word_1_294' title='bbox 1447 2792 1585 2860; x_wconf 88' lang='lat' dir='ltr'><strong>Quid</strong></span> <span class='ocrx_word' id='word_1_295' title='bbox 1624 2796 1791 2856; x_wconf 89' lang='lat' dir='ltr'><strong>enim,</strong></span> <span class='ocrx_word' id='word_1_296' title='bbox 1815 2792 2304 2862; x_wconf 76' lang='lat' dir='ltr'><strong>juravitquiSpiam</strong></span> 
     </span>
    </p>
   </div>
   <div class='ocr_carea' id='block_1_46' title="bbox 722 2882 2301 2957">
    <p class='ocr_par' dir='ltr' id='par_1_46' title="bbox 722 2882 2301 2957">
     <span class='ocr_line' id='line_1_46' title="bbox 722 2882 2301 2957; baseline -0.008 -13"><span class='ocrx_word' id='word_1_297' title='bbox 722 2905 819 2944; x_wconf 85' lang='lat' dir='ltr'><strong>eos</strong></span> <span class='ocrx_word' id='word_1_298' title='bbox 867 2893 959 2957; x_wconf 89' lang='lat' dir='ltr'><strong>qui</strong></span> <span class='ocrx_word' id='word_1_299' title='bbox 998 2888 1097 2940; x_wconf 91' lang='lat' dir='ltr'><strong>sub</strong></span> <span class='ocrx_word' id='word_1_300' title='bbox 1154 2885 1325 2952; x_wconf 84' lang='lat' dir='ltr'><strong>ipsius</strong></span> <span class='ocrx_word' id='word_1_301' title='bbox 1367 2886 1475 2938; x_wconf 94' lang='lat' dir='ltr'><strong>sint</strong></span> <span class='ocrx_word' id='word_1_302' title='bbox 1519 2894 1788 2953; x_wconf 82' lang='lat' dir='ltr'><strong>potestate</strong></span> <span class='ocrx_word' id='word_1_303' title='bbox 1836 2886 2026 2937; x_wconf 92' lang='lat' dir='ltr'><strong>morbo</strong></span> <span class='ocrx_word' id='word_1_304' title='bbox 2065 2882 2301 2943; x_wconf 82' lang='lat' dir='ltr'><strong>allicere,</strong></span> 
     </span>
    </p>
   </div>
   <div class='ocr_carea' id='block_1_47' title="bbox 722 2973 2306 3048">
    <p class='ocr_par' dir='ltr' id='par_1_47' title="bbox 722 2973 2306 3048">
     <span class='ocr_line' id='line_1_47' title="bbox 722 2973 2306 3048; baseline -0.009 -13"><span class='ocrx_word' id='word_1_305' title='bbox 722 2994 777 3035; x_wconf 89' lang='lat' dir='ltr'><strong>et</strong></span> <span class='ocrx_word' id='word_1_306' title='bbox 812 2983 911 3034; x_wconf 86' lang='lat' dir='ltr'><strong>sub</strong></span> <span class='ocrx_word' id='word_1_307' title='bbox 946 2979 1161 3048; x_wconf 85' lang='lat' dir='ltr'><strong>pietatis</strong></span> <span class='ocrx_word' id='word_1_308' title='bbox 1206 2976 1389 3029; x_wconf 89' lang='lat' dir='ltr'><strong>habitu</strong></span> <span class='ocrx_word' id='word_1_309' title='bbox 1423 2974 1753 3042; x_wconf 87' lang='lat' dir='ltr'><strong>impietatem</strong></span> <span class='ocrx_word' id='word_1_310' title='bbox 1802 2988 1951 3025; x_wconf 89' lang='lat' dir='ltr'><strong>suam</strong></span> <span class='ocrx_word' id='word_1_311' title='bbox 1980 2973 2306 3024; x_wconf 82' lang='lat' dir='ltr'><strong>confirmare</strong></span> 
     </span>
    </p>
   </div>
   <div class='ocr_carea' id='block_1_48' title="bbox 722 3063 2303 3136">
    <p class='ocr_par' dir='ltr' id='par_1_48' title="bbox 722 3063 2303 3136">
     <span class='ocr_line' id='line_1_48' title="bbox 722 3063 2303 3136; baseline -0.007 -13"><span class='ocrx_word' id='word_1_312' title='bbox 722 3074 913 3125; x_wconf 76' lang='lat' dir='ltr'><strong>vellet?</strong></span> <span class='ocrx_word' id='word_1_313' title='bbox 974 3069 1250 3136; x_wconf 89' lang='lat' dir='ltr'><strong>Duplicem</strong></span> <span class='ocrx_word' id='word_1_314' title='bbox 1310 3067 1493 3135; x_wconf 88' lang='lat' dir='ltr'><strong>itaque</strong></span> <span class='ocrx_word' id='word_1_315' title='bbox 1546 3064 1809 3118; x_wconf 84' lang='lat' dir='ltr'><strong>medelam</strong></span> <span class='ocrx_word' id='word_1_316' title='bbox 1870 3063 1962 3116; x_wconf 87' lang='lat' dir='ltr'><strong>tali</strong></span> <span class='ocrx_word' id='word_1_317' title='bbox 2020 3063 2303 3123; x_wconf 82' lang='lat' dir='ltr'><strong>adhibeas,</strong></span> 
     </span>
    </p>
   </div>
   <div class='ocr_carea' id='block_1_49' title="bbox 725 3154 2301 3231">
    <p class='ocr_par' dir='ltr' id='par_1_49' title="bbox 725 3154 2301 3231">
     <span class='ocr_line' id='line_1_49' title="bbox 725 3154 2301 3231; baseline -0.008 -16"><span class='ocrx_word' id='word_1_318' title='bbox 725 3178 833 3215; x_wconf 68' lang='lat' dir='ltr'><strong>uno</strong></span> <span class='ocrx_word' id='word_1_319' title='bbox 870 3163 1087 3231; x_wconf 89' lang='lat' dir='ltr'><strong>quidem</strong></span> <span class='ocrx_word' id='word_1_320' title='bbox 1117 3160 1276 3213; x_wconf 92' lang='lat' dir='ltr'><strong>modo</strong></span> <span class='ocrx_word' id='word_1_321' title='bbox 1306 3172 1427 3211; x_wconf 89' lang='lat' dir='ltr'><strong>eutn</strong></span> <span class='ocrx_word' id='word_1_322' title='bbox 1465 3156 1693 3210; x_wconf 79' lang='lat' dir='ltr'><strong>edoceas</strong></span> <span class='ocrx_word' id='word_1_323' title='bbox 1742 3170 1843 3208; x_wconf 90' lang='lat' dir='ltr'><strong>non</strong></span> <span class='ocrx_word' id='word_1_324' title='bbox 1894 3154 2054 3207; x_wconf 79' lang='lat' dir='ltr'><strong>facile</strong></span> <span class='ocrx_word' id='word_1_325' title='bbox 2096 3154 2301 3219; x_wconf 72' lang='lat' dir='ltr'><strong>iurare,</strong></span> 
     </span>
    </p>
   </div>
   <div class='ocr_carea' id='block_1_50' title="bbox 723 3244 2301 3317">
    <p class='ocr_par' dir='ltr' id='par_1_50' title="bbox 723 3244 2301 3317">
     <span class='ocr_line' id='line_1_50' title="bbox 723 3244 2301 3317; baseline -0.007 -11"><span class='ocrx_word' id='word_1_326' title='bbox 723 3256 827 3307; x_wconf 83' lang='lat' dir='ltr'><strong>alio</strong></span> <span class='ocrx_word' id='word_1_327' title='bbox 880 3263 1058 3306; x_wconf 84' lang='lat' dir='ltr'><strong>autent</strong></span> <span class='ocrx_word' id='word_1_328' title='bbox 1116 3252 1169 3303; x_wconf 93' lang='lat' dir='ltr'><strong>in</strong></span> <span class='ocrx_word' id='word_1_329' title='bbox 1226 3250 1381 3303; x_wconf 87' lang='lat' dir='ltr'><strong>malis</strong></span> <span class='ocrx_word' id='word_1_330' title='bbox 1430 3249 1758 3317; x_wconf 86' lang='lat' dir='ltr'><strong>jnramentis</strong></span> <span class='ocrx_word' id='word_1_331' title='bbox 1812 3260 1916 3297; x_wconf 83' lang='lat' dir='ltr'><strong>uOn</strong></span> <span class='ocrx_word' id='word_1_332' title='bbox 1988 3244 2301 3311; x_wconf 72' lang='lat' dir='ltr'><strong>persisuere.</strong></span> 
     </span>
    </p>
   </div>
   <div class='ocr_carea' id='block_1_51' title="bbox 720 3336 2301 3412">
    <p class='ocr_par' dir='ltr' id='par_1_51' title="bbox 720 3336 2301 3412">
     <span class='ocr_line' id='line_1_51' title="bbox 720 3336 2301 3412; baseline -0.009 -13"><span class='ocrx_word' id='word_1_333' title='bbox 720 3346 908 3412; x_wconf 73' lang='lat' dir='ltr'><strong>Neque</strong></span> <span class='ocrx_word' id='word_1_334' title='bbox 940 3343 1081 3397; x_wconf 89' lang='lat' dir='ltr'><strong>enim</strong></span> <span class='ocrx_word' id='word_1_335' title='bbox 1114 3340 1313 3394; x_wconf 88' lang='lat' dir='ltr'><strong>Herodi</strong></span> <span class='ocrx_word' id='word_1_336' title='bbox 1346 3338 1535 3404; x_wconf 85' lang='lat' dir='ltr'><strong>jurare</strong></span> <span class='ocrx_word' id='word_1_337' title='bbox 1588 3336 1828 3405; x_wconf 82' lang='lat' dir='ltr'><strong>profuit;</strong></span> <span class='ocrx_word' id='word_1_338' title='bbox 1868 3351 1989 3388; x_wconf 78' lang='lat' dir='ltr'><strong>nam</strong></span> <span class='ocrx_word' id='word_1_339' title='bbox 2035 3350 2099 3387; x_wconf 91' lang='lat' dir='ltr'><strong>ne</strong></span> <span class='ocrx_word' id='word_1_340' title='bbox 2151 3336 2301 3403; x_wconf 80' lang='lat' dir='ltr'><strong>peju-</strong></span> 
     </span>
    </p>
   </div>
   <div class='ocr_carea' id='block_1_52' title="bbox 2407 2138 4011 2211">
    <p class='ocr_par' dir='ltr' id='par_1_52' title="bbox 2407 2138 4011 2211">
     <span class='ocr_line' id='line_1_52' title="bbox 2407 2138 4011 2211; baseline -0.002 -17"><span class='ocrx_word' id='word_1_341' title='bbox 2407 2142 2467 2194; x_wconf 84' lang='grc' dir='ltr'><strong>τὸ</strong></span> <span class='ocrx_word' id='word_1_342' title='bbox 2518 2144 2608 2194; x_wconf 73' lang='grc' dir='ltr'><strong>ἐπὶ</strong></span> <span class='ocrx_word' id='word_1_343' title='bbox 2682 2142 2760 2211; x_wconf 82' lang='grc' dir='ltr'>τῷ</span> <span class='ocrx_word' id='word_1_344' title='bbox 2812 2141 3062 2192; x_wconf 85' lang='grc' dir='ltr'>κακῶσαι</span> <span class='ocrx_word' id='word_1_345' title='bbox 3120 2140 3319 2208; x_wconf 80' lang='grc' dir='ltr'>μᾶλλον</span> <span class='ocrx_word' id='word_1_346' title='bbox 3361 2156 3373 2169; x_wconf 90' lang='grc'><strong>·</strong></span> <span class='ocrx_word' id='word_1_347' title='bbox 3415 2139 3554 2190; x_wconf 71' lang='grc' dir='ltr'>ὥστε</span> <span class='ocrx_word' id='word_1_348' title='bbox 3605 2138 3681 2207; x_wconf 77' lang='grc' dir='ltr'>μὴ</span> <span class='ocrx_word' id='word_1_349' title='bbox 3747 2140 3916 2206; x_wconf 69' lang='grc' dir='ltr'>μόνοι</span> <span class='ocrx_word' id='word_1_350' title='bbox 3953 2142 4011 2190; x_wconf 61' lang='grc' dir='ltr'>τὸ</span> 
     </span>
    </p>
   </div>
   <div class='ocr_carea' id='block_1_53' title="bbox 2411 2232 4012 2306">
    <p class='ocr_par' dir='ltr' id='par_1_53' title="bbox 2411 2232 4012 2306">
     <span class='ocr_line' id='line_1_53' title="bbox 2411 2232 4012 2306; baseline -0.004 -18"><span class='ocrx_word' id='word_1_351' title='bbox 2411 2236 2571 2306; x_wconf 77' lang='grc' dir='ltr'>ἔργον</span> <span class='ocrx_word' id='word_1_352' title='bbox 2646 2234 2921 2303; x_wconf 78' lang='grc' dir='ltr'><strong>κωλύσῃς,</strong></span> <span class='ocrx_word' id='word_1_353' title='bbox 2973 2233 3113 2287; x_wconf 68' lang='grc' dir='ltr'>ἁλὶα</span> <span class='ocrx_word' id='word_1_354' title='bbox 3171 2236 3261 2285; x_wconf 71' lang='grc' dir='ltr'>καὶ</span> <span class='ocrx_word' id='word_1_355' title='bbox 3306 2233 3468 2285; x_wconf 80' lang='grc' dir='ltr'>αὑτὸν</span> <span class='ocrx_word' id='word_1_356' title='bbox 3523 2232 3582 2285; x_wconf 77' lang='grc' dir='ltr'>ὃν</span> <span class='ocrx_word' id='word_1_357' title='bbox 3634 2232 4012 2301; x_wconf 78' lang='grc' dir='ltr'>άπερεύγεται</span> 
     </span>
    </p>
   </div>
   <div class='ocr_carea' id='block_1_54' title="bbox 2408 2323 4012 2397">
    <p class='ocr_par' dir='ltr' id='par_1_54' title="bbox 2408 2323 4012 2397">
     <span class='ocr_line' id='line_1_54' title="bbox 2408 2323 4012 2397; baseline -0.002 -19"><span class='ocrx_word' id='word_1_358' title='bbox 2408 2327 2598 2397; x_wconf 80' lang='grc' dir='ltr'>ὅρκον.</span> <span class='ocrx_word' id='word_1_359' title='bbox 2634 2325 2919 2395; x_wconf 81' lang='grc' dir='ltr'>Θεραπεία</span> <span class='ocrx_word' id='word_1_360' title='bbox 2989 2325 3044 2376; x_wconf 80' lang='grc' dir='ltr'>δὲ</span> <span class='ocrx_word' id='word_1_361' title='bbox 3112 2325 3309 2377; x_wconf 83' lang='grc' dir='ltr'>τούτου</span> <span class='ocrx_word' id='word_1_362' title='bbox 3335 2324 3487 2394; x_wconf 81' lang='grc' dir='ltr'>διττὴ</span> <span class='ocrx_word' id='word_1_363' title='bbox 3545 2325 3803 2375; x_wconf 80' lang='grc' dir='ltr'>νουθεσία</span> <span class='ocrx_word' id='word_1_364' title='bbox 3842 2341 3856 2354; x_wconf 88' lang='grc'><strong>·</strong></span> <span class='ocrx_word' id='word_1_365' title='bbox 3920 2323 4012 2375; x_wconf 75' lang='grc' dir='ltr'>τοῦ</span> 
     </span>
    </p>
   </div>
   <div class='ocr_carea' id='block_1_55' title="bbox 2415 2418 4008 2488">
    <p class='ocr_par' dir='ltr' id='par_1_55' title="bbox 2415 2418 4008 2488">
     <span class='ocr_line' id='line_1_55' title="bbox 2415 2418 4008 2488; baseline 0.001 -19"><span class='ocrx_word' id='word_1_366' title='bbox 2415 2419 2491 2487; x_wconf 83' lang='grc' dir='ltr'>μὴ</span> <span class='ocrx_word' id='word_1_367' title='bbox 2526 2418 2775 2487; x_wconf 81' lang='grc' dir='ltr'><strong>ὀμνύειν,</strong></span> <span class='ocrx_word' id='word_1_368' title='bbox 2811 2418 2907 2470; x_wconf 78' lang='grc' dir='ltr'>καὶ</span> <span class='ocrx_word' id='word_1_369' title='bbox 2965 2419 3203 2481; x_wconf 79' lang='grc' dir='ltr'><strong>κώλυσις</strong></span> <span class='ocrx_word' id='word_1_370' title='bbox 3252 2419 3345 2471; x_wconf 74' lang='grc' dir='ltr'><strong>τοῦ</strong></span> <span class='ocrx_word' id='word_1_371' title='bbox 3407 2420 3763 2488; x_wconf 74' lang='grc' dir='ltr'><strong>προσχήματι</strong></span> <span class='ocrx_word' id='word_1_372' title='bbox 3823 2419 4008 2485; x_wconf 73' lang='grc' dir='ltr'>ὅρκου.</span> 
     </span>
    </p>
   </div>
   <div class='ocr_carea' id='block_1_56' title="bbox 2411 2510 3254 2579">
    <p class='ocr_par' dir='ltr' id='par_1_56' title="bbox 2411 2510 3254 2579">
     <span class='ocr_line' id='line_1_56' title="bbox 2411 2510 3254 2579; baseline 0.001 -17"><span class='ocrx_word' id='word_1_373' title='bbox 2411 2511 2679 2579; x_wconf 84' lang='grc' dir='ltr'>Πράττειν</span> <span class='ocrx_word' id='word_1_374' title='bbox 2714 2510 2775 2561; x_wconf 87' lang='grc' dir='ltr'>τὸ</span> <span class='ocrx_word' id='word_1_375' title='bbox 2802 2510 2999 2578; x_wconf 82' lang='grc' dir='ltr'>όμοθὲν</span> <span class='ocrx_word' id='word_1_376' title='bbox 3034 2512 3254 2564; x_wconf 79' lang='grc' dir='ltr'>ἄτοπον.</span> 
     </span>
    </p>
   </div>
   <div class='ocr_carea' id='block_1_57' title="bbox 2461 2695 4010 2766">
    <p class='ocr_par' dir='ltr' id='par_1_57' title="bbox 2461 2695 4010 2766">
     <span class='ocr_line' id='line_1_57' title="bbox 2461 2695 4010 2766; baseline -0.005 -12"><span class='ocrx_word' id='word_1_377' title='bbox 2461 2695 2552 2764; x_wconf 71' lang='grc' dir='ltr'><strong>Μὴ</strong></span> <span class='ocrx_word' id='word_1_378' title='bbox 2616 2696 2889 2764; x_wconf 69' lang='grc' dir='ltr'>πρόςρασιν</span> <span class='ocrx_word' id='word_1_379' title='bbox 2912 2696 3007 2747; x_wconf 74' lang='grc' dir='ltr'>τοῦ</span> <span class='ocrx_word' id='word_1_380' title='bbox 3041 2698 3360 2749; x_wconf 80' lang='grc' dir='ltr'>κακοποιεῖν</span> <span class='ocrx_word' id='word_1_381' title='bbox 3391 2699 3517 2759; x_wconf 86' lang='grc' dir='ltr'>τοὺς</span> <span class='ocrx_word' id='word_1_382' title='bbox 3543 2699 3890 2766; x_wconf 76' lang='grc' dir='ltr'>ἀρχομένους</span> <span class='ocrx_word' id='word_1_383' title='bbox 3922 2703 4010 2752; x_wconf 74' lang='grc' dir='ltr'>εὑ-</span> 
     </span>
    </p>
   </div>
   <div class='ocr_carea' id='block_1_58' title="bbox 2411 2784 4012 2859">
    <p class='ocr_par' dir='ltr' id='par_1_58' title="bbox 2411 2784 4012 2859">
     <span class='ocr_line' id='line_1_58' title="bbox 2411 2784 4012 2859; baseline 0.005 -26"><span class='ocrx_word' id='word_1_384' title='bbox 2411 2784 2747 2850; x_wconf 81' lang='grc' dir='ltr'>ρισκὲτωσαν</span> <span class='ocrx_word' id='word_1_385' title='bbox 2771 2784 2861 2835; x_wconf 73' lang='grc' dir='ltr'><strong>τὸν</strong></span> <span class='ocrx_word' id='word_1_386' title='bbox 2894 2785 3057 2852; x_wconf 78' lang='grc' dir='ltr'>ὅρκον</span> <span class='ocrx_word' id='word_1_387' title='bbox 3085 2788 3133 2836; x_wconf 75' lang='grc' dir='ltr'>οἱ</span> <span class='ocrx_word' id='word_1_388' title='bbox 3162 2786 3441 2853; x_wconf 81' lang='grc' dir='ltr'>ἄρχοντες.</span> <span class='ocrx_word' id='word_1_389' title='bbox 3466 2789 3531 2838; x_wconf 82' lang='grc' dir='ltr'>Τί</span> <span class='ocrx_word' id='word_1_390' title='bbox 3556 2790 3683 2857; x_wconf 69' lang='grc' dir='ltr'>γὰρ,</span> <span class='ocrx_word' id='word_1_391' title='bbox 3716 2790 3905 2859; x_wconf 79' lang='grc' dir='ltr'>ὦμοσὲ</span> <span class='ocrx_word' id='word_1_392' title='bbox 3932 2809 4012 2854; x_wconf 88' lang='grc' dir='ltr'>τ;ς</span> 
     </span>
    </p>
   </div>
   <div class='ocr_carea' id='block_1_59' title="bbox 2410 2875 4012 2951">
    <p class='ocr_par' dir='ltr' id='par_1_59' title="bbox 2410 2875 4012 2951">
     <span class='ocr_line' id='line_1_59' title="bbox 2410 2875 4012 2951; baseline 0.007 -27"><span class='ocrx_word' id='word_1_393' title='bbox 2410 2875 2664 2927; x_wconf 81' lang='grc' dir='ltr'>κακῶσαί</span> <span class='ocrx_word' id='word_1_394' title='bbox 2695 2893 2818 2926; x_wconf 85' lang='grc' dir='ltr'>τινα</span> <span class='ocrx_word' id='word_1_395' title='bbox 2842 2877 2950 2928; x_wconf 79' lang='grc' dir='ltr'>τῶν</span> <span class='ocrx_word' id='word_1_396' title='bbox 3010 2877 3115 2927; x_wconf 77' lang='grc' dir='ltr'>ὑπὸ</span> <span class='ocrx_word' id='word_1_397' title='bbox 3152 2880 3332 2945; x_wconf 81' lang='grc' dir='ltr'>χεῖρα,</span> <span class='ocrx_word' id='word_1_398' title='bbox 3363 2882 3458 2931; x_wconf 78' lang='grc' dir='ltr'><strong>καὶ</strong></span> <span class='ocrx_word' id='word_1_399' title='bbox 3509 2884 3871 2951; x_wconf 79' lang='grc' dir='ltr'>προσχήματι</span> <span class='ocrx_word' id='word_1_400' title='bbox 3922 2886 4012 2936; x_wconf 72' lang='grc' dir='ltr'>εὑ-</span> 
     </span>
    </p>
   </div>
   <div class='ocr_carea' id='block_1_60' title="bbox 2409 2965 4008 3043">
    <p class='ocr_par' dir='ltr' id='par_1_60' title="bbox 2409 2965 4008 3043">
     <span class='ocr_line' id='line_1_60' title="bbox 2409 2965 4008 3043; baseline 0.009 -28"><span class='ocrx_word' id='word_1_401' title='bbox 2409 2965 2633 3028; x_wconf 83' lang='grc' dir='ltr'>λα6είας</span> <span class='ocrx_word' id='word_1_402' title='bbox 2664 2968 2765 3036; x_wconf 81' lang='grc' dir='ltr'>τὴν</span> <span class='ocrx_word' id='word_1_403' title='bbox 2798 2968 3068 3037; x_wconf 85' lang='grc' dir='ltr'>πονηρίαν</span> <span class='ocrx_word' id='word_1_404' title='bbox 3130 2971 3296 3022; x_wconf 83' lang='grc' dir='ltr'>αὐτοῦ</span> <span class='ocrx_word' id='word_1_405' title='bbox 3357 2972 3610 3040; x_wconf 73' lang='grc' dir='ltr'>βούλεται</span> <span class='ocrx_word' id='word_1_406' title='bbox 3666 2974 4008 3043; x_wconf 73' lang='grc' dir='ltr'>βεϐαιῶσαις</span> 
     </span>
    </p>
   </div>
   <div class='ocr_carea' id='block_1_61' title="bbox 2410 3059 4012 3140">
    <p class='ocr_par' dir='ltr' id='par_1_61' title="bbox 2410 3059 4012 3140">
     <span class='ocr_line' id='line_1_61' title="bbox 2410 3059 4012 3140; baseline 0.007 -30"><span class='ocrx_word' id='word_1_407' title='bbox 2410 3059 2761 3128; x_wconf 81' lang='grc' dir='ltr'>Θεράπευσον</span> <span class='ocrx_word' id='word_1_408' title='bbox 2787 3061 2917 3127; x_wconf 78' lang='grc' dir='ltr'>γοῦν</span> <span class='ocrx_word' id='word_1_409' title='bbox 2950 3064 3041 3113; x_wconf 73' lang='grc' dir='ltr'><strong>τὸν</strong></span> <span class='ocrx_word' id='word_1_410' title='bbox 3073 3066 3313 3115; x_wconf 82' lang='grc' dir='ltr'>τοιοῦτον</span> <span class='ocrx_word' id='word_1_411' title='bbox 3361 3066 3557 3130; x_wconf 73' lang='grc' dir='ltr'>διττῶς</span> <span class='ocrx_word' id='word_1_412' title='bbox 3585 3087 3597 3097; x_wconf 88' lang='grc'>·</span> <span class='ocrx_word' id='word_1_413' title='bbox 3626 3070 3749 3122; x_wconf 74' lang='grc' dir='ltr'>καθ’</span> <span class='ocrx_word' id='word_1_414' title='bbox 3782 3072 3877 3122; x_wconf 76' lang='grc' dir='ltr'>ἕνα</span> <span class='ocrx_word' id='word_1_415' title='bbox 3915 3073 4012 3140; x_wconf 79' lang='grc' dir='ltr'>μὲν</span> 
     </span>
    </p>
   </div>
   <div class='ocr_carea' id='block_1_62' title="bbox 2410 3153 4011 3232">
    <p class='ocr_par' dir='ltr' id='par_1_62' title="bbox 2410 3153 4011 3232">
     <span class='ocr_line' id='line_1_62' title="bbox 2410 3153 4011 3232; baseline 0.01 -30"><span class='ocrx_word' id='word_1_416' title='bbox 2410 3154 2612 3221; x_wconf 85' lang='grc' dir='ltr'>τρόπον</span> <span class='ocrx_word' id='word_1_417' title='bbox 2636 3153 2847 3215; x_wconf 74' lang='grc' dir='ltr'>δίδαξον</span> <span class='ocrx_word' id='word_1_418' title='bbox 2900 3154 3063 3206; x_wconf 81' lang='grc' dir='ltr'>αὑτὸν</span> <span class='ocrx_word' id='word_1_419' title='bbox 3111 3155 3187 3225; x_wconf 84' lang='grc' dir='ltr'>μὴ</span> <span class='ocrx_word' id='word_1_420' title='bbox 3222 3157 3447 3224; x_wconf 73' lang='grc' dir='ltr'>ὀμνύειν</span> <span class='ocrx_word' id='word_1_421' title='bbox 3503 3164 3811 3232; x_wconf 77' lang='grc' dir='ltr'>προχεῐρως</span> <span class='ocrx_word' id='word_1_422' title='bbox 3841 3182 3854 3194; x_wconf 84' lang='grc'><em>’</em></span> <span class='ocrx_word' id='word_1_423' title='bbox 3889 3166 4011 3217; x_wconf 69' lang='grc' dir='ltr'>καθ’</span> 
     </span>
    </p>
   </div>
   <div class='ocr_carea' id='block_1_63' title="bbox 2411 3243 4011 3327">
    <p class='ocr_par' dir='ltr' id='par_1_63' title="bbox 2411 3243 4011 3327">
     <span class='ocr_line' id='line_1_63' title="bbox 2411 3243 4011 3327; baseline 0.008 -32"><span class='ocrx_word' id='word_1_424' title='bbox 2411 3245 2599 3311; x_wconf 73' lang='grc' dir='ltr'>ἕτερον</span> <span class='ocrx_word' id='word_1_425' title='bbox 2633 3243 2685 3293; x_wconf 82' lang='grc' dir='ltr'>δὲ</span> <span class='ocrx_word' id='word_1_426' title='bbox 2713 3243 2789 3311; x_wconf 83' lang='grc' dir='ltr'>μὴ</span> <span class='ocrx_word' id='word_1_427' title='bbox 2819 3244 3101 3311; x_wconf 79' lang='grc' dir='ltr'>ἐπιμένειν</span> <span class='ocrx_word' id='word_1_428' title='bbox 3133 3248 3191 3296; x_wconf 88' lang='grc' dir='ltr'>ὲν</span> <span class='ocrx_word' id='word_1_429' title='bbox 3248 3252 3367 3310; x_wconf 83' lang='grc' dir='ltr'>ταῖς</span> <span class='ocrx_word' id='word_1_430' title='bbox 3398 3251 3535 3319; x_wconf 70' lang='grc' dir='ltr'>πρὸς</span> <span class='ocrx_word' id='word_1_431' title='bbox 3568 3254 3626 3303; x_wconf 75' lang='grc' dir='ltr'>τὸ</span> <span class='ocrx_word' id='word_1_432' title='bbox 3645 3255 3819 3305; x_wconf 62' lang='grc' dir='ltr'>καλὸν</span> <span class='ocrx_word' id='word_1_433' title='bbox 3853 3259 4011 3327; x_wconf 72' lang='grc' dir='ltr'>εὐορ-</span> 
     </span>
    </p>
   </div>
   <div class='ocr_carea' id='block_1_64' title="bbox 2412 3334 4008 3415">
    <p class='ocr_par' dir='ltr' id='par_1_64' title="bbox 2412 3334 4008 3415">
     <span class='ocr_line' id='line_1_64' title="bbox 2412 3334 4008 3415; baseline 0.009 -31"><span class='ocrx_word' id='word_1_434' title='bbox 2412 3334 2595 3396; x_wconf 75' lang='grc' dir='ltr'>κίαις·</span> <span class='ocrx_word' id='word_1_435' title='bbox 2649 3336 2730 3387; x_wconf 85' lang='grc' dir='ltr'>ὅτι</span> <span class='ocrx_word' id='word_1_436' title='bbox 2787 3335 2923 3403; x_wconf 75' lang='grc' dir='ltr'>μηδὲ</span> <span class='ocrx_word' id='word_1_437' title='bbox 3000 3336 3219 3409; x_wconf 79' lang='grc' dir='ltr'>Ἡρώδῃ</span> <span class='ocrx_word' id='word_1_438' title='bbox 3277 3342 3543 3411; x_wconf 65' lang='grc' dir='ltr'>συνέφερε</span> <span class='ocrx_word' id='word_1_439' title='bbox 3583 3345 3958 3415; x_wconf 66' lang='grc' dir='ltr'>εὐορκήσαντι</span> <span class='ocrx_word' id='word_1_440' title='bbox 3994 3363 4008 3375; x_wconf 89' lang='grc'>·</span> 
     </span>
    </p>
   </div>
   <div class='ocr_carea' id='block_1_65' title="bbox 730 3397 2319 3502">
    <p class='ocr_par' dir='ltr' id='par_1_65' title="bbox 730 3426 2297 3502">
     <span class='ocr_line' id='line_1_65' title="bbox 730 3426 2297 3502; baseline -0.008 -15"><span class='ocrx_word' id='word_1_441' title='bbox 730 3448 899 3497; x_wconf 86' lang='lat' dir='ltr'><strong>raret,</strong></span> <span class='ocrx_word' id='word_1_442' title='bbox 934 3436 1246 3502; x_wconf 86' lang='lat' dir='ltr'><strong>prophetam</strong></span> <span class='ocrx_word' id='word_1_443' title='bbox 1273 3430 1491 3484; x_wconf 85' lang='lat' dir='ltr'><strong>occidit.</strong></span> <span class='ocrx_word' id='word_1_444' title='bbox 1530 3428 1822 3482; x_wconf 83' lang='lat' dir='ltr'><strong>llliusmodi</strong></span> <span class='ocrx_word' id='word_1_445' title='bbox 1850 3427 1994 3479; x_wconf 88' lang='lat' dir='ltr'><strong>enim</strong></span> <span class='ocrx_word' id='word_1_446' title='bbox 2026 3426 2297 3493; x_wconf 74' lang='lat' dir='ltr'><strong>jusjuran~</strong></span> 
     </span>
    </p>
   </div>
   <div class='ocr_carea' id='block_1_66' title="bbox 2412 3397 4011 3502">
    <p class='ocr_par' dir='ltr' id='par_1_66' title="bbox 2414 3397 4011 3501">
     <span class='ocr_line' id='line_1_66' title="bbox 2414 3397 4011 3501; baseline 0.009 -27"><span class='ocrx_word' id='word_1_447' title='bbox 2414 3425 2502 3475; x_wconf 84' lang='grc' dir='ltr'>διὰ</span> <span class='ocrx_word' id='word_1_448' title='bbox 2536 3425 2641 3493; x_wconf 76' lang='grc' dir='ltr'><strong>γὰρ</strong></span> <span class='ocrx_word' id='word_1_449' title='bbox 2670 3424 2732 3476; x_wconf 84' lang='grc' dir='ltr'>τὸ</span> <span class='ocrx_word' id='word_1_450' title='bbox 2765 3397 2863 3493; x_wconf 20' lang='lat' dir='ltr'><strong>pili</strong></span> <span class='ocrx_word' id='word_1_451' title='bbox 2900 3397 3258 3495; x_wconf 62' lang='grc' dir='ltr'>ἐπιορκῆσαι,</span> <span class='ocrx_word' id='word_1_452' title='bbox 3329 3397 3529 3497; x_wconf 43' lang='lat' dir='ltr'><strong>genusid;</strong></span> <span class='ocrx_word' id='word_1_453' title='bbox 3605 3397 3829 3501; x_wconf 68' lang='grc' dir='ltr'>ἐγένετο</span> 
     </span>
    </p>
   </div>
   <div class='ocr_carea' id='block_1_67' title="bbox 721 3516 2305 3592">
    <p class='ocr_par' dir='ltr' id='par_1_67' title="bbox 721 3516 2305 3592">
     <span class='ocr_line' id='line_1_67' title="bbox 721 3516 2305 3592; baseline -0.009 -11"><span class='ocrx_word' id='word_1_454' title='bbox 721 3531 847 3582; x_wconf 87' lang='lat' dir='ltr'><strong>dum</strong></span> <span class='ocrx_word' id='word_1_455' title='bbox 886 3531 1042 3580; x_wconf 85' lang='lat' dir='ltr'><strong>debet</strong></span> <span class='ocrx_word' id='word_1_456' title='bbox 1072 3524 1341 3592; x_wconf 82' lang='lat' dir='ltr'><strong>quispiam</strong></span> <span class='ocrx_word' id='word_1_457' title='bbox 1395 3520 1714 3574; x_wconf 83' lang='lat' dir='ltr'><strong>inviolatum</strong></span> <span class='ocrx_word' id='word_1_458' title='bbox 1758 3533 2001 3581; x_wconf 80' lang='lat' dir='ltr'><strong>servare,</strong></span> <span class='ocrx_word' id='word_1_459' title='bbox 2053 3516 2195 3585; x_wconf 71' lang='lat' dir='ltr'><strong>quiut</strong></span> <span class='ocrx_word' id='word_1_460' title='bbox 2237 3516 2305 3567; x_wconf 87' lang='lat' dir='ltr'><strong>ad</strong></span> 
     </span>
    </p>
   </div>
   <div class='ocr_carea' id='block_1_68' title="bbox 717 3609 2305 3685">
    <p class='ocr_par' dir='ltr' id='par_1_68' title="bbox 717 3609 2305 3685">
     <span class='ocr_line' id='line_1_68' title="bbox 717 3609 2305 3685; baseline -0.006 -16"><span class='ocrx_word' id='word_1_461' title='bbox 717 3619 946 3685; x_wconf 71' lang='lat' dir='ltr'><strong>justitizn</strong></span> <span class='ocrx_word' id='word_1_462' title='bbox 984 3615 1183 3669; x_wconf 62' lang='lat' dir='ltr'><strong>divina:</strong></span> <span class='ocrx_word' id='word_1_463' title='bbox 1225 3612 1433 3680; x_wconf 88' lang='lat' dir='ltr'><strong>judicio</strong></span> <span class='ocrx_word' id='word_1_464' title='bbox 1494 3611 1829 3665; x_wconf 85' lang='lat' dir='ltr'><strong>observanda</strong></span> <span class='ocrx_word' id='word_1_465' title='bbox 1870 3610 2103 3678; x_wconf 79' lang='lat' dir='ltr'><strong>juravit.</strong></span> <span class='ocrx_word' id='word_1_466' title='bbox 2161 3609 2305 3661; x_wconf 83' lang='lat' dir='ltr'><strong>Istud</strong></span> 
     </span>
    </p>
   </div>
   <div class='ocr_carea' id='block_1_69' title="bbox 725 3698 2305 3774">
    <p class='ocr_par' dir='ltr' id='par_1_69' title="bbox 725 3698 2305 3774">
     <span class='ocr_line' id='line_1_69' title="bbox 725 3698 2305 3774; baseline -0.008 -15"><span class='ocrx_word' id='word_1_467' title='bbox 725 3718 931 3769; x_wconf 86' lang='lat' dir='ltr'><strong>autem,</strong></span> <span class='ocrx_word' id='word_1_468' title='bbox 955 3704 1095 3774; x_wconf 89' lang='lat' dir='ltr'><strong>quod</strong></span> <span class='ocrx_word' id='word_1_469' title='bbox 1129 3704 1181 3755; x_wconf 93' lang='lat' dir='ltr'><strong>in</strong></span> <span class='ocrx_word' id='word_1_470' title='bbox 1216 3710 1493 3770; x_wconf 90' lang='lat' dir='ltr'><strong>peccatum</strong></span> <span class='ocrx_word' id='word_1_471' title='bbox 1523 3700 1693 3752; x_wconf 90' lang='lat' dir='ltr'><strong>fertur</strong></span> <span class='ocrx_word' id='word_1_472' title='bbox 1718 3711 1769 3751; x_wconf 90' lang='lat' dir='ltr'><strong>et</strong></span> <span class='ocrx_word' id='word_1_473' title='bbox 1806 3698 2031 3763; x_wconf 84' lang='lat' dir='ltr'><strong>alicujus</strong></span> <span class='ocrx_word' id='word_1_474' title='bbox 2050 3700 2305 3749; x_wconf 88' lang='lat' dir='ltr'><strong>damnum</strong></span> 
     </span>
    </p>
   </div>
   <div class='ocr_carea' id='block_1_70' title="bbox 710 3790 1935 3858">
    <p class='ocr_par' dir='ltr' id='par_1_70' title="bbox 710 3790 1935 3858">
     <span class='ocr_line' id='line_1_70' title="bbox 710 3790 1935 3858; baseline -0.009 -6"><span class='ocrx_word' id='word_1_475' title='bbox 710 3799 868 3853; x_wconf 61' lang='lat' dir='ltr'><strong>omni</strong></span> <span class='ocrx_word' id='word_1_476' title='bbox 905 3797 1061 3850; x_wconf 90' lang='lat' dir='ltr'><strong>modo</strong></span> <span class='ocrx_word' id='word_1_477' title='bbox 1093 3794 1372 3849; x_wconf 75' lang='lat' dir='ltr'><strong>infirmare</strong></span> <span class='ocrx_word' id='word_1_478' title='bbox 1404 3801 1459 3844; x_wconf 88' lang='lat' dir='ltr'><strong>et</strong></span> <span class='ocrx_word' id='word_1_479' title='bbox 1487 3790 1668 3845; x_wconf 85' lang='lat' dir='ltr'><strong>delere</strong></span> <span class='ocrx_word' id='word_1_480' title='bbox 1699 3797 1935 3858; x_wconf 85' lang='lat' dir='ltr'><strong>oportet.</strong></span> 
     </span>
    </p>
   </div>
   <div class='ocr_carea' id='block_1_71' title="bbox 1314 3967 1744 4026">
    <p class='ocr_par' dir='ltr' id='par_1_71' title="bbox 1314 3967 1744 4026">
     <span class='ocr_line' id='line_1_71' title="bbox 1314 3967 1744 4026; baseline -0.009 0"><span class='ocrx_word' id='word_1_481' title='bbox 1314 3968 1540 4026; x_wconf 79' lang='lat' dir='ltr'><strong>CANON</strong></span> <span class='ocrx_word' id='word_1_482' title='bbox 1574 3967 1744 4023; x_wconf 70' lang='lat' dir='ltr'><strong>XXX.</strong></span> 
     </span>
    </p>
   </div>
   <div class='ocr_carea' id='block_1_72' title="bbox 729 4066 2307 4141">
    <p class='ocr_par' dir='ltr' id='par_1_72' title="bbox 729 4066 2307 4141">
     <span class='ocr_line' id='line_1_72' title="bbox 729 4066 2307 4141; baseline -0.006 -14"><span class='ocrx_word' id='word_1_483' title='bbox 729 4074 803 4129; x_wconf 89' lang='lat' dir='ltr'><strong>De</strong></span> <span class='ocrx_word' id='word_1_484' title='bbox 832 4073 917 4128; x_wconf 86' lang='lat' dir='ltr'><strong>bis</strong></span> <span class='ocrx_word' id='word_1_485' title='bbox 943 4070 1037 4141; x_wconf 92' lang='lat' dir='ltr'><strong>qui</strong></span> <span class='ocrx_word' id='word_1_486' title='bbox 1071 4069 1312 4138; x_wconf 89' lang='lat' dir='ltr'><strong>rapiunt,</strong></span> <span class='ocrx_word' id='word_1_487' title='bbox 1345 4081 1612 4121; x_wconf 85' lang='lat' dir='ltr'><strong>canonem</strong></span> <span class='ocrx_word' id='word_1_488' title='bbox 1644 4067 1858 4133; x_wconf 89' lang='lat' dir='ltr'><strong>quidem</strong></span> <span class='ocrx_word' id='word_1_489' title='bbox 1891 4066 2169 4133; x_wconf 87' lang='lat' dir='ltr'><strong>antiquum</strong></span> <span class='ocrx_word' id='word_1_490' title='bbox 2200 4080 2307 4119; x_wconf 90' lang='lat' dir='ltr'><strong>non</strong></span> 
     </span>
    </p>
   </div>
   <div class='ocr_carea' id='block_1_73' title="bbox 799 4158 2306 4228">
    <p class='ocr_par' dir='ltr' id='par_1_73' title="bbox 799 4158 2306 4228">
     <span class='ocr_line' id='line_1_73' title="bbox 799 4158 2306 4228; baseline -0.007 -9"><span class='ocrx_word' id='word_1_491' title='bbox 799 4167 1082 4227; x_wconf 88' lang='lat' dir='ltr'><strong>habemus,</strong></span> <span class='ocrx_word' id='word_1_492' title='bbox 1126 4164 1219 4214; x_wconf 88' lang='lat' dir='ltr'><strong>sed</strong></span> <span class='ocrx_word' id='word_1_493' title='bbox 1274 4159 1549 4228; x_wconf 85' lang='lat' dir='ltr'><strong>propriam</strong></span> <span class='ocrx_word' id='word_1_494' title='bbox 1587 4159 1914 4212; x_wconf 85' lang='lat' dir='ltr'><strong>sententiam</strong></span> <span class='ocrx_word' id='word_1_495' title='bbox 1958 4158 2306 4226; x_wconf 85' lang='lat' dir='ltr'><strong>protulimus,</strong></span> 
     </span>
    </p>
   </div>
   <div class='ocr_carea' id='block_1_74' title="bbox 794 4249 2310 4327">
    <p class='ocr_par' dir='ltr' id='par_1_74' title="bbox 794 4249 2310 4327">
     <span class='ocr_line' id='line_1_74' title="bbox 794 4249 2310 4327; baseline -0.007 -15"><span class='ocrx_word' id='word_1_496' title='bbox 794 4271 852 4312; x_wconf 86' lang='lat' dir='ltr'><strong>ut</strong></span> <span class='ocrx_word' id='word_1_497' title='bbox 892 4257 992 4327; x_wconf 78' lang='lat' dir='ltr'><strong>ipsi</strong></span> <span class='ocrx_word' id='word_1_498' title='bbox 1026 4266 1080 4308; x_wconf 86' lang='lat' dir='ltr'><strong>et</strong></span> <span class='ocrx_word' id='word_1_499' title='bbox 1126 4254 1218 4321; x_wconf 88' lang='lat' dir='ltr'><strong>qui</strong></span> <span class='ocrx_word' id='word_1_500' title='bbox 1248 4266 1369 4305; x_wconf 90' lang='lat' dir='ltr'><strong>cum</strong></span> <span class='ocrx_word' id='word_1_501' title='bbox 1402 4250 1481 4303; x_wconf 90' lang='lat' dir='ltr'><strong>eis</strong></span> <span class='ocrx_word' id='word_1_502' title='bbox 1510 4251 1757 4318; x_wconf 75' lang='lat' dir='ltr'><strong>rapiunt,</strong></span> <span class='ocrx_word' id='word_1_503' title='bbox 1792 4249 1967 4301; x_wconf 86' lang='lat' dir='ltr'><strong>tribus</strong></span> <span class='ocrx_word' id='word_1_504' title='bbox 1999 4250 2158 4302; x_wconf 87' lang='lat' dir='ltr'><strong>anuis</strong></span> <span class='ocrx_word' id='word_1_505' title='bbox 2199 4250 2310 4302; x_wconf 87' lang='lat' dir='ltr'><strong>sint</strong></span> 
     </span>
    </p>
   </div>
   <div class='ocr_carea' id='block_1_75' title="bbox 796 4338 2308 4405">
    <p class='ocr_par' dir='ltr' id='par_1_75' title="bbox 796 4338 2308 4405">
     <span class='ocr_line' id='line_1_75' title="bbox 796 4338 2308 4405; baseline -0.009 -2"><span class='ocrx_word' id='word_1_506' title='bbox 796 4362 949 4403; x_wconf 88' lang='lat' dir='ltr'><strong>extra</strong></span> <span class='ocrx_word' id='word_1_507' title='bbox 998 4344 1296 4398; x_wconf 79' lang='lat' dir='ltr'><strong>orationes.</strong></span> <span class='ocrx_word' id='word_1_508' title='bbox 1329 4339 1483 4405; x_wconf 85' lang='lat' dir='ltr'><strong>Quod</strong></span> <span class='ocrx_word' id='word_1_509' title='bbox 1529 4350 1708 4392; x_wconf 89' lang='lat' dir='ltr'><strong>autem</strong></span> <span class='ocrx_word' id='word_1_510' title='bbox 1748 4338 2016 4391; x_wconf 88' lang='lat' dir='ltr'><strong>violenter</strong></span> <span class='ocrx_word' id='word_1_511' title='bbox 2067 4354 2172 4391; x_wconf 92' lang='lat' dir='ltr'><strong>non</strong></span> <span class='ocrx_word' id='word_1_512' title='bbox 2216 4339 2308 4402; x_wconf 87' lang='lat' dir='ltr'><strong>sit,</strong></span> 
     </span>
    </p>
   </div>
   <div class='ocr_carea' id='block_1_76' title="bbox 801 4430 2306 4501">
    <p class='ocr_par' dir='ltr' id='par_1_76' title="bbox 801 4430 2306 4501">
     <span class='ocr_line' id='line_1_76' title="bbox 801 4430 2306 4501; baseline -0.009 -8"><span class='ocrx_word' id='word_1_513' title='bbox 801 4440 927 4494; x_wconf 89' lang='lat' dir='ltr'><strong>nulli</strong></span> <span class='ocrx_word' id='word_1_514' title='bbox 961 4446 1043 4489; x_wconf 91' lang='lat' dir='ltr'><strong>est</strong></span> <span class='ocrx_word' id='word_1_515' title='bbox 1084 4448 1259 4501; x_wconf 65' lang='lat' dir='ltr'><strong>prauae</strong></span> <span class='ocrx_word' id='word_1_516' title='bbox 1290 4430 1608 4494; x_wconf 81' lang='lat' dir='ltr'><strong>obnoxium,</strong></span> <span class='ocrx_word' id='word_1_517' title='bbox 1644 4432 1861 4496; x_wconf 87' lang='lat' dir='ltr'><strong>quando</strong></span> <span class='ocrx_word' id='word_1_518' title='bbox 1903 4444 2005 4483; x_wconf 89' lang='lat' dir='ltr'><strong>nec</strong></span> <span class='ocrx_word' id='word_1_519' title='bbox 2060 4438 2306 4498; x_wconf 87' lang='lat' dir='ltr'><strong>stuprum</strong></span> 
     </span>
    </p>
   </div>
   <div class='ocr_carea' id='block_1_77' title="bbox 801 4521 2307 4589">
    <p class='ocr_par' dir='ltr' id='par_1_77' title="bbox 801 4521 2307 4589">
     <span class='ocr_line' id='line_1_77' title="bbox 801 4521 2307 4589; baseline -0.008 -5"><span class='ocrx_word' id='word_1_520' title='bbox 801 4547 898 4585; x_wconf 90' lang='lat' dir='ltr'><strong>nec</strong></span> <span class='ocrx_word' id='word_1_521' title='bbox 937 4530 1137 4580; x_wconf 86' lang='lat' dir='ltr'><strong>furtum</strong></span> <span class='ocrx_word' id='word_1_522' title='bbox 1188 4538 1299 4577; x_wconf 88' lang='lat' dir='ltr'><strong>rem</strong></span> <span class='ocrx_word' id='word_1_523' title='bbox 1353 4521 1737 4589; x_wconf 66' lang='lat' dir='ltr'><strong>praecesserit:</strong></span> <span class='ocrx_word' id='word_1_524' title='bbox 1775 4530 1860 4572; x_wconf 86' lang='lat' dir='ltr'><strong>est</strong></span> <span class='ocrx_word' id='word_1_525' title='bbox 1913 4531 2092 4573; x_wconf 86' lang='lat' dir='ltr'><strong>autem</strong></span> <span class='ocrx_word' id='word_1_526' title='bbox 2147 4521 2307 4573; x_wconf 88' lang='lat' dir='ltr'><strong>vidua</strong></span> 
     </span>
    </p>
   </div>
   <div class='ocr_carea' id='block_1_78' title="bbox 798 4612 2311 4687">
    <p class='ocr_par' dir='ltr' id='par_1_78' title="bbox 798 4612 2311 4687">
     <span class='ocr_line' id='line_1_78' title="bbox 798 4612 2311 4687; baseline -0.007 -11"><span class='ocrx_word' id='word_1_527' title='bbox 798 4624 879 4676; x_wconf 88' lang='lat' dir='ltr'><strong>sui</strong></span> <span class='ocrx_word' id='word_1_528' title='bbox 926 4620 1083 4687; x_wconf 81' lang='lat' dir='ltr'><strong>juris,</strong></span> <span class='ocrx_word' id='word_1_529' title='bbox 1126 4626 1174 4669; x_wconf 88' lang='lat' dir='ltr'><strong>et</strong></span> <span class='ocrx_word' id='word_1_530' title='bbox 1232 4616 1285 4666; x_wconf 91' lang='lat' dir='ltr'><strong>in</strong></span> <span class='ocrx_word' id='word_1_531' title='bbox 1343 4614 1460 4676; x_wconf 88' lang='lat' dir='ltr'><strong>ejus</strong></span> <span class='ocrx_word' id='word_1_532' title='bbox 1508 4618 1591 4663; x_wconf 82' lang='lat' dir='ltr'><strong>est</strong></span> <span class='ocrx_word' id='word_1_533' title='bbox 1624 4622 1892 4687; x_wconf 83' lang='lat' dir='ltr'><strong>potestate</strong></span> <span class='ocrx_word' id='word_1_534' title='bbox 1922 4615 2095 4678; x_wconf 88' lang='lat' dir='ltr'><strong>sequi.</strong></span> <span class='ocrx_word' id='word_1_535' title='bbox 2130 4612 2311 4677; x_wconf 83' lang='lat' dir='ltr'><strong>Quare</strong></span> 
     </span>
    </p>
   </div>
   <div class='ocr_carea' id='block_1_79' title="bbox 800 4686 2385 4785">
    <p class='ocr_par' dir='ltr' id='par_1_79' title="bbox 800 4686 2385 4785">
     <span class='ocr_line' id='line_1_79' title="bbox 800 4686 2385 4785; baseline -0.008 -18"><span class='ocrx_word' id='word_1_536' title='bbox 800 4729 907 4768; x_wconf 90' lang='lat' dir='ltr'><strong>non</strong></span> <span class='ocrx_word' id='word_1_537' title='bbox 940 4722 1021 4763; x_wconf 87' lang='lat' dir='ltr'><strong>est</strong></span> <span class='ocrx_word' id='word_1_538' title='bbox 1064 4708 1219 4760; x_wconf 88' lang='lat' dir='ltr'><strong>nobis</strong></span> <span class='ocrx_word' id='word_1_539' title='bbox 1246 4703 1539 4772; x_wconf 76' lang='lat' dir='ltr'><strong>figurarum</strong></span> <span class='ocrx_word' id='word_1_540' title='bbox 1565 4686 2016 4770; x_wconf 52' lang='lat' dir='ltr'><strong>ac&#39;praetextuum</strong></span> <span class='ocrx_word' id='word_1_541' title='bbox 2045 4704 2150 4756; x_wconf 90' lang='lat' dir='ltr'><strong>ulla</strong></span> <span class='ocrx_word' id='word_1_542' title='bbox 2178 4718 2305 4756; x_wconf 88' lang='lat' dir='ltr'><strong>cura</strong></span> <span class='ocrx_word' id='word_1_543' title='bbox 2342 4732 2385 4785; x_wconf 74' lang='grc' dir='ltr'>ο</span> 
     </span>
    </p>
   </div>
   <div class='ocr_carea' id='block_1_80' title="bbox 832 4802 1054 4857">
    <p class='ocr_par' dir='ltr' id='par_1_80' title="bbox 832 4802 1054 4857">
     <span class='ocr_line' id='line_1_80' title="bbox 832 4802 1054 4857; baseline -0.023 0"><span class='ocrx_word' id='word_1_544' title='bbox 832 4802 1054 4857; x_wconf 82' lang='lat' dir='ltr'><strong>erenda.</strong></span> 
     </span>
    </p>
   </div>
   <div class='ocr_carea' id='block_1_81' title="bbox 795 4824 2303 4956">
    <p class='ocr_par' dir='ltr' id='par_1_81' title="bbox 795 4824 2303 4956">
     <span class='ocr_line' id='line_1_81' title="bbox 832 4824 1054 4857; baseline -0.023 0"><span class='ocrx_word' id='word_1_545' title='bbox 832 4824 1054 4857; x_wconf 79' lang='lat' dir='ltr'><strong>erenuu.</strong></span> 
     </span>
     <span class='ocr_line' id='line_1_82' title="bbox 795 4824 2303 4956; baseline -0.009 -5"><span class='ocrx_word' id='word_1_546' title='bbox 795 4824 987 4951; x_wconf 56' lang='grc' dir='ltr'><strong>ξΑιιε.</strong></span> <span class='ocrx_word' id='word_1_547' title='bbox 1044 4891 1099 4944; x_wconf 86' lang='lat' dir='ltr'><strong>In</strong></span> <span class='ocrx_word' id='word_1_548' title='bbox 1138 4905 1259 4943; x_wconf 82' lang='lat' dir='ltr'><strong>can.</strong></span> <span class='ocrx_word' id='word_1_549' title='bbox 1324 4887 1394 4942; x_wconf 86' lang='lat'><strong>67</strong></span> <span class='ocrx_word' id='word_1_550' title='bbox 1462 4888 1779 4956; x_wconf 83' lang='lat' dir='ltr'><strong>apostolico,</strong></span> <span class='ocrx_word' id='word_1_551' title='bbox 1828 4888 1878 4939; x_wconf 91' lang='lat' dir='ltr'><strong>in</strong></span> <span class='ocrx_word' id='word_1_552' title='bbox 1914 4885 2175 4939; x_wconf 80' lang='lat' dir='ltr'><strong>Chalced.</strong></span> <span class='ocrx_word' id='word_1_553' title='bbox 2210 4886 2303 4950; x_wconf 71' lang='lat'><strong>27,</strong></span> 
     </span>
    </p>
   </div>
   <div class='ocr_carea' id='block_1_82' title="bbox 726 4979 2302 5059">
    <p class='ocr_par' dir='ltr' id='par_1_82' title="bbox 726 4979 2302 5059">
     <span class='ocr_line' id='line_1_83' title="bbox 726 4979 2302 5059; baseline -0.009 -15"><span class='ocrx_word' id='word_1_554' title='bbox 726 4994 776 5044; x_wconf 92' lang='lat' dir='ltr'><strong>in</strong></span> <span class='ocrx_word' id='word_1_555' title='bbox 810 4987 1001 5059; x_wconf 86' lang='lat' dir='ltr'><strong>synodi</strong></span> <span class='ocrx_word' id='word_1_556' title='bbox 1045 4988 1094 5039; x_wconf 90' lang='lat' dir='ltr'><strong>in</strong></span> <span class='ocrx_word' id='word_1_557' title='bbox 1127 4982 1313 5037; x_wconf 83' lang='lat' dir='ltr'><strong>Trullo</strong></span> <span class='ocrx_word' id='word_1_558' title='bbox 1346 4981 1435 5044; x_wconf 70' lang='lat'><strong>92,</strong></span> <span class='ocrx_word' id='word_1_559' title='bbox 1478 4991 1532 5034; x_wconf 92' lang='lat' dir='ltr'><strong>et</strong></span> <span class='ocrx_word' id='word_1_560' title='bbox 1571 4982 1620 5033; x_wconf 91' lang='lat' dir='ltr'><strong>in</strong></span> <span class='ocrx_word' id='word_1_561' title='bbox 1654 4983 1940 5047; x_wconf 66' lang='lat' dir='ltr'><strong>prtcseutis</strong></span> <span class='ocrx_word' id='word_1_562' title='bbox 1994 4980 2173 5032; x_wconf 83' lang='lat' dir='ltr'><strong>sancti</strong></span> <span class='ocrx_word' id='word_1_563' title='bbox 2209 4979 2302 5041; x_wconf 73' lang='lat'><strong>2:2,</strong></span> 
     </span>
    </p>
   </div>
   <div class='ocr_carea' id='block_1_83' title="bbox 725 5071 2309 5143">
    <p class='ocr_par' dir='ltr' id='par_1_83' title="bbox 725 5071 2309 5143">
     <span class='ocr_line' id='line_1_84' title="bbox 725 5071 2309 5143; baseline -0.005 -10"><span class='ocrx_word' id='word_1_564' title='bbox 725 5083 893 5134; x_wconf 87' lang='lat' dir='ltr'><strong>multa</strong></span> <span class='ocrx_word' id='word_1_565' title='bbox 932 5076 1252 5143; x_wconf 82' lang='lat' dir='ltr'><strong>scripsimus</strong></span> <span class='ocrx_word' id='word_1_566' title='bbox 1289 5077 1353 5127; x_wconf 87' lang='lat' dir='ltr'><strong>de</strong></span> <span class='ocrx_word' id='word_1_567' title='bbox 1389 5075 1453 5125; x_wconf 91' lang='lat' dir='ltr'><strong>iis</strong></span> <span class='ocrx_word' id='word_1_568' title='bbox 1485 5073 1573 5141; x_wconf 88' lang='lat' dir='ltr'><strong>qui</strong></span> <span class='ocrx_word' id='word_1_569' title='bbox 1608 5072 1822 5139; x_wconf 77' lang='lat' dir='ltr'><strong>rapiunt</strong></span> <span class='ocrx_word' id='word_1_570' title='bbox 1855 5073 2133 5132; x_wconf 85' lang='lat' dir='ltr'><strong>mulieres,</strong></span> <span class='ocrx_word' id='word_1_571' title='bbox 2162 5071 2309 5125; x_wconf 79' lang='lat' dir='ltr'><strong>etde</strong></span> 
     </span>
    </p>
   </div>
   <div class='ocr_carea' id='block_1_84' title="bbox 726 5163 2303 5238">
    <p class='ocr_par' dir='ltr' id='par_1_84' title="bbox 726 5163 2303 5238">
     <span class='ocr_line' id='line_1_85' title="bbox 726 5163 2303 5238; baseline -0.006 -13"><span class='ocrx_word' id='word_1_572' title='bbox 726 5176 792 5226; x_wconf 79' lang='lat' dir='ltr'><strong>iis</strong></span> <span class='ocrx_word' id='word_1_573' title='bbox 843 5171 933 5238; x_wconf 87' lang='lat' dir='ltr'><strong>qui</strong></span> <span class='ocrx_word' id='word_1_574' title='bbox 988 5167 1091 5219; x_wconf 88' lang='lat' dir='ltr'><strong>illis</strong></span> <span class='ocrx_word' id='word_1_575' title='bbox 1150 5165 1519 5217; x_wconf 87' lang='lat' dir='ltr'><strong>consentiunt.</strong></span> <span class='ocrx_word' id='word_1_576' title='bbox 1582 5164 1650 5216; x_wconf 79' lang='lat' dir='ltr'><strong>Et</strong></span> <span class='ocrx_word' id='word_1_577' title='bbox 1707 5166 1823 5231; x_wconf 82' lang='lat' dir='ltr'><strong>lege</strong></span> <span class='ocrx_word' id='word_1_578' title='bbox 1854 5178 1939 5227; x_wconf 87' lang='lat' dir='ltr'><strong>ea,</strong></span> <span class='ocrx_word' id='word_1_579' title='bbox 1969 5174 2020 5216; x_wconf 86' lang='lat' dir='ltr'><strong>ct</strong></span> <span class='ocrx_word' id='word_1_580' title='bbox 2060 5179 2182 5232; x_wconf 85' lang='lat' dir='ltr'><strong>cap.</strong></span> <span class='ocrx_word' id='word_1_581' title='bbox 2211 5163 2303 5227; x_wconf 71' lang='lat'><strong>&#39;50,</strong></span> 
     </span>
    </p>
   </div>
   <div class='ocr_carea' id='block_1_85' title="bbox 727 5259 2299 5330">
    <p class='ocr_par' dir='ltr' id='par_1_85' title="bbox 727 5259 2299 5330">
     <span class='ocr_line' id='line_1_86' title="bbox 727 5259 2299 5330; baseline -0.005 -14"><span class='ocrx_word' id='word_1_582' title='bbox 727 5266 861 5316; x_wconf 79' lang='lat' dir='ltr'><strong>ltlttll</strong></span> <span class='ocrx_word' id='word_1_583' title='bbox 915 5263 945 5315; x_wconf 87' lang='lat'><strong>9</strong></span> <span class='ocrx_word' id='word_1_584' title='bbox 982 5261 1267 5330; x_wconf 72' lang='lat' dir='ltr'><strong>prmsentis</strong></span> <span class='ocrx_word' id='word_1_585' title='bbox 1315 5259 1493 5325; x_wconf 82' lang='lat' dir='ltr'><strong>operis</strong></span> <span class='ocrx_word' id='word_1_586' title='bbox 1549 5274 1561 5308; x_wconf 92' lang='lat'>:</span> <span class='ocrx_word' id='word_1_587' title='bbox 1618 5272 1853 5325; x_wconf 64' lang='lat' dir='ltr'><strong>pTEESr‘nS</strong></span> <span class='ocrx_word' id='word_1_588' title='bbox 1910 5269 2087 5310; x_wconf 88' lang='lat' dir='ltr'><strong>autem</strong></span> <span class='ocrx_word' id='word_1_589' title='bbox 2126 5272 2299 5311; x_wconf 79' lang='lat' dir='ltr'><strong>canon</strong></span> 
     </span>
    </p>
   </div>
   <div class='ocr_carea' id='block_1_86' title="bbox 730 5347 2301 5416">
    <p class='ocr_par' dir='ltr' id='par_1_86' title="bbox 730 5347 2301 5416">
     <span class='ocr_line' id='line_1_87' title="bbox 730 5347 2301 5416; baseline -0.004 -9"><span class='ocrx_word' id='word_1_590' title='bbox 730 5355 975 5408; x_wconf 81' lang='lat' dir='ltr'><strong>decernit</strong></span> <span class='ocrx_word' id='word_1_591' title='bbox 1037 5359 1280 5416; x_wconf 77' lang='lat' dir='ltr'><strong>raptores</strong></span> <span class='ocrx_word' id='word_1_592' title='bbox 1332 5359 1383 5400; x_wconf 90' lang='lat' dir='ltr'><strong>et</strong></span> <span class='ocrx_word' id='word_1_593' title='bbox 1449 5348 1539 5414; x_wconf 90' lang='lat' dir='ltr'><strong>qui</strong></span> <span class='ocrx_word' id='word_1_594' title='bbox 1605 5347 1710 5401; x_wconf 83' lang='lat' dir='ltr'><strong>illis</strong></span> <span class='ocrx_word' id='word_1_595' title='bbox 1758 5348 2122 5410; x_wconf 84' lang='lat' dir='ltr'><strong>consentiunt,</strong></span> <span class='ocrx_word' id='word_1_596' title='bbox 2179 5361 2301 5400; x_wconf 82' lang='lat' dir='ltr'><strong>esse</strong></span> 
     </span>
    </p>
   </div>
   <div class='ocr_carea' id='block_1_87' title="bbox 724 5438 2297 5507">
    <p class='ocr_par' dir='ltr' id='par_1_87' title="bbox 724 5438 2297 5507">
     <span class='ocr_line' id='line_1_88' title="bbox 724 5438 2297 5507; baseline -0.005 -7"><span class='ocrx_word' id='word_1_597' title='bbox 724 5444 960 5500; x_wconf 78' lang='lat' dir='ltr'><strong>triennio</strong></span> <span class='ocrx_word' id='word_1_598' title='bbox 998 5452 1151 5496; x_wconf 81' lang='lat' dir='ltr'><strong>extra</strong></span> <span class='ocrx_word' id='word_1_599' title='bbox 1182 5440 1478 5502; x_wconf 81' lang='lat' dir='ltr'><strong>orationes,</strong></span> <span class='ocrx_word' id='word_1_600' title='bbox 1528 5447 1676 5491; x_wconf 87' lang='lat' dir='ltr'><strong>stare</strong></span> <span class='ocrx_word' id='word_1_601' title='bbox 1720 5438 1924 5491; x_wconf 73' lang='lat' dir='ltr'><strong>Scilicet</strong></span> <span class='ocrx_word' id='word_1_602' title='bbox 1952 5454 2072 5491; x_wconf 85' lang='lat' dir='ltr'><strong>cum</strong></span> <span class='ocrx_word' id='word_1_603' title='bbox 2110 5438 2177 5491; x_wconf 89' lang='lat' dir='ltr'><strong>iis</strong></span> <span class='ocrx_word' id='word_1_604' title='bbox 2207 5440 2297 5507; x_wconf 87' lang='lat' dir='ltr'><strong>qui</strong></span> 
     </span>
    </p>
   </div>
   <div class='ocr_carea' id='block_1_88' title="bbox 726 5528 2301 5598">
    <p class='ocr_par' dir='ltr' id='par_1_88' title="bbox 726 5528 2301 5598">
     <span class='ocr_line' id='line_1_89' title="bbox 726 5528 2301 5598; baseline -0.004 -11"><span class='ocrx_word' id='word_1_605' title='bbox 726 5537 953 5587; x_wconf 87' lang='lat' dir='ltr'><strong>audiunt</strong></span> <span class='ocrx_word' id='word_1_606' title='bbox 1005 5542 1275 5598; x_wconf 86' lang='lat' dir='ltr'><strong>oportere.</strong></span> <span class='ocrx_word' id='word_1_607' title='bbox 1339 5528 1431 5579; x_wconf 79' lang='lat' dir='ltr'><strong>Sin</strong></span> <span class='ocrx_word' id='word_1_608' title='bbox 1491 5539 1694 5591; x_wconf 87' lang='lat' dir='ltr'><strong>autem,</strong></span> <span class='ocrx_word' id='word_1_609' title='bbox 1750 5528 1945 5595; x_wconf 90' lang='lat' dir='ltr'><strong>inquit,</strong></span> <span class='ocrx_word' id='word_1_610' title='bbox 1990 5529 2185 5583; x_wconf 90' lang='lat' dir='ltr'><strong>mulier</strong></span> <span class='ocrx_word' id='word_1_611' title='bbox 2213 5544 2301 5581; x_wconf 78' lang='lat' dir='ltr'><strong>se-</strong></span> 
     </span>
    </p>
   </div>
   <div class='ocr_carea' id='block_1_89' title="bbox 728 5616 2299 5695">
    <p class='ocr_par' dir='ltr' id='par_1_89' title="bbox 728 5616 2299 5695">
     <span class='ocr_line' id='line_1_90' title="bbox 728 5616 2299 5695; baseline -0.003 -20"><span class='ocrx_word' id='word_1_612' title='bbox 728 5640 902 5695; x_wconf 80' lang='lat' dir='ltr'><strong>ipsaui</strong></span> <span class='ocrx_word' id='word_1_613' title='bbox 958 5636 1055 5676; x_wconf 85' lang='lat' dir='ltr'><strong>sua</strong></span> <span class='ocrx_word' id='word_1_614' title='bbox 1106 5633 1297 5688; x_wconf 80' lang='lat' dir='ltr'><strong>spome</strong></span> <span class='ocrx_word' id='word_1_615' title='bbox 1362 5619 1661 5681; x_wconf 85' lang='lat' dir='ltr'><strong>tradiderit,</strong></span> <span class='ocrx_word' id='word_1_616' title='bbox 1721 5616 1843 5671; x_wconf 81' lang='lat' dir='ltr'><strong>cum</strong></span> <span class='ocrx_word' id='word_1_617' title='bbox 1888 5633 1988 5672; x_wconf 88' lang='lat' dir='ltr'><strong>nec</strong></span> <span class='ocrx_word' id='word_1_618' title='bbox 2030 5630 2299 5686; x_wconf 83' lang='lat' dir='ltr'><strong>stuprum,</strong></span> 
     </span>
    </p>
   </div>
   <div class='ocr_carea' id='block_1_90' title="bbox 726 5710 2303 5780">
    <p class='ocr_par' dir='ltr' id='par_1_90' title="bbox 726 5710 2303 5780">
     <span class='ocr_line' id='line_1_91' title="bbox 726 5710 2303 5780; baseline -0.004 -10"><span class='ocrx_word' id='word_1_619' title='bbox 726 5732 822 5771; x_wconf 89' lang='lat' dir='ltr'><strong>nec</strong></span> <span class='ocrx_word' id='word_1_620' title='bbox 872 5715 1096 5777; x_wconf 86' lang='lat' dir='ltr'><strong>furtum,</strong></span> <span class='ocrx_word' id='word_1_621' title='bbox 1129 5714 1231 5766; x_wconf 81' lang='lat' dir='ltr'><strong>hoc</strong></span> <span class='ocrx_word' id='word_1_622' title='bbox 1259 5710 1751 5765; x_wconf 82' lang='lat' dir='ltr'><strong>est&#39;clandestinus</strong></span> <span class='ocrx_word' id='word_1_623' title='bbox 1792 5711 2112 5765; x_wconf 73' lang='lat' dir='ltr'><strong>concubitus</strong></span> <span class='ocrx_word' id='word_1_624' title='bbox 2162 5728 2303 5780; x_wconf 73' lang='lat' dir='ltr'><strong>pra:-</strong></span> 
     </span>
    </p>
   </div>
   <div class='ocr_carea' id='block_1_91' title="bbox 721 5803 2298 5872">
    <p class='ocr_par' dir='ltr' id='par_1_91' title="bbox 721 5803 2298 5872">
     <span class='ocr_line' id='line_1_92' title="bbox 721 5803 2298 5872; baseline -0.004 -10"><span class='ocrx_word' id='word_1_625' title='bbox 721 5808 1017 5872; x_wconf 75' lang='lat' dir='ltr'><strong>ccssissel,</strong></span> <span class='ocrx_word' id='word_1_626' title='bbox 1090 5807 1214 5859; x_wconf 78' lang='lat' dir='ltr'><strong>nulli</strong></span> <span class='ocrx_word' id='word_1_627' title='bbox 1273 5815 1355 5861; x_wconf 84' lang='lat' dir='ltr'><strong>est</strong></span> <span class='ocrx_word' id='word_1_628' title='bbox 1416 5803 1629 5858; x_wconf 87' lang='lat' dir='ltr'><strong>crimini</strong></span> <span class='ocrx_word' id='word_1_629' title='bbox 1699 5804 1963 5858; x_wconf 76' lang='lat' dir='ltr'><strong>obnoxius</strong></span> <span class='ocrx_word' id='word_1_630' title='bbox 2022 5806 2109 5872; x_wconf 68' lang='lat' dir='ltr'><strong>qui</strong></span> <span class='ocrx_word' id='word_1_631' title='bbox 2175 5820 2298 5857; x_wconf 79' lang='lat' dir='ltr'><strong>cum</strong></span> 
     </span>
    </p>
   </div>
   <div class='ocr_carea' id='block_1_92' title="bbox 2413 3517 4013 3597">
    <p class='ocr_par' dir='ltr' id='par_1_92' title="bbox 2413 3517 4013 3597">
     <span class='ocr_line' id='line_1_93' title="bbox 2413 3517 4013 3597; baseline 0.011 -32"><span class='ocrx_word' id='word_1_632' title='bbox 2413 3518 2717 3584; x_wconf 75' lang='grc' dir='ltr'>προφήτου.</span> <span class='ocrx_word' id='word_1_633' title='bbox 2764 3517 3002 3568; x_wconf 85' lang='grc' dir='ltr'>Ἐκεῖνον</span> <span class='ocrx_word' id='word_1_634' title='bbox 3033 3518 3143 3585; x_wconf 85' lang='grc' dir='ltr'><strong>γάρ</strong></span> <span class='ocrx_word' id='word_1_635' title='bbox 3182 3536 3267 3582; x_wconf 90' lang='grc' dir='ltr'><strong>τις</strong></span> <span class='ocrx_word' id='word_1_636' title='bbox 3293 3522 3387 3573; x_wconf 74' lang='grc' dir='ltr'><strong>τὸν</strong></span> <span class='ocrx_word' id='word_1_637' title='bbox 3419 3525 3586 3593; x_wconf 82' lang='grc' dir='ltr'>ὅρκον</span> <span class='ocrx_word' id='word_1_638' title='bbox 3622 3527 3833 3593; x_wconf 75' lang='grc' dir='ltr'>ὀφείλει</span> <span class='ocrx_word' id='word_1_639' title='bbox 3869 3531 4013 3597; x_wconf 53' lang='grc' dir='ltr'><strong>ἀςπι-</strong></span> 
     </span>
    </p>
   </div>
   <div class='ocr_carea' id='block_1_93' title="bbox 2413 3610 4011 3689">
    <p class='ocr_par' dir='ltr' id='par_1_93' title="bbox 2413 3610 4011 3689">
     <span class='ocr_line' id='line_1_94' title="bbox 2413 3610 4011 3689; baseline 0.011 -30"><span class='ocrx_word' id='word_1_640' title='bbox 2413 3611 2717 3679; x_wconf 82' lang='grc' dir='ltr'>τάτρεπτον</span> <span class='ocrx_word' id='word_1_641' title='bbox 2758 3610 3073 3677; x_wconf 82' lang='grc' dir='ltr'>φυλάττειν,</span> <span class='ocrx_word' id='word_1_642' title='bbox 3112 3611 3171 3663; x_wconf 78' lang='grc' dir='ltr'>ὃν</span> <span class='ocrx_word' id='word_1_643' title='bbox 3202 3613 3419 3681; x_wconf 80' lang='grc' dir='ltr'>ὤμοσεν</span> <span class='ocrx_word' id='word_1_644' title='bbox 3491 3620 3584 3669; x_wconf 68' lang='grc' dir='ltr'>ἐπὶ</span> <span class='ocrx_word' id='word_1_645' title='bbox 3632 3622 3709 3687; x_wconf 79' lang='grc' dir='ltr'>τῷ</span> <span class='ocrx_word' id='word_1_646' title='bbox 3767 3624 4011 3689; x_wconf 69' lang='grc' dir='ltr'>φυλάξαι</span> 
     </span>
    </p>
   </div>
   <div class='ocr_carea' id='block_1_94' title="bbox 2412 3704 4010 3781">
    <p class='ocr_par' dir='ltr' id='par_1_94' title="bbox 2412 3704 4010 3781">
     <span class='ocr_line' id='line_1_95' title="bbox 2412 3704 4010 3781; baseline 0.011 -28"><span class='ocrx_word' id='word_1_647' title='bbox 2412 3705 2480 3753; x_wconf 73' lang='grc' dir='ltr'><strong>τὰ</strong></span> <span class='ocrx_word' id='word_1_648' title='bbox 2509 3706 2755 3772; x_wconf 78' lang='grc' dir='ltr'>κρίματα</span> <span class='ocrx_word' id='word_1_649' title='bbox 2782 3704 2881 3771; x_wconf 84' lang='grc' dir='ltr'>τῆς</span> <span class='ocrx_word' id='word_1_650' title='bbox 2914 3704 3008 3755; x_wconf 83' lang='grc' dir='ltr'>τοῦ</span> <span class='ocrx_word' id='word_1_651' title='bbox 3040 3704 3178 3757; x_wconf 82' lang='grc' dir='ltr'>Θεοῦ</span> <span class='ocrx_word' id='word_1_652' title='bbox 3220 3706 3580 3781; x_wconf 73' lang='grc' dir='ltr'>δικαιοσύνης</span> <span class='ocrx_word' id='word_1_653' title='bbox 3612 3730 3625 3743; x_wconf 77' lang='grc' dir='ltr'><strong>ο</strong></span> <span class='ocrx_word' id='word_1_654' title='bbox 3667 3716 3761 3765; x_wconf 72' lang='grc' dir='ltr'><strong>τὸν</strong></span> <span class='ocrx_word' id='word_1_655' title='bbox 3822 3717 3882 3768; x_wconf 82' lang='grc' dir='ltr'>δὲ</span> <span class='ocrx_word' id='word_1_656' title='bbox 3915 3721 4010 3770; x_wconf 73' lang='grc' dir='ltr'>ἐπὶ</span> 
     </span>
    </p>
   </div>
   <div class='ocr_carea' id='block_1_95' title="bbox 2412 3799 4009 3875">
    <p class='ocr_par' dir='ltr' id='par_1_95' title="bbox 2412 3799 4009 3875">
     <span class='ocr_line' id='line_1_96' title="bbox 2412 3799 4009 3875; baseline 0.009 -24"><span class='ocrx_word' id='word_1_657' title='bbox 2412 3804 2473 3868; x_wconf 73' lang='grc' dir='ltr'>τῇ</span> <span class='ocrx_word' id='word_1_658' title='bbox 2505 3799 2754 3869; x_wconf 70' lang='grc' dir='ltr'>ἁμαρτίᾳ</span> <span class='ocrx_word' id='word_1_659' title='bbox 2782 3800 3087 3867; x_wconf 76' lang='grc' dir='ltr'>προδάντα,</span> <span class='ocrx_word' id='word_1_660' title='bbox 3117 3804 3208 3854; x_wconf 76' lang='grc' dir='ltr'><strong>καὶ</strong></span> <span class='ocrx_word' id='word_1_661' title='bbox 3248 3804 3495 3858; x_wconf 83' lang='grc' dir='ltr'>κακώσει</span> <span class='ocrx_word' id='word_1_662' title='bbox 3523 3808 3669 3871; x_wconf 79' lang='grc' dir='ltr'>τινὸς</span> <span class='ocrx_word' id='word_1_663' title='bbox 3731 3814 4009 3875; x_wconf 77' lang='grc' dir='ltr'>παντοίως</span> 
     </span>
    </p>
   </div>
   <div class='ocr_carea' id='block_1_96' title="bbox 2414 3889 3635 3962">
    <p class='ocr_par' dir='ltr' id='par_1_96' title="bbox 2414 3889 3635 3962">
     <span class='ocr_line' id='line_1_97' title="bbox 2414 3889 3635 3962; baseline 0.007 -20"><span class='ocrx_word' id='word_1_664' title='bbox 2414 3889 2756 3959; x_wconf 78' lang='grc' dir='ltr'>ἁκυροῦσθαι</span> <span class='ocrx_word' id='word_1_665' title='bbox 2793 3892 3091 3960; x_wconf 78' lang='grc' dir='ltr'>προσήκει,</span> <span class='ocrx_word' id='word_1_666' title='bbox 3122 3893 3218 3944; x_wconf 72' lang='grc' dir='ltr'><strong>καὶ</strong></span> <span class='ocrx_word' id='word_1_667' title='bbox 3244 3895 3635 3962; x_wconf 77' lang='grc' dir='ltr'>ἀφανίζεσθαι.</span> 
     </span>
    </p>
   </div>
   <div class='ocr_carea' id='block_1_97' title="bbox 3045 3988 3401 4042">
    <p class='ocr_par' dir='ltr' id='par_1_97' title="bbox 3045 3988 3401 4042">
     <span class='ocr_line' id='line_1_98' title="bbox 3045 3988 3401 4042; baseline 0.008 -3"><span class='ocrx_word' id='word_1_668' title='bbox 3045 3988 3289 4040; x_wconf 77' lang='grc' dir='ltr'><strong>ΚΑΝΩΝ</strong></span> <span class='ocrx_word' id='word_1_669' title='bbox 3320 3992 3401 4042; x_wconf 89' lang='grc' dir='ltr'><strong>Λ’.</strong></span> 
     </span>
    </p>
   </div>
   <div class='ocr_carea' id='block_1_98' title="bbox 2409 4074 4009 4152">
    <p class='ocr_par' dir='ltr' id='par_1_98' title="bbox 2409 4074 4009 4152">
     <span class='ocr_line' id='line_1_99' title="bbox 2409 4074 4009 4152; baseline 0.011 -27"><span class='ocrx_word' id='word_1_670' title='bbox 2409 4074 2550 4143; x_wconf 77' lang='grc' dir='ltr'>Περὶ</span> <span class='ocrx_word' id='word_1_671' title='bbox 2601 4076 2713 4128; x_wconf 84' lang='grc' dir='ltr'>τῶν</span> <span class='ocrx_word' id='word_1_672' title='bbox 2788 4079 3153 4147; x_wconf 78' lang='grc' dir='ltr'>ἁρπαζόντων</span> <span class='ocrx_word' id='word_1_673' title='bbox 3228 4084 3430 4135; x_wconf 78' lang='grc' dir='ltr'>κανόνα</span> <span class='ocrx_word' id='word_1_674' title='bbox 3475 4084 3578 4152; x_wconf 80' lang='grc' dir='ltr'><strong>μὲν</strong></span> <span class='ocrx_word' id='word_1_675' title='bbox 3619 4084 3855 4139; x_wconf 62' lang='grc' dir='ltr'>παλαιὸν</span> <span class='ocrx_word' id='word_1_676' title='bbox 3909 4091 4009 4142; x_wconf 61' lang='grc' dir='ltr'>οὐκ</span> 
     </span>
    </p>
   </div>
   <div class='ocr_carea' id='block_1_99' title="bbox 2484 4165 4007 4248">
    <p class='ocr_par' dir='ltr' id='par_1_99' title="bbox 2484 4165 4007 4248">
     <span class='ocr_line' id='line_1_100' title="bbox 2484 4165 4007 4248; baseline 0.01 -32"><span class='ocrx_word' id='word_1_677' title='bbox 2484 4165 2706 4235; x_wconf 78' lang='grc' dir='ltr'>ἔχομεν,</span> <span class='ocrx_word' id='word_1_678' title='bbox 2789 4170 2927 4221; x_wconf 67' lang='grc' dir='ltr'>ἰδίαν</span> <span class='ocrx_word' id='word_1_679' title='bbox 3012 4170 3069 4221; x_wconf 83' lang='grc' dir='ltr'>δὲ</span> <span class='ocrx_word' id='word_1_680' title='bbox 3094 4171 3321 4243; x_wconf 82' lang='grc' dir='ltr'>γνώμην</span> <span class='ocrx_word' id='word_1_681' title='bbox 3398 4175 3806 4243; x_wconf 73' lang='grc' dir='ltr'>ἐποιησάμεθα,</span> <span class='ocrx_word' id='word_1_682' title='bbox 3882 4180 4007 4248; x_wconf 70' lang='grc' dir='ltr'>τρία</span> 
     </span>
    </p>
   </div>
   <div class='ocr_carea' id='block_1_100' title="bbox 2478 4259 4008 4336">
    <p class='ocr_par' dir='ltr' id='par_1_100' title="bbox 2478 4259 4008 4336">
     <span class='ocr_line' id='line_1_101' title="bbox 2478 4259 4008 4336; baseline 0.012 -27"><span class='ocrx_word' id='word_1_683' title='bbox 2478 4259 2572 4328; x_wconf 77' lang='grc' dir='ltr'><strong>ἐτη</strong></span> <span class='ocrx_word' id='word_1_684' title='bbox 2608 4262 2703 4313; x_wconf 77' lang='grc' dir='ltr'><strong>καὶ</strong></span> <span class='ocrx_word' id='word_1_685' title='bbox 2729 4264 2928 4325; x_wconf 77' lang='grc' dir='ltr'>αὐτοὺς</span> <span class='ocrx_word' id='word_1_686' title='bbox 2968 4268 3063 4317; x_wconf 81' lang='grc' dir='ltr'><strong>καὶ</strong></span> <span class='ocrx_word' id='word_1_687' title='bbox 3120 4268 3247 4329; x_wconf 82' lang='grc' dir='ltr'>τοὺς</span> <span class='ocrx_word' id='word_1_688' title='bbox 3309 4270 3761 4336; x_wconf 75' lang='grc' dir='ltr'>συναρπάζοντας</span> <span class='ocrx_word' id='word_1_689' title='bbox 3818 4276 4008 4335; x_wconf 71' lang='grc' dir='ltr'>αὐτοις</span> 
     </span>
    </p>
   </div>
   <div class='ocr_carea' id='block_1_101' title="bbox 2481 4350 4008 4434">
    <p class='ocr_par' dir='ltr' id='par_1_101' title="bbox 2481 4350 4008 4434">
     <span class='ocr_line' id='line_1_102' title="bbox 2481 4350 4008 4434; baseline 0.011 -32"><span class='ocrx_word' id='word_1_690' title='bbox 2481 4350 2586 4414; x_wconf 77' lang='grc' dir='ltr'><strong>ἔξω</strong></span> <span class='ocrx_word' id='word_1_691' title='bbox 2610 4353 2715 4404; x_wconf 83' lang='grc' dir='ltr'><strong>τῶν</strong></span> <span class='ocrx_word' id='word_1_692' title='bbox 2756 4355 2930 4424; x_wconf 80' lang='grc' dir='ltr'>εὐχῶν</span> <span class='ocrx_word' id='word_1_693' title='bbox 2960 4358 3228 4422; x_wconf 83' lang='grc' dir='ltr'>γίνεσθαι.</span> <span class='ocrx_word' id='word_1_694' title='bbox 3266 4360 3338 4411; x_wconf 81' lang='grc' dir='ltr'>Τὸ</span> <span class='ocrx_word' id='word_1_695' title='bbox 3369 4360 3423 4411; x_wconf 78' lang='grc' dir='ltr'>δὲ</span> <span class='ocrx_word' id='word_1_696' title='bbox 3452 4361 3527 4431; x_wconf 84' lang='grc' dir='ltr'>μὴ</span> <span class='ocrx_word' id='word_1_697' title='bbox 3559 4362 3754 4431; x_wconf 82' lang='grc' dir='ltr'>βιαίως</span> <span class='ocrx_word' id='word_1_698' title='bbox 3776 4368 4008 4434; x_wconf 66' lang='grc' dir='ltr'>γινόμε-</span> 
     </span>
    </p>
   </div>
   <div class='ocr_carea' id='block_1_102' title="bbox 2484 4444 4008 4529">
    <p class='ocr_par' dir='ltr' id='par_1_102' title="bbox 2484 4444 4008 4529">
     <span class='ocr_line' id='line_1_103' title="bbox 2484 4444 4008 4529; baseline 0.01 -35"><span class='ocrx_word' id='word_1_699' title='bbox 2484 4460 2577 4495; x_wconf 88' lang='grc' dir='ltr'><strong>νον</strong></span> <span class='ocrx_word' id='word_1_700' title='bbox 2605 4444 2903 4498; x_wconf 77' lang='grc' dir='ltr'>ἀνεύθυνόν</span> <span class='ocrx_word' id='word_1_701' title='bbox 2929 4450 3047 4501; x_wconf 87' lang='grc' dir='ltr'>ὲστι</span> <span class='ocrx_word' id='word_1_702' title='bbox 3066 4490 3079 4513; x_wconf 91' lang='grc'><strong>,</strong></span> <span class='ocrx_word' id='word_1_703' title='bbox 3106 4450 3235 4503; x_wconf 78' lang='grc' dir='ltr'>ὅταν</span> <span class='ocrx_word' id='word_1_704' title='bbox 3268 4452 3343 4522; x_wconf 84' lang='grc' dir='ltr'>μὴ</span> <span class='ocrx_word' id='word_1_705' title='bbox 3367 4453 3541 4524; x_wconf 76' lang='grc' dir='ltr'>φθορὰ</span> <span class='ocrx_word' id='word_1_706' title='bbox 3572 4451 3629 4527; x_wconf 77' lang='grc' dir='ltr'><strong>ᾗ,</strong></span> <span class='ocrx_word' id='word_1_707' title='bbox 3659 4458 3795 4523; x_wconf 75' lang='grc' dir='ltr'>μηδὲ</span> <span class='ocrx_word' id='word_1_708' title='bbox 3827 4459 4008 4529; x_wconf 78' lang='grc' dir='ltr'>κλοπὴ</span> 
     </span>
    </p>
   </div>
   <div class='ocr_carea' id='block_1_103' title="bbox 2483 4535 4006 4619">
    <p class='ocr_par' dir='ltr' id='par_1_103' title="bbox 2483 4535 4006 4619">
     <span class='ocr_line' id='line_1_104' title="bbox 2483 4535 4006 4619; baseline 0.012 -34"><span class='ocrx_word' id='word_1_709' title='bbox 2483 4535 2766 4606; x_wconf 78' lang='grc' dir='ltr'>ἡγουμένη</span> <span class='ocrx_word' id='word_1_710' title='bbox 2798 4537 2890 4590; x_wconf 79' lang='grc' dir='ltr'>τοῦ</span> <span class='ocrx_word' id='word_1_711' title='bbox 2920 4542 3249 4610; x_wconf 61' lang='grc' dir='ltr'>πράγματος</span> <span class='ocrx_word' id='word_1_712' title='bbox 3272 4560 3284 4572; x_wconf 87' lang='grc'><strong>·</strong></span> <span class='ocrx_word' id='word_1_713' title='bbox 3320 4545 3647 4607; x_wconf 78' lang='grc' dir='ltr'>αὑτεξουσῑα</span> <span class='ocrx_word' id='word_1_714' title='bbox 3677 4547 3733 4599; x_wconf 77' lang='grc' dir='ltr'>δὲ</span> <span class='ocrx_word' id='word_1_715' title='bbox 3769 4552 3801 4617; x_wconf 79' lang='grc' dir='ltr'>ἡ</span> <span class='ocrx_word' id='word_1_716' title='bbox 3834 4556 4006 4619; x_wconf 73' lang='grc' dir='ltr'>χήρα,</span> 
     </span>
    </p>
   </div>
   <div class='ocr_carea' id='block_1_104' title="bbox 2486 4628 4004 4710">
    <p class='ocr_par' dir='ltr' id='par_1_104' title="bbox 2486 4628 4004 4710">
     <span class='ocr_line' id='line_1_105' title="bbox 2486 4628 4004 4710; baseline 0.011 -33"><span class='ocrx_word' id='word_1_717' title='bbox 2486 4628 2579 4678; x_wconf 78' lang='grc' dir='ltr'>καὶ</span> <span class='ocrx_word' id='word_1_718' title='bbox 2605 4629 2691 4679; x_wconf 71' lang='grc' dir='ltr'><strong>ἐπ’</strong></span> <span class='ocrx_word' id='word_1_719' title='bbox 2724 4628 2860 4698; x_wconf 79' lang='grc' dir='ltr'>αὐτῇ</span> <span class='ocrx_word' id='word_1_720' title='bbox 2911 4632 2970 4683; x_wconf 86' lang='grc' dir='ltr'><strong>τὸ</strong></span> <span class='ocrx_word' id='word_1_721' title='bbox 3018 4634 3404 4701; x_wconf 76' lang='grc' dir='ltr'>ἀκολουθῆσαι.</span> <span class='ocrx_word' id='word_1_722' title='bbox 3438 4635 3601 4688; x_wconf 81' lang='grc' dir='ltr'>Ὥστε</span> <span class='ocrx_word' id='word_1_723' title='bbox 3631 4638 3741 4689; x_wconf 82' lang='grc' dir='ltr'><strong>τῶν</strong></span> <span class='ocrx_word' id='word_1_724' title='bbox 3787 4645 4004 4710; x_wconf 75' lang='grc' dir='ltr'>σχημα-</span> 
     </span>
    </p>
   </div>
   <div class='ocr_carea' id='block_1_105' title="bbox 2488 4718 3234 4789">
    <p class='ocr_par' dir='ltr' id='par_1_105' title="bbox 2488 4718 3234 4789">
     <span class='ocr_line' id='line_1_106' title="bbox 2488 4718 3234 4789; baseline 0.009 -19"><span class='ocrx_word' id='word_1_725' title='bbox 2488 4736 2598 4771; x_wconf 82' lang='grc' dir='ltr'>των</span> <span class='ocrx_word' id='word_1_726' title='bbox 2626 4718 2757 4789; x_wconf 72' lang='grc' dir='ltr'>ἡμῖν</span> <span class='ocrx_word' id='word_1_727' title='bbox 2781 4724 2839 4773; x_wconf 87' lang='grc' dir='ltr'>οὺ</span> <span class='ocrx_word' id='word_1_728' title='bbox 2861 4725 3234 4789; x_wconf 78' lang='grc' dir='ltr'>φροντιστέον.</span> 
     </span>
    </p>
   </div>
   <div class='ocr_carea' id='block_1_106' title="bbox 2479 4898 4008 4979">
    <p class='ocr_par' dir='ltr' id='par_1_106' title="bbox 2479 4898 4008 4979">
     <span class='ocr_line' id='line_1_107' title="bbox 2479 4898 4008 4979; baseline 0.014 -30"><span class='ocrx_word' id='word_1_729' title='bbox 2479 4899 2677 4952; x_wconf 80' lang='grc' dir='ltr'><strong>ΒΑΛΣ.</strong></span> <span class='ocrx_word' id='word_1_730' title='bbox 2716 4899 2813 4961; x_wconf 74' lang='grc' dir='ltr'><strong>Εἰς</strong></span> <span class='ocrx_word' id='word_1_731' title='bbox 2867 4898 2959 4951; x_wconf 76' lang='grc' dir='ltr'>τὸν</span> <span class='ocrx_word' id='word_1_732' title='bbox 2990 4899 3074 4965; x_wconf 80' lang='grc' dir='ltr'><strong>ξζ⁹</strong></span> <span class='ocrx_word' id='word_1_733' title='bbox 3103 4904 3466 4960; x_wconf 85' lang='grc' dir='ltr'>ἀποσόλικδν</span> <span class='ocrx_word' id='word_1_734' title='bbox 3498 4913 3720 4973; x_wconf 85' lang='grc' dir='ltr'>κανόνα,</span> <span class='ocrx_word' id='word_1_735' title='bbox 3785 4918 3869 4979; x_wconf 77' lang='grc' dir='ltr'>εἷς</span> <span class='ocrx_word' id='word_1_736' title='bbox 3916 4921 4008 4971; x_wconf 65' lang='grc' dir='ltr'><strong>τὸν</strong></span> 
     </span>
    </p>
   </div>
   <div class='ocr_carea' id='block_1_107' title="bbox 2411 4989 4008 5070">
    <p class='ocr_par' dir='ltr' id='par_1_107' title="bbox 2411 4989 4008 5070">
     <span class='ocr_line' id='line_1_108' title="bbox 2411 4989 4008 5070; baseline 0.014 -32"><span class='ocrx_word' id='word_1_737' title='bbox 2411 4990 2492 5052; x_wconf 74' lang='grc' dir='ltr'><strong>κζ’</strong></span> <span class='ocrx_word' id='word_1_738' title='bbox 2528 4989 2626 5053; x_wconf 72' lang='grc' dir='ltr'>τῆς</span> <span class='ocrx_word' id='word_1_739' title='bbox 2685 4991 2743 5040; x_wconf 82' lang='grc' dir='ltr'>ὲν</span> <span class='ocrx_word' id='word_1_740' title='bbox 2791 4990 3139 5060; x_wconf 80' lang='grc' dir='ltr'>Χαλκηδόνι,</span> <span class='ocrx_word' id='word_1_741' title='bbox 3204 4997 3276 5058; x_wconf 87' lang='grc' dir='ltr'><strong>εις</strong></span> <span class='ocrx_word' id='word_1_742' title='bbox 3345 5000 3437 5051; x_wconf 72' lang='grc' dir='ltr'>τὸν</span> <span class='ocrx_word' id='word_1_743' title='bbox 3495 4999 3579 5069; x_wconf 42' lang='grc' dir='ltr'><strong>οβ’</strong></span> <span class='ocrx_word' id='word_1_744' title='bbox 3643 5004 3739 5070; x_wconf 77' lang='grc' dir='ltr'>τῆς</span> <span class='ocrx_word' id='word_1_745' title='bbox 3797 5009 3858 5057; x_wconf 80' lang='grc' dir='ltr'>ὲν</span> <span class='ocrx_word' id='word_1_746' title='bbox 3930 5011 4008 5070; x_wconf 77' lang='grc' dir='ltr'><strong>τῷ</strong></span> 
     </span>
    </p>
   </div>
   <div class='ocr_carea' id='block_1_108' title="bbox 2410 5067 4007 5163">
    <p class='ocr_par' dir='ltr' id='par_1_108' title="bbox 2410 5067 4007 5163">
     <span class='ocr_line' id='line_1_109' title="bbox 2410 5067 4007 5163; baseline 0.016 -35"><span class='ocrx_word' id='word_1_747' title='bbox 2410 5079 2689 5149; x_wconf 76' lang='grc' dir='ltr'>Τρού).λῳ,</span> <span class='ocrx_word' id='word_1_748' title='bbox 2724 5083 2820 5134; x_wconf 80' lang='grc' dir='ltr'>καὶ</span> <span class='ocrx_word' id='word_1_749' title='bbox 2849 5086 2929 5145; x_wconf 78' lang='grc' dir='ltr'>εἰς</span> <span class='ocrx_word' id='word_1_750' title='bbox 2963 5085 3053 5136; x_wconf 82' lang='grc' dir='ltr'><strong>τὸν</strong></span> <span class='ocrx_word' id='word_1_751' title='bbox 3088 5085 3172 5154; x_wconf 65' lang='grc' dir='ltr'><strong>κβιΙ</strong></span> <span class='ocrx_word' id='word_1_752' title='bbox 3194 5088 3289 5139; x_wconf 80' lang='grc' dir='ltr'>τοῦ</span> <span class='ocrx_word' id='word_1_753' title='bbox 3335 5067 3608 5158; x_wconf 80' lang='grc' dir='ltr'>παρόντος</span> <span class='ocrx_word' id='word_1_754' title='bbox 3655 5067 3840 5163; x_wconf 80' lang='grc' dir='ltr'>ἁγίου,</span> <span class='ocrx_word' id='word_1_755' title='bbox 3886 5067 4007 5153; x_wconf 46' lang='grc' dir='ltr'>δ;α;</span> 
     </span>
    </p>
   </div>
   <div class='ocr_carea' id='block_1_109' title="bbox 2414 5170 4004 5254">
    <p class='ocr_par' dir='ltr' id='par_1_109' title="bbox 2414 5170 4004 5254">
     <span class='ocr_line' id='line_1_110' title="bbox 2414 5170 4004 5254; baseline 0.014 -35"><span class='ocrx_word' id='word_1_756' title='bbox 2414 5186 2557 5237; x_wconf 79' lang='grc' dir='ltr'>φορα</span> <span class='ocrx_word' id='word_1_757' title='bbox 2612 5170 2949 5240; x_wconf 67' lang='grc' dir='ltr'>ιέγράψαμεν</span> <span class='ocrx_word' id='word_1_758' title='bbox 3002 5174 3130 5245; x_wconf 76' lang='grc' dir='ltr'>περὶ</span> <span class='ocrx_word' id='word_1_759' title='bbox 3198 5177 3309 5228; x_wconf 78' lang='grc' dir='ltr'><strong>τῶν</strong></span> <span class='ocrx_word' id='word_1_760' title='bbox 3376 5180 3736 5248; x_wconf 72' lang='grc' dir='ltr'>ἁρπαζόντων</span> <span class='ocrx_word' id='word_1_761' title='bbox 3803 5193 4004 5254; x_wconf 79' lang='grc' dir='ltr'>γυναῖο</span> 
     </span>
    </p>
   </div>
   <div class='ocr_carea' id='block_1_110' title="bbox 2412 5262 4000 5338">
    <p class='ocr_par' dir='ltr' id='par_1_110' title="bbox 2412 5262 4000 5338">
     <span class='ocr_line' id='line_1_111' title="bbox 2412 5262 4000 5338; baseline 0.014 -31"><span class='ocrx_word' id='word_1_762' title='bbox 2412 5275 2534 5321; x_wconf 84' lang='grc' dir='ltr'>κας,</span> <span class='ocrx_word' id='word_1_763' title='bbox 2593 5262 2684 5311; x_wconf 71' lang='grc' dir='ltr'><strong>καὶ</strong></span> <span class='ocrx_word' id='word_1_764' title='bbox 2740 5264 2867 5330; x_wconf 80' lang='grc' dir='ltr'>περὶ</span> <span class='ocrx_word' id='word_1_765' title='bbox 2926 5265 3035 5315; x_wconf 86' lang='grc' dir='ltr'><strong>τῶν</strong></span> <span class='ocrx_word' id='word_1_766' title='bbox 3105 5272 3516 5338; x_wconf 82' lang='grc' dir='ltr'>συναιρομένων</span> <span class='ocrx_word' id='word_1_767' title='bbox 3606 5277 3818 5337; x_wconf 77' lang='grc' dir='ltr'>αὐτοῖς.</span> <span class='ocrx_word' id='word_1_768' title='bbox 3885 5282 4000 5333; x_wconf 72' lang='grc' dir='ltr'><strong>Καὶ</strong></span> 
     </span>
    </p>
   </div>
   <div class='ocr_carea' id='block_1_111' title="bbox 2411 5352 4006 5431">
    <p class='ocr_par' dir='ltr' id='par_1_111' title="bbox 2411 5352 4006 5431">
     <span class='ocr_line' id='line_1_112' title="bbox 2411 5352 4006 5431; baseline 0.012 -27"><span class='ocrx_word' id='word_1_769' title='bbox 2411 5352 2689 5418; x_wconf 77' lang='grc' dir='ltr'>ἀνάγνωθι</span> <span class='ocrx_word' id='word_1_770' title='bbox 2724 5353 2925 5417; x_wconf 85' lang='grc' dir='ltr'>ταῦτα,</span> <span class='ocrx_word' id='word_1_771' title='bbox 2953 5354 3139 5409; x_wconf 77' lang='grc' dir='ltr'>καὶτὸ</span> <span class='ocrx_word' id='word_1_772' title='bbox 3169 5357 3213 5410; x_wconf 92' lang='grc' dir='ltr'><strong>λ’</strong></span> <span class='ocrx_word' id='word_1_773' title='bbox 3247 5377 3372 5431; x_wconf 70' lang='grc' dir='ltr'>κεφ.</span> <span class='ocrx_word' id='word_1_774' title='bbox 3417 5364 3509 5415; x_wconf 76' lang='grc' dir='ltr'>τοῦ</span> <span class='ocrx_word' id='word_1_775' title='bbox 3578 5365 3624 5416; x_wconf 81' lang='grc' dir='ltr'><strong>θ’</strong></span> <span class='ocrx_word' id='word_1_776' title='bbox 3656 5367 3841 5421; x_wconf 74' lang='grc' dir='ltr'>τίτλου</span> <span class='ocrx_word' id='word_1_777' title='bbox 3908 5372 4006 5423; x_wconf 63' lang='lat' dir='ltr'><strong>to}</strong></span> 
     </span>
    </p>
   </div>
   <div class='ocr_carea' id='block_1_112' title="bbox 2413 5445 4010 5527">
    <p class='ocr_par' dir='ltr' id='par_1_112' title="bbox 2413 5445 4010 5527">
     <span class='ocr_line' id='line_1_113' title="bbox 2413 5445 4010 5527; baseline 0.014 -32"><span class='ocrx_word' id='word_1_778' title='bbox 2413 5445 2682 5514; x_wconf 76' lang='grc' dir='ltr'>παρόντος</span> <span class='ocrx_word' id='word_1_779' title='bbox 2711 5447 3120 5515; x_wconf 81' lang='grc' dir='ltr'>συντάγματος.</span> <span class='ocrx_word' id='word_1_780' title='bbox 3166 5452 3227 5504; x_wconf 81' lang='grc' dir='ltr'><strong>Ὀ</strong></span> <span class='ocrx_word' id='word_1_781' title='bbox 3254 5453 3309 5506; x_wconf 80' lang='grc' dir='ltr'>δὲ</span> <span class='ocrx_word' id='word_1_782' title='bbox 3367 5455 3561 5524; x_wconf 85' lang='grc' dir='ltr'>παρὼν</span> <span class='ocrx_word' id='word_1_783' title='bbox 3620 5460 3807 5511; x_wconf 82' lang='grc' dir='ltr'>κανὼν</span> <span class='ocrx_word' id='word_1_784' title='bbox 3833 5464 4010 5527; x_wconf 63' lang='grc' dir='ltr'>διορί-</span> 
     </span>
    </p>
   </div>
   <div class='ocr_carea' id='block_1_113' title="bbox 2412 5536 4007 5614">
    <p class='ocr_par' dir='ltr' id='par_1_113' title="bbox 2412 5536 4007 5614">
     <span class='ocr_line' id='line_1_114' title="bbox 2412 5536 4007 5614; baseline 0.013 -27"><span class='ocrx_word' id='word_1_785' title='bbox 2412 5536 2566 5600; x_wconf 76' lang='grc' dir='ltr'>ζεται</span> <span class='ocrx_word' id='word_1_786' title='bbox 2596 5539 2689 5589; x_wconf 77' lang='grc' dir='ltr'>ἐπὶ</span> <span class='ocrx_word' id='word_1_787' title='bbox 2722 5540 2969 5607; x_wconf 81' lang='grc' dir='ltr'>τριετίαν</span> <span class='ocrx_word' id='word_1_788' title='bbox 3006 5544 3133 5606; x_wconf 78' lang='grc' dir='ltr'>τοὺς</span> <span class='ocrx_word' id='word_1_789' title='bbox 3166 5545 3426 5614; x_wconf 74' lang='grc' dir='ltr'>ἅρπαγας</span> <span class='ocrx_word' id='word_1_790' title='bbox 3463 5553 3557 5600; x_wconf 75' lang='grc' dir='ltr'><strong>καὶ</strong></span> <span class='ocrx_word' id='word_1_791' title='bbox 3588 5553 3711 5610; x_wconf 73' lang='grc' dir='ltr'>τοὺς</span> <span class='ocrx_word' id='word_1_792' title='bbox 3746 5569 4007 5614; x_wconf 77' lang='grc' dir='ltr'>συναιροο</span> 
     </span>
    </p>
   </div>
   <div class='ocr_carea' id='block_1_114' title="bbox 2416 5607 4007 5712">
    <p class='ocr_par' dir='ltr' id='par_1_114' title="bbox 2416 5607 4007 5712">
     <span class='ocr_line' id='line_1_115' title="bbox 2416 5607 4007 5712; baseline 0.015 -35"><span class='ocrx_word' id='word_1_793' title='bbox 2416 5628 2615 5697; x_wconf 84' lang='grc' dir='ltr'>μένους</span> <span class='ocrx_word' id='word_1_794' title='bbox 2646 5628 2829 5692; x_wconf 76' lang='grc' dir='ltr'>αὐτοῖς</span> <span class='ocrx_word' id='word_1_795' title='bbox 2864 5634 3109 5699; x_wconf 76' lang='grc' dir='ltr'>γίνεσθαι</span> <span class='ocrx_word' id='word_1_796' title='bbox 3137 5636 3244 5699; x_wconf 73' lang='grc' dir='ltr'><strong>ἔξω</strong></span> <span class='ocrx_word' id='word_1_797' title='bbox 3276 5638 3387 5690; x_wconf 84' lang='grc' dir='ltr'><strong>τῶν</strong></span> <span class='ocrx_word' id='word_1_798' title='bbox 3416 5642 3612 5708; x_wconf 77' lang='grc' dir='ltr'>εὐχῶν,</span> <span class='ocrx_word' id='word_1_799' title='bbox 3641 5643 3812 5712; x_wconf 66' lang='grc' dir='ltr'>ἦγολν</span> <span class='ocrx_word' id='word_1_800' title='bbox 3844 5607 4007 5700; x_wconf 42' lang='grc' dir='ltr'>ἔστα-</span> 
     </span>
    </p>
   </div>
   <div class='ocr_carea' id='block_1_115' title="bbox 2416 5718 4005 5807">
    <p class='ocr_par' dir='ltr' id='par_1_115' title="bbox 2416 5718 4005 5807">
     <span class='ocr_line' id='line_1_116' title="bbox 2416 5718 4005 5807; baseline 0.013 -38"><span class='ocrx_word' id='word_1_801' title='bbox 2416 5719 2541 5769; x_wconf 86' lang='grc' dir='ltr'>σθαι</span> <span class='ocrx_word' id='word_1_802' title='bbox 2571 5718 2709 5785; x_wconf 83' lang='grc' dir='ltr'>μετὰ</span> <span class='ocrx_word' id='word_1_803' title='bbox 2744 5721 2851 5771; x_wconf 87' lang='grc' dir='ltr'><strong>τῶν</strong></span> <span class='ocrx_word' id='word_1_804' title='bbox 2892 5722 3284 5793; x_wconf 84' lang='grc' dir='ltr'>ἀκροωμένων.</span> <span class='ocrx_word' id='word_1_805' title='bbox 3352 5729 3414 5782; x_wconf 78' lang='lat' dir='ltr'><strong>El</strong></span> <span class='ocrx_word' id='word_1_806' title='bbox 3456 5731 3514 5781; x_wconf 84' lang='grc' dir='ltr'>δὲ</span> <span class='ocrx_word' id='word_1_807' title='bbox 3567 5730 3770 5785; x_wconf 76' lang='grc' dir='ltr'>ἑκοῦσα</span> <span class='ocrx_word' id='word_1_808' title='bbox 3836 5740 4005 5807; x_wconf 73' lang='grc' dir='ltr'>γυνὴ,</span> 
     </span>
    </p>
   </div>
   <div class='ocr_carea' id='block_1_116' title="bbox 2416 5810 4002 5897">
    <p class='ocr_par' dir='ltr' id='par_1_116' title="bbox 2416 5810 4002 5897">
     <span class='ocr_line' id='line_1_117' title="bbox 2416 5810 4002 5897; baseline 0.02 -40"><span class='ocrx_word' id='word_1_809' title='bbox 2416 5810 2571 5876; x_wconf 62' lang='grc' dir='ltr'>φησι,</span> <span class='ocrx_word' id='word_1_810' title='bbox 2609 5810 2778 5880; x_wconf 75' lang='grc' dir='ltr'>ἐπιδῷ</span> <span class='ocrx_word' id='word_1_811' title='bbox 2808 5813 3068 5865; x_wconf 58' lang='grc' dir='ltr'>ἐπιδοῦσα</span> <span class='ocrx_word' id='word_1_812' title='bbox 3118 5816 3317 5887; x_wconf 78' lang='grc' dir='ltr'>ἑαυτὴν</span> <span class='ocrx_word' id='word_1_813' title='bbox 3373 5818 3446 5887; x_wconf 82' lang='grc' dir='ltr'>μὴ</span> <span class='ocrx_word' id='word_1_814' title='bbox 3503 5828 4002 5897; x_wconf 66' lang='grc' dir='ltr'>προηγησαμένηε.</span> 
     </span>
    </p>
   </div>
  </div>
