4224 6446
234 414 338 472 689

1164 416 1249 478 IN
1276 418 1519 481 EPIST.
1554 423 1616 481 Ξ.
1654 422 1939 481 BASILII
1985 423 2430 485 CANONICAM
2473 423 2553 484 Il.

3370 423 3475 485 (9Ᾰὶ

228 526 461 592 φθορᾶς,
528 525 659 593 μηδὲ
708 524 935 594 κλοπῆς,
996 528 1167 597 ῆγουν
1260 531 1531 599 λαθραίας
1583 534 1803 602 μίξεως,
1840 540 1882 591 Α

1840 540 1882 591 Α
1912 538 2142 603 accepit.
2184 536 2447 589 Similiter
2477 536 2607 588 nulli
2644 550 2856 603 quoque
2888 549 3058 605 poenae
3086 545 3165 590 est
3201 533 3471 597 sublecms

230 615 527 677 ἁνεύθυνός
564 616 714 667 ἐστιν
744 616 774 667 6
816 615 1021 685 ταύτην
1050 616 1256 673 λαϐὼν.
1275 620 1550 685 Ὡσαύτως
1576 625 1803 678 ἀνεύθυ-

227 707 316 766 v6;
350 708 468 759 ἐστι
521 707 617 760 καὶ
701 707 730 758 6
790 708 969 778 χήραν
998 709 1353 777 αὑτεξουσίαν
1377 720 1806 785 τοιουτοτρόπως

229 798 655 865 ἅναλαϐόμενος.
685 798 760 850 Τὸ
784 799 863 874 δὲν
889 800 1011 853 Τῶν
1066 803 1366 871 σχημάτων
1388 808 1521 875 ημῖν
1557 810 1617 860 οὑ
1646 826 1809 877 φρον-

225 890 464 947 τιστέον.
510 888 751 943 τοιοῦτόν
804 892 991 943 εστιν·
1038 890 1165 945 Ἐὰν
1201 896 1364 965 γυνὴ,
1422 899 1609 965 φησιν.
1678 900 1808 963 ἴσως

226 982 520 1049 αἰδουμένη
553 981 833 1035 ἐπιδοῦναι
864 984 1068 1053 ἑαυτὴν
1101 985 1179 1053 τῷ
1216 989 1422 1059 ἐραστῇ
1462 991 1492 1058 ἢ
1527 991 1607 1059 τῷ
1662 994 1804 1061 ἐρω-

231 1073 381 1140 μένῳ
411 1076 691 1141 χαμερπεῐ
714 1074 827 1124 ὄντι
867 1076 1278 1143 έσχηματίσατο
1304 1079 1647 1149 άρπαγῆναι,
1673 1083 1809 1149 πρὸς

229 1164 499 1230 ἀλήθειαν
530 1166 801 1227 ἑκουσίως
833 1166 981 1235 αὑτῷ
1027 1168 1418 1237 ἠκολούθησεν,
1487 1174 1548 1225 οὑ
1586 1175 1810 1241 φροντίς

231 1258 401 1323 ζομεν
431 1256 535 1308 τοῦ
593 1259 1011 1327 σχηματισμοῦ,
1078 1262 1246 1331 ἧγουν
1282 1264 1382 1331 τῆς
1442 1265 1805 1333 ὑποκρίσεως,

230 1347 372 1400 ἀλλὰ
396 1352 461 1417 τῇ
489 1349 717 1420 ἀληθείᾳ
746 1356 1108 1423 προσέχομεν.
1149 1358 1259 1409 Καὶ
1286 1358 1561 1425 ἀνάγνωθι
1603 1360 1695 1412 τὸν
1729 1358 1809 1426 νγ⁹

232 1440 463 1502 κανόνα,
497 1444 858 1514 συντρέχοντα
881 1449 943 1515 τῇ
982 1447 1207 1519 τοιαύτῃ
1233 1451 1517 1521 ἑρμηνείᾳ.
1538 1452 1610 1504 Τὸ
1628 1452 1813 1520 μέντοι

234 1532 536 1585 ἀνεύθυνον
602 1532 746 1587 εἶναι
823 1537 915 1587 τὸν
968 1538 1299 1606 ἁρπάσαντα
1374 1546 1612 1607 γυναῖκα
1672 1544 1813 1598 κατὰ

231 1622 455 1690 θέλησιν
486 1626 676 1696 αὑτῆς,
705 1628 785 1688 είς
814 1629 873 1679 τὸ
898 1626 970 1698 μὴ
1004 1631 1398 1701 ἐπιτιμηθῆναι
1428 1634 1616 1687 τοῦτον
1648 1636 1810 1689 ἐκλα-

231 1716 352 1767 ϐοὖ.
403 1718 460 1769 '0
516 1719 622 1789 γάρ
675 1721 934 1790 ἁρπαγὴν
976 1724 1337 1789 αὑτοξουσίας
1397 1726 1429 1796 ἢ
1488 1727 1814 1792 ὑπεξουσίας

232 1811 503 1873 γυναικὸς
547 1814 944 1881 ποιησάμενος,
994 1816 1105 1866 είτε
1145 1818 1287 1869 κατὰ
1344 1817 1568 1887 θέλησιν
1612 1820 1809 1888 αὐτῆς,

228 1899 265 1965 ἢ
298 1901 391 1950 καὶ
420 1901 564 1952 κατὰ
599 1903 770 1969 μόνην
802 1904 1015 1956 οίκείαν
1048 1906 1329 1975 βούλησιν,
1363 1907 1441 1977 τῷ
1473 1910 1607 1979 περὶ
1637 1911 1817 1980 ἁρπα-

229 1990 337 2056 γῆς
366 1992 516 2059 νόμῳ
537 1994 785 2061 ἐνέχεται
826 1998 905 2055 εἰς
930 1996 1215 2064 ἐκδίκησιν
1258 1999 1359 2066 τῆς
1422 2000 1651 2065 ἀταξίας
1704 2000 1813 2055 τῶν

233 2079 451 2132 πολλῶν
503 2085 598 2134 καὶ
659 2084 962 2154 ἀναστολὴν
1008 2087 1117 2138 τῶν
1184 2087 1433 2143 λοιπῶν·
1484 2090 1667 2155 καθὼς
1690 2092 1817 2145 τοῦ·

234 2190 294 2223 το
358 2178 494 2242 φησι
543 2176 604 2226 τὸ
640 2174 689 2228 α’
738 2193 867 2245 κεφ.
938 2179 1031 2230 τοῦ
1090 2180 1169 2250 νη’
1227 2180 1411 2235 τίτλου
1468 2185 1562 2236 τοῦ
1633 2186 1678 2249 ξ’
1730 2185 1816 2255 βι-

229 2265 385 2317 ϐλίου
430 2267 558 2336 περὶ
587 2268 649 2319 τὸ
688 2269 841 2331 τέλος
896 2268 1039 2322 οὑτω
1094 2271 1255 2339 λέγον
1288 2290 1303 2305 ο
1346 2275 1410 2326 Δί
1449 2274 1505 2327 δὲ
1553 2277 1815 2346 τιμωρίαι

230 2359 335 2426 τῆς
368 2358 672 2423 διατάξεως
702 2363 876 2414 πᾶσαι
918 2362 1168 2416 ἔστωσαν
1200 2367 1324 2417 κατ’
1350 2367 1533 2419 αὐτῶν
1579 2368 1690 2424 τῶν
1714 2370 1817 2439 ἀρ·

229 2451 534 2503 πασάντων
571 2453 665 2504 καὶ
691 2452 1078 2522 βοηθησάντων
1110 2457 1297 2519 αὑτοῖς
1363 2459 1423 2509 ἐν
1464 2462 1530 2529 τῇ
1566 2460 1819 2533 ἁρπαγῇ.

229 2544 296 2594 Οί
326 2542 513 2609 μέντοι
539 2546 848 2608 συνειδότες
880 2548 976 2598 καὶ
1016 2547 1492 2618 ὑπηρετήσαντες,
1522 2554 1618 2606 καὶ
1688 2555 1819 2607 ὑπο⁴

230 2637 523 2704 δεξάμενοι
556 2638 587 2706 ἢ
617 2638 737 2689 οἵαν
752 2638 814 2707 δή
844 2656 966 2690 τινα
1000 2642 1234 2709 σπουδὴν
1258 2644 1441 2705 αὐτοῖς
1472 2647 1822 2712 συνενεγκόν-

232 2745 350 2793 τες,
378 2731 443 2798 τῇ
473 2730 743 2799 εἰρημένῃ
778 2731 1024 2801 τιμωρία
1060 2732 1499 2797 ὑποκείσθωσαν,
1552 2736 1660 2787 εἴτε
1693 2736 1821 2806 βου-

233 2826 489 2893 λομὲνων
517 2826 624 2877 τῶν
680 2827 959 2893 γυναικῶν
984 2826 1094 2879 είτε
1136 2830 1231 2880 καὶ
1267 2830 1341 2897 μὴ
1382 2828 1727 2895 βουλομένων
1786 2832 1819 2899 ἡ

237 2916 473 2985 ἁρπαγὴ
507 2918 726 2984 γέγονε.
757 2918 929 2971 Τοῦτο
961 2918 1018 2971 δὲ
1047 2919 1241 2988 ἐκρίθη
1279 2920 1422 2972 οὕτω
1491 2920 1587 2973 καὶ
1647 2923 1728 2983 είς
1762 2922 1823 2974 τὸ

240 3009 527 3078 βασιλικὸν
555 3008 710 3077 βῆμα
747 3010 842 3061 ἐπὶ
875 3012 940 3078 τῇ
965 3009 1222 3061 ὑποθέσει
1267 3010 1361 3061 τοῦ
1394 3009 1501 3079 Σὴθ
1534 3012 1823 3079 ἁρπάσαν-

1910 630 2000 694 qui
2038 627 2279 689 viduam,
2328 642 2446 694 qua:
2482 626 2564 681 sui
2603 636 2685 678 est
2734 626 2894 694 juris,
2925 627 3025 679 hoc
3058 625 3213 678 modo
3248 623 3466 688 recepit.

1910 719 2045 772 Illud
2070 730 2272 780 autem,
2297 718 2413 771 Non
2436 726 2513 772 est
2542 718 2699 771 nobis
2721 716 3011 785 ﬁgurarum
3042 724 3094 768 et
3121 725 3469 781 prmtextuum

1912 810 2016 863 ulla
2050 826 2178 863 cura
2210 811 2465 878 gerenda,
2495 817 2578 863 est
2599 806 3001 876 hujusmodi.Si
3034 807 3248 869 mulier,
3280 806 3474 874 inquit,

1910 898 2142 953 fortasse
2198 900 2523 952 erubescens
2578 914 2632 953 se
2682 899 2905 951 amatori
2950 898 3031 951 vel
3072 907 3275 956 amato,
3335 899 3474 961 quod

1914 990 2077 1044 homo
2105 990 2349 1057 abjectus
2374 993 2463 1053 sit,
2502 991 2736 1053 tradere,
2768 990 2982 1042 ﬁnxerit
3009 1002 3070 1042 se
3104 996 3305 1054 raptam
3336 1000 3475 1043 esse.

1911 1096 2032 1135 eum
2086 1092 2260 1135 tamen
2296 1097 2391 1135 sua
2432 1091 2623 1150 sponte
2674 1090 2856 1135 secuta
2911 1089 3014 1142 est,
3058 1079 3239 1147 [ig-me
3295 1094 3476 1129 revera

1913 1186 2005 1224 seu
2035 1172 2399 1225 simulationis
2433 1173 2633 1225 nullam
2660 1186 2841 1225 curam
2875 1172 3111 1240 gerimus
3138 1169 3231 1223 sed
3267 1168 3479 1221 veritati

1914 1266 2265 1320 attendimus.
2311 1264 2375 1317 Et
2411 1265 2529 1333 lege
2565 1281 2686 1318 can.
2737 1266 2824 1327 53,
2869 1265 2993 1318 huic
3049 1261 3482 1329 interpretationi

1912 1356 2361 1409 consentientem.
2431 1354 2561 1407 Eum
2619 1366 2837 1417 autem,
2901 1354 2993 1423 qui
3057 1352 3327 1404 mulierem
3387 1366 3479 1433 sua

1914 1455 2108 1513 sponte
2159 1449 2355 1515 rapuit,
2431 1462 2535 1500 non
2590 1462 2710 1501 esse
2773 1448 2986 1499 crimini
3046 1444 3358 1503 obnoxium,
3410 1442 3480 1493 ita

1914 1538 2099 1606 accipe
2131 1546 2190 1589 ut
2235 1539 2282 1591 ei
2343 1538 2483 1589 nulla
2522 1552 2674 1605 pcena
2726 1539 2984 1590 caltOIIlt'a
3049 1538 3116 1590 sit
3169 1533 3478 1599 inﬂigenda.

1916 1628 2017 1694 Qui
2078 1630 2225 1682 enim
2280 1629 2583 1691 mulierem,
2644 1644 2764 1696 quas
2812 1639 2892 1683 est
2922 1630 2999 1681 sui
3029 1628 3189 1696 juris.
3228 1626 3308 1679 vel
3364 1639 3478 1690 qua:

1921 1721 2148 1776 alterius
2204 1720 2458 1791 potestati
2495 1721 2800 1789 subjicitur,
2833 1736 2927 1773 seu
2964 1721 3240 1773 voluntate
3291 1717 3478 1784 ipsius.

1918 1827 2010 1867 seu
2043 1812 2258 1881 propria
2294 1812 2408 1865 sola
2437 1811 2714 1865 voluntate
2745 1811 2943 1878 rapuit,
2974 1816 3154 1874 raptus
3190 1807 3305 1874 lege
3333 1816 3479 1856 tene-

1920 1916 2007 1959 tur
2038 1893 2104 1959 ad
2134 1904 2427 1959 multorum
2472 1902 2811 1959 insolentiam
2843 1900 3238 1957 vindicandam,
3272 1906 3325 1949 et
3354 1895 3480 1948 reli-

1919 2014 2145 2069 quorum
2174 1998 2635 2066 comprimendam
2666 2013 2680 2049 :
2715 1996 2852 2050 sicut
2876 1994 2979 2047 hoc
3014 1993 3143 2045 dicit
3172 1991 3328 2059 prim.
3354 2004 3473 2054 cap.

1924 2092 2065 2146 tituli
2102 2092 2190 2152 58.
2222 2092 2316 2146 lib.
2350 2106 2440 2155 ιι,
2462 2090 2605 2159 quod
2634 2089 2773 2143 circa
2810 2087 2967 2141 linem
2992 2086 3066 2140 sic
3094 2084 3258 2138 dicit:
3288 2079 3479 2133 Omnia

1921 2193 2103 2239 autem
2159 2183 2564 2238 constitutionis
2606 2180 2864 2250 supplicia
2920 2179 3029 2231 sint
3082 2178 3339 2229 adversus
3387 2185 3481 2224 eos

1924 2278 2015 2345 qui
2053 2285 2369 2344 rapuerunt,
2410 2285 2465 2328 et
2512 2274 2601 2343 qui
2660 2272 2739 2324 eis
2763 2272 2815 2324 in
2850 2280 3001 2337 raptu
3033 2281 3185 2335 opem
3224 2265 3477 2318 tulerunt.

1924 2367 2024 2434 Qui
2048 2367 2266 2421 consilii
2304 2366 2517 2435 quidem
2547 2365 2781 2426 fuerunt,
2811 2372 2865 2415 et
2894 2374 3054 2429 opera
3104 2372 3199 2410 sua
3232 2358 3483 2424 juverunt

1923 2470 1977 2514 et
2030 2468 2407 2527 susceperunt,
2460 2457 2542 2511 vel
2597 2454 2891 2522 quamlibet
2920 2467 3075 2522 opem
3127 2451 3193 2503 iis
3227 2450 3479 2507 tulerunt,

1924 2544 2082 2607 dicta:
2106 2565 2279 2618 poenae
2301 2546 2675 2615 subjiciantur,
2700 2558 2793 2597 seu
2825 2541 3131 2595 volentibus
3172 2554 3263 2591 seu
3304 2537 3485 2589 uolen-

1929 2642 2072 2695 tibus
2107 2640 2424 2694 mulieribus
2458 2646 2643 2705 raptus
2690 2634 2866 2689 factus
2915 2633 3006 2687 sit.
3060 2630 3172 2683 Hoc
3200 2639 3375 2680 autem
3430 2626 3481 2677 iu

1925 2733 2277 2803 imperatorio
2307 2732 2417 2800 90
2449 2743 2660 2799 quoque
2690 2724 2941 2780 tribunali
2967 2724 3043 2777 sic
3068 2722 3359 2788 judicatum
3402 2726 3485 2771 est

1927 2826 1980 2879 in
2012 2840 2173 2879 causa
2217 2822 2482 2890 Seth,qui
2513 2830 2769 2887 rapuerat
2795 2818 2953 2872 tiliam
2978 2814 3093 2880 eius
3120 2814 3209 2880 qui
3240 2820 3487 2863 reccntcr

1928 2917 2103 2971 fuerat
2150 2915 2499 2968 illuminatus.
2541 2911 2636 2965 Sin
2687 2918 2864 2962 autem
2906 2905 3037 2959 velis
3062 2904 3260 2961 dicere,
3292 2900 3341 2951 in
3370 2915 3487 2952 mu—

1925 3011 2110 3064 lierem
2134 3022 2242 3059 non
2278 3019 2462 3058 revera
2485 3003 2689 3056 factum
2720 3014 2843 3054 esse
2872 3007 3105 3065 raptum,
3138 2993 3226 3047 sed
3286 3006 3379 3057 per
3418 2990 3492 3040 si-

236 3118 333 3163 τος
374 3100 475 3169 τὴν
510 3101 792 3168 θυγατέρα
824 3100 920 3152 τοῦ
963 3102 1348 3168 νεοφωτίστου.
1417 3102 1477 3153 Εί
1528 3102 1585 3153 δὲ
1650 3101 1825 3162 θέλεις

1930 3096 2302 3156 mulationem,
2362 3102 2422 3146 ut
2478 3093 2731 3161 superius
2777 3090 2976 3142 dictum
3023 3095 3140 3146 est;
3190 3096 3288 3135 nec
3319 3094 3493 3148 parua:

236 3194 421 3245 εἰπεῖν
446 3192 519 3262 μὴ
571 3192 826 3258 γενέσθαι
868 3194 946 3254 είς
985 3193 1084 3261 τὴν
1170 3198 1411 3258 γυναῖκα
1462 3194 1529 3261 τῇ
1589 3191 1897 3281 ἀληθείας

1851 3218 1897 3281 C
1929 3186 2206 3240 canonica;
2233 3184 2410 3238 locum
2448 3183 2747 3242 habebunt,
2777 3194 2877 3233 nec
2910 3178 3056 3247 leges
3099 3188 3219 3243 quae
3251 3179 3492 3281 raptqres

238 3283 526 3355 ἁρπαγὴν,
559 3284 696 3337 ἀλλὰ
755 3284 901 3336 κατὰ
957 3284 1346 3353 προσποίησιν,
1393 3285 1577 3347 καθὼς
1622 3263 1897 3337 ἄνωθενυ

1825 3263 1897 3323 ιυ
1928 3279 2201 3347 puniunt:
2259 3276 2351 3329 sed
2404 3275 2576 3328 solum
2632 3272 2846 3325 actione
2890 3268 3211 3336 iujuriarum
3248 3263 3493 3332 patribus

239 3379 498 3445 εἴπομεν,
568 3376 694 3429 οὔτε
728 3376 795 3427 τὰ
822 3376 1083 3444 ἐπιτίμια
1111 3375 1293 3438 ἕξουσι
1352 3374 1562 3445 χώραν,
1594 3375 1718 3427 οὔτε
1774 3378 1825 3428 οί

1931 3367 2284 3427 tenebuntur,
2312 3365 2520 3431 quieas
2548 3370 2806 3430 ceperunt
2835 3374 2952 3427 quae.
3004 3368 3160 3412 erant
3206 3355 3303 3409 sub
3347 3362 3494 3421 pote-

237 3472 399 3535 νόμοι
443 3472 492 3521 οί
517 3468 840 3530 κολάζοντες
876 3469 1000 3527 τοὺς
1029 3468 1290 3534 ἅρπαγας
1313 3483 1327 3498 ο
1366 3468 1501 3537 μόνη
1515 3468 1568 3519 δὲ
1602 3471 1668 3537 τῇ
1699 3469 1828 3536 περὶ

1923 3465 2086 3519 state,
2128 3456 2261 3508 adeo
2286 3464 2340 3506 ut
2369 3465 2423 3507 et
2449 3454 2849 3506 matrimonium
2872 3452 3015 3519 quod
3050 3451 3189 3501 inter
3208 3463 3299 3501 eas
3330 3449 3496 3499 inter-

240 3560 460 3628 ὕϐρεως
510 3561 703 3625 ἀγωγῇ
739 3558 914 3627 ἔνοχοι
944 3557 1159 3609 ἔσονται
1196 3559 1308 3620 τοῖς
1358 3558 1600 3626 πατράσι
1629 3560 1677 3610 οί
1729 3559 1827 3613 λα-

1825 3592 1827 3600 ,
1924 3550 2113 3613 cessit,
2146 3561 2343 3617 prater
2370 3562 2555 3600 eorum
2598 3538 2931 3598 voluntatem
2983 3545 3084 3595 sub
3134 3555 3361 3609 quorum
3397 3554 3493 3606 po-

245 3653 440 3712 ϐὁντες
467 3652 565 3711 τὰς
592 3650 939 3713 ὑπεξουσίας,
965 3649 1219 3702 τοσοῦτον
1246 3649 1328 3702 ὅτι
1356 3650 1448 3702 καὶ
1482 3651 1511 3702 6
1534 3651 1826 3720 γενόμενος

1928 3649 2123 3694 testate
2167 3646 2313 3697 sunt.
2352 3638 2422 3690 sit
2457 3635 2838 3700 separandum.
2885 3632 3026 3701 Lege
3062 3647 3183 3686 can.
3243 3630 3311 3684 58
3341 3629 3498 3694 hujus

242 3746 426 3812 γάμος
463 3744 626 3806 μέσον
654 3742 862 3793 τούτων
888 3740 1039 3810 παρᾶ
1064 3741 1295 3810 γνώμην
1323 3742 1430 3793 τῶν
1465 3742 1698 3811 ἑχόντων
1726 3743 1827 3794 αὑ-

1930 3731 2128 3791 saucti,
2167 3730 2228 3783 ιι
2283 3738 2336 3782 et
2381 3728 2473 3783 42.
2524 3727 2758 3780 Sanctus
2817 3734 2993 3778 autem
3059 3733 3205 3777 recte
3256 3721 3500 3775 meminit

242 3838 344 3897 τὰς
379 3834 706 3898 ὑπεξουσίας
740 3833 1235 3901 διασπασθήσεται.
1271 3834 1382 3886 Kal.
1431 3832 1709 3899 ἀνάγνωθι
1736 3833 1829 3885 τὸν

1822 3849 1829 3880 ι
1926 3822 2095 3888 stupri
2113 3830 2161 3876 et
2179 3821 2329 3875 furti.
2356 3822 2608 3889 Stuprum
2631 3818 2772 3872 enim
2804 3818 2861 3871 iit
2883 3816 3096 3886 proprie
3120 3816 3173 3869 in
3190 3815 3447 3883 virginem
3475 3829 3490 3876 ;

238 3922 327 3991 λη’
358 3924 564 3975 κανόνα
598 3920 693 3973 τοῦ
720 3920 879 3987 ἁγίου
931 3918 1148 3985 τούτου,
1184 3923 1275 3973 τὸν
1311 3918 1405 3987 μα’
1432 3921 1527 3973 καὶ
1595 3920 1687 3973 τὸν
1718 3918 1829 3990 μβ’.

1822 3960 1829 3977 ,
1932 3914 2133 3968 furtum
2184 3922 2389 3975 autem.
2435 3926 2529 3967 seu
2577 3910 2804 3964 furtivus
2831 3906 3148 3963 concubitus
3181 3906 3233 3959 in
3267 3904 3490 3957 liberam

242 4011 450 4072 Καλῶς
482 4011 537 4062 δὲ
598 4007 847 4078 ἐμνήσθη
873 4010 899 4060 6
922 4007 1079 4075 ἅγιος
1109 4008 1317 4077 φθορᾶς
1346 4010 1440 4062 καὶ
1476 4008 1705 4076 κλοπῆς.
1762 4008 1825 4063 Ἡ

1937 4018 2057 4074 quae
2080 4018 2187 4057 non
2220 4011 2302 4056 est
2335 4000 2671 4068 liujusmodi.
2727 3998 3020 4054 Amborum
3050 4003 3230 4049 autem
3260 3993 3503 4046 meminit

247 4102 351 4167 μὲν
398 4098 509 4167 γάρ
566 4096 742 4165 φθορά
772 4093 977 4163 κυρίως
1014 4094 1224 4161 γίνεται
1289 4096 1369 4158 είς
1400 4095 1499 4166 τὴν
1533 4096 1825 4165 παρθένον’

240 4191 275 4256 ἠ
318 4189 377 4241 δὲ
453 4184 791 4259 κλεψιγαμία
848 4184 929 4245 είς
1026 4182 1102 4253 μὴ
1168 4176 1799 4252 τοιαύτην’ὲλευθέραν.

1936 4094 2081 4162 quod
2117 4095 2283 4148 etiam
2304 4094 2505 4160 absque
2531 4106 2596 4145 eo
2611 4090 2752 4159 quod
2786 4089 2876 4144 θοι
2905 4097 3112 4157 raptus,
3142 4094 3198 4141 et
3226 4094 3502 4153 stuprator

1933 4194 1987 4241 et
2017 4184 2314 4239 fornicator
2336 4184 2655 4253 puniuntur.

252 4278 538 4349 Ἐμνήσθη
592 4278 651 4330 δὲ
703 4277 815 4329 τῶν
864 4275 977 4339 δύο,
1009 4275 1090 4330 ὅτι
1150 4276 1248 4329 καὶ
1300 4274 1421 4345 δίχα
1475 4274 1570 4328 τοῦ
1601 4274 1855 4343 γενέσθαι
1887 4276 2169 4347 ἁρπαγὴν,
2200 4276 2297 4329 και
2324 4277 2353 4328 6
2383 4274 2616 4345 φθορεὺς
2644 4272 2738 4326 καὶ
2797 4272 2826 4325 6
2879 4272 3074 4341 πόρνος
3119 4269 3497 4339 ἑπιτιμῶνται.

316 4445 570 4501 ΖΩΝΑΡ.
603 4446 741 4507 Τοὺς
787 4447 1138 4515 ἁρπάζοντας
1192 4447 1483 4512 γυναῖκας,
1557 4446 1653 4499 καὶ
1703 4449 1829 4509 τοὺς
1863 4460 1907 4515 ι)

1863 4460 1907 4515 ι)
2009 4447 2262 4505 ZONAB.
2328 4448 2427 4515 Qui
2488 4447 2744 4502 mulieres
2805 4446 3044 4514 rapiunt,
3098 4445 3299 4515 quique
3360 4446 3504 4516 ipsos

246 4540 655 4609 συνεργοῦντας
698 4540 887 4599 αὐτοῖς
922 4538 1015 4589 ἐπὶ
1064 4539 1311 4607 τριετίαν
1385 4540 1412 4589 6
1464 4538 1620 4605 ἅγιος
1671 4533 1833 4602 οὗτος

244 4637 455 4703 ὥρισεν
507 4634 610 4697 ἔξω
657 4632 769 4683 τῶν
800 4632 971 4697 εὑχῶν
1030 4632 1317 4696 γίνεσθαι⁶
1358 4632 1532 4701 ἤγουν
1605 4634 1665 4684 ὲν
1748 4633 1828 4701 τῷ

246 4724 479 4794 προνάῳ
510 4722 764 4774 ἵστασθαι
801 4720 939 4788 μετὰ
987 4720 1097 4771 τῶν
1181 4720 1239 4770 ὲν
1288 4721 1571 4789 ἀκροάσει.
1658 4722 1719 4772 Εἰ
1766 4722 1828 4773 δὲ

248 4816 459 4869 ἑκοῦσα
483 4814 619 4883 γυνὴ
652 4814 819 4881 ἐπιδῷ
841 4813 1044 4881 ἑαυτὴν
1078 4812 1152 4881 μη
1188 4814 1664 4882 προηγησαμένης
1697 4812 1827 4881 φθο-

252 4909 377 4977 ρᾶς,
416 4906 551 4974 μηδὲ
584 4905 816 4971 κλοπῆς,
845 4904 967 4957 ἀντὶ
1000 4903 1095 4955 τοῦ
1154 4902 1421 4974 λαθραίας
1481 4904 1700 4971 μίξεως,
1736 4905 1830 4955 άν-

249 4998 483 5058 εὑθυνός
519 5000 668 5048 ἐστιν
691 4999 717 5047 6
746 4996 950 5063 ταύτην
976 4993 1176 5057 λαϐὼν,
1207 4989 1297 5047 οἷα
1332 4995 1467 5063 μηδὲ
1522 4997 1642 5063 βίας
1669 5013 1837 5063 μεσο-

250 5089 599 5155 λαϐησάσης,
626 5090 673 5138 εί
708 5086 846 5147 τέως
880 5084 1205 5149 αὑτεξουσία
1230 5083 1299 5156 ἦν
1327 5089 1359 5157 η
1384 5087 1542 5155 γυνή.
1612 5086 1674 5138 Et
1725 5087 1835 5157 γάρ

250 5178 557 5243 ὑπεξουσία
584 5174 673 5246 ἦν,
708 5179 835 5231 άνευ
871 5176 964 5229 τιιῦ
996 5178 1212 5246 ἔχοντος
1271 5178 1445 5244 αὐτὴν
1501 5178 1832 5242 ὑπεξουσίαν

251 5269 515 5323 ἐπιδοῦσα
551 5270 751 5336 ἑαυτὴν
784 5268 939 5338 ἀνδρὶ
969 5269 1031 5321 οὐ
1076 5266 1349 5334 λογίζεται
1394 5268 1572 5335 γάμον
1639 5268 1834 5319 συναλ-

249 5362 500 5414 λάσσειν.
531 5360 592 5411 Εἰ
622 5361 731 5429 γὰρ
760 5358 1013 5428 βούλεται
1043 5362 1070 5411 6
1104 5359 1244 5426 έχων
1278 5358 1607 5422 ὑπεξουσίαν
1656 5360 1827 5424 αὐτὴν

250 5454 551 5506 διασπάσει
584 5454 643 5502 τὸ
672 5452 1036 5515 συνοικὲσιον,
1069 5451 1145 5513 ὠς
1171 5452 1199 5502 6
1235 5449 1315 5522 λη’
1342 5450 1518 5503 κανὼν
1559 5452 1831 5521 περιέχει,

254 5547 349 5598 καὶ
386 5545 412 5594 6
442 5550 530 5611 μα’
564 5545 657 5597 καὶ
687 5545 714 5595 6
743 5542 854 5612 μβ’.
887 5544 1052 5595 Ὅθεν
1088 5544 1272 5612 φησιν,
1336 5546 1432 5596 ἐὰν
1505 5543 1832 5608 αὑτεξουσία

258 5629 489 5706 χήρα
530 5636 623 5685 καὶ
658 5634 747 5685 ἐπ’
786 5636 921 5703 αὐτῇ
958 5636 1159 5700 κεῖται,
1190 5635 1357 5704 ⁴ἤγουν
1388 5635 1482 5686 ἐπὶ
1513 5636 1579 5702 τῇ
1614 5633 1832 5701 θελήσει

262 5727 439 5791 αὐτῆς
490 5727 551 5777 τὸ
574 5725 940 5790 ἀκολουθῆσαι
999 5726 1177 5794 ἀνδρὶ,
1208 5728 1235 5776 6
1266 5725 1470 5794 ταύτην
1504 5724 1685 5777 λαϐὼν
1731 5727 1832 5777 οὑκ

259 5818 565 5870 saeuum.
600 5817 671 5869 Τὸ
703 5817 781 5878 δὲ,
812 5817 932 5869 Τῶν
968 5817 1261 5885 σχημάτων
1318 5819 1449 5887 ημῖν
1497 5816 1557 5869 οὑ
1613 5832 1833 5883 φροντι-

1939 4542 2141 4596 auxilio
2162 4541 2371 4610 juvant,
2403 4539 2638 4593 triennio
2671 4538 2761 4593 hic
2788 4538 2871 4593 vir
2896 4548 3118 4593 sanctus
3144 4546 3292 4592 extra
3318 4552 3507 4607 preca-

1940 4638 2114 4689 tiones
2146 4649 2266 4689 csse
2294 4632 2575 4687 decernit:
2612 4632 2713 4685 hoc
2752 4639 2837 4684 est
2868 4631 2919 4684 in
2950 4630 3216 4685 vestibulo
3241 4630 3383 4684 inter
3412 4647 3509 4684 au-

1941 4728 2152 4782 dientes
2180 4725 2509 4782 consistere.
2546 4722 2699 4789 (ξιιοά
2732 4724 2777 4777 si
2816 4724 3011 4777 mulier
3040 4722 3228 4777 volens
3274 4724 3507 4793 seipsam

1940 4821 2141 4882 tradat,
2172 4818 2466 4872 dummodo
2497 4817 2701 4872 nullum
2735 4815 3077 4885 praecesserit
3110 4824 3383 4884 stuprum,
3416 4831 3510 4870 ne-

1938 4928 2043 4982 que
2070 4912 2294 4975 furtum,
2334 4912 2436 4966 boc
2465 4920 2548 4965 est
2574 4910 2781 4964 occulta
2812 4908 3143 4969 eommistia.
3176 4908 3302 4962 nulli
3335 4924 3508 4977 pinnat

1940 5005 2043 5058 erit
2077 5004 2347 5057 obnoxius
2370 5001 2460 5071 qui
2508 5001 2645 5055 hanc
2671 5001 2964 5068 acceperit,
2988 5000 3183 5068 quippe.
3210 5014 3331 5052 cum
3364 4999 3507 5053 nulla

1940 5090 2024 5144 vis
2053 5088 2448 5152 intercesserit,
2478 5090 2638 5141 modo
2671 5098 2847 5141 tamen
2884 5089 2966 5141 sui
2992 5087 3131 5157 juris
3168 5086 3307 5141 foret
3358 5088 3508 5142 femi-

1941 5196 2030 5234 ua.
2090 5180 2145 5235 Si
2191 5196 2424 5248 namque
2456 5181 2557 5234 sub
2612 5179 2838 5234 alterius
2879 5191 3023 5233 esset
3052 5188 3337 5247 potestate,
3364 5196 3425 5233 ac
3454 5196 3511 5234 se

1941 5274 2147 5341 absque
2180 5270 2297 5339 ejus
2318 5271 2581 5326 facultate
2631 5270 2715 5324 cui
2765 5270 2976 5325 subdita
3023 5282 3103 5324 est
3155 5271 3270 5324 viro
3323 5272 3506 5330 tradit.

1938 5361 2233 5415 conciliare
2264 5360 2677 5414 matrimonium
2706 5360 3120 5429 haudquaquam
3148 5362 3506 5416 existimatur.

1937 5452 1995 5505 Si
2030 5467 2263 5519 namque
2294 5452 2421 5503 velit
2453 5451 2539 5504 ille
2576 5452 2731 5519 cujus
2769 5452 2869 5504 sub
2896 5461 3163 5516 potestate
3183 5460 3283 5513 est.
3316 5453 3509 5506 dissol-

1939 5552 2024 5595 vet
2055 5544 2290 5610 nuptias,
2321 5552 2377 5595 ιιι
2404 5557 2523 5596 can.
2546 5542 2637 5605 58,
2670 5544 2730 5596 Η
2764 5552 2815 5593 et
2837 5540 2926 5605 Ω,
2950 5541 3283 5597 decernitur.
3320 5544 3509 5597 Proin-

1937 5636 2002 5687 de
2028 5635 2124 5698 ait,
2153 5635 2199 5687 si
2238 5636 2318 5689 sui
2345 5636 2486 5703 juris
2533 5636 2686 5687 vidua
2724 5634 2903 5696 fuerit,
2951 5645 3005 5687 et
3036 5636 3084 5686 in
3128 5636 3240 5702 ipsa
3274 5637 3507 5703 positum

1939 5737 2039 5789 est,
2080 5726 2336 5779 nimirum
2374 5728 2442 5780 ab
2465 5726 2610 5781 illius
2634 5726 2866 5780 arbitrio
2902 5729 3103 5793 pendet
3137 5729 3288 5795 sequi
3311 5731 3506 5791 virum,

1936 5816 2025 5881 qui
2062 5816 2200 5871 hanc
2232 5818 2441 5887 accepit
2468 5817 2597 5871 nulli
2631 5832 2802 5887 pinum
2829 5818 3094 5874 obnoxius
3116 5828 3221 5873 est.
3246 5817 3378 5874 Illud
3414 5835 3507 5876 vc-
