4224 6446
746 398 779 450 Ii
804 399 853 453 l5

1983 395 2253 452 'I'IIEUD.
2299 392 2689 451 BALSAMON

3859 387 3977 448 696

745 508 824 553 eis
853 512 1165 565 pnesentem
1198 516 1319 554 can.
1349 502 1644 561 adversari,
1674 502 1810 555 Sunt
1832 502 1971 554 enim
2015 501 2295 568 speciales,
2336 507 2372 559 Α
2404 521 2413 553 ι

2336 507 2372 559 Α
2404 503 2493 553 καὶ
2548 507 2642 569 τῆς
2697 502 3018 570 Ἐκκλησίας
3054 502 3437 562 ἐκκόπτοντας,
3482 501 3554 568 μὴ
3614 503 3769 568 εἴπῃς
3818 501 3972 550 ἑναντ

747 590 993 655 specialia
1031 606 1155 644 vero
1183 592 1245 642 ad
1276 596 1578 658 exemplum
1605 608 1708 644 nou
1743 594 2066 654 trahuntur;
2101 592 2192 644 sed
2220 594 2304 643 dic
2408 610 2415 621 ε

2408 590 2646 642 τιοῦσθαι
2689 591 2894 672 τούτοις
2944 592 3034 642 τὸν
3079 593 3316 658 παρόντα
3369 591 3582 641 κανόνα.
3639 590 3814 639 Ὶδικοὶ
3864 589 3978 655 γάρ

748 685 886 748 apud
920 698 1014 736 eos
1049 683 1262 747 quidem
1289 684 1534 737 obtinere
1560 684 1647 737 ubi
1678 685 1805 736 editi
1833 692 1978 747 sunt,
2006 685 2057 734 in
2086 683 2305 749 reliquis
2409 699 2416 730 ι

2409 684 2533 739 εἰσι,
2578 681 2671 731 καὶ
2707 679 2773 732 τὰ
2817 682 2956 732 ἰδικά
3003 680 3099 748 οὑχ
3146 682 3395 732 ἕλκονται
3441 680 3573 747 προς
3629 678 3929 743 ὑπόδειγμα
3963 694 3975 706 ·

748 780 923 823 autem
951 770 1080 823 locis
1100 782 1413 838 praesentem
1440 786 1703 825 canouem
1725 772 2116 823 observandum
2155 784 2299 823 esse.

748 859 944 924 Excipe
973 859 1101 910 mihi
1124 875 1217 913 eos
1243 861 1330 925 qni
1359 869 1576 927 propter
1599 875 1789 913 causas
1816 860 2150 927 dogmaticas
2178 876 2309 911 con-

757 951 1097 1002 dcninantur.
1142 950 1196 1002 ln
1249 952 1354 1004 illis
1408 952 1572 1012 enim,
1604 951 1652 1001 id
1677 951 1819 1016 quod
1864 959 1945 1002 est
1982 950 2312 1018 synodaliter

751 1042 1168 1103 decernendum,
1207 1041 1362 1094 debet
1394 1041 1547 1103 fieri;
1587 1039 1841 1107 quoniam
1879 1055 1976 1093 nec
2013 1040 2078 1091 ad
2115 1052 2309 1107 pecca-

751 1140 862 1180 tum
890 1144 990 1183 nec
1028 1132 1091 1181 ad
1129 1132 1335 1182 crimen
1388 1132 1720 1183 reducuntur
1755 1129 2038 1183 lmresium
2086 1128 2310 1189 scelera,

751 1218 841 1272 sed
880 1228 1004 1273 sunt
1036 1220 1239 1284 majore
1266 1221 1735 1275 animadversione
1774 1222 1955 1289 digna.

811 1393 1064 1446 ZONAR.
1104 1395 1322 1461 .‘llagnus
1346 1396 1630 1465 Apostolus
1655 1396 2055 1464 etEvangelista
2079 1396 2314 1452 Joannes

755 1486 804 1537 in
838 1487 1005 1549 prima
1036 1501 1127 1537 sua
1157 1487 1417 1539 Catholica
1444 1487 1706 1555 Epistola.
1754 1488 1870 1553 Est,
1898 1492 2092 1558 inquit,
2128 1508 2312 1557 pecca-

754 1588 859 1628 tum
891 1580 956 1627 ad
991 1588 1202 1629 mortem
1224 1578 1262 1640 ί,
1303 1588 1349 1630 et
1380 1587 1455 1631 est
1486 1591 1754 1645 peccatum
1795 1597 1896 1633 non
1956 1583 2022 1633 ad
2066 1593 2309 1635 mortem.

750 1668 830 1720 Ad
871 1680 1098 1721 mortem
1126 1670 1342 1735 quidem
1392 1672 1553 1737 igitur
1599 1684 1877 1738 peccatum
1930 1687 2048 1726 esse
2092 1673 2309 1736 dicitur,

755 1759 893 1824 quud
934 1760 1002 1810 ad
1054 1774 1187 1827 Opus
1243 1775 1410 1825 usque
1467 1763 1825 1832 progreditur.
1884 1762 2037 1829 Quod
2086 1780 2213 1817 vero
2258 1766 2309 1817 in

755 1849 1157 1901 consultatione
1224 1860 1278 1903 et
1307 1865 1573 1904 consensu
1597 1852 1761 1915 sistit,
1802 1868 1907 1906 non
1937 1863 2019 1908 est
2057 1854 2124 1907 ad
2171 1869 2313 1906 mor-

756 1952 883 2002 tem,
918 1941 1078 1992 animi
1113 1940 1393 1993 nimirum.
1438 1940 1547 1994 Nec
1581 1941 1724 1994 enim
1773 1941 2069 1996 fornicatus
2101 1943 2315 2012 judica—

758 2041 927 2095 retur,
979 2032 1092 2097 qui,
1142 2047 1262 2084 cum
1317 2031 1659 2084 fornicationi
1715 2046 1971 2087 assensus
2018 2033 2201 2093 fuerit,
2248 2036 2314 2087 ab

754 2121 970 2174 actione
1026 2121 1138 2188 ipsa
1197 2120 1543 2175 nihilominus
1599 2121 1879 2175 abstinuit.
1938 2124 2027 2175 Ait
2082 2138 2315 2191 namque

754 2222 977 2281 quartus
1006 2212 1427 2268 Neocaesarianaa
1452 2218 1637 2285 synodi
1677 2231 1847 2270 canon
1879 2234 1891 2270 :
1937 2216 1989 2269 Si
2025 2216 2145 2281 quis
2193 2231 2313 2267 mu-

755 2301 941 2355 lierem
972 2304 1361 2369 concupiscens
1390 2320 1509 2357 cum
1542 2306 1657 2374 ipsa
1686 2308 1924 2361 dormire
1954 2304 2311 2373 proposuerit.

754 2391 871 2458 ejus
895 2401 1071 2443 autem
1101 2392 1422 2447 desiderium
1455 2396 1520 2448 ad
1546 2412 1677 2462 opus
1702 2411 1804 2449 non
1832 2396 2073 2459 venerit;
2103 2392 2316 2447 videtur

758 2494 877 2531 esse
909 2495 934 2531 a
965 2484 1135 2548 gratia
1182 2482 1456 2537 liberatus.
1485 2478 1548 2537 Et
1578 2500 1683 2537 non
1718 2485 1933 2554 quidem
1970 2483 2315 2547 irreprehen-

755 2570 928 2623 sibilis
956 2573 1059 2623 erit
1106 2588 1396 2637 assensus;
1446 2586 1843 2639 verumtamen,
1901 2576 2313 2643 haudquaquam

755 2661 1090 2727 depositione
1114 2664 1676 2733 dignnsjudicabitur,
1729 2668 1819 2733 qui
1862 2681 2144 2720 assensum
2198 2675 2315 2716 tan-

752 2757 1033 2806 tummodo
1061 2757 1333 2822 prxstitit.
1373 2756 1559 2825 Neque
1590 2772 1716 2811 vero
1756 2759 1845 2827 qui
1882 2758 1949 2809 de
1994 2757 2173 2824 aliquo
2218 2757 2316 2808 lm-

756 2842 900 2896 mine
935 2844 1309 2900 interficiendo
1353 2849 1691 2914 deliberavit,
1721 2861 1774 2902 et
1819 2849 2158 2915 aliquatenus
2189 2848 2316 2899 huic

752 2934 1131 2989 consultationi
1169 2940 1489 3006 immoratus
1531 2950 1633 3003 est,
1665 2940 1855 2992 deinde
1888 2949 2065 2990 autem
2108 2937 2174 2990 ab
2225 2936 2313 2987 illa

752 3026 984 3086 destitit,
1017 3042 1116 3079 nec
1146 3031 1296 3094 operi
1322 3044 1515 3083 manus
1552 3030 1811 3091 admovit,
1860 3028 2125 3081 homicida
2166 3026 2311 3094 judi-

2408 770 2522 821 ἀλλ’
2549 771 2775 831 ἐκείνοις
2810 771 2907 832 μὲν
2935 772 3059 837 λέγε
3090 773 3312 838 κρατεῖν
3338 770 3463 831 ἔνθα
3488 771 3548 836 δὴ
3581 769 3674 820 καὶ
3699 770 3981 835 ὲξειρωνή-

2412 856 2599 921 θησαν,
2637 860 2715 919 είς
2745 858 2799 908 δὲ
2831 857 2897 908 τὰ
2930 858 3089 909 λοιπὰ
3118 860 3337 925 κρατεῖν
3363 858 3452 908 τὸν
3480 858 3720 924 παρόντα
3751 858 3979 908 κανόνα.

2425 947 2675 1008 ’Υπέξελέ
2704 966 2792 1014 μοι
2814 948 2939 1010 τοὺς
2956 948 3042 999 διὰ
3058 949 3390 1015 δογματικὰς
3413 948 3690 1008 ὑποθέσεις
3711 964 3986 1015 κατακρι-

2411 1037 2685 1101 νομένους.
2736 1038 2853 1088 Ἐπ’
2876 1037 3103 1098 ἐκείνοις
3144 1040 3251 1102 γὰρ
3290 1038 3347 1086 τὸ
3381 1034 3671 1095 συνοδικῶς
3701 1035 3986 1101 6109:6611-

2414 1126 2637 1194 σύμενον
2675 1127 2876 1193 ὀφείλει
2911 1125 3151 1193 γίνεσθαι
3172 1142 3187 1157 ·
3221 1127 3300 1177 ὅτι
3342 1124 3476 1192 μηδὲ
3505 1127 3585 1185 είς
3614 1124 3921 1190 ἁμάρτημα
3954 1123 3987 1189 ἢ

2413 1216 2660 1285 ἔγκλημα
2706 1216 2775 1269 τὰ
2820 1218 2926 1267 τῶν
2979 1216 3242 1284 αἱρέσεων
3299 1215 3588 1281 ἀνάγονται
3628 1215 3988 1281 ἁτοπήματα,

2412 1307 2545 1360 ἀλλά
2572 1310 2677 1359 εἱσι
2696 1307 2936 1374 μείζονος
2966 1306 3293 1375 ἐκδικήσεως
3323 1305 3447 1368 ἄξια

2483 1396 2725 1449 ΖΩΝΔΡ.
2781 1395 2840 1447 ὐ
2872 1396 3043 1463 μέγας
3092 1395 3413 1456 Ἀπόστολος
3458 1395 3549 1445 καὶ
3590 1392 3991 1461 εὑαγγελιστὴς

2425 1488 2675 1552 Ἰωάννης
2712 1489 2770 1538 ἐν
2816 1489 2881 1563 τῇ
2929 1484 3119 1556 πρώτῃ
3165 1485 3273 1537 τῶν
3320 1483 3638 1537 Καθολικῶν
3685 1484 3992 1537 ἐπιστολῶν

2411 1576 2575 1629 αὑτοῦ
2613 1594 2775 1644 φησιν
2797 1592 2811 1605 ⁸
2853 1578 3055 1627 Ἔστιν
3100 1577 3352 1643 ἁμαρτία
3383 1575 3530 1641 πρὸς
3560 1575 3855 1637 θάνατον,
3892 1577 3993 1628 καί

2411 1667 2582 1718 ἐστιν
2606 1664 2858 1730 ἁμαρτία
2881 1667 2954 1717 οὺ
2986 1664 3436 1728 πρὸςθάνατον.
3464 1664 3606 1731 Πρὸς
3634 1664 3867 1716 θάνατον
3894 1666 3994 1733 μὲν

2411 1752 2504 1806 οὖν
2532 1758 2774 1823 ἁμαρτία
2801 1755 3015 1821 λέγεται
3050 1748 3192 1805 εἶναι
3226 1756 3259 1821 ἡ
3295 1755 3455 1824 μέχρι
3488 1754 3740 1823 πράξεως
3770 1772 3994 1823 προχω-

2420 1848 2661 1916 ρήσασα’
2699 1846 2733 1913 ἡ
2756 1844 2811 1896 δὲ
2852 1847 3012 1913 μέχρι
3042 1845 3135 1895 τοῦ
3164 1845 3558 1912 βουλεύσασθαι
3590 1848 3685 1897 καὶ
3716 1864 3999 1911 συγκατα-

2421 1934 2607 1985 θέσθαι
2644 1933 2702 1983 οὑ
2755 1932 2887 1998 πρὸς
2921 1933 3170 1993 θάνατον,
3210 1931 3449 1998 δηλονότι
3498 1933 3589 1981 τὸν
3624 1932 3882 1999 ψυχικόν.
3920 1933 3995 1983 Οὑ

2416 2025 2521 2091 γὰρ
2544 2024 2737 2090 πόρνος
2761 2023 2825 2073 ἂν
2853 2020 3063 2089 κριθείη
3083 2023 3109 2072 6
3129 2020 3422 2090 πορνεῦσαι
3443 2020 3997 2091 συγκατατιθέμενος,

2415 2086 2511 2180 τῆς
2541 2112 2595 2163 δὲ
2620 2086 3301 2178 ⁷πράξεως’ἀι-ιτοσχόμενος.
3350 2086 3631 2176 Φησὶ’γὰρ
3659 2110 3686 2158 6
3734 2108 3998 2173 tétaptzc

2416 2198 2597 2253 κανὼν
2620 2202 2717 2267 τῆς
2749 2202 2804 2250 ὲν
2834 2200 3234 2269 Νεοκαισαρείᾳ
3263 2198 3479 2250 συνόδου
3506 2214 3520 2228 ·
3567 2199 3690 2250 Ἐὰν
3719 2197 3999 2266 προθῆταί

2415 2308 2494 2352 τις
2538 2291 2881 2358 ἐπιθυμήσας
2926 2291 3183 2354 γυναικὸς
3229 2288 3666 2356 συγκαθευδῆναι
3711 2289 3881 2356 αὑτῇ,
3922 2289 3997 2355 μὴ

2416 2380 2540 2450 ἔλθῃ
2590 2381 2646 2432 δὲ
2693 2382 2770 2440 είς
2806 2380 2966 2447 ἔργον
2997 2380 3208 2448 αὑτῷή
3256 2382 3573 2450 ὲνθύμησις,
3612 2380 3865 2447 φαίνεται
3916 2379 3999 2429 ὅτι

2416 2471 2519 2523 ὑπὸ
2546 2472 2643 2539 τῆς
2672 2471 2890 2540 χάριτος
2924 2470 3184 2539 ὲρρύσθη.
3214 2471 3323 2523 Καὶ
3353 2473 3451 2522 οὐκ
3477 2470 3866 2538 ἀνεπιτίμητος
3898 2471 4000 2536 μὲν

2415 2563 2899 2630 ἠ’συγκατάθεσις,
2926 2562 3040 2614 ἀλλ’
3064 2561 3182 2614 οὐδὲ
3206 2562 3574 2630 καθαιρέσεως
3604 2560 3749 2622 ἄξιος
3778 2562 3848 2612 ἂν
3880 2577 4001 2625 κρι-

2419 2651 2536 2721 θείη
2564 2652 3057 2719 συγκαταθέμενος.
3090 2652 3224 2703 Οὐδὲ
3257 2652 3354 2719 μὲν
3383 2652 3411 2700 ό
3433 2649 3689 2716 φονεῦσαί
3715 2666 3840 2701 τινα
3872 2649 4001 2717 βου-

2413 2745 2778 2810 λευσάμενος,
2814 2745 2906 2794 καὶ
2939 2743 3224 2809 ἐπιμείνας
3268 2742 3436 2809 μέχρι
3480 2740 3624 2801 τινὸς
3655 2738 3731 2808 τῷ
3774 2739 4003 2808 βουλεύ-

2418 2851 2569 2899 ματι,
2604 2830 2702 2884 εἶτ’
2734 2832 2977 2893 ἀποστὰς
3009 2830 3173 2883 αὑτοῦ
3205 2833 3299 2883 καὶ
3334 2831 3530 2899 πράξει
3564 2830 3635 2899 μὴ
3662 2832 4000 2899 ἐγχειρήσας

2413 2924 2690 2990 λογισθείη
2722 2923 2935 2989 φονεύς.
2972 2923 3077 2974 Καὶ
3106 2923 3341 2974 πειθέτω
3369 2924 3514 2990 ἡμᾶς
3589 2922 3717 2990 περὶ
3744 2922 3942 2973 τούτου
3972 2923 3999 2974 ό

2419 3016 2591 3084 μέγας
2636 3015 2693 3065 ιν
2745 3012 2993 3081 θεολογίᾳ
3035 3012 3354 3081 Γρηγόριος,
3406 3012 3613 3078 λέγειν’
3670 3012 3732 3062 Et
3785 3011 3997 3078 κρίνεις

750 3117 983 3171 nubitur.
1018 3117 1094 3168 Ae
1128 3118 1283 3170 nobis
1328 3120 1542 3187 quidem
1587 3119 1740 3173 fidem
1792 3119 1951 3172 faciat
2002 3119 2101 3171 bac
2142 3118 2206 3170 dc
2250 3130 2308 3168 re
2343 3145 2384 3201 C

2343 3145 2384 3201 C
2419 3106 2578 3172 φόνου
2609 3106 2699 3157 τὸν
2732 3104 2948 3170 φονικὸν
2991 3106 3052 3155 ὲκ
3086 3106 3248 3172 μόνου
3296 3101 3390 3155 τοῦ
3432 3103 3749 3172 βούλεσθαι,
3793 3106 3888 3154 καὶ
3931 3104 4000 3153 τὰ

752 3220 976 3273 magnus
1003 3205 1305 3273 Tlteologns
1369 3206 1683 3274 Gregorius,
1734 3209 1997 3261 dicendo:
2051 3206 2104 3259 Si
2154 3205 2315 3257 ca‘dis

751 3298 980 3348 damnas
1002 3295 1324 3350 homicidam
1351 3313 1413 3351 ex
1441 3314 1507 3352 eo
1549 3300 1721 3352 solum
1768 3299 1907 3364 quod
1971 3296 2311 3365 cogitaverit,

750 3396 803 3438 et
837 3401 954 3454 quae
1002 3400 1326 3456 sequuntur.
1384 3391 1579 3443 Eodem
1610 3391 1767 3444 modo
1814 3404 2039 3456 magnns
2100 3400 2310 3455 quoque

748 3476 1005 3539 Basilius,
1044 3487 1103 3530 ut
1145 3480 1344 3532 dictum
1404 3490 1505 3542 est,
1555 3480 1912 3548 Evangelisla:
1949 3481 2107 3531 verba
2154 3494 2307 3530 assu-

748 3580 924 3629 mens,
954 3566 1028 3619 ait
1060 3567 1311 3630 clericos,
1356 3571 1446 3637 qui
1478 3580 1758 3639 peceatnm
1801 3571 1866 3624 ad
1908 3578 2135 3622 mortem
2180 3583 2303 3633 pec-

749 3666 895 3716 raut,
928 3658 1175 3712 excidere
1205 3660 1417 3727 quidem
1459 3663 1521 3714 de
1543 3661 1828 3715 sacerdotii
1869 3663 2055 3728 gradu,
2088 3673 2309 3710 verunt-

752 3758 927 3798 tamen
983 3762 1010 3798 a
1070 3747 1331 3802 laicorum
1364 3751 1742 3803 communione
1792 3765 1896 3803 non
1952 3748 2147 3807 arceri,
2202 3747 2304 3798 hoc

2418 3195 2564 3257 ἑξῆς.
2598 3194 2753 3246 Οὕτω
2782 3194 2837 3246 δὲ
2864 3196 2956 3245 καὶ
2983 3194 3010 3245 6
3045 3195 3215 3262 μέγας
3243 3194 3539 3255 Βασίλειος,
3567 3193 3756 3262 ὥσπερ
3778 3194 4000 3263 εἴρηται

2415 3284 2795 3354 ἐκλαϐόμενος,
2830 3286 2996 3352 φησὶ,
3026 3284 3150 3345 τοὺς
3178 3283 3276 3350 τὴν
3304 3285 3438 3354 πρὸς
3466 3283 3692 3336 θάνατον
3719 3286 4000 3354 ἁμαρτίαν

2413 3376 2825 3443 ἁμαρτάνοντας
2862 3373 3155 3442 κληρικοὺς
3196 3373 3485 3425 ἐκπίπτειν
3522 3375 3620 3443 μὲν
3651 3375 3747 3426 τοῦ
3780 3374 3997 3443 βαθμοῦ

2410 3466 2509 3533 τῆς
2542 3464 2859 3531 ἱερωσύνης,
2892 3463 2989 3529 τῆς
3015 3462 3071 3515 δὲ
3100 3465 3379 3526 κοινωνίας
3403 3464 3511 3515 τῶν
3543 3464 3746 3515 λαῖκῶν
3776 3465 3856 3535 μὴ
3883 3483 3997 3517 κω-

2411 3555 2669 3616 λύεσθαι,
2701 3556 2866 3623 ἧγουν
2911 3553 3004 3604 τοῦ
3040 3555 3416 3623 συνεύχεσθαι.
3448 3556 3523 3607 Οὐ
3557 3558 3663 3624 γὰρ
3700 3559 3996 3625 στήσονται

2415 3646 2539 3697 οὕτε
2574 3648 2629 3697 ὲν
2677 3646 3027 3713 ἀκροωμένου
3057 3646 3205 3712 τόπῳ
3234 3646 3358 3697 οὑτεη
3384 3649 3445 3698 έν
3484 3648 3849 3699 ὑποπίπτοντι
3870 3665 3884 3680 ·
3918 3649 3998 3700 ὅτι

2420 3740 2540 3790 Οὐκ
2568 3735 2907 3801 ὲκδιχήσεις
2933 3736 3026 3798 δίς
3054 3736 3151 3787 ἐπὶ
3173 3736 3238 3787 τὸ
3263 3737 3426 3788 αὑτό.

748 3850 848 3902 est,
880 3845 1165 3909 quominus
1197 3845 1497 3898 cumlaicis
1541 3846 1839 3900 consistant
1862 3854 1915 3898 et
1941 3859 2043 3897 una
2079 3850 2394 3911 precentur.
2445 3831 2627 3899 Neque
2653 3831 2796 3882 enim
2859 3829 2939 3883 vel
2993 3828 3046 3883 in
3110 3832 3441 3885 audientium
3499 3831 3579 3884 vel
3637 3832 3687 3883 in
3749 3831 3999 3883 substra-

747 3936 907 3988 tionis
953 3936 1124 3988 locum
1182 3938 1591 4006 relegabunlur;
1642 3938 1855 4005 quando
1895 3938 2130 4005 quidem,
2187 3930 2310 3983 Non
2349 3924 2635 3978 υἱηάὶεαὺὲε
2670 3923 2746 3973 bis
2773 3922 2826 3973 in
2858 3922 3108 3983 idipsum.

816 4024 1041 4079 ARIST.
1076 4025 1319 4081 Clericus
1348 4028 1438 4097 qui
1462 4030 1683 4081 mortale
1706 4039 1984 4097 peccatum
2014 4024 2305 4084 commisit.

747 4133 852 4169 una
879 4132 998 4171 cum
1041 4118 1239 4185 populo
1272 4123 1641 4173 communicat
1670 4121 1735 4173 de
1766 4121 1935 4187 gradu
1975 4128 2179 4170 tantum
2214 4116 2306 4166 de-

741 4209 955 4275 jet-tus;
988 4207 1045 4260 In
1069 4208 1207 4261 idem
1240 4208 1382 4262 enim
1422 4209 1501 4261 bis
1536 4224 1639 4261 non
1674 4208 1994 4261 vindicabis.

818 4300 1106 4352 Peccatum
1141 4300 1206 4351 ad
1233 4310 1457 4351 mortem
1488 4300 1688 4353 ducens
1714 4310 1795 4352 est
1828 4299 2006 4352 carnis
2042 4298 2303 4362 voluptas.

751 4388 805 4437 Si
839 4388 956 4453 quis
983 4389 1163 4455 itaque
1192 4387 1418 4441 clericus
1448 4386 1741 4441 fornicatus
1769 4386 1949 4448 fuerit,
1994 4388 2158 4453 gradu
2190 4388 2308 4454 qui-

748 4478 870 4527 dum
906 4479 1190 4529 sacerdotii
1222 4477 1491 4546 dejicitur,
1526 4478 1618 4531 sed
1658 4492 1684 4528 a
1719 4476 1894 4528 divina
1928 4477 2307 4529 communione

749 4581 852 4618 non
882 4574 1116 4617 arcetur.
1145 4564 1239 4619 sed
1280 4579 1398 4617 cum
1436 4563 1588 4617 laicis
1621 4563 2001 4617 communicat.

1279 4734 1510 4790 CANON
1540 4732 1780 4789 XXXIII.

749 4828 941 4881 Mu'ier
992 4842 1112 4895 qum
1143 4829 1193 4881 in
1230 4828 1311 4881 via
1343 4828 1569 4897 peperit,
1623 4838 1675 4880 et
1701 4828 1781 4880 sui
1816 4827 2169 4883 fetus.cnram
2199 4842 2303 4881 non

1052 4920 1237 4986 gessit,
1266 4920 1428 4975 caedis
1458 4920 1681 4974 crimine
1712 4930 1974 4975 teneatur.

823 5095 1010 5149 BALS.
1052 5096 1236 5150 Mulier
1274 5099 1516 5165 quaedam
1568 5100 1785 5165 gravida
1836 5100 1936 5153 iter
1984 5100 2219 5167 ingressa
2257 5101 2306 5151 in

748 5190 831 5242 via
871 5190 1093 5257 peperit,
1120 5199 1171 5241 et
1206 5204 1325 5242 cum
1354 5199 1533 5257 posset
1570 5193 1708 5256 quod
1738 5200 1946 5258 partum
1982 5200 2099 5245 erat
2130 5192 2305 5241 vivum

747 5281 908 5337 tueri,
943 5279 1112 5343 ipsum
1146 5278 1395 5345 neglexit.
1455 5279 1593 5332 Dicit
1635 5295 1763 5346 ergo
1797 5293 2014 5334 sanctus
2050 5296 2166 5335 eam
2207 5281 2307 5331 lto-

749 5366 949 5420 micidii
980 5366 1204 5418 crimine
1230 5366 1452 5419 omnino
1476 5367 1665 5430 teneri,
1695 5368 1901 5421 etiamsi
1932 5386 2035 5422 non
2067 5378 2307 5420 mortuus

749 5459 817 5509 sit
849 5452 1044 5513 infans,
1078 5455 1168 5506 sed
1204 5454 1269 5505 ab
1300 5456 1403 5505 alio
1437 5458 1692 5509 educatus
1721 5458 1806 5509 sit.
1855 5458 2003 5523 Quod
2055 5459 2196 5511 enim
2254 5460 2304 5510 iu

748 5545 948 5597 crimen
980 5543 1179 5594 incidat
1202 5583 1213 5605 ,
1250 5542 1451 5596 infante
1485 5555 1692 5597 mortuo
1717 5583 1731 5608 ,
1764 5554 1844 5597 est
1886 5554 2034 5597 extra
2084 5554 2303 5599 contro-

820 5720 835 5747 '
875 5718 1070 5773 IJuan.
1105 5733 1154 5777 v,
1195 5721 1273 5781 16,
1315 5722 1389 5772 l7.

2492 4011 2731 4064 ἈΡΙΣΤ-
2776 4011 2889 4077 Τὴν
2917 4010 3050 4077 πρὸς
3081 4010 3310 4063 θάνατον
3338 4010 3666 4079 ἁμαρτήσας
3700 4010 3994 4079 κληρικδς,

2415 4102 2550 4169 μετὰ
2586 4102 2679 4153 τοῦ
2711 4100 2843 4153 λαοῦ
2877 4102 3155 4163 κοινωνεῖ,
3188 4100 3281 4153 τοῦ
3324 4100 3533 4169 βαθμοῦ
3570 4103 3957 4169 καταγόμενος
3978 4120 3990 4133 ο

2412 4190 2487 4241 υὺ
2509 4190 2615 4257 γὰρ
2640 4189 2945 4257 ἑκδικήσεις
2971 4189 3050 4250 δἰς
3081 4189 3173 4241 ἐπὶ.
3200 4188 3258 4239 τὸ
3279 4172 3427 4240 αὑτό.

2482 4281 2621 4347 Πρὸς
2654 4280 2881 4331 θάνατόν
2911 4282 3028 4331 ἑστι
3055 4281 3373 4345 κατάγουσα
3401 4281 3641 4348 ἁμαρτία
3668 4281 3701 4344 ἡ
3723 4280 3823 4346 τῆς
3859 4298 3992 4350 σαρ-

2410 4371 2500 4431 κὸς
2534 4369 2719 4436 ἡδονή,
2756 4369 2822 4421 EI
2846 4385 2928 4429 τις
2962 4367 3092 4435 γοῦν
3121 4370 3383 4437 κληρικὸς
3416 4371 3726 4438 πορνεύσει,
3763 4372 3858 4421 τοῦ
3894 4374 3992 4438 μὲν

2412 4460 2622 4529 βαθμοῦ
2678 4460 2774 4521 τῆς
2832 4460 3132 4527 ἱερωσύνης
3183 4460 3517 4526 κατάγεται,
3574 4460 3671 4527 τῆς
3722 4460 3777 4512 δὲ
3838 4460 3989 4520 θεῐας

2412 4552 2695 4610 κοινωνίας
2754 4549 2815 4601 οὑ
2872 4548 3170 4613 κωλύεται,
3226 4550 3361 4603 ἀλλὰ
3424 4552 3562 4618 μετὰ
3612 4550 3721 4601 τῶν
3781 4550 3990 4604 ὶαῖκών

2412 4644 2673 4694 κοινωνεῖ.

3003 4731 3241 4784 ΚΛΝΩΝ
3272 4729 3391 4784 AI".

2423 4830 2486 4880 'H
2543 4827 2679 4896 γυνὴ
2736 4830 2769 4895 ὴ
2826 4826 2913 4879 διὰ
2964 4827 3063 4890 τῆς
3110 4825 3228 4878 ὀδοῦ
3278 4828 3564 4894 κυήσασα,
3626 4828 3719 4878 καὶ
3774 4826 3987 4896 ἀμελή-

2486 4935 2626 4970 σασα
2682 4920 2777 4969 τοῦ
2839 4919 3141 4985 κυήματος,
3191 4918 3268 4986 τῷ
3320 4917 3413 4969 τοῦ
3463 4919 3623 4986 φόνου
3675 4919 3987 4989 ἐγκλήματι

2480 5007 2804 5059 ὑποκείσθω.

2484 5096 2675 5147 ΒΑΛΣ.
2725 5096 2865 5163 Γυνή
2914 5113 2995 5157 τις
3040 5097 3235 5163 ἔγκυος
3286 5096 3542 5149 όδεύουσα
3591 5098 3778 5149 ἔτεκεν
3818 5103 3878 5151 ὲν
3919 5104 3981 5169 τῇ

2408 5185 2534 5255 ὀδῷ,
2574 5186 2667 5237 καὶ
2696 5186 2968 5253 δυναμένη
2998 5184 3336 5254 ζωογονῆσαι
3362 5188 3423 5239 τὸ
3451 5188 3674 5255 κυηθὲν,
3720 5194 3958 5257 κατεφρὸ

2409 5294 2572 5343 νησεν
2599 5275 2761 5331 αὑτοῦ
2780 5289 2801 5308 ⁸
2825 5278 2987 5345 φησιν
3010 5279 3037 5329 6
3061 5277 3216 5343 άγιος
3239 5277 3315 5347 τῷ
3330 5277 3421 5330 τοῦ
3448 5280 3651 5344 φονέως
3674 5280 3979 5349 ἐγκλήματι

2407 5366 2609 5433 ταύτην
2650 5366 2963 5418 ὑποκεῖσθαι
3011 5369 3248 5428 πάντως,
3296 5370 3399 5419 κᾶν
3448 5368 3522 5436 μὴ
3569 5368 3876 5440 τελευτήσῃ
3916 5372 3977 5422 τὸ

2409 5455 2627 5523 βρέφος,
2660 5454 2791 5505 ἀλλὰ
2835 5456 2961 5522 παρ’
3001 5457 3184 5524 ἐτέρου
3220 5457 3551 5528 ζωογονηθῇ.
3592 5459 3665 5510 Τὸ
3696 5461 3805 5527 γάρ
3844 5462 3975 5511 ὑπο-

2408 5543 2616 5598 κεῖσθαι
2652 5544 2817 5613 αὐτὴν
2849 5546 2925 5615 τῷ
2964 5547 3289 5617 ἐγκλήματι,
3324 5548 3419 5601 τοῦ
3455 5548 3684 5619 βρέφους
3716 5553 3974 5621 τελευτή-
