4224 6446
270 415 373 473 697

270 539 499 583 σαντος,
539 525 805 592 ἀζήτητον
857 531 916 581 ἐς

266 607 381 681 εἶχε
441 613 571 681 πρὸς
626 618 806 682 ἰσχύος
857 619 1192 688 ζωογονῆσαι
1250 628 1309 678 τὸ
1359 629 1576 697 βρέφος,
1635 635 1724 686 δὰ
1776 641 1837 688 τὸ

265 702 518 755 ἔικεσθαι
555 707 709 773 τυχὸν
744 709 845 761 ὑπὸ
878 712 1145 780 πολεμίων
1178 716 1251 779 ὡς
1285 720 1651 787 αἰχμάλωτος,
1682 726 1830 777 0366-

263 796 366 853 λως
412 795 821 865 κολασθήσεται.
866 804 973 855 Καὶ
1021 805 1331 872 ἀναγνωσον
1378 815 1467 864 τὸν
1516 816 1589 882 νβ·
1637 818 1833 869 κανόνα

260 884 353 933 τοῦ
410 887 565 952 ἁγίου
623 891 833 952 τούτου,
887 896 1257 962 έρμηνεύοντα
1312 903 1404 952 καὶ
1457 906 1543 953 τὸν
1593 906 1833 972 παρόντα

259 978 481 1029 κανόνα.
520 981 649 1047 Περὶ
688 981 867 1046 μέντοι
904 984 994 1036 τοῦ
1039 987 1398 1051 κολάζεσθαι,
1440 992 1546 1044 εἴτε
1588 999 1681 1045 καὶ
1719 999 1827 1063 μὴ,

256 1071 353 1124 τὰς
394 1069 745 1135 ἐκτιθεμένας
794 1072 861 1122 τὰ
894 1075 1066 1125 οίκεῖα
1116 1075 1287 1144 βρέφη
1340 1082 1417 1140 el;
1462 1080 1558 1143 τὶς
1594 1082 1831 1148 εἰσόδους

254 1154 361 1203 τῶν
392 1155 552 1206 θείων
574 1159 716 1209 ναῶν
741 1158 893 1225 λόγος
924 1162 1139 1225 ἐγένετο
1161 1165 1433 1233 διαφόρως
1462 1171 1553 1220 ἐπὶ
1581 1173 1834 1224 συνελεύ-

256 1260 335 1295 σει
374 1246 623 1315 συνοδικῇ
655 1264 667 1276 ·
702 1250 792 1299 καὶ
825 1250 1020 1318 ἤρεσεν
1050 1254 1123 1316 ὠς
1159 1257 1479 1324 φονευτρίας
1505 1258 1705 1323 ταύτας
1736 1280 1813 1313 κο‹

251 1336 531 1403 λάξεσθαι,
567 1341 672 1390 κὲν
718 1344 867 1411 παρὰ
899 1360 1059 1395 τινων
1096 1346 1161 1397 τὰ
1196 1346 1368 1416 βρέφη
1398 1350 1825 1419 ζωγονηθώσιν.

262 1428 561 1491 Ἀνὶγνωθι
602 1431 695 1479 καὶ
732 1432 925 1497 κεφάλ.
970 1432 1013 1485 δ’
1058 1435 1150 1486 τοῦ
1200 1435 1252 1501 ς’
1278 1438 1456 1489 τίτλου
1488 1440 1580 1491 τοῦ
1619 1441 1699 1493 λα’
1741 1443 1827 1510 βι-

250 1517 399 1569 ϐλίου
432 1519 571 1571 οὕτω
610 1520 795 1586 λέγον·
829 1523 1045 1575 Φονεύει
1088 1526 1149 1578 τὸ
1173 1528 1487 1595 τικτόμενον
1519 1532 1578 1583 οὺ
1612 1533 1770 1600 μόνος
1799 1534 1827 1585 6

251 1608 475 1673 πνίγων,
509 1609 643 1662 ἀλλὰ
673 1613 764 1663 καὶ
792 1612 819 1661 6
851 1614 1078 1681 ῥίπτων,
1108 1616 1202 1668 καὶ
1230 1620 1259 1669 ό
1299 1620 1373 1687 μὴ
1399 1621 1633 1688 τρέφων,
1668 1625 1762 1675 καὶ
1797 1627 1826 1677 6

248 1698 589 1765 ἐνδημοσίοις
626 1702 811 1764 τόποις
852 1705 1197 1773 ἐκτιθέμενος
1237 1710 1328 1759 ἐπὶ
1365 1711 1725 1783 ἐλεημοσύνη,
1757 1717 1823 1786 ἢν

249 1787 411 1847 αὑτὸς
445 1790 543 1839 οὐκ
586 1788 764 1857 ἔσχεν.
830 1794 1125 1861 ’Δνάγνωθι
1161 1798 1254 1851 καὶ
1289 1800 1379 1851 τὸν
1412 1800 1455 1868 β’
1483 1803 1605 1854 ὅλον
1648 1805 1824 1857 τίτλον

250 1881 340 1929 τοῦ
375 1878 459 1944 λγ¹
490 1880 695 1946 βιϐλίου
723 1882 1092 1953 διοριζόμενον
1122 1893 1244 1951 τοὺς
1274 1894 1679 1962 έκτιθεμένους,
1714 1898 1818 1949 κᾶν
1849 1891 1892 1946 Β

248 1968 425 2018 δοῦλοι
456 1963 589 2021 ὦσιν
610 2010 625 2031 ,
652 1971 984 2027 ἀπεντεῦθεν
1012 1976 1449 2049 ἐλευθεροῦσθαι.
1480 1983 1820 2046 Κολάζεσθαι

247 2056 433 2123 μέντοι
461 2057 661 2125 ὀφείλει
688 2062 719 2128 ἡ
747 2063 968 2132 τοιαύτη
997 2066 1132 2135 γυνὴ
1163 2069 1269 2121 ἀπὸ
1296 2070 1534 2139 μεγάλης
1566 2074 1821 2142 ἀμελείας

246 2147 487 2232 ἐοικυίας
516 2147 668 2218 δόλῳ,
696 2153 793 2219 τῆς
821 2156 913 2204 καὶ
940 2154 1237 2227 λεγομένης
1268 2162 1417 2230 παρὰ
1441 2162 1550 2214 τῶν
1574 2180 1819 2232 νομομα-

245 2229 359 2287 θῶν
398 2237 563 2306 λάτης
602 2240 863 2311 κούλπης.
899 2245 1070 2314 Τυχδν
1099 2249 1205 2317 γὰρ
1231 2229 1363 2302 οὖσα
1397 2229 1661 2323 ἐπιμελὴς
1692 2229 1824 2323 περὶ

252 2328 316 2379 τὰ
343 2330 537 2397 οἰκεῖα,
568 2334 694 2401 περὶ
726 2336 824 2398 τὴν
854 2335 948 2387 τοῦ
983 2337 1215 2417 βρέφους
1248 2341 1577 2413 ζωογόνησιν
1608 2346 1819 2417 διετέθη

247 2424 747 2491 καταφρονητικῶς.
800 2426 954 2480 Ἐπεί
988 2429 1071 2481 τοί
1112 2447 1173 2499 γε
1221 2433 1315 2484 ἐὰν
1370 2436 1499 2504 περὶ
1536 2438 1603 2489 τὰ
1647 2438 1824 2491 οίκεῖα

251 2512 466 2581 τοιαύτη
492 2510 557 2582 ἦν
583 2517 812 2585 ἀμελὴς,
838 2518 869 2587 ἢ
898 2519 973 2581 ὡς
1001 2520 1136 2574 οὖσα
1158 2524 1407 2594 εὐγενὴς,
1438 2528 1530 2579 καὶ
1557 2528 1632 2598 μὴ
1656 2530 1823 2582 είδυῐα

248 2604 345 2670 τὴν
377 2603 637 2674 βρεφικὴν
666 2610 1002 2677 ἐπιμέλειαν,
1035 2613 1067 2683 ἢ
1100 2612 1174 2676 ὠς
1205 2616 1346 2668 κατὰ
1378 2617 1536 2685 φύσιν
1569 2621 1824 2688 ἀνεπιτη-

244 2693 364 2783 δεία
395 2695 559 2757 οὖσα,
591 2700 682 2751 καὶ
717 2702 914 2772 συνέὸη
961 2708 1390 2775 τοι-ουτοτρόπως
1422 2712 1481 2762 τὸ
1514 2710 1713 2781 βρέφος
1747 2713 1820 2783 μὴ

246 2782 672 2855 ζωογονηθῆναι,
710 2790 771 2842 οὐ
802 2793 1217 2863 κολασθήσεται,
1247 2798 1319 2860 ὼς
1357 2795 1533 2866 οἶμαι.

319 2878 563 2932 ΖΩΝΑΡ.
638 2881 764 2933 Ἐὰν
823 2884 961 2953 γυνὴ
1017 2885 1209 2951 εγκυος
1268 2890 1526 2944 ὁδεύουσα
1587 2893 1821 2965 eciam

245 2968 342 3019 καὶ
372 2968 502 3038 τέκῃ
534 2971 591 3021 ἐν
620 2974 684 3039 τῇ
716 2972 840 3041 ὀδῷ,
872 2974 1143 3044 δυναμένη
1176 2978 1513 3046 ζωογονῆσαι
1545 2986 1635 3035 καὶ
1667 3001 1823 3055 περι-

246 3060 420 3111 σῶσαι
456 3062 515 3112 τὸ
547 3063 809 3131 γεννηθὲν
838 3068 1239 3135 καταφρονήσει
1263 3072 1448 3135 αὑτοῦ,
1488 3078 1581 3126 καὶ
1622 3078 1821 3145 ἀφήσει

242 3150 661 3219 ἁνεπιμέλητον,
687 3156 761 3216 ὡς
783 3157 1086 3221 φονεύσασα
1099 3159 1230 3211 αὐτὸ
1256 3161 1495 3231 κρίνεται
1518 3183 1530 3196 ·
1556 3166 1655 3219 κᾶν
1681 3168 1808 3231 ῐσως

1221 430 1298 488 ΙΝ
1333 431 1570 494 EPIST.
1605 435 1660 494 S.
1709 436 1988 498 BASlLll
2029 442 2469 499 CANONl-CAM
2513 441 2594 499 II.

924 549 968 583 τι
1012 536 1095 584 καῖ
1140 536 1523 605 ἀναμφίῦολον.
1573 544 1697 595 Ἐὰν
1735 547 1833 598 οὐκ
1867 557 1907 608 Α
1941 555 2167 604 versiam
2193 564 2244 602 et
2277 553 2402 605 nul|i
2434 553 2592 621 penitt

1830 566 1833 596 ε
1867 557 1907 608 Α
1941 555 2167 604 versinm
2193 564 2244 602 et
2277 553 2402 605 nulli
2434 553 2646 621 penitus
2707 552 2944 606 dubium.
3002 550 3094 605 Sin
3159 565 3337 603 antem
3396 568 3498 605 non

3395 441 3501 500 603

1944 643 2101 695 fuerit
2132 648 2181 693 iu
2214 645 2328 707 ejus
2360 654 2620 707 potestate
2653 643 2911 696 infantem
2936 645 3114 695 vivum
3151 646 3286 697 tueri
3313 687 3326 709 ,
3357 648 3499 710 quod

1942 736 2006 787 ab
2042 736 2282 786 hostibus
2312 733 2449 787 forte
2474 747 2529 784 nt
2555 736 2761 800 captiva
2796 736 3121 793 traheretur,
3154 736 3376 787 minime
3403 751 3501 798 pu-

1939 828 2135 879 nielur.
2168 827 2223 879 Et
2261 828 2373 893 lege
2413 842 2672 879 cauonem
2704 826 2771 879 52
2806 826 2962 892 hujus
2995 827 3163 877 sancti
3187 863 3202 883 ,
3232 827 3321 892 qui
3366 840 3503 892 prir-

1937 929 2141 971 sentem
2173 920 2333 970 etiam
2361 934 2618 971 canonem
2651 918 3052 985 interpretatur.
3087 919 3164 968 Au
3198 929 3376 967 autem
3415 933 3498 968 es-

1935 1018 2053 1063 sent
2094 1011 2408 1073 puniendm,
2456 1024 2577 1076 qua:
2619 1010 2862 1074 proprios
2906 1008 3041 1059 ﬁlios
3097 1008 3147 1059 in
3198 1010 3494 1058 divinorum

1934 1097 2251 1163 templorum
2286 1096 2519 1149 aditibus
2552 1107 2849 1161 exponunt,
2883 1110 3083 1157 annon,
3145 1096 3196 1146 iu
3254 1095 3493 1163 synodali

1932 1185 2313 1253 congressione
2342 1184 2486 1237 varie
2516 1184 2871 1248 disceptatum
2918 1191 2997 1234 e~t
3026 1198 3039 1242 ;
3074 1191 3122 1233 et
3177 1180 3371 1247 plat'llll
3407 1195 3497 1232 eus

1929 1286 1988 1329 ut
2040 1275 2337 1327 homicidas
2387 1274 2608 1340 puniri,
2662 1274 2765 1326 etsi
2826 1274 3058 1325 infantes
3110 1276 3175 1323 ah
3230 1272 3498 1339 aliquibus

1930 1368 2243 1416 educentur.
2280 1362 2414 1430 Lege
2449 1375 2501 1415 et
2558 1378 2678 1430 cap.
2711 1365 2743 1416 4
2769 1402 2782 1420 .
2835 1363 2913 1415 tit.
2945 1361 2977 1414 6
3004 1404 3015 1422 ,
3055 1362 3145 1412 lib.
3185 1378 3308 1414 XX“
3357 1364 3496 1428 quod

1933 1457 2009 1508 sic
2042 1457 2168 1507 dicit
2218 1455 2471 1509 :Of'Citlll.
2521 1454 2685 1509 fctum
2737 1470 2842 1507 non
2892 1453 3061 1506 solum
3115 1458 3202 1515 qui
3251 1453 3494 1510 suadeat,

1927 1547 2018 1601 sed
2056 1548 2217 1599 etiam
2246 1548 2337 1613 qui
2372 1546 2574 1610 adjicit,
2608 1554 2662 1599 et
2691 1559 2795 1597 nan
2822 1547 3009 1608 nutrit,
3035 1554 3083 1595 et
3117 1546 3205 1606 qui
3243 1546 3289 1595 in
3325 1546 3499 1607 publi-

1928 1640 2006 1690 cis
2036 1636 2166 1690 locis
2196 1639 2416 1704 exponit
2446 1637 2509 1688 ad
2545 1635 2996 1698 miscricordiam,
3036 1650 3196 1699 quam
3246 1633 3357 1699 ipse
3390 1648 3492 1685 non

1926 1730 2128 1783 habuit.
2165 1728 2304 1796 Lege
2335 1728 2441 1797 93
2464 1738 2518 1782 et
2553 1736 2720 1781 totum
2753 1728 2835 1781 tit.
2879 1726 2950 1791 2,
3009 1726 3100 1779 lib.
3158 1739 3327 1778 xum
3353 1765 3368 1790 ,
3404 1725 3495 1791 qui

1926 1821 2162 1875 decernit
2187 1834 2281 1873 eos
2305 1821 2397 1875 oni
2425 1829 2786 1887 exponuntur,
2820 1818 3031 1872 etiamsi
3084 1818 3222 1871 servi
3255 1817 3362 1869 sint
3388 1857 3402 1878 ,
3431 1832 3494 1868 eo

1923 1914 2037 1980 ipso
2067 1903 2262 1966 liberos
2287 1910 2446 1965 ellici.
2482 1912 2651 1965 Debet
2680 1920 2856 1965 tamen
2905 1910 3082 1978 puniri
3138 1910 3329 1962 mulier
3369 1924 3497 1975 pro-

1924 2016 2040 2072 pter
2076 2019 2319 2073 tnagnam
2352 2003 2753 2072 negligentiam,
2776 2018 2894 2071 qua:
2919 2003 3043 2057 dolo
3084 2002 3450 2070 aequiparatur
3478 2017 3493 2054 :

1923 2110 2043 2161 quae
2087 2096 2303 2163 quidem
2367 2109 2396 2146 a
2437 2094 2764 2161 jurisperitis
2813 2094 2921 2146 lata
2959 2092 3113 2158 culpa
3172 2093 3494 2144 nominatur.

1922 2178 2083 2233 Forte
2112 2181 2254 2233 enim
2281 2195 2401 2233 cum
2436 2191 2580 2235 esset
2610 2181 2809 2249 alioqui
2871 2184 2923 2232 in
2976 2180 3137 2232 rebus
3186 2178 3500 2234 domesticis

1924 2272 2147 2339 diligens
2181 2281 2237 2323 et
2267 2272 2519 2333 sollicita,
2548 2272 2599 2324 in
2630 2270 2910 2326 educando
2939 2269 3140 2323 infante
3174 2270 3274 2324 fuit
3330 2272 3496 2340 negli-

1924 2376 2072 2428 gens.
2105 2360 2237 2414 Nam
2271 2364 2314 2414 si
2349 2363 2399 2415 in
2429 2363 2744 2417 domesticis
2780 2364 2942 2415 rebus
2967 2363 3089 2414 I-alis
3133 2372 3275 2417 esset
3334 2362 3493 2430 negli-

1923 2468 2075 2518 gens,
2107 2454 2185 2505 vel
2218 2463 2273 2505 ut
2311 2467 2430 2520 qum.
2461 2462 2603 2505 esset
2636 2452 2798 2505 nobili
2829 2452 2947 2505 loco
2990 2461 3136 2513 nata,
3169 2467 3270 2505 nec
3326 2453 3489 2505 sciret

1923 2546 2190 2613 quomodo
2220 2544 2481 2597 infantum
2513 2552 2654 2597 esset
2690 2544 2929 2597 habenda
2960 2558 3112 2602 cura,
3164 2542 3245 2596 vel
3296 2543 3494 2611 alioqui

1925 2646 2110 2687 natura
2147 2635 2209 2685 ad
2236 2634 2350 2687 ha‘c
2408 2649 2512 2687 non
2566 2644 2709 2701 apta,
2759 2642 2813 2686 et
2859 2635 3083 2700 contigit
3131 2634 3389 2687 infantem
3432 2649 3493 2687 ea

1926 2725 2134 2776 ratione
2168 2724 2344 2776 vivum
2378 2738 2483 2777 non
2514 2724 2745 2788 servari,
2785 2724 2923 2776 haud
2956 2724 3227 2792 punietur,
3258 2736 3314 2777 ut
3345 2736 3495 2795 puto.

1994 2897 2242 2953 ZONAR.
2288 2897 2343 2952 Si
2378 2898 2570 2952 mulier
2614 2897 2830 2966 gravida
2884 2898 2986 2952 iter
3038 2899 3239 2955 faciens
3295 2908 3496 2955 tentata

1928 2989 2199 3042 doloribus
2226 2990 2403 3057 pariat
2429 2990 2480 3042 in
2511 2992 2620 3053 via,
2652 3006 2884 3059 cumque
2934 2993 3114 3044 vivum
3162 3008 3226 3046 ac
3283 2992 3493 3045 incolu-

1925 3097 2062 3134 mem
2101 3082 2265 3136 fetum
2310 3096 2525 3137 servare
2550 3092 2751 3149 posset,
2776 3083 2923 3137 illum
2956 3084 3271 3152 neglexerit,
3307 3084 3489 3136 omni-

1920 3187 2019 3239 que
2047 3172 2188 3225 illius
2216 3172 2417 3239 abjecta
2450 3187 2577 3226 cura
2610 3173 2929 3236 deseruerit,
2970 3188 3030 3225 ac
3076 3174 3120 3225 si
3171 3174 3347 3239 ipsum
3398 3175 3486 3227 in-

240 3244 301 3291 τδ
337 3242 531 3310 βρέφος
564 3244 745 3313 ἕτερός
777 3264 861 3309 τις
890 3249 1063 3318 εὑρὼν
1101 3252 1362 3322 ἀνέληται
1384 3294 1399 3318 ,
1429 3258 1523 3308 καὶ
1553 3259 1816 3330 ἐπιμελη-
1837 3234 1883 3299 C

1837 3234 1883 3299 ο
1923 3264 2240 3326 terfecisset,
2311 3264 2705 3317 condemnatur
2748 3281 2761 3317 :
2797 3265 3004 3317 etiamsi
3046 3263 3184 3318 forte
3232 3265 3490 3317 infantem

244 3334 475 3400 σαμενος
509 3334 841 3408 ζωογονήσῃ.
877 3340 938 3391 Εἰ
981 3342 1034 3393 δέ
1080 3343 1339 3399 ἀδύνατόν
1368 3350 1483 3400 ἐστι
1526 3354 1816 3420 περιποιής

242 3424 443 3475 σασθαι
477 3425 631 3477 τοῦτο
652 3467 665 3489 ,
698 3430 860 3497 τυχὸν
893 3430 999 3500 γὰρ
1029 3435 1367 3502 αἰχμάλωτος
1406 3441 1569 3509 ἧγετο
1590 3479 1605 3502 ,
1636 3442 1730 3494 καὶ
1760 3446 1816 3498 ἐν

239 3518 305 3582 τῇ
350 3514 452 3582 ξ,δῷ
491 3514 749 3587 ἑτεκεν,ἢ
802 3519 1091 3588 πολεμίους
1138 3526 1357 3594 ἔφευγε,
1404 3531 1498 3583 καὶ
1539 3533 1816 3600 φεύγουσα

238 3608 541 3675 ἀπεκύησε.
591 3610 685 3662 καὶ
728 3611 828 3664 οὐκ
869 3613 1101 3682 ἠδύνατο
1136 3620 1228 3669 καὶ
1271 3621 1473 3692 ἑαυτὴν
1514 3626 1815 3693 περισῶσαι

240 3697 335 3748 καὶ
388 3698 449 3749 τὸ
504 3699 725 3767 τεχθὲν,
795 3703 1059 3771 κρυϐεῖσα
1111 3706 1217 3776 γὰρ
1278 3709 1405 3772 ἴσως
1464 3716 1812 3785 κανεμηνύθη

237 3789 305 3845 ἃν
353 3789 456 3843 ὑπὸ
505 3793 598 3845 τοῦ
652 3793 885 3864 βρέφους
938 3799 1493 3873 κλαυθμυριζομένου.
1566 3824 1813 3877 συγγνω-

238 3883 521 3951 σθήσεται.

322 4061 563 4117 ἈΡΙΣΤ.
611 4062 678 4116 Ἠ
716 4066 969 4135 κυήσασα
1014 4070 1069 4121 ἐν
1106 4071 1228 4142 ὀδῷ,
1270 4074 1363 4126 καὶ
1398 4078 1492 4127 τοῦ
1536 4079 1814 4147 τεχθέντος

233 4155 580 4223 ἀμελήσασα,
607 4159 918 4224 φονεύτρια.
951 4161 1177 4227 Σαφής.

839 4249 1075 4303 ΚΑΝΩΝ
1093 4254 1213 4309 AA'.

236 4338 350 4397 Τὰς
409 4338 789 4406 μοιχευθείσας
820 4344 1119 4408 γυναῖκας,
1150 4346 1245 4398 καὶ
1280 4346 1706 4419 έξαγορευούσας
1737 4359 1804 4410 δι’

304 4428 591 4482 εὐλάδειαν
648 4431 679 4499 ἦ
720 4432 969 4484 ὁπωσοῦν
1020 4434 1414 4502 ἐλεγχομένας.
1462 4441 1805 4511 δημοσιεύειν

1919 3356 2054 3409 alius
2080 3355 2340 3423 quispiam
2373 3355 2648 3409 inventum
2701 3355 2981 3409 sustulerit
3009 3395 3023 3416 ,
3060 3371 3296 3421 curaque
3348 3357 3492 3410 adhi-

1918 3449 2025 3500 bita
2060 3446 2384 3499 incolumem
2412 3446 2769 3499 conservarit.
2805 3446 3070 3499 Caeterum
3106 3446 3149 3497 si
3193 3446 3341 3499 illum
3376 3461 3487 3499 ser-

1918 3553 2046 3593 vare
2077 3536 2220 3590 haud
2255 3536 2395 3605 potis
2423 3544 2578 3597 erat;
2613 3534 2755 3589 forte
2782 3550 3012 3603 namque
3047 3551 3167 3587 cum
3196 3536 3490 3589 abducere-

1920 3638 2005 3680 tur
2040 3628 2271 3692 captiva,
2302 3627 2356 3679 in
2390 3627 2582 3679 itinere
2616 3628 2843 3695 peperit,
2881 3636 2973 3678 aut
3002 3627 3186 3680 hmtes
3232 3626 3485 3694 fugiebat,

1918 3730 2075 3785 atque
2100 3721 2151 3770 in
2188 3717 2308 3787 fuga
2335 3717 2502 3770 edidit
2529 3724 2763 3783 partum,
2792 3732 2890 3768 nec
2917 3732 3018 3768 una
3056 3718 3287 3784 Scipsam
3322 3717 3481 3771 simul

1917 3821 1969 3865 et
2005 3809 2165 3863 fetum
2197 3823 2415 3861 servare
2472 3809 2680 3876 potuit;
2732 3808 2994 3874 siquidem
3041 3808 3268 3862 fortasse
3315 3808 3487 3862 latcus

1918 3901 2138 3957 infantis
2192 3899 2400 3968 ejulatu
2457 3902 2665 3966 prodita
2728 3900 2957 3965 fuisset,
3021 3902 3229 3954 veniam
3293 3916 3486 3956 consc-

1918 4006 2130 4063 quetur.

1990 4084 2211 4138 ARIST.
2249 4085 2377 4149 Quae
2413 4087 2463 4138 in
2497 4086 2578 4137 via
2606 4087 2831 4154 peperit,
2872 4094 2926 4139 et
2977 4085 3141 4139 fetum
3199 4084 3434 4154 neglexit
3464 4126 3479 4150 ,

1918 4176 2189 4230 homicidii
2247 4193 2335 4230 rea
2364 4188 2463 4232 est.
2518 4176 2859 4243 Perspicuae.

2451 4266 2677 4321 CANON
2706 4265 2944 4322 XXXIV.

1918 4360 2194 4413 Adulter-io
2248 4360 2479 4425 pollutas
2532 4362 2784 4416 mulieres
2820 4372 2870 4415 et
2902 4361 3225 4416 confitentes
3253 4363 3321 4416 ob
3350 4364 3466 4430 pie—

1990 4460 2151 4502 tatem
2202 4451 2286 4504 vel
2351 4454 2833 4521 quomodocunque
2891 4454 3164 4505 convictas
3195 4452 3476 4521 publicare

309 4521 410 4585 μὲν
443 4520 720 4573 ἐκώλυσαν
750 4524 801 4574 οί
848 4524 1092 4594 Πατέρες
1124 4528 1312 4595 ἡμῶν,
1347 4531 1435 4583 ῐνα
1464 4534 1539 4601 μὴ
1569 4534 1802 4593 θανάτου
1834 4555 1886 4614 D

1834 4555 1886 4614 Β
1982 4541 2198 4607 quidem
2250 4538 2437 4595 Patres
2496 4540 2664 4595 nostri
2693 4520 3105 4608 prohibuerunt,
3132 4520 3480 4593 neconvictis

309 4613 489 4663 αἰτίαν
522 4614 893 4682 παράσχωμεν
922 4614 1321 4685 ἐλεγχθείσαις·
1352 4622 1601 4679 ἵστασθαι
1623 4628 1678 4681 δὲ
1716 4634 1812 4682 αὺ-

306 4706 401 4792 τας
432 4705 558 4755 ἄνευ
584 4706 864 4760 κοινωνίας
889 4710 1227 4775 προσέταξαν
1259 4716 1417 4782 μέχρι
1439 4717 1531 4767 τοῦ
1561 4722 1809 4792 συμπλη-

306 4790 531 4856 ροῦσθαι
564 4796 652 4846 τὸν
685 4797 872 4863 χρόνον
907 4799 1006 4865 τῆς
1042 4800 1349 4867 μετανοίας.

304 4884 499 4935 ΒΔΛΣ.
536 4884 599 4936 Ol
637 4890 812 4955 μοιχοὶ
846 4890 985 4942 κατὰ
1032 4892 1121 4943 τὸν
1151 4901 1230 4962 νη¹
1266 4898 1462 4951 κανόνα
1496 4900 1553 4950 ἐν
1584 4900 1625 4953 δ’
1650 4901 1794 4957 ἔτεσι

232 4974 370 5040 μετᾶ
410 4974 520 5025 τῶν
569 4979 1003 5041 προσκλαιόντων
1040 4982 1303 5046 ἵστανται,
1355 4989 1412 5039 ἐν
1456 4990 1614 5042 πέντε
1657 4995 1794 5059 μετὰ

229 5064 341 5114 τῶν
372 5064 758 5131 ἀκροωμένων,
791 5068 847 5119 ἐν
868 5069 911 5119 δ’
938 5070 1074 5137 μετὰ
1102 5071 1207 5123 τῶν
1235 5074 1669 5144 ὑποπιπτόντων,
1700 5087 1795 5135 καὶ

226 5169 284 5201 εν
314 5153 436 5205 δυσὶ
469 5153 733 5229 μεταμῶν
762 5157 1110 5211 συνεστώτων
1140 5163 1305 5229 χωρὶς
1334 5169 1633 5223 κοινωνίας.
1657 5172 1792 5241 Φησὶ

228 5242 360 5305 γοῦν
389 5245 414 5292 ὁ
437 5244 610 5309 ἅγιοςο
634 5244 694 5296 El
719 5247 851 5315 γυνή
875 5262 958 5309 τις
975 5250 1314 5329 μοιχευθεῖσα
1336 5254 1793 5329 ἐξομολογήσηται

1982 4629 2170 4683 mortis
2242 4644 2463 4684 causam
2549 4632 2919 4699 praebeamus;
2978 4645 3071 4684 eas
3118 4639 3297 4685 autem
3331 4642 3479 4684 stare

1976 4721 2093 4775 sine
2146 4720 2522 4773 communione
2581 4722 2900 4790 jusserunt,
2943 4723 3114 4776 donec
3162 4721 3478 4791 impleretur

1980 4821 2186 4876 tempus
2212 4812 2557 4877 pmnitentiaa.

1980 4898 2173 4954 BALS.
2212 4900 2457 4953 Adulteri
2492 4904 2785 4956 secundum
2815 4918 2938 4957 can.
2979 4905 3047 4959 58
3072 4913 3217 4959 stant
3244 4915 3478 4972 quatuor

1907 4993 2062 5046 annis
2091 5007 2211 5045 cum
2241 4992 2577 5057 dedentibus,
2596 4995 2836 5065 quinque
2862 5011 2982 5049 cum
3014 4997 3469 5061 auscultantibus,

1906 5093 2136 5150 quatuor
2168 5098 2287 5136 cum
2317 5085 2641 5149 substratis,
2678 5099 2733 5140 et
2777 5089 2984 5142 duobus
3031 5105 3153 5142 cum
3202 5091 3473 5145 stantibus

1900 5176 2100 5242 absque
2130 5175 2524 5231 communione.
2565 5176 2705 5231 Dicit
2743 5176 2871 5248 ergo
2915 5189 3174 5243 sanctus,
3242 5182 3286 5235 si
3343 5198 3465 5249 quae

1893 5264 2189 5317 adulterata
2249 5265 2439 5319 mulier
2488 5277 2766 5334 peccatum
2829 5271 3077 5325 confessa
3138 5271 3322 5332 fuerit,
3385 5272 3464 5323 vel

224 5334 285 5383 τὸ
328 5334 688 5403 ἁρμάρτημα.
734 5336 766 5406 ἢ
814 5326 1060 5392 όπωσοῧν
1098 5341 1349 5413 ἐλεγχθῇ.
1390 5347 1450 5396 οὐ
1486 5349 1591 5418 χρὴ
1618 5326 1796 5421 γδη-μο-
1890 5382 1892 5396 ι

1793 5384 1796 5395 ι
1890 5354 2369 5424 quomodocunque
2404 5357 2648 5411 convicta
2686 5360 2778 5423 sit,
2812 5376 2915 5413 non
2944 5372 3155 5429 oportet
3209 5378 3325 5415 eam
3367 5378 3461 5430 pu-

224 5424 429 5475 σιεύειν
465 5425 653 5494 αὐτὴν,
677 5428 847 5495 ἤγουν
881 5431 1034 5497 ίστᾷν
1062 5433 1141 5494 είς
1175 5436 1299 5497 τοὺς
1326 5436 1527 5500 τόπους
1556 5440 1665 5492 τῶν
1698 5448 1791 5514 ρη-

221 5513 427 5568 θέντων
453 5515 739 5584 ἐπιτιμίων
759 5534 774 5548 ·
806 5521 835 5570 ό
860 5519 969 5589 γὰρ
995 5522 1135 5587 ὀρῶν
1162 5524 1329 5596 αὐτὴν
1356 5525 1460 5591 ἔξω
1495 5531 1600 5582 τῶν
1629 5513 1787 5587 θείων

219 5603 526 5673 περιϐόλων
552 5607 650 5675 τῆς
673 5609 965 5680 ἐκκλησίας
997 5615 1310 5686 ἱσταμένην,
1338 5619 1372 5688 ἡ
1400 5621 1491 5672 καὶ
1514 5624 1651 5691 μετὰ
1678 5627 1785 5680 τῶν

221 5695 646 5763 κατηχουμένων
688 5695 953 5765 ἐξιοῦσαν,
1010 5707 1335 5775 κατανοήσει
1381 5708 1597 5773 πάντως
1641 5716 1781 5768 κατὰ

221 5784 444 5847 πρώτην
475 5786 595 5849 ὃψιν
621 5789 707 5843 διὰ
738 5795 979 5859 μοιχείας
1002 5797 1246 5861 ἔγκλημα
1271 5802 1658 5865 ἐπιτιμηθῆναι
1690 5808 1783 5859 αὐ-

1898 5443 2120 5507 blicare,
2157 5444 2210 5498 id
2242 5454 2327 5499 est
2351 5461 2467 5500 eam
2497 5447 2551 5502 in
2577 5449 2838 5503 dictarunt
2878 5465 3156 5519 ptrnarum
3187 5454 3316 5505 locis
3347 5464 3462 5506 sta-

1900 5546 2069 5595 tuere.
2105 5535 2205 5601 Qui
2232 5537 2374 5591 enim
2405 5552 2521 5591 eam
2552 5539 2743 5594 viderit
2772 5554 2921 5597 extra
2963 5545 3173 5598 divinos
3218 5545 3459 5600 ecclesia:

1898 5626 2131 5680 ambitus
2160 5637 2409 5693 stantem,
2445 5628 2522 5683 vel
2554 5632 2713 5684 etiam
2741 5649 2860 5687 cum
2904 5636 3308 5691 catechumenis
3363 5654 3457 5690 ex-

1891 5728 2125 5785 euntem,
2166 5724 2339 5791 primo
2365 5736 2585 5793 aspectu
2628 5728 2849 5781 omnino
2887 5729 3189 5800 intelliget,
3237 5742 3455 5801 propter

1894 5810 2139 5866 adulterii
2183 5813 2382 5868 crimen
2412 5830 2528 5871 eam
2558 5818 2629 5872 illi
2653 5834 2771 5874 esse
2802 5834 3014 5881 poenam
3051 5824 3369 5885 iniunctam.
3400 5836 3455 5877 et
