4224 6446
708 394 817 457 690

1975 396 2253 460 ΤΗΕΟΙ).
2294 398 2707 463 BALSAMON

3899 402 4017 461 700

708 510 803 563 ﬁet
838 507 1051 577 punitio
1083 522 1244 563 causa
1282 510 1474 564 mortis
1510 550 1522 571 ,
1555 510 1673 563 viro
1719 508 1837 576 ejus
1888 518 2012 577 post
2066 508 2299 561 futurunr

2417 514 2535 578 τὴν,
2566 515 2658 565 καὶ
2696 516 2983 583 γενήσεται
3014 515 3046 585 ἡ
3084 512 3402 581 ἐπιτίμησις
3439 513 3588 565 αἰτία
3629 510 3861 563 Θανάτου
3884 549 3897 572 ,
3932 512 4019 573 ὡς

707 599 851 654 forte
883 600 1113 654 reditum
1146 615 1303 654 suum
1345 617 1457 655 rem
1494 602 1563 656 ita
1592 616 1651 655 se
1707 603 1908 655 habere
1963 602 2304 653 animadver-

707 704 873 749 tente.
907 692 1246 747 Permittitur
1272 709 1400 763 ergo
1464 694 1772 749 consistere
1805 702 1858 747 ct
1887 710 2009 748 cum
2061 693 2306 747 ﬁdelibus

703 786 1063 853 emnprecari,
1108 801 1135 838 a
1194 796 1664 839 sacramentorum
1714 795 1893 839 autem
1923 785 2306 839 communione

703 878 1003 940 abstinere,
1065 876 1239 929 donec
1294 876 1627 941 poenitentia
1695 885 1911 944 tempus
1972 877 2303 942 completum

705 970 885 1025 fuerit.
921 972 1034 1025 llac
1081 982 1259 1023 autem
1292 971 1633 1024 humanitate
1659 969 1711 1022 in
1753 969 2005 1023 mulieres
2029 971 2103 1021 uti
2140 985 2305 1036 opor-

705 1073 819 1114 tere
855 1071 1077 1115 sanctus
1108 1062 1372 1125 deﬁnivit,
1412 1071 1639 1129 propter
1686 1074 1804 1113 eam
1852 1076 2009 1126 quam
2072 1061 2306 1113 diximus

703 1155 991 1207 rationem.
1022 1154 1132 1206 Viri
1172 1154 1318 1205 enim
1367 1152 1705 1205 adulterium
1750 1153 2073 1205 conﬁtentes
2121 1151 2304 1203 immi-

698 1246 1049 1299 sericordiler
1077 1246 1237 1299 dictis
1268 1244 1442 1312 pretiis
1475 1246 1842 1313 subjiciuntur
1872 1285 1885 1307 ,
1921 1245 2045 1309 quia
2079 1242 2146 1297 de
2199 1242 2303 1296 illis

699 1354 807 1391 non
838 1348 920 1390 est
955 1337 1077 1390 talis
1112 1338 1293 1400 timor,
1320 1339 1495 1403 qualis
1524 1338 1591 1389 de
1628 1335 1951 1389 mulieribus
1990 1336 2168 1389 dictus
2193 1342 2299 1399 est,

698 1434 788 1496 qui
822 1441 1224 1496 prmsumuutur
1250 1443 1371 1482 esse
1408 1430 1570 1480 etiam
1608 1427 1730 1479 aliis
1763 1426 1996 1479 fortasse
2056 1425 2301 1477 crimini-

698 1522 798 1574 bus
831 1520 1061 1579 obnoxii
1099 1530 1152 1572 et
1179 1520 1303 1587 jure
1332 1520 1528 1587 puniri.
1562 1518 1694 1571 lllud
1741 1528 1943 1580 autem,
1993 1516 2301 1581 Quomodo-

699 1626 909 1677 cunque
933 1611 1178 1665 convinci
1215 1611 1503 1673 mulio-res,
1542 1625 1644 1660 non
1708 1609 1871 1661 debes
1922 1608 2173 1673 accipere
2232 1606 2300 1660 de

696 1706 949 1757 omnibus
980 1716 1103 1755 nota
1142 1704 1485 1770 probatione,
1520 1703 1609 1755 sed
1645 1704 1711 1754 de
1745 1700 1989 1752 mulieris
2016 1701 2302 1753 conscien-

700 1792 789 1843 tiae
825 1790 1163 1854 probatione.
1201 1793 1301 1841 hoc
1337 1797 1440 1848 est,
1477 1786 1591 1840 sive
1625 1786 1815 1839 mulier
1844 1798 1941 1837 sua
1962 1784 2074 1837 sola
2108 1792 2299 1851 sponte

697 1881 943 1936 confessa
978 1882 1071 1943 sit,
1110 1880 1188 1944 vel
1218 1891 1278 1932 ut
1304 1881 1465 1933 etiam
1516 1894 1543 1931 a
1596 1878 1838 1945 pariendi
1879 1876 2124 1945 periculo
2167 1890 2296 1929 coa-

699 1983 809 2037 cta,
840 1974 922 2025 vel
955 1972 1277 2047 aliquoalio
1315 1971 1493 2033 modo,
1528 1968 1832 2023 clanculum
1861 1977 1915 2022 et
1944 1982 2048 2021 non
2077 1968 2292 2035 publice

698 2065 933 2130 seipsam
975 2062 1365 2127 condemnans,
1395 2067 1449 2114 et
1476 2059 1861 2114 enuntiaverit.
1920 2057 1975 2112 Si
2014 2059 2159 2110 enim
2196 2058 2281 2110 di-

699 2156 849 2211 xeris
881 2152 1092 2221 publice
1124 2153 1323 2205 iactam
1356 2166 1475 2206 esse
1505 2150 1882 2221 probationem
1915 2191 1928 2212 ,
1953 2160 2009 2201 et
2037 2150 2199 2203 veluti
2235 2148 2287 2201 in

699 2249 1036 2316 triumphum
1072 2261 1192 2300 esse
1220 2245 1437 2299 ductum
1469 2245 1795 2298 adulterium
1828 2281 1843 2306 ,
1897 2251 2046 2296 recte
2102 2256 2297 2295 omnes

697 2353 871 2405 pana;
901 2338 951 2391 in
983 2351 1103 2390 eam
1141 2346 1523 2405 congerentur.
1562 2334 1749 2402 Neque
1797 2334 1942 2388 enim
1998 2348 2176 2389 canon
2240 2334 2294 2387 in

696 2444 761 2484 eo
787 2429 964 2483 locum
1000 2430 1185 2492 habet,
1213 2425 1471 2493 quoniam
1502 2426 1667 2479 semel
1710 2425 1979 2493 publicata
2006 2435 2089 2478 est
2110 2464 2122 2486 .
2155 2433 2208 2478 et
2230 2438 2294 2475 ex

695 2523 801 2577 viri
836 2522 1012 2576 reditu
1047 2521 1188 2574 nulla
1233 2520 1397 2575 caedis
1456 2518 1693 2585 suspicio
1750 2518 2030 2571 suboritur
2077 2528 2299 2584 propter

695 2628 985 2685 ptenarum
1017 2611 1503 2666 denuntiationem.
1534 2610 1610 2662 Ex
1641 2623 1707 2662 eo
1741 2616 1919 2660 autem
1968 2606 2109 2675 quod
2168 2607 2297 2661 dicit

710 2716 969 2759 sanctus:
1007 2701 1084 2757 Ne
1116 2704 1306 2756 demus
1355 2701 1619 2756 convictis
1662 2699 1977 2754 mulieribus
2029 2700 2142 2753 sive
2202 2714 2297 2766 per

696 2813 889 2867 pmnas
942 2798 1057 2850 noti
1107 2796 1351 2850 criminis
1378 2809 1600 2848 causam
1658 2796 1889 2856 mortis,
1938 2808 2038 2846 nec
2091 2791 2294 2847 dixeris

695 2882 919 2943 concedi
952 2888 1162 2941 maritis
1184 2887 1460 2939 adulteras
1508 2899 1636 2939 suas
1672 2884 1927 2939 mulieres
1960 2882 2291 2937 interﬁcere.

698 2982 754 3035 lu
787 2982 903 3034 sola
932 2982 1074 3033 cuitu
1106 2979 1319 3047 propria
1353 2981 1536 3035 domo,
1573 2975 1623 3028 iu
1658 2975 1777 3043 ipso
1806 2974 1948 3027 facto
1982 2974 2293 3041 deprehen-

696 3090 817 3129 sum
847 3081 1022 3138 potest
1052 3072 1276 3123 maritus
1328 3068 1632 3122 adulterum
1696 3066 1949 3119 occidere
1982 3103 1998 3129 ,
2059 3072 2116 3118 et
2169 3079 2293 3119 eum

697 3165 977 3221 scenicum
1009 3164 1091 3217 vel
1127 3163 1313 3227 alium,
1353 3159 1443 3229 qui
1482 3159 1551 3211 sit
1594 3157 1835 3211 infamis.
1887 3154 1957 3209 Et
2009 3154 2121 3226 94
2177 3155 2292 3224 lege

695 3273 818 3326 cap.
859 3257 949 3318 ‘26,
990 3258 1069 3309 tit.
1105 3254 1195 3316 37,
1223 3232 1317 3306 lib.
1357 3268 1446 3313 ως,
1471 3250 1560 3315 27,
1600 3250 1668 3303 49
1695 3258 1749 3303 et
1793 3249 1894 3301 alia
1928 3249 2131 3316 capita.
2183 3246 2289 3302 Sed
2321 3229 2362 3286 (ἶ

696 3350 880 3415 accipe
913 3349 1130 3401 Verbum
1168 3346 1363 3407 sancti,
1402 3358 1465 3397 ne
1503 3341 1637 3396 ﬁant
1692 3354 1869 3412 penna:
1905 3342 2083 3408 magni
2136 3356 2295 3393 scan-

697 3440 803 3495 dali
835 3456 1012 3492 causa:
1048 3439 1191 3491 inter
1222 3438 1475 3489 maritum
1506 3445 1559 3488 et
1585 3448 1831 3493 uxorem,
1858 3442 1911 3486 et
1952 3432 2095 3487 forte
2128 3434 2292 3487 etiam

699 3542 758 3585 ut
788 3530 1045 3599 procedat
1072 3529 1138 3582 ad
1167 3528 1427 3595 injustam
1461 3527 1609 3579 illius
1646 3527 1871 3578 caedem.

2415 603 2509 654 καὶ
2540 604 2633 656 τοῦ
2659 606 2849 675 ἀνδρὸς
2874 606 3064 674 αὐτῆς,
3102 605 3237 675 μετὰ
3266 606 3363 674 τὴν
3397 606 3527 665 ἴσως
3559 602 3858 670 γενομένην
3886 598 4020 653 τού-

2414 710 2508 745 του
2543 696 2826 761 ἐπάνοδον,
2857 697 3031 760 οὕτως
3065 698 3227 769 ἔχειν,
3258 698 3325 750 τὰ
3359 696 3451 748 τοῦ
3488 698 3810 765 πράγματος
3843 712 4018 746 καταο

2424 787 2740 855 νοήσαντος.
2818 792 3236 860 Παραχωρεῖται
3301 790 3431 857 γοῦν
3500 788 3851 840 συνίστασθαι
3918 790 4018 839 καὶ

2417 879 2769 947 συνεύχεσθαι
2801 883 2913 945 τοίς
2944 886 3173 945 πιστοῖς,
3203 882 3301 950 τῆς
3322 882 3375 933 δέ
3402 880 3686 942 κοινωνίας
3710 881 3819 931 τῶν
3849 879 4017 941 ἅγιαι

2415 967 2639 1033 σμάτων
2676 970 2966 1033 κωλύεται,
2998 972 3187 1039 μέχρις
3220 970 3286 1023 ἂν
3316 971 3345 1020 ὁ
3375 969 3561 1037 χρόνος
3594 969 3687 1035 τῆς
3720 969 4015 1033 μετανοίας

2414 1057 2750 1126 ἐκμετρηθῇ.
2784 1058 2895 1128 Τὴν
2945 1062 3200 1126 τοιαύτην
3226 1060 3283 1112 δέ
3314 1058 3723 1125 φιλανθρωπίαν
3776 1060 3855 1119 είς
3908 1058 4014 1116 τας

2413 1151 2676 1212 γυναῖκας
2705 1148 2997 1219 διωρίσατο
3025 1150 3053 1201 ὁ
3073 1150 3226 1217 ἅγιος
3248 1149 3493 1216 γίνεσθαι
3519 1148 3586 1200 δι’
3612 1148 3674 1201 ὃν
3698 1149 4007 1215 εἰρήκαμεν

2413 1238 2690 1306 λογισμόν.
2746 1240 2809 1292 Οί
2854 1240 2963 1308 γὰρ
3003 1240 3194 1311 ἄνδρες
3232 1240 3713 1309 ἐξομολογούμενοι
3762 1238 4014 1305 μοιχείαν

2411 1330 2749 1399 ἀσυμπαθῶς
2786 1332 3101 1385 ὑπόκεινται
3132 1337 3241 1395 τοῖς
3275 1334 3649 1403 διαληφθεῖσιν
3681 1329 4008 1396 ἐπιτιμίοις.

2410 1422 2490 1474 ὅτι
2520 1424 2639 1475 ούδέ
2670 1422 2865 1477 ὕπεστι
2894 1426 3057 1493 φόϐος
3086 1426 3326 1485 τοιοῦτος
3348 1427 3403 1475 ἓν
3431 1426 3634 1485 αὐτοῖς.
3664 1417 3774 1484 οἷος
3801 1422 3883 1481 είς
3914 1421 4013 1481 τὰς

2411 1516 2677 1579 γυναῖκας
2719 1515 2949 1585 ipsaet),
2994 1517 3134 1581 μετὰ
3179 1516 3447 1586 πρόληψιν
3494 1512 3611 1568 οὖσι
3655 1512 3750 1566 καὶ
3797 1514 4015 1574 ἑτέροις

2410 1603 2753 1671 ἐγκλήμασιν
2790 1605 2919 1668 ἴσως
2955 1606 3177 1675 ἐνόχοις,
3218 1608 3311 1658 καὶ
3350 1606 3511 1669 ἀξίως
3550 1604 4011 1673 ἐπιτιμωμὲνοις.

2410 1694 2483 1745 Τὸ
2536 1695 2743 1761 μέντοι,
2780 1696 3064 1749 Ὀπωσοῦν
3091 1697 3526 1767 ἐλέγχεσθαιτὰς
3567 1700 3853 1763 γυναῖκας,
3908 1697 4012 1747 οὐκ

2408 1786 2645 1854 ὀφείλεις
2689 1788 3024 1841 ἐκλασέσθαι
3058 1791 3136 1851 εἰς
3177 1789 3557 1855 πασίγνωστον
3600 1790 3841 1858 ἔλεγχον,
3891 1787 4012 1839 ἀλλ’

2402 1880 2484 1940 είς
2530 1878 2752 1948 ἔλεγχον
2786 1879 2879 1932 τοῦ
2915 1882 3213 1943 συνειδότος
3254 1886 3353 1948 τῆς
3399 1882 3680 1949 γυναικὸς,
3714 1879 4005 1933 τουτέστιν

2402 1968 2513 2019 εἴτε
2549 1969 2688 2020 κατὰ
2716 1970 2882 2037 μόνην
2906 1970 3114 2022 οίκείαν
3149 1973 3472 2040 προαίρεσιν
3502 1973 3534 2040 ἡ
3572 1973 3709 2039 γυνὴ
3742 1971 4007 2038 ἐξομολο-

2400 2058 2655 2127 γήσεται,
2704 2060 2814 2111 εἴτε
2863 2060 2957 2111 καὶ
3004 2061 3079 2123 ὼς
3128 2062 3545 2132 ἀναγκαζομὲνη
3600 2064 3704 2114 ὑπὸ
3752 2063 4006 2115 κινδύνου

2400 2149 2495 2201 τοῦ
2536 2152 2598 2202 ἐκ
2628 2150 2724 2203 τοῦ
2753 2154 2951 2215 τεκεῖν,
2978 2152 3009 2222 ἢ
3046 2154 3141 2205 καὶ
3174 2154 3348 2216 ἄλλως
3379 2171 3497 2215 πως
3529 2154 3778 2222 κρυφίως
3806 2156 3904 2206 καὶ
3933 2155 4009 2224 μὴ

2400 2246 2635 2315 δημοσίᾳ
2681 2245 3173 2313 καταγινώσκουσα
3221 2246 3421 2314 ἑαυτῆς
3458 2246 3905 2315 ἐξαγορεύσεται.
3943 2248 4009 2299 El

2408 2337 2518 2406 γὰρ
2550 2338 2641 2389 τὸν
2673 2336 2896 2407 ἔλεγχον
2925 2336 3086 2407 εἴπῃς
3109 2336 3345 2407 δημοσίᾳ
3376 2336 3645 2406 γενέσθαι,
3679 2338 3775 2390 καὶ
3808 2338 4010 2407 θριαμ-

2403 2430 2662 2500 6ευθῆναι
2713 2430 2812 2501 τὴν
2854 2431 3121 2499 μοιχείαν,
3169 2430 3350 2493 καλῶς
3397 2432 3576 2483 πάντα
3628 2432 3697 2484 τὰ
3747 2431 4007 2501 ἐπιτίμια

2408 2523 2546 2591 αὐτῇ
2584 2521 3157 2592 ἐπιφορτισθὴσονται.
3193 2521 3326 2575 Οὑδέ
3360 2521 3465 2592 γὰρ
3497 2523 3680 2590 ἔχουσι
3717 2521 3911 2590 χώραν
3941 2522 4031 2573 τά-

2402 2614 2496 2665 τοῦ
2532 2615 2753 2677 κανόνος
2794 2616 2874 2677 είς
2903 2612 3132 2682 ταύτην,
3166 2614 3255 2666 διὰ
3284 2616 3344 2664 τὸ
3372 2614 3520 2677 ἆπαξ
3546 2614 4004 2682 δημοσιευθῆναι,

2401 2706 2492 2755 καὶ
2532 2707 2595 2757 ἐκ
2647 2704 2747 2773 τῆς
2787 2706 3050 2757 ἐπανόδου
3098 2703 3189 2757 τοῦ
3234 2705 3424 2774 ἀνδρὸς
3467 2706 3699 2758 θάνατον
3749 2704 3827 2773 μὴ
3880 2706 4013 2757 ύπο-

2406 2795 2701 2848 πτεύεσοαι
2760 2796 2869 2849 ἀπὸ
2923 2798 3021 2864 τῆς
3075 2796 3183 2849 τῶν
3230 2797 3525 2863 ἐπιτιμίων
3568 2798 4009 2867 προσαγγελίας.

2412 2886 2506 2937 Ἐκ
2546 2885 2639 2938 τοῦ
2690 2887 2869 2953 λέγειν
2901 2886 2956 2939 δέ
2984 2888 3074 2938 τὸν
3102 2887 3256 2954 ἅγιον
3298 2887 3389 2939 ἴνα
3422 2888 3494 2956 μὴ
3526 2889 3791 2955 δώσωμεν
3825 2890 4009 2943 αἰτίαν

2404 2977 2637 3029 θανάτου
2662 2978 2804 3029 κατὰ
2823 2977 2931 3030 τῶν
2960 2978 3234 3045 γυναικῶν
3266 2978 3627 3048 ἐλεγχθεισῶν
3655 2982 3772 3049 ἦτοι
3808 2982 4012 3050 θριαμ-

2401 3069 2699 3122 ϐευθέισῶν
2750 3070 2838 3123 διὰ
2877 3070 2985 3123 τῶν
3035 3073 3353 3139 ἐπιτιμίων,
3399 3073 3473 3143 μὴ
3518 3074 3677 3145 εἴπῃς
3724 3075 4009 3145 ἐνδοθῆναι

2401 3163 2513 3222 τοῖς
2563 3160 2823 3229 ἀνδράσιν
2866 3162 3112 3228 φονεύειν
3157 3164 3257 3227 τὰς
3311 3166 3692 3236 μοιχευθείσας
3738 3171 4011 3233 γυναῖκας

2396 3253 2599 3308 αὐτῶν.
2643 3252 2732 3306 Ἐν
2766 3254 2916 3324 μόνῳ
2946 3255 3055 3325 γὰρ
3087 3257 3166 3326 τῷ
3208 3258 3323 3328 ίδίῳ
3375 3261 3509 3326 οἴκῳ
3560 3262 3646 3311 ἐπ’
3697 3260 4011 3329 αὐτοφώρῳ

2394 3344 2618 3399 δύναται
2672 3344 2919 3413 φονεύειν
2969 3346 3062 3398 τὸν
3120 3348 3310 3419 μοιχὸν
3368 3353 3395 3403 ό
3452 3347 3616 3418 ἀνὴρ,
3668 3350 3761 3403 καὶ
3813 3349 4009 3401 τοῦτον

2400 3438 2658 3507 σκηνικδν
2705 3437 2738 3507 ἢ
2778 3437 2963 3507 ἕτερον
3010 3438 3206 3508 ἄτιμον
3252 3441 3404 3497 ὄντα.
3462 3442 3574 3494 Καὶ
3618 3443 3897 3509 ἀνάγνωθι
3946 3442 4009 3493 τὸ

2396 3526 2489 3592 κς⁹
2541 3546 2667 3595 κεφ.
2703 3528 2810 3581 Τοῦ
2848 3529 2923 3592 λζ’
2972 3529 3151 3581 τίτλου
3183 3529 3273 3582 τοῦ
3312 3530 3352 3595 ξ’
3400 3530 3629 3601 βιϐλίου,
3678 3534 3741 3587 τὸ
3794 3533 3901 3597 κζ’,
3951 3538 4012 3589 τδ

701 3622 813 3697 μιν,
872 3621 965 3697 καὶ
1010 3622 1172 3687 ἕτερα
1220 3637 1346 3687 καφ.
1411 3617 1575 3670 Ἀλλὰ
1620 3616 1852 3669 ἐκλαὸοῦ
1900 3616 1960 3670 τὸ
2018 3618 2169 3687 ῥῆμα
2214 3615 2303 3668 τοῦ
2335 3618 2493 3686 ἁγίου
2520 3621 2600 3682 είς
2631 3621 2692 3675 τὸ
2732 3621 2807 3692 μὴ
2841 3620 3099 3689 γενέσθαι
3128 3622 3197 3675 τὰ
3251 3624 3499 3691 ἐπιτίμια
3556 3625 3704 3677 αἴτια
3762 3625 4007 3693 μεγάλου

702 3696 1005 3764 σκανδάλου
1038 3710 1205 3779 μέσον
1244 3709 1338 3763 τοῦ
1372 3710 1566 3779 ἀνδρὸς
1600 3709 1693 3761 κα)⁸
1721 3709 1820 3778 τῆς
1848 3709 2130 3777 γυναικὸς,
2169 3709 2300 3770 ἴσως
2322 3709 2379 3762 δέ
2413 3712 2686 3781 προϐῆναι
2710 3716 2803 3766 καὶ
2826 3714 2985 3783 φόνον
3008 3714 3192 3768 ἄδικον
3224 3714 3343 3767 κατ’
3374 3715 3571 3783 αὐτῆς.

776 3802 1030 3859 ZONAR.
1069 3802 1125 3857 Sl
1169 3804 1401 3869 mulier,
1450 3803 1663 3872 inquit,
1718 3802 2020 3855 adulterata
2084 3800 2249 3854 fuerit
2283 3841 2296 3865 ,

708 3897 1026 3965 crimenque
1056 3896 1379 3964 conﬁteatur
1410 3940 1423 3961 ,
1472 3910 1709 3960 cavens,
1760 3896 1862 3949 hoc
1911 3904 1992 3949 est
2053 3901 2299 3949 metuens

698 3988 939 4045 futurum
967 3987 1252 4056 judicium,
1288 3986 1370 4039 vel
1412 3988 1569 4041 aliter
1602 3987 1849 4041 convicta
1892 3986 2055 4041 fuerit
2082 4026 2095 4050 ,
2122 3987 2290 4041 veluti

696 4078 843 4148 quod
876 4077 1203 4133 intumuerit
1231 4078 1404 4143 alvus,
1446 4087 1540 4131 aut
1567 4078 1721 4132 edito
1754 4087 1932 4147 partu,
1968 4078 2095 4132 dum
2131 4078 2292 4147 longo

698 4170 960 4237 temporis
993 4168 1287 4226 intervallo
1314 4170 1485 4237 ipsius
1526 4168 1610 4221 vir
1645 4171 2045 4240 peregrinatur,
2090 4170 2288 4239 ipsam,

697 4262 797 4326 ait,
825 4276 930 4315 non
954 4270 1167 4330 oportet
1192 4260 1490 4330 publicare,
1512 4260 1616 4316 boc
1639 4270 1747 4327 est,
1769 4277 2108 4333 nequaquam
2133 4278 2296 4331 opor-

700 4364 780 4409 tet
811 4354 983 4423 ipsam
1036 4353 1090 4408 lu
1140 4352 1276 4407 locis
1309 4352 1492 4407 multa:
1525 4352 1738 4408 luenda:
1766 4393 1781 4414 .
1815 4353 1995 4409 ﬂentis
2021 4355 2296 4420 videlicet,

2480 3807 2731 3860 ΖΩΝΛΡ.
2784 3806 2911 3861 Ἐὰν
2948 3809 3084 3877 γυνὴ
3109 3848 3123 3869 ,
3160 3810 3323 3878 φησὶ,
3365 3807 3653 3877 μοιχευθῇ,
3686 3808 3780 3859 καὶ
3812 3807 4012 3875 ἐξομοο

2406 3895 2710 3969 λογήσηται
2734 3899 2796 3952 τὸ
2830 3900 3138 3971 ἁμάρτημα
3172 3899 3545 3968 εὐλαϐουμένη
3568 3939 3580 3962 ,
3618 3898 3741 3950 ἀντὶ
3772 3899 3870 3950 τοῦ
3901 3900 4014 3950 δει-

2404 3986 2575 4041 λιῶσα
2597 3990 2697 4057 τὴν
2723 3989 3022 4059 μέλλουσαν
3046 3988 3248 4057 κρίσιν,
3273 3989 3307 4058 ἢ
3329 3986 3562 4056 ἐλεγχθῇ
3590 3987 3788 4049 ἄλλως,
3826 3981 3908 4046 0P:
3947 3988 4007 4049 ἒξ

2401 4080 2568 4147 δγκου
2602 4081 2703 4149 τῆς
2726 4081 2984 4151 γαστρὸς,
3018 4080 3049 4149 ἢ
3081 4082 3145 4132 ἐκ
3174 4080 3422 4143 τοκετοῦ,
3448 4080 3744 4147 γενομένου
3778 4080 3837 4130 ὲν
3870 4081 4011 4130 ἀπο-

2403 4171 2578 4243 δημίᾳ
2610 4174 2799 4244 μακρᾷ
2838 4173 2933 4225 τοῦ
2967 4172 3160 4242 ἀνδρὸς
3190 4172 3383 4239 αὐτῆς,
3419 4171 3480 4223 οὐ
3514 4170 3618 4241 χρὴ
3655 4170 4011 4239 δημοσιεύειν

2403 4266 2609 4337 αὑτήνο
2658 4267 2832 4337 ἧγουν
2867 4267 2929 4320 ού
2958 4265 3063 4335 χρὴ
3112 4266 3266 4335 ίστᾷν
3306 4264 3478 4333 αὐτὴν
3511 4267 3588 4324 είς
3641 4265 3769 4324 τοὺς
3804 4264 4010 4323 τόπους

2405 4358 2517 4411 τῶν
2552 4357 2868 4427 ἐπιτιμίων,
2902 4357 2995 4409 τὸν
3015 4354 3111 4409 τοῦ
3149 4354 3577 4423 προσκλαίοντος
3613 4354 3884 4421 δηλονότι,
3915 4355 4009 4404 τὸν

699 4445 1011 4508 audientis,
1044 4456 1097 4499 et
1122 4447 1380 4500 substrati
1415 4444 1705 4500 collocare.
1758 4444 1853 4498 Est
1908 4446 2013 4500 hoc
2066 4462 2299 4516 namque

2407 4450 2502 4505 τοῦ
2545 4450 2924 4520 ἀκροωμένου,
2948 4448 3039 4500 τὸν
3080 4445 3175 4499 τοῦ
3222 4446 3646 4505 ὑποπίπτοντας.
3686 4444 3863 4496 Τοῦτο
3903 4444 4011 4512 γὰρ

697 4541 907 4596 crimen
952 4536 1224 4606 publicum
1273 4537 1507 4592 efﬁcere.
1557 4536 1661 4604 Qui
1717 4536 1863 4591 enim
1926 4538 2097 4606 ipsam
2148 4546 2301 4593 extra

698 4631 961 4685 ambitum
996 4628 1251 4684 Ecclesiae
1280 4630 1501 4693 viderit,
1538 4629 1714 4682 autin
1744 4628 2039 4691 vestibulo,
2066 4638 2157 4681 aut
2179 4643 2300 4683 cum

698 4720 1112 4777 catecbumenis
1157 4729 1496 4789 exeuntem,
1548 4732 1809 4789 agnoscet
1882 4720 2072 4789 procul
2132 4720 2299 4774 dubio

699 4812 871 4881 ipsam
912 4824 1187 4878 peccasse,
1224 4826 1289 4867 ac
1319 4826 1430 4880 pra
1468 4811 1591 4865 aliis
1638 4812 1958 4865 criminibus
2001 4810 2103 4878 ipsi
2148 4809 2303 4863 adul-

699 4906 899 4959 terium
959 4904 1328 4973 appingetur,
1380 4904 1593 4972 ipsique
1653 4904 1845 4958 mortis
1904 4917 2125 4957 causam
2186 4901 2302 4955 haec

701 4994 869 5048 multa
894 4993 1231 5049 conciliabit.
1267 4993 1325 5046 Si
1360 5007 1598 5064 namque
1653 4993 1705 5047 id
1739 4994 1819 5045 vir
1873 4993 1992 5061 ejus
2030 5006 2303 5062 cognove-

700 5087 795 5149 rit,
832 5086 974 5139 forte
1009 5086 1180 5155 ipsam
1208 5084 1503 5141 interﬁciet
1536 5085 1731 5154 :juxta
1766 5084 1896 5138 illud
1948 5083 2258 5139 Solomonis
2287 5125 2301 5147 ,

702 5177 902 5234 Plenus
936 5180 1047 5231 zelo
1101 5180 1310 5233 animus
1346 5180 1442 5233 viri
1476 5180 1643 5244 ipsius
1694 5180 1733 5229 ¹.
1785 5176 1934 5231 llanc
1988 5179 2175 5247 itaque
2227 5179 2298 5231 ob

702 5284 947 5337 causam,
979 5271 1283 5327 consistere
1322 5270 1543 5341 quidem
1574 5286 1698 5325 cum
1736 5270 1981 5325 ﬁdelibus
2011 5308 2027 5334 ,
2073 5285 2137 5324 ac
2192 5284 2299 5323 una

700 5362 910 5431 precari
944 5363 1297 5431 permittitur,
1327 5378 1513 5418 verum
1533 5378 1563 5416 a
1591 5378 1870 5419 sacrorum
1897 5361 2293 5433 mysteriorum

702 5452 1123 5518 communione,
1170 5457 1350 5523 quoad
1407 5456 1681 5525 expletum
1742 5455 1908 5511 fuerit
1957 5453 2292 5523 pmnitentim

706 5552 938 5611 tempus.
972 5554 1212 5600 arcetur.

778 5630 1011 5690 ARIST.
1044 5634 1299 5693 Mulieres
1331 5638 1603 5695 adulterio
1630 5638 1863 5709 pollutas
1890 5680 1903 5707 ,
1937 5648 1991 5697 et
2019 5638 2299 5695 convictas

786 5814 803 5846 ⁸
840 5813 1003 5871 Prov.
1037 5829 1110 5873 νι.
1142 5815 1233 5871 δι.

2413 4537 2763 4606 δημοσιεύειν
2795 4538 2913 4588 ἐστὶ
2944 4534 3004 4588 τὸ
3038 4535 3367 4603 ἁμάρτημα.
3414 4533 3473 4585 '0
3510 4534 3617 4600 γὰρ
3656 4531 3799 4599 δρῶν
3835 4532 4012 4601 αὐτὴι

2410 4628 2517 4695 ἔξω
2545 4627 2652 4681 τῶν
2683 4627 2985 4697 περιδόλων
3010 4624 3110 4695 τῆς
3143 4623 3467 4691 ἐκκλησίας,
3504 4623 3537 4691 ἢ
3569 4624 3627 4674 ἐν
3650 4622 3730 4689 τῷ
3758 4624 4009 4691 προνάῳ,

2410 4721 2443 4789 ἢ
2480 4718 2618 4788 μετά
2646 4718 2756 4770 τῶν
2788 4716 3217 4786 κατηχουμένων
3249 4712 3501 4777 ἐξιοῦσαν
3523 4753 3537 4775 ,
3567 4710 3843 4779 γνώσεται
3876 4716 4014 4766 πάν-

2408 4828 2515 4872 τως
2546 4809 2866 4881 ἁμαρτῆσαι
2896 4808 3068 4878 αὑτήν
3091 4823 3108 4839 ο
3137 4807 3233 4860 καὶ
3265 4805 3372 4876 πρὸ
3410 4805 3517 4857 τῶν
3548 4804 3723 4856 ἄλλων
3753 4806 4013 4873 ἀμαρτη.

2412 4902 2601 4971 μάτων
2629 4901 2690 4952 τὸ
2714 4899 2815 4967 τῆς
2846 4897 3092 4968 μοιχείας
3120 4897 3262 4966 αὐτῇ
3289 4892 3764 4964 προσαφθήσεται,
3795 4894 3895 4945 καὶ
3918 4911 4012 4960 γε·

2409 4994 2694 5061 νήσεταιή
2746 4992 3063 5061 ἐπιτίμησις
3110 4990 3248 5059 αὐτῇ
3294 4988 3445 5040 αίτία
3486 4986 3742 5043 θανάτου.
3794 4986 3860 5039 ει
3901 4988 4011 5057 γὰρ

2408 5082 2522 5152 γνῷ
2568 5082 2731 5135 τοῦτο
2773 5084 2801 5133 ὀ
2842 5082 2979 5151 ἀνὴρ
3019 5080 3213 5147 αὐτῆς,
3260 5079 3390 5140 ἴσως
3460 5077 3757 5128 ἀποκτενεῖ
3806 5078 4008 5144 αὐτήν.

2405 5176 2564 5233 Κατὰ
2607 5174 2717 5244 γὰρ
2768 5174 2859 5225 τὸν
2909 5170 3253 5241 Σολομῶντα,
3304 5168 3544 5233 Μεστὸς
3588 5166 3773 5232 ζήλου
3818 5172 4011 5237 θυμὸς

2405 5266 2627 5334 ἀνδρὸς
2656 5266 2871 5333 αὐτῆς.
2906 5267 3005 5318 Διὰ
3054 5262 3214 5317 τοῦτο
3259 5262 3672 5331 παραχωρείται
3714 5260 3818 5329 μὲν
3854 5264 4009 5313 suvi-

2408 5360 2641 5412 στασθαι
2702 5362 2795 5411 καὶ
2859 5356 3217 5426 συνεύχεσθαι
3282 5356 3396 5413 τοῖς
3468 5355 3718 5413 πιστοῖς,
3782 5352 3884 5420 τῆς
3950 5353 4009 5405 δέ

2407 5451 2696 5515 κοινωνίας
2740 5454 2847 5505 τῶν
2892 5452 3254 5519 ἀγιασμάτων
3295 5444 3587 5506 κωλύεται,
3637 5442 3837 5513 μέχρις
3881 5443 3949 5496 ἂν
3977 5447 4006 5497 ὀ

2409 5544 2605 5615 χρόνος
2638 5543 2739 5611 τῆς
2772 5544 3069 5613 μετανοίας
3102 5537 3447 5610 ἐκμετρηθῇ.

2492 5631 2682 5687 ἈΡΙΣ.
2730 5634 3180 5703 Ἀδημυσιεύτους
3210 5635 3308 5705 μὲν
3340 5635 3437 5698 τὰς
3468 5631 3877 5703 μοιχευθείσας,
3914 5630 4009 5681 καὶ
