4224 6446
687 342 795 409 703

1926 342 2205 407 'IHEOD.
2252 337 2340 398 BA
2356 338 2597 403 LSAMO
2610 347 2651 403 Ν

3882 336 3997 399 ’104

690 455 926 524 pericula
960 454 1121 507 vitam
1148 464 1327 521 agant.
1366 454 1533 509 Venia
1566 471 1725 525 porro
1758 457 1845 510 illa
1889 456 2073 517 fuerit,
2100 463 2156 506 ut
2188 452 2254 505 de

2377 454 2453 500 u‘:
2484 454 2698 519 σφαγὰς
2721 453 2812 505 καὶ
2844 451 3122 516 κινδύνους
3146 452 3605 523 ἀναστρέφεσθαι.
3626 454 3693 507 ’11
3736 452 3809 504 δὲ
3852 467 3999 514 συγ-

690 559 933 626 tempore
967 559 1142 612 paena:
1177 546 1866 612 persolvendaaconstituto
1899 548 2101 615 aliquid
2131 546 2263 614 ipsis

688 632 1027 685 detrahatur.

760 721 987 775 ARIST.
1052 722 1277 775 Militum
1326 740 1523 780 uxores
1572 741 1690 795 qua:
1753 742 1818 781 eo
1851 729 1993 797 quod
2026 728 2124 781 viri
2181 726 2263 781 sui

691 830 958 880 nusquam
1005 826 1301 882 appareant
1337 818 1799 887 aliisjungunlur,
1834 830 1957 874 sunt
2003 821 2157 873 venia
2182 819 2262 871 di-

686 908 905 973 gniores
939 908 1079 968 aliis,
1128 924 1247 977 quas
1312 920 1530 977 propter
1565 926 1751 965 eorum
1800 914 2264 985 peregrinationes

688 1017 792 1052 non
819 988 1157 1065 exspeetant.

764 1092 949 1143 Eidem
1027 1091 1399 1146 fornicationis
1470 1094 1737 1161 supplicio
1800 1096 2165 1163 subjiciuntur
2214 1104 2268 1149 et

690 1182 862 1234 amba:
897 1184 978 1235 lia:
1020 1185 1294 1244 mulieres,
1326 1195 1521 1250 etquae
1545 1188 1641 1239 viri
1684 1202 1711 1237 a
1744 1188 1931 1239 militia
1962 1187 2266 1241 communis

688 1282 741 1321 et
781 1276 1174 1337 peregrinantis
1209 1290 1346 1329 uxor
1376 1285 1481 1339 est,
1515 1285 1568 1330 et
1619 1278 1930 1345 priusquam
1986 1278 2149 1330 certis
2183 1293 2269 1331 ar-

690 1366 963 1432 gumentis
1009 1370 1365 1420 coiilirmetur
1403 1384 1548 1422 mors
1582 1370 1743 1433 illius,
1786 1370 1872 1422 alii
1904 1372 2169 1437 nupserit,
2215 1378 2268 1422 et

691 1470 810 1521 quae
841 1456 1027 1507 militis
1057 1466 1139 1509 est
1177 1472 1336 1519 uxor,
1372 1459 1414 1510 si
1448 1468 1499 1511 et
1533 1460 1622 1511 illa
1653 1472 1942 1527 antequam
1978 1462 2075 1513 viri
2101 1461 2268 1528 ipsius

695 1556 926 1599 mortem
964 1556 1217 1597 accurate
1241 1547 1449 1612 didicit,
1480 1550 1566 1602 alii
1600 1552 2269 1621 conjungetur.Quomodo

665 1647 868 1695 ,autem
934 1638 1165 1688 militum
1231 1653 1427 1692 uxores
1483 1656 1603 1693 cum
1656 1646 1764 1695 vita
1823 1644 2103 1697 defunctos
2151 1660 2269 1698 esse

692 1727 917 1779 maritos
949 1742 1075 1780 suos
1110 1727 1399 1781 didicerint
1434 1744 1663 1785 mortem
1697 1748 1880 1786 eorum
1946 1736 2270 1803 investigare

694 1820 912 1878 debent,
957 1821 1249 1874 centesima
1287 1824 1493 1876 decima
1552 1827 1777 1893 septima
1825 1827 2116 1882 Justiniani
2174 1844 2269 1881 no.

694 1907 829 1958 vella
868 1912 1080 1971 statuit,
1122 1912 1172 1965 in
1207 1916 1437 1980 septimo
1467 1918 1621 1970 titulo
1658 1919 1901 1972 vicesimi
1944 1922 2117 1973 octavi
2150 1920 2271 1973 libri

693 1991 1051 2052 Basilicorum
1088 2004 1284 2066 posita.
1319 2007 1485 2075 Cujus
1516 2009 1597 2062 vis
1622 2019 1674 2063 et
1726 2011 1779 2062 in
1827 2026 1948 2064 can.
1989 2012 2051 2065 9|
2107 2025 2275 2067 sextae

691 2103 746 2140 ,ιι
782 2087 972 2139 Trullo
1010 2094 1197 2159 synodi
1238 2096 1445 2164 scripta
1502 2109 1603 2153 est.
1658 2100 1901 2156 Praesens
1958 2114 2136 2157 autem
2179 2120 2272 2158 ca-

693 2192 795 2227 non
832 2180 1065 2232 militum
1118 2199 1315 2239 uxores
1374 2188 1707 2257 indulgentia
1763 2195 1939 2261 aliqua
1998 2196 2269 2265 dignatur,

692 2269 975 2333 plusquam
1008 2290 1205 2329 uxores
1254 2278 1411 2332 aliter
1457 2286 1947 2352 peregrinantium,
1994 2290 2037 2342 si
2085 2291 2148 2342 ad
2182 2306 2272 2344 se-

691 2363 897 2414 cundas
928 2367 1146 2432 nuptias
1190 2371 1457 2434 venerint,
1490 2373 1625 2427 viris
1657 2377 1771 2431 suis
1804 2394 1909 2431 non
1958 2384 2272 2448 apparenti-

687 2451 789 2505 bus
810 2457 1064 2522 quoniam
1096 2458 1371 2529 istipotius
1394 2480 1559 2532 prope
1584 2477 1810 2521 mortem
1837 2482 1981 2533 sunt,
2008 2482 2062 2525 et
2085 2488 2270 2526 eorum

691 2542 933 2595 absentia
967 2560 1215 2614 magnam
1246 2550 1339 2605 dat
1368 2555 1737 2622 suspicionem
1766 2562 1907 2627 quod
1936 2561 2021 2616 vel
2074 2563 2271 2616 mortui

686 2632 795 2684 sint
818 2634 901 2688 vel
929 2634 1225 2691 interiecti.

1186 2819 1419 2875 CANON
1475 2822 1745 2880 XXXVII.

695 2903 794 2971 Qui
830 2916 1114 2978 postquam
1145 2912 1318 2966 aliena
1356 2916 1404 2968 ei
1440 2915 1617 2969 ablata
1653 2917 1816 2973 fuerit
1840 2936 2065 2977 uxorem
2096 2923 2272 2988 duxit,

765 3000 819 3053 in
846 3002 1018 3067 prima
1040 3004 1252 3071 quidem
1282 3007 1533 3063 adulterii
1561 3013 1931 3081 accusabitur,
1959 3015 2015 3070 in
2033 3019 2271 3072 secunda

764 3106 893 3143 νου-ο
922 3110 1044 3148 τους
1070 3114 1173 3150 ΙΙΟΙὶ
1208 3110 1419 3169 agetur.

763 3180 960 3238 BALS.
1021 3186 1267 3240 Alienam
1327 3192 1414 3243 bic
1453 3193 1583 3247 dicit
1618 3210 1817 3261 canon,
1863 3214 1983 3266 quae
2034 3202 2272 3268 legitime

690 3276 897 3339 nupsit,
938 3276 1019 3329 vel
1043 3277 1311 3343 desponsa
1348 3281 1445 3333 fuit
1467 3286 1649 3339 alicui.
1674 3287 1730 3341 Si
1762 3291 1885 3357 quis
1918 3306 2047 3361 ergo
2066 3293 2273 3347 adulte-

691 3364 829 3416 rium
888 3368 1265 3430 commiserit,
1315 3370 1495 3426 aliena
1548 3375 1601 3427 in
1663 3392 1814 3429 suam
1886 3382 2271 3448 proprietatem

692 3471 974 3526 usurpata,
1014 3460 1128 3527 lege
1154 3463 1341 3530 utique
1371 3467 1726 3533 matrimonii,
1755 3481 1807 3523 et
1840 3474 1907 3524 ab
1954 3488 2015 3525 ea
2054 3489 2273 3539 separa-

692 3558 779 3600 tus
835 3550 995 3603 fuerit
1036 3568 1157 3606 cum
1210 3555 1452 3623 legitima
1518 3560 2013 3626 condemnatioue,
2073 3567 2275 3633 aliique

690 3642 1017 3707 conjunctus
1052 3663 1063 3696 :
1104 3661 1200 3713 pro
1232 3648 1501 3703 adulterio
1536 3652 1751 3717 quidem
1784 3657 2081 3708 secundum
2112 3673 2275 3714 cano-

692 3749 787 3785 nes
820 3736 1090 3801 punietur,
1139 3737 1192 3790 iu
1234 3741 1472 3793 secunda
1523 3753 1700 3796 autem
1734 3759 1924 3808 uxore,
1953 3763 2073 3813 qua:
2114 3756 2195 3799 est
2246 3764 2271 3799 a

690 3825 810 3874 viro
864 3827 1053 3889 libera,
1092 3843 1215 3882 reus
1264 3845 1369 3883 non
1420 3833 1619 3900 agitur.
1674 3833 1801 3888 Hmc
1858 3846 2036 3888 autem
2080 3847 2205 3890 sunt
2244 3838 2272 3890 α

692 3919 1191 3972 sanctoeonstituta
1226 3930 1447 3990 propter
1491 3938 1585 3978 eos
1614 3925 1707 3994 qui
1746 3926 1999 3981 dicebmt
2040 3945 2145 3981 non
2182 3932 2275 3984 de-

690 4006 818 4060 bere
854 4010 1160 4065 adulterum
1194 4016 1446 4067 secundae
1478 4017 1636 4070 uxori
1674 4018 1953 4087 conjungi,
1986 4028 2044 4071 ut
2093 4022 2181 4087 qui
2223 4023 2271 4073 in

692 4099 979 4163 capitalem
1053 4102 1569 4159 condemnationem
1637 4108 1956 4171 incidisset,
2034 4119 2089 4162 et
2169 4126 2272 4164 non

691 4199 877 4255 posset
918 4190 1034 4258 lege
1082 4194 1251 4248 veteri
1303 4199 1671 4261 contrahere,
1718 4216 1839 4269 quae
1879 4203 2275 4255 observabatur

695 4291 940 4348 tempore
978 4283 1184 4349 Basilii,
1234 4287 1445 4342 scilicet
1486 4301 1616 4344 ante
1665 4294 2124 4360 repurgationem.
2163 4294 2276 4349 Etsi

693 4374 836 4425 enim
870 4374 921 4427 in
954 4376 1184 4443 capitale
1239 4379 1563 4446 supplicium
1605 4382 1877 4450 quispiam
1916 4384 2114 4438 incidat
2155 4401 2276 4451 pro-

694 4476 815 4532 pter
858 4465 1208 4532 adulterium,
1243 4483 1348 4521 non
1388 4480 1469 4522 est
1504 4480 1681 4523 tamen
1704 4473 2104 4527 matrimonium
2146 4490 2278 4526 con-

696 4557 913 4609 trahere
960 4558 1293 4625 prohibitus,
1326 4568 1382 4613 et
1425 4561 1548 4615 ideo
1588 4563 1657 4616 de
1696 4578 1761 4616 eo
1806 4580 1913 4618 non
1972 4565 2228 4633 punietur
2262 4584 2275 4619 :

694 4649 866 4700 multo
899 4662 1082 4701 autem
1120 4650 1292 4716 magis
1339 4649 1385 4704 is
1423 4650 1587 4705 hodie
1622 4646 1837 4719 poenam
1901 4670 2007 4707 non
2054 4655 2275 4715 subibit.

694 4745 980 4805 propterea
1012 4739 1154 4806 quod
1202 4739 1434 4806 capitale
1480 4741 1807 4809 supplicium
1848 4743 2122 4795 sublatum
2171 4755 2275 4809 est,

691 4834 746 4878 et
772 4827 995 4893 punitur
1020 4830 1233 4883 adulter
1273 4830 1385 4884 sola
1414 4834 1622 4886 narium
1649 4834 1991 4886 abscissione
2013 4843 2069 4887 et
2106 4836 2275 4888 bono-

692 4933 886 4971 norum
913 4919 1206 4975 ablatione.
1231 4921 1297 4976 Et
1323 4922 1440 4990 lege
1462 4938 1583 4992 cap.
1621 4923 1931 4989 82,1it.57,
1972 4924 2064 4978 lib.
2111 4940 2200 4987 ιι,
2224 4935 2279 4979 et

693 5011 969 5064 Novellam
1007 5013 1077 5065 3‘2
1116 5014 1465 5079 imperatoris
1517 5016 1721 5069 domini
1771 5014 1966 5070 Leonis
2030 5016 2277 5070 Philoso-

694 5101 807 5166 plii.
848 5100 971 5153 Haec
1014 5113 1193 5155 autem
1231 5104 1405 5156 locum
1446 5104 1740 5163 habebant.
1777 5116 1834 5156 ut
1870 5105 2000 5157 milii
2038 5104 2294 5168 videturr

690 5194 909 5258 quando
934 5192 1046 5245 sola
1072 5192 1354 5249 aﬂectioue
1372 5195 1810 5250 constituebatur
1831 5198 2233 5250 matrimonium
2259 5213 2271 5249 :

690 5283 802 5353 96
845 5300 986 5337 nunc
1036 5297 1215 5339 autem
1270 5289 1488 5356 quando
1548 5303 1670 5342 cum
1721 5305 1880 5343 sacra
1926 5291 2175 5345 oratione
2220 5300 2275 5344 et

692 5387 881 5430 sancto
927 5377 1227 5433 ministerio
1285 5379 1583 5447 procedunt
1646 5383 1844 5451 nuptiae
1885 5393 1939 5437 et
1976 5388 2271 5454 sponsalia,

692 5468 903 5522 adulter
949 5470 1161 5525 mulieri
1217 5488 1322 5526 non
1376 5475 1533 5528 aliter
1585 5476 1968 5545 conjungetur,
2014 5494 2176 5545 quam
2228 5482 2271 5534 si

692 5558 941 5612 adulterii
979 5560 1154 5626 pcenis
1198 5559 1363 5614 fuerit
1412 5561 1694 5626 liberatus,
1732 5579 1853 5633 qua:
1927 5566 2273 5623 declarantur

695 5651 747 5704 in
778 5667 898 5704 can.
938 5651 1005 5706 58
1035 5654 1316 5721 praesentis
1343 5656 1539 5708 sancti.

2365 543 2555 610 γνώμη
2602 543 2685 612 εἴη
2746 544 2811 596 ἂν
2865 544 2925 595 τὸ
2993 544 3082 596 τὸν
3115 546 3302 614 χρόνον
3343 544 3435 597 τοῦ
3483 543 3790 610 ἐπιτιμίου
3857 540 3998 599 [σως

2378 638 2402 687 ὲ
2415 636 2738 689 λαττοῦσθαι
2782 637 2991 700 αὑταῖς.

2432 729 2657 780 ΑΡΙΣΤ.
2719 729 2789 781 Ai
2840 729 3224 797 στρατιώτιδες
3258 732 3315 783 αί
3345 731 3432 782 διὰ
3458 730 3554 799 τὴν
3580 729 3693 781 τῶν
3754 722 4005 792 ἀνδρῶν

2367 820 2630 885 ἀφάνειαν
2651 822 2830 884 ἄλλοις
2859 821 3217 890 ζευγνύμεναι
3233 824 3710 890 συγγνωστότεραι
3735 819 3871 871 τῶν
3894 815 4000 867 ἄ).-

2368 910 2499 973 λων,
2526 912 2581 964 αἱ
2604 913 2690 966 διά
2715 916 2813 973 τὰς
2834 916 3141 992 ἀποδημίας
3160 916 3222 967 οὐ
3253 918 3667 986 περιμένουσιν.

2419 1089 2508 1159 Τῷ
2541 1092 2693 1163 αὐτῷ
2748 1094 2847 1161 τῆς
2880 1095 3131 1164 μοιχείας
3159 1095 3422 1165 ἐπιτιμίῳ
3481 1097 3823 1149 ὑπόκεινται
3896 1095 4000 1148 καὶ

2368 1178 2678 1246 ἀμφότεραι
2714 1180 2769 1233 αί
2792 1185 3073 1246 γυναῖκες,
3099 1183 3133 1251 ή
3184 1200 3244 1234 τε
3277 1182 3371 1233 τοῦ
3431 1183 3830 1251 ἀστρατεύτου
3897 1182 3999 1232 καὶ

2370 1268 2657 1337 ἀποδήμου
2676 1272 2851 1333 ὄντος,
2881 1273 2976 1323 καὶ
3013 1272 3120 1339 πρὸ
3178 1272 3274 1324 τοῦ
3322 1273 3839 1341 πληροφορηθῆναι
3898 1272 4001 1321 τὸν

2371 1359 2598 1413 θάνατον
2619 1363 2805 1421 αὑτοῦ,
2828 1366 2998 1433 ἑτέρῳ
3023 1367 3356 1433 γαμηθεῖσα,
3378 1366 3471 1417 καὶ
3501 1367 3531 1433 ἡ
3559 1366 3654 1417 τοῦ
3682 1363 4002 1433 στρατιώ-

2372 1467 2481 1512 του,
2514 1451 2606 1502 ὲάν
2634 1454 2726 1504 καὶ
2755 1454 2913 1518 αὑτὴ,
2955 1455 3059 1521 πρὸ
3084 1454 3179 1507 τοῦ
3232 1456 3421 1521 μαθεῖν
3451 1453 3697 1521 ἀκριϐῶς
3726 1457 3806 1505 τὰ
3845 1452 3997 1518 περὶ

2373 1541 2467 1592 τοῦ
2501 1541 2733 1595 θανάτου
2751 1543 2844 1595 τοῦ
2882 1546 3072 1615 ἀνδρὸς
3102 1547 3294 1613 αὐτῆς,
3319 1547 3490 1615 ἑτέρῳ
3516 1546 3793 1615 συναφθῇο
3826 1546 3999 1605 ὅπως

2372 1633 2428 1684 δὲ
2484 1634 2539 1685 αἱ
2602 1637 3001 1704 στρατιώτιδες,
3058 1638 3326 1705 μαθοῦσαι
3385 1641 3509 1701 τοὺς
3543 1639 3706 1698 ἰδίους
3766 1637 3999 1703 ἄνδρας

2378 1727 2851 1795 τετελευτηκέναι,
2872 1730 3178 1797 ὀφείλουσιν
3202 1732 3430 1800 ὲρευνᾷν
3456 1730 3696 1801 περὶτοῦ
3726 1730 3994 1781 θανάτου

2380 1818 2642 1886 αὑτῶν,ἡ
2703 1821 3135 1883 ’1ουστινιάνειος
3178 1824 3448 1888 ὲκατοστὴ
3516 1823 3993 1885 ἑπτακαιδεκάτη

2375 1908 2564 1976 Νεαρὰ
2588 1909 2978 1976 διαλαμϐάνει,
3035 1912 3067 1978 ἡ
3122 1913 3180 1963 έν
3237 1912 3316 1980 τῷ
3372 1912 3587 1979 ἑϐδόμῳ
3645 1910 3822 1978 τίτλῳ
3885 1909 3992 1960 τοῦ

2377 2000 2631 2051 εἰκοστοῦ
2670 2002 2859 2066 ὀγδόου
2905 2002 3113 2070 βιϐλίου
3163 2003 3272 2055 τῶν
3324 2003 3624 2072 βασιλικῶν
3684 2002 3940 2068 κειμένη
3974 2015 3991 2029 ⁸

2375 2085 2441 2160 ἧς
2470 2093 2503 2161 ἡ
2532 2093 2763 2158 δύναμις
2797 2110 2889 2145 και
2923 2096 2979 2143 ὲν
3004 2093 3082 2162 τῷ
3116 2093 3486 2161 ὲννενηκοστῷ
3538 2091 3744 2160 πρώτῳ
3777 2092 3990 2143 κανόνι

2378 2182 2599 2250 ἐγράφη
2633 2183 2734 2251 τῆς
2770 2184 2828 2233 ἐν
2847 2184 2924 2252 τῷ
2960 2183 3219 2252 Τρούλλῳ
3267 2183 3434 2251 ἕκτης
3490 2183 3737 2235 συνόδου.
3803 2181 3870 2232 Ὀ
3928 2179 3990 2229 δὲ

2376 2274 2571 2342 παρὼν
2600 2273 2785 2325 κανὼν
2813 2272 3142 2343 συγγνώμης
3160 2275 3307 2336 τινὸς
3329 2274 3473 2338 ἀξιοῖ
3509 2275 3612 2335 τὰς
3634 2272 3748 2325 τῶν
3795 2290 3987 2340 στρα-

2376 2364 2588 2416 τιωτῶν
2625 2369 2893 2429 γυναῖκας
2923 2366 3074 2434 παρά
3135 2366 3235 2424 τὰς
3283 2368 3552 2431 γυναῖκας
3620 2367 3729 2417 τῶν
3790 2364 3986 2424 ἄλλως

2377 2458 2828 2526 ἀποδημούντων,
2855 2458 3013 2525 εἴπερ
3039 2460 3175 2527 πρὸς
3203 2459 3459 2527 δεύτερον
3490 2462 3669 2525 γάμον
3728 2458 3980 2513 ἔλθοιεν.

2376 2550 2484 2600 τῶν
2511 2550 2723 2616 ἀνδρῶν
2756 2550 2936 2602 αὐτῶν
2977 2551 3450 2615 ἀφαντὼθέντων·
3506 2550 3597 2601 διὰ
3652 2549 3713 2599 τδ
3765 2549 3985 2615 μᾶλλον

2377 2639 2513 2705 πρὸς
2568 2639 2801 2689 θάνατον
2828 2635 2970 2690 εἶναι
3047 2639 3269 2699 αὐτοὺς,
3321 2641 3411 2690 καὶ
3472 2638 3716 2705 μβίάλην
3765 2636 3981 2688 διδόναι

2378 2728 2634 2778 ὑπόνοιαν
2655 2729 2752 2796 τὴν
2770 2728 3055 2795 ἀφάνειαν,
3071 2727 3147 2787 ὼς
3162 2726 3509 2793 τεθνήκασιν,
3533 2727 3564 2795 ἢ
3586 2726 3972 2795 ἀνῃρέθησαν.

2951 2818 3190 2870 ΚΑΝΩΝ
3220 2820 3343 2871 ΛΖ’.

2377 2910 2542 2963 Μετὰ
2563 2910 2623 2961 τὸ
2679 2909 3049 2979 ἀφαιρεθῆναι
3083 2911 3180 2979 τὴν
3260 2909 3549 2977 ἀλλοτρίαν
3606 2911 3633 2960 ὀ
3677 2911 3974 2978 γαμήσας,

2428 3004 2525 3054 ἐπὶ
2588 3002 2687 3070 μὲν
2715 3008 2781 3072 τῇ
2817 3002 3031 3073 πρώτῃ,
3068 3003 3318 3070 μοιχείας
3349 3001 3770 3071 ὲγκληθήαεται
3815 3018 3829 3031 ·
3872 3000 3975 3051 ἐπὶ

2296 3101 2345 3166 C
2427 3096 2486 3149 δὲ
2536 3098 2604 3164 τῇ
2645 3097 2875 3164 δευτέρᾳ
2905 3094 3197 3155 ἀνεύθυνος
3230 3095 3404 3145 ἔσται.

2446 3187 2647 3242 ΒΑΛΣ.
2722 3185 3032 3253 Ἀλλοτρίαν
3112 3184 3347 3237 ἐνταῦθα
3429 3185 3576 3250 λέγει
3662 3186 3689 3235 ὀ
3782 3182 3973 3235 κανὼν

2375 3280 2473 3347 τὴν
2556 3278 2802 3348 νομίμως
2875 3278 3218 3345 γαμηθεῖσαν
3290 3278 3321 3345 ἦ
3375 3278 3467 3331 καὶ
3528 3276 3975 3342 μνηστευθεῖσάν

2376 3388 2504 3423 τινι.
2583 3369 2650 3421 Et
2727 3385 2813 3429 τις
2920 3369 3051 3434 γοῦν
3146 3369 3445 3434 μοιχεύσει,
3539 3369 3974 3434 ίδιοποιούμινος

2380 3462 2479 3528 τὴν
2557 3461 2851 3529 ἀλλοτρίαν
2917 3461 3056 3513 κατά
3103 3462 3268 3528 νόμον
3332 3460 3494 3528 δῆθεν
3583 3462 3787 3527 γάμου,

2377 3555 2548 3621 αὐτὴν
2604 3554 2703 3621 μὲν
2771 3553 3041 3621 ἀφαιρεθῇ
3096 3554 3235 3614 μετά
3325 3554 3618 3617 καταδίκης
3701 3552 3970 3619 νομίμου,

2380 3645 2545 3713 ἑτέρᾳ
2622 3644 2674 3695 δὲ
2742 3642 3065 3710 συζευχθῇ·
3118 3642 3275 3709 χάριν
3348 3642 3444 3708 μὲν
3522 3645 3617 3707 τῆς
3716 3642 3972 3709 μοιχείας

2379 3734 2521 3799 κριτά
2548 3732 2673 3792 τοὺς
2706 3731 2941 3790 κανόνας
2966 3729 3453 3797 ὲπιτιμηθήσεται,
3506 3730 3599 3779 ἐπὶ
3627 3728 3683 3779 δὲ
3715 3732 3781 3797 τῇ
3848 3729 3973 3780 δευ-

2377 3826 2511 3893 τέρᾳ
2561 3826 2800 3891 γαμετῇ.
2847 3821 3109 3889 ἐλευθέρᾳ.
3176 3820 3310 3889 οὔσῃ
3387 3820 3597 3886 ἀνδρὸς,
3654 3820 3757 3870 οὐκ
3814 3819 3973 3869 ἔσται

2378 3919 2695 3976 ὑπεύθυνος.
2748 3914 3073 3984 Ὠρίσθησαν
3102 3913 3353 3965 δὲταῦτα
3384 3913 3533 3977 παρά
3572 3910 3668 3962 τοῦ
3700 3910 3974 3975 ἀγίουδιά

2376 4013 2502 4071 τοὺς
2526 4009 2785 4073 λέγοντας
2820 4007 2892 4072 μὴ
2924 4006 3162 4071 ὀφείλειν
3186 4004 3276 4056 τὸν
3314 4004 3502 4071 μοιχὸν
3529 4002 3763 4069 δευτέρᾳ
3800 4002 3975 4052 συνά-

2379 4119 2475 4152 πτε
2486 4100 2611 4151 σθαι
2629 4098 2871 4163 γυναικὶ,
2891 4099 2966 4159 ὡς
2979 4096 3249 4163 κεφαλικῇ
3273 4094 3539 4163 καταδίκῃ
3554 4094 3969 4157 ὑποπίπτοντα,

2381 4194 2475 4243 καὶ
2505 4192 2578 4260 μὴ
2606 4192 2911 4258 δυνάμενον
2962 4189 3358 4241 συναλλάττειν
3408 4189 3548 4238 κατὰ
3594 4187 3686 4237 τόν
3729 4186 3974 4239 παλαιὸν

2380 4286 2545 4353 νόμον
2588 4285 2678 4337 τὸν
2706 4282 3016 4345 κρατοῦντα
3058 4284 3115 4334 έν
3166 4284 3287 4339 ταῖς
3325 4280 3561 4348 ἡμέραις
3620 4280 3717 4330 τοῦ
3804 4281 3971 4345 ἁγίου

2383 4368 2695 4432 Βασίλείου,
2737 4374 2985 4432 δηλονότι
3037 4372 3145 4437 πρὸ
3195 4370 3294 4437 τῆς
3342 4369 3798 4438 ἀνακαθάρσεως.
3851 4370 3973 4423 Κᾶν

2384 4466 2492 4533 γάρ
2528 4464 2797 4532 κεφαλικῇ
2859 4462 3102 4532 τιμωρία
3137 4461 3422 4513 ὑπόκειταί
3452 4477 3535 4522 τις
3575 4461 3662 4511 διὰ
3686 4461 3785 4527 τὴν
3845 4478 3969 4527 μοι·

2383 4558 2557 4625 χείαν,
2588 4557 2729 4607 ἀλλά
2763 4558 2941 4623 γάμον
2968 4555 3357 4607 συναλλάττειν
3384 4554 3443 4604 οὐ
3496 4552 3839 4614 κεκώλυται,
3875 4554 3974 4604 καὶ

2381 4649 2469 4700 διὰ
2506 4647 2666 4697 τοῦτο
2701 4646 2799 4697 οὑκ
2830 4644 3294 4712 ἐπιτιμηθήσεται
3334 4644 3491 4710 χάριν
3508 4640 3699 4692 τούτου
3735 4655 3750 4670 ·
3780 4641 3974 4707 πολλῷ

2380 4741 2435 4793 δὲ
2466 4742 2630 4793 πλέον
2674 4741 2733 4791 οὐ
2775 4738 3181 4805 κολασθήσεται
3212 4738 3456 4802 σήμερον
3507 4736 3533 4785 ό
3573 4732 3856 4796 τοιοῦτος,
3883 4734 3968 4783 ὅτι

2381 4832 2655 4900 κεφαλικὴ
2738 4831 2975 4899 τιμωρία
3037 4827 3367 4898 περιῃρέθη,
3438 4827 3532 4877 καὶ
3601 4824 3903 4889 κολάζεται
3942 4827 3970 4876 ὀ

2386 4926 2571 4995 μοιχὸς
2614 4924 2752 4992 μόνῃ
2803 4921 2966 4990 ῥινῶν
3004 4922 3211 4987 ἐκτομῇ
3255 4920 3349 4970 καὶ
3404 4916 3744 4987 πραγμάτων
3796 4918 3974 4982 ἀφαι-

2384 5017 2553 5086 ρέσει.
2624 5016 2736 5067 Καὶ
2768 5012 3047 5077 ἀνάγνωθι
3080 5011 3143 5063 τὸ
3177 5010 3266 5077 πβ’
3295 5026 3419 5076 κειρ.
3457 5007 3549 5059 τοῦ
3606 5007 3683 5069 λζ’
3717 5006 3830 5059 τίτ.
3868 5006 3966 5058 τοῦ

2384 5107 2423 5172 ξ’
2471 5108 2635 5177 βι6λ.,
2663 5107 2755 5159 καὶ
2799 5103 2879 5172 λβ¹
2900 5103 2996 5173 τὴν
3052 5102 3272 5170 Νεαρὰν
3303 5098 3690 5177 τοῦιβασιλέως
3763 5098 3998 5165 κυρίουΔ

2379 5204 2609 5261 Λέοντος
2631 5198 2725 5249 τοῦ
2756 5198 3077 5265 Φιλοσόφου.
3116 5194 3301 5246 Ταῦτα
3333 5192 3387 5244 δὲ
3409 5192 3592 5261 χώραν
3651 5186 3824 5258 εἶχον,
3885 5189 3965 5251 ὡς

2378 5293 2503 5363 ἐμοὶ
2532 5291 2699 5351 δοκεῖ,
2723 5290 2811 5341 ὅτε
2856 5287 2991 5357 μόνῃ
3053 5284 3294 5337 διαθέσει
3362 5283 3650 5334 συνίστατο
3704 5281 3961 5346 όγάμος.

2389 5385 2620 5454 ’Δρτίως
2646 5384 2757 5450 γὰρ
2790 5381 2914 5432 ἐπεὶ
2945 5378 3085 5449 μετὰ
3112 5374 3414 5445 ἱερολογίας
3441 5376 3490 5425 oi.
3542 5373 3711 5440 γάμοι
3742 5375 3840 5422 καὶ
3904 5372 3961 5423 αί

2875 3278 3218 3345 γαμηθεῖσαν

2920 3368 3051 3434 γοῦν
3146 3369 3445 3435 μοιχεύσει,

3877 3462 3972 3511 καὶ

2380 5480 2672 5549 μνηστεῖαι
2705 5472 3115 5545 προϐαίνουσιν,
3143 5470 3321 5530 άλλως
3353 5465 3571 5535 γυναικὶ
3622 5464 3651 5514 ὀ
3674 5463 3868 5532 μοιχὸς
3896 5464 3959 5515 οὐ

2380 5569 2835 5638 συζευχθήσεται,
2878 5566 2924 5616 εί
2953 5563 3027 5632 μὴ
3050 5562 3159 5616 ἀπὸ
3188 5561 3296 5613 τῶν
3353 5554 3641 5625 ἐπιτιμίων
3678 5555 3776 5623 τῆς
3836 5570 3959 5617 μοι·

2380 5660 2535 5728 χείας
2562 5656 2832 5723 ἀπολυθῇ,
2872 5653 2979 5706 τῶν
3001 5648 3348 5721 δηλουμένων
3393 5646 3473 5708 είς
3494 5643 3585 5696 τὸν
3644 5638 3720 5710 νη¹
3752 5642 3958 5693 κανόνα

2373 5767 2405 5802 τ
2424 5750 2469 5803 ,ὖ
2499 5750 2761 5818 παρόντος
2794 5744 2971 5815 ἁγίου.
