4224 6446
251 428 366 490 705

1199 426 1279 487 ΙΝ
1322 428 1562 489 EPIST.
1591 430 1647 490 S.
1685 430 1969 489 BASlLll
2002 430 2441 491 CANONNIAM
2482 434 2560 489 ll.

3401 439 3507 497 706

326 540 573 594 ZONAP.
625 538 748 591 Ἐάν
779 556 857 601 τις
893 537 1135 607 μνηστὴν
1164 538 1307 600 τινὸς
1336 539 1369 608 ἢ
1394 541 1629 603 γυναῖκα
1658 539 1840 593 λαϐὼν

2017 537 2273 594 ZONAR.
2308 539 2364 594 Si
2396 542 2517 608 quis
2544 538 2774 607 alicujus
2810 556 3059 609 sponsam
3096 554 3154 595 ιιι
3187 557 3409 596 uxorem
3460 547 3510 597 in

252 629 423 702 εἶχεν,
448 630 567 685 εἶτα
607 631 860 700 ἀφῃρέθη
892 631 1082 697 αὐτὴν.
1116 632 1211 682 καὶ
1240 632 1568 699 ἀφαιρεθε“·ς
1620 632 1840 701 ἐκείνην

254 727 421 793 ἑτέρᾳ⁵
449 723 729 791 συνῴκησε
768 724 981 790 γαμετῇ
1012 738 1026 753 ’
1058 720 1149 772 διὰ
1187 722 1289 789 μιν
1312 721 1410 792 τὴν
1471 723 1553 784 εἰς
1622 724 1843 792 ἐκείνην

255 811 643 884 πλημμέλειαν
670 818 748 874 ὼς
814 814 998 881 μοιχὸς
1040 814 1518 883 ἐπιτιμηθήσεται,
1568 816 1661 866 ἐπὶ
1691 816 1745 866 δὲ
1776 818 1842 884 τῇ

254 908 489 974 δευτέρα
522 908 774 975 ιγαμετῇ,
802 906 1061 975 ἐλευθέρᾳ
1108 904 1241 972 οὔσῃ
1299 907 1514 975 ἀνδρὸς,
1560 907 1660 960 οὐκ
1690 908 1844 959 ἐσται

256 998 590 1060 ὑπεύθυνος.

321 1088 547 1141 ΑΡΙΣΤ.
600 1089 658 1140 Ὀ
690 1089 793 1156 τὴν
824 1087 1110 1156 ἀλλοτρίαν
1140 1087 1319 1155 ἀφεὶς,
1358 1088 1449 1138 καὶ
1490 1088 1673 1138 λαϐὼν
1696 1087 1847 1139 ἐλευ-

256 1182 449 1250 θέραν,
487 1181 843 1249 ὲπιτιμητέος
881 1181 977 1247 μέν
1009 1180 1097 1230 διὰ
1158 1180 1256 1243 τὴν
1292 1178 1517 1248 πρώτην
1546 1195 1561 1209 ⁸
1620 1181 1711 1230 ἐπὶ
1786 1179 1843 1231 δέ

252 1278 321 1342 τῇ
356 1275 476 1324 δευτ
490 1274 609 1342 ἐρα,
644 1276 957 1334 ἀνεύθυνος.

336 1363 401 1414 El'
429 1380 513 1421 τις
575 1367 808 1427 γυναῖκα
859 1362 998 1431 λάϐῃ
1046 1362 1177 1429 παρ’
1242 1360 1407 1413 ἄλλου
1458 1360 1827 1413 ἁπολυθεῐσαν

256 1448 377 1503 εἶτα
409 1452 617 1519 ταύτην
670 1453 854 1519 ἀφεὶς,
910 1453 1075 1521 ἑτέρᾳ
1121 1451 1385 1522 ἐλευθέρᾳ
1440 1453 1689 1520 νομίμως
1745 1468 1845 1502 συ-

253 1543 454 1613 ζευχθῇ
480 1560 495 1575 ⁶
528 1546 621 1596 ἐπὶ
664 1547 762 1613 μὲν
790 1547 854 1613 τῇ
884 1545 1073 1613 πρώτῃ
1108 1544 1185 1614 τῷ
1205 1545 1305 1611 τῆς
1367 1546 1614 1613 μοιχείας
1666 1548 1841 1597 ἐπιτι-

257 1636 366 1702 μίῳ
420 1637 569 1686 ἐστὶν
600 1635 927 1697 ὑπεύθυνος,
984 1636 1125 1688 διότι
1198 1638 1296 1688 καὶ
1348 1636 1377 1686 ὁ
1427 1636 1843 1704 ἀπολελυμένην

255 1725 513 1792 γαμήσας
541 1726 797 1793 μοιχᾶται
818 1741 833 1755 ο
854 1727 946 1777 ἐπὶ
980 1726 1033 1777 δὲ
1056 1729 1121 1796 τῇ
1139 1726 1365 1795 δευτέρα
1384 1726 1676 1789 ἀνεύθυνος
1706 1729 1841 1781 ἐστι.

865 1819 1105 1871 ΚΑΝΩΝ
1132 1818 1263 1871 AH'.

1950 632 2349 683 matrimonium
2385 634 2619 695 duxerit.
2654 647 2773 701 qua:
2790 644 2969 701 postea
2993 635 3061 687 ab
3082 634 3174 689 illo
3204 636 3380 689 ablata
3412 648 3514 701 est,

1950 738 2181 789 tuusque
2215 725 2395 777 ablata
2436 724 2545 785 illa,
2584 727 2807 779 alteram
2837 724 2992 779 duxit
3023 742 3281 789 uxorem;
3315 734 3382 779 ob
3426 728 3505 781 ad-

1950 817 2173 869 missum
2230 818 2449 886 quidem
2494 820 2545 871 in
2592 834 2711 871 eam
2764 830 3041 887 peccatum
3086 831 3143 871 ut
3187 821 3393 871 adulter
3427 838 3511 886 pu-

1950 906 2152 968 nietur,
2189 912 2257 959 ob
2283 911 2575 961 secundam
2605 926 2733 962 vero
2759 926 2980 963 uxorem
3007 928 3122 978 qtta-
3148 926 3175 962 a
3211 927 3326 963 \‘tru
3362 913 3520 964 libera

1951 1007 2053 1057 est.
2092 996 2219 1050 nulli
2254 1000 2358 1051 erit
2385 1013 2556 1064 preme
2590 1000 2876 1053 obnoxius.

2019 1088 2246 1141 ARIST.
2285 1089 2386 1155 Qui
2416 1092 2649 1143 alienant
2687 1092 2916 1155 dimisit,
2946 1102 3000 1144 et
3040 1093 3241 1160 accepit
3280 1093 3522 1153 litteram,

1948 1182 2326 1249 corripiendus
2361 1184 2581 1250 quidem
2616 1193 2668 1235 et
2702 1194 2920 1252 propter
2966 1201 3230 1253 prunam,
3284 1189 3375 1238 sed
3407 1200 3527 1253 pro-

1952 1286 2069 1343 pter
2097 1276 2386 1328 secundam
2418 1278 2603 1328 insons
2637 1286 2742 1328 est.

2022 1362 2078 1416 Si
2100 1365 2221 1432 quis
2254 1380 2481 1417 uxorem
2509 1366 2727 1418 duxerit
2764 1368 2833 1419 ab
2864 1366 2973 1419 alio
3006 1366 3309 1429 dimiss-am,
3342 1380 3528 1433 pOSIea

1947 1471 2066 1509 eam
2120 1458 2419 1521 dimittens,
2462 1456 2552 1508 alii
2589 1457 2775 1509 liberae
2835 1458 3073 1524 legitime
3145 1458 3525 1525 conjnttgatur,

1949 1550 2413 1616 propterprimam
2432 1548 2683 1601 adulterii
2704 1549 2968 1615 supplicio
2985 1547 3254 1601 obnoxius
3274 1558 3376 1608 est,
3403 1552 3528 1616 quia

1949 1648 1997 1691 et
2023 1639 2113 1706 qui
2148 1640 2424 1692 dimissam
2461 1640 2639 1703 duxit,
2668 1640 3042 1703 adulteratur;
3075 1647 3129 1691 et
3174 1646 3392 1706 pr0pter
3438 1654 3528 1692 se-

1948 1730 2212 1790 cundam,
2235 1731 2468 1783 crimine
2487 1740 2663 1783 vacat.

2466 1819 2697 1874 CANON
2735 1819 3022 1877 XXXVIII.

258 1910 323 1963 Δί
379 1910 539 1980 κόραι
580 1912 814 1979 αἱπαρὰ
837 1913 1067 1979 γνώμην
1090 1915 1186 1964 τοῦ
1242 1912 1485 1979 πατέρος
1545 1913 1844 1981 ἀκολουθή-

1950 1899 2169 1974 Puellre,
2219 1926 2339 1979 qnze
2406 1923 2601 1979 praeter
2648 1915 2817 1980 patris
2873 1913 3199 1967 sententiam
3258 1923 3527 1965 amatores

340 2021 504 2057 σασαι
546 2003 891 2075 πορνεύουσι.
931 2005 1338 2069 Διαλλαγὲντων
1393 2004 1448 2056 δὲ
1488 2004 1598 2055 τῶν
1643 2007 1845 2071 γονέων

325 2097 478 2149 δοκεῖ
510 2098 814 2163 θεραπείαν
851 2098 1155 2160 λαμεάνειν
1190 2096 1251 2146 τὸ
1299 2097 1553 2164 πρᾶγμα.
1610 2098 1722 2147 Οὺκ
1755 2100 1847 2150 εὑ-

324 2189 422 2250 θὺς
451 2190 506 2241 δὲ
543 2194 622 2251 εἰς
670 2190 769 2257 τὴν
828 2172 1120 2241 κοινωνίαν
1170 2188 1668 2250 ἀποκαθίστανται,
1726 2188 1844 2240 ἀλλ’

311 2281 821 2351 ἐπιτιμηθήσωνται
847 2281 971 2350 τρία
1012 2281 1129 2349 ἐτη.

324 2372 524 2425 ΒΑΛΣ.
568 2373 753 2439 Κόρας
778 2370 1013 2423 ἐνταῦθα
1070 2370 1097 2419 ὁ
1143 2368 1297 2432 ἅγιος
1348 2370 1446 2431 τὰς
1516 2370 1846 2433 ὑπεξουσίας

252 2462 536 2529 ὀνομάζει.
565 2464 704 2530 Φησὶ
741 2462 874 2529 γοῦν
901 2463 998 2525 ώς,
1029 2462 1123 2513 ἐάν
1146 2477 1291 2523 τινες
1325 2462 1483 2530 κόραι
1509 2462 1845 2514 ἐκδώσουσιν

255 2555 460 2617 ἑαυτάς
490 2558 603 2616 τοῖς
659 2558 922 2622 ἐρασταῖς
985 2555 1193 2607 τούτων
1246 2556 1401 2621 παρὰ
1462 2555 1689 2624 γνώμην
1737 2558 1846 2610 τῶν

260 2648 515 2717 πατέρων
536 2650 739 2711 αὐτῶν,
770 2650 864 2699 καὶ
891 2646 1179 2715 φθαρῶσιν
1198 2648 1291 2698 ὑπ’
1322 2649 1575 2710 ἐκείνων,
1611 2651 1714 2701 κᾶν
1749 2667 1846 2716 γα-

262 2740 438 2806 μικώς
468 2740 658 2802 δόξωσι
692 2740 1059 2807 συναφθῆναι,
1098 2737 1451 2807 πορνεύουσι,
1496 2738 1585 2791 διὰ
1616 2741 1676 2789 τὸ
1702 2738 1843 2790 εἶναι

255 2833 637 2884 ἀνυπόστατον
660 2833 750 2882 τὸν
782 2833 1077 2899 γενόμενον
1136 2831 1316 2899 γάμον
1362 2834 1461 2899 τῆς
1521 2830 1847 2893 ὑπεξουσίας

256 2923 385 2991 δίχα
418 2924 645 2989 γνώμης
684 2924 774 2974 τοῦ
803 2925 1043 2992 πατέρος
1076 2925 1266 2992 αὐτῆς.
1309 2922 1435 2975 Ἐὰν
1473 2924 1526 2974 δὲ
1576 2923 1848 2975 καταλλα-

258 3016 399 3080 γώσι
458 3015 685 3077 ταύταις
717 3017 764 3066 οἱ
794 3020 971 3081 γονεῖς
1002 3018 1205 3076 αὐτῶν,
1241 3018 1334 3067 καὶ
1364 3016 1637 3081 θελήσωσι
1673 3033 1846 3067 συνοι-

254 3110 378 3160 κεῖν
402 3108 607 3167 ταύτας
640 3109 752 3169 τοῖς
780 3111 1065 3174 ἐρασταῖς,
1102 3109 1254 3161 δοκεῖ
1334 3108 1745 3173 θεραπεύεσθαι
1785 3110 1844 3159 τὸ

256 3202 511 3269 πρᾶγμα.
550 3200 622 3251 Τὸ
658 3202 765 3269 γὰρ
797 3202 855 3263 ἐξ
888 3202 1065 3269 ἀρχῆς
1097 3202 1285 3263 κακῶς
1332 3201 1577 3266 γεγονὸς,
1629 3202 1662 3269 ὴ
1707 3205 1843 3266 μετὰ

253 3290 433 3341 ταῦτα
465 3292 772 3352 συναίνεσις
807 3296 917 3344 τών
998 3292 1209 3359 γονέων
1272 3292 1422 3344 δοκεῖ
1499 3292 1846 3356 θεραπεύειν,

256 3382 399 3434 ὥστε
435 3384 532 3449 τὴν
562 3385 817 3452 πορνείαν
845 3388 924 3446 εἰς
952 3384 1129 3453 γάμον
1156 3384 1513 3453 μετάγεσθαι.
1549 3384 1697 3452 Πλὴν
1751 3385 1848 3435 οὐκ

255 3474 424 3535 εὐθὺς
465 3475 631 3542 δεκτή
668 3479 817 3526 ἐστιν
847 3478 878 3543 ὴ
914 3475 1141 3545 τοιαύτη
1171 3479 1251 3537 είς
1322 3479 1632 3535 κοινωνίαν,
1714 3475 1849 3526 ἀλλά

258 3566 401 3632 μετὰ
451 3573 500 3631 γ’
559 3565 676 3633 ἔτη.
740 3566 1007 3619 Ἐνταῦθα
1083 3567 1139 3619 δέ
1220 3567 1294 3636 μὴ
1366 3566 1670 3635 θεματίσης
1751 3568 1849 3633 ἁρ-

253 3656 443 3723 παγὴν
480 3657 731 3721 γενέσθαι
788 3658 879 3706 ἐπὶ
932 3658 1000 3725 τῇ
1062 3658 1221 3728 κόρη.
1276 3656 1517 3724 Ἔμαθες
1568 3662 1679 3725 γαρ
1744 3655 1850 3706 ἀπὸ

247 3746 351 3801 τοῦ
400 3748 443 3798 λ’
521 3750 745 3811 κανόνος
818 3751 913 3801 καὶ
994 3749 1053 3813 ἐξ
1127 3751 1332 3816 ἐτέρων
1407 3751 1529 3809 ὃτι,
1582 3750 1846 3818 ἁρπαγῆς

250 3846 555 3915 γενομένης
610 3847 717 3898 εἴτε
784 3848 919 3915 μετά
976 3846 1203 3915 γνώμης
1258 3847 1358 3915 τῆς
1422 3846 1678 3912 γυναικὸς
1738 3846 1848 3896 εἴτε

256 3934 357 3987 καὶ
382 3937 552 4005 χωρὶς
578 3936 805 4003 γνώμης
836 3938 1072 4005 ἐκείνης,
1128 3938 1306 4003 γάμος
1390 3938 1451 3987 οὑ
1508 3935 1849 4000 συνίσταται,

250 4027 361 4081 κᾶν
404 4031 455 4080 ot
502 4029 718 4098 ἔχοντες
790 4028 989 4088 αὐτοὺς
1057 4028 1414 4090 ὑπεξουσίους

266 4119 435 4173 Ἀλλὰ
464 4120 758 4187 θεμάτισον
789 4121 913 4189 δίχα
947 4120 1206 4187 ἁρπαγῆς
1284 4117 1656 4185 ἀκολουθῆσαι
1734 4122 1834 4185 τὴν

253 4210 588 4273 ὖπεξουσίαν
621 4211 696 4278 τῷ
725 4211 917 4276 φθορεί
940 4228 951 4240 ·
990 4210 1081 4261 διὰ
1106 4210 1239 4277 ’γὰρ
1295 4210 1451 4261 τοῦτο
1482 4212 1577 4261 και
1618 4210 1653 4278 ἡ
1707 4208 1847 4277 μετὰ

253 4300 432 4354 ταῦτα
456 4301 762 4362 συναίνεσις
798 4303 945 4351 ποιεί
975 4299 1274 4351 ἀνεύθυνον
1303 4301 1394 4350 τὸν
1438 4296 1845 4366 γάμον.Ταῦτα

253 4393 435 4459 δὲ,ὠς
463 4397 586 4462 ἐμοὶ
639 4393 807 4455 δοκεῖ,
861 4392 1048 4460 χώραν
1109 4387 1282 4460 εἶχον,
1348 4391 1480 4442 ὅταν
1532 4392 1843 4443 συναινέσει

258 4486 400 4555 μόνῃ
434 4485 751 4537 συνίσταται
784 4486 811 4535 ὁ
850 4484 1049 4551 γάμος.
1075 4485 1325 4552 Σήμερον
1350 4482 1472 4533 ἐπεὶ
1530 4486 1669 4549 μετά
1702 4484 1844 4551 ἱερο-

1490 4025 1840 4081 συναινῶσιν.

2019 2015 2219 2058 secutae
2248 2014 2395 2064 stitit,
2426 2005 2766 2057 lornicantur
2797 2023 2809 2059 :
2844 2006 3214 2059 reconciliatis
3267 2020 3395 2057 vero
3438 2019 3523 2070 pa-

2022 2098 2291 2159 rentibus,
2330 2096 2539 2148 videtur
2581 2111 2665 2148 res
2717 2100 3013 2151 remedium
3073 2099 3354 2163 accipere;
3422 2111 3528 2148 non

2020 2191 2272 2253 protinus
2320 2198 2500 2241 autem
2543 2190 2608 2241 ad
2653 2192 3092 2243 communionem
3146 2192 3531 2249 restituentur,

2020 2283 2111 2333 sed
2140 2284 2375 2333 triennio
2400 2281 2713 2348 punientur.

2022 2366 2216 2420 BALS.
2251 2367 2466 2420 Puellas
2491 2368 2577 2421 hic
2609 2377 2831 2421 sanctus
2854 2381 2972 2429 eas,
3009 2382 3127 2435 quae
3162 2378 3286 2421 sunt
3341 2368 3390 2418 iu
3432 2383 3531 2436 po-

1952 2473 2146 2515 testate
2199 2461 2455 2529 appellat.
2510 2460 2649 2512 Dicit
2683 2475 2833 2527 ergo.
2868 2462 3011 2527 quod
3062 2460 3105 2513 si
3170 2477 3288 2527 quae
3343 2461 3533 2526 puellae

1952 2556 2168 2605 tradunt
2202 2555 2411 2618 seipsas
2430 2552 2544 2603 suis
2576 2554 2916 2603 amatoribus
2948 2563 3147 2617 praeter
3181 2567 3399 2604 suormn
3440 2567 3533 2618 pa-

1951 2656 2091 2697 trum
2122 2646 2468 2704 scntentiam,
2496 2653 2550 2694 et
2596 2646 2662 2694 ab
2693 2643 2796 2694 illis
2831 2654 3272 2709 corrumpantur,
3313 2644 3529 2694 etiamsi

1951 2736 2301 2787 matrimonio
2341 2734 2629 2787 videantur
2657 2736 2989 2801 conjuncta,
3038 2735 3415 2791 forncantnr;
3466 2750 3533 2787 eo

1950 2830 2090 2894 quod
2143 2826 2550 2877 matrimonium
2605 2825 2754 2891 ejus,
2799 2840 2915 2893 qua:
2948 2837 3049 2885 est,
3102 2827 3152 2877 in
3214 2827 3377 2877 tutela
3417 2830 3535 2876 sine

1950 2923 2116 2987 patris
2161 2918 2437 2970 voluntate
2474 2920 2777 2971 consistere
2822 2922 3031 2986 nequit.
3081 2918 3175 2970 Siti
3203 2930 3383 2971 autem
3434 2937 3530 2986 pa-

1951 3026 2131 3061 rentes
2166 3008 2403 3075 ipsarum
2441 3009 2521 3060 eis
2564 3010 2903 3061 reconciliati
2949 3010 3175 3075 luerint,
3200 3020 3254 3062 et
3279 3028 3372 3063 cas
3403 3027 3527 3063 cum

1951 3102 2282 3152 amatoribus
2325 3100 2640 3151 cohabitare
2690 3102 3001 3163 voluerunt,
3051 3116 3125 3153 ret
3177 3102 3273 3155 ltac
3326 3107 3535 3157 ratione

1954 3194 2165 3244 videtur
2214 3191 2512 3245 remedium
2572 3190 2776 3243 atlerri.
2832 3191 2987 3256 Quod
3046 3192 3193 3244 enitn
3248 3194 3314 3244 ab
3379 3194 3535 3247 initio

1955 3285 2095 3334 male
2135 3283 2332 3335 factum
2361 3289 2465 3344 est,
2498 3291 2783 3349 parentum
2818 3294 3005 3349 postea
3034 3298 3340 3336 consensus
3376 3298 3536 3351 repa-

1952 3390 2073 3426 rare
2098 3375 2331 3433 videtur.
2366 3382 2423 3424 ut
2465 3373 2754 3425 fornicatio
2807 3374 2857 3424 in
2904 3374 3309 3425 matrimonium
3364 3374 3537 3425 dedu-

1950 3474 2125 3518 catur.
2149 3464 2217 3516 At
2241 3464 2364 3517 talis
2393 3479 2497 3517 non
2522 3474 2603 3517 est
2633 3466 2813 3517 statim
2846 3464 2910 3517 ad
2930 3466 3367 3517 commuttionem
3394 3466 3536 3519 reci-

1950 3556 2171 3624 pienda,
2216 3557 2311 3609 sed
2339 3554 2556 3608 demum
2590 3565 2717 3621 post
2758 3566 2867 3607 tres
2897 3568 3091 3607 annos.
3126 3552 3223 3607 Hic
3246 3563 3426 3607 autem
3470 3570 3537 3608 ne

1950 3648 2193 3715 pnsneris
2260 3654 2469 3714 raptam
2550 3646 2719 3699 fuisse
2781 3646 3032 3713 puellam.
3113 3646 3185 3698 Ex
3262 3648 3540 3700 tricesimo

1949 3738 2093 3790 enim
2143 3752 2263 3789 ean.
2314 3746 2368 3790 et
2416 3753 2482 3789 ex
2551 3737 2673 3790 aliis
2731 3735 3013 3800 didicisti,
3059 3738 3201 3803 quod
3256 3739 3299 3791 si
3351 3748 3536 3806 raptus

1948 3828 2125 3881 Iactus
2157 3827 2338 3888 fuerit,
2384 3828 2495 3881 sive
2524 3842 2645 3880 cum
2697 3828 2937 3880 mulieris
2968 3829 3265 3888 voluntate,
3313 3831 3427 3881 sive
3470 3844 3533 3883 ea

1949 3919 2187 3984 nolente,
2230 3936 2335 3972 non
2390 3919 2638 3971 consistit
2700 3919 3107 3971 matrimonium
3154 3919 3371 3972 etiamsi
3439 3921 3533 3987 qui

1951 4012 2151 4065 habent
2186 4010 2235 4062 in
2262 4017 2529 4077 potestate
2552 4012 2919 4063 consentiant.
2949 4009 3053 4062 Sed
3084 4024 3220 4078 pone
3244 4023 3386 4071 eam,
3413 4025 3532 4077 quae

1950 4111 2035 4157 est
2066 4103 2119 4154 itt
2160 4110 2433 4171 potestate
2464 4116 2567 4153 non
2603 4111 2809 4169 raptam
2862 4110 3230 4165 stupratorem
3288 4112 3532 4153 secutam

1948 4196 2147 4258 fuisse;
2185 4206 2467 4263 prapterea
2492 4195 2635 4247 enim
2659 4208 2891 4263 sequens
2919 4205 3221 4245 consensus
3250 4190 3397 4253 facit,
3426 4200 3536 4243 uta

1949 4289 2105 4355 culpa
2156 4298 2423 4339 remotum
2456 4288 2527 4340 sit
2556 4288 2890 4356 coniugium.
2926 4284 3051 4338 Haec
3083 4295 3288 4344 autem.
3324 4288 3535 4335 ultumi

1949 4378 2183 4437 videtur.
2210 4377 2387 4433 locum
2430 4378 2728 4439 habebant,
2753 4376 2967 4445 quando
2988 4374 3104 4428 solo
3126 4388 3390 4428 consensu
3412 4389 3538 4425 mn-

1950 4471 2173 4526 sistebat
2208 4472 2634 4526 matrimonium.
2663 4468 2831 4527 Ilodie
2863 4485 3013 4536 vero,
3043 4469 3295 4541 (ιυοιιίίιιιι
3331 4474 3386 4524 lit
3410 4486 3532 4525 cum

250 4577 446 4643 λογίας
475 4578 708 4644 γίνεται,
742 4578 847 4629 κᾶν
883 4580 1274 4629 συναινέσωσιν
1336 4578 1380 4628 οι
1406 4580 1605 4643 γονεῖς,
1665 4578 1844 4647 γάμος

1953 4580 2108 4620 sacra
2180 4566 2590 4626 benedictione.
2656 4566 2873 4620 etiamsi
2936 4576 3195 4631 parentes
3239 4579 3537 4618 consense-

256 4668 401 4735 μετὰ
432 4668 732 4735 ἱερολογίας
757 4670 818 4720 οὑ
854 4670 1087 4735 γίνεται,
1114 4672 1159 4721 εἰ
1228 4668 1303 4737 μὴ
1394 4667 1729 4737 πληρωθῶσι
1778 4669 1847 4721 τὰ

252 4758 354 4812 ’.ὖ
453 4761 731 4829 ἐπιτιμίου
802 4767 853 4827 γ’
914 4760 1009 4829 ἐτη
1082 4761 1112 4829 ἢ
1183 4760 1335 4829 παρά
1419 4758 1512 4811 τοῦ
1613 4762 1846 4813 ἐπισκό-

250 4870 361 4905 στου
424 4855 559 4919 μετὰ
610 4855 709 4919 τὴν
754 4852 962 4903 οἰκείαν
1043 4852 1324 4920 ἐπίκρισιν
1419 4852 1844 4922 στενοχωρηθὼ·

256 4962 371 4997 σιν.
408 4944 732 5012 Ἰερολογίας

253 5040 448 5110 ἁνήεῳ
476 5039 628 5108 κόρῃ,
674 5041 767 5089 καὶ
800 5040 937 5107 μετὰ
988 5039 1161 5089 ταῦτα
1208 5040 1317 5091 τῶν
1352 5038 1608 5105 γαμικῶς
1645 5040 1848 5115 ἱερολο-

256 5129 543 5198 γηθέντων
585 5131 941 5199 στοιχούντων
993 5132 1069 5201 τῷ
1110 5130 1291 5199 γάμῳ,
1326 5128 1665 5199 συνεζητήθη
1708 5129 1847 5183 είτὰ

249 5224 549 5291 τικτόμενα
600 5223 657 5288 ἐξ
688 5224 868 5273 αὐτῶν
921 5224 1120 5292 γνήσιά
1147 5225 1258 5275 εισι
1285 5224 1380 5276 καὶ
1411 5224 1645 5291 νόμιμα.
1683 5224 1842 5273 Ἐλε-

252 5324 358 5383 γον
404 5316 508 5383 γάρ
541 5332 679 5379 τινες
718 5315 815 5379 ώς,
864 5316 986 5367 ἐπεὶ
1044 5316 1282 5385 ἀρχῆθεν
1344 5317 1714 5377 ἀνυπόστατος
1774 5311 1847 5385 ἦν

254 5408 441 5474 γάμος
465 5407 549 5459 διὰ
572 5408 669 5477 τὴν
697 5408 1009 5477 άνηϐότητα
1038 5410 1133 5477 τῆς
1195 5410 1381 5478 κόρης,
1405 5408 1471 5461 τά
1499 5408 1554 5460 δὲ
1579 5410 1635 5471 ἐξ
1667 5411 1841 5477 ἀρχῆς

252 5500 610 5553 ἀνυπόστατα
639 5503 823 5553 ἐκτῶν
881 5504 1018 5571 μετὰ
1064 5501 1238 5555 ταῦτα
1282 5502 1701 5567 συμόαινὸντων
1742 5503 1842 5553 καὶ

255 5587 611 5659 βεϐαιοῦνται
637 5590 818 5653 καθώς
849 5593 877 5644 ὁ
904 5594 1066 5659 νόμος
1088 5592 1269 5660 φησιν,
1305 5590 1363 5655 ἐξ
1383 5590 1651 5657 ἀνάγκης,
1677 5593 1722 5641 εί
1764 5592 1841 5661 μὴ

252 5680 490 5748 γένηται
528 5678 757 5749 δευτέρα
813 5681 1106 5751 ίερολογία,
1141 5680 1261 5733 οὐδὲ
1326 5680 1570 5747 νομίμως
1620 5679 1844 5742 τούτους

257 5772 638 5825 συνάπτεσθαι
662 5775 807 5826 είποι
836 5791 944 5838 τις.
982 5775 1055 5827 Τὸ
1084 5774 1215 5827 αὐτὸ
1268 5773 1324 5825 δὲ
1378 5772 1566 5837 ἔλεγον
1602 5772 1839 5838 ὀφείλειν

255 5862 523 5933 γενέσθαι
566 5866 658 5921 καὶ
680 5868 758 5929 είς
785 5866 883 5934 τὴν
918 5864 1247 5930 ὑπεξουσίαν
1274 5863 1372 5931 τὴν
1411 5863 1560 5931 τηαρά
1611 5860 1839 5929 γὀώμηι

802 4947 860 5015 ᾆδε
934 4946 1329 5005 ἀνυποστάτως
1412 4946 1717 5012 γενομένης
1752 4946 1843 4995 ἐπὶ

1953 4662 2105 4727 rint,
2157 4676 2267 4715 non
2334 4662 2421 4715 liet
2473 4660 2884 4713 matrimonium
2946 4676 3070 4717 cum
3144 4678 3302 4717 sacra
3372 4666 3545 4720 bene.

1954 4753 2190 4806 dictione
2252 4753 2350 4805 nisi
2414 4760 2522 4805 tres
2578 4752 2912 4821 pcenitentiae
2974 4754 3098 4806 anni
3146 4757 3350 4821 exlileti
3419 4760 3540 4811 lue-

1953 4848 2099 4908 rint,
2159 4844 2239 4899 vel
2280 4846 2348 4898 ab
2400 4847 2659 4913 episcopo
2708 4860 2806 4913 pro
2855 4860 2955 4897 suo
3000 4848 3265 4901 arbitratu
3304 4850 3368 4900 ad
3406 4858 3543 4903 tem-

1952 4954 2052 5007 pus
2120 4939 2337 4991 brevius
2414 4936 2617 4990 redacti
2697 4939 2827 4990 sint.
2873 4936 3008 4991 Cum
3076 4949 3254 4991 autem
3309 4942 3538 4991 benedi-

1950 5034 2080 5093 Clio,
2108 5045 2227 5097 qua:
2256 5028 2558 5083 consistere
2586 5042 2689 5081 non
2715 5038 2926 5105 poterat
2952 5029 3002 5080 in
3026 5029 3303 5097 impnbere
3331 5030 3503 5097 puella
3522 5071 3537 5095 ,

1952 5127 2093 5177 Iacto
2150 5131 2313 5187 esset,
2362 5130 2415 5174 et
2459 5131 2642 5188 postea
2683 5121 2777 5190 qui
2839 5122 3317 5174 matrimonialiter
3378 5126 3540 5177 bene-

1950 5217 2081 5269 dicti
2114 5212 2465 5267 matrimonio
2516 5228 2731 5283 qttoque
2755 5212 2930 5282 juncti
2972 5214 3101 5278 sint,
3138 5216 3422 5283 quaesitum
3453 5225 3541 5269 est

1947 5325 2017 5363 an
2057 5310 2147 5374 qui
2176 5323 2241 5359 ex
2276 5306 2354 5359 eis
2392 5315 2694 5359 nascuntur
2744 5305 2851 5358 sint
2888 5308 3129 5372 germani
3183 5322 3243 5360 ac
3286 5307 3532 5375 legitimi.

1947 5404 2212 5459 Dicebant
2266 5400 2411 5451 enim
2458 5398 2698 5452 nonnulli
2732 5402 2897 5467 quod,
2954 5399 3208 5467 quoniam
3256 5400 3538 5452 matrimo-

1947 5500 2097 5552 nium
2136 5495 2201 5545 ab
2235 5492 2387 5544 initio
2431 5506 2532 5542 non
2559 5492 2899 5543 consistebat
2940 5501 3158 5558 propter
3198 5493 3386 5560 puella».
3432 5494 3533 5544 ini-

1946 5590 2285 5658 pubertatem
2316 5583 2459 5652 (quae
2504 5592 2687 5636 autem
2724 5582 2793 5633 ab
2838 5582 2993 5635 initio
3029 5598 3131 5635 non
3181 5586 3533 5644 consistunt.

1944 5698 2008 5737 εχ
2043 5682 2108 5734 iis
2136 5692 2256 5748 qua:
2280 5688 2463 5743 postea
2497 5679 2752 5728 eveniunt
2774 5688 2876 5727 non
2897 5676 3314 5739 conﬁrmantur,
3343 5690 3535 5742 quem—

1945 5774 2238 5826 admodum
2296 5768 2376 5820 lcx
2430 5766 2583 5833 dicit)
2651 5767 2979 5823 necessario.
3016 5766 3115 5817 nisi
3155 5765 3243 5817 liat
3293 5767 3527 5817 sccmnla

1945 5864 2292 5924 benedicti»,
2346 5876 2443 5913 nec
2504 5876 2598 5915 eos
2647 5858 2881 5927 legitime
2935 5860 3149 5925 qnidtttt
3212 5859 3531 5923 cunjttnctos
