4224 6446
739 385 848 447 707

731 591 849 642 lleri
894 590 1218 643 dicebantin
1274 590 1379 642 illia
1429 590 1691 651 familias,
1741 604 1859 657 qure
1904 600 2105 657 praeter
2137 592 2311 657 patris

732 679 1052 732 sententiam
1094 664 1372 733 benedicta
1410 691 1513 741 est,
1555 683 1890 740 insistentes,
1919 683 2058 746 quod
2088 681 2306 734 etiamsi

728 781 915 838 postea
956 774 1316 835 consenserit,
1359 772 1643 840 quioillam
1688 774 1847 826 habet
1903 774 1952 825 in
2020 783 2309 840 potestate.

725 878 833 915 non
888 865 1151 917 consistat
1200 866 1631 931 matrimonium,
1680 867 1779 918 nisi
1814 868 1978 919 etiam
2028 867 2117 917 lial
2150 866 2312 918 benc-

723 953 907 1007 dictio.
939 953 1199 1010 Dominus
1227 967 1403 1009 autem
1431 956 1822 1012 Constantinus
1848 958 2101 1011 Nic-.enus
2128 958 2311 1011 felicis

726 1046 1001 1097 memoria:
1061 1046 1275 1099 dicebat
1326 1046 1541 1115 quidem
1592 1048 1642 1098 in
1680 1046 2026 1099 ﬁliafamilias
2067 1062 2170 1098 non
2229 1063 2312 1097 re-

722 1134 861 1200 quiri
904 1136 1194 1189 secundam
1241 1138 1719 1199 benedictionem,
1774 1140 1917 1206 quod
1967 1138 2135 1191 solius
2189 1152 2311 1204 pcr-

721 1240 868 1279 sonre
908 1227 1116 1280 scilicet
1152 1229 1321 1297 patris
1352 1238 1694 1298 contemptus
1738 1230 2111 1290 intervenerit,
2163 1240 2217 1282 et
2262 1229 2309 1282 is

722 1332 819 1382 per
850 1334 1181 1373 consensum
1217 1332 1532 1388 amputatus
1584 1322 1674 1379 sit.
1714 1323 1769 1374 In
1816 1322 2093 1390 impubere
2124 1332 2304 1373 autent

718 1410 889 1463 voluit
954 1413 1247 1466 secundam
1316 1415 1432 1468 ﬁeri
1506 1415 1961 1477 benedictionem,
2017 1416 2157 1482 quod
2220 1415 2307 1482 jus

719 1514 1007 1557 canimune
1044 1513 1415 1572 contemptum
1448 1505 1537 1567 sit,
1570 1504 1677 1573 97
1714 1515 1767 1558 et
1813 1520 1920 1558 non
1961 1504 2117 1558 aliter
2140 1505 2187 1557 ei
2219 1521 2303 1557 re-

2004 382 2283 443 ἿἾΙΕΟΙ).
2322 386 2726 446 ιι.³.ῐ;ξε,.ιλ1‹)Ν

731 497 927 551 dixerit
979 498 1266 565 quispiam.
1308 496 1419 551 lluc
1461 500 1634 566 ipsum
1668 506 1845 551 autem
1907 496 2070 549 etiam
2118 498 2290 550 debet.

2426 501 2520 552 τοῦ
2555 504 2788 565 πατέρος
2823 504 3262 572 ἱερελογηοεῖσαν
3291 502 3684 571 διενιστάμενοι
3711 516 3728 534 ⁵

3768 504 3863 567 ὡς,
3912 505 4022 555 κᾶν

2422 593 2562 656 μετὰ
2600 592 2771 661 ταῦτα
2806 592 3103 663 συναινέσῃ
3139 595 3166 645 ὁ
3220 594 3358 662 ἔχων
3424 592 3594 662 αὐτὴν
3654 593 4015 654 ὑπεξονσίαν.

2416 682 2595 748 γάμος
2632 685 2690 735 οὐ
2731 686 2996 755 συσταίη,
3034 688 3082 739 εί
3123 687 3197 758 μὴ
3231 688 3377 755 καὶὴ
3409 686 3683 754 ἱερολογία
3759 688 4018 751 γένηται.

2433 772 2490 824 'U
2521 774 2575 825 δὲ
2606 776 2942 844 Μακαρὶτης
2974 778 3167 845 κύριος
3224 778 3646 837 Κωνσταντεῖνος
3690 781 3717 828 ὁ
3767 776 4021 837 Νικαεὺς

2416 865 2505 914 ἐπὶ
2538 866 2635 933 μὲν
2667 867 2764 934 τῆς
2796 867 3131 932 ὑπεξουσίας
3157 869 3311 933 ἔλεγε
3351 870 3424 937 μὴ
3482 869 3691 920 δεῖσθαι
3746 870 4022 935 δευτέρας

2419 955 2729 1023 ίεροὶογίας
2780 959 2956 1010 διὰτὸ
3012 961 3433 1029 καταφρόνησιν
3486 960 3654 1027 μόνην
3711 961 4020 1027 προσώπου

2416 1046 2657 1115 ἧτοιτοῦ
2706 1050 2943 1118 πατέρος
3013 1051 3301 1117 γενᾶπϐαι,
3352 1054 3447 1102 καὶ
3491 1053 3700 1117 ταύτην
3760 1051 3853 1102 διὰ
3918 1052 4021 1117 τῆς

2417 1142 2783 1201 συναινέσεως
2816 1145 3267 1213 περιαιρεῢῆναι.
3336 1144 3458 1198 Ἐπὶ
3530 1145 3584 1195 δὲ
3649 1145 3746 1209 τῆς
3794 1143 4013 1211 ἀνήθου

2414 1230 2565 1282 ἔθελε
2629 1233 2889 1303 δευτέραν
2936 1235 3188 1301 γενέσθαι
3222 1236 3551 1304 ἱερολογίαν,
3576 1236 3750 1287 διὰτὸ
3816 1236 4021 1302 dbia;-

2415 1321 2576 1391 θῆναι
2604 1325 2787 1376 κοινὸν
2831 1328 3088 1394 νῦμιμον,
3117 1327 3215 1379 καὶ
3251 1327 3326 1397 μὴ
3354 1327 3532 1388 ἄλλως
3571 1326 4018 1393 Θεραπεύεσῡαι,

2413 1416 2461 1464 εἰ
2494 1414 2569 1481 μὴ
2602 1416 2746 1483 μετὰ
2775 1417 3070 1485 διόρθωσιν
3101 1435 3113 1447 ·
3152 1420 3292 1488 ὅπερ
3326 1420 3452 1486 ἐμοι
3486 1418 3547 1470 οὑ
3596 1420 3767 1482 δοκεῖ,
3806 1418 3895 1468 ea
3960 1416 4020 1466 τὸ

2417 1504 2582 1567 σέϐας
2620 1506 2682 1559 τὸ
2702 1509 2841 1578 πρὸς
2876 1511 2977 1573 τὴν
3010 1511 3176 1577 ἁγίαν
3206 1510 3538 1579 ίερολογίαν.

717 1592 957 1644 medium
983 1593 1183 1659 afferri,
1227 1597 1328 1650 nisi
1360 1607 1482 1666 post
1506 1600 1927 1660 correctionem,
1970 1601 2112 1665 quod
2161 1600 2289 1653 mihi
2322 1614 2428 1652 non
2462 1600 2694 1667 videtur,
2726 1614 2948 1672 pmpter
2982 1606 3373 1659 benedictionis
3410 1604 3799 1658 reverentiam.

777 1687 1033 1743 ZONAR.
1066 1690 1438 1761 Quzncunqne,
1480 1694 1680 1762 inquit,
1714 1697 1907 1761 puella:
1932 1708 2303 1748 suosamatoo

714 1794 804 1835 res
838 1793 1039 1834 secuta:
1059 1781 1280 1845 fuerint,
1333 1785 1433 1838 hoc
1465 1794 1571 1852 est,
1618 1786 1681 1839 iis
1710 1800 1835 1839 sese
1884 1795 2079 1853 spOnte
2125 1786 2297 1836 tradi-

713 1873 920 1934 derint,
982 1884 1175 1938 prreter
1221 1884 1529 1942 parentmn,
1589 1877 1690 1929 sub
1743 1892 1974 1944 quorum
2032 1885 2300 1942 potestate

2480 1697 2727 1752 ΖΩΝΑΡ.
2765 1700 2952 1764 ’⁷οσαι,
2986 1704 3140 1768 (md,
3194 1701 3354 1771 κόραι
3398 1700 3828 1767 ἀκολουθήσουσι
3875 1698 4020 1749 τισίν

2410 1790 2668 1857 ἐρασταῖς
2718 1791 2924 1855 αὐτῶν,
2972 1794 3090 1846 ἀντὶ
3122 1793 3242 1859 τοῦ,
3279 1794 3507 1845 ἐκδῶσιν
3551 1792 3750 1853 ἑαυτὰς
3785 1791 4017 1845 ἑκοῦσαι

2410 1881 2561 1948 παρὰ
2614 1883 2841 1953 γνώμην
2859 1885 2969 1935 τῶν
3005 1886 3294 1955 ὲπατέρων
3326 1886 3525 1950 αὐτῶν⁹
3558 1880 3643 1947 οἷς
3689 1890 3833 1937 εἰσιν
3878 1885 4012 1936 ὑπε-

715 1972 863 2024 sunt,
918 1965 1271 2029 voluntatem,
1316 1964 1681 2019 fornicamur.
1739 1966 1892 2032 Quod
1936 1968 1979 2022 si
2033 1969 2165 2036 ipsis
2221 1981 2290 2021 re«

2408 1974 2638 2041 ξούσιαι,
2679 1975 3059 2043 πορνεύουσιν.
3098 1953 3227 2031 Ἐάν
3252 1978 3311 2032 δὲ
3352 1980 3775 2046 καταλλαγῶσιν
3822 1979 4015 2038 αὑταῖς

713 2056 1076 2109 concilientur
1104 2066 1357 2124 parentes
1390 2061 1497 2122 sui,
1532 2074 1731 2127 easque
1770 2077 1873 2113 una
1906 2076 2027 2113 cum
2090 2074 2300 2113 amato-

713 2146 865 2199 ribus
924 2149 1449 2216 corruptoribusque
1514 2150 1627 2203 suis
1671 2152 1835 2205 vitam
1893 2166 2056 2216 agere
2099 2154 2293 2213 velint,

712 2237 1008 2289 remedium
1041 2239 1087 2290 ei
1143 2242 1282 2305 quod
1343 2240 1547 2294 factum
1591 2250 1675 2295 est
1734 2244 2011 2295 invenlmn
2060 2244 2295 2295 videtur.

713 2330 883 2393 Porro
922 2332 1023 2383 hoc
1061 2332 1203 2398 quod
1265 2333 1421 2385 initio
1470 2347 1635 2401 prave
1677 2346 1885 2403 gestum
1938 2344 2041 2395 est,
2098 2350 2297 2401 paren-

713 2429 827 2471 tum
850 2458 864 2478 ,
910 2420 996 2486 qui
1038 2428 1157 2487 post
1183 2420 1493 2484 adhibetur,
1526 2436 1822 2475 consensus
1844 2437 2044 2489 eosque
2077 2423 2291 2475 videtur

708 2509 993 2585 emollire,
1028 2518 1082 2562 ut
1148 2510 1490 2565 fornicariam
1570 2513 1849 2566 mulierem
1908 2516 2191 2567 traducere
2244 2516 2294 2566 in

709 2602 1118 2655 matrimonium
1174 2603 1351 2656 liccat.
1411 2602 1526 2656 Non
1584 2613 1763 2657 tamen
1824 2606 1913 2656 illa
1992 2606 2176 2658 statim
2230 2606 2296 2657 ad

712 2696 1148 2749 communionem
1193 2696 1296 2748 erit
1320 2696 1678 2759 admittenda,
1706 2700 1797 2749 sed
1826 2708 2017 2750 exacto
2041 2698 2295 2751 triennio.

781 2784 1013 2838 ARIST.
1072 2786 1201 2849 Qua:
1256 2800 1443 2840 contra
1488 2790 1816 2841 voluntatem
1875 2791 2044 2857 patris
2106 2806 2293 2845 secum

709 2890 811 2937 est,
859 2876 1179 2931 foruieatrix
1211 2892 1483 2932 censetur.
1542 2880 1595 2933 Si
1627 2895 1757 2933 vero
1790 2894 2045 2948 parentes
2092 2897 2287 2935 ret-on-

709 2968 873 3021 ciliati
905 2966 1126 3029 fuerint,
1179 2977 1233 3020 et
1303 2968 1502 3022 factum
1559 2970 1859 3023 remedium
1919 2973 2163 3038 accipere
2210 2977 2292 3024 vi-

712 3062 937 3123 deatur;
969 3062 1204 3113 triennio
1240 3070 1419 3112 tamen
1454 3061 1855 3113 suhSIernatur.

782 3151 885 3217 Qui
928 3153 1029 3203 sub
1062 3160 1329 3218 potestate
1357 3161 1488 3203 sunt
1533 3160 1728 3220 praeter
1754 3165 1941 3205 eorum
1970 3153 2295 3206 sententiam

709 3244 811 3297 sub
835 3258 1062 3310 quorutn
1112 3252 1237 3294 sunt
1284 3250 1554 3309 potestate
1618 3243 2026 3295 tnatrimOnium
2079 3255 2297 3297 eontra-

2403 2066 2451 2116 oi
2486 2070 2664 2130 γονεῖς
2700 2069 2899 2130 αὐτῶν,
2939 2072 3033 2122 καὶ
3069 2070 3338 2140 θελήσωσι
3397 2077 3668 2126 συνοικεῖν
3696 2074 3879 2136 αὑτὰς
3906 2078 4016 2138 τοῖς

2404 2157 2663 2224 ἐρασταῖς
2711 2161 2806 2211 καὶ
2838 2161 3137 2230 φθορεῦσιν
3170 2164 3373 2229 αὐτῶν,
3411 2165 3559 2216 δοκεῖ
3599 2165 4014 2233 θεραπεύεσθαι

2401 2250 2462 2300 τὸ
2505 2252 2819 2317 γενόμενον.
2866 2253 2941 2304 Τὸ
2987 2254 3044 2305 δὲ
3077 2254 3135 2317 ἐξ
3193 2256 3369 2324 ἀρχῆς
3425 2258 3607 2318 κακῶς
3646 2259 4013 2327 γενόμενονή

2405 2342 2544 2409 μετά
2565 2341 2741 2395 ταῦτα
2770 2346 3079 2409 συναίνεσις
3106 2346 3213 2398 τῶν
3247 2348 3454 2412 γονέων
3478 2349 3627 2401 δοκεῖ
3651 2349 4012 2418 Θεραπεύειν,

2401 2438 2540 2490 ὥστε
2557 2439 2654 2509 τὴν
2674 2439 2881 2510 πόρνην
2905 2444 2984 2504 είς
3004 2443 3184 2511 γάμον
3210 2444 3573 2512 μετάγεσθαι,
3608 2446 3757 2514 Πλὴν
3795 2447 3903 2498 οὐκ
3927 2448 4013 2498 εὖ·

2402 2530 2497 2593 οὺς
2513 2532 2677 2601 δεκτὴ
2702 2533 2899 2603 ἔσταιὴ
2918 2535 3144 2605 τοιαύτη
3164 2538 3241 2599 είς
3259 2538 3564 2591 κοινωνίαν.
3583 2538 3719 2590 ἀλλὰ
3737 2538 3867 2607 τρία
3893 2538 4005 2607 ἔτη.

2401 2783 2629 2836 ΑΡΙΣΤ.
2693 2786 2853 2854 Παρὰ
2914 2787 3143 2857 γνώμην
3201 2787 3412 2855 πατρὸς
3485 2788 3516 2855 ἡ
3582 2784 4009 2854 ἀκολουθήσασα

2476 2878 2651 2945 πόρνη
2688 2878 2960 2947 κρίνεται.
3008 2880 3071 2931 Εἰ
3106 2881 3162 2932 δὲ
3198 2880 3295 2932 καὶ
3325 2882 3373 2931 οἱ
3414 2880 3595 2944 γονεῖς
3635 2878 4004 2943 διαλλαγεῖεν,

2475 2971 2567 3019 καὶ
2625 2970 2686 3021 τὸ
2744 2972 2972 3037 γεγονὸς
3040 2971 3344 3038 θεραπείαν
3402 2972 3543 3038 ἔχειν
3601 2970 3799 3021 δοκεῖ’
3855 2971 4008 3038 ὅμως

2473 3065 2717 3125 τριετίαν
2744 3063 3127 3114 ὑποπιπτέτω.

2475 3150 2535 3199 Ol
2571 3150 2907 3211 ὑπεξούσιοι,
2946 3153 3096 3219 παρὰ
3131 3151 3357 3219 γνώμην
3388 3151 3499 3202 τῶν
3538 3150 3777 3220 ἑχόντων
3802 3153 4007 3213 αὐτοὺς

2403 3240 2780 3304 ὑπεξουσίους,
2816 3242 3204 3296 συναλλάττειν
3235 3245 3415 3310 γάμον
3448 3244 3509 3293 οὐ
3534 3242 3795 3293 δύνανται
3824 3260 3839 3273 ·
3870 3245 3923 3293 εί
3950 3244 4009 3296 δὲ

706 3334 835 3387 here
864 3349 967 3385 non
1008 3343 1256 3401 possunt.
1290 3332 1345 3385 Si
1377 3344 1561 3386 autem
1611 3343 1665 3386 et
1693 3337 2111 3397 contraxerint,
2161 3337 2290 3388 nihil

2400 3334 2495 3385 και
2547 3334 3001 3399 συναλλάξουσιν,
3035 3335 3189 3387 οὐδὲν
3222 3307 3494 3403 ἔπραξαν,
3530 3334 3649 3384 ἀλλ’
3702 3334 4007 3403 ὰνίσχυρόν

702 3424 972 3488 fecerunt,
1011 3427 1105 3477 sed
1141 3424 1293 3476 irrita
1330 3434 1412 3477 est
1478 3413 1809 3477 contractio.
1866 3423 2082 3477 Puellae.
2110 3437 2290 3479 autem

702 3531 824 3585 quae
852 3524 1049 3583 praeter
1114 3526 1325 3581 patrum
1369 3529 1590 3579 suorum
1662 3516 1995 3566 voluntatem
2046 3514 2293 3568 homines

703 3609 916 3674 aliquos
953 3617 1151 3659 secuta:
1178 3606 1400 3667 iuerint,
1447 3605 1829 3657 fornicationis
1876 3606 2143 3673 supplicio
2165 3608 2292 3660 sub-

698 3700 978 3767 jieittntur.
1031 3695 1087 3750 Si
1149 3708 1327 3751 autem
1393 3708 1578 3765 postea
1646 3704 1901 3765 parentes
1970 3699 2287 3767 conjuginin

711 3799 915 3858 praeter
944 3802 1096 3839 snam
1133 3787 1456 3841 sententiam
1485 3786 1720 3848 initium,
1746 3787 2065 3851 admittunt,
2102 3798 2155 3840 et
2198 3789 2283 3839 in-

700 3879 1028 3932 dissolutnm
1088 3893 1309 3931 manere
1369 3878 1576 3938 volunt,
1641 3876 1997 3929 nihilominus
2055 3878 2183 3945 quia
2222 3881 2319 3932 ab,

699 3974 855 4026 initio
881 3988 998 4025 eum
1025 3964 1519 4025 eorum'voluntate
1563 3983 1671 4022 non
1733 3968 1930 4022 factum
1976 3968 2075 4022 fuit
2114 3988 2127 4035 ;
2178 3988 2283 4024 non

700 4065 881 4119 statim
926 4066 991 4116 ad
1038 4064 1473 4116 conititunionetn
1507 4062 1862 4130 recipientur,
1901 4062 1994 4115 sed
2046 4065 2283 4117 triennio

698 4169 890 4223 pmnas
927 4154 1160 4209 solvent.

1228 4243 1459 4298 CANON
1495 4243 1741 4298 XXXIX.

697 4339 826 4404 Qua:
856 4338 985 4390 vivit
1020 4352 1142 4391 cum
1169 4338 1542 4401 adultero,est
1576 4345 1692 4389 toto
1725 4346 1972 4403 tempore
2010 4337 2312 4398 adultera.-

768 4447 962 4501 BALS.
1004 4448 1192 4501 Mulier
1242 4451 1512 4515 quaedam,
1557 4462 1677 4516 quae
1737 4446 2048 4500 adulterata
2098 4445 2280 4500 fuerat

693 4551 746 4594 et
778 4556 900 4594 cum
938 4540 1184 4593 adultero
1219 4556 1322 4592 una
1350 4542 1588 4602 vivebat,
1618 4539 1805 4606 punita
1863 4549 1945 4590 est
1980 4555 1994 4591 :
2032 4554 2154 4591 cum
2186 4554 2282 4591 au-

2398 3425 2515 3476 ὲστι
2567 3426 2627 3475 τὸ
2681 3426 3062 3495 συνάλλαγμα.
3112 3426 3460 3480 ’Υπόκεινται
3512 3428 3572 3493 δὲ
3624 3428 3719 3478 καὶ
3768 3426 3851 3495 τῷ
3905 3428 4005 3495 τῆς

2398 3518 2661 3587 πορνείας
2695 3520 2961 3588 ἐπιτιμίῳ
3005 3522 3059 3572 ad
3099 3521 3250 3589 παρὰ
3297 3521 3522 3587 γνώμην
3572 3521 3681 3571 τῶν
3736 3521 4005 3589 πατέρων

2397 3610 2581 3662 αὐτῶν
2613 3611 3059 3679 ἁκολουθήσασαί
3091 3629 3236 3663 τισιν
3260 3612 3488 3681 ἀνδράσι
3514 3611 3701 3679 κόραι.
3727 3611 3790 3662 Et
3819 3612 3879 3662 δι
3906 3621 4003 3663 καὶ

2397 3703 2541 3772 μετὰ
2562 3702 2738 3755 ταῦτα
2771 3706 2821 3756 οἱ
2856 3707 3036 3771 γονεῖς
3068 3705 3129 3755 τὸ
3162 3706 3317 3774 παρὰ
3353 3704 3581 3775 γνώμην
3616 3703 3805 3755 αὐτῶν
3845 3706 4004 3772 γενό-

2396 3813 2560 3865 μενον
2608 3798 2952 3849 συνοικέσιον
2992 3797 3259 3861 δέξονται,
3310 3798 3405 3849 καὶ
3463 3798 3756 3864 θελήσουσι
3814 3798 4001 3865 μένειν

2392 3888 2592 3939 ἄλυτον
2620 3903 2631 3915 ·
2686 3888 2836 3955 ὅμως
2896 3889 2987 3941 διὰ
3034 3890 3094 3941 τὸ
3136 3889 3196 3952 ἐξ
3236 3890 3410 3957 ἀρχῆς
3444 3889 3519 3957 μὴ
3571 3889 3712 3940 κατά
3767 3887 4001 3959 γνώμην

2392 3978 2575 4029 alith
2615 3979 2896 4043 γενέσθαι,
2930 3980 3029 4032 οὐκ
3057 3980 3220 4040 εὐθὺς
3276 3982 3356 4041 είς
3406 3980 3695 4031 κοινωνίαν
3744 3979 3995 4048 παραδε-

2390 4072 2709 4142 χθήσονται,
2741 4074 2860 4125 ἀλλ’
2883 4075 2973 4126 ἐπὶ
3007 4073 3256 4125 τοιετίαν
3288 4071 3812 4141 ὲπιτιμηθήσονται.

2986 4253 3229 4306 ΚΛΝΩΝ
3276 4256 3400 4303 AU'.

2442 4345 2501 4397 'Il
2521 4344 2599 4412 τῷ
2627 4343 2801 4413 μοιχῷ
2816 4343 3035 4405 συζῶσα
3059 4343 3305 4412 μοιχαλίς
3328 4346 3443 4393 ἐστι
3459 4343 3641 4393 πάντα
3660 4342 3753 4393 τὸν
3772 4342 3991 4410 χρόνον.

2465 4437 2659 4488 ΒΑΛΣ.
2700 4436 2843 4504 Γυνή
2874 4454 2956 4497 τις
2989 4436 3177 4502 μοιχεύ
3192 4451 3331 4486 σασα
3363 4435 3454 4484 καὶ
3488 4433 3709 4495 συζῶσα
3738 4434 3817 4499 τῷ
3868 4452 3990 4501 μοι·

2393 4527 2475 4597 χῷ
2515 4529 2823 4596 ἐπετιμήθη
2852 4542 2863 4554 ·
2901 4526 2992 4577 τοῦ
3037 4525 3229 4595 ἀνδρὸς
3265 4525 3318 4576 δὲ
3354 4526 3522 4591 αὐτῆς
3553 4526 3993 4591 τελευτήσαντος

695 4643 801 4687 tem
836 4640 1083 4683 mortuus
1112 4641 1254 4682 esset
1286 4632 1405 4698 ejus
1459 4631 1709 4693 maritus,
1770 4631 1982 4683 volebat
2025 4630 2277 4699 conjungi

2398 4619 2546 4691 ἡθελε
2608 4619 2975 4687 συζευχθῆναι
3034 4619 3112 4686 τῷ
3150 4617 3346 4686 μοιχῷ.
3382 4619 3552 4685 Φησὶν
3606 4616 3699 4669 οὖν
3745 4620 3771 4668 ό
3833 4618 3990 4683 ἅγιος

693 4724 959 4775 adultero.
1028 4721 1169 4773 Dicit
1198 4722 1382 4787 itaque
1423 4732 1670 4781 sanctus,
1712 4724 1856 4787 quod
1904 4736 1971 4772 ne
2005 4722 2105 4774 hoc
2156 4724 2280 4788 qui-

692 4812 1047 4875 demliet,sed
1080 4814 1241 4864 etiam
1270 4813 1440 4864 donec
1486 4812 1764 4863 vivitcum
1791 4809 2035 4862 adultero
2066 4826 2280 4877 ptenam

688 4905 872 4957 subire
898 4904 1077 4967 debet,
1131 4904 1345 4957 etiamsi
1406 4902 1714 4972 quindecim
1772 4902 1895 4954 anni
1947 4903 2282 4969 ptenitentiae

691 5001 950 5052 transncti
988 4999 1113 5053 sint.
1149 4996 1224 5051 Illi
1282 4998 1428 5049 enim
1486 4997 1700 5049 demum
1731 5008 1844 5057 eas,
1897 5008 2020 5061 qua:
2076 4996 2127 5047 in
2162 5010 2281 5062 pce-

688 5091 914 5143 nitentia
941 5091 1155 5149 dantur,
1191 5103 1380 5156 poenas
1410 5086 1641 5141 subiisse
1683 5086 1955 5150 videntur,
1984 5095 2038 5139 et
2065 5088 2277 5141 veniam

685 5179 931 5247 adipisci,
964 5180 1114 5246 quia
1173 5179 1312 5231 malo
1365 5177 1663 5230 abstinent.
1707 5176 1808 5240 Qui
1837 5177 2093 5228 autemin
2135 5176 2278 5228 malo

687 5282 1060 5341 perseverant,
1126 5270 1302 5323 eidem
1359 5283 1532 5336 pugna:
1587 5275 1713 5320 sunt
1769 5268 2014 5330 obnoxii,
2062 5268 2275 5322 etiamsi

684 5379 803 5417 eam
841 5364 1035 5417 millies
1068 5364 1353 5417 subierint.
1419 5360 1498 5414 lta
1533 5374 1664 5429 ergo
1710 5361 1763 5413 in
1822 5373 2086 5414 canonem
2143 5376 2273 5429 pro-

684 5471 863 5526 pone;
912 5468 967 5510 et
1030 5472 1096 5508 ne
1146 5458 1348 5511 dixeris
1390 5469 1607 5509 omnem
1644 5453 1925 5507 mulierem
1990 5468 2106 5521 qua:
2148 5470 2272 5508 cum

682 5547 932 5602 adultero
992 5548 1289 5611 cohabitat,
1352 5561 1477 5601 esse
1533 5545 1856 5600 adulteram.
1939 5544 2070 5612 Ejus
2127 5546 2271 5599 enim

683 5652 822 5691 uxor
866 5638 1105 5707 legitima
1140 5639 1219 5691 illi
1249 5638 1593 5701 cohabitans,
1648 5647 1731 5691 est
1763 5652 1791 5689 a
1846 5638 2272 5706 reprehensione

683 5731 879 5793 aliena,
914 5745 961 5786 et
995 5734 1199 5799 qumvis
1230 5732 1335 5785 alia
1370 5742 1568 5801 prater
1598 5728 1921 5784 adulteram.
1954 5728 2019 5781 Et
2046 5729 2125 5782 lex
2146 5731 2271 5798 qui-

679 5826 799 5878 dem
830 5824 1352 5884 ecclesiastica'hznc
1379 5824 1644 5881 decernit.
1674 5821 1864 5876 Civilis
1892 5831 2071 5895 autem
2107 5823 2268 5876 adul-

682 5926 808 5973 terae
838 5920 984 5978 nullo
1019 5920 1181 5977 modo
1211 5920 1479 5991 permittit
1518 5934 1640 5977 cum
1676 5916 1925 5974 adultero
1982 5917 2261 5990 conjungi.

2386 4711 2461 4772 ὡς
2502 4708 2629 4761 οὔτε
2669 4710 2831 4761 τοῦτο
2859 4710 3177 4776 γενήσεται,
3210 4706 3347 4758 ἁλλὶ
3378 4709 3473 4757 καὶ
3512 4707 3707 4775 μέχρις
3744 4706 3813 4757 ἂν
3849 4705 3986 4773 sua;

2386 4801 2463 4869 τῷ
2509 4800 2681 4869 μοιχῴ
2721 4800 3161 4869 ὲπιτετιμημένη
3188 4797 3395 4865 ὀφείλει
3428 4793 3589 4861 εἶναι,
3641 4797 3748 4850 κᾶν
3813 4799 3885 4850 τὰ
3924 4796 3986 4849 ιε’

2387 4894 2481 4960 ἔτη
2540 4894 2648 4943 τῶν
2705 4893 3003 4960 ἐπιτιμίων
3063 4891 3162 4959 τῆς
3223 4890 3472 4959 μοιχείας
3537 4888 3985 4958 ἐπεραιώθησαν.

2400 4984 2628 5036 Ἐκεῖνοι
2666 4984 2774 5052 γὰρ
2801 4984 2869 5035 τά
2896 4985 2989 5035 ἐπὶ
3020 4985 3085 5054 τῇ
3136 4983 3395 5051 μετανοίᾳ
3439 4980 3697 5049 δ.δόμενα
3726 4982 3986 5051 ἐπιτίμια

2384 5076 2600 5127 δοκοῦσι
2650 5076 2949 5138 δουλεύειν,
3005 5080 3097 5128 καὶ
3160 5076 3463 5143 λαμϐάνειν
3518 5072 3877 5141 συγχώρησιν
3937 5075 3985 5124 οι

2383 5170 2747 5238 ἀφιστάμενοι
2771 5168 2865 5221 τοῦ
2903 5168 3100 5221 κακοῦ.
3130 5169 3193 5221 Ol
3234 5168 3289 5220 δὲ
3317 5168 3672 5236 ἐπιμένοντες
3707 5166 3786 5232 τῷ
3825 5165 3986 5232 κακῷ

2383 5265 2475 5314 ἐπὶ
2531 5264 2589 5314 τὸ
2642 5262 2775 5313 αὐτό
2806 5264 2944 5313 εἰσιν
2977 5261 3268 5329 ὲπιτίμιοι,
3315 5262 3417 5314 κὰν
3480 5258 3745 5327 μυριάκις
3800 5257 3984 5324 τούτῳ

2381 5353 2763 5406 δουλεύσωσιν.
2822 5350 2982 5420 Οὕτω
3024 5349 3321 5419 θεμάτισον
3346 5350 3438 5401 τὸν
3468 5347 3669 5399 κανόνι
3694 5361 3709 5373 ⁸
3756 5348 3854 5398 καὶ
3905 5348 3983 5414 μὴ

2382 5446 2543 5515 εῖπῃς
2577 5446 2758 5497 πᾶσαν
2801 5447 3035 5510 γυναῖκα
3076 5441 3330 5505 συζῶσαν
3363 5440 3441 5509 τῷ
3472 5438 3648 5508 μοιχῷ
3686 5436 3984 5505 μοιχαλίδα

2383 5537 2542 5592 εἶναι.
2591 5537 2656 5589 'H
2688 5538 2798 5605 γὰρ
2831 5537 3065 5605 νόμιμος
3117 5535 3257 5603 γυνὴ
3306 5532 3473 5584 αὑτοῦ
3527 5528 3825 5589 ἀνεύθυνος
3863 5527 3981 5579 ἐστι

2383 5633 2563 5702 τούτῳ
2592 5633 2981 5698 συνδιάγουσα,
3012 5628 3105 5682 καὶ
3138 5628 3273 5696 άλλη
3303 5627 3455 5679 πᾶσα
3499 5627 3669 5693 χωρὶς
3699 5622 3802 5690 τῆς
3852 5637 3978 5689 μοι·

2377 5726 2616 5794 χαλὶδος.
2675 5726 2784 5777 Καὶ
2836 5728 2863 5777 ὀ
2930 5724 3031 5791 μὲν
3092 5718 3553 5789 ἐκκλησιαστικὸς
3600 5714 3767 5782 νόμος
3796 5711 3979 5764 ταῦτα

2373 5819 2667 5891 διορίζεται
2700 5835 2713 5849 ·
2752 5821 2778 5870 ὁ
2818 5819 2876 5871 δὲ
2923 5816 3206 5879 πολιτικὸς
3244 5814 3305 5867 οὺ
3361 5808 3690 5881 παραχωρεῖ
3712 5805 3817 5874 τὴν
3852 5820 3977 5873 μοι·

2375 5912 2566 5982 χαλίδα
2618 5914 2767 5976 ὅπως
2814 5912 3015 5982 δήποτε
3064 5907 3431 5979 συζευχθῆναι
3462 5902 3541 5973 τῷ
3583 5896 3761 5971 μοιχῷ
3788 5910 3801 5925 ·
3836 5894 3977 5965 φησι
