4224 6446
769 405 870 468 711
2026 407 2282 466 THEOD
2340 406 2740 469 BALSAMON
3920 413 4025 472 71:2

773 527 1002 577 nentur:
1043 516 1311 584 posterior
1359 523 1537 567 autem
1595 513 1877 567 convictus
1917 527 2072 581 paena
2114 514 2338 566 carebit.

2467 532 2643 577 ιτατος
2659 523 2834 586 γάμος
2860 517 2953 584 τῆς
2976 517 3169 583 δούλης
3191 516 3459 585 στηριχθῇ
3487 517 3518 585 ἢ
3543 516 3677 585 μετά
3695 516 4027 583 ἐλευθερίαν

775 608 837 657 l-It
862 609 972 658 haec
1005 603 1218 671 quidem
1244 604 1458 670 quando
1506 601 1713 655 ancilla:
1744 603 2173 666 matrimonium,
2197 603 2341 667 quod

2467 606 2639 672 ιῦτῆς,
2682 606 2714 673 ἢ
2747 607 2885 674 μετὰ
2914 605 3155 674 φανερὰν
3192 605 3502 656 συναίνεσιν
3539 606 3629 657 τοῦ
3664 605 3964 665 δεσπότου,

772 699 1073 749 consistere
1110 712 1211 745 rion
1255 706 1439 758 icter-t,
1470 691 1633 746 fuerit
1660 693 2068 754 confirmatum,
2113 694 2192 746 vel
2225 704 2343 760 post

2467 697 2539 746 ιαὶ
2567 697 2851 765 ἐλευθερία
2889 695 3143 763 σιωπηρά
3172 696 3229 759 ἐξ
3253 696 3498 762 ἀνάγκης
3538 696 3929 747 ἐπακολουθεῖ.
3967 697 4027 745 Τί

770 791 883 856 ejus
917 789 1243 849 libertatem,
1276 790 1353 841 vel
1388 794 1508 855 post
1565 787 1916 839 manifestum
1968 786 2170 839 domini
2219 802 2345 839 con—

2467 786 2499 837 ἱέ
2526 805 2541 851 ;
2576 788 2609 855 ἡ
2638 787 2893 854 γαμικῶς
2920 787 3255 853 συναφθεῖσα
3278 787 3440 854 δούλη
3476 788 3612 855 μετὰ
3637 786 3911 852 ἀληθεῖας
3935 783 4026 835 τοῦ

772 894 1018 940 εεηευηι,
1077 892 1235 946 quem
1291 879 1455 930 etiam
1520 878 1680 937 tacita
1736 877 1960 931 libertas
2035 880 2346 930 necessario

2467 878 2708 927 ῑεσπότου
2738 877 2939 938 εἰδότος
2980 881 3073 929 καὶ
3111 877 3183 945 μὴ
3234 878 3630 943 ἀντιλέγοντος,
3681 877 3757 937 ὡς
3791 872 4031 942 πορνεύ-

771 970 1149 1035 consequitur.
1182 968 1319 1033 Quid
1366 967 1591 1020 autem?
1639 967 1855 1029 ancilla,
1897 983 2016 1035 quae
2064 983 2188 1022 vere
2234 983 2347 1020 Ina-

2467 984 2582 1019 »υσα
2614 968 2996 1035 λογισθήσεται
3037 969 3128 1019 διά
3166 968 3227 1019 τὸ
3262 969 3338 1035 μὴ
3371 968 3683 1020 συναινέσαι
3711 968 3804 1017 τὸν
3833 968 4032 1017 δεσπό-

774 1059 1026 1111 trimonio
1057 1056 1344 1123 conjuncta
1377 1056 1706 1109 estdomino
1734 1057 1941 1109 sciente
1968 1066 2023 1108 et
2065 1072 2171 1110 non
2211 1072 2346 1109 con-

2467 1077 2569 1127 την,
2593 1060 2625 1128 ἢ
2652 1062 2757 1128 μή;
2790 1060 2979 1122 Λύσις.
3010 1061 3081 1111 Τὸ
3113 1058 3197 1127 μζ¹
3222 1077 3370 1127 κεφ.,
3396 1060 3489 1111 τοῦ
3516 1060 3557 1111 δ’
3583 1060 3787 1119 τίτλου,
3821 1058 3923 1109 τοῦ
3948 1054 4030 1121 κη’

776 1146 1098 1211 tradicente,
1156 1154 1216 1199 ut
1265 1142 1589 1197 fornicatrix
1647 1144 2021 1209 reputabitur,
2082 1158 2147 1197 eo
2206 1144 2346 1213 quod

2467 1149 2679 1210 Βιϐλίου,
2736 1150 2869 1217 φησὶ
2918 1149 3090 1202 ταῦτα
3139 1150 3320 1219 ῥητῶς
3353 1166 3367 1181 ·
3420 1151 3485 1201 El’
3522 1168 3605 1212 τις
3644 1151 3883 1213 ἐξέδωκε
3936 1150 4031 1215 τὴν

776 1236 1027 1290 dominus
1072 1250 1177 1288 non
1210 1233 1566 1295 consenserit,
1618 1236 1843 1285 annon?
1903 1234 2016 1287 Sol.
2079 1248 2199 1301 cap.
2254 1234 2346 1297 Π,

778 1331 861 1381 tit.
898 1328 952 1391 4,
985 1327 1077 1381 lib.
1118 1341 1291 1379 xxvnt
1332 1329 1444 1379 haec
1492 1324 1625 1377 dicit
1667 1338 1945 1390 expresse.
1991 1325 2044 1378 Si
2094 1326 2216 1393 quis
2246 1341 2349 1378 an-

2449 1240 2643 1306 έαιιτοῦ
2670 1239 3031 1309 θεράπαιναν,
3056 1244 3083 1291 6
3107 1240 3162 1291 δέ
3190 1239 3475 1309 ἐλεύθερος
3503 1240 3578 1292 ὢν
3602 1241 3695 1293 καὶ
3719 1241 4031 1299 πιστεύσας

2448 1329 2528 1397 τῷ
2557 1330 2749 1384 διδόντι
2780 1332 2953 1400 αὐτὴν
3000 1332 3210 1391 ἔλασεν,
3258 1332 3387 1393 ίσως
3425 1332 3521 1384 καὶ⁵
3552 1332 3845 1400 προικῲων
3871 1348 4033 1399 τενε-

774 1419 949 1471 cillam
980 1433 1131 1471 suam
1170 1428 1394 1483 nuptum
1445 1415 1667 1477 locavit,
1702 1415 1794 1480 qui
1852 1422 2031 1467 autem
2067 1413 2201 1468 liber
2243 1423 2343 1477 est,

2467 1423 2632 1473 ιένων
2661 1421 3042 1489 συμσολαίων,
3083 1423 3115 1490 ἢ
3163 1423 3297 1490 μηδέ
3340 1424 3646 1491 γενομένων
3692 1424 3810 1490 μὲν,
3846 1426 3951 1489 τῆς
3980 1421 4034 1472 (Σὲ

772 1519 826 1563 et
856 1510 1049 1561 locanti
1085 1508 1185 1561 fide
1212 1508 1359 1569 data,
1414 1521 1533 1560 eam
1577 1507 1810 1573 accepit,
1871 1518 1925 1559 et
1969 1506 2107 1560 forte
2170 1506 2335 1559 etiam

2467 1510 2644 1563 εαυτοῦ
2686 1510 2913 1579 γνώμης
2956 1512 3015 1562 τὸ
3064 1514 3297 1579 πρᾶγμα
3340 1512 3786 1579 διοικησαμένης,
3825 1514 3934 1563 οὐκ
3972 1513 4036 1561 ἂν

774 1599 1050 1653 dotalibus
1084 1598 1346 1650 confectis
1380 1598 1781 1657 instrumentis,
1824 1597 1908 1651 vel
1956 1612 2063 1650 non
2086 1594 2350 1649 confectis

2467 1602 2534 1670 είη
2564 1601 2779 1655 δίκαιον
2811 1601 2902 1653 τὸν
2928 1601 3169 1653 τοιοῦτον
3198 1603 3275 1670 μὴ
3309 1601 3634 1655 συνεστάναι
3661 1605 3868 1667 γάμον,
3902 1601 4035 1653 ἀλλὰ

774 1688 1014 1755 quidem,
1050 1686 1145 1740 sed
1180 1686 1296 1752 ejus
1354 1697 1535 1739 tamen
1581 1687 1863 1741 voluntate
1902 1702 2015 1741 rem
2068 1687 2347 1740 tractavit.

2467 1693 2745 1761 τιωπηράν
2785 1693 3109 1762 ἐλευθερίαν
3136 1694 3451 1745 ἀκολουθεῖν
3476 1696 3586 1744 εἴτε
3617 1692 3695 1759 τῷ
3724 1693 3889 1761 ἀνδρὶ
3928 1692 4035 1741 εῑτε

772 1794 880 1831 non
907 1772 1107 1845 justum
1136 1776 1295 1830 fuerit
1329 1777 1465 1830 tales
1490 1791 1595 1830 non
1624 1779 1949 1831 confirmare
1990 1786 2226 1847 nuptias,
2256 1784 2349 1830 sed

2467 1785 2516 1851 τῇ
2557 1786 2776 1851 γυναικί
2806 1801 2818 1813 ·
2858 1786 2953 1836 καὶ
2984 1784 3230 1836 τοιούτου
3271 1785 3417 1847 τινὸς
3452 1785 3602 1854 παρά
3634 1783 3726 1834 τοῦ
3764 1783 4035 1834 δεσπότου

772 1870 935 1920 etiam
974 1852 1575 1927 tacitam-libertatem,
1622 1866 1738 1917 sive
1788 1866 1927 1928 viro,
1976 1867 2090 1918 sive
2137 1864 2349 1917 mulieri

2467 1847 2771 1943 γενομένου,
2804 1874 3141 1943 θεσπίζομεν
3175 1847 3605 1943 ἁρπάζεσθαίτε
3636 1875 3731 1926 καὶ
3776 1874 3875 1926 τὸν
3926 1889 4037 1924 τοι-

773 1956 1062 2009 coovenire
1088 1972 1101 2011 :
1130 1964 1181 2006 ct
1216 1968 1340 2005 cum
1374 1952 1479 2005 tale
1512 1952 1642 2021 quid
1685 1969 1714 2006 a
1756 1953 1977 2006 domino
2030 1955 2228 2005 factum
2255 1952 2349 2016 sit,

2467 1962 2608 2016 ›ῦτον
2639 1966 2733 2017 καὶ
2779 1966 2876 2034 τὴν
2917 1966 3177 2033 τοιαύτην
3222 1968 3302 2028 είς
3333 1966 3636 2033 εὐγένειαν,
3669 1965 3763 2017 καὶ
3794 1965 3859 2016 τὸ
3891 1966 4034 2031 πρᾶ-

772 2062 895 2099 eum
951 2060 1181 2112 eamque
1229 2043 1576 2097 decernimus
1612 2044 1679 2096 ad
1744 2044 2126 2112 ingenuitatem
2160 2044 2348 2111 arripi,

2467 2072 2572 2124 γμα
2616 2055 2693 2117 ὡς
2739 2057 2832 2109 ἐπὶ
2867 2056 3173 2126 ἐλευθέροις
3205 2075 3265 2108 τε
3299 2059 3393 2109 καὶ
3424 2059 3671 2124 εύγενέσι
3718 2056 4038 2125 κρίνεσθαι.

776 2150 995 2203 remque
1020 2147 1275 2202 tanquam
1345 2135 1397 2186 in
1460 2134 1643 2188 liberis
1693 2150 1745 2187 ct
1806 2136 2053 2203 ingenuis
2096 2136 2349 2202 judicari.

2467 2147 2517 2200 Ξί
2549 2147 2605 2200 δέ
2637 2148 2801 2207 αὐτὸς
2837 2146 2936 2215 μὲν
2961 2148 3020 2199 οὐ
3060 2147 3427 2215 συναρμόσειε
3459 2149 3549 2199 τὸν
3585 2149 3760 2215 γάμον
3804 2150 3831 2199 6
3876 2148 4037 2198 θατέ-

775 2227 831 2278 Si
876 2237 1054 2278 autem
1080 2224 1194 2291 ipse
1230 2221 1447 2289 quidem
1478 2220 1793 2273 alterutrius
1816 2236 2062 2288 personae
2090 2222 2351 2275 dominus

2467 2250 2552 2285 σου
2579 2233 2687 2285 τῶν
2712 2232 3021 2300 προσώπων
3040 2234 3329 2300 δεσπότης,
3360 2236 3525 2303 εἰδείη
3552 2235 3607 2287 δέ
3631 2238 3691 2286 τὸ
3713 2236 4038 2303 γενόμενον,

776 2316 1182 2371 matrimonium
1218 2327 1321 2364 non
1386 2311 1755 2373 constituerit,
1822 2326 1941 2364 cum
2007 2326 2133 2365 vero
2188 2313 2354 2367 sciret

2467 2329 2549 2378 ιιαί
2596 2327 2913 2394 ἐξεπίτηδες
2963 2327 3330 2395 ἀποκρύπτει,
3384 2329 3471 2380 ἵνα
3505 2327 3733 2394 ὕστερον
3798 2329 4041 2393 πρᾶγμα

775 2410 920 2477 quod
957 2409 1117 2461 fiebat
1168 2408 1215 2457 ‘e
1243 2403 1511 2457 induStria
1558 2402 1778 2466 celavit,
1834 2412 1889 2454 ut
1937 2403 2199 2458 adversus
2228 2419 2358 2457 con-

771 2501 1083 2567 junctorum
1177 2495 1490 2547 tlterutrum
1534 2494 1807 2561 negotium
1846 2502 2034 2560 postea
2077 2495 2354 2547 consarci-

776 2599 975 2650 naret,
1036 2585 1299 2654 ejusmodi
1367 2582 1586 2651 quidem
1645 2584 2016 2645 maleficium,
2083 2586 2352 2653 siquidem

778 2682 926 2735 clare
982 2686 1260 2729 ostensum
1307 2674 1489 2739 fuerit,
1528 2674 1807 2743 ponimus,
1858 2684 1911 2729 et
1967 2677 2047 2730 eis
2093 2679 2188 2745 qui
2246 2688 2354 2730 tam

780 2768 1086 2837 improbum
1123 2766 1412 2819 consilium
1448 2774 1731 2833 ceperunt,
1795 2767 2090 2820 dominium
2152 2767 2355 2823 auferi«

781 2874 918 2919 mus,
941 2869 996 2911 et
1028 2858 1127 2910 hoc
1159 2858 1233 2908 sit
1258 2869 1447 2907 rursus
1475 2870 1693 2923 quoque
1754 2860 2175 2921 matrimonium,
2235 2874 2358 2925 pro-

783 2950 907 3003 inde
939 2963 1002 3001 ac
1042 2948 1084 3000 si
1112 2947 1158 3001 is
1206 2946 1570 2999 consensisset
1598 2948 1676 2999 ab
1710 2947 1863 3001 initio
1890 2950 1977 3015 qui
2025 2951 2355 3016 possidebat.

778 3043 849 3093 At
901 3028 987 3093 ille
1025 3040 1239 3106 quidem
1264 3052 1293 3089 a
1326 3038 1570 3090 dominio
1615 3040 1872 3092 excidat:
1931 3055 2119 3093 rursus
2173 3052 2354 3095 autem

780 3146 972 3183 servus
996 3131 1061 3181 ad
1104 3128 1494 3197 ingenuitatem
1550 3130 1809 3195 rapiatur.
1861 3130 1994 3183 Cum
2053 3132 2153 3185 lioc
2183 3133 2358 3201 itaque

788 3220 991 3282 evenit,
1025 3218 1108 3270 vel
1144 3219 1186 3269 si
1224 3217 1523 3279 consensit,
1554 3218 1636 3269 vel
1669 3218 1713 3269 si
1768 3217 2012 3286 improbe
2044 3220 2213 3286 gessit
2262 3222 2358 3271 (lo-

781 3309 983 3371 tninus,
1027 3306 1233 3359 clarum
1268 3314 1367 3367 est,
1403 3303 1545 3372 quod
1588 3307 1678 3371 qui
1740 3318 1805 3357 ex
1866 3307 1949 3357 Itis
2002 3308 2362 3358 matrimoniis

784 3401 895 3452 nati
926 3409 1071 3461 sunt,
1105 3408 1262 3449 erunt
1292 3412 1356 3447 cx
1402 3396 1503 3447 hac
1548 3406 1733 3449 nostra
1768 3395 1883 3463 lege
1916 3397 2069 3449 liberi
2107 3409 2160 3449 et
2213 3402 2361 3465 iugc-

781 3488 895 3539 nui.
960 3487 1024 3539 Ει
1081 3487 1334 3552 quoniam
1390 3499 1454 3536 ex
1502 3483 1603 3537 hoc
1639 3491 1881 3552 apparet,
1943 3488 2009 3538 ad
2062 3487 2360 3540 libertatem

779 3579 945 3647 arripi
980 3580 1255 3639 ancdlam,
1288 3591 1407 3642 qua:
1434 3592 1553 3629 cum
1586 3575 1791 3629 domini
1848 3578 2134 3631 tolerantia
2174 3583 2356 3647 nupsit

780 3671 966 3730 libero,
1020 3671 1111 3736 qui
1142 3667 1417 3734 conjuncti
1453 3676 1581 3719 sunt
1617 3666 1760 3719 nulla
1804 3681 1959 3733 poena
2002 3667 2115 3737 99
2178 3671 2358 3723 allecti

780 3763 1269 3813 conservabuntur.
1298 3757 1452 3823 Quod
1486 3759 1630 3810 enim
1672 3758 1738 3810 ad
1769 3769 2006 3812 veterem
2051 3762 2221 3829 legem
2280 3772 2362 3813 at-

782 3852 937 3913 tinet,
974 3866 1091 3917 quae
1126 3849 1528 3902 matrimonium
1567 3849 1680 3901 solo
1712 3864 1980 3902 consensu
2026 3851 2143 3905 fieri
2174 3861 2363 3905 decer-

780 3942 880 4002 nit,
912 3938 1179 4007 ejusmodi
1220 3952 1433 4003 quoque
1463 3948 1745 4006 peractum
1811 3948 1894 3992 est
1953 3943 2359 3995 matrimonium

781 4044 877 4096 per
944 4030 1164 4081 tacitum
1219 4026 1421 4079 domini
1465 4040 1814 4079 consensum.
1882 4024 1947 4079 Si
1998 4030 2118 4095 quis
2182 4040 2361 4081 autem

778 4120 1004 4180 dixerit,
1033 4120 1175 4186 quod
1205 4132 1325 4171 cum
1359 4131 1461 4169 non
1500 4114 1639 4169 facta
1678 4116 1746 4169 sit
1776 4116 2100 4178 benedictio,
2155 4130 2211 4172 ut
2253 4119 2358 4173 ho-

789 4212 879 4263 die
934 4212 1256 4263 observatur
1283 4248 1297 4271 ,
1334 4208 1368 4260 ii
1405 4220 1598 4275 paenae
1657 4221 1763 4259 non
1811 4205 2066 4274 eﬂ'ugient
2097 4248 2111 4271 ,
2148 4212 2365 4265 etiamsi

777 4302 1130 4358 matrimOnio
1154 4298 1426 4366 conjuncti
1485 4299 1615 4360 sint,
1655 4296 1875 4352 domino
1908 4298 2125 4354 vidente
2170 4312 2224 4355 et
2261 4320 2369 4372 pa-

780 4403 968 4462 tiente,
1028 4396 1211 4448 audiet
1243 4394 1407 4461 quod,
1449 4404 1711 4458 quantum
1744 4391 1936 4443 attinet
1980 4394 2044 4443 ad
2088 4406 2365 4460 pceuarum

2458 2418 2645 2485 βάψειε
2676 2416 2783 2468 τῶν
2811 2417 3193 2485 συναφθέντων
3222 2419 3457 2486 θατέρῳ,
3508 2418 3917 2488 τιμωρούμεθα
3948 2419 4042 2486 τὴν

2454 2510 2732 2579 τοιαύτην,
2792 2510 2906 2577 εἴγε
2979 2510 3169 2577 σαφῶς
3234 2510 3606 2579 ἀποδειχθείη,
3672 2513 4039 2577 κακουργίαν,

2460 2607 2552 2656 καὶ
2580 2605 2966 2673 ἀφαιρούμεθα
2994 2608 3093 2672 τὴν
3132 2605 3453 2657 δεσποτείαν
3480 2606 3587 2658 τῶν
3610 2606 3753 2657 οὓτω
3786 2606 4043 2673 πονηρῶς

2464 2694 2929 2764 βεϐουλευμένων,
2968 2698 3063 2749 καὶ
3109 2698 3247 2749 ἔστω
3284 2698 3445 2750 πάλιν
3492 2700 3585 2750 καὶ
3631 2697 3793 2749 τοῦτο
3841 2700 4041 2764 γάμος,

2461 2783 2654 2853 ὥσπερ
2706 2786 2772 2836 ἂν
2825 2789 2872 2837 εἰ
2922 2788 3268 2854 συνῄνεσενὸ
3298 2788 3637 2854 κεκτημένος
3683 2789 3783 2854 τὴν
3838 2789 4040 2854 ἀρχήν.

2463 2878 2570 2928 Καὶ
2602 2879 2629 2928 6
2660 2878 2758 2945 μέν
2784 2878 3104 2928 ἐκπιπτὲτω
3149 2878 3251 2943 τῆς
3296 2880 3637 2941 δεσποτείας,
3679 2874 3840 2939 αὖθις
3871 2880 3929 2930 δὲ
3971 2880 4046 2939 είς

2461 2968 2744 3033 εὐγένειαν
2771 2967 3104 3036 ἀρπαζέσθω
3128 2968 3188 3019 τὸ
3210 2968 3396 3019 δοῦλον
3428 2970 3739 3036 πρόσωπον.
3782 2968 4044 3030 Τριούτου

2465 3059 2860 3127 συμϐαίνοντος
2884 3040 3351 3127 ἀποτελέσματος.
3382 3059 3413 3127 ἢ
3444 3059 3599 3127 εῐπερ
3624 3060 4046 3129 ἐκακούργησεν

2463 3150 2492 3201 6
2534 3152 2899 3218 κεκτημένος,
2938 3151 3208 3219 πρόδηλον
3244 3148 3304 3201 ὃν
3338 3150 3413 3211 ὡς
3446 3150 3541 3201 καί⁵
3574 3152 3620 3202 οί
3651 3152 3949 3220 τεχθέντες
3985 3154 4047 3202 ἐκ

2464 3242 2571 3292 τῶν
2600 3242 2865 3294 τοιούτων
2893 3243 3089 3311 γάμων
3118 3242 3395 3308 ἐλεύθεροί
3424 3258 3482 3293 τε
3508 3244 3603 3294 καὶ
3634 3244 3880 3309 εὐγενεῖς
3906 3246 4047 3295 κατὰ

2462 3330 2613 3381 τόνδε
2646 3332 2805 3398 ἡμῶν
2838 3333 2931 3382 τὸν
2963 3332 3128 3398 νόμον
3159 3332 3394 3383 ἔσονται.
3426 3332 3536 3383 Καὶ
3573 3332 3695 3383 ἐπεὶ
3740 3335 3807 3384 ἐκ
3853 3333 4046 3384 τούτου

2467 3422 2801 3488 παρίσταται
2857 3423 2938 3483 είς
2987 3423 3304 3491 ἐλευθερίαν
3357 3424 3709 3491 ἁρπάζεσθαι
3756 3426 3859 3492 τὴν
3914 3427 4049 3494 μετά

2466 3512 2665 3580 ἀνοχῆς
2702 3512 2797 3563 τοῦ
2834 3513 3100 3565 δεσπότου
3130 3515 3207 3579 τῷ
3231 3514 3505 3583 ἐλευθέρῳ
3550 3517 3903 3585 γαμηθεῖσαν
3935 3519 4050 3569 δού·

2467 3601 2588 3671 λην,
2639 3604 3104 3673 ἁνεπιτίμητοι.οί
3131 3605 3272 3657 οὓτω
3299 3608 3665 3672 συναφθέντες
3702 3612 4051 3677 συντηρηθη-

2466 3710 2671 3747 σονται.
2711 3697 2875 3746 Ὅσον
2905 3700 3015 3764 γὰρ
3047 3698 3186 3747 κατὰ
3218 3696 3308 3747 τὸν
3365 3698 3596 3749 παλαιὸν
3625 3698 3787 3766 νόμον
3819 3701 3915 3751 τὸν
3944 3701 4052 3752 διο-

2467 3784 2752 3852 ριζόμενον
2799 3788 2890 3836 τὸν
2921 3788 3098 3853 γάμον
3126 3786 3480 3838 συνίστασθαι
3524 3788 3830 3839 συναινέσει
3890 3790 4050 3857 μόνῃ,

2466 3878 2560 3927 καὶ
2605 3878 2665 3926 τὸ
2719 3876 2962 3929 τοιοῦτον
2995 3878 3327 3930 συνοικέσιον
3371 3878 3757 3947 πεπεράτωται
3813 3880 3905 3931 διὰ
3958 3883 4053 3947 τῆς

2468 3970 2755 4035 σιωπῃρᾶς
2822 3968 3183 4031 συναινέσεως
3239 3970 3333 4021 τοῦ
3393 3970 3679 4023 δεσπότου.
3738 3969 3799 4023 Et
3855 3970 3912 4024 δέ
3975 3989 4054 4031 τις

2467 4057 2597 4125 εἴπῃ
2646 4057 2720 4117 ὡς
2757 4050 3061 4127 ίερδλογίας
3097 4058 3172 4126 μὴ
3205 4059 3506 4127 γενομένης
3537 4059 3680 4111 κατά
3706 4058 3765 4109 τὸ
3807 4059 4056 4128 σήμερον

2470 4148 2731 4217 κρατοῦν,
2781 4152 2831 4200 oi
2874 4148 3111 4201 τοιοῦτοι
3143 4149 3245 4200 οὐκ
3276 4149 3637 4215 ἐκφεύξονται
3676 4150 3744 4200 τὰ
3773 4149 4052 4216 ἐπιτίμια,

2471 4241 2575 4293 κᾶν
2601 4242 2861 4309 γαμικῶς
2896 4242 3254 4309 συνήιρθησαν
3283 4240 3379 4293 τοῦ
3408 4241 3671 4293 δεσπότου
3694 4241 3938 4310 δρῶντος
3967 4246 4057 4291 καὶ

2471 4332 2807 4400 ἀνεχομένου
2842 4349 2855 4363 ο
2913 4330 3106 4383 ἀκούει
3147 4331 3229 4382 ὃτι
3260 4330 3341 4391 είς
3377 4331 3469 4382 τὸν
3518 4330 3675 4398 λόγον
3728 4332 3844 4381 τῶν
3887 4336 4059 4383 ἐπιτι-

2476 4424 2616 4489 μίων
2670 4424 2702 4488 ἡ
2769 4420 3009 4482 διάθεσις
3074 4421 3277 4489 μᾶλλον
3330 4422 3638 4485 σκοπείται,
3699 4425 3795 4472 καὶ
3851 4423 3975 4489 οὐχὶ
4029 4425 4060 4488 η

780 4493 1065 4552 rationem,
1098 4488 1266 4554 magis
1310 4481 1688 4536 consideratur
1718 4479 1959 4547 affectio,
1988 4496 2148 4550 quam
2177 4483 2368 4538 Novel—

2477 4479 2735 4580 ἀκρίϐειά
2764 4512 2872 4563 τῶν
2895 4479 3121 4581 Νεαρίῦν
3144 4512 3549 4579 διαταγμάτων.

780 4601 953 4658 larum
987 4576 1440 4649 cotisiilutionum
1476 4588 1746 4631 summum
1774 4571 1887 4641 jus.

849 4704 1102 4764 ZONAB.
1146 4705 1202 4757 Si
1234 4698 1426 4756 ancilla
1448 4693 1686 4768 seipsam
1712 4690 1832 4744 Viro
1856 4692 2141 4747 tradiderit
2169 4704 2369 4762 praeter

783 4799 987 4855 domini
1018 4797 1375 4850 voluntatem.
1404 4789 1721 4842 fornicatur.
1754 4784 1890 4841 Cum
1926 4784 2069 4838 enim
2102 4788 2202 4840 sub
2235 4786 2371 4840 alte-

786 4895 898 4945 rius
926 4892 996 4943 sit
1020 4893 1306 4954 potestate,
1328 4888 1614 4941 conventa,
1641 4878 1691 4931 id
1716 4885 1819 4939 est,
1841 4877 2120 4944 pactiones
2144 4877 2365 4932 ineundi

786 4984 1097 5037 facultatem
1144 4990 1249 5028 non
1286 4973 1468 5026 habet.
1513 4968 1746 5023 lnfirmae
1784 4966 2052 5033 siquidem
2091 4983 2153 5020 ac
2198 4968 2366 5023 irrita:

787 5085 934 5129 sunt.
970 5068 1121 5135 Quod
1174 5068 1217 5119 si
1267 5074 1472 5132 postea,
1504 5069 1787 5129 postquam
1833 5058 2042 5111 scilicet
2092 5056 2358 5111 fornicata

791 5166 912 5226 fuit,
964 5165 1162 5214 donata
1207 5156 1475 5214 libertate,
1517 5160 1607 5202 aut
1659 5147 1878 5202 domino
1929 5148 2097 5215 ipsius
2150 5149 2372 5216 permit-

793 5267 960 5317 tente,
995 5248 1341 5304 matrimonio
1376 5244 1567 5304 libero,
1612 5244 1711 5293 hoc
1734 5249 1839 5302 est,
1878 5237 2166 5291 manifesto
2197 5237 2369 5303 palam

792 5359 872 5399 est
907 5358 1023 5404 usa,
1052 5342 1163 5408 jam
1198 5339 1369 5391 instar
1409 5335 1663 5402 legitima:
1694 5331 1898 5394 uxoris,
1931 5345 2037 5383 non
2067 5328 2372 5383 fornicariac

794 5436 1064 5497 mulieris,
1099 5428 1521 5485 existiinabitur.

864 5526 1094 5584 ARIST.
1137 5521 1345 5576 Ancilla
1391 5532 1511 5586 quae
1557 5531 1617 5569 se
1650 5515 1762 5568 viro
1796 5514 1978 5576 tradit,
2028 5510 2372 5564 fornicatur:

796 5619 1145 5679 matrimonio
1177 5629 1304 5667 vero
1339 5610 1603 5681 jungitur,
1640 5609 1683 5661 si
1715 5623 1835 5661 cum
1874 5606 2072 5660 domini
2105 5618 2373 5656 consensu

797 5718 847 5768 iit
891 5717 1032 5765 tam.
1072 5710 1201 5773 Qum?
1234 5708 1375 5755 enim
1410 5707 1476 5753 ali
1511 5704 1574 5752 iis
1610 5706 1743 5752 linttl
1772 5701 1861 5767 qui
1900 5700 2087 5749 alienae
2124 5695 2374 5766 potestati

800 5808 1179 5864 5Lbijt'llllltlll'.
1221 5799 1449 5848 iuvui-da
1487 5804 1630 5847 sunt.

2548 4694 2789 4747 ΖΩΝΑΡ.
2860 4690 2985 4743 Ὲάν
3026 4688 3184 4759 δούλη
3237 4688 3374 4757 ἐκδῷ
3417 4688 3617 4755 ἑαυτὴν
3667 4688 3978 4755 (19591.62?)
4006 4686 4060 4736 τὸ

2474 4785 2688 4854 θέλημα
2720 4783 2816 4836 τοῦ
2839 4782 3103 4835 δεσπότου
3146 4780 3339 4848 αὐτῆς,
3372 4780 3647 4848 πορνεύει.
3696 4777 3821 4845 Ὑφ’
3876 4778 4059 4846 ἐτέρου

2472 4878 2581 4948 γὰρ
2632 4870 2769 4928 οὖσα
2830 4871 3079 4936 ἐξουσίαν
3126 4872 3188 4922 ού
3234 4870 3487 4921 δύνανται
3540 4866 3842 4934 συνθήκας,
3903 4869 4062 4936 ηγουν

2474 4967 2792 5037 συμφωνίας
2828 4966 3022 5017 ποιεῖν.
3054 4959 3330 5014 Ἀὸέόαιοι
3353 4958 3463 5026 γάρ
3486 4958 3591 5009 είσι
3632 4959 3728 5010 καὶ
3754 4959 4061 5028 ἀνίσχυροι.

2474 5060 2537 5111 El
2564 5058 2619 5110 δὲ
2650 5056 2789 5127 μετά
2820 5054 3015 5117 ταῦτα,
3050 5050 3189 5120 μετὰ
3226 5050 3287 5101 τὸ
3318 5046 3617 5117 πορνεῦσαι
3662 5047 3890 5118 δηλαδὴ,
3920 5051 4062 5100 tuo.

2474 5144 2863 5217 θερωθεῖσα,ἥ
2919 5144 3423 5210 παραχωρήσαντος
3473 5137 3566 5189 τοῦ
3606 5138 3813 5207 Κυρίου
3873 5138 4061 5203 αὐτῆς,

2476 5236 3037 5307 πεπαρρησιασμένῳ,
3060 5231 3177 5283 ἀντὶ
3195 5231 3310 5294 τοῦ,
3339 5229 3558 5297 φανερῷ
3583 5231 3851 5296 χρήσεται
3888 5230 4063 5295 γάμῳ,

2474 5331 2548 5391 ὼς
2580 5326 2875 5396 γημαμένη
2906 5323 3288 5391 λογισθήσεται
3314 5321 3459 5383 τότε,
3488 5321 3582 5371 καὶ
3628 5320 3748 5387 οὐχὶ
3782 5319 3984 5392 itde

2547 5506 2773 5561 ΛΡΙΣΤ.
2818 5502 3049 5571 Ἐαυτὴν
3077 5501 3233 5573 ἀνδρὶ⁵
3255 5497 3513 5554 ἐπιδοῦσα
3541 5495 3727 5563 δούλη,
3760 5493 4025 5562 πορνεύει
4050 5530 4062 5542 .

2486 5602 2816 5654 συνάπτεται
2851 5598 2928 5663 δὲ,
2964 5600 3011 5648 εί
3038 5595 3175 5662 μετὰ
3214 5592 3439 5663 γνώμης
3486 5590 3749 5644 δεσπότου
3774 5605 3789 5617 ο
3840 5589 3913 5639 τὰ
3968 5586 4065 5651 γὰρ

2484 5699 2590 5747 τῶν
2610 5694 2805 5755 ύπεξου
2817 5693 2943 5743 σίων
2977 5690 3232 5742 ἀϐέϐαια.
