4224 6446
263 404 368 473 713

1228 395 1308 461 IN
1347 400 1587 463 EPIST.
1616 400 1678 460 S.
1730 398 2011 459 BASILII
2045 396 2483 458 CANONICAM
2522 390 2605 454 Ιῐ.

3421 390 3529 456 ἰιι

354 517 485 574 Ἐὰν
518 519 568 573 οι
590 516 902 584 ὓπεεούσιοι
934 517 1123 579 παῖδες
1147 517 1295 587 παρά
1328 519 1555 586 γνώμην
1598 516 1707 569 τῶν
1752 531 1845 583 γο-

2020 513 2075 567 Si
2121 516 2274 584 pueri
2307 513 2407 568 sub
2440 522 2705 583 potestate
2749 519 2948 579 praeter
2987 517 3273 578 parentum
3301 520 3529 562 auorum

263 609 401 664 νέων
422 610 603 664 αὐτῶν
627 610 1010 664 συναλλάττειν
1030 608 1208 676 γάμον
1233 609 1295 661 οὐ
1328 607 1611 671 δύνανται,
1660 606 1841 674 πολλῷ

1967 610 2276 663 sententiam
2320 607 2725 662 matrimonium
2772 604 3100 659 contrahere
3135 616 3244 656 non
3278 608 3530 670 possunt,

267 699 477 765 μᾶλλον
498 701 546 753 οί
564 701 792 753 οἰκέται.
810 697 909 751 Διά
928 696 1086 750 τοῦτο
1117 696 1249 766 γοῦν
1278 700 1369 753 καὶ
1395 699 1429 769 ή
1465 697 1625 765 δούλη
1642 700 1675 768 ἡ
1706 697 1852 750 ἐκδι-

264 789 433 844 δοῦσα
458 791 657 860 ἑαυτὴν
684 790 837 857 ἀνδρὶ
865 789 1017 858 παρά
1037 788 1264 861 γνώμην
1290 788 1382 843 τοῦ
1408 790 1537 843 ιδίου
1564 788 1851 855 δεσπότου,

1953 696 2123 750 multo
2158 697 2327 764 magis
2355 695 2519 749 servi.
2552 692 2843 760 Propterea
2880 692 3061 761 itaque
3090 699 3145 745 et
3178 685 3373 744 ancilla
3410 700 3536 755 quas

1956 797 2150 858 preter
2204 787 2405 843 domini
2461 786 2541 839 sui
2591 784 2919 840 sententiam
2979 796 3041 836 se
3085 781 3205 836 viro
3251 779 3421 842 dedit,
3476 784 3536 830 ut

266 881 344 945 ὡς
359 882 533 951 πόρνη
558 880 1015 950 ἐπιτιμηθήσεται
1034 895 1049 911 ⁶
1068 882 1118 933 εί
1143 880 1200 933 δὲ
1219 879 1540 951 μτάταῦτα
1557 879 1699 932 κατά
1716 878 1855 947 γνώ-

1967 878 2273 936 Γοιιιιίσιιι-ἱι
2322 891 2507 947 ρωποι
2545 876 2678 930 Ιυει.
2715 873 2772 928 Si
2815 883 2999 927 autem
3046 880 3228 940 postea
3278 884 3401 923 cum
3433 868 3532 920 do-

267 988 380 1040 μην
400 972 492 1023 τοῦ
520 971 783 1024 δεσπότου
816 970 1065 1039 συναφθῇ
1098 971 1270 1040 αὐτῷ,
1294 970 1538 1041 νομίμως
1584 970 1853 1040 ιγήματο.

842 1064 1084 1117 ΚΑΝΩΝ
1112 1059 1251 1119 MA'.

277 1153 344 1207 Ἥ
375 1156 433 1207 ἒν
463 1157 528 1224 τῇ
575 1154 773 1225 χηρείᾳ
806 1154 1058 1221 ἐξουσίαν
1084 1154 1284 1225 ἔχουσα
1355 1152 1554 1221 ἑαυτῆς
1591 1155 1859 1207 συνοικεῖν

338 1243 695 1311 ἀνέγκλητος,
732 1244 783 1294 εί
810 1244 999 1315 μηδείς
1020 1246 1169 1297 ἐστιν
1199 1244 1228 1295 ὁ
1273 1242 1515 1297 διασπῶν
1563 1241 1626 1295 τὸ
1684 1259 1861 1295 συνοι-

339 1333 540 1395 κέσιον,
562 1334 657 1385 τοῦ
688 1333 1017 1387 ’Δποστόλου
1065 1334 1331 1395 εἰπόντος,
1405 1331 1550 1386 Ἐὰν
1574 1332 1855 1401 ἀποθάνῃ

332 1426 365 1477 d
393 1422 549 1492 ἀνὴρ
574 1465 590 1489 ,
634 1424 957 1494 ἐλεύθερός
989 1426 1162 1478 ἐστιν
1204 1418 1253 1491 ᾧ
1286 1423 1449 1479 θέλει
1496 1423 1859 1497 γαμηθῆναι,

332 1515 525 1582 μόνον
547 1515 619 1568 ἐν
640 1516 839 1583 Κυρίω
854 1555 869 1570 .

334 1605 476 1675 Γυνή
520 1624 600 1668 τις
650 1606 974 1675 χηρεύσασα
1024 1605 1216 1673 ἢθελεν
1277 1603 1451 1673 ἑτέρῳ
1502 1602 1865 1672 συζευχθῆναι

265 1696 446 1764 ἀνδρὶ,
478 1699 573 1748 καὶ
615 1698 676 1749 ου
739 1699 1135 1767 παρεχωρεῐτο,
1170 1696 1203 1764 ἢ
1242 1700 1334 1749 καὶ
1384 1694 1740 1764 συζευχθείσα
1769 1698 1869 1748 ὲπ-

265 1788 511 1853 ετιμᾶτο.
560 1789 848 1856 Ὴρωτήοη
873 1786 965 1839 οὖν
999 1787 1127 1854 περὶ
1162 1784 1319 1837 τοῦτο
1348 1786 1376 1836 ὁ
1407 1784 1560 1850 ἀγιος
1606 1787 1700 1839 καὶ
1757 1788 1868 1839 ἀπ-

1959 972 2089 1026 miui
2124 969 2400 1025 voluntate
2429 969 2477 1021 ei
2510 966 2890 1032 conjungatur,
2920 964 3158 1034 legitime
3190 961 3391 1029 nupsit.

2542 1054 2774 1111 CANON
2816 1053 2952 1108 XLI.

1959 1154 2094 1220 Qum
2128 1155 2180 1207 in
2219 1152 2480 1206 viduitate
2522 1150 2681 1203 habet
2710 1146 2796 1201 sui
2830 1149 3175 1213 potestatem,
3214 1151 3267 1197 et
3301 1143 3419 1194 viro
3452 1155 3545 1194 co-

2040 1245 2271 1307 habitat,
2298 1243 2364 1297 ab
2393 1243 2541 1297 omni
2574 1238 2921 1295 accusatione
2946 1247 3032 1290 est
3076 1236 3265 1299 libera,
3303 1234 3348 1290 si
3383 1249 3543 1288 nemo

2033 1346 2115 1391 est
2143 1339 2232 1404 qui
2265 1333 2573 1403 conjugium
2606 1329 2860 1394 divellat;
2893 1342 3016 1382 cum
3053 1327 3197 1380 dicat
3228 1325 3541 1394 Apostolus,

2039 1426 2097 1482 Si
2129 1436 2367 1481 mortuus
2396 1425 2463 1479 sit
2485 1424 2730 1487 maritus,
2752 1421 2913 1475 libera
2936 1428 3035 1483 est,
3069 1429 3122 1471 tu
3155 1420 3313 1471 nubat
3342 1419 3428 1470 cui
3465 1434 3547 1471 υε-

2039 1520 2121 1582 lit,
2151 1527 2359 1571 tantum
2391 1519 2445 1569 in
2472 1515 2699 1569 Domino
2729 1516 2768 1564 ι.

2042 1608 2239 1663 BALS.
2289 1608 2482 1663 Mulier
2523 1607 2766 1676 quaedam
2813 1606 2970 1659 vidua
3023 1604 3237 1658 volebat
3284 1600 3377 1654 alii
3431 1600 3549 1652 viro

1973 1702 2323 1756 matrimonio
2356 1700 2649 1768 conjungi:
2692 1710 2744 1752 et
2776 1714 2880 1752 non
2913 1698 2961 1752 ei
3003 1696 3435 1764 permittebatur,
3470 1692 3551 1745 vel

1972 1792 2137 1847 etiam
2190 1792 2478 1861 conjuncta
2525 1790 2870 1860 puniebatur.
2918 1787 3150 1842 Sanctus
3198 1796 3327 1854 ergo
3374 1786 3440 1837 de
3486 1799 3551 1837 eo

265 1880 505 1947 εφῄνατο
549 1878 625 1929 ὅτι
680 1876 927 1941 ἐξουσίαν
954 1876 1068 1945 ἔχει
1094 1877 1125 1942 ἡ
1154 1874 1298 1946 χήρα
1327 1875 1500 1945 ἑτέρῳ
1532 1876 1865 1946 συναφθῆναι

1975 1885 2338 1950 interrogatus
2375 1892 2481 1948 est,
2526 1891 2579 1936 et
2622 1882 2924 1949 respondit,
2974 1880 3117 1948 quod
3151 1887 3234 1931 est
3280 1880 3335 1931 in
3380 1877 3553 1928 viduas

263 1968 444 2037 ἀνδρὶ,
470 1970 564 2021 ἐὰν
581 1971 715 2030 τέως
731 1969 1052 2033 αὐτεξουσία
1077 1968 1215 2022 ἐστί.
1236 1966 1408 2020 Τοῦτο
1429 1967 1485 2020 δὲ
1505 1969 1770 2038 κρατήσει
1793 1971 1865 2031 είς

1975 1985 2240 2047 potestate
2282 1988 2341 2029 ut
2374 1975 2460 2027 alii
2500 1974 2615 2027 vlro
2658 1973 3040 2041 conjungatur,
3091 1971 3135 2025 si
3184 1977 3439 2023 tuncest
3468 1966 3551 2020 sui

267 2060 440 2127 μόνην
460 2060 611 2111 δευτε
621 2060 886 2128 ρογαμίαν
909 2073 924 2088 ·
942 2058 1301 2129 τριτογαμίαν
1333 2058 1442 2127 γάρ
1470 2058 1498 2109 ό
1520 2060 1670 2125 ᾶγιος
1688 2058 1748 2111 οὐ
1768 2076 1872 2112 πα-

267 2153 525 2219 ραχωρεῖ.
559 2152 716 2202 Ὥστε
736 2150 913 2213 καλῶς
936 2152 969 2220 ὴ
990 2151 1126 2218 γυνὴ
1142 2152 1178 2221 ἡ
1199 2152 1516 2225 χηρεύσασα
1535 2153 1598 2204 ἂν
1620 2149 1867 2221 δευτερο-

264 2243 510 2312 γαμήσῃ,
527 2245 618 2294 καὶ
633 2242 1161 2312 δευτερογαμήσασα
1176 2242 1275 2295 οὐκ
1291 2241 1770 2313 ὶπιτιμηθήσεται,
1788 2242 1867 2294 εί-

266 2335 485 2402 περούκ
500 2334 648 2388 ἔστιν
668 2336 961 2398 ὑπεξουσία
977 2354 991 2368 ο
1010 2338 1104 2390 εὰν
1126 2337 1233 2405 γάρ
1246 2336 1395 2388 ἔστιν
1411 2334 1725 2399 ὑπεξουσία,
1748 2336 1870 2387 ἐπεὶ

272 2426 446 2494 όέχων
460 2426 659 2495 ταύτην
674 2428 773 2478 ὺπε
784 2426 1001 2490 ξουσίαν
1013 2426 1549 2481 δύναταιδιασπᾶσαι
1564 2429 1653 2477 τὸν
1666 2426 1864 2493 γάμον,

266 2516 725 2584 ἑπιτιμηθήσεται
752 2520 845 2569 καὶ
876 2517 1014 2587 αὕτη
1040 2518 1114 2579 ὼς
1146 2516 1515 2587 πορνεύσασα.
1572 2516 1716 2587 Πλὴν
1772 2518 1867 2569 καὶ

266 2606 323 2656 αί
363 2609 619 2673 γυναῖκες
651 2607 1153 2677 δευτερογαμοῢσαι
1190 2607 1267 2674 τῷ
1298 2608 1560 2677 ἐπιτιμίῳ
1606 2606 1713 2660 τῶν
1742 2608 1866 2660 δευ-

268 2697 723 2766 τερογαμούντων
747 2698 1088 2761 ὑπόκεινται,
1110 2698 1291 2761 καθὼς
1319 2700 1580 2761 πολλάκις
1603 2697 1860 2767 εἴπομεν.

282 2790 526 2846 ’Δκούων
556 2790 613 2843 δὲ
672 2789 765 2843 τοῦ
826 2791 983 2858 ἁγίου
1036 2790 1285 2857 λέγοντος
1355 2791 1497 2859 ἔχειν
1536 2790 1623 2844 ἐπ’
1684 2789 1866 2853 ἀδείας

268 2884 371 2952 τὴν
414 2884 589 2952 χήραν
621 2874 666 2949 ᾧ
718 2882 863 2934 θέλει
916 2880 1236 2951 γαμείσθαι,
1296 2880 1378 2951 μὴ
1404 2882 1565 2954 είπῃς
1602 2882 1861 2934 δύνασθαι

270 2976 445 3050 αὐτὴν
477 2974 716 3044 ἀσεϐεῖῆ
745 2975 917 3043 ἑτέρῳ
957 2975 1065 3026 τινὶ
1088 2973 1293 3042 ἀναξίῳ
1324 2973 1418 3025 τοῦ
1466 2975 1657 3041 γένους
1693 2974 1863 3043 αὐτῆς

1968 2065 2125 2134 juris.
2158 2065 2271 2119 Hoc
2298 2073 2479 2118 autem
2511 2064 2563 2116 in
2590 2063 2703 2117 sola
2734 2061 2966 2129 digamia
2994 2060 3303 2115 servabitur
3333 2076 3346 2111 :
3377 2070 3551 2123 neque

1974 2134 2118 2206 enim
2176 2162 2398 2205 sanctus
2447 2151 2749 2218 trigamiam
2813 2149 3100 2218 permittit.
3156 2146 3326 2203 Recte
3375 2147 3555 2214 itaque

1974 2242 2171 2295 mulier
2197 2240 2356 2294 vidua
2390 2241 2630 2294 secundo
2656 2238 2841 2305 nubet,
2866 2248 2923 2294 et
2946 2255 3069 2293 cum
3096 2239 3336 2293 secundo
3362 2250 3559 2303 nupse-

1976 2332 2043 2385 rit
2073 2348 2177 2387 non
2208 2333 2479 2402 punietur,
2517 2333 2559 2387 si
2589 2332 2811 2400 quidem
2846 2346 2953 2386 non
2993 2340 3078 2386 est
3108 2332 3209 2387 sub
3236 2338 3504 2400 potestate
3540 2349 3552 2382 :

1972 2432 2067 2480 sed
2100 2427 2145 2481 si
2170 2428 2240 2481 sit
2272 2428 2372 2483 sub
2396 2436 2663 2497 putestate
2692 2427 2934 2495 parentis
2958 2426 3276 2487 constituta,
3302 2424 3553 2488 quoniam

1971 2520 2062 2587 qui
2115 2534 2234 2573 eam
2284 2518 2445 2573 habet
2496 2520 2551 2573 in
2604 2525 2871 2588 potestate
2924 2525 3100 2585 potest
3150 2516 3555 2570 matrimonium

1970 2611 2290 2674 dissolvere,
2329 2611 2445 2681 ipsa
2480 2626 2719 2680 quoque,
2767 2620 2825 2664 ut
2860 2624 2979 2678 quae
3019 2610 3089 2661 sit
3137 2608 3428 2673 fornicata,
3462 2622 3558 2675 pu-

1969 2703 2173 2758 nietur.
2231 2702 2338 2756 Sed
2386 2713 2440 2755 et
2495 2703 2773 2767 mulieres,
2838 2717 2958 2769 quze
3016 2700 3263 2754 secundo
3324 2698 3553 2762 nuhunt,

1968 2792 2303 2861 digamorutn
2338 2792 2605 2861 supplicio
2630 2790 3015 2858 subjiciuntur,
3042 2800 3099 2842 ut
3130 2804 3271 2858 saepe
3296 2790 3551 2843 diximus.

1965 2884 2098 2939 Cum
2139 2893 2318 2937 autem
2355 2884 2514 2936 audis
2556 2892 2803 2937 sanctum
2838 2882 3109 2935 dicentem
3148 2896 3268 2935 esse
3311 2883 3362 2935 in
3401 2890 3554 2951 pote-

1964 2983 2104 3031 state
2139 2977 2310 3028 vidute
2340 2977 2544 3028 nubere
2575 2974 2663 3028 cui
2696 2975 2847 3035 velit,
2901 2988 2968 3028 ne
3001 2973 3207 3029 dixeris
3238 2988 3356 3027 eam
3395 2988 3555 3042 posse

271 3065 642 3119 συνάπτεσθαι
670 3082 681 3094 ·
709 3066 826 3119 ἀλλ’
849 3066 973 3117 εἰπὲ
1000 3064 1241 3131 ὀφείλειν
1266 3064 1435 3131 αὐτὴν
1472 3065 1609 3116 νατά
1626 3065 1860 3127 κανόνας

1972 3070 2161 3136 impio,
2191 3068 2271 3119 vel
2310 3066 2469 3121 alicui
2504 3066 2593 3120 alii
2626 3079 2729 3121 suo
2760 3080 2959 3134 genere
3004 3067 3224 3135 indigno
3266 3066 3545 3135 conjungi.

267 3161 368 3208 καὶ
400 3154 596 3225 νόμους
619 3156 859 3224 δευτέρῳ
886 3156 1044 3224 ἀνδρὶ
1082 3154 1400 3223 γαμεῖσθαι.
1436 3155 1579 3223 Φησὶ
1631 3156 1740 3225 γάρ
1794 3156 1854 3209 τὸ

1967 3159 2073 3212 Sed
2120 3159 2208 3212 ilic
2257 3172 2378 3213 eam
2431 3157 2631 3213 debere
2670 3158 2968 3212 secundum
3016 3156 3164 3226 leges
3212 3168 3264 3211 et
3315 3172 3555 3212 canones

267 3252 466 3315 α’κεφ.
489 3247 580 3297 τοῦ
614 3244 656 3297 δ’
692 3245 874 3298 τίτλου
918 3246 1011 3299 τοῦ
1060 3252 1148 3315 κη’
1178 3245 1383 3314 βιϐλίου
1405 3262 1417 3276 ·
1481 3246 1519 3298 Γ
1524 3245 1663 3314 άμος
1711 3247 1857 3298 ἐστὶν

1969 3252 2215 3306 secundo
2242 3251 2356 3305 viro
2386 3248 2612 3304 nubere.
2643 3248 2779 3304 Dicit
2810 3250 2956 3302 enim
2992 3252 3225 3318 primum
3252 3264 3371 3317 cup.
3406 3250 3487 3303 tit.
3520 3248 3555 3303 4

267 3335 466 3405 ἀνδρὸς
499 3337 591 3387 καὶ
630 3335 889 3403 γυναικὸς
927 3336 1194 3402 συνάφεια
1219 3334 1312 3386 καὶ
1340 3335 1716 3403 συγκλήρωσις
1764 3332 1858 3386 τοῦ

1967 3343 2062 3397 lib.
2102 3356 2277 3397 xmu
2312 3339 2757 3396 :Matrimouium
2798 3347 2883 3393 est
2913 3340 3011 3393 viri
3046 3349 3101 3393 et
3144 3340 3385 3393 mulieris
3422 3355 3552 3394 con-

272 3426 394 3497 βίου
440 3427 640 3489 παντδς
668 3468 682 3490 ,
738 3427 886 3479 θείου
933 3444 993 3479 τε
1035 3429 1129 3478 καὶ
1165 3426 1513 3489 ἀνθρωπίνου
1584 3426 1859 3480 κοινωνία.

277 3518 395 3570 Καὶ
437 3519 466 3570 ὁ
511 3516 591 3568 λα’
628 3516 810 3568 κανὼν
860 3516 958 3584 τῆς
1010 3518 1068 3569 ἐν
1104 3516 1398 3584 Λαοδικείᾳ
1460 3514 1713 3578 συνόδου,
1772 3518 1863 3567 καὶ⁸

269 3612 299 3662 ὀ
323 3608 402 3678 οβ’
433 3608 612 3662 κανὼν
644 3608 743 3676 τῆς
796 3611 852 3659 ἂν
914 3608 991 3675 τῷ
1034 3607 1291 3676 Τρούλ).ῳ
1349 3607 1566 3659 συνόδου
1595 3607 1861 3661 κωλύουσι

270 3702 401 3762 τοὺς
456 3699 768 3769 ὀρθοδὸξους
823 3699 960 3767 μετά
1018 3697 1312 3767 αίρετικῶν
1337 3697 1728 3761 συνάπτεσθαι,
1766 3699 1863 3750 καὶ

270 3790 332 3843 τὸ
360 3787 408 3858 β’
447 3788 587 3857 θέμα
618 3789 714 3841 τοῦ
740 3789 783 3852 ζ’
824 3805 949 3856 κεφ.
982 3788 1075 3839 τοῦ
1110 3786 1149 3839 ε’
1198 3788 1376 3841 τίτλου
1404 3788 1499 3840 τοῦ
1533 3795 1618 3857 κη’
1655 3787 1862 3857 βιϐλίου

271 3878 438 3948 φησίν
468 3894 485 3917 ἠ
510 3880 624 3931 Οὐκ
657 3880 899 3949 ἔρρωται
924 3881 951 3932 6
983 3879 1160 3948 γάμος
1186 3878 1286 3947 τῆς
1330 3878 1630 3949 θυγατέρος
1688 3879 1720 3949 ἢ
1774 3881 1865 3945 ἑγ-

271 3972 437 4041 γόνης
465 3970 557 4025 τοῦ
599 3970 970 4038 ἀξιωματικοῢ
1034 3971 1168 4039 πρὸς
1197 3969 1560 4040 ἀπελεύθερον
1609 3969 1642 4039 ἢ
1682 3986 1866 4040 σκηνι-

272 4063 389 4124 κὸν,
421 4060 454 4130 ἢ
491 4060 749 4131 σκηνικοῦ
791 4060 905 4111 υἱὸν
949 4060 979 4130 ἢ
1032 4058 1322 4128 σκηνικῆς.
1392 4058 1449 4110 '0
1501 4058 1558 4110 δὲ
1608 4059 1867 4129 κραταιὸς

270 4154 369 4207 καὶ
399 4152 554 4220 άγιος
582 4152 737 4221 ἡμῶν
772 4151 1023 4220 βασιλεὺς
1051 4150 1324 4220 διαφόρων
1357 4150 1671 4203 συνοικέσια
1706 4151 1867 4218 εὐγε-

272 4247 381 4298 νῶν
416 4242 787 4313 συναφθεισῶν
836 4242 1091 4311 ἀνδράσιν
1126 4242 1372 4308 εὐγενέσι
1440 4242 1719 4308 διέσπασε,
1774 4242 1867 4295 καὶ

271 4337 401 4397 τοὺς
455 4334 826 4401 συναφθέντας
865 4329 1119 4399 μεγάλως
1156 4332 1435 4383 ἐκόλασεν.
1492 4329 1618 4383 Οἷὰν
1661 4348 1713 4384 τι
1771 4348 1867 4382 πε-

271 4428 469 4494 ποίηκε
503 4426 594 4476 καὶ
628 4426 705 4485 είς
734 4424 824 4475 τὸν
870 4421 1148 4491 βασιλικὸν
1199 4422 1610 4490 γραμματικὸν,
1674 4422 1866 4491 κύριον

270 4518 545 4585 Θεόδωρον
562 4518 652 4567 τὸν
681 4514 1021 4582 Μεσαρίτην,
1047 4513 1141 4565 τοῦ
1169 4512 1437 4565 σεϐαστοῦ
1470 4513 1563 4564 τοῦ
1583 4512 1868 4582 Βρυεννίου

270 4613 371 4678 τὴν
409 4607 685 4677 θυγατέρα
724 4607 893 4676 χωρὶς
922 4605 1178 4674 εἰδήσεως
1214 4604 1498 4674 βασιλικῆς
1524 4607 1601 4666 εις
1632 4608 1864 4672 γυναῖκα
1897 4599 1939 4653 υ

269 4700 527 4753 λαϐόντα.
560 4700 634 4752 Τὸ
674 4700 858 4767 μέντοι
883 4696 962 4766 τῷ
984 4697 1170 4749 κανόνι
1195 4696 1610 4766 προσκείμενον,
1646 4696 1741 4748 καὶ
1775 4696 1861 4748 λέ-

269 4810 393 4861 γον,
428 4792 587 4861 μόνον
618 4792 675 4843 ὲν
703 4789 913 4859 Κυρίῳ,
948 4787 1255 4859 προσετέθη
1303 4777 1395 4839 διὰ
1424 4789 1549 4849 τοὺς
1573 4787 1858 4849 ἀπίστους.

283 4885 374 4937 Ἐν
397 4884 587 4953 Κυρίῳ
609 4864 715 4952 γὰρ
742 4881 1095 4934 συναλλάττει
1121 4882 1299 4949 γάμον
1328 4883 1359 4948 ἡ
1385 4879 1521 4948 μετά
1552 4877 1859 4945 ὀρθοδόξου,

270 4976 333 5028 οὺ
367 4976 478 5045 μὴν
511 4976 648 5044 μετά
678 4972 959 5043 αἱρετικοῦ
997 4971 1356 5039 συναφθεῖσα.

345 5069 592 5122 ΖΩΝΑΡ.
623 5068 954 5139 Χηρεύσασα
994 5065 1132 5137 γυνη
1151 5058 1258 5118 καὶ
1294 5065 1371 5135 μὴ
1408 5064 1541 5118 οὖσα
1571 5061 1863 5129 ὑπεξουσία

270 5163 549 5233 γονεῦσιν,
568 5161 708 5214 ὥστε
739 5161 965 5231 χρῄζειν
993 5160 1094 5228 τῆς
1120 5159 1344 5211 ἐκείνων
1370 5159 1731 5219 συναινέσεως
1765 5158 1858 5209 ἐπὶ

270 5256 351 5326 τῷ
403 5255 590 5322 γάμῳ,
644 5253 977 5321 ἀνέγκλητός
1011 5252 1130 5302 ἐστι
1173 5249 1425 5318 δεύτερον
1476 5247 1858 5312 συναλλάξατα

270 5352 474 5419 γάμον,
507 5348 555 5398 εί
582 5345 768 5415 μηδείς
818 5347 967 5396 ἐστιν
1024 5344 1054 5395 ὁ
1097 5343 1344 5395 διασπῶν
1378 5342 1438 5393 τὸ
1500 5343 1858 5407 συνοικέσιον,

272 5440 576 5504 τουτέστιν,
609 5441 657 5491 εί
705 5440 779 5508 μή
808 5438 951 5498 τινές
983 5437 1120 5489 εἰσιν
1157 5434 1483 5499 ὑπεξουσίαν
1506 5433 1676 5504 αὐτὴν
1710 5434 1863 5503 ἕχον·

274 5553 384 5597 τις,
419 5536 540 5602 ἦτοι
573 5531 775 5601 παιὴρ,
804 5532 837 5598 ἢ
870 5530 1119 5594 πάππος,
1142 5530 1192 5581 οἳ
1226 5531 1318 5581 καὶ
1340 5529 1577 5599 διασπᾷν
1607 5529 1862 5581 δύνανται

274 5627 373 5697 τὴν
405 5626 496 5678 διὰ
525 5624 620 5676 τοῦ
642 5625 820 5691 γάμου
857 5621 1176 5690 συνάφειαν,
1222 5621 1293 5689 μὴ
1331 5620 1745 5687 συναινέσαντες
1776 5619 1863 5671 ἐπ’

345 5817 359 5849 ⁸
391 5819 407 5871 l
434 5814 676 5871 Cor.vtt.
710 5814 800 5871 39.

597 5913 866 5970 Ρηιιοι..
910 5908 1025 5967 Gtt.
1064 5905 1447 5969 CXXXVIII.

1959 3431 2210 3499 junctio,
2262 3438 2316 3486 et
2358 3432 2525 3485 totius
2576 3431 2700 3484 vita
2740 3431 3093 3494 consuetudo,
3144 3430 3449 3484 divinarum
3500 3442 3554 3484 et

1968 3524 2325 3575 humanarum
2390 3535 2570 3575 rerum
2622 3518 2878 3574 societas.
2931 3517 2999 3571 Et
3054 3534 3175 3588 syu.
3235 3518 3553 3574 Laodicente

1968 3626 2142 3666 canon
2179 3613 2271 3677 3i,
2303 3621 2357 3666 ct
2393 3626 2517 3665 can.
2552 3608 2622 3663 τε
2654 3625 2774 3679 syn.
2810 3611 2862 3664 in
2899 3608 3108 3672 Trullo,
3143 3610 3434 3678 prohibent
3466 3625 3555 3665 or-

1967 3704 2230 3758 thodoxos
2243 3718 2365 3758 cum
2394 3703 2665 3758 hereticis
2693 3701 2979 3770 conjungi,
3011 3711 3064 3755 et
3093 3701 3273 3755 thema
3293 3700 3348 3768 2,
3374 3717 3495 3772 cap.
3523 3701 3554 3753 7

1970 3795 2051 3849 tit.
2081 3794 2253 3859 5,lib.
2293 3808 2466 3849 xxvtn
2503 3794 2634 3849 dicit
2672 3810 2687 3847 :
2729 3793 2845 3848 Non
2876 3806 2959 3848 est
2991 3794 3224 3848 validum
3276 3795 3557 3848 matrimo-

1970 3884 2120 3937 nium
2156 3884 2278 3938 lllize
2311 3883 2394 3937 vel
2435 3884 2612 3952 neptis
2654 3884 2752 3936 viri
2800 3882 3061 3938 senatorii
3090 3897 3213 3936 cum
3246 3882 3443 3936 liberto
3471 3880 3553 3935 vel

1969 3977 2205 4041 scenico,
2240 3976 2319 4030 vel
2349 3977 2551 4032 scenici
2586 3987 2678 4028 aut
2701 3976 2931 4029 scenica:
2969 3974 3098 4027 tilio.
3134 3973 3333 4030 Potens
3369 3984 3551 4029 autem

1970 4078 2025 4123 et
2050 4077 2276 4123 sanctus
2312 4079 2496 4124 noster
2536 4069 2852 4136 imperator,
2883 4083 3007 4122 cum
3048 4068 3308 4123 nobilium
3346 4069 3552 4137 aliquot

1971 4161 2285 4225 mulierum,
2329 4176 2453 4215 cum
2494 4160 2623 4215 viris
2673 4160 2999 4229 ignobilibus
3047 4168 3324 4215 contracta
3373 4170 3555 4214 essent

1972 4255 2340 4317 matrimonia,
2375 4270 2436 4306 ea
2483 4254 2777 4321 separavit,
2820 4264 2873 4306 et
2913 4252 3237 4321 coniunctos
3272 4254 3423 4307 valde
3453 4269 3552 4321 pu-

1974 4346 2094 4399 niit.
2130 4344 2596 4409 Quemadmodum
2623 4345 2786 4397 etiam
2821 4343 2950 4397 fecit
2979 4353 3034 4396 et
3063 4344 3113 4394 in
3144 4343 3349 4413 regium
3374 4359 3556 4412 gram-

1976 4438 2231 4489 maticum
2265 4436 2546 4489 dominum
2588 4434 2934 4488 Theodorum
2974 4432 3280 4488 Hesariteut
3315 4434 3406 4503 qui
3450 4435 3554 4485 Au-

1975 4529 2115 4599 gusti
2164 4527 2405 4582 Briennii
2461 4528 2625 4596 ιοο
2679 4526 2888 4590 ﬁliam,
2945 4528 3149 4594 absque
3210 4527 3553 4595 imperatoris

1969 4619 2194 4673 scientia
2230 4618 2284 4673 in
2320 4632 2544 4673 uxorem
2574 4626 2878 4685 acceperat.
2909 4614 3061 4682 Quod
3093 4623 3270 4669 autem
3304 4617 3556 4685 adjicitur

1968 4711 2185 4773 canoni,
2228 4722 2283 4763 et.
2322 4710 2475 4775 dicit,
2518 4706 2703 4763 Solum
2752 4708 2805 4761 in
2856 4708 3103 4771 Domino.
3152 4708 3423 4777 adjectum
3471 4719 3555 4762 est

1970 4811 2193 4871 propter
2240 4801 2509 4857 infideles.
2550 4802 2610 4854 In
2672 4800 2903 4855 Domino
2949 4799 3094 4853 enim
3144 4799 3552 4854 matrimonium

1969 4891 2265 4957 contrahit,
2295 4906 2417 4960 qua:
2462 4906 2583 4945 cum
2629 4889 2953 4951 orthodoxe,
2987 4902 3095 4941 non
3128 4902 3252 4943 cum
3298 4891 3555 4944 haeretica

1973 4983 2385 5037 matrimonium
2411 4982 2707 5037 contrahit.

2043 5071 2298 5126 ZONAR.
2354 5072 2546 5126 Mulier
2593 5087 2714 5141 quae
2754 5072 2917 5125 vidua
2965 5081 3073 5135 est,
3113 5082 3213 5125 nec
3266 5080 3551 5140 parentum

1970 5164 2223 5232 potestati
2254 5164 2521 5232 subjecta,
2557 5174 2616 5216 ut
2661 5163 2876 5217 illorum
2925 5176 3193 5217 consensu
3240 5163 3304 5215 ad
3339 5164 3554 5228 nuptias

1970 5256 2372 5309 contrahendas
2413 5254 2671 5322 indigeat,
2720 5256 2925 5320 absque
2969 5253 3077 5306 ulla
3119 5268 3255 5306 noxa
3299 5253 3553 5305 secundis

1972 5344 2175 5413 nuptiis
2206 5344 2398 5414 illigari
2451 5354 2649 5413 potest,
2701 5343 2745 5396 si
2785 5358 2944 5396 nemo
2988 5343 3059 5396 sit
3107 5344 3194 5409 qui
3244 5342 3551 5409 conjttgium

1972 5437 2254 5501 dissolvat,
2292 5437 2393 5490 hoc
2422 5444 2526 5501 est,
2563 5436 2609 5489 si
2657 5435 2788 5489 nulli
2821 5436 2951 5499 sint,
2988 5436 3079 5504 qui
3130 5435 3276 5487 illam
3320 5449 3432 5486 sum
3460 5435 3555 5487 ob—

1973 5530 2193 5583 noxiam
2225 5528 2477 5596 potestati
2509 5528 2761 5591 habeant,
2793 5537 2947 5594 pater
2973 5528 3252 5590 nimirum,
3277 5536 3371 5579 aut
3397 5540 3549 5588 avus,

1973 5623 2169 5693 quibus
2194 5621 2356 5676 etiam
2376 5619 2636 5675 dirimere
2664 5619 2997 5673 matrimonii
3026 5619 3339 5673 societatem
3367 5620 3549 5670 datum

3149 5898 3227 5959 23
