4224 6446
259 434 366 499 717

1172 436 1254 497 IN
1288 438 1526 499 EPIST.
1576 437 1641 497 S.
1678 436 1964 497 BASILll
2004 434 2452 497 CANONICAM
2498 434 2578 494 ll.

3386 427 3494 493 718

262 565 433 602 σαντα
488 546 812 611 κολάζεσθαι
872 550 947 603 ὡς
1004 546 1200 616 φονέας
1254 547 1465 611 Λύσις.
1518 546 1597 599 Τὰ
1651 548 1831 611 ικκλη-

1948 561 2038 598 rus
2066 558 2336 613 percussit
2371 552 2425 596 et
2457 541 2675 603 occidit,
2709 540 2885 609 puniti
2915 550 2972 594 ut
3004 539 3362 594 homicidam?
3388 539 3498 593 Sol.

261 638 517 692 σιαστικά
539 637 787 706 έπιτίμια
804 639 905 690 οὐκ
926 638 1032 690 είσὶ
1048 636 1368 697 κολαστικά,
1388 636 1522 689 ἀλλά
1543 634 1839 703 ἀγιαστικά

261 732 357 781 καὶ
391 728 732 796 ίατρευτικά.
766 728 856 781 Διὸ
879 728 972 780 καὶ
1000 727 1295 797 διορίζεται
1324 728 1352 780 6
1379 725 1558 779 κανὼν
1582 727 1671 777 τὸν
1700 731 1838 778 κατα

260 819 655 888 παραχώρησιν
682 818 817 871 Θεοῦ
843 818 1153 887 έμπεσόντα
1180 817 1529 886 ὁπωσδήποτε
1552 818 1631 879 είς
1656 816 1834 883 φόνον,

261 909 357 959 καὶ
406 908 600 968 αὐτοὺς
646 910 768 970 τοὺς
807 910 867 960 έν
918 907 1135 978 πολέμῳ
1181 907 1522 974 φονεύοντας.
1567 906 1837 975 θεραπεύ-

255 996 412 1050 εσθαι
451 998 589 1049 κατὰ
618 999 828 1068 ψυχήν
870 998 971 1051 κάν
1014 1001 1043 1051 6
1089 999 1187 1066 μιν
1226 997 1612 1067 μεγαλωτέρας
1646 996 1836 1066 χρήσει

258 1087 563 1154 θεραπείας
584 1128 597 1150 ,
632 1086 709 1149 ὼς
740 1087 981 1154 φονεύων
1003 1086 1264 1148 έκουσίως
1284 1128 1298 1152 ,
1338 1088 1365 1138 ό
1397 1086 1454 1139 δὲ
1483 1087 1833 1155 μικροτέρας,

255 1180 331 1239 ὡς
386 1176 626 1245 φονεύων
659 1178 952 1241 ἀκουσίως,
988 1176 1115 1245 mli
1161 1176 1394 1247 ἀμύνης,
1430 1176 1462 1246 ή
1494 1179 1551 1230 έν
1590 1178 1831 1247 πολέμῳ.

271 1268 332 1319 '0
359 1268 413 1319 δὲ
443 1266 719 1329 πολιτικὸς
753 1268 914 1335 νόμος
946 1266 1180 1331 κολάζει,
1221 1267 1283 1320 οὐ
1318 1266 1634 1337 θεραπεύει.
1673 1266 1835 1318 Ὀθεν

255 1356 348 1407 τὸν
408 1340 505 1423 μέν
563 1356 753 1425 έχοντα
790 1355 1032 1409 διάθεσιν
1069 1358 1147 1419 είς
1198 1357 1258 1409 τὸ
1306 1357 1560 1423 φονεῦσαι
1602 1346 1838 1427 τιμωρεῖ

253 1446 332 1508 ὡς
383 1447 579 1514 φονέα,
620 1448 711 1501 τὸν
742 1446 800 1499 δι
836 1446 1106 1507 ἀκουσίως
1143 1446 1440 1513 φονεύοντα
1503 1448 1563 1499 ού
1601 1447 1837 1516 τιμωρεῖ

255 1538 354 1589 καὶ
402 1537 494 1588 τὸν
534 1536 870 1602 φονεύσαντα
924 1537 1013 1587 τὸν
1063 1535 1387 1606 βιαζόμενον
1426 1538 1588 1588 αὑτὸν
1634 1536 1835 1605 ἀτιμώ⁹

259 1643 425 1695 ρητον
476 1629 773 1695 συντηρεῐ,
816 1627 891 1689 ὡς
939 1627 1017 1697 μή
1064 1626 1310 1691 οἴκοθεν,
1378 1627 1492 1679 ἀλλ’
1533 1623 1601 1689 ὶξ
1652 1628 1833 1687 αίτίας

252 1717 351 1770 τοῦ
411 1717 758 1787 φονευθέντος
805 1720 883 1778 εἰς
951 1718 1012 1769 τὸ
1074 1718 1330 1785 φονεῦσαι
1391 1718 1831 1787 κατεπειχθέντα.

254 1806 423 1877 Οἶμαι
466 1808 523 1860 δι
568 1811 648 1861 ὅτι
678 1811 772 1860 καὶ
812 1812 838 1860 6
878 1808 1143 1874 φονεύσας
1188 1809 1247 1873 έξ
1290 1810 1502 1878 ἀμύνης
1553 1809 1695 1862 κατὰ
1746 1810 1835 1861 τὸν

256 1899 528 1951 πολιτικὸν
573 1900 737 1966 νόμον
786 1899 906 1951 τότε
958 1900 1431 1968 σνντηρηθήσεται
1490 1900 1827 1963 ἀκόλαστος,

248 1981 381 2042 όταν
412 1990 669 2057 ἰφύνευσε
698 1989 791 2039 τὸν
820 1988 1033 2058 πληγήν
1062 1990 1442 2059 θανατηφόρον
1458 1991 1834 2055 ὲπενεγκόντα

253 2077 423 2144 αὐτῷ.
464 2078 497 2149 ἢ
549 2077 669 2147 βίαν
715 2079 929 2145 ὁμοίαν,
976 2080 1034 2129 ού
1073 2078 1177 2147 μὴν
1219 2078 1435 2132 καὶτὸν
1464 2080 1702 2148 έλαφράν
1744 2080 1836 2131 καὶ

256 2170 474 2237 ἰάσιμον
520 2168 735 2236 πληγὴν
768 2169 1137 2229 ἐπενεγκόντα
1176 2171 1345 2236 αύτῷ,
1389 2172 1557 2240 ήγουν
1607 2176 1834 2240 μετρίαν

256 2259 413 2326 βῗαν,
450 2260 545 2312 καὶ
582 2261 646 2327 ήν
675 2259 901 2313 ἐδύνατο
930 2263 1099 2329 χωρὶς
1134 2261 1295 2329 φόνου
1337 2262 1638 2331 διαφυγεῖν.
1672 2264 1834 2333 Τηνι-

254 2352 432 2404 καῦτα
463 2355 571 2418 γὰρ
602 2352 676 2414 ὡς
705 2355 897 2420 φονεὺς
938 2353 1353 2421 κολασθήσεται.
1385 2354 1519 2423 Φησὶ
1548 2354 1655 2423 γάρ
1684 2356 1745 2407 τὸ
1774 2355 1833 2406 ιδ’

254 2459 379 2507 κεφ.
409 2440 503 2493 τοῦ
539 2440 614 2493 λθ¹
646 2442 827 2495 τίτλυυ
852 2442 945 2494 τοῦ
979 2443 1018 2505 ξ’
1052 2442 1256 2511 βιϐλίου
1285 2462 1298 2476 ·
1340 2443 1398 2496 Ὀ
1421 2446 1511 2497 τὸν
1543 2447 1833 2499 ἐπελθόντα

252 2537 523 2597 φονεύσας
559 2536 615 2586 ὲν
645 2526 689 2599 ᾧ
725 2536 857 2603 περὶ
889 2535 988 2601 τῆς
1030 2535 1176 2603 ζωῆς
1209 2536 1567 2601 ἐκινδύνευεν,
1602 2539 1831 2615 ἀνεύθυτ

252 2626 338 2687 νός
376 2627 491 2677 ἐστι
534 2627 802 2694 φονεύειν.
856 2628 964 2679 Καὶ
1006 2630 1145 2679 κατὰ
1193 2630 1333 2696 θέμα
1382 2631 1473 2681 τοῦ
1523 2630 1687 2683 αὑτοῦ
1734 2633 1823 2682 τὸν

251 2717 458 2790 λῃστὴν
491 2719 713 2770 ἐπιόντα
738 2717 1038 2781 ἀκινδύνως
1077 2719 1252 2783 ἔξεστι
1286 2721 1554 2787 φονεύειν.
1600 2721 1743 2789 Ἐγὼ
1771 2722 1829 2775 δὲ

250 2806 391 2862 εἶδον
420 2810 570 2875 ίερέα
595 2808 991 2877 καθαιρεθέντα
1022 2810 1335 2871 συνοδικῶς.
1361 2813 1442 2865 ὅτι
1464 2815 1651 2881 ἓτερον
1681 2816 1831 2884 ἱερέα

250 2899 654 2967 ἀναλαϐόμενον
707 2901 859 2969 παρᾶ
898 2900 1115 2971 θέλησιν
1151 2906 1340 2955 τούτου
1383 2905 1588 2973 βιϐλίον
1630 2908 1694 2958 ἐκ
1731 2909 1827 2976 τῆς

250 2988 548 3057 έκκλησίας
579 2988 747 3042 αὐτοῦ
782 2992 1015 3060 κατέσχε
1035 3033 1049 3048 .
1092 2992 1186 3043 καὶ
1216 2993 1507 3045 ἀνελάϐετο
1541 2996 1829 3063 ἐριστικῶς

1944 634 2120 686 Pcenaa
2147 630 2529 687 ecclesiastica:
2556 643 2661 682 non
2688 628 2934 697 puniunt,
2962 628 3055 681 sed
3086 626 3424 681 sanctiﬁcant
3449 640 3505 681 et

1942 724 2264 783 medentur;
2296 729 2347 774 et
2390 719 2509 773 ideo
2553 718 2792 771 decernit
2832 732 3026 781 canon,
3071 728 3125 771 ut
3154 719 3246 787 qui
3281 733 3505 785 quomo-

1938 813 2220 875 docunque
2272 791 2363 863 liei
2409 810 2765 878 permissione
2819 810 2869 862 in
2910 811 3109 863 Caedem
3156 809 3419 869 inciderit,
3450 817 3505 861 et

1940 900 2039 967 ipsi
2076 902 2236 953 etiam
2272 901 2361 963 qui
2400 902 2451 953 in
2487 901 2625 955 bello
2658 901 2988 959 occiderunt,
3029 901 3079 952 in
3114 901 3291 953 anima
3332 900 3497 953 medi-

1938 990 2116 1043 cinam
2140 990 2408 1058 accipiant
2433 1007 2446 1041 :
2475 991 2574 1044 etsi
2605 991 2689 1042 hic
2714 991 2929 1056 quidem
2957 990 3158 1058 majore
3182 1005 3316 1058 opus
3346 992 3505 1044 habet

1941 1081 2226 1146 medicina,
2255 1090 2314 1135 ut
2335 1081 2426 1150 qui
2456 1088 2648 1148 sponte
2679 1079 2971 1141 interfecit,
3005 1080 3091 1134 ille
3122 1095 3250 1133 vero
3278 1083 3505 1143 minore,

1938 1184 1997 1226 ut
2038 1173 2128 1240 qui
2166 1187 2273 1226 non
2306 1171 2635 1233 voluntarie,
2667 1170 2751 1225 vel
2788 1169 2840 1225 in
2870 1170 2951 1223 sui
2991 1170 3304 1225 defensione
3336 1180 3418 1226 vel
3454 1174 3507 1227 in

1939 1263 2096 1315 bello.
2134 1263 2241 1318 Lex
2277 1272 2457 1316 autem
2502 1262 2673 1315 civilis
2704 1262 2875 1328 punit,
2913 1277 3019 1315 non
3058 1262 3319 1317 medetur.
3361 1264 3511 1319 Unde

1940 1353 2100 1405 etiam
2136 1368 2278 1411 eum,
2315 1353 2405 1420 qui
2458 1353 2619 1407 hahet
2666 1351 2916 1407 nﬂ‘ectum
2953 1351 3329 1419 interﬁciendi,
3357 1357 3512 1423 punit

1939 1452 1995 1495 ut
2027 1444 2350 1498 homicidam
2392 1462 2404 1497 :
2455 1459 2577 1497 eum
2628 1458 2774 1508 vero,
2815 1444 2903 1510 qui
2944 1444 3303 1498 involuntarie
3347 1448 3512 1498 inter-

1939 1533 2066 1596 ficit,
2120 1548 2224 1587 non
2264 1528 2414 1600 punit
2455 1550 2470 1599 ;
2515 1543 2568 1586 et
2610 1549 2753 1595 eum,
2800 1535 2889 1601 qui
2932 1536 3038 1585 vim
3076 1536 3146 1586 illi
3195 1535 3510 1589 inferentem

1937 1626 2183 1692 peremit,
2231 1626 2549 1693 impunitum
2596 1633 2897 1687 conservat,
2948 1634 3003 1677 ut
3036 1628 3122 1693 ,ιιιί
3166 1642 3269 1679 ιιοιι
3317 1644 3381 1682 ex
3433 1644 3511 1693 se,

1938 1718 2031 1768 scd
2062 1718 2126 1769 ab
2160 1728 2227 1768 eo
2268 1720 2358 1783 qul
2406 1714 2506 1767 fuit
2542 1715 2859 1767 interfectus
2901 1716 2965 1767 ad
3010 1717 3362 1771 occidendum
3408 1720 3510 1772 im-

1941 1808 2127 1873 pulsus
2163 1814 2265 1859 est.
2306 1806 2572 1861 Existimo
2605 1815 2783 1859 autem
2806 1846 2818 1867 ,
2850 1808 2988 1873 quod
3025 1810 3112 1875 qui
3147 1810 3308 1862 etiam
3346 1814 3398 1864 in
3430 1814 3509 1865 Sui

1938 1894 2248 1949 defensione
2275 1895 2498 1958 occidit,
2533 1906 2656 1950 tunc
2683 1895 2899 1963 impune
2927 1897 3115 1960 ahihit,
3149 1903 3365 1963 quando
3391 1917 3511 1955 cum

1938 1985 2227 2049 interfecit,
2279 1987 2367 2054 qui
2407 1988 2597 2040 vulnus
2645 1987 2718 2040 illi
2773 1991 2997 2042 mortale
3042 1990 3251 2053 inlllxit,
3298 1993 3376 2046 vel
3405 1996 3512 2045 vim

1938 2077 2170 2132 similem
2208 2097 2223 2131 :
2258 2094 2363 2132 non
2400 2090 2580 2133 autem
2613 2092 2760 2140 eum,
2794 2082 2882 2147 qui
2923 2081 3089 2134 levem
3128 2098 3191 2136 ac
3224 2085 3512 2137 medicabi-

1936 2166 2041 2221 lem
2092 2167 2166 2221 illi
2220 2168 2429 2237 plagam
2486 2168 2663 2223 attulit
2708 2168 2821 2220 sive
2867 2170 2971 2221 vim
3027 2172 3313 2236 modicam,
3349 2187 3507 2241 quam

1936 2259 2098 2313 etiam
2143 2262 2261 2313 sine
2289 2262 2431 2314 caede
2463 2258 2696 2329 eﬂ'ugere
2724 2262 2917 2330 pontii.
2952 2260 3103 2315 Tunc
3145 2265 3288 2315 enim
3322 2277 3377 2317 ιιι
3409 2265 3508 2318 lm-

1937 2354 2128 2407 micida
2158 2354 2427 2421 punietur.
2453 2354 2589 2408 Dicit
2609 2356 2748 2408 enim
2781 2364 2936 2422 caput
2965 2355 3046 2418 lt,
3079 2356 3159 2409 lit.
3187 2356 3384 2416 59,lih.
3411 2374 3510 2410 Ls:

1936 2444 2037 2509 Qui
2070 2460 2193 2497 eum
2233 2446 2523 2509 interfecit,
2576 2446 2662 2514 qui
2723 2446 2794 2497 ita
2854 2446 3164 2507 invadehnt,
3202 2460 3259 2499 ut
3308 2448 3356 2499 in
3393 2452 3509 2501 vila‘

1936 2534 2231 2601 periculum
2272 2536 2653 2600 adduceretur,
2700 2551 2805 2589 non
2837 2546 2917 2588 est
2954 2553 3077 2591 reus
3113 2539 3408 2592 limnii-id'i.
3452 2540 3514 2591 lit

1936 2628 2230 2679 St‘Cllndlllll
2283 2627 2400 2695 ejus
2453 2629 2654 2689 thema,
2710 2628 2973 2681 latronem
3027 2629 3366 2681 invndcnmn
3418 2630 3517 2683 im-

1934 2732 2075 2778 pune
2110 2717 2234 2771 licet
2276 2719 2598 2773 interﬁcere.
2650 2719 2759 2789 Ego
2808 2729 2986 2772 autem
3024 2722 3127 2773 vidi
3177 2724 3514 2777 sacerdotem

1934 2810 2267 2879 synodaliler
2314 2811 2344 2861 ιι
2386 2812 2644 2879 positum,
2694 2812 2836 2878 quod
2885 2811 3108 2865 alterum
3156 2816 3512 2875 sacerdotem,

1936 2903 2025 2965 qui
2075 2914 2269 2966 pra‘ter
2305 2903 2421 2971 ejus
2459 2903 2791 2957 voluntatem
2826 2902 3019 2956 librum
3050 2919 3112 2955 ex
3158 2905 3383 2959 ecclcsia
3417 2920 3511 2959 sua

1933 2994 2253 3060 accipiebat,
2298 2994 2545 3055 detinuit,
2595 3006 2646 3046 et
2703 2994 2898 3047 lihrum
2956 2996 3231 3061 proprium
3274 3012 3303 3050 e
3349 3014 3508 3052 manu

251 3081 314 3132 ὲκ
353 3080 547 3131 τούτου
584 3080 643 3131 τὸ
673 3081 872 3132 οίκεϊον
913 3080 1148 3151 βιϐλίον,
1182 3085 1476 3139 κάντεῦθεν
1513 3085 1710 3155 συνέϐη
1740 3084 1828 3137 τὸν

1930 3085 2048 3152 ejus
2088 3088 2423 3138 contclitiose
2458 3087 2675 3152 recepit,
2715 3095 2767 3138 et
2795 3100 2858 3140 ex
2895 3100 2959 3139 eo
2985 3088 3201 3151 evenit,
3235 3100 3291 3141 ut
3335 3105 3515 3144 sacci-

248 3172 617 3238 ἀφαιρεθέντα
670 3174 731 3224 τὸ
780 3171 983 3241 βιϐλίον
1044 3177 1193 3245 ίερέα
1251 3177 1681 3248 ).ειποθυμῆσαι,
1733 3180 1825 3229 καὶ

1930 3177 2049 3238 dos,
2105 3178 2190 3229 cui
2244 3177 2377 3228 lilmr
2408 3176 2626 3229 ablatus
2682 3185 2784 3238 est,
2821 3178 3106 3247 deliquium
3155 3181 3318 3233 animi
3362 3191 3511 3246 patr-

248 3262 499 3331 αὑθωρὸν
540 3262 855 3320 ἀποθανεῖν.
891 3265 1117 3333 Ἕτερος
1150 3266 1205 3319 δὲ
1254 3272 1482 3337 μοναχος
1515 3271 1608 3322 καὶ
1643 3270 1821 3339 ἱερεὺς

1925 3275 2092 3331 retur,
2121 3276 2173 3318 et
2197 3266 2307 3333 ipsa
2333 3266 2460 3320 hora
2492 3279 2809 3321 moreretur.
2835 3268 2980 3322 Alius
3008 3277 3184 3323 autem
3218 3274 3509 3327 monachus

246 3353 360 3405 ἀπὸ
406 3353 507 3421 τῆς
553 3355 719 3423 μονῆς
752 3354 847 3408 τοῦ
892 3355 1111 3426 Στερίου
1156 3360 1435 3430 καθῃρέθη
1480 3362 1700 3427 ὁμοίως,
1743 3363 1826 3414 ὃτι

1930 3364 1985 3407 et
2023 3356 2278 3408 sacerdos
2305 3370 2367 3408 ex
2405 3354 2549 3425 Tyrii
2588 3360 2917 3411 monasterio
2955 3359 3202 3412 similiter
3232 3372 3314 3412 cst
3341 3364 3507 3427 depo-

248 3447 485 3513 μοναχόν
533 3462 656 3498 τινα
691 3445 994 3512 ὑϐρίσαντα
1027 3449 1191 3500 αὐτὴν
1223 3450 1515 3518 ἀνθύϐρισε
1543 3454 1787 3520 τραχέως
1811 3491 1825 3515 ,

248 3536 350 3588 καὶ
386 3536 585 3604 συνέῦη
615 3538 707 3589 τὸν
744 3536 916 3599 οὕτως
948 3538 1272 3605 ύδρισθέντα
1293 3580 1309 3605 ,
1348 3544 1462 3610 ἅμα
1495 3542 1571 3610 τῷ
1598 3542 1829 3595 ἀκοῦστιι

247 3625 349 3692 τὴν
386 3623 576 3690 ὕϐριν,
613 3626 889 3689 στενάξαι,
926 3630 1018 3678 καὶ
1051 3630 1150 3699 τὴν
1184 3631 1361 3699 ψυχὴν
1395 3633 1827 3699 ἀπερεύξασθαι.

248 3716 367 3768 Καὶ
399 3715 712 3785 ἀρχιερεὺς.
786 3717 1088 3788 Ἀχαρηνὸν
1153 3722 1421 3788 φονεύσας
1481 3726 1600 3777 κατ’
1664 3724 1829 3777 αὑτοῦ

248 3808 407 3874 ξίφος
458 3809 816 3863 ἀνατείναντα
875 3813 933 3863 ὲν
986 3812 1164 3882 καιρῷ
1221 3815 1498 3883 πολέμου,
1537 3816 1832 3888 ’καθῃρέθη

246 3902 470 3968 ὁμοίως.

323 3992 572 4047 ΖΩΝΑΡ.
629 3992 693 4043 Ὀ
738 3992 947 4061 πλήξας
990 3993 1112 4046 τινὰ
1157 3995 1406 4062 καιρίως,
1455 3996 1595 4049 ὥστε
1633 4000 1696 4050 εκ
1736 3999 1832 4061 τῆς

244 4083 467 4151 πληγῆς
508 4084 721 4153 ἐκείνης
754 4083 847 4135 τὸν
886 4083 1163 4152 πληγέντα
1203 4084 1408 4149 θανεῖν,
1447 4088 1639 4154 φονεύς
1669 4067 1792 4141 im
1815 4106 1829 4120 ·

245 4179 351 4227 καὶ
381 4177 481 4227 οὐκ
509 4177 807 4245 ὶξαιρείται
838 4177 1001 4229 αὐτὸν
1029 4176 1121 4229 τοῦ
1153 4176 1495 4246 ἐγκλήματος
1527 4178 1584 4231 τὸ
1610 4180 1685 4248 μή
1706 4197 1835 4232 κατ-

245 4263 556 4333 άρξασθαι,
605 4265 741 4318 ἀλλά
780 4265 1059 4335 πληγῆναι
1106 4268 1370 4337 πρότερον
1416 4272 1545 4338 παρ’
1585 4272 1829 4333 ἐκείνου,

244 4356 345 4409 καὶ
372 4354 516 4409 οὕτω
566 4355 768 4425 πλῆξαι
816 4359 999 4421 αὑτὸν,
1031 4358 1372 4427 ἀμυνόμενον
1403 4362 1492 4413 τὸν
1533 4360 1829 4431 πλήξαντα.

1932 3444 2089 3507 situs,
2122 3445 2266 3507 quod
2307 3446 2628 3497 monachum
2658 3444 2975 3512 quemlnm,
3026 3446 3117 3513 qui
3156 3463 3276 3497 cum
3313 3446 3507 3515 injuria

1932 3533 2211 3595 affecerat,
2241 3534 2387 3603 gravi
2426 3534 2665 3587 vicissim
2716 3534 2911 3603 injuria
2955 3535 3155 3601 allccit,
3202 3551 3253 3591 et
3286 3543 3505 3599 accidit.

1934 3635 1992 3677 ut
2035 3625 2123 3692 qui
2175 3625 2251 3677 sic
2306 3625 2504 3693 iniuria
2549 3619 2769 3679 affectus
2802 3637 2905 3690 est,
2941 3628 3100 3682 simul
3145 3645 3207 3683 ac
3258 3631 3505 3696 injuriam

1933 3716 2160 3778 audivit,
2181 3703 2415 3784 gomeret
2435 3725 2488 3769 et
2515 3718 2749 3769 animam
2775 3728 3068 3773 eructaret.
3108 3721 3345 3776 Antistes
3375 3740 3505 3791 quo-

1935 3823 2038 3873 qnc
2071 3809 2173 3875 fqui
2217 3812 2521 3877 Agarenum
2562 3808 2683 3863 belli
2736 3819 2979 3878 tempore
3013 3828 3194 3867 ensem
3243 3817 3294 3867 in
3336 3818 3506 3884 ipsum

1936 3899 2238 3951 vibrantem
2268 3897 2636 3961 interiecerat,
2671 3899 2922 3954 similiter
2950 3902 3226 3971 depositus
3247 3915 3349 3958 est.

2007 3987 2257 4043 ZONAR.
2290 3991 2391 4055 Qui
2417 3992 2569 4045 alteri
2603 3992 2797 4046 lethale
2834 3992 3025 4047 vulnus
3052 3993 3270 4060 inﬂixit,
3304 4012 3367 4051 ex
3402 4014 3508 4064 quo

1937 4093 2117 4149 postea
2152 4081 2371 4135 vulnere
2417 4097 2707 4150 percussus
2743 4084 3061 4153 exspiravit,
3096 4087 3362 4140 homicida
3380 4102 3463 4142 est
3492 4109 3507 4144 :

1938 4187 2034 4226 nec
2058 4186 2123 4226 ex
2147 4185 2212 4225 eo
2242 4172 2503 4227 liberatur
2525 4189 2551 4225 a
2580 4176 2827 4239 crimine,
2861 4177 3004 4234 quod
3040 4192 3143 4231 non
3176 4178 3291 4248 ipse
3321 4182 3484 4235 verbe

1938 4264 2089 4317 randi
2120 4264 2334 4317 initium
2372 4264 2580 4327 fecerit,
2617 4265 2707 4318 sed
2738 4266 2887 4332 prior
2914 4270 2983 4320 ab
3014 4266 3104 4321 illo
3134 4267 3298 4322 fuerit
3326 4272 3509 4323 vulne-

1940 4364 2105 4420 ratus,
2142 4356 2445 4423 exindeque
2469 4356 2663 4425 ipsum.
2690 4357 2815 4409 dum
2841 4357 3056 4412 sibimet
3084 4356 3289 4413 illatum
3315 4362 3509 4415 vulnus

1938 4442 2234 4505 ulciscitur,
2272 4443 2652 4495 vulneraverit.

347 4536 574 4589 ΔΡΙΣΤ.
621 4535 679 4589 '0
712 4534 919 4605 πλήξας
948 4537 1084 4605 προς
1113 4536 1360 4602 θάνατον,
1388 4539 1481 4590 καὶ
1511 4539 1830 4609 ἀρχόμενος,

2008 4530 2234 4586 ARIST.
2266 4532 2365 4598 Qui
2398 4536 2463 4587 ad
2493 4543 2723 4588 mortem
2753 4540 3038 4604 percussit,
3072 4546 3178 4591 tam
3217 4538 3507 4601 lacessens,

245 4629 347 4684 καὶ
379 4628 743 4696 ἀμυνόμενος,
778 4627 1130 4697 ἀνδροφόνος.

332 4720 460 4771 Ἐάν
490 4736 572 4778 τις
602 4720 660 4770 ὲν
693 4718 843 4790 μάχῃ
873 4716 1086 4787 πληγήν
1112 4718 1290 4788 ἐπάγῃ
1319 4718 1427 4771 τινὶ
1460 4720 1700 4791 καιρίαν,
1732 4720 1829 4772 θάο

243 4826 412 4864 νατον
443 4809 796 4871 ἀπειλούσαν,
830 4807 934 4862 κᾶν
974 4808 1185 4873 πρῶτος
1224 4808 1429 4879 ήρξατο
1458 4811 1554 4879 τῆς
1594 4812 1826 4879 πληγῆς,

246 4900 353 4954 κᾶν
388 4900 482 4950 ὑπ’
509 4899 716 4950 ἐκείνου
746 4898 997 4967 πληγεὶς,
1026 4901 1116 4953 καὶ
1136 4900 1364 4952 ἐκδικῶν
1390 4900 1579 4953 ἑαυτὸν
1604 4902 1829 4972 καιρίως

243 4988 579 5057 ἀντέπληξε,
608 4988 802 5057 φονεύς
844 4991 993 5048 ἐστιν
1012 5005 1026 5021 ο
1057 4989 1165 5043 εἴτε
1190 4990 1246 5042 δὲ
1278 4993 1510 5045 ἑκούσιοι
1536 4994 1627 5044 καὶ
1656 4994 1829 5063 ἀμφό-

244 5101 424 5154 τεροι,
457 5080 565 5134 εἴτε
595 5080 866 5144 ἀκούσιοι,
898 5080 1009 5133 ἀπὸ
1032 5080 1125 5133 τοῦ
1149 5082 1380 5152 ὀργάνου
1406 5082 1501 5135 τοῦ
1529 5084 1829 5153 πλήξαντος

245 5177 627 5247 κριθήσονται,
683 5171 780 5227 καὶ
822 5171 933 5226 ἀπὸ
984 5172 1092 5224 τῶν
1146 5173 1349 5225 λοιπῶν
1407 5168 1481 5227 ὧν
1542 5176 1828 5245 παρέδωκε

243 5264 650 5337 γνωρισμάτων
680 5266 738 5318 ὲν
768 5264 846 5333 τῷ
874 5264 1046 5334 ὀγδόῳ
1077 5266 1279 5317 κανόνι.

840 5355 1080 5409 ΚΔΝΩΝ
1109 5355 1239 5410 ΜΔΖ

258 5449 323 5504 Ἦ
356 5449 610 5513 διάκονος
645 5449 677 5517 ή
708 5447 786 5519 τῷ
821 5447 1043 5518 Ἕλληνι
1077 5450 1533 5520 συμπορνεύσασα
1567 5452 1626 5504 ού
1664 5452 1827 5524 δεκτή

322 5544 478 5594 ἔστιν
509 5542 591 5604 εις
624 5540 910 5593 κοινωνίαν
932 5555 948 5570 '
982 5540 1061 5603 είς
1086 5540 1143 5594 δέ
1174 5542 1272 5612 τὴν
1299 5543 1611 5612 προσφορὰν
1635 5545 1829 5615 δεχθή-

319 5649 479 5686 σεται
523 5632 602 5702 τῷ
633 5632 674 5695 ζ’
709 5631 818 5685 ἔτει
838 5673 853 5696 ,
882 5632 1126 5701 δηλονότι
1164 5635 1222 5687 ὲν
1247 5636 1439 5706 ἁγνείᾳ
1469 5636 1641 5701 ζῶσα.
1681 5638 1743 5691 '0
1774 5638 1831 5690 δὲ

322 5724 469 5794 μετά
488 5724 587 5791 τὴν
611 5723 789 5777 πίστιν
806 5724 1008 5791 Ἕλλην
1033 5726 1191 5781 πάλιν
1213 5730 1277 5795 τῇ
1297 5726 1571 5798 ἱεροσυλίᾳ
1591 5728 1831 5800 προσιὼν

322 5818 417 5868 ἐπὶ
441 5813 531 5865 τὸν
557 5813 750 5883 ἔμετον
772 5815 1109 5885 ἐπιστρέφει.
1142 5816 1330 5888 Ἡμεῖς
1352 5817 1443 5873 οὖν
1467 5818 1564 5889 τῆς
1581 5819 1829 5874 διακόνου

1934 4638 2094 4692 quam
2131 4624 2415 4688 ulciscens,
2450 4626 2716 4679 homicida
2754 4634 2857 4680 est.

2005 4712 2061 4765 Si
2098 4714 2223 4781 quis
2265 4716 2316 4765 in
2362 4728 2539 4782 pugna
2570 4715 2763 4769 vulnus
2811 4715 3005 4770 lethale
3038 4717 3271 4787 cuipiam
3307 4719 3505 4784 intulit,

1936 4815 2165 4858 mortem
2200 4804 2478 4867 minitans,
2509 4806 2635 4860 licet
2662 4810 2867 4875 primus
2897 4806 3180 4862 vulnerare
3207 4810 3389 4877 coepit,
3420 4823 3511 4865 aut

1933 4898 1999 4950 ah
2030 4912 2094 4951 eo
2132 4912 2419 4965 percussus
2457 4905 2509 4951 et
2542 4911 2659 4951 sese
2688 4898 2977 4960 ulciscens,
3012 4897 3287 4955 lethaliter
3322 4917 3505 4970 reper—

1932 4988 2125 5051 cussit,
2159 4987 2424 5046 homicida
2470 4998 2571 5042 est.
2619 4986 2757 5041 Num
2793 4988 3084 5043 voluntarii
3122 5000 3299 5044 autem
3348 4996 3505 5044 amlm

1932 5088 2091 5131 erant
2126 5087 2217 5131 aut
2259 5079 2625 5143 inviiluntarii,
2668 5094 2696 5131 a
2743 5080 3097 5147 percutientis
3142 5082 3503 5136 instrumento

1928 5168 2335 5237 iudicabuntur,
2375 5179 2428 5222 et
2454 5171 2523 5223 ab
2564 5170 2684 5225 aliis
2710 5171 2929 5240 judiciis
2961 5185 3079 5241 quas
3105 5172 3156 5225 in
3193 5184 3385 5227 octavo
3414 5188 3504 5229 ca-

1933 5278 2072 5319 none
2103 5264 2342 5317 tradidit.

2486 5357 2715 5413 CANON
2758 5356 2917 5412 XLIV

1936 5450 2267 5514 Diaconissa,
2294 5466 2411 5518 qua:
2442 5468 2543 5503 una
2575 5466 2695 5503 cum
2725 5450 2914 5504 Greco
2944 5450 3207 5504 fornicata
3244 5457 3347 5511 est,
3395 5462 3502 5503 non

2008 5557 2091 5599 est
2122 5546 2189 5599 ad
2224 5546 2657 5598 communionem
2697 5544 3052 5606 admittenda,
3081 5543 3148 5597 ad
3178 5542 3502 5597 oblationem

2006 5646 2183 5687 autem
2230 5634 2461 5701 septimo
2514 5648 2655 5687 anno
2699 5636 3036 5696 admittetur,
3091 5633 3303 5688 scilicet
3350 5633 3396 5688 si
3450 5634 3502 5686 in

2005 5724 2257 5779 castitate
2303 5724 2466 5778 vitam
2524 5734 2668 5794 agat.
2719 5724 2938 5778 Graacus
2993 5734 3195 5788 autem,
3239 5725 3327 5793 qui
3380 5740 3500 5792 post

2004 5816 2163 5873 tidem
2200 5832 2389 5874 rursus
2412 5818 2479 5872 ad
2513 5816 2853 5887 sacrilegium
2884 5816 3109 5881 accedit,
3145 5816 3211 5871 ad
3248 5816 3505 5871 vomitum
