4224 6446
780 367 887 430 719
2046 370 2326 431 THEOD.
2366 372 2767 433 BALSAMON
3918 389 4025 451 120

853 479 1162 534 revertitur.
1197 481 1306 533 Nos
1331 495 1456 535 vero
1484 484 1799 538 diaconissae
1823 498 2041 552 corpus,
2072 493 2130 536 ut
2159 498 2346 537 conse-
2379 491 2420 540 Δ

2379 491 2420 540 Α
2521 486 2579 536 τὸ
2597 487 2755 552 σῶμα
2774 486 2849 547 ὡς
2872 488 3271 558 καθιερωμένον
3292 491 3391 545 οὐκ
3413 492 3777 564 ἐπιτρέπομεν
3804 499 3866 551 ἐν
3890 505 4026 567 χρη-

846 580 1080 632 cratttttt,
1112 587 1214 624 non
1247 572 1477 640 amplius
1510 574 1563 626 in
1605 589 1700 629 usu
1736 573 1933 629 carnali
1971 589 2088 628 esse
2120 576 2345 642 permit-

1398 574 1477 626 ius
1510 574 1563 626 in
1605 589 1700 629 usu
1736 573 1933 629 carnali
1971 589 2088 628 esse
2120 576 2345 642 permit-
2526 592 2604 626 σει
2633 570 2771 628 εἴναι
2806 581 3065 648 σαρκικῇ.

852 675 1035 716 timus.

848 845 1041 901 BALS.
1092 847 1393 912 Quomodo,
1428 850 1480 899 et
1512 861 1758 916 quaenam
1804 848 1999 902 mulier
2038 849 2341 903 diaconissa

2516 847 2710 900 ΒΔΛΣ.
2731 849 2920 912 Ὅπως
2943 851 3035 902 καὶ
3056 851 3139 902 οἵα
3166 851 3300 921 γυνὴ
3321 851 3527 919 γίνεται
3550 856 3793 917 διάκονος
3819 854 4021 921 ῐμαθες

778 940 854 1003 fit,
885 954 948 993 ex
977 938 1206 991 diversis
1243 937 1537 992 canonibus
1566 938 1821 992 didicisti.
1864 938 2174 993 Diaconissa
2212 954 2342 1007 ergo
2444 967 2446 984 ι

2444 939 2553 991 ἀπὸ
2576 940 2847 1009 διαφόρων
2870 942 3131 995 κανόνων.
3152 943 3407 1005 Διάκονος
3435 944 3565 1011 γοῦν
3585 948 3719 1015 γυνὴ
3744 949 4020 1015 πορνικιῖκ

774 1031 967 1084 mulier
1017 1030 1175 1084 alicui
1228 1029 1418 1084 Graeco
1472 1029 1823 1084 fornicatorie
1870 1030 2185 1096 conjuncta,
2233 1045 2341 1083 non

2445 1028 2831 1099 συμφθαρεῖσα
2863 1030 3087 1100 Ἕλληνι
3119 1050 3224 1085 τινι
3257 1032 3318 1084 οὐ
3358 1034 3519 1102 μόνον
3547 1034 3857 1106 καθῃρέθη,
3891 1036 4023 1089 ἀλλά

773 1120 947 1174 solum
1000 1127 1081 1172 est
1128 1119 1391 1187 deposita,
1436 1118 1530 1172 sed
1580 1117 1743 1173 etiam
1789 1128 2104 1187 segregata;
2156 1126 2210 1171 et
2252 1117 2341 1184 qui

2444 1119 2537 1168 καὶ
2576 1118 2860 1188 ἀφωρίσθη
2889 1134 2904 1150 ⁸
2947 1124 3041 1173 καὶ
3082 1124 3110 1174 ὀ
3157 1138 3295 1190 μετα
3329 1124 3533 1193 ταύτης
3568 1124 3625 1176 δέ
3675 1127 4020 1193 συμφθαρεὶς

771 1226 890 1264 cum
925 1225 985 1263 ea
1022 1225 1131 1262 rem
1174 1210 1360 1263 habuit
1401 1209 1641 1272 Graecus,
1690 1210 1857 1264 fidelis
1898 1208 2143 1272 eﬁ‘ectus,
2174 1208 2343 1261 voluit

2444 1203 2663 1273 Ἕλλην,
2718 1208 2907 1269 πιστὸς
2934 1209 3249 1277 γενόμενος,
3290 1211 3447 1280 ἦθελε
3486 1211 3692 1281 ταύτην
3724 1212 3920 1266 λαϐεῖν
3949 1214 4022 1272 είς

771 1316 888 1355 eam
935 1315 1158 1354 uxorem
1200 1301 1464 1368 accipere,
1510 1311 1765 1369 tanquam
1814 1301 1902 1366 qui
1947 1315 2043 1369 per
2091 1307 2337 1353 sanctum

2441 1296 2697 1359 γυναῖκα,
2743 1296 2819 1358 ὼς
2863 1296 2951 1349 διά
2999 1297 3094 1350 τοῦ
3146 1299 3306 1364 ἀγίου
3364 1298 3739 1370 βαπτίσματος
3782 1302 3898 1354 ἀπὸ
3932 1303 4024 1369 τῆς

773 1392 1093 1460 baptismum
1126 1406 1156 1444 a
1196 1394 1378 1447 (ἔνεστι
1427 1392 1760 1445 immunditia
1795 1391 2054 1445 liberatus
2092 1397 2256 1452 esset,
2287 1396 2342 1440 et

2453 1384 2776 1453 Ἑλληνικῆς
2824 1386 3165 1455 ἀκαθαρσίας
3210 1385 3527 1458 καθαρθεὶς.
3578 1394 3676 1443 καὶ
3724 1390 3895 1460 δῆθεν
3952 1392 4022 1459 μὴ

770 1483 859 1550 qui
891 1483 939 1535 ei
969 1482 1204 1549 legitime
1243 1482 1494 1551 conjungi
1543 1497 1646 1535 non
1681 1482 2049 1549 impediretur,
2096 1495 2215 1546 qua:
2247 1495 2341 1546 per

2441 1474 2867 1544 ἐμποδιζόμενος
2904 1476 3153 1547 νομίμως
3184 1481 3325 1550 αὐτῇ
3351 1480 3717 1552 συναφθῆναι,
3759 1482 3862 1551 τὴν
3913 1483 4023 1535 δια-

769 1574 1000 1642 priorem
1035 1574 1443 1627 fornicationem
1471 1573 1801 1627 diaconalem
1831 1576 2209 1626 auctoritatem
2242 1574 2334 1625 de-

2439 1567 2665 1634 κονικὴν
2726 1566 2882 1631 ἀξίαν
2933 1568 3269 1639 ἀποθεμένη,
3318 1570 3408 1622 διὰ
3459 1572 3557 1640 τῆς
3611 1574 4018 1641 προγενομένης

768 1667 1055 1733 posuisset.
1100 1674 1154 1718 et
1198 1677 1341 1719 esset
1376 1666 1539 1719 veluti
1584 1665 1775 1719 libera.
1828 1663 2057 1718 Sanctus
2092 1678 2221 1731 ergo
2274 1666 2339 1717 de

2442 1659 2723 1728 πορνείας,
2748 1659 2841 1709 καὶ
2867 1652 2979 1711 οἷον
3000 1658 3136 1730 οὔσῃ
3162 1661 3737 1731 ἐλευθέρᾳ.Ἦρωτήθη
3771 1662 3868 1716 οὖν
3898 1663 4020 1731 περὶ

770 1761 1014 1827 utrisque
1043 1758 1199 1825 102
1227 1757 1326 1810 fuit
1373 1759 1759 1827 interrogatus,
1784 1767 1837 1810 et
1867 1758 2163 1821 respondit,
2194 1755 2333 1822 quod
2369 1810 2405 1827 η
2437 1778 2438 1791 ι

2369 1810 2405 1827 η
2437 1750 2763 1819 ἀμφοτέρων
2786 1750 2815 1802 ὁ
2845 1750 3021 1816 ἀγιος,
3044 1752 3140 1804 καὶ
3162 1752 3499 1822 ἀπεκρίνατο
3518 1754 3646 1821 ὅτιή
3674 1754 4022 1822 πορνεύσασα

766 1810 1247 1913 όίειοοίιίεετίνιιᾜω
1281 1847 1543 1900 fornicata
1576 1810 1679 1911 Est,
1710 1856 1765 1900 et
1802 1856 2085 1915 propterea
2120 1844 2219 1899 fuit
2244 1846 2334 1899 de-
2367 1810 2434 1879 ³η

2367 1810 2407 1864 Β
2433 1810 2766 1903 διἀκόνισσα,
2791 1810 2992 1893 xalozd
3002 1810 3160 1893 τοῦτο
3177 1810 3585 1911 καθαιρεθεῖσα,
3608 1810 3707 1894 ob):
3724 1810 4025 1910 ἀφορισθῆ-

766 1940 960 2009 posita,
1009 1954 1114 1991 non
1172 1938 1565 2007 segregabitur,
1621 1938 1695 1990 ita
1743 1947 1802 1989 ut
1850 1952 1953 1991 non
2000 1937 2053 1989 in
2105 1936 2332 1990 ecclesia

2437 1952 2590 1989 σεται
2649 1935 2789 1989 ὥστε
2840 1937 2915 2006 μὴ
2964 1936 3365 2003 ἐκκλησιάζειν,
3406 1937 3543 1989 ἀλλά
3583 1937 3909 2007 δεχθήσεται
3950 1940 4022 1996 εἰς

764 2040 1028 2090 versetur,
1065 2030 1157 2082 sed
1193 2028 1258 2080 ad
1291 2028 1587 2080 orationem
1634 2035 1686 2079 et
1718 2026 2008 2081 stationem
2041 2039 2163 2078 cum
2200 2023 2334 2077 tide-

2434 2031 2535 2096 τὴν
2561 2027 2700 2097 μετά
2724 2027 2835 2081 τῶν
2864 2027 3070 2080 πιστῶν
3102 2027 3269 2096 εὐχὴν
3290 2030 3383 2080 καὶ
3411 2029 3621 2081 στάσιν.
3654 2026 3892 2097 Εῖρηται
3921 2032 4020 2096 γὰρ

677 2130 684 2137 ·
765 2122 901 2175 liltus
923 2122 1259 2174 admittetur.
1288 2119 1494 2171 Dictum
1525 2118 1666 2171 enim
1694 2126 1775 2170 est
1799 2117 2073 2171 tricesimo
2098 2116 2334 2171 secundo

2434 2122 2511 2180 είς
2560 2120 2651 2171 τὸν
2694 2118 2774 2188 λβ¹
2821 2118 3020 2172 κανόνα
3056 2118 3245 2181 αὑτοῦ,
3280 2120 3363 2171 ὅτι
3400 2120 3449 2171 ot
3486 2119 3585 2189 τὴν
3612 2123 3747 2188 πρὸς
3793 2121 4024 2173 θάνατον

762 2215 877 2280 ejus
907 2228 1030 2265 can.
1086 2215 1227 2277 quod
1272 2209 1476 2272 clerici,
1513 2209 1604 2277 qui
1662 2217 1939 2277 peccatum
1991 2208 2055 2260 ad
2103 2215 2331 2260 mortem

2434 2212 2837 2280 ἁμαρτάνοντες
2855 2211 3133 2281 ἁμαρτίαν
3151 2210 3403 2281 κληρικοὶ
3421 2210 3815 2280 καθαιροῦνται
3837 2214 4020 2279 μόνον.

764 2312 1013 2371 peccant,
1038 2301 1208 2355 solum
1241 2303 1600 2368 deponuntur,
1630 2314 1733 2351 non
1765 2299 1924 2352 ctiam
1957 2308 2330 2367 segregantur.

2433 2305 2493 2355 οὐ
2532 2304 2638 2373 μὴν
2670 2305 2764 2356 καὶ
2795 2304 3168 2374 ἀφορίζονται.
3208 2306 3283 2357 Οὐ
3318 2305 3425 2373 γάρ
3466 2304 3781 2374 ἐκδικήσεις
3816 2306 3902 2367 ὄις
3933 2307 4021 2358 ἐπὶ

764 2391 879 2446 Non
916 2394 1060 2447 enim
1094 2390 1395 2444 vindicabis
1430 2390 1509 2444 bis
1544 2392 1593 2442 in
1630 2388 1883 2456 idipsnm.
1918 2388 2088 2442 Porro
2120 2400 2173 2443 et
2212 2389 2330 2441 dia-

2432 2396 2493 2447 τὸ
2546 2395 2708 2449 αὐτό.
2756 2396 2863 2449 Καὶ
2906 2397 2939 2465 ή
2987 2396 3233 2459 διάκονος
3273 2394 3433 2463 γοῦν,
3480 2395 3569 2447 διά
3610 2398 3708 2464 τὴν
3765 2397 4023 2463 πορνείαν

764 2485 972 2538 conissa
1004 2493 1221 2552 propter
1252 2481 1661 2535 fornicationem
1696 2480 1935 2546 deposita
1971 2479 2041 2532 ab
2073 2479 2333 2533 ecclesia-

2436 2488 2851 2557 καθαιρεθεῖσα,
2887 2488 2987 2540 οὐκ
3021 2489 3453 2557 ἀφορισθήσεται
3493 2491 3554 2540 ἐκ
3587 2488 3686 2555 τῆς
3719 2489 4022 2556 ἐκκλησια-

763 2576 899 2629 stica
936 2576 1123 2644 synaxi
1159 2588 1262 2627 non
1307 2572 1694 2641 segregabitur.
1730 2570 1806 2623 Illi
1840 2572 1982 2625 enim
2014 2585 2111 2638 pro
2142 2570 2333 2637 quavis

2436 2584 2626 2651 στικῆς
2658 2579 2956 2643 συνάξεως.
2993 2580 3182 2648 ’Δρκεῖ
3212 2578 3320 2647 γὰρ
3350 2580 3488 2647 αὐτῇ
3521 2578 3643 2630 ἀντὶ
3674 2582 3879 2639 παντὸς
3910 2582 4023 2629 ἐπει

762 2681 921 2737 paena
952 2665 1145 2720 suliicit
1173 2665 1458 2733 depositio.
1488 2664 1623 2730 Quia
1655 2671 1833 2717 autem
1867 2664 1956 2731 qui
1987 2662 2333 2715 fornicautur

2433 2670 2613 2736 τιμίου
2659 2671 2691 2736 ἡ
2736 2668 3075 2737 καθαίρεσις.
3131 2670 3252 2721 Ὀτι
3306 2669 3363 2721 δὲ
3418 2671 3467 2720 ot
3523 2668 3892 2738 πορνεύοντες
3936 2654 4023 2719 ἐπὶ

764 2758 996 2813 triennio
1015 2772 1117 2809 non
1139 2765 1261 2808 sunt
1283 2764 1591 2809 sanctorum
1618 2755 1994 2823 mysteriorum
2019 2752 2328 2821 participes,
2431 2787 2432 2790 η

2431 2761 2753 2831 τετραετίαν
2776 2760 2885 2813 τῶν
2917 2760 3088 2828 άγίων
3118 2760 3437 2829 μυστηρίων
3466 2760 3527 2811 οὐ
3565 2760 4021 2828 μεταλαμϐάνω-

760 2851 948 2905 statuit
1000 2858 1220 2902 sanctus
1256 2859 1313 2900 ttt
1363 2861 1422 2899 ea
1467 2846 1637 2914 magis
1672 2846 1970 2911 puniretur,
2022 2844 2164 2913 quod
2210 2859 2328 2897 cum

2438 2870 2543 2916 σιν,
2593 2851 2795 2921 ὥρισεν
2825 2854 2852 2903 ὁ
2892 2852 3047 2919 ἅγιος
3083 2852 3176 2903 ἐπὶ⁷
3211 2851 3371 2905 πλέον
3413 2850 3811 2919 ἐπιτιμηθῆναι
3851 2853 4022 2917 αὐτὴν

758 2942 944 2996 ϐιωεο
986 2958 1095 2995 rem
1128 2941 1394 3004 habuerit,
1433 2954 1605 3006 caque
1638 2948 1780 2992 essm
1833 2949 1952 3005 pust
1985 2938 2327 3007 septenttium

2429 2944 2515 2997 διὰ
2538 2944 2598 2997 τὸ
2628 2944 2766 3012 μετά
2799 2942 3057 3011 Ἕλληνος
3083 2942 3497 3012 συμφθαρῆναι,
3522 2943 3611 2993 καὶ
3640 2941 3782 3009 μετὰ
3813 2942 4014 2994 ἐπταε-

760 3043 1225 3087 sacramentorum
1255 3029 1524 3096 particeps
1564 3045 1591 3080 a
1630 3028 1985 3081 fornicatione
2012 3040 2070 3080 se
2110 3040 2331 3093 prorsus

2433 3034 2557 3083 τίαν
2610 3030 2939 3099 μεταλαϐεῖν
2984 3031 3157 3099 αὐτὴν
3204 3030 3313 3081 τῶν
3358 3030 3745 3097 ἀγιασμάτων,
3801 3030 4020 3091 πάντως

759 3123 1061 3178 continens.
1113 3118 1361 3172 Graecum
1410 3129 1587 3170 autem
1636 3118 1724 3184 qni
1776 3118 2030 3179 credidit,
2085 3125 2142 3169 et
2186 3130 2326 3177 eam,
2360 3129 2401 3184 ο

2360 3129 2401 3184 c
2442 3122 2760 3172 ἀποστᾶσαν
2805 3120 2869 3171 ἐκ
2914 3120 3013 3188 τῆς
3061 3119 3339 3188 πορνείας.
3385 3119 3486 3170 Τὸν
3534 3119 3590 3171 δέ
3637 3118 4017 3171 πιστεύσαντα

759 3230 878 3283 qua:
909 3213 1199 3282 aliquando
1226 3209 1326 3262 fuit
1356 3207 1663 3262 diaconissa
1699 3210 1895 3259 habere
1919 3207 2135 3273 quaerit,
2167 3206 2335 3257 sacri-

2443 3212 2682 3279 ’Έλληνα
2726 3211 2824 3264 καὶ
2865 3209 3131 3279 ζητοῦντα
3165 3210 3309 3277 ἐχειν
3346 3210 3442 3279 τήν
3489 3226 3619 3262 ποτε
3662 3211 4015 3264 διακόνισσαν

761 3306 883 3375 legii
924 3300 1363 3357 condemnationi
1412 3297 1649 3366 subjicit,
1688 3297 1731 3349 si
1766 3298 2086 3349 diaconissse
2113 3309 2334 3363 corpus,

2441 3303 2747 3371 ἱεροσυλίας
2801 3302 3069 3371 καταδίκῃ
3117 3296 3543 3363 κάθυποῦάλλει,
3597 3302 3693 3352 ἐὰν
3746 3302 3814 3352 τὸ
3865 3303 4012 3365 ἀπαξ

760 3394 901 3463 quod
929 3395 1034 3447 Deo
1063 3392 1224 3445 scmel
1251 3398 1332 3443 est
1361 3389 1688 3449 dedicatum,
1718 3402 1811 3455 per
1847 3388 2046 3439 coitum
2081 3387 2329 3453 coinqui-

2440 3394 2747 3463 άφιερωθέν
2786 3393 2941 3462 σῶμα
2972 3392 3073 3461 τῆς
3107 3391 3454 3453 διακονίσσης
3483 3391 3571 3443 δ;ὰ
3604 3391 3701 3459 τῆς
3726 3392 4014 3458 ἐπιμιξίας

759 3485 970 3539 naverit
1000 3500 1014 3537 :
1050 3493 1102 3535 et
1143 3496 1264 3535 eum
1301 3480 1435 3533 adeo
1471 3492 1660 3531 canem
1698 3485 1875 3538 vocat,
1929 3478 2021 3545 qui
2070 3478 2134 3529 ad
2171 3492 2329 3529 suum

2434 3485 2667 3553 κοινώσῃ
2689 3500 2705 3515 ο
2741 3484 2945 3552 μᾶλλον
2987 3484 3085 3552 μὶν
3123 3480 3218 3534 οὖν
3254 3484 3346 3534 καὶ
3378 3486 3515 3534 κύνα
3542 3482 3708 3534 αὐτὸν
3741 3483 4016 3534 ἀποκαλεῖ

757 3576 1019 3630 vomitum
1053 3572 1367 3631 revertitur,
1410 3571 1509 3622 hoc
1535 3577 1617 3621 est
1649 3567 1714 3621 ad
1760 3569 1991 3637 priorem
2035 3565 2329 3620 infidelita-

2432 3577 2511 3636 εἱς
2532 3575 2621 3625 τὸν
2655 3574 2785 3626 ῐδιον
2810 3574 3003 3641 ἔμετον
3043 3575 3466 3639 ἐπιστρέφοντα,
3494 3573 3776 3625 τουτέστιν
3807 3577 3893 3635 εἰς
3920 3577 4014 3643 τὴν

756 3677 867 3720 tem
904 3678 999 3734 per
1032 3661 1296 3715 nefarium
1341 3659 1565 3711 coitum.
1613 3657 1977 3722 Quamobrem
2026 3672 2169 3721 eam,
2212 3670 2334 3725 qua:

2432 3664 2703 3732 προτέραν
2752 3662 3014 3715 ἀπιστίαν
3058 3660 3143 3713 διά
3188 3663 3290 3729 τῆς
3331 3660 3575 3729 ἀθέσμου
3623 3663 3852 3731 μίξεώς.
3907 3666 4013 3717 Καὶ

756 3756 921 3812 semel
974 3754 1082 3808 Deo
1130 3761 1213 3805 est
1253 3749 1528 3812 dedicata,
1581 3748 1795 3801 etiamsi
1846 3747 2011 3801 fuerit
2062 3747 2329 3816 deposita,

2430 3753 2528 3821 τὴν
2572 3751 2721 3816 ἅπαξ
2763 3751 3191 3821 καθιερωθεῖσαν
3229 3751 3305 3819 τῷ
3352 3751 3491 3821 Θεῷ,
3541 3751 3643 3805 κάν
3686 3752 4012 3821 καθαιρεθῇ,

758 3848 903 3902 nullo
932 3845 1096 3900 modo
1138 3842 1268 3897 sinit
1312 3841 1473 3895 alicui
1511 3838 1792 3907 conjungi,
1829 3841 1972 3903 quod
2020 3839 2091 3892 sit
2131 3852 2331 3905 corpus

2430 3846 2491 3895 οὐ
2541 3846 2864 3914 παραχωρεῖ
2915 3843 3268 3911 ὀπωσδήποτέ
3319 3860 3426 3895 τινι
3475 3843 3871 3908 συνάπτεσθαι,
3928 3845 4011 3897 διὰ

756 3940 874 4008 ejus
912 3943 1311 3997 consecratum,
1340 3942 1395 3985 et
1422 3930 1631 3985 servari
1667 3931 1860 3984 debeat
1888 3930 1955 3983 ab
1983 3930 2129 3983 omni
2162 3930 2327 3992 cuitu,

2430 3939 2489 3986 τὸ
2527 3931 2669 3989 εἶναι
2702 3935 2761 3987 τὺ
2798 3934 2955 4004 σῶμα
2992 3935 3161 4004 αὐτῆς
3191 3935 3619 4006 καθιερωμένον,
3647 3937 3740 3988 καὶ
3772 3936 4008 4003 ὀφείλειν

755 4041 810 4085 et
838 4028 981 4084 omni
1008 4042 1109 4081 usu
1137 4025 1341 4079 carnali
1373 4025 1525 4094 juxta
1553 4022 1913 4077 universalem
1943 4022 2182 4091 regulam
2211 4035 2330 4090 qua:

2431 4025 2808 4094 συντηρεῖσθαι
2847 4025 3027 4093 πάσης
3074 4024 3260 4093 κοινῆς
3305 4025 3397 4077 καὶ
3442 4024 3713 4093 σαρκικῆς
3760 4026 4011 4092 χρήσεως

756 4123 908 4185 dicit,
954 4120 1106 4185 Quod
1154 4126 1398 4170 sanctum
1445 4128 1528 4171 est
1582 4132 1689 4170 non
1737 4115 1798 4169 ﬁt
1858 4114 2141 4183 pollutum.
2192 4114 2330 4168 Nota

2427 4115 2725 4184 ἀνώτερον,
2776 4113 2918 4167 κατά
2965 4115 3055 4166 τὸν
3108 4113 3338 4166 καθόλου
3402 4112 3559 4179 λόγον
3606 4113 3699 4165 τὸν
3754 4112 4004 4180 λέγοντα·

751 4228 882 4280 ergo
913 4213 1026 4265 haec
1069 4218 1290 4279 propter
1323 4208 1551 4263 clericos
1591 4216 1645 4262 et
1680 4206 1996 4270 monachos,
2027 4213 2117 4275 qui
2152 4215 2329 4261 trans-

2428 4206 2503 4257 Τὸ
2553 4206 2697 4273 ἱερὸν
2745 4208 2940 4273 μιαρὸν
2976 4205 3038 4256 οὐ
3079 4203 3308 4271 γίνεται.
3342 4204 3655 4273 Σημείωσαι
3704 4202 3886 4255 ταῦτα
3928 4205 4011 4256 διά

756 4302 993 4355 formant
1045 4310 1100 4351 et
1147 4306 1360 4351 mutant
1408 4298 1651 4350 habitum
1692 4335 1707 4359 ,
1767 4296 1874 4348 imo
1932 4304 1986 4348 et
2030 4294 2329 4349 monachae

2428 4297 2555 4358 τοὺς
2608 4294 3256 4367 μετασχηματιζομένους
3309 4294 3601 4366 κληρικούς
3649 4310 3709 4348 τε
3762 4298 3861 4348 καὶ
3913 4313 4009 4363 μο-

754 4389 939 4451 etiam,
971 4396 1025 4439 et
1064 4384 1317 4438 ascetrias
1356 4383 1597 4435 volentes
1643 4382 1896 4450 legitimis
1930 4382 2186 4435 uxoribus
2233 4390 2327 4435 aut
2362 4448 2395 4457 Α

2362 4448 2395 4457 Α
2431 4388 2652 4455 ναχοὺς,
2697 4388 2792 4439 καὶ
2842 4387 3027 4455 μέντοι
3072 4386 3167 4437 καὶ
3222 4388 3462 4455 μοναχάς
3534 4388 3627 4437 καὶ
3680 4389 4011 4457 ἀσκητρίας,

759 4480 896 4533 viris
924 4476 1200 4546 conjungi.
1238 4472 1503 4527 Existimo
1541 4482 1719 4526 autem
1752 4487 1844 4525 eas
1886 4475 1953 4525 ah
1986 4474 2087 4526 hoc
2118 4487 2326 4527 canone
2361 4448 2407 4508 θ

2361 4448 2534 4525 θκαῖ
2585 4448 2856 4534 θέλοντας⁷
2888 4473 3141 4541 νομίμοις
3198 4448 3441 4539 γυναιξὶν
3504 4473 3536 4540 ἢ
3596 4474 3691 4523 καὶ

754 4578 899 4621 recte
928 4565 1169 4622 secundo
1202 4565 1403 4618 nubere
1441 4561 1824 4630 probibcndas,
1852 4575 1950 4614 nec
1984 4562 2327 4615 sacerdotum

2430 4562 2817 4618 συνάπτεσθαι.
2871 4563 3068 4631 Οῖομαι
3125 4561 3182 4614 δι
3236 4563 3347 4614 ἀπὸ
3394 4561 3490 4613 τοῦ
3534 4564 3760 4625 κανόνος
3817 4566 4008 4619 τούτιυ

757 4671 975 4718 uxores,
999 4656 1138 4708 sicut
1166 4668 1263 4707 nec
1288 4652 1378 4720 qui
1403 4659 1528 4707 sunt
1552 4652 1752 4706 sacrati
1781 4650 2146 4703 sacerdotium
2176 4664 2329 4703 recu-

2429 4654 2605 4715 καλῶς
2664 4654 2751 4704 ἵνα
2812 4650 3099 4704 κωλυθῶσι
3158 4650 3582 4719 δευτερογαμεῖν
3639 4654 3734 4704 καὶ
3796 4656 3857 4705 at
3906 4656 4008 4706 τῶν

754 4754 961 4807 santes,
1019 4744 1399 4810 permittentur
1447 4742 1630 4793 vivere
1682 4747 1736 4791 ut
1788 4739 1932 4803 laici,
1984 4750 2036 4793 et
2090 4739 2328 4793 secundo

2431 4744 2619 4813 ίερέων
2674 4744 2964 4809 γυναῖκες,
3026 4739 3215 4808 ὥσπερ
3275 4739 3395 4792 οὐδὲ
3452 4741 3501 4791 οῖ
3559 4742 3852 4810 ίερωμενοι
3916 4746 4010 4811 τὴν

756 4834 1162 4889 matrimonium
1189 4832 1510 4885 contrahere
1537 4846 1551 4882 :
1576 4829 1912 4883 sacerdOtum
1941 4829 2084 4882 enim
2109 4842 2324 4895 uxores,

2429 4833 2729 4903 ἱερωσύνην
2756 4832 3184 4900 παραιτούμενοι
3212 4832 3775 4902 παραχωρηθήσονται
3800 4837 3879 4898 ὡς
3903 4837 4008 4889 λαῖ-

756 4939 919 4978 unum
962 4936 1156 4990 corpus
1194 4930 1246 4973 et
1294 4933 1396 4972 una
1447 4933 1574 4972 caro
1607 4918 1981 4981 sacerdotalis,
2017 4933 2112 4986 per
2142 4918 2325 4987 legiti-

2428 4928 2513 4977 κοὶ
2561 4925 2767 4989 διάγειν
2825 4924 2918 4974 καὶ
2964 4922 3384 4991 δευτερογαμεῖν
3480 4925 3535 4976 αἱ
3603 4925 3704 4993 μὲν
3756 4927 3871 4998 γὰρ
3919 4946 4008 4995 γυ.

757 5029 897 5069 mam
929 5011 1221 5068 sacerdotii
1258 5008 1688 5075 conjunctionem
1732 5008 2030 5076 appellatae,
2072 5018 2125 5063 et
2164 5024 2225 5063 ea
2256 5009 2325 5063 de

2426 5018 2606 5075 ναῖκες
2640 5013 2747 5065 τῶν
2790 5014 2978 5079 ίερέων
3024 5011 3080 5063 ἓν
3116 5013 3276 5082 σῶμα
3318 5016 3412 5065 καὶ
3449 5015 3544 5080 μία
3584 5016 3720 5085 σάρξ
3753 5019 4006 5087 ίερατ.κη

756 5120 916 5158 causa
957 5102 1121 5157 veluti
1171 5108 1537 5163 consecratae,
1590 5112 1694 5152 non
1746 5098 2175 5167 profanabuntur
2229 5113 2325 5167 per

2424 5106 2513 5157 διὰ
2528 5104 2625 5171 τῆς
2646 5104 2782 5173 μετά
2803 5102 2989 5172 ίερέων
3008 5103 3239 5171 νομίμου
3259 5106 3548 5171 συναφείας
3565 5122 3669 5174 χρη
3680 5108 4005 5174 ματίσασαι,

756 5195 1023 5251 secundas
1076 5194 1309 5259 nuptias.
1371 5188 1695 5244 Sacerdotes
1746 5198 1954 5253 autem,
2008 5190 2099 5257 qui
2157 5190 2323 5244 semel

2426 5193 2717 5246 κάντεῦθεν
2733 5184 2840 5244 οἷον
2865 5192 3190 5261 ίερωθείσαι,
3209 5194 3268 5244 οὐ
3298 5192 3769 5265 βεσηλωθήσονται
3791 5197 3883 5249 διὰ
3908 5201 4004 5265 τῆς

752 5286 1020 5341 secundas
1071 5284 1308 5349 nuptias,
1361 5296 1426 5336 eo
1476 5281 1622 5351 quod
1667 5280 1775 5335 Deo
1826 5290 1955 5334 sunt
1995 5282 2319 5345 consecrati,

2423 5284 2871 5355 δευτερογαμίας.
2909 5283 3043 5337 Οὐδὲ
3070 5284 3235 5353 ίερεῖς
3267 5283 3415 5348 ἀπαξ
3436 5284 3535 5336 τὴν
3562 5285 4002 5359 δευτερογαμίαν

753 5376 1078 5447 rejecerunt,
1128 5385 1179 5427 et
1227 5374 1335 5427 Deo
1364 5374 1465 5427 hoc
1511 5374 1696 5441 utique
1735 5371 1964 5439 professi
2013 5381 2162 5436 sunt,
2215 5387 2320 5425 non

2421 5377 2750 5446 ἀποθέμενοι
2808 5375 2895 5428 διὰ
2948 5374 3042 5428 τοῦ
3101 5376 3429 5445 ίερωθῆναι,
3488 5378 3583 5428 καὶ
3641 5378 3806 5431 τοῦτο
3871 5383 4002 5433 αὐτὸ

752 5470 1002 5523 sinentur
1053 5480 1147 5534 per
1194 5462 1465 5518 carnalem
1519 5462 1864 5531 cupiditatem
1925 5463 2317 5518 sacerdotalem

2422 5472 2499 5530 εἰς
2554 5466 2687 5520 Θεὸν
2751 5465 3234 5534 ἐπαγγειλάμενοι,
3298 5468 3357 5519 οὐ
3424 5470 3998 5539 παραχωρηθήσοντιι

750 5560 1062 5629 dignitatem
1099 5556 1405 5623 rt-pudiare.
1434 5564 1486 5608 ct
1514 5569 1673 5623 quam
1706 5553 1815 5607 Deo
1844 5552 2085 5628 fecerunt
2114 5556 2321 5622 profes-

2419 5558 2505 5610 διὰ
2557 5558 2655 5627 τὴν
2720 5560 2988 5627 σαρκικὴν
3044 5558 3340 5626 ἐπιθυμίαν
3392 5563 3843 5629 παραιτήσασθαι
3901 5568 3996 5631 τὴν

749 5651 956 5704 sionem
998 5650 1292 5711 inttrmare,
1336 5658 1388 5701 et
1423 5646 1626 5700 carnali
1677 5645 1887 5699 libidini
1933 5649 2135 5701 servire
2172 5666 2183 5701 :
2223 5650 2317 5700 ιιι-(1

2422 5651 2700 5719 ἱερατικὴν
2754 5651 2949 5713 ἀξίαν,
3010 5650 3099 5701 καὶ
3160 5648 3256 5716 τὴν
3315 5652 3391 5711 εἰς
3450 5650 3583 5703 Θεὸν
3654 5654 3994 5719 ἐπαγγελίαν

750 5738 959 5795 etiarnsi
998 5740 1164 5795 semel
1207 5737 1509 5793 sacerdotio
1556 5738 2026 5803 renuntiaverint,
2087 5751 2313 5807 corpora

2425 5740 2708 5810 ἀθετῆσαι,
2742 5742 2834 5795 καὶ
2853 5745 2917 5811 τῇ
2951 5742 3185 5810 σαρκικῇ
3215 5740 3482 5811 ἐπιθυμία
3511 5741 3791 5798 δουλεῦσαι
3819 5763 3833 5778 ο
3864 5747 3995 5799 άλλά
