4224 6446
243 414 343 483 731

1077 469 1088 479 .
1180 423 1258 482 ΙΝ
1305 424 1544 483 EPIST.
1589 423 1647 482 S.
1693 423 1980 484 BASILII
2016 424 2457 487 CANONICAM
2496 431 2575 489 Ιῐ.

3385 434 3485 491 7‘22

240 530 343 583 xiv
366 535 808 609 παραιτήσωνται
836 538 937 609 τὴν
960 540 1285 611 ἱερωσύνην,
1314 542 1719 611 κωλυθήσονται
1745 541 1812 593 τὰ
1842 546 1884 602 Α

1842 546 1884 602 Α
1916 560 2036 607 sua,
2074 560 2191 613 qua
2224 558 2353 601 sunt
2402 549 2510 602 Deo
2544 550 2708 604 semel
2739 560 3077 615 consecrata,
3127 552 3488 622 prohibt-hun-

240 622 390 790 ἔκαε
432 626 733 695 ίερωθίντα
774 629 1005 696 σώματα
1052 631 1234 685 αὐτῶν
1285 633 1554 705 δευτέροις
1615 632 1815 703 γάμοις

275 716 570 786 εϐηλῶσαι.

275 716 570 786 εϐηλῶσαι.

308 914 553 971 ΖΩΝΑΡ.
575 918 702 973 Ἐὰν
717 921 1030 978 διακόνισσα
1045 927 1267 997 Ἕλληνι
1289 929 1606 1001 συμφθαρῇ,
1626 930 1816 1000 δεχθῆ-

242 1020 418 1069 σεται⁹
456 1009 637 1076 φησὶν,
671 1013 751 1075 είς
781 1016 1086 1069 κοινωνίαν.
1117 1019 1422 1073 Κοινωνίαν
1445 1020 1502 1074 δὲ
1535 1020 1633 1091 τὴν
1677 1023 1821 1090 μετὰ

238 1095 351 1146 τντιν
377 1098 583 1150 πιστῶν
608 1101 867 1156 σύστασιν
889 1107 948 1158 ἑν
973 1109 1093 1171 ταῖς
1116 1109 1302 1178 εὐχαῖς
1323 1110 1557 1164 ὶνταῦθα
1577 1111 1816 1179 νοητιον.

241 1184 357 1252 Τῆς
396 1186 453 1239 δὶ
489 1190 598 1242 τῶν
632 1192 803 1259 ἁγίων
854 1195 1043 1268 δώρων
1087 1200 1443 1271 μεταλήψτως
1482 1201 1561 1272 τῷ
1605 1202 1818 1272 ἑϐδόμῳ

242 1276 355 1329 Iret
398 1278 782 1350 ἀξιωθήσεται.
815 1287 913 1340 Διὰ
963 1292 1063 1357 μεν
1106 1291 1215 1359 γάρ
1256 1291 1355 1361 τὴν
1398 1292 1673 1346 ἔκπτωσιν
1722 1292 1821 1361 τῆς

240 1364 539 1433 διακονίας,
591 1372 693 1425 οὐκ
742 1377 984 1444 εῐργεται
1035 1379 1144 1431 τῶν
1191 1381 1532 1451 προσευχῶν.
1577 1382 1701 1435 οὐδὲ
1741 1385 1821 1445 είς

241 1458 371 1519 τοὺς
404 1461 603 1525 τόπους
628 1464 740 1518 τῶν
767 1467 1063 1538 ιπιτιμίων
1094 1471 1319 1527 ἑστάναι
1355 1473 1819 1537 καταδικάζεται·

243 1545 331 1599 διὰ
360 1546 413 1599 6t
457 1550 516 1601 τδ
546 1550 732 1622 νύμφη
772 1555 1082 1623 λογίζεσθαι
1123 1560 1216 1613 τοῦ
1257 1560 1519 1630 Χριστοῦ,
1560 1564 1653 1615 καὶ
1687 1580 1822 1632 προ-

243 1634 431 1693 δοῦναι
489 1640 588 1709 τὴν
645 1641 813 1713 τιμὴν
871 1646 1106 1711 ἑαυτῆς,
1166 1646 1466 1719 βαρύτερον
1510 1650 1820 1717 κολάζεται.

246 1726 361 1795 Τῆς
411 1729 521 1795 γὰρ
566 1732 825 1798 πορνείας
875 1738 1169 1808 τετραετίᾳ
1208 1738 1641 1810 ιπιτιμωμένης,
1686 1741 1825 1815 αὕτη

244 1817 325 1878 είς
369 1816 598 1889 ἕϐδομον
628 1823 876 1877 ἐνιαυτὸν
912 1831 1303 1897 παρατείνεται
1334 1844 1349 1861 ο
1388 1832 1483 1883 καὶ
1517 1831 1699 1895 τοῦτο,
1731 1833 1825 1886 ἐὰν

248 1908 559 1979 ἀπόσχηται
586 1913 683 1981 τῆς
711 1914 1009 1984 ἁμαρτίας,
1044 1918 1139 1971 καὶ
1165 1920 1221 1971 ιν
1252 1920 1445 1991 ἁγνείᾳ
1466 1920 1555 1992 ζῇ,
1616 1921 1742 1978 Ἐάν
1770 1923 1827 1975 δι
1858 1899 1900 1922 u

245 1998 275 2049 6
308 2000 489 2066 μιγεὶς
518 2001 656 2072 αὐτῇ
688 2003 887 2074 Ἕλλην
913 2009 978 2077 τῇ
1008 2008 1189 2063 πίστει
1218 2011 1531 2081 προσελθὼν
1560 2012 1725 2067 πάλιν
1753 2014 1829 2065 ie-

248 2090 447 2159 ροσυλῇ
495 2092 832 2162 (ἱεροσυλίαν
880 2097 936 2149 δι
987 2099 1087 2166 τὴν
1135 2102 1271 2169 μετά
1320 2101 1420 2171 τῆς
1480 2103 1829 2175 διακονίσσης

249 2176 397 2247 μίξιν
418 2182 617 2252 καλεῖ),
642 2186 735 2238 ἐπὶ
758 2188 851 2239 τὸν
874 2188 1026 2253 ἴδιον,
1045 2193 1230 2259 φησὶν,
1256 2192 1574 2262 ιπιστρέφει
1600 2194 1794 2262 ἔμετον
1813 2213 1826 2229 ο

245 2270 309 2323 τδ
344 2270 453 2343 γὰρ
495 2273 654 2342 σῶμα
682 2277 783 2346 τῆς
827 2278 1176 2351 διακονίσσης
1223 2284 1629 2353 καθιερωμινον
1670 2287 1821 2339 ὲστί·

247 2367 347 2418 καὶ
396 2366 484 2419 διὰ
530 2367 689 2423 τοῦτο
722 2375 821 2424 οὐκ
859 2372 1297 2445 ἐπιτραπήσεται
1342 2379 1401 2429 ιν
1440 2378 1635 2448 χρήσει
1685 2371 1825 2432 εἶναι

249 2458 530 2525 σαρκικῇ,
578 2458 746 2528 ἤγουν
795 2462 954 2533 ἡδονῇ
1007 2464 1247 2533 χρῆσθαι
1288 2466 1511 2535 σαρκός.
1564 2463 1722 2530 Ἰσως
1768 2468 1823 2521 δὲ

249 2543 346 2597 καὶ
387 2545 477 2600 διὰ
517 2547 579 2600 τδ
636 2550 865 2621 μιγῆναι
910 2552 1119 2623 ἀπίστῳ
1163 2556 1485 2626 ἐπιτιμᾶται
1537 2556 1736 2627 μᾶλλον
1790 2560 1823 2627 ἡ

249 2632 592 2695 διακόνισσα.

1922 646 2010 691 tur
2057 637 2307 694 secundis
2339 640 2541 709 nuptiis
2563 641 2867 709 profanare.

1999 918 2252 973 ZONAB.
2318 917 2374 973 Si
2436 932 2559 974 cum
2618 917 2808 974 Greco
2867 919 3170 973 diaconissa
3237 926 3488 985 corrupta

1926 1012 2106 1075 fuerit,
2146 1013 2211 1065 ad
2234 1012 2693 1072 communionem.
2727 1011 2927 1078 inquit,
2962 1011 3298 1063 admittetur.
3331 1006 3493 1061 Com—

1926 1103 2200 1159 munionis
2234 1112 2415 1157 autem
2445 1103 2684 1167 nomine,
2710 1103 2812 1157 hoc
2852 1102 2989 1163 loco,
3035 1117 3136 1154 una
3170 1116 3290 1155 cum
3322 1098 3495 1153 ﬁdeli-

1926 1196 2027 1251 bus
2059 1195 2111 1250 in
2141 1209 2294 1250 sacra
2327 1194 2637 1264 precatione
2666 1195 2955 1249 stationem
2986 1194 3243 1262 intellige.
3273 1192 3341 1246 At
3363 1206 3494 1245 vero

1924 1295 2234 1342 sanctorum
2284 1301 2569 1342 munerum
2601 1287 2970 1355 perceptione,
3021 1286 3248 1352 septimo
3276 1286 3494 1340 demum

1925 1393 2068 1433 anno
2108 1379 2265 1448 digna
2313 1377 2622 1433 habebitur.
2658 1378 2811 1445 Quod
2852 1378 2995 1432 enim
3026 1377 3288 1430 exciderit
3320 1377 3495 1430 a-dia-

1927 1476 2148 1530 conatu,
2182 1482 2289 1521 non
2325 1474 2615 1536 propterea
2654 1483 2681 1521 a
2713 1466 2886 1522 sacris
2914 1464 3318 1533 precationibus
3347 1480 3496 1519 arce-

1928 1569 2039 1621 tur,
2069 1574 2243 1629 neque
2270 1560 2336 1614 ad
2368 1559 2742 1629 paenitendum
2776 1559 3039 1615 stationes
3073 1558 3379 1611 damnatur.
3416 1559 3493 1611 Es

1928 1666 1994 1705 eo
2025 1664 2153 1705 vero
2180 1652 2323 1719 quod
2350 1666 2447 1719 pro
2476 1651 2679 1707 Christi
2712 1666 2909 1721 sponsa
2943 1650 3199 1715 habetur,
3235 1663 3498 1716 suumque

1928 1742 2188 1797 honorem
2234 1744 2538 1810 prodidisse
2582 1743 2951 1808 existimatur,
3003 1742 3055 1794 in
3109 1755 3229 1795 eam
3282 1741 3498 1811 gravius

1930 1833 2396 1894 animadvertitur.
2434 1834 2567 1888 Cum
2617 1848 2849 1901 namque
2890 1832 3237 1887 fornicationi
3283 1832 3501 1898 quadri-

1934 1923 2085 1977 ennii
2113 1937 2269 1990 pmna
2303 1923 2594 1977 constituta
2628 1922 2718 1983 sit,
2760 1922 2875 1977 hmc
2915 1923 2980 1975 ad
3013 1921 3298 1989 septimum
3334 1935 3501 1987 usque

1935 2032 2137 2071 annum
2168 2016 2509 2085 protenditur
2536 2032 2550 2069 :
2580 2015 2746 2086 idque
2768 2015 2926 2069 modo
2948 2029 2976 2067 a
3008 2021 3231 2083 peccato
3252 2013 3501 2075 absistat,

1937 2123 1998 2163 ac
2052 2109 2217 2161 vitam
2268 2117 2416 2163 caste
2455 2108 2773 2177 integreque
2824 2106 3095 2162 traducat.
3142 2104 3411 2158 Caeterum
3456 2102 3502 2156 si

1934 2199 2174 2262 Graecus,
2198 2198 2436 2266 quicum
2460 2214 2523 2253 ea
2542 2214 2655 2253 rem
2685 2199 2892 2265 habuit,
2910 2202 2975 2252 ad
3010 2196 3166 2250 ﬁdem
3190 2207 3505 2257 canversus,

1936 2291 2220 2362 sacrilegio
2257 2292 2450 2345 iterum
2488 2306 2545 2346 se
2578 2292 2913 2349 contaminet
2943 2290 3308 2362 (sacrilegium
3342 2301 3506 2355 porro

1934 2382 2077 2436 hunc
2100 2396 2223 2435 cum
2252 2381 2556 2436 diaconissa
2588 2397 2939 2452 congressum
2972 2378 3247 2450 appellat),
3283 2377 3347 2430 ad
3380 2390 3506 2442 pro-

1933 2471 2107 2540 prium
2158 2473 2419 2527 vomitum
2470 2473 2668 2527 reverti
2724 2474 2939 2527 asserit.
3002 2472 3211 2539 Corpus
3274 2482 3509 2534 namque

1935 2561 2257 2617 diaconisste
2307 2574 2690 2620 consecratum
2729 2576 2855 2629 est;
2914 2579 2975 2618 ac
3020 2561 3244 2631 proinde
3307 2559 3359 2611 in
3410 2572 3505 2610 usu

1936 2650 2141 2705 carnali
2174 2666 2316 2717 esse,
2362 2653 2463 2708 hoc
2492 2663 2597 2717 est,
2636 2654 2815 2707 carnis
2848 2652 3119 2720 voluptate
3164 2650 3239 2702 ttti
3277 2647 3509 2716 amplius

252 2728 398 2783 haud
446 2734 808 2798 permittetur.
860 2734 1023 2791 Forte
1076 2745 1259 2796 autem
1301 2750 1524 2810 propter
1596 2744 2039 2813 congressionem
2105 2760 2227 2800 cum
2293 2746 2517 2812 infideli,
2582 2748 2783 2817 majore
2854 2744 3272 2815 reprehensione
3326 2741 3509 2796 diaco-

250 2820 399 2876 Iissa
429 2824 586 2893 digna
616 2836 721 2885 est.

324 2914 543 2969 ΔΡῙΣΤ.
580 2919 836 2983 Διάκονος
876 2920 1097 2989 Ἕλληνι
1156 2926 1548 2996 πορνευοεῐσα,
1600 2928 1695 2981 καὶ
1737 2946 1832 2995 με-

248 3005 556 3074 ταγνοῦσα,
594 3010 889 3065 ἑπταετίαν
921 3013 1297 3071 ὑποπιπτέτω.

339 3098 472 3151 Ἰδοὺ
506 3100 741 3155 ἐνταῦθα
767 3103 862 3157 δύο
892 3106 962 3157 τὰ
996 3108 1246 3177 ἐπιτίμια
1274 3124 1286 3137 ·
1321 3111 1696 3177 μετακινεϊτατ
1725 3113 1831 3181 γάρ

250 3187 350 3241 τοῦ
396 3190 609 3262 βαθμοῦ
659 3196 826 3265 αὐτῆς
863 3200 896 3267 ἠ
929 3196 1198 3265 διάκονος,
1236 3199 1344 3255 και
1375 3202 1468 3255 ἐπὶ
1510 3202 1652 3255 ἑπτά
1687 3202 1833 3256 ιτεσι

250 3281 357 3349 τὴν
393 3284 713 3356 ἐπιτίμησιν
742 3287 981 3356 δέχεται,
1015 3292 1105 3343 καὶ
1136 3291 1244 3344 τῶν
1281 3292 1442 3345 θείων
1475 3294 1836 3363 άγιασμάτων

257 3374 577 3445 ἱστόρηται,
634 3380 724 3432 διά
780 3380 839 3432 τὸ
904 3382 1043 3447 μετὰ
1061 3382 1365 3455 -Ἕλληνος
1421 3383 1837 3455 συμπορνεῦσαι

266 3465 463 3537 αὐτήν.

846 3564 1084 3617 ΚΑΝΟΝ
1124 3567 1257 3620 ME’.

270 3648 399 3706 Ἐάν
443 3666 546 3714 τις,
586 3652 645 3705 τὸ
673 3652 846 3723 ϐνομα
871 3654 1053 3707 λαϐὼν
1077 3655 1170 3712 τοῦ
1207 3658 1665 3729 Χριστιανισμοῦ,
1720 3660 1839 3713 ενο-

276 3741 498 3814 νϐρίζῃ
544 3744 635 3797 τὸν
689 3746 950 3817 Χριστὸν,
979 3747 1132 3801 οὐδὲν
1171 3749 1362 3817 δφελος
1397 3751 1547 3823 αὑτῷ
1582 3752 1690 3807 άπὸ
1741 3755 1841 3824 τῆς

332 3835 735 3905 προσηγορίας.

331 3924 432 3990 Ti;
455 3927 706 3994 ἄπιστος,
732 3929 1050 3998 βαπτισθεὶς
1076 3934 1170 3987 καὶ
1200 3934 1453 3999 ἀξιωθεὶς
1472 3932 1567 3988 τοῦ
1586 3933 1843 4003 λέγεσθαι

261 4015 613 4083 Χριστιανὸς,
642 4013 756 4089 εἶχε
792 4021 891 4089 μὲν
915 4021 1014 4089 τὴν
1037 4023 1119 4087 εῑς
1152 4022 1286 4075 Θεὸν
1314 4023 1597 4094 δρθόδοξον
1636 4025 1843 4089 πίστιν,

258 4108 365 4159 οὐκ
398 4106 635 4175 ἔπραττε
666 4111 723 4163 δι
756 4113 852 4165 καὶ
882 4114 949 4165 τά
992 4113 1103 4165 τῶν
1155 4112 1502 4185 Χριστιανῶν
1534 4113 1692 4185 ιργα.
1727 4116 1845 4169 ἀλλ’

260 4200 526 4263 ἐκάκιζεν
553 4201 684 4265 ἴσως
719 4204 1047 4273 παραδόσεις
1068 4206 1531 4274 ἐκκλησιαστικάς
1555 4208 1649 4259 καὶ
1683 4224 1847 4260 κανο-

259 4289 453 4352 νικοὺς
498 4290 836 4361 διορισμοὺς,
875 4296 1297 4365 προτιμώμενος
1327 4296 1423 4361 τάς
1460 4296 1570 4350 τῶν
1601 4297 1847 4350 ἀπίστων

259 4384 553 4452 ἔργασίας,
585 4385 681 4439 καὶ
722 4388 1153 4457 τοιουτοτρόπως
1200 4388 1440 4458 ὑϐρίζων
1466 4388 1559 4442 τδν
1588 4388 1844 4459 Χριστόν.

2013 2932 2238 2988 ARIST.
2298 2933 2616 2989 Diaconissa
2674 2947 2796 2987 cum
2852 2930 3037 3000 gentili
3091 2929 3395 2991 fornicata,
3455 2938 3506 2981 et

1943 3025 2296 3092 resipiscens,
2330 3026 2615 3093 septentrio
2648 3024 3045 3078 substernatur.

2009 3118 2151 3171 Ecce
2194 3117 2280 3171 hic
2325 3118 2431 3169 duo
2487 3118 2772 3185 supplicia.
2822 3116 3131 3170 Diaconissa
3180 3116 3321 3169 enim
3370 3123 3423 3167 et
3480 3129 3507 3167 a

1939 3211 2104 3277 gradu
2138 3223 2236 3264 suo
2265 3221 2539 3273 movetur,
2585 3218 2638 3261 et
2666 3218 2869 3277 septem
2914 3222 3085 3261 annos
3134 3208 3305 3274 poenis
3342 3206 3511 3273 subji-

1940 3301 2103 3365 citur,
2157 3312 2209 3354 et
2264 3300 2461 3353 divinis
2520 3299 2875 3355 sacramentis
2925 3300 3188 3373 privatur,
3234 3297 3358 3366 quia
3409 3297 3511 3350 ista

1940 3406 2061 3443 cum
2090 3390 2275 3459 gentili
2308 3390 2571 3445 fornicata
2598 3401 2701 3445 est.

2405 3568 2558 3637 103
2608 3564 2835 3620 canon
2889 3563 3052 3618 xLV.

1945 3662 1999 3716 Si
2060 3662 2182 3730 quis
2227 3671 2449 3729 acct'pto
2510 3658 2727 3711 nomine
2783 3655 3182 3711 Christiamsmi
3236 3654 3509 3709 Christum

2015 3753 2339 3809 contumelia
2402 3750 2585 3817 aﬂicit,
2639 3750 2785 3805 nulla
2860 3760 2943 3805 est
3008 3749 3083 3804 illi
3140 3745 3514 3818 appellationis

2018 3845 2243 3901 utilitas.

2016 3936 2213 3990 BALS.
2271 3935 2509 3990 Inﬁdelis
2543 3935 2811 4005 quispiam
2849 3934 3175 4004 baptizatus,
3226 3943 3280 3986 et
3322 3931 3516 3998 dignus

1947 4028 2162 4083 habitus
2186 4028 2274 4095 qui
2313 4027 2655 4081 Christianus
2684 4027 2982 4088 diceretur,
3004 4025 3057 4078 in
3100 4022 3267 4076 Deum
3296 4022 3511 4090 quidem

1948 4119 2319 4173 ﬁdentbahuit
2352 4118 2731 4182 orthodoxam,
2782 4132 2889 4171 non
2941 4116 3134 4185 agebat
3195 4123 3371 4168 autem
3428 4128 3516 4167 se-

1946 4209 2181 4264 cundum
2225 4223 2389 4276 opera
2436 4206 2917 4281 Christianorum,
2979 4205 3074 4259 sed
3120 4205 3518 4260 ecclesiasticas

1950 4298 2090 4354 forte
2122 4299 2466 4363 traditiones,
2498 4307 2554 4352 et
2585 4297 2878 4352 canonicas
2926 4296 3275 4351 deﬁnitiones
3311 4297 3518 4363 vitupe-

1951 4391 2151 4453 rabat,
2202 4388 2499 4444 inﬁdelium
2561 4388 2907 4458 operationes
2956 4388 3249 4457 praeferens
3278 4427 3293 4450 ,
3342 4395 3396 4441 et
3454 4401 3519 4441 eo

274 4474 571 4545 Ἥρωτήθη
595 4471 689 4529 οὗν
714 4477 742 4529 6
766 4478 944 4545 ἅγιος,
992 4479 1043 4531 ει
1085 4479 1172 4531 διὰ
1208 4478 1385 4533 ταῦτα
1425 4480 1454 4531 6
1478 4480 1718 4543 τοιοῦτος
1740 4481 1848 4536 ἀπὸ
1881 4476 1925 4531 D

1881 4476 1925 4531 D
1956 4482 2117 4535 modo
2174 4478 2449 4535 Christum
2485 4478 2683 4550 injuria
2732 4477 2988 4535 afﬁciens.
3026 4478 3394 4543 interrogatus
3440 4487 3520 4530 est

262 4564 368 4635 τῆς
415 4566 524 4619 τῶν
577 4568 787 4621 πιστῶν
814 4568 1138 4623 ικϐάλλεται
1169 4568 1519 4640 όμηγύρεως,
1568 4571 1599 4639 ἢ
1645 4572 1847 4640 μᾶλλον

262 4657 479 4725 ὀφείλει
570 4658 960 4721 άκαταιτίατος
1034 4659 1216 4726 εῖναι,
1280 4661 1357 4726 ὡς
1410 4662 1510 4731 τὴν
1562 4662 1846 4733 όρθόδοξον

263 4749 456 4801 πίστιν
489 4750 911 4820 αίρετισάμενος
945 4768 956 4781 ·
996 4753 1093 4805 καὶ
1134 4746 1290 4806 εἶπεν
1341 4753 1425 4807 δτι
1452 4752 1513 4806 τὸ
1542 4753 1728 4807 λαϐεῖν
1757 4755 1846 4810 διά

262 4839 361 4893 τοῦ
401 4838 785 4911 βαπτίσματός
813 4859 935 4897 τινα
976 4842 1310 4909 Χριστιανοῦ
1333 4844 1505 4914 ϐνομα
1525 4845 1625 4900 οὐκ
1646 4846 1850 4915 ὠφελεῖ

260 4931 458 4991 αὐτὸν.
481 4934 577 4987 δάν
614 4935 688 5005 μὴ
726 4940 785 4989 ἐν
816 4938 970 4990 πᾶσι
1006 4938 1149 4991 κατά
1195 4940 1320 5001 τοὺς
1351 4939 1665 5012 όρθοδόεους
1690 4942 1846 4994 πολι-

262 5025 513 5078 τεὺεται.
566 5026 656 5093 ἐξ
714 5029 965 5099 ἀνάγκης
1015 5026 1130 5096 οὖν,
1161 5030 1236 5093 ῶς
1279 5049 1332 5085 τι
1384 5032 1620 5101 σεσηπδς
1663 5032 1844 5101 μέλος,

263 5117 539 5187 ὲκκοπείη
571 5120 679 5173 άπὸ
705 5120 805 5191 τῆς
857 5121 1181 5193 ὁλοκληρίας
1229 5123 1325 5177 τοῦ
1369 5123 1555 5192 ὑγιοῦς
1590 5124 1846 5194 σώματος

261 5209 665 5281 Χριστωνύμου
690 5212 846 5279 λαοῦ,
864 5216 1161 5279 τουτέστιν,
1180 5215 1305 5269 οὔτε
1326 5215 1683 5277 ικκλησιάσει
1707 5216 1846 5284 μετά

264 5300 376 5354 τῶν
407 5299 778 5369 Χριστιανῶν,
814 5303 939 5357 οὔτε
988 5308 1101 5370 τοῖς
1154 5304 1252 5360 τοῦ
1302 5305 1696 5376 Χριστιανικοῢ
1738 5322 1852 5359 ποι-

271 5392 436 5460 μνίου
490 5394 789 5462 προϐάτοις
848 5398 1408 5467 συναριθμηθήσεται.
1462 5398 1524 5451 Et
1568 5398 1626 5451 δὲ
1677 5396 1850 5461 θέλεις

269 5484 615 5554 ἑρμηνεῦσαι
644 5487 736 5542 τδν
771 5489 973 5541 κανόνα
1029 5490 1122 5542 καὶ
1153 5490 1351 5555 άλλως,
1404 5490 1489 5543 ὅτι
1532 5489 1591 5542 οὐ
1647 5488 1851 5559 κυρίως

267 5576 656 5645 Χριστιανδςό
700 5578 775 5648 μὴ
819 5579 920 5642 τὰς
959 5579 1179 5642 ἐντολὰς
1217 5580 1312 5633 τοῦ
1363 5579 1605 5651 Χριστοῦ
1655 5580 1846 5645 ποιῶν,

268 5669 371 5739 οὐχ
396 5668 544 5733 ἕξεις
571 5669 632 5723 τὸ
661 5671 935 5741 ιμποδών.
972 5672 1111 5741 Φησὶ
1144 5672 1252 5743 γάρ
1286 5677 1382 5725 καὶ
1407 5674 1435 5725 6
1463 5673 1615 5740 άγιος
1662 5673 1847 5728 Ἰάκω·

270 5759 366 5823 ϐος
414 5762 444 5813 6
490 5758 808 5829 άδελφόθεος
867 5766 925 5816 ὲν
977 5766 1042 5835 τῇ
1107 5762 1395 5834 Ἐπιστολῇ
1448 5762 1613 5818 αὑτοῦ
1663 5762 1805 5817 οὕτω
1833 5781 1844 5794 ·

277 5853 341 5906 τί
371 5852 437 5906 ad
470 5852 707 5923 ὄφελος,
755 5852 1008 5924 ἀδελφοί
1041 5871 1181 5924 μου,
1214 5856 1322 5910 ἐὰν
1350 5857 1559 5910 πίστιν
1584 5872 1669 5921 τις
1702 5855 1849 5925 λέγῃ

1952 4585 2083 4640 ergo
2116 4579 2360 4635 sanctus,
2406 4585 2475 4625 an
2533 4571 2579 4625 is
2606 4581 2888 4642 propterea
2925 4585 2954 4623 a
2992 4568 3227 4623 ﬁdelium
3281 4582 3522 4622 commu-

1953 4664 2115 4717 nione
2138 4664 2458 4733 expellatur,
2482 4677 2551 4717 an
2605 4662 2787 4732 potius
2844 4675 3183 4730 nequaquam
3241 4659 3311 4712 sit
3363 4673 3518 4713 accu-

1951 4756 2177 4818 sandus,
2216 4762 2272 4808 ut
2302 4754 2391 4822 qui
2418 4752 2577 4807 ﬁdem
2608 4753 2964 4808 orthodoxam
3001 4751 3266 4817 elegerit;
3298 4758 3351 4804 et
3386 4751 3522 4803 dixit

1951 4846 2097 4913 quod
2157 4844 2404 4914 accipere
2474 4843 2709 4913 aliquem
2764 4846 2875 4911 'per
2938 4842 3269 4911 baptismum
3327 4855 3519 4895 nomen

1950 4935 2251 4992 Christiani
2299 4935 2473 5003 ipsum
2519 4948 2626 4989 non
2656 4932 2831 5003 juvat,
2891 4933 2994 4987 nisi
3034 4934 3087 4986 in
3137 4933 3408 4994 omnibus,
3461 4942 3521 4986 ut

1950 5043 2049 5097 par
2075 5026 2361 5097 est,juxta
2395 5025 2749 5091 orthodoxos,
2786 5025 2952 5079 vitam
2990 5024 3276 5078 instituat:
3337 5038 3524 5077 neces-

1950 5118 2096 5172 sario
2148 5131 2279 5187 ergo
2305 5126 2367 5170 ut
2405 5117 2705 5171 membrum
2756 5115 3027 5185 putridqu
3087 5116 3156 5169 ab
3216 5115 3525 5186 integritate

1949 5209 2303 5266 esscindetur
2351 5210 2470 5263 sani
2506 5210 2751 5279 corporis
2798 5208 3093 5264 Christiani
3146 5208 3363 5278 populi:
3424 5207 3525 5260 hoc

1948 5309 2035 5356 est
2065 5316 2243 5371 neque
2272 5316 2395 5356 cum
2428 5300 2759 5355 Christianis
2786 5301 2838 5354 in
2896 5298 3138 5353 Ecclesia
3199 5298 3523 5359 versabitur,

1951 5410 2127 5463 neque
2154 5395 2332 5465 gregis
2378 5394 2672 5450 Christiani
2703 5394 2895 5448 ovibus
2936 5391 3440 5447 conttumerabitur.
3467 5388 3523 5443 Si

1950 5488 2085 5543 velis
2132 5498 2311 5544 autem
2360 5501 2622 5541 canonem
2671 5486 2829 5540 aliter
2886 5500 3098 5556 quoque
3159 5482 3525 5553 interpretari,

1951 5578 2093 5646 quod
2147 5594 2251 5633 non
2282 5587 2363 5633 est
2422 5580 2639 5649 proprie
2699 5579 3062 5642 Christianus,
3116 5577 3208 5645 qui
3246 5590 3349 5630 nou
3402 5573 3531 5627 facit

1957 5670 2206 5724 mandata
2237 5668 2464 5736 Christi,
2493 5670 2625 5725 nihil
2665 5670 2885 5725 vetahit.
2929 5670 3067 5723 Dicit
3124 5668 3266 5723 enim
3306 5676 3527 5720 sanctus

1958 5761 2188 5817 Jacobtts
2223 5762 2392 5817 frater
2425 5765 2513 5818 Dei
2550 5765 2600 5817 in
2633 5779 2724 5817 sua
2761 5762 2993 5831 Epistola
3023 5762 3121 5814 hoc
3150 5760 3309 5813 modo
3346 5775 3357 5810 :
3392 5756 3527 5823 Quid

1951 5854 2120 5921 juvat,
2150 5856 2339 5924 fratres
2371 5858 2487 5922 mei,
2511 5856 2556 5910 εἰ
2579 5857 2691 5925 quis
2718 5872 2768 5909 ac
2791 5854 2945 5922 ﬁdem
2976 5852 3159 5906 habere
3185 5852 3349 5916 dicat,
3375 5866 3529 5920 opera
