4224 6446
707 352 818 433 127

1980 372 2266 435 THEOD.
2302 375 2710 443 BALSAMON

3862 392 3981 465 ⁷28

783 471 926 524 sicut
970 480 1024 528 et
1066 486 1093 523 a
1156 471 1431 545 Bouiania,
1471 476 1699 547 alicujus
1731 487 2050 538 mconomic
2085 484 2288 554 gratia,

2466 493 2808 566 ὗαπτισμοῦ,
2843 497 3037 571 ὥσπερ
3069 497 3166 555 οὗν
3210 502 3308 564 καὶ
3343 504 3500 574 παρὰ
3542 504 3869 573 Ῥωμαίοις,
3899 507 3986 558 0i-

784 574 972 619 nostra
1016 572 1197 619 tamen
1224 567 1366 621 ratio
1389 569 1533 625 vires
1562 572 1827 638 obtineat,
1846 574 2287 644 quandoquidem

781 667 863 709 est
896 654 1056 710 veluti
1089 656 1561 714 Marcionistarum
1615 676 1838 729 germen
1872 679 2059 720 eorum
2120 668 2291 721 inere-

781 748 879 808 ais.
922 751 1138 817 nuptias
1162 749 1596 816 abhorrentium,
1617 765 1673 808 et
1705 756 1888 812 vinum
1917 763 2287 817 aversantium

777 850 831 894 et
889 840 979 893 Dei
1036 853 1344 900 creaturam
1409 844 1743 915 inquinatam
1795 865 1916 903 esse
1962 853 2287 920 dicentium,

780 946 874 988 eos
904 932 1071 1000 igitur
1106 934 1159 986 in
1194 934 1489 990 Ecclesiam
1520 951 1627 991 non
1683 940 2020 998 admittimus
2082 946 2185 999 nisi
2234 948 2287 1001 in

781 1032 1029 1077 nostrum
1063 1024 1393 1092 baptismum
1428 1029 1689 1097 baptiaati
1736 1032 1955 1088 fuerint.
1996 1034 2073 1090 Ne
2092 1036 2278 1094 dicnnt

780 1116 951 1179 enim,
986 1116 1043 1169 in
1080 1114 1319 1187 Patrem,
1356 1130 1408 1174 et
1465 1121 1681 1188 Filium,
1732 1136 1786 1179 et
1842 1126 2106 1195 Spiritum
2161 1146 2258 1183 san

788 1216 937 1261 ctum
993 1207 1255 1277 baptizati
1299 1226 1514 1276 sumus,
1552 1215 1644 1283 qui
1669 1216 1887 1284 quidem
1946 1218 2112 1274 Deum
2144 1236 2290 1277 esse

780 1300 1050 1354 malorum
1080 1301 1390 1359 eﬂectorem
1420 1306 1757 1373 existimant,
1793 1309 1969 1364 instar
1993 1312 2289 1368 Marcionis

780 1404 835 1446 et
861 1394 1194 1461 reliquarum
1225 1396 1533 1452 baeresium.
1568 1399 1934 1465 Quamobrem
1960 1403 2005 1459 si
2044 1404 2147 1459 hoc
2171 1405 2289 1474 ρισ-

778 1483 975 1546 cuerit,
1028 1494 1239 1553 oportet
1289 1487 1474 1556 plures
1523 1492 1817 1545 convenire
1874 1495 2177 1562 episcopos.
2235 1506 2291 1549 et

780 1576 861 1630 sic
912 1591 1180 1629 cauonem
1214 1592 1509 1647 exponere,
1542 1591 1597 1634 ut
1625 1592 1676 1634 et
1707 1583 1752 1636 is
1782 1584 1873 1651 qui
1900 1585 2027 1639 fecit
2059 1586 2129 1639 sit
2185 1604 2279 1640 ex-

768 1678 857 1722 tra
890 1668 1210 1735 periculum,
1246 1670 1407 1741 105
1438 1680 1493 1726 et
1521 1673 1611 1742 qui
1643 1678 1953 1745 respondet,
1982 1678 2033 1731 in
2063 1694 2291 1750 respon-

786 1760 939 1817 sione
962 1760 1031 1816 de
1063 1761 1150 1819 bis
1182 1762 1284 1823 [ide
1317 1764 1510 1833 dignus
1539 1767 1823 1827 habeatur.

782 2040 976 2096 BALS.
1011 2040 1243 2107 Quinam
1276 2042 1384 2098 sint
1404 2043 1716 2110 Encratitae,
1766 2046 2123 2118 Saccopbori,
2152 2050 2295 2117 Apo-

715 2135 940 2194 tactitm.
988 2132 1301 2199 Novatiani,
1332 2144 1386 2197 et
1417 2135 1794 2203 Marcionistz,
1822 2150 1879 2196 et
1909 2156 2157 2209 quamam
2186 2142 2294 2196 sint

710 2228 825 2281 hac
854 2227 1142 2280 haresium
1169 2241 1391 2293 genera,
1423 2227 1475 2280 in
1507 2228 1741 2284 diversis
1767 2233 2060 2285 canonibus
2088 2232 2292 2286 dictum

710 2326 814 2371 est.
842 2315 1091 2374 Prasens
1121 2328 1299 2371 autem
1331 2332 1503 2371 can0n
1536 2333 1640 2372 non
1670 2327 1795 2388 eget
1820 2321 2286 2387 interpretatione,

707 2408 834 2477 quia
865 2422 966 2461 nec
996 2417 1053 2460 ut
1076 2409 1356 2462 decretum
1391 2422 1422 2461 a
1452 2418 1642 2462 sancto
1688 2411 1948 2477 scriptum
1978 2422 2083 2473 est,
2118 2414 2210 2465 sed
2238 2421 2295 2464 ut

709 2500 995 2554 sententia:
1025 2499 1195 2568 ipsius
1223 2499 1537 2568 explicatio.
1576 2500 1895 2571 Legitimam
1923 2504 2066 2558 enim
2095 2504 2298 2559 consti—

712 2593 975 2648 tutionem
1008 2595 1072 2646 ad
1096 2592 1412 2660 synodalem
1439 2593 1805 2647 deﬁnitionem
1828 2596 2055 2649 remisit.
2079 2595 2158 2651 'l'u
2198 2612 2297 2649 au-

714 2696 821 2740 tem
850 2684 967 2754 lege
994 2699 1191 2740 canon.
1228 2685 1258 2737 ’1
1293 2700 1417 2756 syn.
1447 2687 1483 2740 2
1522 2699 1576 2742 et
1606 2688 1755 2742 disce
1777 2688 1999 2757 quinam
2033 2704 2098 2743 ex
2124 2690 2301 2743 bare-

716 2778 840 2831 ticis
886 2776 1249 2847 baptizantur,
1279 2788 1566 2849 postquam
1617 2782 1819 2851 recepti
1863 2781 2065 2837 fuerint
2096 2790 2151 2837 et
2204 2780 2296 2851 qui

712 2884 845 2924 non.

784 2958 1043 3015 ZONAR.
1087 2958 1200 3015 Hoc
1230 2959 1372 3021 loco,
1402 2962 1489 3013 vir
1520 2969 1762 3024 sanctus,
1800 2959 2132 3015 Novatianos
2163 2975 2299 3028 quo-

712 3069 821 3124 que
852 3070 974 3109 cum
1018 3052 1160 3113 aliis.
1206 3051 1646 3120 quandocuuque
1692 3067 1750 3107 sc
1780 3051 2040 3107 Ecclesia:
2082 3053 2300 3116 sistant,

2474 589 2741 657 κονομίας
2756 592 2899 654 τινὸς
2919 593 3107 655 ἓνεκα,
3141 593 3261 647 ἀλλ’
3287 595 3316 653 ό
3350 594 3619 665 ἡμέτερος
3639 596 3798 662 λόγος
3824 598 3988 666 ἰσχὺν

2461 677 2655 745 ἐχέτω,
2689 681 2770 739 δτι
2806 723 2821 747 ,
2856 684 3042 757 ἐπειδὴ
3094 684 3287 755 ὥσπερ
3344 687 3786 758 Μαρκιωνιστῶν
3832 690 3990 742 ἐστιν

2468 768 2908 843 αὐτοσλάστημα
2950 775 2983 843 ὴ
3019 774 3146 827 κατ’
3195 778 3399 849 αὐτοὺς
3439 779 3656 848 αἵρεσις
3694 778 3988 846 βδελυσσο-

2468 861 2651 932 μένων
2689 864 2784 917 τὸν
2825 866 3003 934 γάμον
3032 868 3127 920 καὶ
3155 870 3657 938 ἀποστρεφομένων
3685 871 3780 923 τὸν
3810 867 3982 936 οἶνον,

2464 954 2563 1006 καὶ
2607 955 2708 1026 τὴν
2743 958 2923 1009 κτίσιν
2953 957 3049 1010 τοῦ
3081 958 3219 1011 Θεοῦ
3255 963 3655 1031 μεμιασμένην
3705 959 3854 1015 εἶναι
3899 962 3988 1014 λε-

2461 1046 2688 1113 γόντων,
2736 1049 2797 1101 οὐ
2844 1049 3117 1120 δεχόμεθα
3150 1051 3246 1106 οῦν
3272 1052 3471 1115 αὐτοὺς
3505 1055 3584 1115 εἰς
3636 1054 3733 1124 τὴν
3780 1055 3992 1121 ἐκκλη-

2464 1140 2609 1203 σίαν,
2655 1141 2751 1193 ἐὰν
2784 1141 2860 1211 μὴ
2916 1143 3292 1211 βαπτισθιῖωιν
3340 1146 3423 1207 είς
3473 1144 3532 1196 τὸ
3574 1146 3850 1213 ἡμέτερον
3882 1146 3984 1214 βά-

2464 1244 2700 1299 πτισμα.
2737 1232 2827 1301 Μὴ
2858 1233 2966 1302 γὰρ
2996 1234 3307 1300 λεγέτωσαν
3337 1234 3422 1287 δτι
3476 1234 3571 1295 Είς
3628 1235 3852 1303 Πατέρα
3887 1236 3983 1286 καὶ

2465 1320 2617 1385 Υῑδν,
2673 1322 2771 1375 καὶ
2820 1322 2976 1389 ἃγιον
3030 1325 3258 1394 Πνεῦμα
3311 1326 3753 1395 ἐϐαπτίσθημεν,
3812 1328 3871 1378 οἵ
3922 1345 3983 1393 γε

2464 1412 2656 1465 κακῶν
2682 1416 2915 1492 ποιητὴν
2945 1416 3333 1485 ὑποτιθέμενοι
3357 1418 3449 1472 τὸν
3471 1419 3633 1481 Θεὸν,
3664 1418 3988 1487 ἐφαμίλλως

2459 1504 2537 1574 τῷ
2567 1504 2862 1572 Μαρκίωνι
2915 1510 3011 1559 καὶ
3040 1510 3162 1569 ταῖς
3192 1508 3409 1570 λοιπαῖς
3462 1510 3763 1578 αἱρέσεσιν.
3821 1510 3987 1561 Ὠστε

2465 1596 2561 1649 ἐὰν
2580 1597 2754 1670 ἀρέσῃ
2776 1596 2954 1661 τοῦτο,
2975 1599 3060 1652 δετ
3084 1599 3337 1662 πλείονας
3358 1601 3694 1663 ἐπισκόπους
3718 1602 3776 1652 ἐν
3798 1600 3991 1667 ταύτῷ

2465 1690 2745 1756 γενέσθαι,
2778 1691 2874 1744 καὶ
2902 1691 3077 1752 οὕτως
3112 1691 3370 1744 ἐκθέσθαι
3402 1691 3492 1743 τὸν
3521 1690 3744 1752 κανόνα,
3772 1692 3866 1743 ἵνα
3898 1692 3993 1742 καὶ

2462 1782 2541 1851 τῷ
2590 1784 2879 1853 ποιήσαντι
2937 1782 2996 1835 τὸ
3048 1782 3343 1837 ἀκίνδυνον
3371 1780 3429 1856 ᾗ,
3464 1786 3559 1836 καὶ
3610 1784 3639 1835 ό
3687 1784 3991 1852 ἀποκρινό-

2470 1891 2630 1949 μενος
2691 1876 2755 1941 τδ
2812 1874 3135 1943 ἀξιόπιστον
3192 1876 3294 1950 ἔχῃ
3349 1877 3410 1928 ἐν
3463 1879 3530 1947 τῇ
3585 1878 3714 1947 περὶ
3778 1877 3993 1929 τούτων

2465 1968 2780 2040 ἀποκρίσει.

2465 2053 2662 2109 ΒΔΛΣ.
2697 2054 2854 2120 Τίνες
2886 2056 3025 2111 τισὶν
3057 2054 3108 2109 οι
3135 2056 3507 2125 Ἐγκρατῖται.
3540 2055 3589 2108 0i
3621 2054 3991 2124 Σακκοφόροι,

2395 2149 2445 2203 0i
2479 2148 2892 2213 Ἀποτακτῐται,
2933 2152 2981 2203 0i
3024 2148 3387 2211 Ναυατιανοὶ,
3432 2147 3528 2199 καὶ
3571 2148 3620 2198 0i
3665 2145 3991 2216 Μαρκιωνι-

2397 2242 2545 2306 σταὶ,
2574 2242 2671 2294 καὶ
2697 2242 2827 2294 ποτα
2851 2244 2924 2293 τὰ
2945 2241 3065 2309 σίδη
3095 2239 3207 2292 τῶν
3233 2240 3504 2309 αἱρέσεων
3533 2237 3735 2301 αὐτῶν,
3768 2235 3991 2304 εἴρηται

2398 2335 2458 2386 ἐν
2481 2334 2766 2403 διαφόροις
2795 2335 3039 2387 κανόσιν.
3074 2333 3133 2385 ’0
3160 2332 3217 2385 δὲ
3248 2329 3444 2399 παρὼν
3476 2330 3656 2382 κανὼν
3684 2327 3995 2397 ἑρμηνείας

2398 2424 2461 2480 οὐ
2483 2424 2660 2477 δέεται
2676 2442 2690 2457 ο
2714 2425 2852 2477 διότι
2874 2424 2996 2477 οὺδέ
3021 2424 3095 2487 ὡς
3115 2424 3239 2493 ὅρος
3261 2422 3479 2492 ἐγράφη
3506 2421 3657 2489 παρὰ
3680 2418 3778 2472 τοῦ
3804 2418 3995 2486 ἁγίου,

2398 2518 2520 2571 ἀλλ’
2542 2516 2618 2579 ὡς
2644 2518 3037 2585 γνωματευμα.
3064 2516 3178 2584 Τὴν
3204 2515 3313 2585 γὰρ
3340 2512 3701 2581 θεσμοθεσίαν
3727 2511 3811 2573 είς
3841 2525 3991 2560 συνο-

2400 2606 2551 2663 δικδν
2588 2606 2873 2675 διορισμὸν
2918 2609 3213 2659 ἀπέλυσεν.
3282 2606 3354 2659 Σὺ
3396 2606 3453 2656 δέ
3494 2602 3772 2669 ἀνάγνωθι
3813 2602 3915 2653 τὸν
3956 2603 4001 2662 ζ’

2402 2700 2604 2755 κανόνα
2638 2701 2737 2768 τῆς
2770 2698 3039 2767 δευτέρας
3074 2698 3320 2759 συνόδου,
3356 2698 3451 2749 καὶ
3490 2696 3667 2765 μάθῃς
3698 2696 3854 2755 τίνες
3891 2695 4002 2745 ἀπο

2402 2794 2513 2847 τῶν
2537 2793 2833 2863 αίρετικῶν
2862 2792 3001 2861 μετὰ
3029 2790 3286 2861 δεχθῆναι
3317 2788 3695 2859 βαπτίζονται,
3726 2785 3825 2839 καὶ
3852 2786 4002 2843 τίνες

2404 2886 2465 2939 οὐ
2502 2884 2883 2953 βαπτίζονται.

2478 2975 2721 3030 ΖΩΝΑΡ.
2760 2974 3024 3037 Ἐνταῦθα
3061 2976 3089 3028 ό
3130 2974 3282 3041 ᾶγιος
3315 2974 3441 3034 τοὺς
3482 2970 3864 3032 Ναυατιανοῦς
3907 2970 4004 3039 βα-

2407 3066 2695 3130 πτίζεσθαι
2724 3066 3016 3135 διορίζεται
3041 3106 3055 3123 .
3090 3066 3232 3135 μετὰ
3262 3065 3369 3114 τῶν
3401 3063 3579 3115 ἄλλων
3613 3062 4005 3130 προσερχομέ-

713 3143 1073 3214 baptizandus
1107 3157 1230 3197 esse
1275 3143 1546 3205 decernit.
1604 3144 1802 3214 quippe
1829 3146 1919 3213 qui
1966 3146 2105 3201 forte
2151 3146 2283 3199 Mar-

2414 3175 2523 3221 ρους
2551 3160 2620 3228 τῇ
2655 3158 2973 3227 Ἐκκλησία,
3004 3156 3131 3217 τοὺς
3159 3154 3233 3214 ὼς
3264 3154 3405 3221 τάχα
3438 3152 3775 3221 φρονοῦντας
3808 3153 3878 3204 τὰ
3910 3151 4005 3203 τοῦ

715 3237 891 3294 ciouis
925 3238 1141 3308 placitis
1179 3239 1572 3293 adluaarcscaut.
1598 3237 1874 3307 Scptimus
1901 3254 2082 3295 autem
2126 3257 2299 3296 canon

718 3327 977 3383 secunda
1010 3328 1225 3397 synodi,
1263 3327 1389 3381 dum
1425 3342 1520 3381 eos
1552 3330 1639 3396 qui
1677 3344 1801 3383 cum
1846 3331 1962 3385 solo
2009 3330 2305 3384 chrismate

717 3418 1038 3474 admittendi
1087 3430 1212 3473 sunt
1246 3430 1516 3483 numerat,
1549 3436 1669 3473 cum
1704 3423 1770 3475 iis
1813 3420 2144 3476 Novatianos
2174 3438 2307 3490 quo-

717 3525 821 3580 que
853 3522 1161 3581 percenset.
1198 3511 1431 3567 Omnino
1477 3528 1607 3568 vero
1649 3516 1876 3569 canonis
1924 3514 2068 3569 illius
2110 3516 2303 3570 delini-

722 3605 853 3658 tioni
886 3615 1031 3658 stare
1064 3614 1302 3673 oportet,
1349 3606 1547 3673 quippe
1582 3606 1671 3673 qui
1703 3617 1758 3661 et
1789 3608 2061 3673 posterior
2109 3593 2218 3671 est,
2252 3616 2309 3661 et

719 3711 750 3749 a
786 3698 994 3766 synodo
1024 3698 1202 3753 editus
1238 3717 1251 3752 :
1288 3707 1340 3753 et
1366 3699 1491 3767 quia
1538 3714 1603 3752 ne
1629 3714 1858 3768 magnus
1905 3700 2123 3768 quidem
2151 3698 2309 3752 Basi-

722 3790 851 3852 lius,
879 3790 1023 3844 hunc
1051 3790 1226 3857 {veluti
1271 3804 1531 3844 cauoncm
1578 3793 1971 3858 pronuntiavit.
2026 3793 2120 3846 sed
2153 3808 2308 3847 suam

726 3873 1077 3946 sententiam,
1102 3890 1343 3965 rogatus,
1364 3883 1579 3951 aperuit
1610 3899 1623 3935 :
1657 3881 1853 3936 deinde
1884 3882 2089 3945 subdit,
2122 3869 2312 3951 quem-

724 3973 1014 4028 admodum
1059 3981 1114 4027 et
1161 3974 1313 4040 ipse,
1359 3973 1412 4025 in
1458 3973 1735 4041 proposita
1792 3973 2112 4043 quastione,
2170 3974 2310 4026 haud

728 4068 887 4134 plane
931 4065 1275 4132 exploratum
1304 4065 1500 4118 habeat
1538 4065 1665 4132 quid
1711 4066 1932 4127 sentiat,
1974 4063 2079 4117 illis
2110 4066 2311 4128 verbis,

2405 3251 2755 3319 Μαρκίωνος.
2790 3249 2851 3303 '0
2879 3249 2936 3302 δὲ
2960 3248 3061 3316 τῆς
3090 3246 3348 3314 δευτέρας
3380 3245 3600 3296 συνόδου
3632 3243 3869 3318 ἕβδομος
3905 3259 4005 3295 κα-

2407 3343 2512 3396 νὼν
2544 3341 2881 3412 ἁπαριθμῶν
2912 3343 3037 3401 τοὺς
3071 3341 3337 3410 χρίσματι
3376 3338 3524 3407 μόνῳ
3558 3336 3882 3402 ὀφείλοντας
3919 3335 4007 3387 δέ·-

2407 3434 2599 3506 χεσθαι
2620 3472 2637 3498 ,
2674 3434 2769 3486 καὶ
2803 3434 2930 3495 τοὺς
2963 3432 3346 3491 Ναυατιανοῦς
3380 3429 3614 3491 ἐκείνοις
3650 3426 4006 3496 συναριθμεϊ.

2408 3527 2635 3589 Πάντως
2676 3524 3214 3595 δ’ἐπικρατέστερος
3254 3523 3281 3573 ό
3328 3521 3509 3575 κανὼν
3555 3520 3709 3572 ἔσται
3752 3519 4008 3577 ἐκεῖνος,

2408 3616 2496 3671 οἷα
2546 3616 3007 3687 μεταγενέστερος
3049 3616 3145 3669 καὶ
3192 3614 3503 3674 συνοδικός·
3550 3613 3643 3664 καὶ
3685 3613 3769 3664 ὅτι
3815 3611 3943 3663 οὺδέ
3984 3614 4013 3662 ὁ

2413 3710 2588 3779 μέγας
2614 3710 2893 3771 Βασίλειος
2942 3710 3017 3770 ὡς
3042 3708 3245 3760 κανόνα
3267 3697 3456 3758 τοῦτον
3478 3703 3851 3772 ἐξεφώνησεν,
3878 3702 4016 3754 ἀλλὰ

2409 3801 2511 3871 τὴν
2544 3802 2754 3853 οἰκείαν
2790 3799 3019 3868 γνώμην
3053 3798 3192 3867 πρὸς
3228 3798 3503 3865 ἐρώτησιν
3538 3795 3814 3863 ἐδήὶωσεν
3837 3812 3853 3826 ο
3893 3788 4017 3846 εἶτα

2414 3893 2717 3961 ἐπήγαγεν,
2744 3891 2934 3957 ὥσπερ
2958 3889 3051 3941 καὶ
3074 3888 3237 3948 αὐτὸς
3266 3887 3342 3955 μὴ
3371 3885 3603 3954 βεϐαίως
3628 3885 3768 3952 πρὸς
3790 3886 3855 3936 τδ
3882 3887 4019 3952 ἐρω-

2413 3984 2579 4055 τηθὲν
2622 3982 2988 4056 διακείμενος,
3008 3980 3091 4049 τὸ,
3124 3981 3311 4041 Ὥστε,
3349 3978 3446 4031 ἐὰν
3489 3976 3663 4046 ἀρέσῃ
3706 3975 3894 4037 τοῦτο,
3942 3976 4022 4027 δεῖ

2416 4077 2672 4139 πλείονας
2706 4075 3041 4137 ἐπισκόπους
3076 4075 3135 4125 ἐν
3166 4070 3359 4139 ταύτῷ
3394 4069 3674 4137 γενέσθαι,
3711 4068 3808 4120 καὶ
3843 4067 4021 4126 οὕτως

727 4158 1091 4225 Quamobrem
1122 4158 1165 4211 si
1197 4158 1297 4211 hoc
1330 4157 1619 4228 placuerit,
1674 4167 1891 4226 oportet
1926 4158 2109 4226 plures
2152 4158 2313 4212 simul

2417 4169 2676 4221 ἐκθέσθαι
2704 4168 2795 4220 τὸν
2825 4166 3047 4229 κανόνα,
3083 4165 3169 4217 ἵνα
3196 4163 3283 4217 διὰ
3311 4162 3406 4214 τοῦ
3440 4160 3667 4223 κανόνος
3699 4160 3810 4212 ὑπὸ
3840 4161 4023 4211 πλειόο

726 4264 850 4305 esse
894 4251 1206 4320 episcopos,
1240 4259 1296 4303 et
1334 4250 1415 4304 sic
1457 4264 1721 4304 canonem
1752 4264 2047 4320 exponere,
2093 4258 2155 4304 ut
2184 4262 2240 4304 et
2269 4252 2313 4306 is

2418 4276 2526 4313 νων
2550 4258 2870 4311 ἐπισκόπων
2894 4255 3210 4317 ἐκτεθέντος
3237 4254 3332 4306 καὶ
3353 4252 3431 4322 τῷ
3457 4254 3750 4321 ποιήσαντι
3774 4248 3840 4302 τὸ
3864 4248 4022 4302 ἀκίν-

730 4342 824 4410 qui
857 4340 985 4395 fecit
1026 4343 1090 4395 sit
1126 4351 1281 4395 extra
1309 4341 1609 4411 periculum
1643 4356 1851 4398 canone
1878 4360 1905 4396 a
1934 4343 2178 4412 pluribus
2200 4345 2317 4412 epi-

736 4435 918 4503 scopis
947 4434 1259 4503 explicato;
1292 4447 1355 4486 ac
1386 4436 1575 4487 eodem
1604 4436 1762 4487 modo
1799 4434 2070 4501 videlicet,
2110 4451 2318 4490 memo-

739 4537 887 4581 ratos
920 4526 1173 4580 homines
1218 4524 1514 4592 baptizanti
1555 4524 1756 4577 nullum
1810 4526 1947 4581 adsit
2000 4527 2321 4594 periculum,

2355 4483 2402 4538 D

2418 4352 2573 4404 δῦνον
2740 4350 2838 4402 καὶ
2882 4348 3080 4400 ταύτὸν
3120 4345 3324 4413 δηλαδὴ
3372 4344 3465 4397 καὶ
3516 4341 3847 4413 βαπτίσαντι
3891 4339 4023 4401 τοῦς

2430 4443 2757 4510 είρημένους
2796 4438 2872 4508 μὴ
2975 4437 3222 4499 κίνδυνος
3247 4475 3260 4497 ,
3292 4435 3370 4495 ὡς
3405 4434 3555 4504 παρὰ
3588 4434 3826 4494 κανόνας
3861 4431 4022 4499 ποιή-

2432 4551 2611 4595 σαντι,
2639 4533 2735 4584 καὶ
2765 4530 2792 4580 ὁ
2826 4529 3261 4598 ἀποκρινόμενος
3290 4528 3403 4587 τοῖς
3433 4527 3561 4594 περὶ
3591 4523 3861 4575 τοιούτων
3889 4524 4020 4591 ἐρωο

736 4621 896 4689 quasi
928 4622 1189 4673 adversus
1216 4632 1454 4673 canones
1499 4618 1712 4683 fecerit,
1745 4628 1798 4671 et
1831 4620 1923 4687 qni
1955 4619 2022 4673 de
2054 4619 2313 4688 ejusmodi

2432 4626 2567 4679 τῶσι
2596 4625 2658 4678 τὸ
2690 4623 3005 4687 ἀξιόπιστον
3034 4621 3146 4691 ἔχει
3182 4621 3245 4672 ἐκ
3275 4618 3371 4680 τοῦ
3408 4616 3650 4677 κανόνος.
3684 4612 3766 4667 Τὰ
3804 4614 3864 4666 δέ
3898 4614 4031 4680 περὶ

737 4711 1202 4779 interrogantibus
1238 4712 1553 4777 respondet,
1595 4710 1697 4765 [ide
1728 4711 1943 4777 dignus,
1968 4710 2038 4764 ob
2060 4710 2326 4764 constitu-

738 4815 852 4857 tum
882 4818 1172 4869 cauonem,
1213 4805 1585 4860 existimetur.
1617 4802 1748 4868 Quae
1780 4816 1942 4871 porro
1988 4804 2053 4854 ad
2098 4801 2327 4854 Marcio-

738 4900 1029 4961 nistarum,
1062 4905 1116 4950 et
1142 4895 1545 4951 Encratitarum
1572 4896 1807 4949 haereses
1838 4894 2133 4961 pertinent,
2165 4907 2328 4965 supra

738 4990 795 5044 in
827 4989 1050 5044 canonis
1083 4987 1447 5058 explicatione
1475 4988 1751 5055 descripta
1786 4996 1939 5041 sunt.

815 5079 1047 5133 ARIST.
1084 5079 1418 5142 Encratitas,
1464 5089 1519 5133 et
1580 5078 1981 5146 Saccopboros,
2031 5085 2085 5131 et
2132 5077 2333 5145 Apota-

741 5177 900 5227 ctitas
924 5173 1103 5226 denuo
1125 5171 1448 5241 baptizabis.
1474 5169 1731 5236 Quanztis
1758 5170 1899 5224 enim
1924 5180 2170 5225 asserunt
2192 5171 2334 5237 quod

746 5269 799 5322 in
833 5268 1071 5330 Patrem,
1106 5276 1160 5321 et
1202 5266 1420 5327 Filium,
1468 5275 1524 5320 et
1576 5264 1836 5334 Spiritum
1875 5274 2121 5319 sanctum
2164 5264 2337 5331 bapti-

2433 4720 2534 4787 τῆς
2576 4716 2840 4787 αἱρέσεως
2883 4712 2994 4766 τῶν
3034 4708 3475 4782 Μαρκιωνιστῶν
3517 4708 3611 4759 καὶ
3647 4704 4029 4773 Ἐγκρατιτῶν

2438 4810 2873 4881 προεγράφησαν
2903 4807 2962 4859 ἐν
2992 4806 3059 4873 τῇ
3090 4803 3183 4857 τοῦ
3213 4798 3755 4867 κανόνοςῒξηγήσει.

2543 5075 2766 5132 ΑΡΙΣΤ.
2836 5072 3239 5141 Ἐγκρατίτις,
3289 5069 3384 5121 καὶ
3460 5066 3887 5131 Σακκοφόρους,
3941 5064 4032 5114 καὶ

2456 5168 2891 5229 Ἀποτακτίτας,
2941 5162 3361 5223 ἀναόαπτίσεις.
3410 5159 3472 5212 Ei
3521 5159 3631 5227 γὰρ
3676 5157 3771 5207 καὶ
3817 5154 4036 5221 λέγοιεν

2444 5267 2528 5318 ὅτι
2562 5263 2640 5324 εις
2679 5260 2901 5327 Πατέρα
2939 5256 3032 5308 καὶ
3069 5254 3197 5307 Υἱδν
3230 5254 3322 5305 καὶ
3355 5251 3513 5319 ἅγιον
3545 5246 3771 5315 Πνεῦμα
3805 5245 4037 5299 ἐϐαπτί-

747 5362 853 5415 znti
910 5368 1058 5424 sunt,
1109 5360 1549 5429 quandoquidem
1606 5371 1786 5411 tamen
1843 5358 2009 5412 Deum
2068 5358 2313 5411 maiorutt

2449 5357 2681 5424 σθησαν,
2714 5351 2833 5405 ἀλλ’
2860 5352 2982 5402 ἐπεὶ
3005 5348 3191 5401 κακῶν
3224 5348 3460 5413 ποιητὴν
3491 5342 3583 5393 τὸν
3616 5339 3750 5390 Θεὸν
3786 5335 4035 5429 pitsch-

750 5466 1025 5509 ancturem
1085 5454 1251 5521 impie
1295 5452 1589 5515 affirmant,
1639 5454 1786 5522 juxta
1835 5451 2189 5514 Marcionetn,
2234 5450 2337 5504 nisi

752 5553 933 5603 dt-nuo
967 5548 1329 5623 baptizentur,
1366 5562 1471 5600 non
1504 5558 1628 5601 sunt
1666 5543 1982 5612 recipiendi.

823 5644 881 5698 In
941 5643 1117 5709 primo
1167 5641 1383 5709 quidem
1439 5640 1608 5708 ipsius
1653 5653 1885 5701 canone,
1929 5649 2181 5705 magnum
2238 5634 2341 5687 hoc

759 5737 1019 5793 Ecclesia:
1045 5737 1332 5798 luminare,
1367 5734 1768 5786 Encratitarum
1802 5742 1855 5784 et
1892 5727 2340 5791 Novutianorutn,

759 5847 873 5889 me
909 5830 1267 5887 Catltarorum
1326 5828 1593 5896 baptisma
1621 5826 1773 5895 juxta
1827 5822 2143 5877 (BtOllOllli‘rC
2181 5819 2346 5873 ratiu-

2452 5443 2613 5514 μοῦσι
2635 5441 2779 5496 κατὰ
2802 5440 3127 5509 Μαρκίωνα,
3156 5436 3231 5507 μὴ
3250 5431 3771 5500 ἀναϐαπτιζόμτνοι,
3797 5425 4035 5480 ἁδακτοι.

2534 5625 2627 5679 Ἕν
2666 5620 2879 5692 μὲν-τῷ
2923 5617 3124 5689 πρώτῳ
3162 5614 3326 5668 αὐτοῦ
3368 5611 3551 5664 κανόνι
3594 5608 3621 5659 ὁ
3667 5605 3848 5676 μέγας
3887 5597 4044 5661 οὖτνς

2454 5724 2550 5790 τῆς
2592 5716 2919 5784 Ἐκκλησίας
2975 5708 3201 5777 φωστὴρ
3256 5706 3316 5757 τὸ
3367 5702 3474 5754 τῶν
3518 5696 3895 5767 Ἑγκρατιτῶν
3951 5696 4045 5744 καὶ

2456 5811 2841 5870 Ναυατιανῶν,
2879 5806 2999 5875 ἤτοι
3039 5799 3334 5869 Καθαρῶν,
3379 5795 3664 5863 βάπτισμα
3705 5788 3847 5839 κατὰ
3884 5786 4044 5850 λόγον
