4224 6446
732 392 841 451 735

811 596 904 647 sia:
976 595 1383 662 inquinamenta
1448 600 1737 654 videmus:
1779 606 1871 654 sed
1905 601 2137 669 publicis
2187 615 2316 651 cou-

798 687 1240 742 tlcmnationibus
1290 704 1396 743 non
1442 693 1786 759 sultjicimus,
1848 705 1904 745 ut
1963 707 2083 761 qum
2135 693 2308 745 soluta

799 776 1158 833 fornicatione
1215 794 1345 835 sunt
1376 785 1548 850 magis
1615 786 1935 851 expetenda.

794 865 983 920 BALS.
1023 868 1153 921 Cum
1188 872 1343 925 audis
1374 884 1619 926 sanctum
1647 876 1914 928 dicentem
1950 892 2051 929 non
2084 890 2199 930 esse
2233 875 2309 927 le—

726 974 841 1022 gem
866 959 915 1009 in
938 960 1208 1027 trigamia,
1231 976 1297 1016 ne
1316 964 1518 1018 dixeris
1547 969 1707 1019 etiam
1742 983 1769 1019 a
1804 968 1920 1036 lege
1950 967 2091 1022 citili
2123 968 2312 1035 prohi-

728 1051 853 1102 ln-re
878 1052 1179 1117 trigamiam
1208 1069 1264 1106 :a
1294 1054 1407 1124 lege
1430 1057 1853 1112 enim-concessa
1874 1066 1977 1111 est.
2007 1058 2109 1112 Sed
2138 1059 2313 1113 eccle-

725 1140 1099 1196 siasticanthic
1121 1142 1286 1212 legem
1314 1146 1545 1215 iutellige
1572 1167 1582 1199 :
1612 1148 1781 1217 legem
1803 1150 2206 1204 autemcivilem
2225 1152 2313 1206 dic

725 1229 1023 1296 antiquam,
1055 1246 1174 1299 qua!
1224 1242 1349 1286 ante
1400 1246 1647 1291 sanctum
1668 1239 2307 1305 Patremobservabatur,

726 1330 829 1367 non
861 1328 1037 1371 autem
1066 1336 1183 1376 eam
1214 1338 1332 1391 qua:
1360 1325 1536 1378 multis
1557 1337 1677 1393 post
1704 1331 1914 1384 saeculis
1938 1332 2039 1384 lata
2062 1341 2162 1393 est,
2198 1331 2311 1385 sei-

724 1404 845 1458 licet
863 1406 1366 1481 Porphyrogenetze,
1382 1425 1433 1467 et
1456 1417 1797 1485 imperatoris
1817 1422 2021 1474 domini
2037 1421 2308 1476 Constan-

724 1497 819 1547 tini
853 1498 1201 1566 tlccisioneut,
1228 1519 1347 1572 qua:
1378 1507 1478 1559 sita
1503 1519 1585 1561 est
1616 1510 1666 1561 in
1695 1520 1889 1577 quarto
1920 1526 2125 1567 canone
2150 1512 2309 1578 hujus

722 1588 917 1649 Saneti,
951 1606 1109 1655 qttatn
1144 1595 1304 1646 etiam
1373 1597 1507 1665 lege,
1543 1612 1601 1653 ut
1635 1600 1768 1654 dicit
1814 1602 2077 1657 Zonaras.
2126 1603 2310 1671 Neque

722 1677 865 1729 enim
906 1676 1019 1730 fieri
1054 1690 1231 1745 potest
1270 1690 1327 1737 ut
1356 1685 1454 1741 ltoe
1488 1687 1654 1753 dicat,
1692 1693 1836 1758 quod
1867 1695 1916 1743 in
1947 1693 2119 1745 sancti
2154 1708 2307 1745 men-

1998 396 2276 453 TllEOl).
2318 393 2716 452 BALSAMON

804 505 951 557 nium
976 521 1079 557 nou
1115 508 1467 574 approbatur.
1508 509 1892 563 Verumtamen
1924 526 1987 562 ea
2027 521 2084 562 ut
2121 508 2306 560 Eccle-
2336 503 2385 561 Α

2484 523 2583 574 μος
2635 508 2734 561 οὐκ
2787 508 3110 578 ἁγεται.Τά
3158 510 3341 577 μέντοι
3394 506 3625 562 τοιαῦτα
3677 510 3753 570 ὡς
3808 510 3986 577 puni-

2486 614 2668 667 σματα
2693 599 2792 667 τῆς
2814 600 3143 669 Ἐκκλησίας
3170 600 3387 670 όρῶμεν
3404 615 3419 631 ⁶
3449 600 3739 669 δημοσίαις
3766 600 3824 653 δι
3852 616 3986 653 κατ-

2486 688 2699 750 αδίκαις
2731 689 2828 758 οὐχ
2862 690 3262 759 ὑποϐάλλομεν,
3292 690 3368 753 ὡς
3394 692 3492 763 τῆς
3523 691 3819 761 ἀνειμένης
3854 704 3989 758 πορν

2484 778 2630 839 νείας
2658 778 3015 848 αἱρετώτερα.

2485 870 2680 925 ΒΔΛΣ.
2720 872 2961 924 Ἀκούων
3002 873 3095 926 τοῦ
3133 874 3289 941 ἁγίου
3325 875 3579 944 λέγοντος
3616 875 3691 945 μὴ
3722 870 3871 927 εἶναι
3904 874 3991 925 νόο

2417 977 2516 1027 μον
2544 963 2636 1012 ἐπὶ
2664 962 2993 1029 τριγαμίας,
3047 964 3123 1033 μὴ
3163 964 3327 1035 εἴπῃς
3380 965 3478 1022 καὶ
3516 966 3622 1019 ἀπὸ
3666 963 3761 1017 τοῦ
3819 965 3989 1032 νόμου

2414 1051 2508 1104 τοῦ
2548 1051 2817 1105 πολιτικοῦ
2848 1054 3151 1107 κωλύεσθαι
3194 1058 3295 1125 τὴν
3356 1058 3687 1127 τριγαμίανο
3746 1056 3992 1123 ικκεχὼ-

2416 1159 2579 1210 ρηται
2607 1143 2715 1212 γὰρ
2743 1144 2851 1195 ἀπὸ
2885 1145 2982 1196 τοῦ
3019 1147 3207 1216 νόμου.
3258 1148 3420 1200 Ἀλλὰ
3444 1147 3608 1215 νόμον
3636 1145 3880 1199 ἐνταῦθα
3899 1146 3993 1197 τὸν

2414 1233 2874 1303 ἐκκλησιαστικὸν
2906 1236 3053 1289 νόει·
3099 1240 3263 1304 νόμον
3292 1238 3349 1292 δὲ
3405 1239 3687 1291 πολιτικὸν
3744 1238 3869 1289 εἰπὲ
3902 1238 3991 1289 τὸν

2413 1322 2645 1376 παλαιὸν
2673 1325 2777 1393 πρὸ
2809 1326 2901 1377 τοῦ
2934 1326 3091 1393 ἁγίου
3123 1328 3339 1394 Πατρδς
3398 1327 3727 1397 κρατοῦντα,
3766 1328 3831 1378 οὐ
3888 1326 3992 1393 μὴν

2412 1416 2503 1467 τὸν
2536 1418 2997 1485 μεταγενέστερον
3025 1418 3167 1469 κατά
3230 1418 3390 1480 πολὺ,
3443 1416 3685 1485 δηλονότι
3748 1418 3845 1469 τὸν
3894 1416 3989 1466 τοῦ

2416 1507 2935 1575 Πορφυρογεννήτου
2977 1508 3073 1561 καὶ
3106 1508 3372 1576 βασιλέως
3402 1509 3591 1578 κυρίου
3637 1508 3992 1559 Κωνσταντί-

2414 1611 2505 1646 νου
2535 1596 2725 1665 τόμον,
2766 1597 2861 1648 τὸν
2900 1599 3355 1667 καταστρωθέντσ
3412 1600 3494 1660 είς
3555 1599 3647 1649 τὸν
3697 1598 3741 1650 δ’
3785 1598 3991 1649 κανόνα

2411 1685 2605 1738 τούτου
2634 1685 2727 1739 τοῦ
2752 1689 2929 1754 ἁγίου,
2963 1688 3022 1740 ὃν
3049 1691 3141 1741 καὶ
3180 1689 3488 1755 ἀνάγνωθι,
3522 1686 3708 1749 καθὼς
3740 1690 3768 1739 ό
3810 1690 3994 1740 Ζωνα-

726 1777 831 1819 tem
862 1768 1047 1822 venire
1078 1786 1180 1824 non
1238 1785 1470 1844 poterat,
1527 1789 1710 1847 utpote
1756 1785 1897 1849 quod
1943 1785 2129 1837 multis
2184 1794 2303 1852 post

726 1858 929 1879 -.μηιμ
974 1860 995 1879 ρ
1037 1873 1074 1879 _.
1273 1876 1279 1879 .
1350 1868 1383 1879 ..
1486 1872 1497 1879 .
1803 1873 1813 1879 .
2015 1875 2023 1879 _
2258 1877 2266 1879 μ

2416 1776 2515 1845 ρᾶς
2546 1793 2704 1844 φησι.
2741 1775 2914 1829 Τοῦτο
2943 1776 3049 1847 γάρ
3064 1777 3250 1839 λέγειν
3279 1776 3620 1839 ἁνένδεκτον,
3648 1775 3737 1828 διὰ
3764 1775 3830 1827 τὸ
3856 1776 3993 1843 μηδὲ

723 1858 933 1911 saeculis
973 1860 1173 1917 factum
1204 1876 1305 1921 est.
1345 1868 1497 1933 Quod
1535 1882 1715 1925 autem
1744 1873 1906 1926 etiam
1938 1889 1965 1926 a
2012 1875 2128 1943 lege
2157 1877 2302 1929 anti-

723 1962 826 2013 qua
860 1952 1076 2005 tertium
1116 1958 1513 2013 matrimonimn
1544 1966 1873 2028 permissum
1903 1980 2005 2027 est,
2040 1968 2157 2036 lege
2208 1968 2305 2022 lib.

723 2051 893 2091 xxvut
928 2040 1008 2094 tit.
1041 2043 1094 2109 8,
1124 2062 1244 2115 cap.
1289 2048 1376 2112 63,
1427 2050 1605 2104 thema
1641 2053 1673 2107 6
1705 2064 1759 2107 et
1804 2054 1887 2107 tit.
1948 2057 2033 2120 l4,
2089 2072 2208 2125 cap.
2252 2061 2303 2113 4.

722 2128 856 2183 Nota
892 2144 1092 2198 autem,
1127 2142 1269 2207 quod
1309 2152 1377 2194 ex
1411 2142 1513 2196 hoc
1546 2148 1798 2211 praesenti
1833 2162 2040 2202 canone
2084 2162 2308 2219 apparet

726 2241 829 2279 non
861 2228 1073 2285 dissolvi
1119 2233 1332 2288 tertium
1370 2240 1772 2293 matrimonium
1813 2254 1869 2295 ut
1904 2256 2093 2299 contra
2162 2247 2306 2311 leges

726 2312 948 2373 factum.
973 2319 1112 2375 Dicit
1140 2325 1305 2389 enim,
1341 2327 1481 2394 quod
1513 2329 1921 2397 inquinamenta
1954 2334 2169 2402 quidem
2202 2335 2308 2389 Ec-

722 2406 901 2459 clesiae
968 2411 1122 2463 tertia
1183 2417 1525 2471 matrimonia
1566 2420 1787 2473 omnino
1835 2433 2177 2489 reputantnr,
2247 2434 2307 2478 ut

722 2511 840 2563 quze
863 2500 928 2551 ab
952 2500 1190 2560 Ecclesia
1223 2521 1325 2560 non
1357 2512 1763 2576 permittuntur,
1790 2515 1832 2567 si
1861 2524 2047 2583 rogata
2081 2516 2302 2570 fuerint.

728 2588 961 2645 Publicis
1002 2607 1179 2651 autem
1232 2602 1793 2668 condemnationibus,
1852 2620 1945 2658 seu
1999 2607 2305 2663 manifestis

725 2680 1114 2744 divulsinnibus
1149 2707 1251 2747 n0n
1282 2698 1664 2764 subjiciuntur,
1707 2700 1848 2765 quod
1882 2699 1989 2753 sint
2040 2702 2302 2769 ejusmodi

727 2776 973 2843 conjugia
1005 2780 1364 2840 fornicatione
1399 2790 1654 2846 meliora.
1684 2793 1785 2859 Qui
1808 2806 1989 2848 autem
2014 2798 2299 2849 matrimo-

729 2867 877 2920 nium
914 2872 988 2923 ita
1022 2883 1430 2944 contraxerunt,
1461 2897 1556 2950 per
1583 2886 1941 2953 polygamiam
1962 2889 2140 2941 minus
2161 2886 2303 2941 effu-

2410 1869 2492 1927 είς
2523 1868 2734 1920 ἔννοιαν
2764 1867 2859 1921 τοῦ
2887 1868 3044 1936 ἁγίου
3106 1868 3280 1921 έλθεῖν
3309 1868 3369 1920 τὸ
3420 1866 3559 1936 μετά
3610 1866 3813 1928 πολλὰς
3871 1868 3995 1918 ἑκα-

2409 1959 2827 2028 τονιαετηρίδας
2884 1961 3128 2027 γεγονός.
3189 1961 3312 2013 Ὀτι
3360 1959 3417 2013 δὶ
3469 1958 3578 2012 ἀπὸ
3629 1958 3725 2011 τοῦ
3758 1958 3995 2011 παλαιοῦ

2410 2047 2576 2113 νόμου
2614 2046 3004 2117 ἀκκεχώρηται
3032 2048 3062 2099 ό
3095 2048 3281 2117 τρίτος
3328 2048 3530 2116 γάμος,
3570 2046 3852 2113 ἀνάγνωθι
3912 2047 3994 2115 βι-

2409 2137 2556 2191 ϐλίον
2616 2138 2701 2206 κη’
2758 2140 2946 2191 τίτλου
2995 2145 3045 2206 η’
3087 2156 3217 2206 κεφ.
3275 2138 3355 2205 ξγ¹
3408 2139 3549 2205 θέμα
3597 2144 3672 2201 ς’,
3703 2138 3889 2192 τίτλου
3937 2138 3996 2190 ιδ’

2409 2242 2536 2293 κεφ.
2566 2226 2632 2281 δ’.
2656 2227 2973 2297 Σημείωσαι
3001 2227 3057 2280 δὲ
3083 2227 3163 2280 ὅτι
3200 2228 3295 2280 καὶ
3323 2226 3432 2279 ἁπδ
3469 2226 3565 2279 τοῦ
3592 2227 3867 2293 παρόντος
3897 2244 3997 2279 κα·

2410 2320 2565 2381 νὸνος
2590 2317 2952 2386 ἀναφαίνεται
2985 2318 3067 2369 ὅτι
3095 2320 3154 2370 οὐ
3193 2318 3494 2371 διασπᾶται
3520 2319 3550 2370 ό
3580 2317 3764 2385 τρίτος
3817 2317 3997 2384 γάμος

2406 2412 2484 2475 ὡς
2542 2414 2886 2482 παράνομος.
2935 2415 3075 2481 Φησὶ
3130 2417 3240 2484 γάρ
3300 2415 3383 2467 ὅτι
3428 2412 3695 2483 ρύπασμα
3752 2413 3855 2481 μιν
3899 2415 3997 2480 τῆς

2418 2504 2748 2572 Ἐκκλησίας
2770 2504 3081 2572 λογίσονται
3112 2507 3159 2557 οί
3200 2504 3375 2575 τρίτοι
3410 2505 3577 2573 γὰμοι
3634 2504 3882 2566 πάντως,
3923 2502 3997 2563 ὡς

2408 2595 2484 2665 μὴ
2508 2596 2918 2667 ὲκχωρούμενοι
2951 2597 3059 2650 ὑπὸ
3088 2598 3185 2666 τῆς
3233 2595 3580 2665 Ἑκκλησίας.
3617 2595 3713 2647 εὰν
3780 2595 3997 2661 ἐρωτη-

2407 2686 2561 2740 θῶσι.
2598 2688 2900 2757 Δημοσίαις
2927 2688 2984 2743 δι
3012 2689 3358 2749 καταδίκαις,
3392 2688 3511 2756 ἦτοι
3566 2687 3827 2755 φανεροῖς
3879 2685 3999 2735 δια-

2407 2779 2706 2845 σπασμοῖς,
2730 2778 2827 2847 οὐχ
2858 2778 3311 2847 ὑποϐλέσληνται,
3339 2778 3427 2829 διὰ
3445 2777 3506 2828 τὸ
3527 2770 3665 2828 εἷναι
3683 2775 3754 2827 τὰ
3770 2773 4000 2826 τοιαῦτα

2404 2869 2720 2919 συνοικέσια
2740 2869 3027 2936 κρείττονα
3051 2868 3151 2931 τῆς
3176 2868 3454 2936 πορνείας.
3482 2865 3547 2921 Ol
3573 2866 3675 2935 μὲν
3707 2870 3818 2935 γὰρ
3850 2864 4001 2917 οὕτω

730 2981 789 3020 se
825 2981 1067 3035 peccant.
1103 2972 1202 3039 Qui
1244 2986 1422 3031 autem
1475 2980 1831 3045 fornicamur,
1888 2984 2024 3038 laxis
2076 2985 2303 3037 habenis

2409 2961 2753 3028 γαμήσαντες
2812 2959 3252 3029 συνεσταλμένην
3295 2960 3574 3028 ἁμαρτίαν
3624 2959 3714 3011 διὰ
3762 2958 3864 3026 τὴν
3901 2974 4001 3008 πο·-

729 3056 780 3106 ἱη
814 3059 939 3111 vitia
975 3059 1244 3130 feruntur,
1300 3078 1356 3121 ιιι
1384 3071 1475 3139 qui
1538 3073 2007 3129 iudiscriminatitn
2070 3089 2133 3130 ex
2194 3077 2297 3130 alia

729 3149 952 3203 muliere
980 3154 1044 3204 ad
1078 3156 1236 3211 aliam
1266 3166 1558 3215 transeant.

803 3327 1055 3388 ZONAR.
1080 3334 1284 3400 Quarto
1310 3340 1470 3393 etiam
1497 3356 1727 3403 canone.
1766 3345 1853 3400 hic
1885 3360 2120 3411 sant-tus,
2148 3350 2312 3417 triga—

733 3421 892 3470 miatn
928 3422 1244 3491 polygamite
1302 3430 1521 3482 nomine
1554 3433 1810 3499 appellari
1876 3438 2032 3497 dixit,
2095 3450 2160 3495 et.
2207 3454 2311 3494 non

732 3512 1165 3578 matrimonium,
1192 3518 1321 3584 quin
1348 3522 1525 3586 potius
1549 3526 1865 3594 castigatam
1898 3527 2310 3584 fornicationem

733 3605 1033 3669 nuncupari
1075 3623 1088 3658 :
1123 3615 1176 3659 et
1222 3610 1324 3665 hoc
1371 3614 1492 3669 loco
1541 3617 2008 3686 inquinamentum
2060 3622 2313 3679 Ecclesiae

732 3694 1053 3751 nominavit.
1092 3701 1359 3757 Caeterum
1396 3708 1632 3772 publice,
1672 3711 1871 3779 inquit,
1915 3715 2015 3769 hoc
2047 3725 2129 3769 est
2159 3731 2311 3784 aper-

732 3796 805 3850 te,
833 3801 897 3839 ac
924 3791 1040 3844 sine
1067 3794 1510 3861 tergiversatione
1537 3803 1703 3868 ipsam
1731 3806 1951 3859 minime
1984 3809 2309 3869 condemna-

734 3890 874 3934 mtts,
912 3892 1150 3949 eousque
1177 3893 1232 3936 ιιι
1265 3886 1426 3938 etiam
1462 3889 1789 3946 dissolvatur
1828 3893 2090 3961 ejusmodi
2121 3900 2312 3954 matri-

734 3968 994 4023 monium.
1043 3962 1249 4031 ldcireo
1301 3993 1428 4033 vero
1495 3998 1596 4036 non
1635 3986 1965 4052 dissolvitur,
2001 3992 2142 4058 quod
2202 4006 2313 4058 prae

730 4059 904 4112 soluta
960 4061 1338 4135 fornicatione,
1408 4071 1725 4143 incastigata
1789 4078 2047 4133 nimirum
2102 4093 2156 4137 et
2190 4099 2313 4152 qua:

733 4150 802 4204 ab
863 4152 962 4204 alia
1018 4158 1083 4209 ad
1145 4159 1300 4213 aliam
1378 4166 1657 4219 mulierem
1717 4170 1912 4236 passim
1976 4150 2312 4242 digreditur,

730 4254 811 4297 est
877 4252 1326 4317 przeoptandum,
1386 4264 1639 4323 tanquam
1727 4260 2012 4317 fornicatio
2072 4267 2311 4333 quidem,

728 4349 1102 4419 verumtamen
1169 4347 1449 4415 castigata,
1483 4350 1678 4419 quippe
1731 4366 1851 4406 cum
1901 4354 1983 4408 vir
2028 4371 2133 4409 una
2195 4373 2315 4411 mu-

2402 3051 2680 3119 λυγαμίαν
2702 3050 2951 3103 ποιοῦσιν
2976 3068 2988 3082 ·
3021 3050 3072 3101 el.
3106 3050 3162 3103 δὲ
3196 3050 3556 3119 πορνεύοντες
3579 3050 3881 3118 ἀνειμένην
3905 3047 4003 3101 καὶ

2339 3140 2384 3199 C
2418 3142 2812 3211 ὲξηπλωμένην
2876 3141 3153 3211 ἁμαρτίαν
3192 3140 3521 3210 ἐργάζονται
3566 3140 3641 3202 ὡς
3699 3140 3759 3204 ἐξ
3803 3141 4001 3211 ἑτέρας

2417 3234 2677 3302 γυναικὸς
2719 3236 2799 3293 είς
2830 3234 3025 3301 ἑτέραν
3061 3231 3373 3308 ἀδιαφόρως
3406 3232 3855 3300 μεταδαίνοντες.

2489 3324 2734 3378 ΖΩΝΑΡ.
2772 3324 2881 3376 Καὶ
2906 3324 2965 3374 εν
2992 3322 3070 3391 τῷ
3103 3322 3349 3392 τετάρτῳ
3380 3324 3567 3375 κανόνι
3596 3326 3623 3375 ό
3646 3323 3806 3389 ἁγιος
3839 3315 4001 3385 οὗτος

2414 3419 2514 3483 τὴν
2540 3416 2843 3487 τριγαμίαν
2901 3414 3252 3481 πολυγαμίαν
3317 3414 3521 3483 ἔφησεν
3591 3414 4002 3483 ὀνομάζεσθαι,

2417 3513 2511 3565 καὶ
2555 3512 2628 3580 μὴ
2666 3510 2865 3577 γάμον,
2918 3506 3120 3576 μᾶλλον
3166 3506 3222 3558 δὲ
3257 3506 3517 3573 πορνείαν
3562 3505 4002 3574 κεκολασμένην·

2415 3603 2695 3656 κάνταῦθα
2726 3602 2990 3672 ρύπισμα
3026 3599 3124 3666 τῆς
3164 3598 3491 3666 Ἐκκλησίας
3538 3599 3794 3651 ἐκάλεσε.
3827 3598 4002 3664 Πλὴν,

2417 3694 2574 3766 φησὶ,
2620 3692 2876 3762 δημοσίᾳ,
2908 3689 3029 3743 ἀντὶ
3060 3688 3153 3739 τοῦ
3186 3688 3439 3758 φανερῶς
3465 3689 3559 3741 καὶ
3590 3689 4001 3749 ἀνυποστόλως,

2416 3791 2476 3843 οὐ
2514 3785 2957 3853 καταδικάζομεν
2998 3782 3199 3852 αὑτήνο
3259 3783 3403 3836 ὥστε
3462 3780 3561 3833 καὶ
3614 3779 3860 3848 διασπᾷν
3946 3778 4007 3827 τὸ

2415 3880 2659 3935 τοιοῦτον
2678 3877 3040 3931 συνοικέσιον.
3068 3877 3140 3928 Οὐ
3172 3875 3473 3929 διασπᾶται
3500 3871 3580 3935 δὲ,
3611 3872 3695 3923 ὅτι
3720 3870 3879 3939 παρὰ
3906 3872 4006 3935 τὴν

2413 3973 2709 4041 ἀνειμένην
2735 3970 3017 4039 πορνείαν,
3041 3968 3141 4035 τὴν
3185 3966 3486 4019 ἀκόλαστον
3524 3962 3749 4032 δηλαδὴ,
3819 3960 3922 4013 καὶ
3950 3962 4007 4025 ἐξ

2417 4065 2612 4135 ἑτέρας
2648 4062 2911 4129 γυναικὸς
2934 4062 3015 4120 είς
3044 4060 3239 4127 ἑτέραν
3270 4055 3732 4124 μεταϐαίνουσαν,
3764 4054 4004 4122 αἱρετω-

2414 4157 2550 4226 τέρα
2586 4155 2757 4217 ἐστὶν,
2789 4152 2864 4213 ὡς
2902 4150 3132 4221 πορνεία
3178 4148 3299 4218 μὲν,
3338 4144 3719 4214 κεκολασμένη
3784 4144 3869 4207 δὲ,
3916 4139 4005 4196 οἷα

2420 4250 2518 4319 μιᾷ
2561 4246 2909 4317 ἀρκουμένου
2944 4242 3037 4295 τοῦ
3071 4240 3263 4309 ἀνδρὸς
3312 4237 3555 4306 γυναικί.
3630 4234 3879 4287 Ἀκούων
3950 4234 4005 4286 δέ

2417 4342 2499 4394 ὅτι
2532 4336 2833 4409 τριγαμίας
2861 4338 3021 4403 νόμος
3050 4332 3151 4383 οὐκ
3182 4329 3353 4390 ἔστιν,
3413 4323 3882 4395 ἐκκλησιαστικὸν
3911 4323 4006 4374 καὶ

728 4414 861 4483 liere
910 4430 980 4483 sit
1022 4443 1326 4490 contentus.
1353 4439 1519 4494 Porro
1549 4456 1670 4497 cum
1702 4446 1855 4499 audis
1909 4446 2171 4514 trigantize
2201 4464 2305 4503 non

2422 4429 2796 4498 πνευματικὸν
2829 4426 2940 4531 νόει
2968 4425 3158 4531 νόμον.
3209 4420 3342 4531 Ἀπὸ
3364 4419 3475 4531 γάρ
3496 4414 4007 4531 ιῖεαρᾶςὶτοῖέ

729 4534 848 4572 esse
876 4519 1499 4590 legem,ecclesiasticam
1546 4532 1738 4601 legem,
1770 4551 1831 4589 ac
1861 4538 2195 4605 spiritualem
2225 4542 2309 4593 in-

732 4612 928 4681 te'lige.
975 4615 1077 4668 Per
1128 4613 1402 4672 Novellam
1459 4622 1721 4690 siquidem
1750 4624 2235 4698 Porpltyrogenetae
2258 4643 2311 4687 et

728 4704 1091 4770 Constantini,
1126 4711 1299 4764 tertia
1330 4715 1548 4781 nuptiae,
1589 4731 1691 4769 non
1730 4718 1849 4771 sine
1878 4729 2002 4773 nota
2043 4731 2218 4775 tamen
2246 4738 2311 4777 ac

732 4798 934 4864 multis,
972 4802 1374 4865 permittuntur.

800 4890 1026 4945 ARIST.
1059 4892 1158 4957 Qui
1198 4895 1409 4950 tertium
1450 4898 1715 4952 :ontrahit
1770 4904 2170 4956 matrtmoninnt
2229 4904 2311 4957 le-

730 4997 822 5050 ges
860 4986 1275 5053 transgreditur.
1310 4987 1430 5042 llme
1459 5000 1661 5056 autem,
1696 5000 1750 5043 ιιι
1774 4991 2033 5047 Ecclesia“:
2058 4996 2310 5062 inquina-

731 5085 932 5139 menta,
961 5090 1066 5129 non
1101 5088 1229 5132 sunt
1277 5082 1489 5146 publice
1525 5084 1881 5147 traducenda,
1942 5085 2307 5141 tolerabiliora

728 5166 981 5221 dissoluta
1010 5167 1367 5225 fornicatione
1386 5174 1651 5240 judicata.

801 5258 909 5314 Lex
938 5260 1153 5329 quidem
1183 5264 1401 5332 politica
1438 5269 1623 5321 tertias
1684 5268 1897 5335 nuptias
1950 5269 2211 5337 agnoscit.
2246 5278 2299 5324 et

733 5347 869 5404 ﬁlios
893 5366 959 5405 ex
988 5353 1065 5406 eis
1091 5366 1369 5423 susceptos
1404 5370 1501 5425 pro
1521 5356 1776 5425 legitimis
1808 5358 1992 5419 habet,
2024 5370 2075 5411 et
2105 5359 2171 5413 ad
2200 5359 2311 5412 liae-

733 5441 1013 5496 redltatem
1058 5453 1233 5499 vocat;
1269 5448 1333 5500 At
1363 5462 1390 5499 a
1426 5448 1728 5503 canonibus
1762 5450 1935 5502 tertiae
1978 5451 2172 5519 nuptiae
2202 5466 2307 5506 non

737 5531 1118 5598 admittuntur,
1155 5535 1248 5589 sed
1280 5536 1413 5590 istas
1457 5546 1513 5589 nt
1553 5536 1803 5591 Ecclesia:
1841 5538 2307 5604 inquinamentum

737 5622 955 5676 habent.
987 5622 1091 5679 Sed
1119 5627 1556 5695 quandoquidem
1606 5627 1830 5679 licenter
1874 5629 1926 5681 in
1960 5617 2312 5684 fornicatione

738 5712 939 5766 viventi
964 5714 1077 5769 sive
1118 5716 1340 5770 dimissa
1374 5720 1480 5771 sint
1513 5720 1683 5784 magis
1719 5720 2050 5785 expetemlrc,
2084 5719 2318 5788 pultlic's'

740 5804 957 5874 quidem
992 5806 1535 5863 condemnatiouibus
1573 5825 1677 5865 non
1713 5808 2002 5878 SUbjltiilll'
2038 5827 2048 5862 :
2085 5811 2184 5863 hoc
2210 5821 2313 5876 est,

2421 4520 2825 4592 φυρογεννήτου
2852 4516 2946 4569 καὶ
2968 4511 3384 4568 Κωνσταντίνου
3414 4510 3625 4577 ἐφεῖται
3646 4506 3739 4559 καὶ
3768 4508 3798 4559 ό
3820 4506 4005 4571 τρίτος

2416 4616 2617 4685 γάμος,
2655 4611 2795 4684 μετὰ
2842 4611 3028 4679 μέντοι
3066 4604 3384 4669 διαστίξεων
3415 4604 3510 4656 καὶ
3537 4599 3859 4669 ἐπιτιμίων.

2487 4880 2708 4935 ΑΡΙΣΤ.
2752 4880 2812 4931 Ὀ
2838 4876 3108 4947 τρίγαμος
3157 4874 3392 4943 ἁνομοςο
3445 4873 3601 4937 ὡςδὲ
3657 4876 4002 4945 ρυπασματα

2417 4976 2515 5045 τῆς
2558 4971 2885 5039 Ἐκκλησίας
2916 4971 2979 5021 τά
3006 4965 3237 5019 τοιαῦτα
3267 4966 3758 5035 παραὸλεπόμενα,
3780 4967 3998 5033 ἀστηλίο

2418 5086 2624 5131 τευτα,
2681 5065 2916 5135 κρείττω
2977 5064 3076 5132 τῆς
3140 5059 3441 5129 ἀνειμένης
3497 5059 3758 5127 πορνείας
3815 5061 4000 5127 κρινό.

2423 5181 2580 5233 μενα.

2501 5256 2561 5307 Ὀ
2598 5252 2697 5323 μὲν
2725 5247 3003 5309 πολιτικὸς
3037 5248 3199 5315 νόμος
3260 5245 3362 5313 τὴν
3408 5241 3778 5312 τριτογαμίαν
3816 5241 3998 5306 ιπιγι.

2420 5347 2639 5408 νώσκει,
2669 5343 2913 5402 καὶτοὺς
2948 5338 3008 5403 ἐξ
3043 5338 3216 5406 αὐτῆς
3262 5334 3562 5403 τεχθέντας
3620 5332 3818 5393 παῖδας
3844 5332 3995 5398 νομί-

2422 5456 2555 5509 μους
2594 5436 2733 5506 εχει,
2767 5435 2859 5488 καὶ
2903 5434 2984 5494 είς
3025 5428 3395 5499 κληρονομίαν
3431 5425 3607 5479 καλεῖ.
3652 5423 3777 5481 Τοῖς
3805 5422 3862 5474 δὲ
3895 5438 3999 5474 κα-

2420 5532 2567 5583 νόσιν
2595 5531 2625 5581 ό
2654 5527 2835 5598 τρίτος
2863 5522 3039 5593 γάμος
3085 5521 3147 5573 οὐ
3180 5519 3571 5586 παραδέχεται,
3607 5513 3722 5567 ἀλλ’
3772 5512 3851 5575 ὡς
3907 5512 3998 5577 ῥύ-

2422 5639 2617 5689 πασμα
2649 5618 2837 5671 τοῦτον
2867 5616 2963 5683 τῆς
3002 5610 3331 5674 Ἐκκλησίας
3378 5610 3612 5677 ἔχουσιν.
3638 5607 3763 5659 Ὀτι
3799 5604 3855 5657 δὲ
3898 5603 3995 5669 τῆς

2424 5712 2714 5781 ἀνειμένης
2775 5706 3052 5778 πορνείας,
3110 5703 3351 5772 ἧτοιτῆς
3394 5701 3803 5768 ἐκλελυμένης,
3850 5696 3997 5748 εστὶν

2426 5805 2812 5878 αἱρετώτερος,
2840 5801 3127 5869 δημοσίαις
3158 5800 3256 5867 μὲν
3290 5795 3609 5855 καταδίκαις
3636 5792 3732 5846 οὖν
3758 5788 3998 5843 ὑποϐἁλο
