4224 6446
274 412 381 474 737

1233 398 1312 456 IN
1357 395 1597 457 EPIST.
1628 395 1690 454 S.
1733 392 2017 455 BASILII
2058 388 2497 451 CANONICAM
2538 386 2663 448 III.

3420 387 3524 451 738

272 527 446 574 λεται·
472 516 617 570 τοῦτ’
642 514 811 573 εστιν,
836 512 864 563 ὀ
885 511 1155 582 τρίγαμος
1184 510 1324 577 μετὰ
1347 506 1455 559 τῶν
1494 505 1855 577 προσκλαιόνο
1884 512 1932 568 Α

1884 504 2225 570 Αιτὶειιηιυε
2290 515 2413 553 cum
2472 496 2793 553 dedentibus
2858 510 2963 549 non
3037 496 3369 561 collocatur,
3431 514 3528 551 nec

275 628 386 663 των
420 610 481 663 οὐ
507 608 782 667 τάττεται,
813 603 907 656 καὶ
937 601 1332 671 θριαμϐεύεται
1377 598 1615 667 δημοσίᾳ
1648 598 1724 659 ὼς
1753 613 1850 648 κα·

277 701 537 768 τάκριτος
564 712 580 729 ⁸
609 694 785 755 ἄλλως
830 694 887 746 δι
928 693 1021 745 επὶ
1075 693 1233 744 πέντε
1286 690 1465 743 ιτεσιν
1505 689 1851 758 επιτιμᾶται,

280 794 337 846 ιν
379 791 495 844 δυσὶ
527 787 709 858 μὶν,ἢ
763 791 857 838 καὶ
894 787 1065 855 τρισὶ,
1111 784 1207 852 τῆς
1264 784 1373 836 τῶν
1431 781 1592 835 θείων
1630 779 1856 850 Γραφῶν

276 881 599 948 ἀκροάσεως
634 875 960 945 ἀξιούμενος
996 877 1052 927 εν
1086 876 1201 936 τοῖς
1258 872 1561 943 βασιλικοῖς
1612 870 1857 924 πυλῶσιν

280 970 589 1037 ἱστάμενος·
627 967 684 1019 ιν
724 967 781 1020 δι
833 966 1041 1034 ἕτεροις
1097 964 1217 1017 δυσὶ
1274 963 1413 1033 μετὰ
1476 962 1587 1014 τῶν
1643 959 1851 1013 πιστῶν

279 1058 700 1125 συνιστάμενος,
734 1055 827 1107 καὶ
859 1052 1240 1121 συγκοινωνῶν
1282 1052 1466 1113 αὐτοῖς
1510 1050 1621 1102 τῶν
1656 1047 1852 1117 εὐχῶν,

278 1150 377 1201 καὶ
404 1148 577 1209 οὕτως
608 1145 1120 1213 ἀποκαθιστάμενος
1149 1144 1232 1207 είς
1270 1143 1362 1195 τὸν
1405 1142 1571 1195 τόπον
1598 1140 1709 1195 τῶν
1740 1156 1809 1208 με
1827 1167 1852 1179 -

277 1236 734 1307 ταλαμδανόντων
771 1235 880 1289 τῶν
904 1236 1066 1289 θείων
1094 1233 1474 1303 ἁγιασμάτων.

1957 592 2231 661 publicum
2272 589 2602 657 tiiumphum
2649 589 2758 657 agit
2790 596 2846 640 ut
2901 587 3315 641 condemnatus.
3366 586 3533 642 Aliter

1960 695 2139 735 autem
2180 682 2231 733 in
2264 678 2691 747 quinquennium
2719 690 2905 745 penus
2928 676 3206 745 persolvnt,
3242 676 3293 729 in
3326 676 3534 730 duobus

1960 774 2178 842 quidem
2214 773 2292 824 vel
2325 771 2488 823 etiam
2540 770 2716 823 tribus
2773 767 3073 821 divinarum
3129 765 3534 836 Scripturarutn

1956 866 2153 933 dignus
2206 865 2482 917 auditione
2518 862 2757 925 habitus,
2808 862 2859 914 in
2916 860 3078 929 regiis
3112 859 3322 913 foribus
3354 867 3526 912 stans.

1958 956 2014 1011 In
2043 957 2167 1011 aliis
2214 964 2395 1009 autem
2428 954 2637 1008 duobus
2670 967 2791 1007 eum
2829 951 3072 1006 tidelihus
3110 952 3437 1005 constitutus
3479 959 3534 1002 et

1958 1061 2083 1101 cum
2117 1046 2184 1100 iis
2218 1045 2270 1099 lu
2298 1045 2637 1099 orationibus
2683 1043 3113 1098 communicans.
3154 1040 3219 1095 Et
3250 1043 3328 1096 sic
3359 1042 3409 1094 in
3443 1055 3536 1094 eo-

1961 1152 2079 1190 rum
2108 1138 2200 1205 qui
2242 1137 2550 1190 divinorum
2587 1143 3050 1189 sacramentorum
3084 1142 3211 1187 sunt
3242 1131 3534 1201 participes

1960 1228 2139 1282 locum
2166 1228 2491 1281 restituitur.

290 1441 3525 1475 Μ

1411 1604 1761 1736 ΤΟΥ
1836 1601 2415 1733 ΑΥΤΟΥ

861 1870 1151 1956 ΠΡΟΣ
1222 1871 1449 1956 ΤΟΝ
1506 1870 1883 1957 ΑΥΤΟΝ
1958 1865 2531 1953 ΕΠΙΣΤΟΛΗ
2605 1862 2959 1946 ΤΡΙΤΗ.

1542 2229 1713 2350 EJ
1732 2223 2257 2353 USDEM

976 2500 1123 2589 AD
1179 2500 1690 2591 EUMDEM
1762 2496 2339 2586 EPISTOI..A
2412 2497 2890 2586 TERTIA.

892 2846 1132 2900 ΚΔΝΩΝ
1164 2846 1287 2899 NA'.

282 2991 360 3043 Τδ
386 2987 530 3041 κατὰ
568 2983 864 3053 κληρικοὺς
890 2978 1205 3046 ἀδιορίστως
1236 2978 1285 3027 οἱ
1334 2976 1559 3035 κανόνες
1592 2973 1860 3038 ἐξέθεντο,

357 3077 714 3136 κελεύσαντες
755 3073 884 3140 μίαν
914 3074 1006 3121 ἐπὶ
1057 3072 1170 3129 τοῖς
1217 3065 1636 3136 παραπεσοῦσιν
1686 3065 1861 3135 ὁρίζε-

349 3174 474 3224 σΘαι
503 3169 798 3236 τιμωρίαν.
831 3162 928 3230 τὴν
950 3162 1219 3211 ἔκπτωσιν
1250 3159 1351 3227 τῆς
1383 3159 1707 3227 ὑπηρεσίας,
1750 3157 1860 3209 εἴτε

353 3266 411 3316 ιν
436 3260 629 3332 βαθμῷ
686 3255 1027 3324 τυγχάνοιεν,
1101 3252 1213 3303 εἴτε
1285 3251 1381 3304 καὶ
1453 3250 1860 3319 ἁχειροτονήτῳ

355 3352 631 3424 ὑπηρεσίᾳ
664 3344 1147 3420 προσκαρτεροῖεν.

354 3532 549 3586 ΒΑΛΣ.
582 3530 670 3582 Ἐν
700 3528 777 3596 τῷ
806 3526 884 3593 λβ⁹
911 3526 1095 3578 κανόνι
1140 3524 1432 3592 διωρίσατο
1492 3524 1519 3574 ὁ
1570 3522 1722 3588 ἆγιος
1755 3522 1864 3574 ἀπὸ

284 3624 489 3685 παντὸς
518 3623 919 3691 ἁμαρτήματος
948 3619 1037 3671 διὰ
1078 3619 1247 3686 μόνης
1294 3615 1673 3684 καθαιρέσεως
1705 3616 1869 3667 κολά-

284 3717 478 3782 ζεσθαι
514 3716 638 3775 τοὺς
670 3712 986 3781 κληρικούς.
1028 3708 1181 3761 Ἐπεὶ
1206 3708 1266 3775 δὴ
1296 3706 1480 3771 ἔλεγόν
1524 3722 1669 3766 τινες
1721 3704 1865 3756 ὲκεί-

287 3820 412 3869 νους
443 3804 756 3871 λογίζεσθαι
781 3801 1078 3871 κληρικοὺς
1100 3798 1225 3859 τοὺς
1255 3798 1592 3866 χειροτονίαν
1620 3796 1864 3864 ἔχοντας,

286 3898 346 3952 οὐ
368 3900 477 3967 μὴν
504 3898 628 3957 τοὺς
659 3895 748 3946 διὰ
788 3895 954 3961 μόνης
1004 3890 1298 3958 σφραγῖδος
1358 3887 1732 3947 καταστάντας
1788 3887 1867 3946 εἰς

286 3987 531 4057 βαθμοὺς
558 3981 1043 4052 ἐκκλησιαστικοὺς
1074 3978 1315 4048 (τούτους
1339 3978 1447 4043 γὰρ
1472 3976 1662 4045 ἤθελον
1691 3975 1869 4027 πλειό-

290 4096 395 4141 νως
448 4075 816 4145 κολάζεσθαι),
850 4073 1139 4141 διωρίσατο
1172 4072 1198 4122 ὁ
1242 4070 1396 4134 ἆγιος
1421 4067 1509 4119 διὰ
1540 4066 1633 4119 τοῦ
1668 4066 1869 4135 παρόν·

2462 2841 2621 2911 109
2673 2841 2898 2899 CANON
2961 2842 3042 2897 LI.

1966 2979 2118 3045 Quod
2151 2980 2215 3031 ad
2248 2980 2474 3035 clericos
2526 2980 2717 3032 attinet
2769 2994 3006 3036 canones
3037 2981 3312 3037 indefinite
3362 2984 3542 3038 Cdldl-

2039 3079 2186 3131 runt,
2216 3084 2378 3121 unum
2405 3069 2460 3122 in
2496 3070 2560 3122 iis
2596 3070 2683 3135 qui
2714 3070 2847 3137 lapsi
2881 3081 3010 3123 sunt
3064 3073 3386 3140 supplicium
3446 3075 3539 3127 de-

2037 3161 2185 3213 cerni
2210 3160 2489 3231 jubentes,
2523 3176 2549 3212 Α
2579 3161 2882 3214 ministerio
2930 3163 3139 3216 scilicet
3186 3165 3541 3228 amntionem,

2039 3249 2154 3299 sive
2208 3249 2316 3301 sint
2368 3250 2420 3301 in
2470 3249 2658 3317 gradu,
2716 3251 2829 3303 sive
2886 3251 3047 3303 etiam
3110 3254 3161 3305 in
3220 3256 3540 3314 ininisu-rin,

2039 3337 2180 3399 quod
2242 3352 2345 3390 non
2407 3338 2673 3405 impositis
2727 3341 2979 3394 manibus
3039 3341 3231 3407 datur,
3293 3360 3543 3411 ιιι-τερψ-

2041 3438 2178 3479 ΙὊΠΙ..

2043 3516 2235 3570 BALS.
2275 3518 2327 3570 In
2355 3532 2475 3571 can.
2509 3518 2578 3573 32
2601 3532 2822 3576 sanctus
2878 3524 3085 3575 deliniit
3127 3539 3347 3593 prOptcr
3387 3543 3545 3581 0mm

1970 3620 2244 3675 peccatum
2277 3609 2505 3662 clericos
2542 3626 2636 3676 per
2676 3612 2844 3663 solam
2892 3614 3279 3681 depositione”
3343 3622 3541 3684 pnu'ii.

1972 3698 2077 3751 Sed
2107 3701 2231 3766 quia
2268 3702 2510 3754 nonnulli
2547 3703 2801 3756 dixerunt
2838 3704 2956 3758 illos
2991 3708 3228 3773 reputari
3286 3710 3539 3774 clericos,

1970 3790 2313 3857 quiordinati
2346 3805 2494 3855 sunt,
2551 3809 2653 3847 non
2685 3804 2865 3849 autem
2918 3812 3014 3852 eos
3076 3800 3165 3867 qni
3223 3817 3317 3867 per
3370 3803 3543 3855 solum

1970 3884 2345 3938 characterem
2384 3886 2661 3938 constituti
2698 3898 2818 3941 sunt
2868 3889 2919 3941 in
2955 3892 3218 3959 gradibus
3286 3894 3545 3948 ecclesia-

1972 3973 2123 4027 sticis
2160 3974 2325 4044 (illos
2358 3978 2502 4029 enim
2555 3979 2728 4047 magis
2783 3982 2955 4047 puniri
3014 3982 3286 4052 volebant)
3342 3987 3545 4039 deliniit

1972 4070 2192 4115 sanctus
2222 4079 2318 4132 per
2350 4078 2669 4134 praesentem
2698 4083 2984 4135 canonem,
3046 4087 3234 4125 omnes
3294 4075 3545 4128 similitt-r

294 4189 381 4232 τος
408 4168 635 4228 κανόνος
668 4166 877 4225 πάντας
911 4166 1037 4223 τοὺς
1068 4160 1367 4230 κληρικοὺς
1395 4156 1597 4226 ὁμοίως
1625 4155 1715 4209 διὰ
1769 4157 1866 4226 μό.
1895 4172 1940 4230 c

1895 4172 1940 4230 ο
1972 4153 2200 4208 clericos
2226 4169 2322 4223 per
2366 4158 2535 4209 solam
2571 4158 2985 4225 depositionem,
3022 4175 3119 4215 seu
3158 4162 3372 4231 lapsum
3405 4180 3432 4217 a
3460 4181 3544 4218 sa-

292 4278 387 4331 m;
418 4258 793 4327 καθαιρέσεως
824 4258 945 4325 ἤτοι
978 4253 1067 4304 διὰ
1102 4250 1434 4311 ἐκπτώσεως
1487 4248 1585 4317 τῆς
1631 4247 1868 4317 προσού-

290 4372 393 4422 σης
443 4351 627 4411 αὐτοῖς
687 4348 837 4414 ἱερᾶς
892 4344 1171 4405 διακονίας
1256 4340 1604 4403 κολάζεσθαι,
1662 4338 1763 4391 κάν
1809 4355 1867 4390 τε

292 4440 804 4511 κεχειροτονημένοι
830 4434 987 4497 ὦσιν,
1020 4434 1090 4493 ὡς
1127 4435 1171 4485 οί
1200 4430 1584 4499 πρεσὸύτεροι,
1608 4431 1655 4481 οἱ
1688 4430 1867 4483 διάκοο

292 4553 394 4599 vos,
426 4532 522 4585 καὶ
550 4532 599 4584 oi
622 4529 992 4588 ὐποδιάκονοι,
1028 4524 1127 4577 κάν
1158 4541 1216 4575 τε
1245 4523 1332 4575 διὰ
1365 4522 1533 4592 μόνης
1570 4522 1869 4589 σφραγῖδος

291 4623 581 4688 ινέργειαν
601 4617 797 4686 ἔχωσιν
832 4613 1138 4684 ἱερατικὴν,
1167 4613 1241 4674 ὡς
1294 4612 1344 4663 ol
1379 4610 1747 4676 άναγνῶσται,
1777 4611 1870 4661 καὶ

293 4714 515 4783 ψάλται,
548 4710 595 4762 οί
630 4708 848 4775 θεωροὶ,
905 4706 999 4758 καὶ
1051 4706 1100 4755 οί
1156 4705 1355 4770 ὅμοιοι.
1407 4703 1515 4754 Καὶ
1549 4700 1723 4753 ταῦτα
1774 4700 1871 4766 μὲν

293 4804 426 4870 περὶ
456 4797 734 4867 κληρικῶν
800 4796 886 4849 διὰ
924 4794 1287 4865 χειροτονίας,
1333 4791 1367 4859 ἢ
1426 4792 1512 4842 διὰ
1576 4790 1871 4858 σφραγῖδος

296 4886 752 4959 καταταχθέντων
779 4889 859 4948 εις
892 4886 1135 4955 βαθμοὺς
1158 4954 1173 4964 .
1191 4881 1699 4951 ἐκκλησιαστικοὺς.
1745 4880 1871 4932 Ἐὰν

294 4987 349 5039 δέ
379 5000 462 5045 τις
496 4983 664 5051 μόνην
681 4981 819 5049 ἔχων
850 4976 1166 5045 ἑπικουρίδα
1226 4973 1334 5027 άπὸ
1368 4973 1667 5027 επισκόπου
1702 4971 1737 5038 ἢ
1767 4970 1874 5023 ἀπὸ

295 5074 604 5141 ἡγουμένου
636 5069 854 5139 ἐμπέσῃ
878 5069 957 5129 είς
995 5066 1269 5135 ἔγκλημα,
1315 5065 1660 5133 ἀλλοτρόπως
1719 5058 1875 5124 οὗτος

295 5160 779 5233 τιμωρηθήσεταις
831 5160 1043 5221 Λύσις.
1081 5157 1267 5219 Καὶρ
1310 5155 1548 5217 τοιοῦτος
1613 5156 1875 5225 κληρικός

296 5260 439 5318 ἐστι,
493 5254 587 5307 καὶ
645 5250 1182 5319 καταδικασθήσεται
1244 5249 1319 5310 ὡς
1372 5249 1551 5302 λοιποὶ
1602 5250 1870 5319 κληρικοί.

298 5346 698 5413 Κωλυθήσεται
726 5343 834 5412 γὰρ
861 5344 1107 5409 ἐνεργεῖν
1135 5340 1731 5408 οίονδηποτοῦν-ἐργον,
1764 5335 1876 5391 οἷον

298 5437 621 5507 ἐνεργοῦσιν
653 5437 705 5487 oi
742 5436 955 5502 ἔχοντες
993 5432 1365 5501 ἐπικουρίδας,
1397 5427 1506 5483 οἷον
1535 5432 1633 5483 οὐκ
1662 5431 1872 5501 είσέλθῃ

297 5535 383 5593 είς
411 5530 585 5598 βῆμα,
613 5528 711 5579 οὐκ
742 5524 960 5593 ἀναγνῴ
991 5524 1076 5575 ἐπ’
1105 5523 1376 5591 ἄμϐωνος,
1414 5523 1474 5573 ού
1502 5521 1764 5591 προκόψει
1795 5526 1873 5585 εἰς

299 5620 543 5695 βαθμίδα
576 5617 874 5687 ίερατικήν.
917 5616 1197 5682 θαυμάζω
1226 5614 1280 5665 δὲ
1314 5614 1462 5673 ὅπως
1492 5612 1635 5671 τινὲς
1672 5612 1869 5663 καθαι-

301 5714 556 5785 ρεθέντες
612 5707 894 5777 ἐνεργοῦσι
950 5705 1369 5777 χαρτουλαράτα
1415 5703 1870 5773 ἐκκλησιαστικὰ,

301 5808 464 5861 ἅτινα
493 5801 773 5873 ἐνεργοῦσι
820 5800 968 5853 μόνοι
1028 5796 1339 5866 ἱερωμένοι.
1409 5792 1688 5857 Ὡσαύτως
1745 5796 1875 5849 θαυ-

1971 4262 2064 4300 cro
2093 4249 2235 4314 quod
2271 4246 2337 4300 ad
2375 4263 2467 4301 eos
2514 4250 2747 4317 pertinet
2798 4253 3122 4317 ministerio,
3178 4256 3376 4322 puniri,
3434 4257 3546 4309 sive

1973 4338 2085 4391 sint
2116 4339 2350 4391 ordinati
2383 4349 2441 4391 ut
2470 4342 2795 4409 presbyteri,
2816 4341 3048 4408 diaconi,
3076 4354 3130 4398 et
3162 4345 3543 4414 hypodiaconi,

1971 4431 2087 4483 sive
2115 4445 2208 4498 per
2241 4431 2413 4484 solum
2460 4430 2829 4487 characterem
2861 4435 3231 4500 operationem
3292 4440 3546 4491 sacerdo-

1977 4521 2135 4575 talem
2194 4521 2450 4585 habeant,
2509 4530 2565 4575 ut
2615 4522 2865 4588 lectores,
2930 4536 3204 4590 cantores,
3266 4540 3541 4580 sacrorum

1974 4626 2223 4665 vasorum
2256 4612 2533 4677 custodes,
2583 4623 2636 4666 et
2678 4614 2901 4669 similes.
2950 4615 3013 4668 Et
3048 4615 3165 4670 hate
3210 4618 3421 4684 quidem
3482 4620 3546 4669 de

1975 4700 2188 4754 clericis
2221 4715 2319 4769 per
2352 4704 2772 4767 ordinationem,
2821 4705 2901 4757 vel
2942 4708 3312 4760 characterem
3357 4710 3407 4761 in
3461 4726 3547 4762 ec-

1978 4791 2295 4844 clesiasticis
2335 4793 2589 4861 gradibus
2627 4795 2931 4852 collocatis.
2990 4795 3045 4850 Si
3089 4799 3210 4866 quis
3256 4809 3432 4851 autem
3480 4802 3548 4851 ah

1976 4884 2248 4950 episcopo,
2288 4885 2367 4936 vel
2405 4887 2721 4937 monasterii
2767 4887 3022 4953 praefecto
3056 4891 3223 4943 solam
3274 4902 3546 4944 lousurutu

1976 4975 2180 5027 habens
2215 4977 2266 5026 in
2295 4978 2502 5029 crimen
2538 4977 2809 5042 inciderit,
2852 4979 2967 5031 isne
2996 4981 3103 5033 alio
3154 4983 3313 5034 modo
3356 4984 3544 5048 punie-

1976 5065 2105 5119 tur?
2134 5063 2247 5119 Sol.
2274 5064 2339 5117 Et
2366 5066 2485 5119 talis
2511 5081 2725 5135 quoque
2748 5078 2834 5122 est
2858 5070 3105 5135 clericus,
3142 5083 3194 5123 et
3228 5076 3548 5125 condemna-

1978 5160 2121 5211 hitur
2153 5170 2209 5211 ut
2240 5158 2433 5227 reliqui
2462 5159 2668 5212 clerici.
2732 5158 3110 5215 Prohihehitnr
3141 5164 3283 5217 enim
3320 5168 3546 5233 quodvis

1977 5265 2115 5319 Opus
2176 5267 2457 5315 exercere,
2519 5252 2824 5320 cuiusmodi
2882 5266 3137 5308 exercent
3203 5259 3292 5323 qui
3352 5260 3548 5311 _lab0lll

1980 5344 2733 5411 tonsuras;quemadmodum
2765 5361 2868 5397 non
2915 5348 3242 5400 conscendet
3294 5351 3548 5407 lllljlllliil.

1980 5450 2085 5489 non
2122 5435 2261 5503 leget
2289 5436 2338 5486 in
2377 5436 2622 5499 ambone,
2662 5437 2727 5488 ad
2760 5438 3151 5492 sacerdotalem
3188 5443 3412 5508 gradum
3448 5460 3549 5493 non

1980 5525 2402 5591 promuvebitnr.
2457 5523 2618 5578 Miror
2651 5535 2851 5589 autem,
2885 5529 3154 5593 quomodo
3188 5530 3427 5583 nonnulli
3464 5536 3553 5582 de-

1982 5614 2139 5683 positi
2172 5616 2541 5668 chartularata
2578 5616 2942 5669 ecclesiastica
2971 5631 3249 5681 exercent,
3288 5637 3405 5687 quu-
3436 5624 3554 5685 ιιιιέ-

1984 5707 2103 5757 dem
2140 5705 2243 5757 soli
2296 5708 2497 5759 sacrati
2547 5717 2820 5761 exercent.
2884 5708 3146 5763 Similiter
3195 5728 3395 5773 miror,
3432 5730 3555 5777 quu-

1988 5797 2144 5850 modo
2199 5796 2288 5865 qui
2345 5798 2486 5852 Solus
2546 5800 2745 5853 habent
2813 5812 3102 5867 tonsuras,
3163 5815 3212 5855 (τι
3272 5820 3556 5872 [.c:t‘-.t..tc~
