4224 6446
272 390 371 456 ῗίί

1247 392 1329 450 ΙΝ
1360 390 1679 451 EPIST.S.
1713 393 1999 452 IIASILII
2036 395 2473 457 CANONICAII
2530 402 2647 462 III.

3432 409 3540 472 ’142

270 505 365 555 καὶ
391 502 749 573 ἁμελησάσης
777 501 870 555 τοῦ
914 506 1193 572 κυήματος
1218 518 1230 530 ·
1267 502 1361 555 νῦν
1400 504 1455 554 δὲ
1516 504 1837 572 πλατύτεροι

1964 519 2137 556 .Ittlem
2172 509 2341 561 fusius
2372 512 2613 563 decernit
2648 510 2716 564 de
2763 514 3043 578 speciebus
3094 513 3450 582 negligentiae,
3482 529 3535 568 c:

274 591 619 645 διατάττεται
646 596 713 646 τὰ
743 593 861 660 είδη
892 594 1298 662 τῆςάμελείας.
1338 596 1428 646 καί
1488 612 1621 662 φησι
1660 598 1761 651 ὅτι.
1810 601 1855 645 εξ

275 684 373 750 μιν
401 686 465 736 ὲκ
507 685 765 754 πορνείας
816 685 847 754 ἢ
884 686 1132 755 μοιχείας
1179 685 1520 739 συλλαὸοῦσα
1578 662 1785 754 κρύφα,
1825 688 1853 753 ἧ

273 776 522 842 κυήσασα
561 776 654 826 καὶ
678 775 990 843 φοϐουμένη
1028 777 1119 828 τὸν
1146 776 1387 843 ἔλεγχον,
1432 776 1730 827 ἐσπούδασε
1762 776 1850 827 διὰ

269 866 361 917 τοῦ
388 867 709 934 φονευθῆναι
746 869 807 918 τὸ
858 868 1114 936 γεννηθὲν
1146 869 1490 937 συγκαλύψαι
1536 868 1633 934 τὴν
1678 869 1849 939 ἀμαρ-

266 957 410 1019 τίαν,
432 958 569 1025 ἢκαὶ
592 957 895 1027 θηριωδῶς,
913 960 1081 1028 ἠγουν
1104 959 1557 1027 ἀπανθρωπίνως.
1584 961 1855 1030 ἐχρήσατο

264 1048 343 1116 τῷ
369 1049 638 1118 τεχθέντι,
664 1050 911 1102 τουτέστι
957 1052 1098 1103 κατά
1140 1050 1314 1117 θῆρας
1339 1052 1726 1113 κατεσθίοντας
1757 1054 1853 1112 τὰς

265 1140 619 1211 ἀνθρωπίνας
648 1144 879 1209 σάρκας.
934 1145 1027 1195 καὶ
1092 1144 1167 1212 μὴ
1230 1144 1588 1213 φειδομένους
1645 1147 1849 1203 αὐτῶν,

263 1234 365 1283 οὐκ
388 1234 590 1302 ἠλέησε
614 1224 793 1294 τοῦτο,
832 1234 1038 1300 ὀφείλει
1069 1234 1251 1287 δοῦναι
1295 1233 1492 1301 λόγους
1526 1238 1757 1304 φονέως.
1791 1239 1847 1290 El

262 1321 315 1373 δὲ
348 1321 507 1390 ἤθελε
535 1324 635 1389 μιν
664 1326 975 1391 περισῶσαι
1012 1326 1075 1377 τὸ
1110 1325 1331 1395 βρέφος,
1365 1328 1465 1379 οὐκ
1503 1328 1735 1399 ἐδυνήθη
1793 1331 1848 1381 δὲ

260 1413 353 1466 διὰ
385 1414 624 1483 ιρημίαν
658 1417 751 1467 καὶ
779 1418 1015 1485 ἀπορίαν
1050 1418 1160 1469 τῶν
1182 1422 1519 1484 ἀναγκαίων,
1551 1421 1849 1472 κάντεῦθεν

262 1504 478 1575 ἐφθάρη
516 1506 695 1569 τοῦτο,
728 1509 1062 1577 συγγνώμης
1105 1510 1493 1579 ἀξιωθήσεται.
1582 1511 1735 1565 Ἐπεὶ
1790 1513 1844 1565 δὲ

260 1595 321 1647 ἐν
348 1596 424 1665 τῷ
454 1597 534 1663 λγ*
576 1597 763 1650 κανόνι
793 1598 1020 1668 είπομεν
1044 1600 1116 1661 ὼς
1157 1602 1188 1667 ὴ
1219 1604 1527 1670 γεννήσασα
1563 1602 1685 1655 καθ’
1710 1604 1844 1667 ὁδὸν,

260 1688 359 1737 καὶ
391 1685 631 1753 ἀμελῶς.
664 1688 697 1759 ἢ
730 1690 823 1741 καὶ
845 1688 1077 1759 δολερῶς
1103 1692 1193 1741 ἐπὶ
1218 1691 1296 1759 τῷ
1327 1692 1641 1761 γεννηθέντι
1670 1694 1845 1745 διατεο

260 1776 436 1842 θεῖσα,
460 1778 535 1841 ὡς
554 1781 862 1847 φονεύσασα
884 1782 1167 1852 κρίνεται,1
1188 1782 1250 1835 οὐ
1282 1784 1441 1851 μόνον
1459 1785 1554 1837 ἐὰν
1578 1784 1842 1856 διεφθάρη
1878 1824 1919 1878 Β

256 1872 317 1923 τὸ
346 1872 573 1937 κυηθὲν,
610 1874 747 1927 ἀλλά
770 1878 865 1927 καὶ
929 1876 1025 1927 ἐὰν
1064 1876 1155 1941 ὑφ’
1205 1877 1392 1945 ἑτέρου
1453 1875 1837 1948 ἐζωογονήθη·

256 1961 493 2029 λέγομεν
517 1966 679 2019 πάλιν
724 1966 805 2018 ὅτι
834 1968 930 2019 καὶ
962 1968 1021 2032 ιξ
1056 1963 1128 2019 ὦν
1168 1968 1264 2036 μὲν
1296 1970 1477 2021 ὲκεῖσε
1521 1970 1841 2039 ἐγράψαμεν

256 2055 597 2123 παρίσταται
624 2056 804 2118 τοῦτο,
852 2062 951 2127 ούχ
984 2054 1147 2129 ἦττον
1178 2060 1235 2112 δὲ
1285 2062 1377 2113 καὶ
1409 2062 1516 2113 ἀπὸ
1546 2062 1639 2112 τοῦ
1700 2080 1842 2130 παρ-

253 2150 409 2208 όντος
439 2149 665 2210 κανόνος
722 2150 1103 2217 ἀναφαίνεται.
1156 2151 1325 2204 Ἔνθα
1370 2152 1469 2219 μὲν
1519 2154 1630 2223 γὰρ
1674 2172 1842 2208 κατα-

256 2242 521 2310 φρόνησιν
552 2242 584 2311 ἢ
614 2242 768 2295 δόλον
794 2243 1003 2310 είσάγει
1035 2247 1062 2297 ό
1100 2245 1255 2311 ἅγιος
1298 2245 1396 2313 τῆς
1442 2248 1721 2311 γυναικὸς,
1778 2249 1837 2299 ού

251 2332 580 2403 προστίθησι
598 2332 894 2406 διαφθορὰν
919 2336 1011 2389 τοῦ
1028 2336 1398 2405 γεννηθέντος,
1416 2336 1552 2390 ἀλλά
1566 2356 1640 2407 φη
1650 2356 1733 2391 σιν
1759 2340 1836 2403 ὡς

256 2426 350 2475 ἐπὶ
389 2427 534 2493 φόνῳ
561 2426 843 2497 κρίνεσθαι
876 2427 978 2496 τὴν
1027 2429 1261 2499 μητέρα.
1295 2431 1568 2494 τουτέστι,
1629 2430 1734 2484 κᾶν
1763 2434 1835 2502 μὴ

250 2516 490 2586 φονευθῇ
524 2517 582 2569 τὸ
616 2519 844 2586 κυηθὲν,
890 2520 1325 2583 κατακρίνεσθαι
1359 2521 1569 2592 ταύτην
1619 2524 1706 2575 διὰ
1739 2523 1836 2592 τὴν

252 2608 433 2676 κακὴν
468 2608 708 2660 διάθεσιν
731 2625 747 2640 ·
781 2610 1135 2678 φονευθέντος
1168 2612 1277 2682 γὰρ
1326 2611 1419 2664 τοῦ
1458 2614 1674 2666 παιδίου
1696 2615 1836 2667 κατά

248 2695 455 2765 δόλονῆ
490 2698 763 2766 ρᾳθυμίαν
793 2699 1032 2767 ἐκείνης,
1067 2699 1296 2767 ἀμάχως
1337 2698 1570 2766 ὤφειλεν
1621 2701 1697 2761 ὡς
1742 2719 1838 2769 φο-

249 2789 476 2856 νεύτρια
528 2788 1009 2851 καταδικάζεσθαι.
1047 2789 1220 2841 Ὅταν
1269 2789 1325 2840 δὲ
1382 2789 1508 2842 οὗτε
1574 2793 1836 2859 ἀμέλειαν

246 2877 373 2932 οὔτε
404 2879 553 2930 δόλον
589 2880 859 2948 προϐῆναι
889 2881 989 2949 τῆς
1049 2882 1281 2951 μητέρος
1322 2884 1477 2950 φησὶ.
1540 2882 1835 2936 κάντεῦθεν

244 2971 451 3038 ταύτην
478 2972 971 3038 συγγινώσκεσθαι,
996 2974 1087 3025 καὶ
1111 2974 1436 3041 προστίθησι
1463 2974 1832 3044 διαφθαρῆναι

243 3061 605 3133 τὸιγεννηθὲν
652 3064 764 3115 ἀπὸ
805 3065 1066 3133 ἐρημίας,
1120 3065 1151 3134 ἦ
1210 3066 1455 3134 ἀπορίας.
1502 3065 1611 3117 τῶν
1660 3069 1826 3128 ἀναγ·

1965 599 2114 657 dicit,
2150 602 2290 663 quod
2344 602 2386 651 si
2428 618 2547 669 qum
2604 617 2667 654 ex
2737 600 3098 657 fornicatione
3161 606 3401 673 quidem,
3456 612 3535 663 vel

1961 688 2225 742 adulterio
2252 690 2389 742 clam
2422 694 2501 744 vel
2543 696 2812 759 concepit,
2846 695 2925 747 vel
2962 696 3187 759 peperit,
3234 708 3287 749 et
3332 698 3536 752 timens

1963 794 2027 829 uc
2053 782 2493 843 convinceretur,
2533 787 2719 837 statuit
2774 801 2869 852 per
2902 788 3010 838 nati
3064 786 3207 841 fetus
3258 790 3531 843 interitum

1960 868 2137 921 celare
2161 883 2460 937 peccatum,
2497 874 2577 927 vel
2610 876 2773 927 etiam
2804 877 3057 936 belluiue.
3087 893 3181 931 seu
3241 880 3531 934 inhumane

1958 962 2009 1013 in
2054 961 2223 1015 fetum
2256 978 2313 1017 se
2335 966 2523 1031 gessit,
2556 967 2658 1019 hoc
2682 978 2767 1022 est
2795 971 2964 1020 instar
2992 968 3227 1021 ferarmn
3255 986 3374 1037 quae
3413 986 3532 1024 car-

1958 1069 2051 1105 nes
2091 1056 2357 1109 humanas
2390 1057 2677 1119 devorant,
2728 1070 2778 1111 et
2828 1060 2908 1111 vis
2965 1076 3065 1111 non
3124 1070 3368 1124 parcunt,
3416 1062 3531 1124 ejus

1956 1160 2061 1197 non
2099 1147 2323 1199 miserta
2357 1157 2458 1209 est,
2497 1150 2656 1200 delvet
2688 1150 2866 1201 instar
2894 1152 3174 1202 homicida:
3205 1154 3398 1217 puniri.
3433 1151 3525 1202 Sin

1955 1246 2132 1286 autem
2166 1236 2379 1290 volehat
2425 1240 2640 1303 qni-lem
2701 1241 2961 1293 infantem
3024 1256 3263 1302 servare,
3300 1244 3389 1294 sed
3424 1259 3523 1293 non

1954 1330 2126 1393 potuit
2165 1340 2383 1397 propter
2418 1332 2761 1383 solitudinem
2792 1343 2843 1385 et
2874 1349 3051 1384 rerum
3097 1335 3520 1385 necessariarum

1955 1420 2214 1487 inopiam,
2247 1432 2301 1472 et
2339 1434 2405 1473 eo
2431 1421 2632 1476 factum
2664 1436 2828 1475 estut
2881 1423 3145 1483 interiret,
3208 1424 3367 1488 digna
3426 1427 3520 1474 erit

1952 1513 2037 1564 cui
2078 1514 2408 1581 ignoscatur.
2470 1514 2576 1567 Sed
2614 1517 2737 1581 quia
2770 1517 2820 1567 in
2855 1531 2972 1569 can.
3002 1515 3070 1567 53
3098 1514 3350 1576 diximus,
3383 1519 3524 1581 quod

1951 1618 2071 1670 quae
2110 1606 2160 1655 in
2191 1606 2274 1656 via
2316 1608 2545 1672 peperit.
2582 1616 2634 1660 et
2681 1608 3031 1676 negligenter,
3063 1607 3143 1659 vel
3180 1609 3342 1661 etiam
3374 1608 3519 1657 fran-

1951 1694 2199 1749 dulenter
2234 1695 2285 1749 in
2320 1696 2369 1750 id
2396 1700 2540 1765 quod
2594 1709 2778 1751 natum
2824 1710 2927 1761 est,
2979 1698 3167 1752 affecta
3198 1709 3299 1758 est,
3339 1711 3393 1750 ut
3428 1699 3520 1749 ho-

1952 1784 2144 1838 micida
2171 1786 2463 1851 iudicatur,
2499 1804 2603 1841 non
2636 1790 2809 1841 solum
2845 1790 2890 1843 si
2934 1790 3137 1841 interiit
3159 1791 3301 1856 quod
3335 1800 3515 1839 natum

1951 1888 2054 1938 est,
2104 1879 2198 1931 sed
2255 1880 2416 1933 etiam
2458 1880 2500 1931 si
2563 1880 2629 1931 ah
2666 1880 2772 1930 alio
2817 1880 3102 1932 educatum
3156 1883 3245 1931 sit.
3314 1879 3522 1930 “ursus

1948 1984 2163 2037 quoque
2198 1972 2448 2025 dicimus.
2488 1973 2629 2037 qttml
2663 1974 2827 2024 etiam
2854 1988 2916 2024 ex
2971 1973 3034 2023 iis
3085 1986 3203 2038 quae
3244 1971 3349 2023 illic
3385 1971 3515 2021 scri-

1947 2061 2152 2126 psimus
2184 2060 2285 2113 hoc
2316 2062 2575 2129 probatur
2610 2080 2621 2112 :
2670 2077 2771 2113 non
2799 2064 2973 2113 minus
3001 2073 3179 2115 autem
3208 2072 3261 2115 et
3292 2076 3350 2114 ex
3388 2074 3518 2127 prm-

1944 2154 2081 2208 senti
2114 2167 2323 2205 canone
2369 2164 2609 2217 apparet.
2667 2152 2775 2205 Illic
2818 2156 2959 2207 enim
3012 2163 3232 2207 sanctus
3285 2153 3522 2204 mulir-ris

1951 2253 2344 2312 contemptum,
2374 2245 2455 2297 vel
2486 2244 2726 2296 fraudem
2754 2245 2958 2297 inducit
2995 2262 3005 2294 :
3041 2258 3143 2295 non
3169 2244 3315 2295 addit
3338 2252 3516 2294 autem

1949 2339 2087 2393 fetus
2141 2339 2438 2390 interitum.
2502 2336 2607 2390 Sed
2663 2336 2793 2389 dicit
2839 2346 3095 2403 tauquam
3169 2336 3238 2387 oh
3296 2335 3520 2387 homici-

1944 2432 2092 2484 dium
2122 2442 2348 2483 matrem
2398 2429 2775 2492 condemnari,
2809 2429 2910 2482 hoc
2946 2439 3028 2483 est
3076 2430 3236 2482 etiam
3292 2428 3335 2479 si
3380 2425 3520 2479 fetus

1944 2534 2049 2572 non
2080 2519 2242 2571 fuerit
2272 2518 2617 2577 interfecms.
2666 2520 3016 2573 condemnari
3066 2527 3244 2570 autem
3300 2526 3519 2582 propter

1944 2612 2140 2663 malam
2200 2611 2564 2665 affectionem.
2623 2610 2834 2664 Infante
2875 2611 3016 2662 enim
3083 2609 3220 2661 illius
3267 2608 3387 2659 dolo
3436 2606 3515 2657 vel

1941 2700 2189 2754 socordia
2215 2700 2514 2761 interfecto,
2550 2701 2776 2753 debellat
2803 2703 2917 2753 sine
2948 2698 3309 2761 cultltjo\'ct‘~izt
3343 2709 3396 2746 ιιι
3424 2697 3517 2749 ho-

1940 2792 2139 2844 micida
2173 2792 2369 2858 puniri.
2406 2790 2633 2856 Quando
2668 2801 2845 2843 autem
2874 2805 2973 2843 nec
3006 2804 3099 2857 per
3132 2786 3514 2855 negligentiam

1942 2899 2041 2935 nec
2076 2898 2171 2951 per
2204 2882 2382 2935 dolum
2424 2883 2616 2935 matris
2652 2884 2701 2935 id
2733 2882 2995 2943 evenerit,
3028 2882 3154 2935 dicit
3191 2881 3263 2931 illi
3299 2893 3514 2947 quoque

1941 2976 2146 3040 ignosci
2180 2984 2458 3043 oportere,
2498 2984 2549 3027 et
2586 2974 2773 3041 adjicit
2805 2974 2968 3025 fetum
3010 2973 3230 3025 interire
3264 2986 3290 3023 a
3328 2972 3518 3023 solitu-

1939 3065 2084 3128 dine,
2114 3072 2167 3117 et
2213 3079 2239 3115 a
2286 3079 2467 3117 rerum
2523 3065 2952 3116 necessariarum
3006 3062 3208 3130 inopia.
3270 3059 3324 3113 Si
3372 3062 3513 3112 enim

245 3158 442 3209 καίων.
474 3157 542 3208 Εἴ
566 3156 675 3226 γὰρ
714 3157 834 3225 ἔζη,
869 3158 963 3209 καὶ
1003 3156 1123 3209 οὐδὲ
1188 3156 1416 3224 ἀμέλεια
1477 3158 1682 3228 προὲση
1738 3160 1833 3226 τῆς

1947 3156 2165 3209 vixisset
2194 3196 2208 3219 ,
2246 3169 2345 3208 nec
2394 3155 2586 3205 matris
2618 3154 2940 3222 negligentia
2974 3153 3334 3221 processisset
3387 3166 3517 3219 qun-

247 3247 515 3317 μητέρος,
553 3248 669 3309 πῶς
694 3248 760 3300 ἀν
807 3265 893 3310 τις
921 3250 1051 3318 εἴπῃ
1113 3249 1319 3317 ταύτην
1368 3249 1726 3315 εῦθύνεσθαις
1762 3250 1836 3304 Τὸ

246 3339 302 3390 δὲ
341 3338 624 3408 θηριωδῶς
657 3339 971 3406 διατεθῆναι
1005 3338 1103 3407 τὴν
1140 3341 1381 3408 μητέρα,
1411 3340 1643 3392 ικλαὸοῦ
1694 3343 1833 3393 κατὰ

245 3431 347 3497 τὴν
375 3430 662 3495 παροῦσαν
698 3428 1022 3497 ἑρμηνείαν,
1056 3427 1154 3482 καὶ
1191 3428 1288 3497 μὴ,
1328 3427 1403 3491 ῶς
1464 3447 1607 3492 τινες
1660 3428 1833 3497 εἷπον,

245 3522 388 3573 κατά
418 3522 517 3591 τὴν
546 3521 925 3590 μητροκομίαν
946 3520 1059 3571 τῶν
1094 3520 1322 3590 θηρίων.
1348 3523 1413 3573 Oi
1448 3522 1556 3590 γὰρ
1599 3522 1823 3583 πλείους

241 3615 347 3665 τῶν
377 3614 589 3684 θηρίων
607 3614 735 3675 τοὺς
779 3613 1060 3681 σκύμνους
1109 3611 1289 3664 αὐτῶν
1327 3613 1607 3680 ἐπιμελῶς
1650 3614 1835 3683 περιέ-

242 3722 431 3770 πουσι,
460 3706 558 3757 ut
588 3705 877 3773 τρέφουσι,
922 3705 1016 3755 καὶ
1070 3703 1251 3757 αὐτῶν
1316 3704 1831 3773 προκινδυνεύουσι,

241 3797 337 3849 καὶ
363 3797 426 3851 οὐ
463 3795 569 3865 χρὴ
596 3795 807 3857 τούτοις
840 3794 1341 3865 παραλληλίζεσθαι
1362 3800 1460 3858 τὰς
1490 3797 1714 3864 δολερὰς
1740 3800 1835 3850 καὶ

242 3888 533 3957 ῥᾳθύμους
561 3888 827 3958 μητέρας.
868 3888 1076 3940 Αὐτίκα
1118 3888 1371 3958 ήλέαινα
1423 3887 1682 3941 τοσοῦτον
1732 3889 1833 3959 κή-

237 3979 391 4032 δεται
421 3979 536 4031 τῶν
562 3977 821 4047 σκύμνων
850 3979 1044 4047 αὐτῆς,
1073 3979 1169 4043 ὡς,
1214 3977 1308 4030 τοῦ
1342 3978 1554 4045 φωλεοῦ
1614 3978 1834 4042 ἐξιοῦσα

238 4075 305 4123 τὰ
340 4074 469 4140 ἴχνη
507 4071 615 4123 τῶν
643 4071 822 4122 ποδῶν
867 4073 1037 4139 αὐτῆς
1085 4072 1173 4124 διά
1198 4071 1294 4123 τοῦ
1353 4072 1576 4139 οὐραίου
1638 4072 1834 4140 συγχέο

237 4181 399 4224 ουσα,
432 4164 493 4213 ού
530 4165 855 4230 παραχωρεῖ
894 4162 1306 4230 ἐξιχνιασθῆναι
1369 4162 1461 4214 τὸν
1502 4162 1709 4229 φωλεὸν
1740 4163 1832 4214 αῦ-

238 4255 335 4322 τῆς
371 4256 479 4306 ὑπὸ
510 4252 803 4321 θηρευτοῦ,
846 4256 941 4305 καὶ
971 4254 1335 4322 ἀναιρεθῆναι
1366 4252 1434 4305 τὰ
1466 4253 1688 4321 ἔγγονα.

310 4346 567 4400 ΖΩΝΔΡ.
611 4347 743 4414 Περὶ
774 4348 873 4414 τῆς
911 4348 967 4397 ὲν
994 4338 1099 4414 ὁδῷ
1151 4363 1180 4396 τ
1214 4346 1421 4415 κούσης
1473 4350 1566 4398 καὶ
1628 4345 1834 4415 ἀμελη-

243 4438 415 4505 σασης
450 4435 546 4487 τοῦ
571 4435 871 4503 κυηθέντος
900 4436 993 4487 καὶ
1031 4437 1090 4488 ἐν
1112 4436 1190 4502 λγ¹
1254 4441 1441 4488 κανόνι
1496 4434 1780 4498 διετάξατο
1804 4438 1831 4486 ὀ

236 4530 416 4594 ἅγιος.
464 4526 580 4580 Νῦν
609 4528 665 4581 δὲ
698 4530 1037 4598 σαφέστερον
1082 4528 1434 4582 διατάττεται
1470 4528 1695 4597 φάσκων
1724 4529 1827 4586 ὅτι,

236 4624 286 4671 ει
320 4621 423 4687 μιν
454 4603 751 4688 ’δυναμένη
803 4620 1113 4687 περισῶσαι
1147 4620 1208 4671 τὸ
1236 4619 1519 4689 γεννηθὲν,
1554 4620 1830 4688 ἠμέλησεν

239 4710 406 4764 αὐτοῦ
442 4712 535 4763 διὰ
573 4711 921 4779 συγκαλύψαι
951 4714 1050 4781 τὴν
1096 4712 1395 4780 ἁμαρτίαν,
1467 4714 1531 4763 ἐκ
1572 4712 1830 4781 πορνείας

237 4804 393 4863 ἴσως,
426 4802 461 4871 ἢ
508 4803 757 4870 μοιχείας
792 4802 1157 4862 συλλαϐοῦσα.
1208 4799 1243 4872 ἦ
1292 4804 1386 4854 καὶ
1440 4802 1829 4869 ἀπανθρώπως

238 4896 712 4964 καταφρονήσασα
745 4893 840 4946 τοῦ
865 4894 1151 4964 τεχθέντος
1204 4896 1298 4947 καὶ
1323 4894 1606 4963 θηριωδῶς
1626 4909 1641 4923 '
1667 4894 1831 4962 ἐχρή-

239 5004 370 5039 σατο
396 4987 453 5039 δὲ
478 4988 547 5054 τῇ
578 4985 721 5049 λέξει
753 4987 876 5038 ἀντὶ
906 4985 997 5037 τοῦ
1027 4985 1193 5053 ὠμῶς
1215 4987 1308 5037 καὶ
1345 4985 1591 5053 ἀπηνῶς.
1623 4986 1695 5037 Οὐ
1721 4988 1829 5053 γὰρ

238 5080 379 5132 οῦτω
418 5082 490 5133 τὰ
532 5079 697 5148 θηρία
728 5075 1003 5140 ποιοῦσιν,
1038 5078 1175 5128 ἀλλά
1209 5076 1463 5128 τίκτοντα
1516 5078 1644 5143 περὶ
1698 5077 1827 5136 τοὺς

240 5172 525 5242 σκύμνους
601 5172 876 5239 ἐπιμελῶς
940 5170 1301 5223 διατίθενται·
1345 5170 1439 5220 καὶ
1504 5170 1826 5238 περιέπουσι

238 5267 327 5316 καὶ
359 5265 635 5333 τρέφουσι
668 5265 733 5314 τα
763 5263 982 5329 ἔγγονα,
1017 5264 1110 5313 καὶ
1136 5260 1341 5313 τούτων
1373 5260 1827 5330 προκινδυνεύου-

239 5369 354 5404 σιν’
397 5355 447 5407 εί
478 5356 582 5422 μὲν
613 5350 707 5404 οὖν
756 5353 918 5417 οῦτω,
965 5352 1119 5421 φησὶ,
1172 5350 1548 5419 κατεφρόνησε
1598 5348 1693 5400 τοῦ
1736 5367 1826 5401 τε-

240 5444 489 5512 χθέντος,
521 5445 599 5506 ὼς
645 5446 953 5513 φονεύσασα
998 5442 1433 5513 κατακρινέσθω.
1467 5442 1527 5492 El
1566 5440 1621 5493 δὲ
1669 5441 1824 5510 ἣθελε

240 5539 338 5607 μὲν
359 5538 678 5612 περισῶσαι
704 5539 765 5591 τὸ
804 5539 1027 5608 βρέφος,
1060 5538 1161 5591 οὐκ
1207 5536 1445 5607 ἠδυνήθη
1498 5535 1553 5587 δὲ
1590 5533 1656 5586 δι’
1701 5537 1828 5602 ἐρη-

240 5630 367 5697 μίαν
429 5631 529 5682 καὶ
590 5631 822 5699 απορίαν
877 5629 991 5682 τῶν
1037 5632 1373 5696 ἀναγκαίων,
1432 5627 1589 5698 ἢδιά
1637 5628 1822 5696 φόὸον,

238 5721 365 5785 fam;
402 5720 918 5791 συγγνωσθήσεται.

1945 3249 2103 3299 modo
2140 3249 2262 3315 quis
2293 3263 2410 3301 eam
2466 3248 2858 3300 criminandum
2903 3260 3025 3299 esse
3078 3243 3333 3295 diceret?
3385 3240 3514 3294 Illud

1940 3349 2144 3400 autem,
2203 3351 2431 3393 matrem
2488 3339 2722 3392 helluine
2775 3338 2946 3397 alIIci,
2985 3339 3167 3404 accipe
3217 3336 3512 3388 secundum

1939 3441 2259 3490 prazsentem
2307 3430 2834 3498 interpretationem,
2884 3439 2936 3483 ct
2992 3442 3095 3479 non
3158 3437 3213 3478 ut
3264 3428 3515 3478 dicebant

1938 3520 2129 3586 aliqui,
2164 3522 2461 3574 secundum
2510 3522 2742 3573 ferarum
2777 3530 3078 3572 maternam
3113 3519 3511 3573 educationem.

1940 3611 2226 3665 Permulta!
2258 3616 2399 3665 enim
2435 3614 2561 3666 ferte
2596 3613 2767 3680 pullos
2820 3627 2946 3663 suos
2977 3610 3265 3678 diligenter
3322 3620 3517 3661 curant

1938 3712 1991 3757 et
2022 3705 2277 3765 educant,
2307 3714 2361 3757 et
2394 3720 2491 3772 pro
2522 3706 2601 3758 eis
2635 3704 2879 3773 pericula
2924 3704 3181 3763 subeunt,
3235 3716 3332 3755 nec
3387 3714 3517 3753 sunt

1935 3795 2017 3847 eis
2064 3793 2404 3848 conferendae
2461 3796 2661 3849 dolosa:
2712 3806 2767 3849 et
2819 3794 3075 3848 socordes
3125 3803 3346 3847 matres.
3395 3789 3514 3845 Ιιιιιι

1938 3883 2080 3937 enim
2116 3884 2282 3938 leama
2319 3895 2518 3938 tantam
2546 3902 2771 3940 suorum
2796 3887 3101 3939 catulorum
3137 3901 3324 3940 curam
3350 3888 3512 3953 gerit,

1938 3987 1995 4029 ut
2022 3988 2182 4031 antro
2210 3979 2515 4045 egrediens.
2542 3991 2593 4031 et
2624 3981 2816 4046 pedum
2849 3993 3069 4032 suorum
3097 3978 3317 4043 vestigia
3342 3980 3513 4029 cauda

1935 4070 2297 4129 confundens,
2330 4086 2434 4122 non
2470 4071 2611 4123 sinat
2657 4083 2871 4121 antrum
2906 4085 3061 4122 suum
3118 4068 3433 4135 investigari
3484 4085 3517 4118 α

1936 4170 2215 4221 venatore,
2252 4172 2303 4214 et
2337 4161 2474 4213 fetus
2505 4176 2631 4214 sum
2663 4162 2920 4214 interimi.

2007 4336 2261 4393 ZONAR.
2302 4337 2374 4391 De
2405 4337 2655 4399 muliere,
2686 4350 2803 4404 qur:
2831 4336 2883 4387 in
2924 4335 3005 4385 via
3048 4334 3277 4403 peperit,
3316 4334 3511 4387 fetum-

1937 4448 2043 4501 que
2070 4431 2323 4497 neglexit,
2359 4429 2635 4483 tricesimo
2685 4429 2844 4481 tertio
2892 4442 3109 4496 quoque
3167 4442 3372 4479 canone
3417 4430 3515 4479 de-

1936 4534 2142 4579 cretum
2173 4532 2391 4577 sanctus
2418 4523 2500 4574 vir
2533 4519 2911 4589 promulgavit.
2945 4519 3099 4572 Nune
3126 4533 3251 4573 vero
3276 4518 3516 4584 apertius

1933 4618 2141 4682 deﬂuit,
2184 4617 2389 4679 dicens,
2420 4616 2686 4681 siquidem
2730 4629 2851 4665 cum
2893 4621 3099 4679 posset,
3135 4612 3185 4663 id
3220 4611 3361 4677 quod
3398 4612 3513 4664 edi-

1936 4722 2045 4762 tmn
2078 4720 2190 4762 erat
2223 4722 2464 4767 servare,
2501 4706 2629 4757 illud
2673 4704 2927 4773 neglexit,
2965 4712 3021 4756 ut
3054 4713 3333 4769 peccatum
3368 4704 3512 4757 cela-

1934 4808 2034 4860 ret,
2071 4796 2234 4868 (forte
2282 4809 2516 4863 namque
2557 4809 2621 4845 ex
2676 4792 3052 4855 fornicatione,
3103 4792 3186 4845 vel
3249 4794 3523 4844 adu'terio

1932 4887 2278 4956 conceperat)
2309 4888 2389 4941 vel
2419 4886 2579 4940 etiam
2613 4894 2823 4953 partum
2847 4884 3211 4937 inhumaniter
3257 4894 3309 4936 et
3341 4884 3516 4935 ferino

1934 4996 2083 5036 more
2112 4980 2466 5046 contempsit;
2517 4993 2646 5031 usus
2676 4988 2759 5032 est
2804 4991 2966 5045 porro
2999 4978 3098 5029 hac
3132 4974 3382 5034 formula,
3413 4973 3516 5043 [fe-

1932 5076 2052 5129 rino
2074 5069 2247 5143 more]
2270 5081 2327 5124 ut
2347 5071 2724 5125 crudelitatem
2757 5067 3131 5135 saevitiamque
3157 5066 3509 5131 significaret.

1933 5166 2038 5222 Nec
2070 5168 2213 5219 enim
2245 5163 2482 5219 ferarum
2512 5165 2611 5217 iste
2647 5176 2764 5216 mos-
2787 5172 2891 5225 Cal,
2926 5162 3017 5214 sed
3051 5161 3139 5213 ubi
3187 5167 3513 5227 pepererunt

1930 5259 2278 5313 sedulitatem
2328 5259 2378 5308 in
2434 5256 2633 5308 catulis
2688 5255 2803 5306 suis
2872 5252 3178 5306 nutriendis
3232 5250 3507 5301 adhihent.

1930 5350 2221 5419 foventque
2249 5359 2303 5404 et
2322 5349 2473 5402 alunt
2496 5347 2665 5410 fetus,
2689 5361 2749 5397 ac.
2771 5360 2867 5413 pro
2892 5346 2955 5397 iis
2977 5342 3213 5412 pericula
3235 5340 3461 5393 subeunt
3494 5355 3504 5389 :

1930 5445 2196 5513 siquidem
2235 5442 2419 5511 igitur,
2453 5441 2529 5493 ait
2588 5440 2687 5493 hac
2718 5420 2933 5491 Fatione
2975 5444 3189 5503 partum
3230 5444 3385 5484 suum
3414 5444 3511 5481 nc-

1928 5537 2119 5603 glexit,
2154 5544 2410 5604 tanquam
2441 5531 2718 5587 homicidii
2749 5545 2837 5585 rea
2867 5530 3172 5582 damnetur.
3204 5523 3297 5577 Sin
3330 5532 3510 5575 autem

1931 5629 2099 5682 voluit
2132 5628 2217 5680 illa
2265 5627 2480 5695 quidem
2542 5639 2759 5677 servare
2814 5620 3097 5679 infantem,
3144 5622 3510 5670 verumtamen

1931 5720 2069 5773 haud
2095 5717 2287 5786 potuit,
2328 5716 2471 5784 quod
2507 5715 2559 5767 iu
2590 5713 2822 5767 desertis
2867 5710 2998 5761 lucis
3041 5708 3405 5775 deprehensa,
3452 5720 3514 5757 ac

1934 5813 2097 5867 rebus
2124 5809 2446 5865 necessariis
2476 5809 2733 5863 desntuta
2768 5815 2933 5867 esset,
2962 5812 3052 5857 aut
3077 5802 3145 5857 ob
3182 5812 3385 5856 metum
3417 5798 3514 5851 ati-

1937 5917 2121 5970 qucm,
2154 5902 2293 5958 forte
2322 5904 2538 5970 impune
2570 5899 2723 5953 feret.
