4224 6446
755 366 866 430 743

2014 366 2114 423 ’ΠΙ
2129 364 2294 425 EOD.
2330 364 2559 422 BALSA
2570 364 2726 422 MON

3912 378 4018 438 7H

825 474 979 545 ιιι
1010 471 1238 528 Διιιδτ.
1270 472 1400 539 Quae
1428 482 1645 542 propter
1668 473 2009 527 solitudinem
2037 488 2127 527 aut
2154 490 2326 527 rerum

2528 473 2754 527 ΑΡΙΣΤ.
2799 474 2865 530 Ἠ
2902 477 3225 548 ἀμελήσχσα
3258 480 3351 533 τοῦ
3388 483 3666 551 κυήματος
3687 485 3755 536 δι’
3796 488 4025 558 ὲρημίιν

750 564 1184 621 ιιθιῖεεεειῐίιτιιηι
1235 565 1469 632 inopiam
1549 563 1716 615 fetum
1785 564 2018 631 neglexit
2087 564 2335 617 criminis

745 672 943 727 expert
963 666 1066 710 68'-

1344 746 1572 802 CANON
1612 746 1742 801 LIII.

754 842 921 896 \‘idua
954 841 1144 895 ancilla
1180 842 1317 895 forte
1351 856 1457 893 non
1492 839 1723 893 multum
1755 840 1903 905 lapsa
1929 849 2036 903 est,
2087 854 2206 908 qua:
2233 839 2333 894 sub

825 945 1009 1000 raptus
1042 933 1413 998 simulatione,
1443 935 1738 987 secundum
1775 934 2188 986 matrimonium
2231 932 2332 987 eli-

819 1027 916 1094 git.
937 1025 1297 1091 Quamobrem
1322 1041 1441 1080 eam
1467 1026 1533 1078 de
1556 1024 1649 1078 illo
1671 1039 1926 1079 accusare
1949 1039 2051 1077 non
2080 1035 2329 1091 oportet:

820 1132 995 1186 neque
1046 1118 1194 1171 enim
1250 1116 1521 1171 simulatio
1577 1116 1874 1184 judicatur,
1930 1116 2022 1167 sed
2056 1113 2330 1168 voluntas.

821 1209 1043 1262 Clarum
1095 1217 1179 1263 est
1211 1218 1391 1261 autem
1442 1210 1583 1276 quod
1632 1207 1777 1259 illam
1816 1216 1999 1259 manet
2046 1219 2203 1273 poena
2251 1205 2334 1257 di-

814 1312 1023 1366 gantlm.

818 1389 1012 1441 BALS.
1049 1388 1278 1451 Ancilla,
1313 1390 1484 1451 inquit
1532 1397 1772 1449 sanctus,
1829 1387 1985 1438 vidua
2033 1396 2087 1438 et
2122 1394 2308 1439 volens

744 1482 959 1550 quidem
998 1481 1295 1534 secundum
1348 1479 1749 1530 matrimonium
1797 1475 2142 1537 contrahere,
2190 1476 2331 1529 forte

747 1583 927 1625 autem
975 1587 1041 1623 ne
1079 1572 1176 1623 hoc
1232 1569 1396 1622 faciat
1446 1568 1741 1629 retardata,
1791 1578 2070 1635 propterea
2119 1567 2262 1634 quod
2297 1582 2325 1618 a

745 1665 860 1716 suis
891 1664 1015 1716 filiis
1039 1663 1121 1715 vel
1150 1678 1176 1714 a
1200 1662 1390 1730 primis
1414 1660 1651 1729 conjugii
1677 1664 1922 1728 cognatis
1954 1660 2326 1723 damnaretur,

743 1764 798 1804 et
833 1762 1117 1819 pr0ptcrea
1176 1767 1234 1804 se
1282 1760 1490 1819 raptam
1537 1752 1704 1802 luisse
1756 1765 1864 1817 prae
1909 1764 1966 1802 se
2018 1749 2197 1802 ferens
2232 1764 2328 1817 per

2441 563 2470 632 ἢ
2503 564 2742 635 ἀπορίαν
2771 567 2879 620 τῶν
2910 569 3235 639 ἐπιτηδείων
3265 573 3583 637 ἀνεύθυνος.

3027 747 3267 800 ΚΔΝΩΝ
3307 748 3433 802 Nl".

2450 831 2513 887 Ἦ
2546 835 2691 903 χήρα
2720 834 2880 906 δούλη
2910 839 3053 905 τάχα
3082 838 3141 888 οὐ
3176 838 3320 905 μέγα
3350 839 3610 893 ἔπταισεν
3640 840 3875 909 ἑλομένη
3904 842 4025 894 δεύ-

2506 940 2665 993 τερον
2716 926 2897 993 γάμον
2947 928 3005 977 ἐν
3054 929 3294 994 σχήματι
3343 930 3623 997 ἁρπαγῆς.
3653 931 3821 984 Ὥστε
3870 932 4025 983 οὐδὲν

2507 1014 2701 1067 τούτου
2737 1016 2925 1068 ἕνεκεν
2963 1018 3315 1082 ἐγκαλεῖσθαι
3356 1021 3485 1088 χρή.
3524 1023 3599 1073 Οὐ
3640 1023 3750 1090 γὰρ
3786 1021 3857 1075 τὰ
3896 1022 4030 1089 σχή-

2511 1124 2659 1177 ματα
2689 1109 2955 1176 κρίνεται,
2988 1109 3102 1161 ἀλλ’
3128 1113 3161 1178 η
3195 1112 3536 1179 προαίρεσις.
3566 1114 3735 1181 Δῆλον
3761 1113 3822 1166 δὲ
3850 1114 3940 1165 ὅτι
3972 1114 4032 1164 τὸ

2510 1199 2608 1265 τῆς
2640 1198 2902 1267 διγαμίας
2936 1200 3091 1268 μένει
3122 1201 3260 1271 αὐτῇ
3294 1202 3592 1271 ἐπιτίμιον.

2508 1375 2796 1429 ΒΑΛΣ.Ἦ
2824 1377 3008 1447 δούλη,
3040 1380 3204 1445 cpt-16"»
3231 1381 3257 1431 ὁ
3288 1379 3462 1446 ἅγιος,
3496 1381 3529 1449 ὴ
3560 1379 3904 1450 χηρεύσασα,
3942 1388 4033 1431 καὶ

2435 1466 2665 1519 θέλουσα
2699 1468 2799 1536 μὲν
2825 1469 3335 1537 δευτερογαμῆσαι,
3369 1472 3499 1533 ίσως
3530 1472 3586 1523 δὲ
3620 1472 4031 1539 συστελλομένη

2432 1558 2591 1611 τοῦτο
2623 1559 2845 1625 ποιῆσαι
2871 1561 2959 1613 διὰ
2983 1561 3081 1629 τὴν
3108 1561 3212 1612 άπὸ
3238 1562 3344 1613 τῶν
3371 1562 3588 1614 οἰκείων
3618 1562 3845 1619 παίδων,
3875 1562 3909 1630 ἢ
3943 1566 4034 1614 καὶ

2432 1650 2540 1701 τῶν
2573 1652 2635 1702 ὲκ
2667 1650 2760 1703 τοῦ
2796 1652 3014 1719 πρώτου
3053 1654 3389 1704 συνοικεσέου
3427 1653 3708 1720 συγγενῶν
3741 1654 4032 1719 κατάγνωο

2435 1759 2540 1802 σιν,
2577 1743 2669 1796 καὶ⁵
2707 1744 3152 1813 σχηματιζομένη
3194 1746 3284 1795 διὰ
3317 1744 3478 1797 τοῦτο
3519 1744 3841 1814 ἀρπαγῆναι
3880 1744 4030 1811 παρὰ

747 1846 984 1896 futurum
1034 1843 1341 1910 coniugem.
1391 1841 1636 1894 accusari
1682 1856 1790 1892 non
1832 1848 2026 1906 potest,
2062 1840 2186 1908 quia
2219 1854 2324 1893 non

2432 1834 2525 1885 τοῦ
2561 1834 2962 1902 μελλοσυζύγου
2982 1876 2997 1901 ,
3026 1837 3411 1898 ὰκαταιτίατός
3439 1838 3591 1888 ἐστι’
3618 1836 3754 1889 διότι
3775 1837 3878 1888 οὐκ
3904 1837 4031 1901 άλη-

743 1946 828 1990 est
866 1949 1022 1987 verus
1074 1944 1282 2002 raptus,
1312 1932 1405 1986 scd
1454 1934 1659 1985 velatus
1707 1933 1807 1985 sub
1863 1932 2084 1986 secundi
2137 1933 2327 1985 matri-

744 2027 915 2080 monii
978 2037 1259 2095 pttetextu.
1324 2024 1563 2093 Equum
1622 2035 1707 2077 est
1760 2036 1941 2077 autem
1999 2026 2325 2080 neminema

743 2124 1004 2184 praetexto
1040 2132 1131 2171 seu
1157 2116 1506 2169 simulatione
1530 2115 1796 2176 damnari,
1823 2118 1915 2168 sed
1940 2130 2005 2167 ex
2039 2116 2326 2168 aﬂectione

742 2222 797 2262 et
823 2208 1119 2265 voluntate.
1150 2210 1330 2273 Quare
1366 2208 1408 2261 si
1439 2222 1544 2259 non
1599 2208 1819 2260 suberat
1867 2208 2091 2260 secundi
2140 2208 2328 2260 matri-

745 2299 910 2352 monii
947 2304 1103 2362 ratio,
1149 2301 1243 2352 sed
1281 2308 1502 2367 propter
1533 2298 1946 2351 fornicationem
2003 2314 2063 2351 se
2117 2309 2322 2366 raptam

742 2406 864 2446 e~se
894 2391 1188 2452 simulavit,
1226 2400 1282 2441 ut
1330 2407 1447 2457 quas
1497 2390 1760 2441 fornicata
1795 2388 1865 2440 sit
1911 2390 2188 2455 puniatur.
2230 2387 2322 2441 ιἰ-

745 2489 905 2534 ttnam
949 2493 1126 2533 autem
1161 2498 1225 2534 ne
1250 2482 1450 2535 dixerit
1475 2496 1595 2534 esse
1633 2492 1685 2532 et
1714 2481 1991 2541 ancillam,
2025 2480 2117 2532 sed
2160 2478 2325 2531 fuisse

742 2574 963 2639 quidem
1000 2573 1290 2641 aliquando
1325 2572 1598 2635 ancillam,
1652 2587 1795 2624 nunc
1848 2581 2027 2623 autem
2071 2570 2322 2623 liberam.

743 2665 858 2730 Ipsa
890 2663 1033 2714 enim
1085 2672 1265 2729 potest
1304 2662 1534 2726 primum
1584 2670 1636 2714 et
1670 2659 1965 2713 secundum
1997 2659 2326 2712 contrahere

745 2753 1172 2813 tttatrimonimn,
1232 2753 1455 2804 sednon
1517 2753 1735 2813 ancilla,
1791 2768 1908 2814 quae
1956 2770 1995 2803 'a
2056 2751 2169 2819 lege
2220 2766 2323 2805 non

744 2844 1112 2911 cognmcitnr,
1146 2851 1197 2893 et
1249 2856 1276 2893 a
1317 2842 1571 2907 legitimis
1616 2844 2011 2892 contractibus.
2060 2841 2324 2905 Quoniam

742 2944 922 2986 autem
959 2932 1221 2997 nonnulli,
1256 2947 1459 2984 ratione
1484 2933 1546 2980 ad
1584 2933 1831 2981 :tttt‘illattt
1872 2933 2139 2992 traducto,
2174 2932 2324 2985 dixe—

744 3032 867 3075 runt
897 3023 1038 3090 quod
1067 3033 1187 3087 post
1223 3023 1534 3074 simulatum
1570 3032 1777 3087 raptnnt
1804 3021 2059 3074 dominus
2087 3022 2326 3074 secundo

744 3115 1088 3164 tnatrimonio
1121 3112 1328 3174 annuit,
1364 3121 1411 3162 et
1466 3113 1546 3162 sic
1593 3128 1807 3178 quoquc
1858 3112 2087 3164 fortasse
2136 3110 2322 3163 existi-

2432 1925 2527 1992 θὴς
2564 1925 2786 1991 γέγονεν
2821 1925 3065 1995 ἁρπαγὴ,
3100 1927 3239 1979 ἀλλὰ
3277 1928 3727 1995 ἐσχηματισμένη
3768 1927 3860 1979 διὰ
3902 1928 4029 1995 πρό·

2432 2031 2595 2082 φασιν
2628 2014 3089 2083 δευτερογαμίας.
3126 2015 3347 2069 Δίκαιον
3384 2018 3439 2068 δέ
3480 2018 3596 2068 ἐστι
3641 2017 3715 2083 μὴ
3761 2015 4030 2083 κατακρί-

2430 2104 2622 2156 νεσθαί
2647 2121 2769 2157 τινα
2794 2106 2903 2157 ἀπὸ
2934 2107 3215 2175 σχήματος
3243 2109 3333 2158 καὶ
3363 2106 3727 2174 ὑποκρίσεως,
3756 2105 3898 2158 ἀλλὰ
3925 2106 4030 2155 ἀπο

2428 2196 2723 2259 διαθέσεως
2758 2198 2850 2249 καὶ
2886 2198 3285 2266 προαιρέσεως.
3311 2198 3477 2249 Ὥστε
3513 2198 3559 2249 εί
3596 2196 3671 2267 μὴ
3709 2198 3971 2248 ὑπέκειτο
4004 2197 4031 2244 ὁ

2426 2286 2585 2353 λόγος
2618 2292 2717 2357 τῆς
2754 2290 3187 2360 δευτερογαμίας
3210 2334 3224 2355 ,
3261 2292 3396 2344 ἀλλὰ
3427 2292 3515 2343 διὰ
3551 2293 3812 2361 πορνείαν
3846 2292 4030 2360 ἁρπα-

2427 2378 2593 2444 γῆναι
2630 2380 3070 2448 έσχηματὲσατο,
3104 2383 3178 2443 ώς
3214 2382 3564 2448 πορνεύσασα
3613 2381 3681 2435 ἂν
3730 2382 4028 2447 ἐκολάσθη.

2428 2470 2538 2539 Τὴν
2570 2472 2747 2539 χήραν
2780 2471 2835 2522 δὲ
2868 2472 2943 2541 μὴ
2975 2474 3133 2541 εἴπῃς
3166 2470 3308 2525 εἶναι
3337 2475 3431 2525 καὶ
3462 2474 3657 2542 δούλην
3689 2514 3707 2535 ,
3738 2473 3883 2526 ἀλλὰ
3913 2475 4035 2526 δού-

2428 2561 2527 2628 λην
2560 2562 2659 2628 μὲν
2689 2558 2829 2613 εἶναί
2864 2580 2993 2616 ποτε
3015 2603 3029 2628 ,
3063 2563 3264 2631 ἀρτίως
3300 2565 3357 2615 δὲ
3389 2564 3702 2632 ἐλευθέραν.
3735 2563 3890 2633 Αὕτη
3924 2565 4033 2631 γὰρ

2428 2655 2653 2707 δύναται
2682 2656 2899 2723 πρῶτόν
2921 2672 2979 2706 τε
3006 2658 3099 2707 καὶ
3123 2656 3378 2723 δεύτερον
3402 2657 3790 2708 συναλλάττειν
3814 2658 3995 2725 γάμον
4016 2672 4029 2685 ·

2428 2748 2488 2799 ού
2536 2748 2641 2817 μὴν
2679 2749 2711 2816 ἡ
2751 2748 2912 2812 δούλη
2952 2750 2986 2818 ἡ
3020 2750 3446 2816 άνεπιγνώστως
3479 2749 3555 2816 τῷ
3597 2750 3749 2817 νόμῳ
3790 2752 3888 2801 καὶ
3921 2753 4034 2810 τοτς

2429 2839 2687 2908 νομίμοις
2716 2841 3187 2909 συναλλάγμασιν.
3220 2840 3380 2895 Ἐπεὶ
3404 2842 3461 2892 δέ
3501 2858 3645 2902 τινες
3671 2842 4034 2913 ὲκλαῦόμενοι

2428 2931 2518 2982 τὸν
2560 2933 2759 2985 κανόνα
2802 2935 2881 2996 είς
2920 2934 3117 2999 δούλην
3153 2928 3309 2985 εἷπον
3342 2934 3423 2985 ὅτι
3468 2934 3609 3000 μετὰ
3647 2935 3749 3000 τὴν
3785 2935 4036 3003 ἐσχημα-

2428 3023 2689 3087 τισμένην
2721 3025 2975 3091 ἁρπαγὴν
3005 3025 3265 3076 ἐπένευσε
3294 3024 3371 3093 τῷ
3408 3026 3647 3093 δευτέρῳ
3680 3027 3847 3093 γάμῳ
3886 3028 3914 3076 ὁ
3948 3025 4036 3076 δε-

2430 3115 2633 3183 σπότης
2653 3155 2666 3174 ,
2694 3117 2787 3166 καὶ
2814 3114 2956 3166 οὕτω
2983 3115 3120 3184 τάχα
3148 3116 3404 3183 ἐνόμισαν
3426 3115 3525 3184 τὴν
3549 3117 3811 3183 πορνείαν
3833 3118 4034 3184 διαφυο

743 3215 957 3256 ntarnnt
978 3204 1387 3277 fornicationem
1418 3203 1673 3271 effugere,
1704 3215 1953 3270 tanquam
1980 3202 2323 3255 matrimonio

2433 3203 2571 3266 γεῖν,
2602 3201 2676 3262 ὡς
2708 3200 3047 3270 κυρωθέντος
3078 3200 3169 3254 τοῦ
3203 3204 3383 3270 γάμου
3412 3203 3502 3255 διὰ
3532 3204 3631 3271 τῆς
3665 3206 4036 3269 συναινέσεως

742 3309 841 3361 per
890 3293 1093 3346 domini
1146 3309 1469 3345 (ottsvttsttttt
1525 3292 1867 3355 confirmato,
1904 3293 2126 3345 audiant
2179 3293 2321 3361 quod

740 3385 997 3451 quoniam
1038 3383 1268 3449 primum
1316 3384 1717 3435 matrimonium
1759 3383 1954 3435 lactum
1989 3394 2070 3437 est
2120 3385 2328 3437 ancilla:

739 3490 862 3528 cum
892 3476 1083 3533 libero,
1119 3488 1245 3526 tunc
1275 3486 1451 3525 autem
1504 3477 1813 3527 necessario
1842 3492 2056 3543 quoque
2091 3491 2327 3529 consen-

741 3585 829 3619 sus
856 3567 1061 3618 domini
1098 3578 1422 3617 tOttset‘lllttS
1454 3577 1559 3625 est,
1594 3580 1671 3617 est
1716 3582 2204 3631 supervacaneum,
2238 3570 2323 3620 vel

741 3658 918 3724 potius
951 3672 1055 3708 non
1086 3655 1507 3716 admittendum,
1542 3666 1596 3706 ιιι
1632 3667 1963 3721 supponatur
2011 3672 2128 3708 eam
2165 3658 2329 3712 luisse

741 3749 994 3801 ancillam
1037 3760 1277 3807 tempore
1326 3748 1559 3798 simulati
1591 3758 1795 3809 raptus.
1848 3748 1886 3797 A
1950 3749 2126 3813 prium
2179 3750 2326 3801 enim

741 3841 1107 3899 matrimonio,
1136 3839 1273 3902 quod
1302 3839 1504 3890 domini
1533 3854 1797 3890 consensu
1850 3838 2047 3890 factum
2084 3850 2163 3891 est
2183 3879 2197 3901 ,
2225 3854 2323 3890 att-

739 3929 861 3982 rilla
923 3930 1083 3980 tacite
1144 3928 1308 3979 littera
1364 3937 1466 3988 est,
1532 3943 1628 3979 nec
1689 3929 1922 3995 amplius
1977 3930 2327 3995 Oplls‘llaltuil

738 4036 1005 4074 consensu
1042 4020 1155 4085 ejus
1207 4021 1295 4088 qui
1351 4020 1450 4073 luit
1498 4019 1790 4087 aliquando
1831 4020 2103 4081 dominus,
2135 4022 2202 4073 ad
2235 4036 2323 4075 se—

740 4112 975 4163 cundum
1014 4112 1439 4162 matrimonium.
1476 4110 1895 4177 Interrogaverit
1944 4122 2122 4163 autem
2172 4111 2327 4179 quis-

744 4202 908 4266 piam,
959 4217 1078 4255 cum
1115 4202 1256 4265 logos
1281 4209 1331 4251 et
1368 4216 1622 4259 canones,
1680 4200 2134 4267 quemadmodum
2185 4214 2325 4264 saepe

742 4293 944 4345 dictum
976 4302 1081 4355 est,
1119 4308 1221 4344 non
1258 4292 1573 4357 permittant
1607 4301 1663 4342 ttt
1696 4303 1939 4354 raptores
1976 4292 2143 4357 raptis
2196 4292 2325 4358 logi-

740 4394 870 4443 time
900 4392 1296 4457 coujnugautur
1324 4427 1337 4445 .
1370 4387 1580 4439 etiamsi
1611 4398 1888 4452 raptarum
1926 4387 2199 4438 voluntate
2232 4388 2323 4438 liat

2430 3290 2520 3341 τοῦ
2549 3291 2809 3344 δεσπότου
2832 3309 2843 3320 ·
2873 3293 3266 3346 ἀκουσάτωσαν
3292 3296 3395 3359 ὅτι,
3423 3297 3545 3348 hcet
3570 3297 3803 3366 πρώτως
3832 3299 4033 3363 γέγονε

2432 3382 2607 3447 γάμος
2631 3382 2727 3449 τῆς
2757 3381 2949 3444 δούλης
2982 3382 3118 3449 μετὰ
3148 3383 3455 3454 ἐλευθέρου,
3487 3387 3546 3453 ἐξ
3576 3389 3825 3454 ἀνάγκης
3852 3387 3907 3439 δὲ
3934 3404 4035 3456 τη-

2429 3469 2655 3522 νικαῦτα
2683 3472 2779 3523 καὶ
2807 3471 3114 3536 συναίνεσις
3138 3474 3232 3525 τοῦ
3258 3474 3519 3528 δεσπότου
3549 3477 4032 3546 παρηκιλούθησε,

2430 3563 2708 3630 περιττὸν,
2742 3563 2943 3630 μᾶλλον
2968 3563 3023 3615 δὲ
3051 3565 3364 3618 ἀνένδεκτόν
3393 3569 3511 3619 ἐστι
3542 3568 3602 3620 τὸ
3627 3568 4034 3638 θεματισθῆναι

2430 3654 2572 3703 κατὰ
2601 3654 2689 3704 τὸν
2724 3654 2914 3719 καιρὸν
2944 3655 3041 3721 τῆς
3072 3656 3560 3726 ὲσχηματισμένης
3591 3661 3856 3729 ἁρπαγῆς
3886 3659 4035 3713 εἷναι

2427 3744 2597 3809 αὐτὴν
2643 3744 2855 3811 δούλην.
2893 3744 3025 3795 Ἀπὸ
3075 3745 3183 3816 γὰρ
3230 3746 3324 3799 τοῦ
3373 3750 3594 3816 πρώτου
3645 3752 3831 3819 γάμου
3886 3758 4036 3806 κατὰ

2432 3837 2737 3888 συναίνεσιν
2765 3835 2855 3888 τοῦ
2888 3838 3149 3889 δεσπότου
3182 3841 3475 3909 γενομένου
3506 3842 3863 3914 ἠλευθερώθη
3898 3862 4031 3898 σιω-

2430 3928 2622 3997 πηρῶς
2652 3929 2682 3994 ἠ
2710 3927 2892 3997 δούλη,
2926 3929 3021 3981 καὶ
3047 3929 3148 3982 οὑκ
3175 3932 3351 3983 ἑδέὲτο
3383 3933 3747 3996 συναινέσεως
3769 3938 3865 3989 τοῦ
3900 3954 4035 3990 ποτε

2429 4017 2691 4067 δεσπότου
2743 4019 2834 4067 ἐπὶ
2887 4018 3311 4090 δευτερογαμίᾳ.
3358 4022 3665 4092 Ἐρωτήσει
3713 4024 3770 4077 δέ
3820 4044 3909 4087 τις
3959 4029 4037 4089 ὡς

2428 4109 2535 4160 τῶν
2567 4111 2749 4173 νόμων
2781 4111 2871 4161 καὶ
2902 4109 3007 4160 τῶν
3040 4113 3311 4173 κανόνων,
3345 4113 3525 4174 καθὼς
3560 4114 3839 4184 διαςόρως
3875 4120 4037 4187 είρη-

2428 4218 2536 4262 ται,
2571 4204 2643 4269 μὴ
2672 4203 3156 4271 παραχωρούντων
3182 4208 3309 4267 τοὺς
3335 4204 3593 4275 ἅρπαγας
3620 4210 3878 4278 νομίμως
3911 4228 4039 4264 συν-

2430 4292 2701 4343 άπτεσθαι
2738 4297 2856 4355 ταῖς
2897 4296 3299 4361 άρπαγείσαις,
3336 4299 3439 4349 κᾶν
3475 4300 3619 4351 κατὰ
3662 4300 3892 4368 θέλησιν
3928 4302 4039 4353 τών

2432 4383 2786 4447 άρπχγεισῶν
2823 4387 2851 4449 ἡ
2892 4386 3119 4454 ἁρπαγὴ
3155 4389 3366 4454 γέγονε,
3405 4390 3521 4449 πῶς
3557 4394 3582 4441 ὁ
3619 4391 3813 4459 παρὼν
3852 4392 4038 4444 κανών

741 4492 945 4548 raptus.
975 4479 1245 4546 quomodo
1278 4478 1407 4529 dicit
1438 4491 1672 4545 prtesens
1707 4493 1876 4528 canon
1905 4491 1934 4528 a
1969 4488 2122 4543 raptu
2155 4477 2322 4531 simu-

2432 4489 2595 4539 φησιν
2634 4476 2740 4525 ἀπὸ
2776 4476 2870 4540 τῆς
2910 4478 3397 4544 ἐσχηματισμένης
3434 4478 3697 4546 ἁρπαγῆς
3735 4482 3814 4548 μὴ
3858 4484 4038 4549 ἐμποο

740 4574 849 4625 lato
883 4586 984 4623 nan
1018 4570 1264 4637 impediri
1300 4568 1594 4621 secundum
1628 4568 2056 4621 matrimonium.
2081 4567 2190 4621 Sol.
2227 4567 2325 4621 Hic

741 4672 928 4729 raptus
963 4678 989 4713 a
1025 4662 1140 4712 \‘it'o
1169 4660 1346 4713 factus
1398 4676 1501 4711 non
1557 4665 1667 4721 est;
1716 4674 1812 4712 nec
1861 4658 1963 4711 ulla
2001 4661 2166 4725 actio,
2209 4675 2326 4729 qua:

740 4766 949 4818 raptum
985 4756 1301 4813 constituat,
1334 4752 1427 4802 sed
1474 4750 1666 4804 mulier
1696 4764 1815 4816 qua;
1844 4749 2056 4802 volebat
2086 4751 2323 4804 secundo

741 4846 962 4903 nubere.
1035 4859 1091 4895 sc
1141 4854 1343 4909 raptam
1380 4842 1546 4895 fuisse
1578 4843 1850 4895 simulavit
1880 4852 2097 4910 pr0pter
2135 4858 2325 4896 causas

740 4936 912 4988 dictas
945 4934 1215 5001 superius.
1259 4933 1311 4984 Si
1352 4934 1494 4985 enim
1535 4945 1721 4999 raptus
1753 4934 1975 4987 omnino
2013 4934 2188 4988 factus
2218 4945 2323 4999 est,

741 5040 838 5077 nec
875 5022 1283 5076 matrimonium
1309 5022 1525 5088 quidem
1560 5025 1704 5075 inter
1736 5038 1829 5075 eos
1870 5023 2192 5087 intercedet,
2229 5024 2321 5075 sed

742 5127 1038 5184 ruptorum,
1093 5123 1145 5167 cl.
1201 5112 1590 5167 fornicalorum
1642 5115 1816 5182 panis
1870 5116 2095 5168 omnino
2150 5116 2321 5183 subji-

737 5208 935 5258 ('lf‘ttlll.

808 5294 1062 5348 ZUNAR.
1091 5296 1323 5358 Ancilla,
1346 5310 1466 5346 cum
1494 5295 1651 5347 vidua
1688 5308 1849 5362 esset,
1875 5312 1904 5349 a
1930 5299 2161 5366 quodam
2189 5296 2325 5350 forte

740 5389 955 5442 fortuna
991 5399 1139 5455 rapta
1190 5386 1312 5440 fuit.
1349 5386 1420 5441 Ea
1466 5404 1591 5441 vero
1626 5404 1683 5443 se
1731 5402 1925 5457 Sponte
1963 5391 2160 5457 raptori
2207 5403 2318 5442 tra-

735 5481 892 5543 ιΙὶιιιι,
924 5491 979 5533 et
1011 5496 1129 5532 cum
1167 5494 1232 5533 eo
1265 5479 1503 5550 legitime
1553 5480 1906 5535 matrimonio
1939 5490 2019 5534 est
2051 5482 2319 5548 copulata.

734 5572 982 5624 Aﬂirntat
1016 5573 1176 5639 igitur
1213 5571 1299 5624 ltic
1329 5588 1555 5639 magnus
1590 5572 1772 5638 Pater,
1806 5574 2073 5640 ejusmodi
2132 5573 2317 5625 tnulic-

738 5676 849 5713 rem
886 5665 1151 5717 secundas
1178 5665 1402 5732 elegisse
1436 5666 1672 5732 nuptias,
1722 5680 1815 5734 per
1866 5673 2048 5731 raptus
2092 5664 2320 5715 simula-

737 5752 961 5817 tionem,
997 5753 1137 5807 bunc
1163 5769 1325 5821 porro
1360 5768 1572 5825 raptum
1610 5756 1757 5825 nupti
1784 5771 1919 5808 :runt
1956 5769 2115 5807 causa
2158 5754 2325 5806 sintn-

2431 4563 2674 4625 6i;530;t
2721 4567 2816 4636 τὴν
2861 4566 3333 4636 δευτερογαμίαν;
3381 4571 3597 4635 Λύσις.
3647 4571 3931 4625 Ἐνταῦθα
3978 4576 4037 4626 οὗ

2431 4660 2651 4725 γέγονεν
2691 4661 2915 4729 ἁρπαγὴ
2963 4663 3112 4730 παρὰ
3145 4662 3239 4714 τοῦ
3281 4663 3493 4731 ἀνδρὸς,
3534 4663 3656 4714 οὐδέ
3694 4682 3783 4727 τις
3832 4670 4040 4734 πρᾶξτς

2430 4746 2527 4816 τὴν
2574 4748 2829 4818 ἁρπαγὴν
2877 4752 3274 4818 συγκροτοῦσα,
3324 4752 3459 4803 ἀλλὰ
3509 4754 3541 4822 η
3588 4756 3749 4825 γυνὴ.
3800 4757 4038 4811 θέλουσα

2430 4842 2530 4905 τὴν
2558 4838 3014 4908 δευτερογαμίαν,
3049 4842 3458 4911 ἐσχηματὶσατο
3487 4844 3587 4914 τὴν
3619 4847 3894 4916 ἁρπαγὴν
3950 4851 4038 4901 δά

2430 4929 2529 4989 τὰς
2574 4927 2792 4987 ἄνωθεν.
2820 4929 3076 4997 ῥηθείσας
3121 4929 3321 4994 αἰτίας.
3366 4933 3426 4984 Εί
3472 4933 3581 5001 γὰρ
3621 4934 3763 4997 ὅλως
3812 4941 4040 5005 γέγονεν

2432 5016 2653 5082 ἁρπαγὴ
2683 5014 2804 5068 οὔτε
2836 5020 3015 5087 γάμος
3046 5018 3113 5071 ἂν
3146 5021 3375 5090 συνέστη
3423 5022 3589 5091 μέσον
3639 5024 3833 5075 αὐτῶν
3854 5039 3871 5053 ⁸
3905 5027 4041 5077 ἀλλα

2432 5108 2523 5156 καὶ
2551 5110 2660 5167 τοῖς
2694 5109 2822 5173 περὶ
2848 5109 2958 5161 τῶν
2987 5110 3348 5179 ἁρπαζόντων
3378 5113 3470 5165 καὶ
3502 5112 3895 5181 πορνευόντων
3924 5120 4041 5169 ἔτιγ-

2428 5198 2627 5263 τιμίοις
2658 5199 2722 5250 ἂν
2753 5200 3042 5255 ὑπέπεσον.

2498 5289 2737 5343 ΖΩΝΛΡ.
2772 5292 2943 5361 Δούλη
2974 5294 3289 5363 χηρεύσασα
3318 5295 3543 5365 ἡρπάγη
3571 5295 3740 5363 δῆθεν
3774 5300 3939 5369 παρά
3967 5320 4041 5354 τι·-

2431 5397 2515 5437 νος
2541 5396 2549 5406 ·
2581 5381 2611 5448 ἠ
2640 5383 2694 5433 δὲ
2723 5384 2925 5435 ἑκοῦσα
2952 5385 3151 5453 ἑαυτὴν
3180 5387 3422 5438 ἐπέδωκε
3449 5387 3525 5455 τῷ
3553 5388 3883 5456 ἁρπάσαντι
3903 5433 3920 5454 ,
3950 5397 4040 5444 καὶ

2430 5470 2749 5540 συνῴκησεν
2783 5474 2933 5543 αύτῴ
2969 5478 3234 5544 νομίμως.
3272 5477 3439 5543 Λέγει
3473 5473 3567 5530 οὖν
3596 5480 3626 5531 ό
3665 5482 3853 5550 μέγας
3887 5479 4040 5545 οὗτος

2432 5565 2620 5634 Πατὴρ
2656 5566 2737 5617 ὅτι
2772 5566 3024 5635 δεύτερον
3058 5568 3229 5619 εἵλετο
3254 5569 3433 5635 γάμον
3467 5571 3499 5637 ἡ
3529 5570 3791 5643 τοιαύτη,
3824 5593 4041 5647 σχημα-

2429 5657 2696 5724 τισιμένη
2729 5658 2826 5725 τὴν
2857 5658 3113 5726 ἁρπαγήν
3138 5674 3150 5687 ·
3184 5661 3275 5710 καὶ
3305 5660 3404 5729 τὴν
3437 5662 3696 5730 ἁρπαγὴν
3726 5665 3792 5717 δὲ
3830 5666 3924 5717 διὰ
3956 5668 4041 5717 τὸν

2430 5748 2607 5817 γάμον
2631 5750 3066 5817 ἐσχηματίσατο.
3103 5748 3378 5818 Κρίνομεν
3404 5751 3459 5802 δὲ
3488 5751 3545 5803 οὐ
3574 5753 3673 5822 τὴν
3701 5754 4042 5826 ὑπόκρισιν,
