4234 6450
735 362 834 421 731

2014 364 2059 422 Τ
2067 364 2291 425 HEOD.
2324 364 2721 429 BALSAMON

3886 381 3995 444 752

805 472 1030 525 AZ’JS'I'.
1061 472 1157 535 Qui
1212 484 1266 523 se
1316 470 1619 522 latronibus
1657 470 1914 523 adversos
1935 470 2220 538 objiciunt,
2261 472 2305 525 si

2484 474 2707 530 ΑΡΙΣΤ.
2746 475 2807 529 Οί
2841 476 2957 539 τοῖς
2991 476 3213 547 λῃστατς
3270 477 3702 549 ἀντεπεξιόντες,
3737 484 3844 551 ἔξω
3891 490 3995 558 μιν

738 568 847 618 sint
898 566 1112 633 quidem
1176 560 1710 624 extra-Et‘t'lt'sintn,
1761 564 1883 615 boni
1932 564 2311 617 communione

2414 566 2567 630 ὄντες
2588 568 2688 640 τῆς
2713 568 3025 636 κοινωνίας,
3050 570 3335 641 εἴργονται
3356 571 3451 626 τοῦ
3478 574 3706 644 ἀγαθοῦ·
3734 581 3997 651 κληρικοὶ

732 667 998 717 arcentur,
1061 654 1242 707 clerici
1275 668 1403 706 vero
1431 653 1595 721 grsuln
1646 653 2008 721 depnnnntnr.

804 747 1029 809 Quando
1060 743 1276 810 quidem
1320 742 1471 811 juxta
1512 740 1847 794 Dominicam
1892 757 2080 796 vocem
2124 741 2307 796 Omnis

726 841 811 903 qui
850 836 1083 904 gladium
1118 837 1312 902 accepit
1348 835 1525 903 gladio
1586 835 1890 900 peribit:et
1910 836 2001 903 qui
2031 849 2093 890 se
2139 836 2307 888 latro-

728 931 887 981 nibus
921 928 1183 979 adversos
1210 926 1495 992 objiciunt,
1544 939 1747 991 eosque
1794 907 2076 988 occidunt,
2114 938 2302 993 pennas

724 1020 895 1072 luent.
941 1018 997 1070 Si
1045 1017 1165 1071 laici
1191 1017 1409 1084 quidem
1461 1016 1591 1080 sint,
1643 1015 1944 1068 divinorum
1989 1029 2301 1070 sacramen-

727 1124 903 1164 torum
936 1110 1230 1179 participes
1253 1123 1359 1161 non
1394 1116 1579 1166 eruet.
1612 1106 1655 1160 si
1694 1106 1877 1159 clerici
1907 1116 2105 1172 autem,
2137 1108 2301 1175 depo-

727 1210 945 1256 nentur.

666 1288 678 1293 ”
1286 1287 1517 1345 CANON
1572 1288 1709 1344 LVI.

720 1383 819 1449 Qui
860 1398 954 1438 sua
984 1393 1176 1453 sponte
1205 1382 1496 1445 interfecit,
1538 1392 1592 1436 et
1618 1391 1801 1450 postea
1842 1382 2163 1452 pmnitentia
2196 1383 2298 1436 dn-

788 1484 1040 1538 ctnsest,
1070 1474 1257 1543 viginti
1311 1474 1468 1527 annis
1508 1482 1855 1525 sacramento
1907 1487 2011 1527 non
2054 1489 2298 1528 commu-

787 1565 1009 1619 nicabit.
1047 1563 1243 1633 Viginti
1289 1572 1469 1618 autem
1510 1563 1636 1616 anni
1684 1565 1762 1617 sic
1812 1564 1863 1617 in
1916 1579 1983 1619 eo
2021 1564 2299 1634 dispensa-

789 1658 1008 1710 buntur.
1049 1655 1214 1708 Debet
1248 1665 1483 1723 quatuor
1524 1656 1683 1710 annis
1714 1656 1907 1711 deﬂere
1944 1665 2099 1711 stans
2143 1665 2296 1711 extra

785 1748 930 1802 fores
978 1746 1226 1807 oratorii.
1261 1756 1313 1800 et
1349 1746 1532 1800 fideles
1574 1747 1942 1814 ingredientes
1989 1762 2190 1817 rogans
2233 1756 2293 1801 nt

790 1855 890 1909 pro
918 1854 982 1893 eo
1011 1849 1322 1907 precentur,
1348 1852 1521 1903 suam
1554 1837 1891 1906 iniquitatem
1920 1838 2296 1907 pronuntians.

788 1929 915 1985 Post
939 1941 1134 2000 quator
1168 1940 1346 1983 autem
1371 1944 1542 1983 annos
1590 1929 1732 1982 inter
1764 1928 2037 1983 auditores
2069 1929 2298 1997 recipie-

786 2033 891 2089 tur,
918 2032 972 2077 et
1004 2024 1244 2091 quinque
1284 2023 1441 2076 annis
1464 2038 1586 2075 cum
1626 2020 1758 2090 ipsis
1794 2021 2105 2091 egredietur
2140 2037 2153 2074 :
2211 2036 2297 2076 se-

784 2124 929 2182 ptem
982 2124 1162 2168 autern
1206 2114 1366 2167 annis
1389 2114 1713 2183 cumiisqui
1775 2113 1826 2167 in
1888 2113 2293 2180 substratione,

778 2216 937 2261 orant
962 2244 978 2269 ,
1034 2205 1365 2275 egredietur.
1397 2207 1454 2257 In
1489 2217 1691 2273 quator
1729 2206 1884 2259 annis
1915 2206 2088 2259 solum
2107 2207 2293 2272 stabit,

782 2314 905 2353 cum
950 2296 1236 2362 fidelibus,
1277 2295 1369 2351 sed
1402 2312 1505 2350 non
1535 2300 1639 2351 erit
1663 2297 1952 2351 oblationis
1999 2300 2291 2367 particeps.

785 2394 855 2446 tis
884 2400 1061 2445 autem
1089 2390 1335 2461 expletis,
1356 2390 1469 2443 erit
1507 2400 1971 2445 sacramentorum
1995 2391 2292 2461 particeps.

1293 2481 1520 2538 CANON
1559 2480 1713 2536 LVII.

716 2575 817 2640 Qui
842 2588 947 2628 non
977 2572 1603 2639 voluntarieinterfecit,
1642 2574 1889 2630 undecim
1914 2577 2073 2632 annis
2107 2590 2295 2632 saera-

783 2670 978 2722 mentis
1020 2682 1125 2723 non
1169 2668 1611 2722 communicabit.
1649 2667 1913 2723 Undecitn
1948 2677 2130 2724 autem
2163 2669 2291 2723 anni

783 2764 863 2816 sic
926 2762 981 2814 in
1029 2775 1094 2816 eo
1142 2758 1623 2829 dispensabuntur.
1683 2760 1828 2817 Duos
1868 2762 2086 2831 quidem
2118 2776 2293 2816 annos

772 2849 1028 2914 deﬂebit,
1068 2860 1179 2903 tres
1204 2856 1386 2901 autem
1416 2862 1588 2903 annos
1623 2849 1765 2904 inter
1800 2848 2081 2905 auditores
2108 2863 2293 2919 perse-

791 2941 1019 3005 verabil,
1070 2939 1125 2993 in
1179 2948 1415 3008 quatuor
1444 2938 1774 3002 substratus,
1820 2949 1875 2993 et
1916 2954 2063 2995 anno
2116 2939 2290 2996 solum

783 3033 1061 3096 t~onsistet,
1086 3037 1139 3085 et
1168 3030 1422 3100 deinceps
1453 3029 1519 3083 ad
1544 3042 1700 3085 sacra
1733 3030 2070 3086 admittetur.

787 3212 982 3268 BALS.
1022 3210 1326 3267 Praesentes
1380 3210 1489 3267 duo
1525 3226 1761 3267 canones
1797 3211 2117 3267 describunt
2165 3226 2303 3283 quo-

721 3305 882 3362 nodo
910 3302 1105 3359 debent
1139 3303 1319 3371 puniri
1370 3304 1460 3368 qni
1507 3303 1842 3358 voluntarias
1887 3313 1942 3357 et
1985 3302 2298 3358 involunta-

715 3402 825 3455 tias
867 3396 1045 3452 caedes
1106 3393 1305 3449 fecere.
1345 3390 1638 3447 Poenarum
1674 3402 1851 3447 autem
1894 3394 2059 3447 etiam
2110 3390 2301 3447 modos

713 3492 998 3545 definiunt.

786 3580 1039 3636 ZONAR.
1086 3579 1170 3634 Ad
1198 3592 1372 3633 annos
1412 3576 1639 3648 viginti,
1701 3591 1823 3631 eum
1852 3576 1943 3647 qui
1993 3575 2301 3631 voluntarie

714 3674 1011 3737 interfecit,
1048 3682 1226 3741 atque
1262 3672 1332 3725 ad
1380 3669 1760 3740 pmoitentiam
1826 3683 1888 3724 se
1937 3668 2174 3735 confert,
2213 3667 2303 3724 bie

713 3777 939 3823 sanctus
980 3766 1061 3819 vir
1108 3762 1385 3833 segregari
1414 3760 1609 3830 jubet;
1659 3762 1726 3814 ad
1763 3759 1950 3816 decem
2004 3775 2129 3815 vero
2177 3774 2299 3815 eum

714 3864 805 3931 qni
857 3874 964 3914 non
1010 3868 1201 3926 sponte
1240 3853 1459 3909 occidit.
1525 3853 1660 3905 Tum
1702 3852 2001 3923 deinceps,
2042 3852 2297 3921 utrisque
2333 3860 2338 3870 ‘

718 3966 819 4020 pro
865 3947 1093 4019 singulis
1142 3945 1326 4000 multa
1373 3942 1507 3997 locis
1535 3980 1551 4007 ,
1612 3945 1889 4010 proprium
1941 3953 2153 4010 tempus
2197 3941 2289 3995 de-

713 4050 1013 4186 δἸθέῗιιι’δτ.
1070 4126 1206 4183 Can.
1239 4125 1328 4180 56.
1374 4122 1741 4179 'Voluntarins
1792 4122 2064 4178 homicida
2107 4120 2297 4192 viginti

714 4239 885 4278 annos
920 4221 1298 4275 substernatur
1324 4259 1339 4285 ,
1387 4218 1784 4273 involuntarius
1806 4216 2033 4282 decem;
2078 4215 2295 4271 aduiter

712 4320 1018 4387 quindecim
1059 4336 1074 4369 :
1122 4316 1420 4371 fornicator
1455 4323 1662 4383 septem
1699 4334 1711 4369 :
1751 4313 1986 4383 virgines
2009 4323 2136 4384 post
2155 4326 2293 4383 pro-

716 4413 1003 4466 fessionem
1032 4411 1217 4478 lapsae,
1246 4421 1417 4461 annos
1449 4405 1778 4475 quindecim.

784 4586 883 4652 Qui
917 4582 1214 4638 voluntarie
1252 4580 1558 4649 quempiam
1588 4578 1814 4643 occidit,
1846 4586 1900 4631 et
1932 4586 2124 4648 postea
2172 4593 2290 4649 pm-

714 4678 997 4733 nitentiam
1051 4675 1181 4744 egit,
1218 4672 1406 4740 viginti
1446 4684 1623 4724 annos
1662 4662 2159 4727 a'sanctificatione
2194 4685 2289 4726 ex-

712 4774 1233 4830 eommnnicabitur.
1287 4770 1356 4823 At
1405 4767 1596 4838 viginti
1634 4768 1763 4821 anni
1809 4767 1889 4822 sic
1947 4768 1999 4821 in
2044 4783 2168 4823 eum
2210 4768 2291 4823 di-

712 4877 1065 4935 mpcnsantur.
1123 4862 1369 4928 Quatuor
1422 4859 1583 4914 annis
1631 4866 1783 4913 extra
1834 4860 1967 4914 tedis
2032 4858 2289 4914 oratoriae

722 4962 868 5015 foras
905 4970 1093 5019 stans,
1157 4966 1212 5009 ct
1262 4954 1446 5007 fideles
1484 4950 1851 5019 ingredientes
1895 4963 2061 5005 orans
2102 4963 2290 5018 preces

723 5068 818 5119 pro
852 5052 968 5121 ipso
997 5048 1255 5107 fnmlere.
1310 5053 1603 5112 peceatum.
1633 5056 1792 5094 suum
1822 5041 2003 5109 palam
2050 5038 2291 5095 efferens

714 5144 910 5198 deﬂere
967 5140 1144 5194 debet.
1169 5126 1390 5190 Tostea
1438 5145 1617 5188 antem
1650 5143 1881 5203 quatuor
1921 5147 2093 5186 annos
2134 5132 2292 5203 115

716 5236 782 5288 ad
821 5234 1104 5287 audientes
1139 5228 1453 5297 recipietur,
1481 5236 1535 5281 et
1567 5228 1809 5294 quinque
1856 5225 2015 5277 annis
2063 5240 2185 5279 cum
2220 5228 2287 5281 iis

711 5328 1037 5397 egredietur.
1064 5323 1279 5393 Septem
1306 5321 1458 5375 annis
1484 5333 1604 5373 cum
1642 5317 1707 5370 iis
1730 5316 1819 5383 qni
1849 5316 1899 5368 in
1927 5316 2292 5373 submissione

2410 658 2467 710 δὲ
2499 656 2593 709 τοῦ
2628 657 2839 727 βαθμοῦ
2874 656 3295 729 καθαιροῦνται.

2490 746 2732 815 Ἐπειδὴ,
2779 748 2927 802 κατά
2982 748 3083 821 τὴν
3157 753 3447 825 Κυριακὴν
3518 758 3722 827 φωνὴν.
3773 760 3900 826 Πᾶς
3964 764 4000 816 ὀ

2406 836 2611 891 ,λαϐὼν
2624 838 2933 909 μάχαιραν
2983 841 3054 895 ἐν
3076 846 3346 913 μαχαίρᾳ
3376 847 3764 904 ἀποθανεῖται
3782 868 3797 882 ’
3832 853 3931 907 καὶ
3946 855 4000 907 οί

2406 930 2522 991 τοῖς
2556 930 2787 1000 λῃσταῖς
2816 933 3261 1002 ἀντεπεξιόντες,
3282 938 3377 993 καὶ
3404 938 3632 1005 τούτους
3645 942 3998 1011 φονεύοντες,

2408 1020 2515 1074 ὑπὸ
2543 1023 2871 1095 ἐπιτίμησιν
2900 1024 3145 1083 έσονται·
3179 1029 3276 1085 καὶ
3300 1030 3485 1085 λαϊκοὶ
3542 1035 3643 1103 μιν
3670 1035 3853 1107 ὄντες,
3888 1036 4004 1091 τῶν

2406 1112 2567 1166 θείων
2602 1115 2965 1186 ἀγιασμάτων
2989 1118 3051 1172 οὐ
3081 1118 3374 1191 μεθέξουσι
3399 1138 3412 1153 ’
3450 1122 3709 1195 κληρικοί
3737 1125 3794 1179 δὲ
3818 1126 4000 1195 ὅντες,

2404 1205 2921 1279 καθαιρεθήσονται.

2983 1302 3227 1359 κΑΝοΝ
3258 1304 3403 1374 Νςι.

2413 1388 2474 1442 '0
2506 1389 2774 1455 ἑκουσίως
2828 1392 3124 1462 φονεύσας,
3174 1399 3272 1451 καὶ
3312 1398 3455 1467 μετά
3489 1402 3650 1457 τούτο
3686 1422 3823 1475 μετα
3836 1407 4007 1478 μεληο

2472 1480 2606 1547 θεὶς,
2644 1483 2852 1539 είκοσιν
2904 1486 3000 1557 In)
3056 1486 3422 1562 ἀκοινώνητος
3485 1494 3638 1549 έσται
3671 1497 3769 1551 τοῦ
3835 1500 4007 1567 ἀγιά-

2474 1591 2705 1643 σματος.
2735 1576 2819 1630 Τὰ
2850 1577 2907 1630 δὲ
2933 1580 3140 1633 είκοσιν
3178 1580 3273 1653 ἔτη
3293 1582 3467 1647 οὕτως
3505 1587 4005 1659 οίκονομηθήσεται

2462 1664 2555 1719 ἐπ’
2590 1668 2762 1738 αὐτῷ.
2825 1669 2915 1722 Ἐν
2937 1669 2987 1722 ηδ’
3017 1669 3197 1725 ἔτεσιν
3228 1676 3586 1744 προσκλαίειν
3614 1678 3845 1747 ὀφείλει,
3899 1681 4005 1746 [Eu

2477 1761 2577 1830 τῆς
2606 1759 2780 1835 θύρας
2826 1763 3001 1831 ἑστὼς
3062 1766 3159 1820 τοῦ
3201 1768 3497 1842 εύκτηρίου
3541 1771 3717 1839 οίκου,
3769 1775 3868 1828 καὶ
3893 1776 4005 1830 τῶν

2484 1852 2770 1907 εἰσιόντων
2844 1859 3060 1912 πιστῶν
3125 1860 3388 1930 δεόμενος
3421 1862 3592 1935 εὐχὴν
3657 1865 3803 1938 ύπὲρ
3830 1868 4003 1922 αὐτοῦ

2458 1946 3115 2021 ποιεῖσθαι,ιξαγορεύων
3139 1952 3240 2025 τὴν
3274 1954 3413 2009 ἰδίαν
3431 1958 3813 2031 παρανομίαν.
3836 1962 3998 2015 Μετά

2482 2038 2538 2091 δὲ
2573 2038 2615 2091 δ’
2641 2038 2738 2109 ἔτη
2792 2042 2876 2105 εἰς
2897 2045 3026 2108 τοὺς
3053 2046 3448 2119 ἀκροωμένους
3474 2050 3828 2123 δεχθήσεται,
3866 2055 3927 2107 έν
3958 2063 3997 2108 ε’

2471 2129 2656 2184 ἔτεσιν
2682 2133 2806 2203 μετ’
2830 2135 3012 2191 αὐτῶν
3051 2138 3426 2204 ἐξελεύσεται.
3464 2143 3554 2196 Ἐν
3581 2144 3625 2197 δ’
3657 2149 4001 2217 συστήσεται

2475 2223 2641 2293 μόνον
2670 2228 2788 2289 τοῖς
2824 2231 3065 2293 πιστοῖς,
3124 2235 3448 2302 προσφορᾶς
3476 2236 3537 2290 δι
3581 2238 3641 2291 ού
3680 2240 4003 2311 μεταλήψε-

2465 2328 2581 2367 ται.
2611 2312 3024 2386 Πληρωθέντων
3066 2318 3127 2374 δὲ
3158 2321 3369 2377 τούτων
3395 2322 3615 2395 μεθέξει
3647 2328 3759 2382 τῶν
3835 2332 4001 2399 ἁγια-

2461 2406 2705 2476 σμάτων.

2961 2508 3207 2563 ΚΑΝΩΝ
3256 2510 3385 2567 NZ'.

2406 2590 2471 2643 Ὀ
2504 2594 2782 2660 ἀκουσίως
2814 2599 3084 2665 φονεύσας
3122 2601 3237 2673 (15)
3275 2605 3335 2657 ὲν
3389 2605 3525 2659 δέκα
3555 2606 3734 2663 ἐτεσιν
3763 2610 4007 2664 ἀκοινὼ-

2476 2701 2637 2757 νητος
2683 2686 2839 2742 ἔσται
2872 2689 2983 2741 τῶν
3025 2692 3417 2763 ἀγιασμάτων.
3478 2699 4005 2773 Οἰκονομηθήσεται

2470 2777 2525 2831 δὲ
2558 2780 2649 2833 ἐπ’
2710 2780 2861 2852 αὐτῷ
2902 2783 2970 2837 τά
3008 2783 3142 2837 δέκα
3192 2785 3288 2857 έτη
3356 2788 3526 2844 οὓτω.
3583 2794 3691 2845 Δύο
3743 2794 3849 2863 μιν
3904 2796 4004 2865 ἔτη

2473 2869 2878 2939 προσκλαύσει,
2929 2874 3058 2944 τρία
3099 2875 3156 2929 δὲ
3195 2877 3293 2946 ἐτη
3334 2879 3393 2931 ἐν
3455 2881 3845 2953 ἀκροωμένοις
3880 2886 4002 2941 δια-

2469 2962 2704 3027 τελέσει,
2741 2965 2800 3017 tv
2850 2964 2891 3017 δ’
2941 2965 3289 3034 ὑποπίπτων,
3338 2972 3433 3025 καὶ
3473 2974 3534 3025 έν
3590 2976 3832 3047 ινιαυτῷ
3862 2994 4000 3032 στα·

2465 3052 2695 3125 θήσεται
2725 3054 2909 3126 μόνον,
2958 3059 3053 3112 καὶ
3102 3060 3172 3115 τά
3218 3060 3349 3132 ἑξῆς
3397 3065 3479 3127 εἰς
3522 3066 3593 3119 τὰ
3623 3066 3759 3135 ἀγια
3799 3068 4004 3141 διχθή-

2329 3159 2376 3220 c
2479 3162 2659 3202 σεται.

2480 3238 2683 3294 ΒΔΔΣ.
2718 3241 2782 3294 Ol
2830 3241 3111 3313 παρόντες
3163 3245 3260 3300 δύο
3324 3250 3556 3315 κανόνες
3620 3251 4006 3308 ὑποτυποΰσιν

2400 3327 2553 3390 ὅπως
2598 3328 2917 3397 ὀφείλουσιν
2966 3334 3334 3404 ἐπιτιμᾶσθαι
3384 3340 3436 3391 οί
3470 3341 3806 3410 ποιήσαντες
3839 3346 4005 3398 ἑκου-

2410 3414 2562 3479 σίους
2594 3419 2793 3486 φόνους
2823 3420 2925 3472 καὶ
2959 3422 3281 3489 ἀκουσίους.
3331 3426 3608 3497 ’ϐρίζουσι
3637 3425 3695 3483 δι
3740 3435 3838 3486 καὶ
3872 3437 4006 3500 τοὺς

2400 3506 2638 3578 τρόπους
2675 3507 2789 3563 τῶν
2818 3510 3137 3583 ιπιτιμίων.

2464 3599 2712 3658 ΖΩΝΑΡ.
2763 3603 2854 3658 Ἐν
2879 3605 3090 3662 εἴκοσιν
3136 3608 3411 3675 ἐνιαυτοῖς
3447 3612 3543 3669 τὸν
3594 3616 3868 3682 ἑκουσίως
3904 3636 4003 3689 φο⁸

2401 3691 2695 3758 νεύσαντα,
2722 3695 2818 3749 καὶ
2840 3699 2925 3761 εἰς
2959 3700 3263 3769 μετάνοιαν
3289 3703 3515 3759 δλθόντα
3556 3708 3811 3779 ἀφορίζει
3841 3702 4005 3774 οὗτος

2402 3787 2431 3838 ό
2460 3786 2641 3854 ἀγιοςο
2675 3788 2735 3841 έν
2778 3788 2913 3843 δέκα
2948 3790 3007 3846 at
3042 3791 3138 3845 τὸν
3208 3796 3493 3860 ἀκουσίως
3548 3798 3837 3855 ἀνελόντα.
3892 3806 4003 3859 Καὶ

2403 3875 2531 3946 ἑξῆς
2558 3876 2647 3929 ἔπ’
2672 3879 3013 3951 ἀμφοτέροις
3044 3882 3267 3955 ἑκάστῳ
3300 3886 3453 3956 τόπῳ
3489 3888 3780 3958 ἐπιτιμίου
3818 3892 4000 3966 ὁρίζει

2403 3971 2595 4040 καιρὸν
2632 3970 2949 4026 ἰδιαίτατον.

2465 4143 2692 4200 ΔΡΙΣΤ.
2730 4162 2857 4202 καν.
2888 4153 2996 4212 vc“.
3041 4148 3104 4205 '0
3124 4150 3372 4214 ἑκούσιος
3421 4155 3688 4225 φονευτὴς
3770 4157 3996 4211 εἰκοσα-

2404 4236 2560 4291 ετίαν
2610 4236 2990 4294 ύποτιιτιτέευ⁹
3019 4242 3050 4295 δ
3078 4240 3337 4306 ἀκούσιος
3384 4244 3695 4301 δεκαετίανο
3743 4250 3773 4301 ό
3807 4251 4002 4319 μοιχὸς

2401 4330 2988 4386 πεντεκαιδεκαετίαν⁹
3026 4331 3058 4384 ό
3090 4333 3629 4404 πόρνοςέπταετίαν
3651 4354 3665 4368 ·
3699 4338 3762 4391 αί
3810 4355 3997 4409 παρα·

2402 4423 2705 4477 πίπτουσαι
2744 4423 2890 4495 μετά
2924 4422 3027 4496 τὴν
3058 4425 3360 4496 ὁμολογίαν
3398 4429 3663 4501 παρθένοι
3697 4446 4000 4484 πεντεκαι-

2326 4500 2371 4557 Ῑ)
2398 4511 2713 4570 δεκαετίαν.

2474 4603 2533 4658 Ὅ
2568 4605 2836 4668 ἑκουσίως
2866 4605 3161 4675 φονεύσας,
3220 4606 3363 4678 μετά
3384 4608 3443 4662 δὲ
3468 4608 3630 4663 τοῦτο
3662 4611 3989 4681 μεταμελη-

2393 4695 2531 4761 θεὶς,
2576 4696 2785 4751 εῐκοσιν
2815 4697 2996 4753 ἔτεσιν
3021 4698 3395 4769 ἀκοινώνητός
3421 4702 3541 4753 ἑστι
3590 4701 3686 4754 τοῦ
3710 4703 4005 4774 ἀγιάσμα-

2392 4807 2508 4853 τος.
2536 4790 2619 4843 Τά
2646 4790 2704 4843 δὲ
2750 4789 2958 4843 είκοσιν
3012 4790 3110 4860 ἐτη
3138 4791 3313 4855 οὔτως
3346 4792 3857 4863 οἰκονομηθήσεται
3906 4796 3997 4848 ἐπ’

2394 4879 2567 4951 αὐτῷ.
2600 4880 2687 4934 Ἐν
2704 4880 2995 4951 τέσσαρσιν
3022 4881 3200 4937 ἔτεσιν
3221 4882 3432 4953 ὀφείλει
3466 4884 3853 4954 προσκλαίειν,
3882 4886 3995 4954 ἔξω

2395 4976 2494 5043 τῆς
2552 4971 2725 5042 θύρας
2795 4970 2971 5036 ἑστὼς
3039 4973 3134 5025 τοῦ
3179 4974 3474 5045 εύκτηρίου
3520 4976 3697 5041 οίκου,
3748 4976 4001 5030 καὶτῶν

2397 5064 2677 5117 εἰσιόντων
2709 5063 2926 5117 πιστῶν
2944 5064 3204 5135 δεόμενος
3233 5065 3403 5136 εὐχὴν
3432 5066 3577 5136 ὑπερ
3605 5067 3781 5120 αὑτοῦ
3812 5072 4021 5141 ποιεῖς.

2402 5156 2550 5219 σθαι,
2585 5156 2937 5225 ἐξαγορεύων
2961 5155 3058 5223 τὴν
3110 5156 3249 5209 ἰδίαν
3305 5160 3685 5227 παρανομίαν·
3731 5161 3879 5228 μετά
3937 5161 3996 5214 δὲ

2402 5248 2579 5303 ταῦτα
2609 5248 2677 5300 τά
2700 5248 2946 5317 τέσσαρα
2977 5246 3076 5317 ετη
3108 5247 3187 5311 εἰς
3211 5246 3341 5311 τοὺς
3370 5249 3763 5320 ἀκροωμένους
3792 5250 4000 5320 δεχθήο

2404 5353 2581 5401 σεται,
2624 5334 2721 5389 καὶ
2752 5337 2811 5389 ὲν
2848 5335 3009 5388 πέντε
3048 5333 3198 5388 ἔτεσι
3234 5336 3357 5406 μετ’
3386 5336 3571 5391 αὐτῶν
3603 5336 3957 5402 ἐξελεύσεται
3979 5355 3993 5369 ⁸

1954 5480 2143 5543 Guill.
2178 5484 2507 5565 Beveregii
2543 5492 2729 5547 notae.

784 5613 894 5684 (l5)
916 5612 990 5684 '07
1012 5609 1313 5684 ἀκουσίως
1343 5607 1667 5684 φυτεύσας.
1692 5603 2035 5684 Scholiastes
2060 5605 2288 5684 Harme-

713 5677 919 5754 Itopuli,
952 5683 1089 5743 Τοὺς
1144 5680 1326 5754 φονεῖς
1370 5681 1398 5729 ὁ
1434 5677 1771 5754 Nnc-esum;
1802 5678 1927 5754 τοὺς
1980 5677 2080 5754 μὲν
2128 5680 2288 5754 μου..

714 5745 884 5817 σίους,
928 5754 1019 5805 ἐπὶ
1052 5745 1378 5817 πενταετίαν
1417 5745 1809 5817 καταδικᾲζει·
1844 5746 1970 5806 τοὺς
2024 5746 2081 5797 δὲ
2122 5750 2281 5799 ἀκου-

711 5814 860 5887 σίους
884 5824 979 5876 ὲπί
1011 5820 1276 5893 τριετίαν.
1309 5816 1620 5871 Homicida:
1652 5814 2280 5885 Jeju'mter,voluntaria

2399 5614 2608 5677 quidem
2668 5613 2723 5665 in
2776 5612 3258 5682 qttiuquageunium
3309 5612 3622 5682 condemnat
3676 5628 3694 5667 :
3749 5626 3856 5663 non
3902 5627 3997 5664 eo-

2397 5684 2668 5807 ἰιιιὲιητὶοξ
2737 5696 2913 5737 autem
2988 5683 3057 5735 ad
3132 5683 3438 5737 triennium.
3493 5681 3679 5735 llarm.
3742 5697 3836 5751 ep.
3902 5695 3995 5736 an.

2397 5768 2441 5807 s.
2508 5796 2523 5807 .
2565 5761 2606 5807 ί.
2638 5772 2691 5807 a.

2396 5768 2441 5808 s.
2467 5768 2523 5821 ο,
2565 5768 2606 5808 ι.
2638 5772 2691 5807 ο.
