  <div class='ocr_page' id='page_1' title='image "/cluster/home/n/w/nwhite01/storage/ocr_20150623/138/nnc1.0046980083/391.png"; bbox 0 0 4234 6450; ppageno 0'>
   <div class='ocr_carea' id='block_1_1' title="bbox 745 369 853 433">
    <p class='ocr_par' dir='ltr' id='par_1_1' title="bbox 745 369 853 433">
     <span class='ocr_line' id='line_1_1' title="bbox 745 369 853 433; baseline 0 0"><span class='ocrx_word' id='word_1_1' title='bbox 745 369 853 433; x_wconf 81' lang='lat'><strong>767</strong></span> 
     </span>
    </p>
   </div>
   <div class='ocr_carea' id='block_1_2' title="bbox 1968 377 2688 442">
    <p class='ocr_par' dir='ltr' id='par_1_2' title="bbox 1968 377 2688 442">
     <span class='ocr_line' id='line_1_2' title="bbox 1968 377 2688 442; baseline 0.003 -6"><span class='ocrx_word' id='word_1_2' title='bbox 1968 377 2067 436; x_wconf 82' lang='grc' dir='ltr'><strong>ΤΠ</strong></span> <span class='ocrx_word' id='word_1_3' title='bbox 2084 379 2250 442; x_wconf 72' lang='lat' dir='ltr'><strong>BOD.</strong></span> <span class='ocrx_word' id='word_1_4' title='bbox 2291 377 2688 439; x_wconf 61' lang='lat' dir='ltr'><strong>BALSMION</strong></span> 
     </span>
    </p>
   </div>
   <div class='ocr_carea' id='block_1_3' title="bbox 3886 377 3994 444">
    <p class='ocr_par' dir='ltr' id='par_1_3' title="bbox 3886 377 3994 444">
     <span class='ocr_line' id='line_1_3' title="bbox 3886 377 3994 444; baseline 0.093 -9"><span class='ocrx_word' id='word_1_5' title='bbox 3886 377 3994 444; x_wconf 82' lang='lat'><strong>768</strong></span> 
     </span>
    </p>
   </div>
   <div class='ocr_carea' id='block_1_4' title="bbox 750 486 2334 563">
    <p class='ocr_par' dir='ltr' id='par_1_4' title="bbox 750 486 2324 559">
     <span class='ocr_line' id='line_1_4' title="bbox 750 486 2324 559; baseline 0.003 -17"><span class='ocrx_word' id='word_1_6' title='bbox 750 486 1004 542; x_wconf 78' lang='lat' dir='ltr'><strong>minister</strong></span> <span class='ocrx_word' id='word_1_7' title='bbox 1036 486 1214 543; x_wconf 82' lang='lat' dir='ltr'><strong>factus</strong></span> <span class='ocrx_word' id='word_1_8' title='bbox 1257 488 1346 553; x_wconf 87' lang='lat' dir='ltr'><strong>sit,</strong></span> <span class='ocrx_word' id='word_1_9' title='bbox 1393 504 1489 543; x_wconf 83' lang='lat' dir='ltr'><strong>suo</strong></span> <span class='ocrx_word' id='word_1_10' title='bbox 1517 491 1682 558; x_wconf 70' lang='lat' dir='ltr'><strong>gradu</strong></span> <span class='ocrx_word' id='word_1_11' title='bbox 1715 491 2053 554; x_wconf 64' lang='lat' dir='ltr'><strong>estin-betur,</strong></span> <span class='ocrx_word' id='word_1_12' title='bbox 2103 495 2324 559; x_wconf 67' lang='lat' dir='ltr'><strong>cognito</strong></span> 
     </span>
    </p>
   </div>
   <div class='ocr_carea' id='block_1_5' title="bbox 2437 486 3996 563">
    <p class='ocr_par' dir='ltr' id='par_1_5' title="bbox 2437 492 3996 563">
     <span class='ocr_line' id='line_1_5' title="bbox 2437 492 3996 563; baseline 0.004 -21"><span class='ocrx_word' id='word_1_13' title='bbox 2437 493 2619 555; x_wconf 56' lang='grc' dir='ltr'>αὐτοῦ,</span> <span class='ocrx_word' id='word_1_14' title='bbox 2661 495 3089 560; x_wconf 60' lang='grc' dir='ltr'>διαγνωσθέντος</span> <span class='ocrx_word' id='word_1_15' title='bbox 3116 496 3207 547; x_wconf 74' lang='grc' dir='ltr'><strong>τ·ιῦ</strong></span> <span class='ocrx_word' id='word_1_16' title='bbox 3250 492 3617 563; x_wconf 68' lang='grc' dir='ltr'>ἁμαρτήματο</span> <span class='ocrx_word' id='word_1_17' title='bbox 3637 515 3668 550; x_wconf 89' lang='grc'><strong>·.</strong></span> <span class='ocrx_word' id='word_1_18' title='bbox 3697 494 3804 549; x_wconf 77' lang='grc' dir='ltr'><strong>Καὶ</strong></span> <span class='ocrx_word' id='word_1_19' title='bbox 3824 497 3996 549; x_wconf 66' lang='grc' dir='ltr'>ταῦτα</span> 
     </span>
    </p>
   </div>
   <div class='ocr_carea' id='block_1_6' title="bbox 747 578 2318 650">
    <p class='ocr_par' dir='ltr' id='par_1_6' title="bbox 747 578 2318 650">
     <span class='ocr_line' id='line_1_6' title="bbox 747 578 2318 650; baseline 0.004 -17"><span class='ocrx_word' id='word_1_20' title='bbox 747 578 993 633; x_wconf 83' lang='lat' dir='ltr'><strong>crimine.</strong></span> <span class='ocrx_word' id='word_1_21' title='bbox 1040 580 1106 633; x_wconf 87' lang='lat' dir='ltr'><strong>Et</strong></span> <span class='ocrx_word' id='word_1_22' title='bbox 1150 581 1261 635; x_wconf 64' lang='lat' dir='ltr'><strong>haec</strong></span> <span class='ocrx_word' id='word_1_23' title='bbox 1304 583 1521 650; x_wconf 80' lang='lat' dir='ltr'><strong>quidem</strong></span> <span class='ocrx_word' id='word_1_24' title='bbox 1568 583 1671 637; x_wconf 90' lang='lat' dir='ltr'><strong>hoc</strong></span> <span class='ocrx_word' id='word_1_25' title='bbox 1710 585 1884 638; x_wconf 87' lang='lat' dir='ltr'><strong>modo.</strong></span> <span class='ocrx_word' id='word_1_26' title='bbox 1920 584 2076 639; x_wconf 83' lang='lat' dir='ltr'><strong>Scias</strong></span> <span class='ocrx_word' id='word_1_27' title='bbox 2117 598 2318 647; x_wconf 79' lang='lat' dir='ltr'><strong>autem,</strong></span> 
     </span>
    </p>
   </div>
   <div class='ocr_carea' id='block_1_7' title="bbox 747 670 2321 746">
    <p class='ocr_par' dir='ltr' id='par_1_7' title="bbox 747 670 2321 746">
     <span class='ocr_line' id='line_1_7' title="bbox 747 670 2321 746; baseline 0.004 -24"><span class='ocrx_word' id='word_1_28' title='bbox 747 670 924 738; x_wconf 91' lang='lat' dir='ltr'><strong>quod,</strong></span> <span class='ocrx_word' id='word_1_29' title='bbox 980 686 1103 740; x_wconf 66' lang='lat' dir='ltr'><strong>quae</strong></span> <span class='ocrx_word' id='word_1_30' title='bbox 1156 673 1258 727; x_wconf 90' lang='lat' dir='ltr'><strong>hoc</strong></span> <span class='ocrx_word' id='word_1_31' title='bbox 1298 687 1509 727; x_wconf 83' lang='lat' dir='ltr'><strong>canone</strong></span> <span class='ocrx_word' id='word_1_32' title='bbox 1549 676 1917 739; x_wconf 83' lang='lat' dir='ltr'><strong>centinentur,</strong></span> <span class='ocrx_word' id='word_1_33' title='bbox 1972 677 2024 730; x_wconf 92' lang='lat' dir='ltr'><strong>in</strong></span> <span class='ocrx_word' id='word_1_34' title='bbox 2080 676 2321 746; x_wconf 81' lang='lat' dir='ltr'><strong>synodali</strong></span> 
     </span>
    </p>
   </div>
   <div class='ocr_carea' id='block_1_8' title="bbox 736 759 2320 829">
    <p class='ocr_par' dir='ltr' id='par_1_8' title="bbox 736 759 2320 829">
     <span class='ocr_line' id='line_1_8' title="bbox 736 759 2320 829; baseline 0.001 -15"><span class='ocrx_word' id='word_1_35' title='bbox 736 759 948 826; x_wconf 83' lang='lat' dir='ltr'><strong>judicio</strong></span> <span class='ocrx_word' id='word_1_36' title='bbox 974 760 1123 815; x_wconf 80' lang='lat' dir='ltr'><strong>varie</strong></span> <span class='ocrx_word' id='word_1_37' title='bbox 1159 762 1459 829; x_wconf 85' lang='lat' dir='ltr'><strong>disceptata</strong></span> <span class='ocrx_word' id='word_1_38' title='bbox 1494 773 1641 828; x_wconf 89' lang='lat' dir='ltr'><strong>sunt,</strong></span> <span class='ocrx_word' id='word_1_39' title='bbox 1693 776 1746 819; x_wconf 90' lang='lat' dir='ltr'><strong>et</strong></span> <span class='ocrx_word' id='word_1_40' title='bbox 1787 765 2047 819; x_wconf 79' lang='lat' dir='ltr'><strong>dixerunt</strong></span> <span class='ocrx_word' id='word_1_41' title='bbox 2075 764 2320 819; x_wconf 91' lang='lat' dir='ltr'><strong>nonnulli</strong></span> 
     </span>
    </p>
   </div>
   <div class='ocr_carea' id='block_1_9' title="bbox 746 851 2323 925">
    <p class='ocr_par' dir='ltr' id='par_1_9' title="bbox 746 851 2323 925">
     <span class='ocr_line' id='line_1_9' title="bbox 746 851 2323 925; baseline 0.003 -21"><span class='ocrx_word' id='word_1_42' title='bbox 746 852 863 906; x_wconf 76' lang='lat' dir='ltr'><strong>haec</strong></span> <span class='ocrx_word' id='word_1_43' title='bbox 906 851 1079 906; x_wconf 89' lang='lat' dir='ltr'><strong>locmn</strong></span> <span class='ocrx_word' id='word_1_44' title='bbox 1135 852 1430 919; x_wconf 78' lang='lat' dir='ltr'><strong>habuisse,</strong></span> <span class='ocrx_word' id='word_1_45' title='bbox 1478 857 1696 923; x_wconf 81' lang='lat' dir='ltr'><strong>quando</strong></span> <span class='ocrx_word' id='word_1_46' title='bbox 1732 856 2002 925; x_wconf 74' lang='lat' dir='ltr'><strong>sponsalia</strong></span> <span class='ocrx_word' id='word_1_47' title='bbox 2051 870 2323 910; x_wconf 82' lang='lat' dir='ltr'><strong>consensu</strong></span> 
     </span>
    </p>
   </div>
   <div class='ocr_carea' id='block_1_10' title="bbox 744 944 2322 1011">
    <p class='ocr_par' dir='ltr' id='par_1_10' title="bbox 744 944 2322 1011">
     <span class='ocr_line' id='line_1_10' title="bbox 744 944 2322 1011; baseline 0.002 -15"><span class='ocrx_word' id='word_1_48' title='bbox 744 944 1209 999; x_wconf 81' lang='lat' dir='ltr'><strong>contraltebantur</strong></span> <span class='ocrx_word' id='word_1_49' title='bbox 1280 954 1334 998; x_wconf 92' lang='lat' dir='ltr'><strong>et</strong></span> <span class='ocrx_word' id='word_1_50' title='bbox 1404 945 1850 1000; x_wconf 83' lang='lat' dir='ltr'><strong>dissolvehantur.</strong></span> <span class='ocrx_word' id='word_1_51' title='bbox 1909 947 2063 1001; x_wconf 85' lang='lat' dir='ltr'><strong>Nunc</strong></span> <span class='ocrx_word' id='word_1_52' title='bbox 2120 957 2322 1011; x_wconf 86' lang='lat' dir='ltr'><strong>autem,</strong></span> 
     </span>
    </p>
   </div>
   <div class='ocr_carea' id='block_1_11' title="bbox 745 1037 2322 1105">
    <p class='ocr_par' dir='ltr' id='par_1_11' title="bbox 745 1037 2322 1105">
     <span class='ocr_line' id='line_1_11' title="bbox 745 1037 2322 1105; baseline 0.002 -16"><span class='ocrx_word' id='word_1_53' title='bbox 745 1038 965 1105; x_wconf 86' lang='lat' dir='ltr'><strong>quando</strong></span> <span class='ocrx_word' id='word_1_54' title='bbox 998 1053 1102 1091; x_wconf 92' lang='lat' dir='ltr'><strong>non</strong></span> <span class='ocrx_word' id='word_1_55' title='bbox 1136 1037 1293 1090; x_wconf 87' lang='lat' dir='ltr'><strong>aliter</strong></span> <span class='ocrx_word' id='word_1_56' title='bbox 1332 1039 1733 1092; x_wconf 84' lang='lat' dir='ltr'><strong>contrahuntur</strong></span> <span class='ocrx_word' id='word_1_57' title='bbox 1770 1054 1867 1092; x_wconf 83' lang='lat' dir='ltr'><strong>nec</strong></span> <span class='ocrx_word' id='word_1_58' title='bbox 1901 1040 2185 1092; x_wconf 85' lang='lat' dir='ltr'><strong>solvuntur</strong></span> <span class='ocrx_word' id='word_1_59' title='bbox 2219 1038 2322 1092; x_wconf 85' lang='lat' dir='ltr'><strong>nisi</strong></span> 
     </span>
    </p>
   </div>
   <div class='ocr_carea' id='block_1_12' title="bbox 742 1126 2325 1198">
    <p class='ocr_par' dir='ltr' id='par_1_12' title="bbox 742 1126 2325 1198">
     <span class='ocr_line' id='line_1_12' title="bbox 742 1126 2325 1198; baseline 0.001 -18"><span class='ocrx_word' id='word_1_60' title='bbox 742 1126 813 1181; x_wconf 87' lang='lat' dir='ltr'><strong>iis</strong></span> <span class='ocrx_word' id='word_1_61' title='bbox 866 1129 1043 1182; x_wconf 91' lang='lat' dir='ltr'><strong>modis</strong></span> <span class='ocrx_word' id='word_1_62' title='bbox 1085 1137 1139 1182; x_wconf 92' lang='lat' dir='ltr'><strong>et</strong></span> <span class='ocrx_word' id='word_1_63' title='bbox 1195 1131 1423 1195; x_wconf 80' lang='lat' dir='ltr'><strong>causis;</strong></span> <span class='ocrx_word' id='word_1_64' title='bbox 1485 1130 1682 1197; x_wconf 82' lang='lat' dir='ltr'><strong>quibus</strong></span> <span class='ocrx_word' id='word_1_65' title='bbox 1751 1128 2047 1198; x_wconf 88' lang='lat' dir='ltr'><strong>perfectum</strong></span> <span class='ocrx_word' id='word_1_66' title='bbox 2112 1143 2325 1196; x_wconf 86' lang='lat' dir='ltr'><strong>quoque</strong></span> 
     </span>
    </p>
   </div>
   <div class='ocr_carea' id='block_1_13' title="bbox 745 1220 2324 1285">
    <p class='ocr_par' dir='ltr' id='par_1_13' title="bbox 745 1220 2324 1285">
     <span class='ocr_line' id='line_1_13' title="bbox 745 1220 2324 1285; baseline 0.001 -14"><span class='ocrx_word' id='word_1_67' title='bbox 745 1220 1154 1274; x_wconf 73' lang='lat' dir='ltr'><strong>matrimonium</strong></span> <span class='ocrx_word' id='word_1_68' title='bbox 1200 1222 1548 1276; x_wconf 87' lang='lat' dir='ltr'><strong>contrahitur</strong></span> <span class='ocrx_word' id='word_1_69' title='bbox 1591 1232 1646 1276; x_wconf 91' lang='lat' dir='ltr'><strong>et</strong></span> <span class='ocrx_word' id='word_1_70' title='bbox 1677 1222 1932 1285; x_wconf 79' lang='lat' dir='ltr'><strong>solvitur,</strong></span> <span class='ocrx_word' id='word_1_71' title='bbox 1988 1223 2101 1275; x_wconf 64' lang='lat' dir='ltr'><strong>hac</strong></span> <span class='ocrx_word' id='word_1_72' title='bbox 2138 1220 2324 1274; x_wconf 84' lang='lat' dir='ltr'><strong>omnia</strong></span> 
     </span>
    </p>
   </div>
   <div class='ocr_carea' id='block_1_14' title="bbox 741 1310 2322 1380">
    <p class='ocr_par' dir='ltr' id='par_1_14' title="bbox 741 1310 2322 1380">
     <span class='ocr_line' id='line_1_14' title="bbox 741 1310 2322 1380; baseline 0.001 -17"><span class='ocrx_word' id='word_1_73' title='bbox 741 1312 1118 1369; x_wconf 79' lang='lat' dir='ltr'><strong>exoleverunt.</strong></span> <span class='ocrx_word' id='word_1_74' title='bbox 1168 1310 1323 1368; x_wconf 85' lang='lat' dir='ltr'><strong>Unde</strong></span> <span class='ocrx_word' id='word_1_75' title='bbox 1368 1330 1469 1368; x_wconf 89' lang='lat' dir='ltr'><strong>nec</strong></span> <span class='ocrx_word' id='word_1_76' title='bbox 1515 1314 1849 1380; x_wconf 87' lang='lat' dir='ltr'><strong>permittitur</strong></span> <span class='ocrx_word' id='word_1_77' title='bbox 1890 1314 2051 1368; x_wconf 83' lang='lat' dir='ltr'><strong>alicui</strong></span> <span class='ocrx_word' id='word_1_78' title='bbox 2112 1328 2322 1375; x_wconf 88' lang='lat' dir='ltr'><strong>eorum,</strong></span> 
     </span>
    </p>
   </div>
   <div class='ocr_carea' id='block_1_15' title="bbox 741 1404 2324 1475">
    <p class='ocr_par' dir='ltr' id='par_1_15' title="bbox 741 1404 2324 1475">
     <span class='ocr_line' id='line_1_15' title="bbox 741 1404 2324 1475; baseline 0.003 -20"><span class='ocrx_word' id='word_1_79' title='bbox 741 1404 833 1471; x_wconf 88' lang='lat' dir='ltr'><strong>qui</strong></span> <span class='ocrx_word' id='word_1_80' title='bbox 868 1413 1091 1457; x_wconf 79' lang='lat' dir='ltr'><strong>suntex</strong></span> <span class='ocrx_word' id='word_1_81' title='bbox 1138 1406 1396 1459; x_wconf 85' lang='lat' dir='ltr'><strong>tribunali</strong></span> <span class='ocrx_word' id='word_1_82' title='bbox 1449 1416 1625 1459; x_wconf 86' lang='lat' dir='ltr'><strong>morte</strong></span> <span class='ocrx_word' id='word_1_83' title='bbox 1669 1407 1752 1459; x_wconf 82' lang='lat' dir='ltr'><strong>vel</strong></span> <span class='ocrx_word' id='word_1_84' title='bbox 1808 1408 1983 1475; x_wconf 81' lang='lat' dir='ltr'><strong>aliqua</strong></span> <span class='ocrx_word' id='word_1_85' title='bbox 2020 1406 2123 1459; x_wconf 90' lang='lat' dir='ltr'><strong>alia</strong></span> <span class='ocrx_word' id='word_1_86' title='bbox 2159 1420 2324 1461; x_wconf 87' lang='lat' dir='ltr'><strong>causa</strong></span> 
     </span>
    </p>
   </div>
   <div class='ocr_carea' id='block_1_16' title="bbox 741 1496 2322 1570">
    <p class='ocr_par' dir='ltr' id='par_1_16' title="bbox 741 1496 2322 1570">
     <span class='ocr_line' id='line_1_16' title="bbox 741 1496 2322 1570; baseline 0.002 -22"><span class='ocrx_word' id='word_1_87' title='bbox 741 1504 872 1548; x_wconf 91' lang='lat' dir='ltr'><strong>ante</strong></span> <span class='ocrx_word' id='word_1_88' title='bbox 919 1496 1139 1562; x_wconf 77' lang='lat' dir='ltr'><strong>nuptias</strong></span> <span class='ocrx_word' id='word_1_89' title='bbox 1188 1511 1216 1550; x_wconf 75' lang='grc' dir='ltr'><strong>ε</strong></span> <span class='ocrx_word' id='word_1_90' title='bbox 1269 1511 1366 1551; x_wconf 89' lang='lat' dir='ltr'><strong>suo</strong></span> <span class='ocrx_word' id='word_1_91' title='bbox 1405 1514 1604 1565; x_wconf 80' lang='lat' dir='ltr'><strong>sponsa</strong></span> <span class='ocrx_word' id='word_1_92' title='bbox 1654 1510 1932 1570; x_wconf 80' lang='lat' dir='ltr'><strong>separato,</strong></span> <span class='ocrx_word' id='word_1_93' title='bbox 1970 1499 2061 1552; x_wconf 84' lang='lat' dir='ltr'><strong>alii</strong></span> <span class='ocrx_word' id='word_1_94' title='bbox 2110 1498 2322 1552; x_wconf 88' lang='lat' dir='ltr'><strong>mulieri</strong></span> 
     </span>
    </p>
   </div>
   <div class='ocr_carea' id='block_1_17' title="bbox 744 1587 2325 1659">
    <p class='ocr_par' dir='ltr' id='par_1_17' title="bbox 744 1587 2325 1659">
     <span class='ocr_line' id='line_1_17' title="bbox 744 1587 2325 1659; baseline 0 -17"><span class='ocrx_word' id='word_1_95' title='bbox 744 1587 1028 1657; x_wconf 75' lang='lat' dir='ltr'><strong>conjungi,</strong></span> <span class='ocrx_word' id='word_1_96' title='bbox 1061 1597 1113 1641; x_wconf 90' lang='lat' dir='ltr'><strong>et</strong></span> <span class='ocrx_word' id='word_1_97' title='bbox 1144 1588 1191 1642; x_wconf 87' lang='lat' dir='ltr'><strong>is</strong></span> <span class='ocrx_word' id='word_1_98' title='bbox 1219 1590 1309 1657; x_wconf 89' lang='lat' dir='ltr'><strong>qui</strong></span> <span class='ocrx_word' id='word_1_99' title='bbox 1339 1591 1441 1645; x_wconf 87' lang='lat' dir='ltr'><strong>hoc</strong></span> <span class='ocrx_word' id='word_1_100' title='bbox 1473 1591 1689 1654; x_wconf 78' lang='lat' dir='ltr'><strong>fecerit,</strong></span> <span class='ocrx_word' id='word_1_101' title='bbox 1733 1602 1789 1644; x_wconf 94' lang='lat' dir='ltr'><strong>ut</strong></span> <span class='ocrx_word' id='word_1_102' title='bbox 1813 1591 2063 1657; x_wconf 71' lang='lat' dir='ltr'><strong>bigamns</strong></span> <span class='ocrx_word' id='word_1_103' title='bbox 2096 1590 2325 1659; x_wconf 88' lang='lat' dir='ltr'><strong>deponi-</strong></span> 
     </span>
    </p>
   </div>
   <div class='ocr_carea' id='block_1_18' title="bbox 744 1677 2322 1747">
    <p class='ocr_par' dir='ltr' id='par_1_18' title="bbox 744 1677 2322 1747">
     <span class='ocr_line' id='line_1_18' title="bbox 744 1677 2322 1747; baseline 0.002 -17"><span class='ocrx_word' id='word_1_104' title='bbox 744 1688 833 1732; x_wconf 93' lang='lat' dir='ltr'><strong>tur</strong></span> <span class='ocrx_word' id='word_1_105' title='bbox 869 1696 883 1732; x_wconf 91' lang='lat'><strong>:</strong></span> <span class='ocrx_word' id='word_1_106' title='bbox 942 1677 1196 1733; x_wconf 88' lang='lat' dir='ltr'><strong>similiter</strong></span> <span class='ocrx_word' id='word_1_107' title='bbox 1228 1690 1283 1734; x_wconf 91' lang='lat' dir='ltr'><strong>et</strong></span> <span class='ocrx_word' id='word_1_108' title='bbox 1321 1680 1493 1733; x_wconf 85' lang='lat' dir='ltr'><strong>lector</strong></span> <span class='ocrx_word' id='word_1_109' title='bbox 1535 1678 1625 1745; x_wconf 87' lang='lat' dir='ltr'><strong>qtti</strong></span> <span class='ocrx_word' id='word_1_110' title='bbox 1682 1678 1734 1731; x_wconf 91' lang='lat' dir='ltr'><strong>in</strong></span> <span class='ocrx_word' id='word_1_111' title='bbox 1786 1680 1894 1733; x_wconf 87' lang='lat' dir='ltr'><strong>tale</strong></span> <span class='ocrx_word' id='word_1_112' title='bbox 1940 1678 2069 1747; x_wconf 90' lang='lat' dir='ltr'><strong>quid</strong></span> <span class='ocrx_word' id='word_1_113' title='bbox 2112 1679 2322 1739; x_wconf 88' lang='lat' dir='ltr'><strong>incidit.</strong></span> 
     </span>
    </p>
   </div>
   <div class='ocr_carea' id='block_1_19' title="bbox 740 1768 2322 1840">
    <p class='ocr_par' dir='ltr' id='par_1_19' title="bbox 740 1768 2322 1840">
     <span class='ocr_line' id='line_1_19' title="bbox 740 1768 2322 1840; baseline 0.004 -19"><span class='ocrx_word' id='word_1_114' title='bbox 740 1773 807 1821; x_wconf 86' lang='lat' dir='ltr'><strong>ad</strong></span> <span class='ocrx_word' id='word_1_115' title='bbox 837 1768 1002 1823; x_wconf 83' lang='lat' dir='ltr'><strong>alium</strong></span> <span class='ocrx_word' id='word_1_116' title='bbox 1034 1772 1261 1840; x_wconf 68' lang='lat' dir='ltr'><strong>gradum</strong></span> <span class='ocrx_word' id='word_1_117' title='bbox 1296 1786 1403 1823; x_wconf 91' lang='lat' dir='ltr'><strong>non</strong></span> <span class='ocrx_word' id='word_1_118' title='bbox 1444 1780 1815 1840; x_wconf 85' lang='lat' dir='ltr'><strong>promovetur.</strong></span> <span class='ocrx_word' id='word_1_119' title='bbox 1857 1771 2118 1825; x_wconf 83' lang='lat' dir='ltr'><strong>Volehant</strong></span> <span class='ocrx_word' id='word_1_120' title='bbox 2145 1782 2322 1827; x_wconf 83' lang='lat' dir='ltr'><strong>autem</strong></span> 
     </span>
    </p>
   </div>
   <div class='ocr_carea' id='block_1_20' title="bbox 738 1859 2322 1927">
    <p class='ocr_par' dir='ltr' id='par_1_20' title="bbox 738 1859 2322 1927">
     <span class='ocr_line' id='line_1_20' title="bbox 738 1859 2322 1927; baseline 0.002 -15"><span class='ocrx_word' id='word_1_121' title='bbox 738 1870 863 1912; x_wconf 85' lang='lat' dir='ltr'><strong>eum</strong></span> <span class='ocrx_word' id='word_1_122' title='bbox 899 1871 1141 1925; x_wconf 87' lang='lat' dir='ltr'><strong>quoque,</strong></span> <span class='ocrx_word' id='word_1_123' title='bbox 1177 1859 1270 1926; x_wconf 88' lang='lat' dir='ltr'><strong>qui</strong></span> <span class='ocrx_word' id='word_1_124' title='bbox 1319 1859 1481 1913; x_wconf 87' lang='lat' dir='ltr'><strong>hodie</strong></span> <span class='ocrx_word' id='word_1_125' title='bbox 1510 1877 1632 1915; x_wconf 86' lang='lat' dir='ltr'><strong>eum</strong></span> <span class='ocrx_word' id='word_1_126' title='bbox 1678 1877 1773 1915; x_wconf 89' lang='lat' dir='ltr'><strong>sua</strong></span> <span class='ocrx_word' id='word_1_127' title='bbox 1823 1875 2022 1927; x_wconf 76' lang='lat' dir='ltr'><strong>sponsa</strong></span> <span class='ocrx_word' id='word_1_128' title='bbox 2058 1877 2168 1917; x_wconf 89' lang='lat' dir='ltr'><strong>rem</strong></span> <span class='ocrx_word' id='word_1_129' title='bbox 2222 1862 2322 1916; x_wconf 85' lang='lat' dir='ltr'><strong>ha-</strong></span> 
     </span>
    </p>
   </div>
   <div class='ocr_carea' id='block_1_21' title="bbox 741 1946 2323 2021">
    <p class='ocr_par' dir='ltr' id='par_1_21' title="bbox 741 1946 2323 2021">
     <span class='ocr_line' id='line_1_21' title="bbox 741 1946 2323 2021; baseline 0.007 -23"><span class='ocrx_word' id='word_1_130' title='bbox 741 1946 882 2013; x_wconf 80' lang='lat' dir='ltr'><strong>buit,</strong></span> <span class='ocrx_word' id='word_1_131' title='bbox 938 1947 991 2001; x_wconf 88' lang='lat' dir='ltr'><strong>id</strong></span> <span class='ocrx_word' id='word_1_132' title='bbox 1040 1952 1263 2018; x_wconf 81' lang='lat' dir='ltr'><strong>impune</strong></span> <span class='ocrx_word' id='word_1_133' title='bbox 1314 1950 1529 2017; x_wconf 83' lang='lat' dir='ltr'><strong>fecisse,</strong></span> <span class='ocrx_word' id='word_1_134' title='bbox 1590 1957 1733 2019; x_wconf 80' lang='lat' dir='ltr'><strong>quod</strong></span> <span class='ocrx_word' id='word_1_135' title='bbox 1776 1968 1879 2005; x_wconf 92' lang='lat' dir='ltr'><strong>non</strong></span> <span class='ocrx_word' id='word_1_136' title='bbox 1926 1962 2147 2021; x_wconf 87' lang='lat' dir='ltr'><strong>possunt</strong></span> <span class='ocrx_word' id='word_1_137' title='bbox 2188 1955 2323 2009; x_wconf 88' lang='lat' dir='ltr'><strong>solvi</strong></span> 
     </span>
    </p>
   </div>
   <div class='ocr_carea' id='block_1_22' title="bbox 746 2040 2325 2113">
    <p class='ocr_par' dir='ltr' id='par_1_22' title="bbox 746 2040 2325 2113">
     <span class='ocr_line' id='line_1_22' title="bbox 746 2040 2325 2113; baseline 0.008 -26"><span class='ocrx_word' id='word_1_138' title='bbox 746 2040 1041 2104; x_wconf 83' lang='lat' dir='ltr'><strong>sponsalia.</strong></span> <span class='ocrx_word' id='word_1_139' title='bbox 1096 2040 1228 2094; x_wconf 85' lang='lat' dir='ltr'><strong>Cum</strong></span> <span class='ocrx_word' id='word_1_140' title='bbox 1277 2053 1457 2096; x_wconf 87' lang='lat' dir='ltr'><strong>autem</strong></span> <span class='ocrx_word' id='word_1_141' title='bbox 1515 2053 1778 2110; x_wconf 70' lang='lat' dir='ltr'><strong>augustas</strong></span> <span class='ocrx_word' id='word_1_142' title='bbox 1837 2044 1923 2097; x_wconf 91' lang='lat' dir='ltr'><strong>ille</strong></span> <span class='ocrx_word' id='word_1_143' title='bbox 1968 2054 2021 2097; x_wconf 87' lang='lat' dir='ltr'><strong>et</strong></span> <span class='ocrx_word' id='word_1_144' title='bbox 2095 2060 2325 2113; x_wconf 74' lang='lat' dir='ltr'><strong>magnus</strong></span> 
     </span>
    </p>
   </div>
   <div class='ocr_carea' id='block_1_23' title="bbox 744 2132 2327 2202">
    <p class='ocr_par' dir='ltr' id='par_1_23' title="bbox 744 2132 2327 2202">
     <span class='ocr_line' id='line_1_23' title="bbox 744 2132 2327 2202; baseline 0.004 -17"><span class='ocrx_word' id='word_1_145' title='bbox 744 2132 1074 2193; x_wconf 71' lang='lat' dir='ltr'><strong>drungarius</strong></span> <span class='ocrx_word' id='word_1_146' title='bbox 1121 2132 1376 2188; x_wconf 89' lang='lat' dir='ltr'><strong>dominus</strong></span> <span class='ocrx_word' id='word_1_147' title='bbox 1432 2134 1757 2202; x_wconf 75' lang='lat' dir='ltr'><strong>Stephanus!</strong></span> <span class='ocrx_word' id='word_1_148' title='bbox 1817 2135 2127 2190; x_wconf 86' lang='lat' dir='ltr'><strong>Comnenus</strong></span> <span class='ocrx_word' id='word_1_149' title='bbox 2179 2144 2327 2191; x_wconf 81' lang='lat' dir='ltr'><strong>esset</strong></span> 
     </span>
    </p>
   </div>
   <div class='ocr_carea' id='block_1_24' title="bbox 745 2221 2326 2294">
    <p class='ocr_par' dir='ltr' id='par_1_24' title="bbox 745 2221 2326 2294">
     <span class='ocr_line' id='line_1_24' title="bbox 745 2221 2326 2294; baseline 0.004 -20"><span class='ocrx_word' id='word_1_150' title='bbox 745 2221 1097 2275; x_wconf 88' lang='lat' dir='ltr'><strong>matrimonio</strong></span> <span class='ocrx_word' id='word_1_151' title='bbox 1136 2223 1449 2290; x_wconf 72' lang='lat' dir='ltr'><strong>jungendus</strong></span> <span class='ocrx_word' id='word_1_152' title='bbox 1497 2226 1731 2279; x_wconf 66' lang='lat' dir='ltr'><strong>domina:</strong></span> <span class='ocrx_word' id='word_1_153' title='bbox 1784 2225 2079 2281; x_wconf 75' lang='lat' dir='ltr'><strong>Eudochia:</strong></span> <span class='ocrx_word' id='word_1_154' title='bbox 2109 2227 2326 2294; x_wconf 71' lang='lat' dir='ltr'><strong>augusti</strong></span> 
     </span>
    </p>
   </div>
   <div class='ocr_carea' id='block_1_25' title="bbox 744 2311 2327 2377">
    <p class='ocr_par' dir='ltr' id='par_1_25' title="bbox 744 2311 2327 2377">
     <span class='ocr_line' id='line_1_25' title="bbox 744 2311 2327 2377; baseline 0.006 -17"><span class='ocrx_word' id='word_1_155' title='bbox 744 2311 891 2365; x_wconf 87' lang='lat' dir='ltr'><strong>illius</strong></span> <span class='ocrx_word' id='word_1_156' title='bbox 918 2321 968 2365; x_wconf 88' lang='lat' dir='ltr'><strong>et</strong></span> <span class='ocrx_word' id='word_1_157' title='bbox 1007 2312 1185 2377; x_wconf 78' lang='lat' dir='ltr'><strong>magni</strong></span> <span class='ocrx_word' id='word_1_158' title='bbox 1220 2313 1505 2367; x_wconf 82' lang='lat' dir='ltr'><strong>domestici</strong></span> <span class='ocrx_word' id='word_1_159' title='bbox 1556 2313 2020 2369; x_wconf 81' lang='lat' dir='ltr'><strong>dominiJoannis</strong></span> <span class='ocrx_word' id='word_1_160' title='bbox 2065 2315 2188 2369; x_wconf 68' lang='lat' dir='ltr'><strong>filiae</strong></span> <span class='ocrx_word' id='word_1_161' title='bbox 2218 2355 2233 2375; x_wconf 86' lang='lat'><strong>,</strong></span> <span class='ocrx_word' id='word_1_162' title='bbox 2272 2322 2327 2369; x_wconf 89' lang='lat' dir='ltr'><strong>et</strong></span> 
     </span>
    </p>
   </div>
   <div class='ocr_carea' id='block_1_26' title="bbox 747 2404 2325 2477">
    <p class='ocr_par' dir='ltr' id='par_1_26' title="bbox 747 2404 2325 2477">
     <span class='ocr_line' id='line_1_26' title="bbox 747 2404 2325 2477; baseline 0.006 -23"><span class='ocrx_word' id='word_1_163' title='bbox 747 2404 1155 2471; x_wconf 78' lang='lat' dir='ltr'><strong>prohiberetur,</strong></span> <span class='ocrx_word' id='word_1_164' title='bbox 1208 2420 1274 2459; x_wconf 92' lang='lat' dir='ltr'><strong>eo</strong></span> <span class='ocrx_word' id='word_1_165' title='bbox 1313 2407 1456 2473; x_wconf 89' lang='lat' dir='ltr'><strong>quod</strong></span> <span class='ocrx_word' id='word_1_166' title='bbox 1529 2423 1686 2462; x_wconf 88' lang='lat' dir='ltr'><strong>soror</strong></span> <span class='ocrx_word' id='word_1_167' title='bbox 1728 2412 1846 2477; x_wconf 89' lang='lat' dir='ltr'><strong>ejus</strong></span> <span class='ocrx_word' id='word_1_168' title='bbox 1888 2408 2112 2463; x_wconf 88' lang='lat' dir='ltr'><strong>domina</strong></span> <span class='ocrx_word' id='word_1_169' title='bbox 2165 2410 2325 2463; x_wconf 85' lang='lat' dir='ltr'><strong>Irene</strong></span> 
     </span>
    </p>
   </div>
   <div class='ocr_carea' id='block_1_27' title="bbox 738 2495 2324 2569">
    <p class='ocr_par' dir='ltr' id='par_1_27' title="bbox 738 2495 2324 2569">
     <span class='ocr_line' id='line_1_27' title="bbox 738 2495 2324 2569; baseline 0.006 -20"><span class='ocrx_word' id='word_1_170' title='bbox 738 2495 1008 2566; x_wconf 82' lang='lat' dir='ltr'><strong>desponsa</strong></span> <span class='ocrx_word' id='word_1_171' title='bbox 1040 2507 1186 2551; x_wconf 84' lang='lat' dir='ltr'><strong>esset</strong></span> <span class='ocrx_word' id='word_1_172' title='bbox 1230 2498 1302 2551; x_wconf 91' lang='lat' dir='ltr'><strong>illi</strong></span> <span class='ocrx_word' id='word_1_173' title='bbox 1337 2500 1583 2566; x_wconf 71' lang='lat' dir='ltr'><strong>Augusto</strong></span> <span class='ocrx_word' id='word_1_174' title='bbox 1609 2501 1754 2554; x_wconf 88' lang='lat' dir='ltr'><strong>dom.</strong></span> <span class='ocrx_word' id='word_1_175' title='bbox 1793 2501 1985 2554; x_wconf 78' lang='lat' dir='ltr'><strong>Alexio</strong></span> <span class='ocrx_word' id='word_1_176' title='bbox 2025 2502 2078 2555; x_wconf 92' lang='lat' dir='ltr'><strong>in</strong></span> <span class='ocrx_word' id='word_1_177' title='bbox 2133 2502 2324 2569; x_wconf 88' lang='lat' dir='ltr'><strong>primis</strong></span> 
     </span>
    </p>
   </div>
   <div class='ocr_carea' id='block_1_28' title="bbox 740 2586 2330 2660">
    <p class='ocr_par' dir='ltr' id='par_1_28' title="bbox 740 2586 2330 2660">
     <span class='ocr_line' id='line_1_28' title="bbox 740 2586 2330 2660; baseline 0.004 -21"><span class='ocrx_word' id='word_1_178' title='bbox 740 2586 968 2655; x_wconf 73' lang='lat' dir='ltr'><strong>Augusti</strong></span> <span class='ocrx_word' id='word_1_179' title='bbox 1018 2588 1165 2642; x_wconf 90' lang='lat' dir='ltr'><strong>dom.</strong></span> <span class='ocrx_word' id='word_1_180' title='bbox 1222 2587 1451 2644; x_wconf 85' lang='lat' dir='ltr'><strong>Joannis</strong></span> <span class='ocrx_word' id='word_1_181' title='bbox 1499 2591 1683 2659; x_wconf 86' lang='lat' dir='ltr'><strong>inclyti</strong></span> <span class='ocrx_word' id='word_1_182' title='bbox 1736 2589 2026 2659; x_wconf 85' lang='lat' dir='ltr'><strong>lmp.fi|io,</strong></span> <span class='ocrx_word' id='word_1_183' title='bbox 2065 2592 2159 2660; x_wconf 91' lang='lat' dir='ltr'><strong>qui</strong></span> <span class='ocrx_word' id='word_1_184' title='bbox 2208 2601 2330 2647; x_wconf 88' lang='lat' dir='ltr'><strong>erat</strong></span> 
     </span>
    </p>
   </div>
   <div class='ocr_carea' id='block_1_29' title="bbox 737 2680 2329 2752">
    <p class='ocr_par' dir='ltr' id='par_1_29' title="bbox 737 2680 2329 2752">
     <span class='ocr_line' id='line_1_29' title="bbox 737 2680 2329 2752; baseline 0.004 -21"><span class='ocrx_word' id='word_1_185' title='bbox 737 2680 949 2748; x_wconf 88' lang='lat' dir='ltr'><strong>primus</strong></span> <span class='ocrx_word' id='word_1_186' title='bbox 991 2681 1255 2748; x_wconf 81' lang='lat' dir='ltr'><strong>patruelis</strong></span> <span class='ocrx_word' id='word_1_187' title='bbox 1286 2683 1463 2751; x_wconf 75' lang='lat' dir='ltr'><strong>magni</strong></span> <span class='ocrx_word' id='word_1_188' title='bbox 1494 2683 1796 2750; x_wconf 67' lang='lat' dir='ltr'><strong>idrungarii</strong></span> <span class='ocrx_word' id='word_1_189' title='bbox 1834 2694 1889 2738; x_wconf 92' lang='lat' dir='ltr'><strong>et</strong></span> <span class='ocrx_word' id='word_1_190' title='bbox 1925 2682 2040 2738; x_wconf 85' lang='lat' dir='ltr'><strong>fieri</strong></span> <span class='ocrx_word' id='word_1_191' title='bbox 2095 2699 2201 2738; x_wconf 92' lang='lat' dir='ltr'><strong>non</strong></span> <span class='ocrx_word' id='word_1_192' title='bbox 2235 2698 2329 2752; x_wconf 90' lang='lat' dir='ltr'><strong>po-</strong></span> 
     </span>
    </p>
   </div>
   <div class='ocr_carea' id='block_1_30' title="bbox 740 2772 2326 2840">
    <p class='ocr_par' dir='ltr' id='par_1_30' title="bbox 740 2772 2326 2840">
     <span class='ocr_line' id='line_1_30' title="bbox 740 2772 2326 2840; baseline 0.006 -18"><span class='ocrx_word' id='word_1_193' title='bbox 740 2779 917 2837; x_wconf 83' lang='lat' dir='ltr'><strong>terat,</strong></span> <span class='ocrx_word' id='word_1_194' title='bbox 975 2784 1033 2824; x_wconf 90' lang='lat' dir='ltr'><strong>ut</strong></span> <span class='ocrx_word' id='word_1_195' title='bbox 1089 2772 1198 2825; x_wconf 89' lang='lat' dir='ltr'><strong>duo</strong></span> <span class='ocrx_word' id='word_1_196' title='bbox 1244 2775 1405 2840; x_wconf 90' lang='lat' dir='ltr'><strong>primi</strong></span> <span class='ocrx_word' id='word_1_197' title='bbox 1450 2775 1725 2840; x_wconf 85' lang='lat' dir='ltr'><strong>patrueles</strong></span> <span class='ocrx_word' id='word_1_198' title='bbox 1775 2776 1988 2829; x_wconf 83' lang='lat' dir='ltr'><strong>duabus</strong></span> <span class='ocrx_word' id='word_1_199' title='bbox 2042 2776 2326 2831; x_wconf 73' lang='lat' dir='ltr'><strong>sororibus</strong></span> 
     </span>
    </p>
   </div>
   <div class='ocr_carea' id='block_1_31' title="bbox 739 2862 2330 2935">
    <p class='ocr_par' dir='ltr' id='par_1_31' title="bbox 739 2862 2330 2935">
     <span class='ocr_line' id='line_1_31' title="bbox 739 2862 2330 2935; baseline 0.002 -19"><span class='ocrx_word' id='word_1_200' title='bbox 739 2862 1206 2933; x_wconf 72' lang='lat' dir='ltr'><strong>coniungerentur</strong></span> <span class='ocrx_word' id='word_1_201' title='bbox 1257 2865 1412 2933; x_wconf 79' lang='lat'><strong>121</strong></span> <span class='ocrx_word' id='word_1_202' title='bbox 1464 2866 1720 2935; x_wconf 81' lang='lat' dir='ltr'><strong>synodice</strong></span> <span class='ocrx_word' id='word_1_203' title='bbox 1763 2866 2023 2933; x_wconf 71' lang='lat' dir='ltr'><strong>agitatum</strong></span> <span class='ocrx_word' id='word_1_204' title='bbox 2070 2876 2154 2921; x_wconf 88' lang='lat' dir='ltr'><strong>est</strong></span> <span class='ocrx_word' id='word_1_205' title='bbox 2190 2876 2330 2921; x_wconf 88' lang='lat' dir='ltr'><strong>tem-</strong></span> 
     </span>
    </p>
   </div>
   <div class='ocr_carea' id='block_1_32' title="bbox 740 2956 2327 3025">
    <p class='ocr_par' dir='ltr' id='par_1_32' title="bbox 740 2956 2327 3025">
     <span class='ocr_line' id='line_1_32' title="bbox 740 2956 2327 3025; baseline 0.002 -16"><span class='ocrx_word' id='word_1_206' title='bbox 740 2969 872 3024; x_wconf 88' lang='lat' dir='ltr'><strong>pore</strong></span> <span class='ocrx_word' id='word_1_207' title='bbox 900 2956 1233 3011; x_wconf 89' lang='lat' dir='ltr'><strong>sanctissimi</strong></span> <span class='ocrx_word' id='word_1_208' title='bbox 1277 2958 1599 3025; x_wconf 65' lang='lat' dir='ltr'><strong>patriarchae</strong></span> <span class='ocrx_word' id='word_1_209' title='bbox 1630 2958 1838 3012; x_wconf 88' lang='lat' dir='ltr'><strong>domini</strong></span> <span class='ocrx_word' id='word_1_210' title='bbox 1896 2956 2104 3012; x_wconf 85' lang='lat' dir='ltr'><strong>Nicolai</strong></span> <span class='ocrx_word' id='word_1_211' title='bbox 2138 2956 2327 3011; x_wconf 63' lang='grc' dir='ltr'>Μηκω-</span> 
     </span>
    </p>
   </div>
   <div class='ocr_carea' id='block_1_33' title="bbox 738 3044 2332 3117">
    <p class='ocr_par' dir='ltr' id='par_1_33' title="bbox 738 3044 2332 3117">
     <span class='ocr_line' id='line_1_33' title="bbox 738 3044 2332 3117; baseline 0.002 -19"><span class='ocrx_word' id='word_1_212' title='bbox 738 3044 903 3112; x_wconf 81' lang='lat' dir='ltr'><strong>Iouis,</strong></span> <span class='ocrx_word' id='word_1_213' title='bbox 950 3062 1017 3099; x_wconf 84' lang='lat' dir='ltr'><strong>an</strong></span> <span class='ocrx_word' id='word_1_214' title='bbox 1045 3062 1109 3101; x_wconf 81' lang='lat' dir='ltr'><strong>ex</strong></span> <span class='ocrx_word' id='word_1_215' title='bbox 1144 3061 1208 3101; x_wconf 92' lang='lat' dir='ltr'><strong>eo</strong></span> <span class='ocrx_word' id='word_1_216' title='bbox 1240 3049 1566 3117; x_wconf 88' lang='lat' dir='ltr'><strong>impediatur</strong></span> <span class='ocrx_word' id='word_1_217' title='bbox 1604 3049 1743 3117; x_wconf 78' lang='lat' dir='ltr'><strong>magi</strong></span> <span class='ocrx_word' id='word_1_218' title='bbox 1804 3048 2080 3116; x_wconf 78' lang='lat' dir='ltr'><strong>drungarii</strong></span> <span class='ocrx_word' id='word_1_219' title='bbox 2110 3056 2332 3103; x_wconf 86' lang='lat' dir='ltr'><strong>contra-</strong></span> 
     </span>
    </p>
   </div>
   <div class='ocr_carea' id='block_1_34' title="bbox 2429 585 3997 659">
    <p class='ocr_par' dir='ltr' id='par_1_34' title="bbox 2429 585 3997 659">
     <span class='ocr_line' id='line_1_34' title="bbox 2429 585 3997 659; baseline 0.004 -25"><span class='ocrx_word' id='word_1_220' title='bbox 2429 586 2531 652; x_wconf 76' lang='grc' dir='ltr'>μὲν</span> <span class='ocrx_word' id='word_1_221' title='bbox 2586 585 2785 645; x_wconf 72' lang='grc' dir='ltr'>οὒτ’-ις.</span> <span class='ocrx_word' id='word_1_222' title='bbox 2829 587 3024 640; x_wconf 79' lang='grc' dir='ltr'>Ἰστὲον</span> <span class='ocrx_word' id='word_1_223' title='bbox 3070 588 3125 639; x_wconf 79' lang='grc' dir='ltr'>δὲ</span> <span class='ocrx_word' id='word_1_224' title='bbox 3181 590 3263 640; x_wconf 83' lang='grc' dir='ltr'>ὅτι</span> <span class='ocrx_word' id='word_1_225' title='bbox 3301 589 3367 641; x_wconf 84' lang='grc' dir='ltr'><strong>τά</strong></span> <span class='ocrx_word' id='word_1_226' title='bbox 3416 590 3546 659; x_wconf 77' lang='grc' dir='ltr'>περὶ</span> <span class='ocrx_word' id='word_1_227' title='bbox 3588 587 3685 640; x_wconf 74' lang='grc' dir='ltr'><strong>τοῦ</strong></span> <span class='ocrx_word' id='word_1_228' title='bbox 3749 588 3997 641; x_wconf 68' lang='grc' dir='ltr'>τοιούτου</span> 
     </span>
    </p>
   </div>
   <div class='ocr_carea' id='block_1_35' title="bbox 2426 677 3996 749">
    <p class='ocr_par' dir='ltr' id='par_1_35' title="bbox 2426 677 3996 749">
     <span class='ocr_line' id='line_1_35' title="bbox 2426 677 3996 749; baseline 0.003 -22"><span class='ocrx_word' id='word_1_229' title='bbox 2426 677 2651 736; x_wconf 76' lang='grc' dir='ltr'><strong>κανόνος</strong></span> <span class='ocrx_word' id='word_1_230' title='bbox 2726 677 2997 745; x_wconf 73' lang='grc' dir='ltr'><strong>διαφόρως</strong></span> <span class='ocrx_word' id='word_1_231' title='bbox 3078 680 3423 749; x_wconf 83' lang='grc' dir='ltr'>ἑλαλήθησαν</span> <span class='ocrx_word' id='word_1_232' title='bbox 3490 685 3569 743; x_wconf 81' lang='grc' dir='ltr'><strong>εἰς</strong></span> <span class='ocrx_word' id='word_1_233' title='bbox 3616 691 3677 732; x_wconf 68' lang='grc' dir='ltr'>τὸ</span> <span class='ocrx_word' id='word_1_234' title='bbox 3714 680 3996 733; x_wconf 70' lang='grc' dir='ltr'>συνοδοκδν</span> 
     </span>
    </p>
   </div>
   <div class='ocr_carea' id='block_1_36' title="bbox 2424 766 4000 842">
    <p class='ocr_par' dir='ltr' id='par_1_36' title="bbox 2424 766 4000 842">
     <span class='ocr_line' id='line_1_36' title="bbox 2424 766 4000 842; baseline 0.001 -22"><span class='ocrx_word' id='word_1_235' title='bbox 2424 768 2799 837; x_wconf 78' lang='grc' dir='ltr'>δικαστήριον,</span> <span class='ocrx_word' id='word_1_236' title='bbox 2839 772 2932 821; x_wconf 70' lang='grc' dir='ltr'>καὶ</span> <span class='ocrx_word' id='word_1_237' title='bbox 2956 766 3111 823; x_wconf 72' lang='grc' dir='ltr'>εἶπόν</span> <span class='ocrx_word' id='word_1_238' title='bbox 3141 789 3288 832; x_wconf 88' lang='grc' dir='ltr'>τινες</span> <span class='ocrx_word' id='word_1_239' title='bbox 3314 773 3388 833; x_wconf 85' lang='grc' dir='ltr'>ὠς</span> <span class='ocrx_word' id='word_1_240' title='bbox 3420 772 3589 825; x_wconf 85' lang='grc' dir='ltr'>ταῦτα</span> <span class='ocrx_word' id='word_1_241' title='bbox 3618 772 3805 842; x_wconf 79' lang='grc' dir='ltr'>χώραν</span> <span class='ocrx_word' id='word_1_242' title='bbox 3829 768 4000 839; x_wconf 75' lang='grc' dir='ltr'>εἶχον,</span> 
     </span>
    </p>
   </div>
   <div class='ocr_carea' id='block_1_37' title="bbox 2426 862 4000 930">
    <p class='ocr_par' dir='ltr' id='par_1_37' title="bbox 2426 862 4000 930">
     <span class='ocr_line' id='line_1_37' title="bbox 2426 862 4000 930; baseline 0.006 -18"><span class='ocrx_word' id='word_1_243' title='bbox 2426 862 2580 929; x_wconf 85' lang='grc' dir='ltr'>ὅτεή</span> <span class='ocrx_word' id='word_1_244' title='bbox 2624 863 2896 930; x_wconf 84' lang='grc' dir='ltr'>μνηστεία</span> <span class='ocrx_word' id='word_1_245' title='bbox 2952 865 3258 917; x_wconf 82' lang='grc' dir='ltr'>συναινέσει</span> <span class='ocrx_word' id='word_1_246' title='bbox 3317 866 3608 919; x_wconf 74' lang='grc' dir='ltr'><strong>συνίστατο</strong></span> <span class='ocrx_word' id='word_1_247' title='bbox 3655 867 3747 918; x_wconf 78' lang='grc' dir='ltr'>καὶ</span> <span class='ocrx_word' id='word_1_248' title='bbox 3789 866 4000 922; x_wconf 82' lang='grc' dir='ltr'>ἑλὺετο.</span> 
     </span>
    </p>
   </div>
   <div class='ocr_carea' id='block_1_38' title="bbox 2424 951 4004 1018">
    <p class='ocr_par' dir='ltr' id='par_1_38' title="bbox 2424 951 4004 1018">
     <span class='ocr_line' id='line_1_38' title="bbox 2424 951 4004 1018; baseline 0.003 -15"><span class='ocrx_word' id='word_1_249' title='bbox 2424 951 2662 1018; x_wconf 78' lang='grc' dir='ltr'>Ἀρτίως</span> <span class='ocrx_word' id='word_1_250' title='bbox 2696 952 2752 1005; x_wconf 66' lang='grc' dir='ltr'>δὲ</span> <span class='ocrx_word' id='word_1_251' title='bbox 2795 953 2883 1005; x_wconf 86' lang='grc' dir='ltr'>ὅτε</span> <span class='ocrx_word' id='word_1_252' title='bbox 2928 954 3102 1016; x_wconf 79' lang='grc' dir='ltr'>ἄλλως</span> <span class='ocrx_word' id='word_1_253' title='bbox 3147 956 3208 1008; x_wconf 76' lang='grc' dir='ltr'>οὕ</span> <span class='ocrx_word' id='word_1_254' title='bbox 3262 956 3581 1010; x_wconf 80' lang='grc' dir='ltr'><strong>συνίσταται</strong></span> <span class='ocrx_word' id='word_1_255' title='bbox 3648 959 3770 1010; x_wconf 73' lang='grc' dir='ltr'>οὐδδ</span> <span class='ocrx_word' id='word_1_256' title='bbox 3807 957 4004 1010; x_wconf 80' lang='grc' dir='ltr'>λύεται</span> 
     </span>
    </p>
   </div>
   <div class='ocr_carea' id='block_1_39' title="bbox 2429 1044 4007 1113">
    <p class='ocr_par' dir='ltr' id='par_1_39' title="bbox 2429 1044 4007 1113">
     <span class='ocr_line' id='line_1_39' title="bbox 2429 1044 4007 1113; baseline 0.002 -17"><span class='ocrx_word' id='word_1_257' title='bbox 2429 1048 2478 1097; x_wconf 86' lang='grc' dir='ltr'><strong>εί</strong></span> <span class='ocrx_word' id='word_1_258' title='bbox 2514 1045 2589 1112; x_wconf 78' lang='grc' dir='ltr'>μὴ</span> <span class='ocrx_word' id='word_1_259' title='bbox 2620 1044 2761 1097; x_wconf 70' lang='grc' dir='ltr'>κατὰ</span> <span class='ocrx_word' id='word_1_260' title='bbox 2790 1047 2919 1106; x_wconf 79' lang='grc' dir='ltr'>τοὺς</span> <span class='ocrx_word' id='word_1_261' title='bbox 2955 1046 3192 1113; x_wconf 77' lang='grc' dir='ltr'>τρόπους</span> <span class='ocrx_word' id='word_1_262' title='bbox 3225 1050 3318 1098; x_wconf 75' lang='grc' dir='ltr'>καὶ</span> <span class='ocrx_word' id='word_1_263' title='bbox 3372 1047 3470 1111; x_wconf 86' lang='grc' dir='ltr'><strong>τάς</strong></span> <span class='ocrx_word' id='word_1_264' title='bbox 3531 1050 3708 1108; x_wconf 82' lang='grc' dir='ltr'>αἰτίας</span> <span class='ocrx_word' id='word_1_265' title='bbox 3762 1049 3885 1101; x_wconf 71' lang='grc' dir='ltr'>καθ’</span> <span class='ocrx_word' id='word_1_266' title='bbox 3939 1047 4007 1108; x_wconf 79' lang='grc' dir='ltr'>ἃς</span> 
     </span>
    </p>
   </div>
   <div class='ocr_carea' id='block_1_40' title="bbox 2428 1136 4009 1203">
    <p class='ocr_par' dir='ltr' id='par_1_40' title="bbox 2428 1136 4009 1203">
     <span class='ocr_line' id='line_1_40' title="bbox 2428 1136 4009 1203; baseline 0.003 -16"><span class='ocrx_word' id='word_1_267' title='bbox 2428 1136 2521 1189; x_wconf 76' lang='grc' dir='ltr'>καὶ</span> <span class='ocrx_word' id='word_1_268' title='bbox 2550 1136 2579 1187; x_wconf 87' lang='grc' dir='ltr'><strong>ό</strong></span> <span class='ocrx_word' id='word_1_269' title='bbox 2608 1136 2814 1199; x_wconf 81' lang='grc' dir='ltr'>τέλειος</span> <span class='ocrx_word' id='word_1_270' title='bbox 2846 1137 3024 1203; x_wconf 88' lang='grc' dir='ltr'>γάμος</span> <span class='ocrx_word' id='word_1_271' title='bbox 3059 1136 3377 1191; x_wconf 72' lang='grc' dir='ltr'><strong>συνίσταται</strong></span> <span class='ocrx_word' id='word_1_272' title='bbox 3428 1140 3523 1191; x_wconf 76' lang='grc' dir='ltr'>καὶ</span> <span class='ocrx_word' id='word_1_273' title='bbox 3568 1138 3777 1200; x_wconf 84' lang='grc' dir='ltr'>λύεται,</span> <span class='ocrx_word' id='word_1_274' title='bbox 3828 1138 4009 1191; x_wconf 81' lang='grc' dir='ltr'>ταῦτα</span> 
     </span>
    </p>
   </div>
   <div class='ocr_carea' id='block_1_41' title="bbox 2430 1209 4009 1294">
    <p class='ocr_par' dir='ltr' id='par_1_41' title="bbox 2430 1209 4009 1294">
     <span class='ocr_line' id='line_1_41' title="bbox 2430 1209 4009 1294; baseline 0.001 -17"><span class='ocrx_word' id='word_1_275' title='bbox 2430 1226 2610 1278; x_wconf 85' lang='grc' dir='ltr'>πάντα</span> <span class='ocrx_word' id='word_1_276' title='bbox 2642 1226 3035 1294; x_wconf 78' lang='grc' dir='ltr'>ἀπρακτοῦσιν.</span> <span class='ocrx_word' id='word_1_277' title='bbox 3064 1227 3225 1281; x_wconf 83' lang='grc' dir='ltr'>Ὅθεν</span> <span class='ocrx_word' id='word_1_278' title='bbox 3280 1227 3403 1279; x_wconf 71' lang='grc' dir='ltr'>οὐδὲ</span> <span class='ocrx_word' id='word_1_279' title='bbox 3460 1209 3675 1291; x_wconf 65' lang='grc' dir='ltr'>ἑφεῗταί</span> <span class='ocrx_word' id='word_1_280' title='bbox 3730 1246 3836 1279; x_wconf 91' lang='grc' dir='ltr'>τινι</span> <span class='ocrx_word' id='word_1_281' title='bbox 3898 1230 4009 1279; x_wconf 74' lang='grc' dir='ltr'>τιῖν</span> 
     </span>
    </p>
   </div>
   <div class='ocr_carea' id='block_1_42' title="bbox 2429 1316 4008 1393">
    <p class='ocr_par' dir='ltr' id='par_1_42' title="bbox 2429 1316 4008 1393">
     <span class='ocr_line' id='line_1_42' title="bbox 2429 1316 4008 1393; baseline 0 -24"><span class='ocrx_word' id='word_1_282' title='bbox 2429 1316 2524 1369; x_wconf 80' lang='grc' dir='ltr'>τοῦ</span> <span class='ocrx_word' id='word_1_283' title='bbox 2558 1316 2807 1387; x_wconf 82' lang='grc' dir='ltr'><strong>βήματος</strong></span> <span class='ocrx_word' id='word_1_284' title='bbox 2836 1316 3053 1385; x_wconf 80' lang='grc' dir='ltr'>Θανάτῳ</span> <span class='ocrx_word' id='word_1_285' title='bbox 3082 1319 3123 1393; x_wconf 33' lang='grc' dir='ltr'><strong>,ἢ</strong></span> <span class='ocrx_word' id='word_1_286' title='bbox 3158 1319 3296 1388; x_wconf 83' lang='grc' dir='ltr'>άλλῃ</span> <span class='ocrx_word' id='word_1_287' title='bbox 3345 1318 3497 1390; x_wconf 77' lang='grc' dir='ltr'>αἰτίᾳ</span> <span class='ocrx_word' id='word_1_288' title='bbox 3532 1322 3594 1371; x_wconf 83' lang='grc' dir='ltr'>ἐκ</span> <span class='ocrx_word' id='word_1_289' title='bbox 3654 1322 3751 1387; x_wconf 79' lang='grc' dir='ltr'>τῆς</span> <span class='ocrx_word' id='word_1_290' title='bbox 3797 1318 4008 1379; x_wconf 86' lang='grc' dir='ltr'>οἰκείας</span> 
     </span>
    </p>
   </div>
   <div class='ocr_carea' id='block_1_43' title="bbox 2431 1403 4011 1475">
    <p class='ocr_par' dir='ltr' id='par_1_43' title="bbox 2431 1403 4011 1475">
     <span class='ocr_line' id='line_1_43' title="bbox 2431 1403 4011 1475; baseline -0.002 -16"><span class='ocrx_word' id='word_1_291' title='bbox 2431 1406 2810 1475; x_wconf 78' lang='grc' dir='ltr'>διαζευχθέντι</span> <span class='ocrx_word' id='word_1_292' title='bbox 2860 1406 3105 1475; x_wconf 85' lang='grc' dir='ltr'>μνηστῆς</span> <span class='ocrx_word' id='word_1_293' title='bbox 3149 1408 3255 1475; x_wconf 71' lang='grc' dir='ltr'>πρὸ</span> <span class='ocrx_word' id='word_1_294' title='bbox 3282 1406 3375 1458; x_wconf 82' lang='grc' dir='ltr'><strong>τοῦ</strong></span> <span class='ocrx_word' id='word_1_295' title='bbox 3432 1408 3612 1475; x_wconf 85' lang='grc' dir='ltr'>γάμου</span> <span class='ocrx_word' id='word_1_296' title='bbox 3652 1407 3814 1473; x_wconf 68' lang='grc' dir='ltr'>ἑτέρα</span> <span class='ocrx_word' id='word_1_297' title='bbox 3841 1403 4011 1456; x_wconf 72' lang='grc' dir='ltr'>συνά-</span> 
     </span>
    </p>
   </div>
   <div class='ocr_carea' id='block_1_44' title="bbox 2432 1494 4014 1566">
    <p class='ocr_par' dir='ltr' id='par_1_44' title="bbox 2432 1494 4014 1566">
     <span class='ocr_line' id='line_1_44' title="bbox 2432 1494 4014 1566; baseline -0.003 -16"><span class='ocrx_word' id='word_1_298' title='bbox 2432 1498 2671 1552; x_wconf 88' lang='grc' dir='ltr'>πτεσθαι</span> <span class='ocrx_word' id='word_1_299' title='bbox 2694 1498 2937 1566; x_wconf 75' lang='grc' dir='ltr'>γυναικὶ,</span> <span class='ocrx_word' id='word_1_300' title='bbox 2963 1499 3171 1552; x_wconf 78' lang='grc' dir='ltr'>καὶτὸν</span> <span class='ocrx_word' id='word_1_301' title='bbox 3205 1498 3367 1550; x_wconf 84' lang='grc' dir='ltr'>τοῦτο</span> <span class='ocrx_word' id='word_1_302' title='bbox 3394 1498 3697 1564; x_wconf 80' lang='grc' dir='ltr'>ποιήσαντα</span> <span class='ocrx_word' id='word_1_303' title='bbox 3725 1495 3799 1556; x_wconf 75' lang='grc' dir='ltr'>ὡς</span> <span class='ocrx_word' id='word_1_304' title='bbox 3825 1494 4014 1546; x_wconf 84' lang='grc' dir='ltr'>δευτε-</span> 
     </span>
    </p>
   </div>
   <div class='ocr_carea' id='block_1_45' title="bbox 2438 1586 4014 1658">
    <p class='ocr_par' dir='ltr' id='par_1_45' title="bbox 2438 1586 4014 1658">
     <span class='ocr_line' id='line_1_45' title="bbox 2438 1586 4014 1658; baseline -0.002 -19"><span class='ocrx_word' id='word_1_305' title='bbox 2438 1589 2834 1658; x_wconf 84' lang='grc' dir='ltr'>ρογαμήσαντα</span> <span class='ocrx_word' id='word_1_306' title='bbox 2871 1588 3257 1656; x_wconf 73' lang='grc' dir='ltr'>καθαιρεῖσθαι</span> <span class='ocrx_word' id='word_1_307' title='bbox 3301 1602 3316 1619; x_wconf 79' lang='grc' dir='ltr'><strong>ο</strong></span> <span class='ocrx_word' id='word_1_308' title='bbox 3347 1587 3609 1648; x_wconf 79' lang='grc' dir='ltr'>ὡσαύτως</span> <span class='ocrx_word' id='word_1_309' title='bbox 3641 1588 3734 1639; x_wconf 73' lang='grc' dir='ltr'>καὶ</span> <span class='ocrx_word' id='word_1_310' title='bbox 3772 1586 3867 1638; x_wconf 77' lang='grc' dir='ltr'>τὸν</span> <span class='ocrx_word' id='word_1_311' title='bbox 3913 1588 4014 1653; x_wconf 57' lang='lat' dir='ltr'><strong>sp.</strong></span> 
     </span>
    </p>
   </div>
   <div class='ocr_carea' id='block_1_46' title="bbox 2431 1668 4005 1746">
    <p class='ocr_par' dir='ltr' id='par_1_46' title="bbox 2431 1668 4005 1746">
     <span class='ocr_line' id='line_1_46' title="bbox 2431 1668 4005 1746; baseline -0.002 -15"><span class='ocrx_word' id='word_1_312' title='bbox 2431 1678 2672 1732; x_wconf 84' lang='grc' dir='ltr'>πεσόντα</span> <span class='ocrx_word' id='word_1_313' title='bbox 2736 1679 2819 1741; x_wconf 85' lang='grc' dir='ltr'><strong>εἰς</strong></span> <span class='ocrx_word' id='word_1_314' title='bbox 2872 1678 3120 1732; x_wconf 80' lang='grc' dir='ltr'>τοιοῦτόν</span> <span class='ocrx_word' id='word_1_315' title='bbox 3176 1696 3229 1731; x_wconf 91' lang='grc' dir='ltr'><strong>τι</strong></span> <span class='ocrx_word' id='word_1_316' title='bbox 3290 1668 3645 1746; x_wconf 80' lang='grc' dir='ltr'>ἀναγνώστην</span> <span class='ocrx_word' id='word_1_317' title='bbox 3690 1681 3763 1746; x_wconf 76' lang='grc' dir='ltr'>μὴ</span> <span class='ocrx_word' id='word_1_318' title='bbox 3800 1694 4005 1744; x_wconf 85' lang='grc' dir='ltr'>προκο-</span> 
     </span>
    </p>
   </div>
   <div class='ocr_carea' id='block_1_47' title="bbox 2438 1770 4015 1839">
    <p class='ocr_par' dir='ltr' id='par_1_47' title="bbox 2438 1770 4015 1839">
     <span class='ocr_line' id='line_1_47' title="bbox 2438 1770 4015 1839; baseline -0.001 -17"><span class='ocrx_word' id='word_1_319' title='bbox 2438 1787 2597 1823; x_wconf 87' lang='grc' dir='ltr'>πτειν</span> <span class='ocrx_word' id='word_1_320' title='bbox 2616 1771 2697 1835; x_wconf 85' lang='grc' dir='ltr'><strong>είς</strong></span> <span class='ocrx_word' id='word_1_321' title='bbox 2727 1771 2917 1839; x_wconf 70' lang='grc' dir='ltr'>ἕτερον</span> <span class='ocrx_word' id='word_1_322' title='bbox 2945 1770 3172 1839; x_wconf 88' lang='grc' dir='ltr'>βαθμόν.</span> <span class='ocrx_word' id='word_1_323' title='bbox 3207 1771 3436 1823; x_wconf 83' lang='grc' dir='ltr'>Ἥθελον</span> <span class='ocrx_word' id='word_1_324' title='bbox 3468 1770 3524 1823; x_wconf 73' lang='grc' dir='ltr'>δὶ</span> <span class='ocrx_word' id='word_1_325' title='bbox 3554 1771 3757 1823; x_wconf 77' lang='grc' dir='ltr'>καὶτὸν</span> <span class='ocrx_word' id='word_1_326' title='bbox 3781 1770 4015 1837; x_wconf 68' lang='grc' dir='ltr'>μιγέντα</span> 
     </span>
    </p>
   </div>
   <div class='ocr_carea' id='block_1_48' title="bbox 2437 1859 4018 1930">
    <p class='ocr_par' dir='ltr' id='par_1_48' title="bbox 2437 1859 4018 1930">
     <span class='ocr_line' id='line_1_48' title="bbox 2437 1859 4018 1930; baseline -0.003 -17"><span class='ocrx_word' id='word_1_327' title='bbox 2437 1861 2681 1930; x_wconf 80' lang='grc' dir='ltr'>σήμερον</span> <span class='ocrx_word' id='word_1_328' title='bbox 2726 1860 2865 1928; x_wconf 87' lang='grc' dir='ltr'>μετά</span> <span class='ocrx_word' id='word_1_329' title='bbox 2898 1859 2998 1928; x_wconf 82' lang='grc' dir='ltr'>τῆς</span> <span class='ocrx_word' id='word_1_330' title='bbox 3059 1859 3272 1922; x_wconf 89' lang='grc' dir='ltr'>οἰκείας</span> <span class='ocrx_word' id='word_1_331' title='bbox 3308 1860 3554 1928; x_wconf 86' lang='grc' dir='ltr'>μνηστῆς</span> <span class='ocrx_word' id='word_1_332' title='bbox 3617 1859 4018 1927; x_wconf 75' lang='grc' dir='ltr'>ἀνεπιτίμητον</span> 
     </span>
    </p>
   </div>
   <div class='ocr_carea' id='block_1_49' title="bbox 2432 1946 4014 2018">
    <p class='ocr_par' dir='ltr' id='par_1_49' title="bbox 2432 1946 4014 2018">
     <span class='ocr_line' id='line_1_49' title="bbox 2432 1946 4014 2018; baseline -0.003 -15"><span class='ocrx_word' id='word_1_333' title='bbox 2432 1950 2613 2018; x_wconf 81' lang='grc' dir='ltr'>πάντη</span> <span class='ocrx_word' id='word_1_334' title='bbox 2677 1947 3074 2017; x_wconf 87' lang='grc' dir='ltr'>συντηρείσθαι</span> <span class='ocrx_word' id='word_1_335' title='bbox 3108 1948 3197 2000; x_wconf 80' lang='grc' dir='ltr'><strong>διὰ</strong></span> <span class='ocrx_word' id='word_1_336' title='bbox 3232 1948 3293 2000; x_wconf 81' lang='grc' dir='ltr'><strong>τὸ</strong></span> <span class='ocrx_word' id='word_1_337' title='bbox 3339 1946 3532 2001; x_wconf 77' lang='grc' dir='ltr'>ἄλυτον</span> <span class='ocrx_word' id='word_1_338' title='bbox 3561 1948 3656 2014; x_wconf 83' lang='grc' dir='ltr'>τῆς</span> <span class='ocrx_word' id='word_1_339' title='bbox 3691 1948 4014 2015; x_wconf 71' lang='grc' dir='ltr'>μνηστείας.</span> 
     </span>
    </p>
   </div>
   <div class='ocr_carea' id='block_1_50' title="bbox 2427 2034 4015 2103">
    <p class='ocr_par' dir='ltr' id='par_1_50' title="bbox 2427 2034 4015 2103">
     <span class='ocr_line' id='line_1_50' title="bbox 2427 2034 4015 2103; baseline -0.005 -11"><span class='ocrx_word' id='word_1_340' title='bbox 2427 2040 2535 2092; x_wconf 82' lang='grc' dir='ltr'><strong>Τοῦ</strong></span> <span class='ocrx_word' id='word_1_341' title='bbox 2564 2039 2624 2092; x_wconf 72' lang='grc' dir='ltr'>δδ</span> <span class='ocrx_word' id='word_1_342' title='bbox 2660 2037 2930 2091; x_wconf 78' lang='grc' dir='ltr'>σεδαστοῦ</span> <span class='ocrx_word' id='word_1_343' title='bbox 2962 2036 3175 2089; x_wconf 87' lang='grc' dir='ltr'>ἑκείνου</span> <span class='ocrx_word' id='word_1_344' title='bbox 3227 2038 3321 2088; x_wconf 69' lang='grc' dir='ltr'>καὶ</span> <span class='ocrx_word' id='word_1_345' title='bbox 3368 2036 3608 2103; x_wconf 77' lang='grc' dir='ltr'>μεγάλου</span> <span class='ocrx_word' id='word_1_346' title='bbox 3642 2034 4015 2103; x_wconf 77' lang='grc' dir='ltr'>δρουγγαρὶου</span> 
     </span>
    </p>
   </div>
   <div class='ocr_carea' id='block_1_51' title="bbox 2429 2124 4020 2199">
    <p class='ocr_par' dir='ltr' id='par_1_51' title="bbox 2429 2124 4020 2199">
     <span class='ocr_line' id='line_1_51' title="bbox 2429 2124 4020 2199; baseline -0.004 -17"><span class='ocrx_word' id='word_1_347' title='bbox 2429 2128 2624 2199; x_wconf 78' lang='grc' dir='ltr'>κυρίου</span> <span class='ocrx_word' id='word_1_348' title='bbox 2656 2128 2935 2195; x_wconf 80' lang='grc' dir='ltr'>Στεφάνου</span> <span class='ocrx_word' id='word_1_349' title='bbox 2992 2125 3089 2178; x_wconf 79' lang='grc' dir='ltr'>τοῦ</span> <span class='ocrx_word' id='word_1_350' title='bbox 3138 2124 3432 2194; x_wconf 81' lang='grc' dir='ltr'>Κομνηνοῦ</span> <span class='ocrx_word' id='word_1_351' title='bbox 3481 2125 3767 2195; x_wconf 83' lang='grc' dir='ltr'>μέλλοντος</span> <span class='ocrx_word' id='word_1_352' title='bbox 3826 2126 4020 2188; x_wconf 81' lang='grc' dir='ltr'>συζευ-</span> 
     </span>
    </p>
   </div>
   <div class='ocr_carea' id='block_1_52' title="bbox 2430 2214 4018 2289">
    <p class='ocr_par' dir='ltr' id='par_1_52' title="bbox 2430 2214 4018 2289">
     <span class='ocr_line' id='line_1_52' title="bbox 2430 2214 4018 2289; baseline -0.004 -17"><span class='ocrx_word' id='word_1_353' title='bbox 2430 2220 2638 2289; x_wconf 84' lang='grc' dir='ltr'>χθῆναι</span> <span class='ocrx_word' id='word_1_354' title='bbox 2660 2221 2727 2288; x_wconf 78' lang='grc' dir='ltr'><strong>τῇ</strong></span> <span class='ocrx_word' id='word_1_355' title='bbox 2758 2217 2927 2287; x_wconf 78' lang='grc' dir='ltr'>κυρία</span> <span class='ocrx_word' id='word_1_356' title='bbox 2958 2216 3188 2285; x_wconf 78' lang='grc' dir='ltr'>Εὒδοκίᾳ</span> <span class='ocrx_word' id='word_1_357' title='bbox 3218 2220 3284 2287; x_wconf 79' lang='grc' dir='ltr'>τῇ</span> <span class='ocrx_word' id='word_1_358' title='bbox 3325 2217 3557 2287; x_wconf 75' lang='grc' dir='ltr'>θυγατρὶ</span> <span class='ocrx_word' id='word_1_359' title='bbox 3595 2216 3690 2268; x_wconf 82' lang='grc' dir='ltr'>τοῦ</span> <span class='ocrx_word' id='word_1_360' title='bbox 3746 2214 4018 2267; x_wconf 75' lang='grc' dir='ltr'>σεδαστοῦ</span> 
     </span>
    </p>
   </div>
   <div class='ocr_carea' id='block_1_53' title="bbox 2429 2306 4020 2377">
    <p class='ocr_par' dir='ltr' id='par_1_53' title="bbox 2429 2306 4020 2377">
     <span class='ocr_line' id='line_1_53' title="bbox 2429 2306 4020 2377; baseline -0.001 -17"><span class='ocrx_word' id='word_1_361' title='bbox 2429 2308 2646 2360; x_wconf 78' lang='grc' dir='ltr'>ἑκείνου</span> <span class='ocrx_word' id='word_1_362' title='bbox 2694 2309 2788 2360; x_wconf 81' lang='grc' dir='ltr'>καὶ</span> <span class='ocrx_word' id='word_1_363' title='bbox 2822 2307 3067 2375; x_wconf 80' lang='grc' dir='ltr'>μεγάλου</span> <span class='ocrx_word' id='word_1_364' title='bbox 3108 2306 3433 2376; x_wconf 85' lang='grc' dir='ltr'>δομεστίκου</span> <span class='ocrx_word' id='word_1_365' title='bbox 3495 2308 3687 2377; x_wconf 83' lang='grc' dir='ltr'>κυρίου</span> <span class='ocrx_word' id='word_1_366' title='bbox 3744 2307 4020 2370; x_wconf 81' lang='grc' dir='ltr'>Ἰωάννου,</span> 
     </span>
    </p>
   </div>
   <div class='ocr_carea' id='block_1_54' title="bbox 2430 2396 4019 2469">
    <p class='ocr_par' dir='ltr' id='par_1_54' title="bbox 2430 2396 4019 2469">
     <span class='ocr_line' id='line_1_54' title="bbox 2430 2396 4019 2469; baseline -0.003 -16"><span class='ocrx_word' id='word_1_367' title='bbox 2430 2400 2524 2453; x_wconf 78' lang='grc' dir='ltr'>καὶ</span> <span class='ocrx_word' id='word_1_368' title='bbox 2576 2398 2931 2466; x_wconf 82' lang='grc' dir='ltr'>κωλυομένου</span> <span class='ocrx_word' id='word_1_369' title='bbox 2978 2398 3065 2452; x_wconf 68' lang='grc' dir='ltr'>διὰ</span> <span class='ocrx_word' id='word_1_370' title='bbox 3125 2398 3187 2450; x_wconf 81' lang='grc' dir='ltr'>τὸ</span> <span class='ocrx_word' id='word_1_371' title='bbox 3244 2398 3345 2469; x_wconf 79' lang='grc' dir='ltr'><strong>τὴν</strong></span> <span class='ocrx_word' id='word_1_372' title='bbox 3405 2396 3747 2464; x_wconf 84' lang='grc' dir='ltr'>αὐταδέλφην</span> <span class='ocrx_word' id='word_1_373' title='bbox 3809 2396 4019 2465; x_wconf 84' lang='grc' dir='ltr'>ταύτης</span> 
     </span>
    </p>
   </div>
   <div class='ocr_carea' id='block_1_55' title="bbox 2430 2486 4023 2566">
    <p class='ocr_par' dir='ltr' id='par_1_55' title="bbox 2430 2486 4023 2566">
     <span class='ocr_line' id='line_1_55' title="bbox 2430 2486 4023 2566; baseline -0.003 -23"><span class='ocrx_word' id='word_1_374' title='bbox 2430 2489 2631 2560; x_wconf 81' lang='grc' dir='ltr'>κυρίαν</span> <span class='ocrx_word' id='word_1_375' title='bbox 2662 2491 2903 2561; x_wconf 89' lang='grc' dir='ltr'>Εἰρήνην</span> <span class='ocrx_word' id='word_1_376' title='bbox 2938 2490 3349 2566; x_wconf 83' lang='grc' dir='ltr'>μνηστευθῆναι</span> <span class='ocrx_word' id='word_1_377' title='bbox 3377 2488 3455 2556; x_wconf 87' lang='grc' dir='ltr'>τῷ</span> <span class='ocrx_word' id='word_1_378' title='bbox 3517 2486 3768 2555; x_wconf 79' lang='grc' dir='ltr'>σεϐαστῷ</span> <span class='ocrx_word' id='word_1_379' title='bbox 3822 2487 4023 2554; x_wconf 72' lang='grc' dir='ltr'>ἑκείνῳ</span> 
     </span>
    </p>
   </div>
   <div class='ocr_carea' id='block_1_56' title="bbox 2430 2578 4021 2655">
    <p class='ocr_par' dir='ltr' id='par_1_56' title="bbox 2430 2578 4021 2655">
     <span class='ocr_line' id='line_1_56' title="bbox 2430 2578 4021 2655; baseline -0.006 -17"><span class='ocrx_word' id='word_1_380' title='bbox 2430 2586 2606 2655; x_wconf 86' lang='grc' dir='ltr'>κυρίῳ</span> <span class='ocrx_word' id='word_1_381' title='bbox 2645 2583 2874 2653; x_wconf 81' lang='grc' dir='ltr'>Ἀλεξίῳ</span> <span class='ocrx_word' id='word_1_382' title='bbox 2918 2583 2998 2652; x_wconf 81' lang='grc' dir='ltr'>τῷ</span> <span class='ocrx_word' id='word_1_383' title='bbox 3043 2582 3143 2651; x_wconf 86' lang='grc' dir='ltr'>υἰῷ</span> <span class='ocrx_word' id='word_1_384' title='bbox 3172 2581 3267 2634; x_wconf 82' lang='grc' dir='ltr'>τοῦ</span> <span class='ocrx_word' id='word_1_385' title='bbox 3304 2578 3763 2649; x_wconf 78' lang='grc' dir='ltr'>πρωτοσεὸάστου</span> <span class='ocrx_word' id='word_1_386' title='bbox 3803 2578 4021 2630; x_wconf 81' lang='grc' dir='ltr'>ἑκείνου</span> 
     </span>
    </p>
   </div>
   <div class='ocr_carea' id='block_1_57' title="bbox 2433 2668 4024 2743">
    <p class='ocr_par' dir='ltr' id='par_1_57' title="bbox 2433 2668 4024 2743">
     <span class='ocr_line' id='line_1_57' title="bbox 2433 2668 4024 2743; baseline -0.006 -14"><span class='ocrx_word' id='word_1_387' title='bbox 2433 2675 2623 2743; x_wconf 81' lang='grc' dir='ltr'>κυρίου</span> <span class='ocrx_word' id='word_1_388' title='bbox 2670 2675 2923 2728; x_wconf 80' lang='grc' dir='ltr'>Ἰωάννου</span> <span class='ocrx_word' id='word_1_389' title='bbox 2948 2672 3045 2726; x_wconf 81' lang='grc' dir='ltr'><strong>τοῦ</strong></span> <span class='ocrx_word' id='word_1_390' title='bbox 3084 2672 3335 2740; x_wconf 78' lang='grc' dir='ltr'>ἀοιδίμου</span> <span class='ocrx_word' id='word_1_391' title='bbox 3381 2669 3917 2739; x_wconf 75' lang='grc' dir='ltr'>σεϐαστοκράτορος,</span> <span class='ocrx_word' id='word_1_392' title='bbox 3945 2668 4024 2735; x_wconf 80' lang='grc' dir='ltr'><strong>τῷ</strong></span> 
     </span>
    </p>
   </div>
   <div class='ocr_carea' id='block_1_58' title="bbox 2431 2760 4025 2834">
    <p class='ocr_par' dir='ltr' id='par_1_58' title="bbox 2431 2760 4025 2834">
     <span class='ocr_line' id='line_1_58' title="bbox 2431 2760 4025 2834; baseline -0.006 -15"><span class='ocrx_word' id='word_1_393' title='bbox 2431 2766 2545 2821; x_wconf 67' lang='lat' dir='ltr'><strong>bim.</strong></span> <span class='ocrx_word' id='word_1_394' title='bbox 2568 2764 2772 2834; x_wconf 84' lang='grc' dir='ltr'>πρώτῳ</span> <span class='ocrx_word' id='word_1_395' title='bbox 2802 2763 3079 2832; x_wconf 72' lang='grc' dir='ltr'>ἑξαδὲλφῳ</span> <span class='ocrx_word' id='word_1_396' title='bbox 3117 2761 3215 2815; x_wconf 85' lang='grc' dir='ltr'>τοῦ</span> <span class='ocrx_word' id='word_1_397' title='bbox 3238 2760 3476 2831; x_wconf 82' lang='grc' dir='ltr'>μεγάλου</span> <span class='ocrx_word' id='word_1_398' title='bbox 3510 2760 3905 2829; x_wconf 83' lang='grc' dir='ltr'>δρουγγαρίου,</span> <span class='ocrx_word' id='word_1_399' title='bbox 3930 2763 4025 2811; x_wconf 84' lang='grc' dir='ltr'>καὶ</span> 
     </span>
    </p>
   </div>
   <div class='ocr_carea' id='block_1_59' title="bbox 2434 2849 4025 2924">
    <p class='ocr_par' dir='ltr' id='par_1_59' title="bbox 2434 2849 4025 2924">
     <span class='ocr_line' id='line_1_59' title="bbox 2434 2849 4025 2924; baseline -0.004 -16"><span class='ocrx_word' id='word_1_400' title='bbox 2434 2856 2699 2909; x_wconf 80' lang='grc' dir='ltr'>ἀδύνατον</span> <span class='ocrx_word' id='word_1_401' title='bbox 2731 2849 2874 2907; x_wconf 85' lang='grc' dir='ltr'>εῐναι</span> <span class='ocrx_word' id='word_1_402' title='bbox 2913 2853 3007 2906; x_wconf 85' lang='grc' dir='ltr'>δύο</span> <span class='ocrx_word' id='word_1_403' title='bbox 3038 2851 3291 2924; x_wconf 81' lang='grc' dir='ltr'>πρώτους</span> <span class='ocrx_word' id='word_1_404' title='bbox 3317 2852 3647 2921; x_wconf 73' lang='grc' dir='ltr'>ἑξαδέλφους</span> <span class='ocrx_word' id='word_1_405' title='bbox 3677 2851 3837 2904; x_wconf 77' lang='grc' dir='ltr'>δυσὶν</span> <span class='ocrx_word' id='word_1_406' title='bbox 3868 2850 4025 2906; x_wconf 71' lang='grc' dir='ltr'>ἁδελ-</span> 
     </span>
    </p>
   </div>
   <div class='ocr_carea' id='block_1_60' title="bbox 2438 2941 4027 3017">
    <p class='ocr_par' dir='ltr' id='par_1_60' title="bbox 2438 2941 4027 3017">
     <span class='ocr_line' id='line_1_60' title="bbox 2438 2941 4027 3017; baseline -0.004 -17"><span class='ocrx_word' id='word_1_407' title='bbox 2438 2946 2569 3017; x_wconf 81' lang='grc' dir='ltr'>φαῐς</span> <span class='ocrx_word' id='word_1_408' title='bbox 2626 2944 3024 3009; x_wconf 82' lang='grc' dir='ltr'>συνάπτεσθαι,</span> <span class='ocrx_word' id='word_1_409' title='bbox 3089 2944 3329 3014; x_wconf 67' lang='grc' dir='ltr'>ἐλαλήθη</span> <span class='ocrx_word' id='word_1_410' title='bbox 3402 2942 3700 3003; x_wconf 84' lang='grc' dir='ltr'>συνοδικῶς</span> <span class='ocrx_word' id='word_1_411' title='bbox 3761 2941 3858 2993; x_wconf 70' lang='grc' dir='ltr'><strong>ἐπὶ</strong></span> <span class='ocrx_word' id='word_1_412' title='bbox 3913 2941 4027 2994; x_wconf 79' lang='grc' dir='ltr'><strong>τῶν</strong></span> 
     </span>
    </p>
   </div>
   <div class='ocr_carea' id='block_1_61' title="bbox 2435 3032 4025 3107">
    <p class='ocr_par' dir='ltr' id='par_1_61' title="bbox 2435 3032 4025 3107">
     <span class='ocr_line' id='line_1_61' title="bbox 2435 3032 4025 3107; baseline -0.001 -20"><span class='ocrx_word' id='word_1_413' title='bbox 2435 3035 2663 3107; x_wconf 84' lang='grc' dir='ltr'>ήμερῶν</span> <span class='ocrx_word' id='word_1_414' title='bbox 2698 3034 2793 3089; x_wconf 84' lang='grc' dir='ltr'>τοῦ</span> <span class='ocrx_word' id='word_1_415' title='bbox 2826 3033 3132 3104; x_wconf 88' lang='grc' dir='ltr'>άγιωτάτου</span> <span class='ocrx_word' id='word_1_416' title='bbox 3153 3034 3499 3104; x_wconf 85' lang='grc' dir='ltr'>πατριάρχου</span> <span class='ocrx_word' id='word_1_417' title='bbox 3520 3032 3713 3102; x_wconf 85' lang='grc' dir='ltr'>κυρίου</span> <span class='ocrx_word' id='word_1_418' title='bbox 3743 3032 4025 3086; x_wconf 80' lang='grc' dir='ltr'>Νικολάου</span> 
     </span>
    </p>
   </div>
   <div class='ocr_carea' id='block_1_62' title="bbox 741 3125 2334 3217">
    <p class='ocr_par' dir='ltr' id='par_1_62' title="bbox 741 3138 2323 3209">
     <span class='ocr_line' id='line_1_62' title="bbox 741 3138 2323 3209; baseline 0.001 -18"><span class='ocrx_word' id='word_1_419' title='bbox 741 3145 908 3192; x_wconf 87' lang='lat' dir='ltr'><strong>ctus:</strong></span> <span class='ocrx_word' id='word_1_420' title='bbox 961 3148 1224 3190; x_wconf 89' lang='lat' dir='ltr'><strong>statutum</strong></span> <span class='ocrx_word' id='word_1_421' title='bbox 1276 3149 1361 3193; x_wconf 90' lang='lat' dir='ltr'><strong>est</strong></span> <span class='ocrx_word' id='word_1_422' title='bbox 1399 3141 1578 3193; x_wconf 83' lang='lat' dir='ltr'><strong>autem</strong></span> <span class='ocrx_word' id='word_1_423' title='bbox 1623 3155 1730 3193; x_wconf 90' lang='lat' dir='ltr'><strong>non</strong></span> <span class='ocrx_word' id='word_1_424' title='bbox 1781 3140 2054 3208; x_wconf 84' lang='lat' dir='ltr'><strong>impediri,</strong></span> <span class='ocrx_word' id='word_1_425' title='bbox 2087 3153 2154 3195; x_wconf 91' lang='lat' dir='ltr'><strong>eo</strong></span> <span class='ocrx_word' id='word_1_426' title='bbox 2179 3138 2323 3209; x_wconf 90' lang='lat' dir='ltr'><strong>quod</strong></span> 
     </span>
    </p>
   </div>
   <div class='ocr_carea' id='block_1_63' title="bbox 2437 3125 4027 3217">
    <p class='ocr_par' dir='ltr' id='par_1_63' title="bbox 2446 3125 4027 3193">
     <span class='ocr_line' id='line_1_63' title="bbox 2446 3125 4027 3193; baseline -0.003 -11"><span class='ocrx_word' id='word_1_427' title='bbox 2446 3129 2541 3182; x_wconf 85' lang='grc' dir='ltr'>τοῦ</span> <span class='ocrx_word' id='word_1_428' title='bbox 2567 3128 2962 3191; x_wconf 79' lang='grc' dir='ltr'>Μουσάλωνος,</span> <span class='ocrx_word' id='word_1_429' title='bbox 3003 3127 3054 3180; x_wconf 82' lang='grc' dir='ltr'><strong>εί</strong></span> <span class='ocrx_word' id='word_1_430' title='bbox 3082 3130 3147 3181; x_wconf 89' lang='grc' dir='ltr'><strong>ἑκ</strong></span> <span class='ocrx_word' id='word_1_431' title='bbox 3194 3126 3389 3180; x_wconf 87' lang='grc' dir='ltr'>τούτου</span> <span class='ocrx_word' id='word_1_432' title='bbox 3433 3125 3793 3193; x_wconf 70' lang='grc' dir='ltr'>ἑμποδίζεται</span> <span class='ocrx_word' id='word_1_433' title='bbox 3837 3127 3901 3177; x_wconf 86' lang='grc' dir='ltr'>τὸ</span> <span class='ocrx_word' id='word_1_434' title='bbox 3930 3125 4027 3178; x_wconf 77' lang='grc' dir='ltr'>τοῦ</span> 
     </span>
    </p>
   </div>
   <div class='ocr_carea' id='block_1_64' title="bbox 742 3230 2324 3297">
    <p class='ocr_par' dir='ltr' id='par_1_64' title="bbox 742 3230 2324 3297">
     <span class='ocr_line' id='line_1_64' title="bbox 742 3230 2324 3297; baseline 0 -12"><span class='ocrx_word' id='word_1_435' title='bbox 742 3230 1015 3293; x_wconf 82' lang='lat' dir='ltr'><strong>sponsalia</strong></span> <span class='ocrx_word' id='word_1_436' title='bbox 1062 3230 1289 3297; x_wconf 80' lang='lat' dir='ltr'><strong>perfecti</strong></span> <span class='ocrx_word' id='word_1_437' title='bbox 1346 3232 1677 3286; x_wconf 85' lang='lat' dir='ltr'><strong>matrimonii</strong></span> <span class='ocrx_word' id='word_1_438' title='bbox 1722 3232 1897 3285; x_wconf 88' lang='lat' dir='ltr'><strong>locum</strong></span> <span class='ocrx_word' id='word_1_439' title='bbox 1938 3247 2044 3293; x_wconf 83' lang='lat' dir='ltr'><strong>non</strong></span> <span class='ocrx_word' id='word_1_440' title='bbox 2086 3240 2324 3286; x_wconf 88' lang='lat' dir='ltr'><strong>teneant.</strong></span> 
     </span>
    </p>
   </div>
   <div class='ocr_carea' id='block_1_65' title="bbox 739 3318 2324 3393">
    <p class='ocr_par' dir='ltr' id='par_1_65' title="bbox 739 3318 2324 3393">
     <span class='ocr_line' id='line_1_65' title="bbox 739 3318 2324 3393; baseline 0.003 -19"><span class='ocrx_word' id='word_1_441' title='bbox 739 3318 912 3374; x_wconf 85' lang='lat' dir='ltr'><strong>Porro</strong></span> <span class='ocrx_word' id='word_1_442' title='bbox 968 3323 1352 3375; x_wconf 77' lang='lat' dir='ltr'><strong>sanctissimus</strong></span> <span class='ocrx_word' id='word_1_443' title='bbox 1423 3338 1640 3392; x_wconf 84' lang='lat' dir='ltr'><strong>quoque</strong></span> <span class='ocrx_word' id='word_1_444' title='bbox 1694 3323 2008 3393; x_wconf 86' lang='lat' dir='ltr'><strong>patriarcha</strong></span> <span class='ocrx_word' id='word_1_445' title='bbox 2067 3324 2324 3379; x_wconf 87' lang='lat' dir='ltr'><strong>dominus</strong></span> 
     </span>
    </p>
   </div>
   <div class='ocr_carea' id='block_1_66' title="bbox 742 3409 2331 3481">
    <p class='ocr_par' dir='ltr' id='par_1_66' title="bbox 742 3409 2331 3481">
     <span class='ocr_line' id='line_1_66' title="bbox 742 3409 2331 3481; baseline 0.003 -16"><span class='ocrx_word' id='word_1_446' title='bbox 742 3409 1081 3466; x_wconf 83' lang='lat' dir='ltr'><strong>Theodosius</strong></span> <span class='ocrx_word' id='word_1_447' title='bbox 1141 3413 1417 3467; x_wconf 70' lang='lat' dir='ltr'><strong>concessit</strong></span> <span class='ocrx_word' id='word_1_448' title='bbox 1478 3413 1968 3481; x_wconf 79' lang='lat' dir='ltr'><strong>Mesopotamitano</strong></span> <span class='ocrx_word' id='word_1_449' title='bbox 2030 3417 2177 3469; x_wconf 91' lang='lat' dir='ltr'><strong>dom.</strong></span> <span class='ocrx_word' id='word_1_450' title='bbox 2236 3416 2331 3469; x_wconf 75' lang='lat' dir='ltr'><strong>Mi-</strong></span> 
     </span>
    </p>
   </div>
   <div class='ocr_carea' id='block_1_67' title="bbox 743 3501 2323 3575">
    <p class='ocr_par' dir='ltr' id='par_1_67' title="bbox 743 3501 2323 3575">
     <span class='ocr_line' id='line_1_67' title="bbox 743 3501 2323 3575; baseline 0.002 -19"><span class='ocrx_word' id='word_1_451' title='bbox 743 3501 943 3561; x_wconf 75' lang='lat' dir='ltr'><strong>chaeli.</strong></span> <span class='ocrx_word' id='word_1_452' title='bbox 980 3505 1066 3555; x_wconf 88' lang='lat' dir='ltr'><strong>cui</strong></span> <span class='ocrx_word' id='word_1_453' title='bbox 1111 3503 1281 3557; x_wconf 82' lang='lat' dir='ltr'><strong>Maria</strong></span> <span class='ocrx_word' id='word_1_454' title='bbox 1319 3506 1567 3571; x_wconf 65' lang='lat' dir='ltr'><strong>quaedam</strong></span> <span class='ocrx_word' id='word_1_455' title='bbox 1624 3506 1895 3575; x_wconf 84' lang='lat' dir='ltr'><strong>desponsa</strong></span> <span class='ocrx_word' id='word_1_456' title='bbox 1938 3504 2079 3561; x_wconf 90' lang='lat' dir='ltr'><strong>forte</strong></span> <span class='ocrx_word' id='word_1_457' title='bbox 2120 3505 2323 3572; x_wconf 86' lang='lat' dir='ltr'><strong>fuerat,</strong></span> 
     </span>
    </p>
   </div>
   <div class='ocr_carea' id='block_1_68' title="bbox 741 3594 2327 3660">
    <p class='ocr_par' dir='ltr' id='par_1_68' title="bbox 741 3594 2327 3660">
     <span class='ocr_line' id='line_1_68' title="bbox 741 3594 2327 3660; baseline 0.002 -13"><span class='ocrx_word' id='word_1_458' title='bbox 741 3602 826 3655; x_wconf 86' lang='lat' dir='ltr'><strong>et,</strong></span> <span class='ocrx_word' id='word_1_459' title='bbox 897 3595 1040 3660; x_wconf 79' lang='lat' dir='ltr'><strong>quod</strong></span> <span class='ocrx_word' id='word_1_460' title='bbox 1110 3606 1173 3645; x_wconf 88' lang='lat' dir='ltr'><strong>ea</strong></span> <span class='ocrx_word' id='word_1_461' title='bbox 1243 3603 1368 3647; x_wconf 85' lang='lat' dir='ltr'><strong>ante</strong></span> <span class='ocrx_word' id='word_1_462' title='bbox 1426 3594 1831 3647; x_wconf 89' lang='lat' dir='ltr'><strong>matrimonium</strong></span> <span class='ocrx_word' id='word_1_463' title='bbox 1886 3606 2113 3648; x_wconf 85' lang='lat' dir='ltr'><strong>mortem</strong></span> <span class='ocrx_word' id='word_1_464' title='bbox 2170 3595 2327 3650; x_wconf 84' lang='lat' dir='ltr'><strong>obie-</strong></span> 
     </span>
    </p>
   </div>
   <div class='ocr_carea' id='block_1_69' title="bbox 743 3682 2330 3753">
    <p class='ocr_par' dir='ltr' id='par_1_69' title="bbox 743 3682 2330 3753">
     <span class='ocr_line' id='line_1_69' title="bbox 743 3682 2330 3753; baseline 0 -15"><span class='ocrx_word' id='word_1_465' title='bbox 743 3691 820 3738; x_wconf 82' lang='lat' dir='ltr'><strong>rat</strong></span> <span class='ocrx_word' id='word_1_466' title='bbox 852 3721 866 3748; x_wconf 97' lang='lat'><strong>,</strong></span> <span class='ocrx_word' id='word_1_467' title='bbox 921 3682 1079 3734; x_wconf 89' lang='lat' dir='ltr'><strong>aliam</strong></span> <span class='ocrx_word' id='word_1_468' title='bbox 1128 3692 1406 3751; x_wconf 84' lang='lat' dir='ltr'><strong>acceperat</strong></span> <span class='ocrx_word' id='word_1_469' title='bbox 1438 3723 1452 3748; x_wconf 93' lang='lat'><strong>,</strong></span> <span class='ocrx_word' id='word_1_470' title='bbox 1498 3691 1558 3737; x_wconf 87' lang='lat' dir='ltr'><strong>ut</strong></span> <span class='ocrx_word' id='word_1_471' title='bbox 1597 3683 1683 3737; x_wconf 90' lang='lat' dir='ltr'><strong>alii</strong></span> <span class='ocrx_word' id='word_1_472' title='bbox 1720 3685 1838 3739; x_wconf 88' lang='lat' dir='ltr'><strong>sine</strong></span> <span class='ocrx_word' id='word_1_473' title='bbox 1869 3685 2182 3753; x_wconf 67' lang='lat' dir='ltr'><strong>przrjudicio</strong></span> <span class='ocrx_word' id='word_1_474' title='bbox 2211 3693 2330 3753; x_wconf 91' lang='lat' dir='ltr'><strong>post</strong></span> 
     </span>
    </p>
   </div>
   <div class='ocr_carea' id='block_1_70' title="bbox 744 3774 2331 3847">
    <p class='ocr_par' dir='ltr' id='par_1_70' title="bbox 744 3774 2331 3847">
     <span class='ocr_line' id='line_1_70' title="bbox 744 3774 2331 3847; baseline 0.003 -20"><span class='ocrx_word' id='word_1_475' title='bbox 744 3784 974 3829; x_wconf 87' lang='lat' dir='ltr'><strong>mortem</strong></span> <span class='ocrx_word' id='word_1_476' title='bbox 1014 3774 1131 3841; x_wconf 88' lang='lat' dir='ltr'><strong>ejus</strong></span> <span class='ocrx_word' id='word_1_477' title='bbox 1181 3776 1640 3847; x_wconf 73' lang='lat' dir='ltr'><strong>eonjungeretnr,</strong></span> <span class='ocrx_word' id='word_1_478' title='bbox 1703 3778 1939 3832; x_wconf 78' lang='lat' dir='ltr'><strong>maxime</strong></span> <span class='ocrx_word' id='word_1_479' title='bbox 1980 3794 2102 3832; x_wconf 90' lang='lat' dir='ltr'><strong>cum</strong></span> <span class='ocrx_word' id='word_1_480' title='bbox 2162 3789 2215 3833; x_wconf 90' lang='lat' dir='ltr'><strong>et</strong></span> <span class='ocrx_word' id='word_1_481' title='bbox 2269 3779 2331 3831; x_wconf 90' lang='lat' dir='ltr'><strong>li-</strong></span> 
     </span>
    </p>
   </div>
   <div class='ocr_carea' id='block_1_71' title="bbox 740 3866 2351 3938">
    <p class='ocr_par' dir='ltr' id='par_1_71' title="bbox 740 3866 2351 3938">
     <span class='ocr_line' id='line_1_71' title="bbox 740 3866 2351 3938; baseline 0.002 -19"><span class='ocrx_word' id='word_1_482' title='bbox 740 3866 900 3921; x_wconf 84' lang='lat' dir='ltr'><strong>heros</strong></span> <span class='ocrx_word' id='word_1_483' title='bbox 969 3868 1238 3928; x_wconf 84' lang='lat' dir='ltr'><strong>haberet.</strong></span> <span class='ocrx_word' id='word_1_484' title='bbox 1306 3877 1361 3922; x_wconf 91' lang='lat' dir='ltr'><strong>et</strong></span> <span class='ocrx_word' id='word_1_485' title='bbox 1466 3868 1701 3938; x_wconf 78' lang='lat' dir='ltr'><strong>trigenta</strong></span> <span class='ocrx_word' id='word_1_486' title='bbox 1770 3884 1944 3924; x_wconf 90' lang='lat' dir='ltr'><strong>annos</strong></span> <span class='ocrx_word' id='word_1_487' title='bbox 1984 3869 2351 3934; x_wconf 76' lang='lat' dir='ltr'><strong>escessisset,‘</strong></span> 
     </span>
    </p>
   </div>
   <div class='ocr_carea' id='block_1_72' title="bbox 743 3957 2331 4030">
    <p class='ocr_par' dir='ltr' id='par_1_72' title="bbox 743 3957 2331 4030">
     <span class='ocr_line' id='line_1_72' title="bbox 743 3957 2331 4030; baseline 0.002 -20"><span class='ocrx_word' id='word_1_488' title='bbox 743 3957 930 4013; x_wconf 81' lang='lat' dir='ltr'><strong>dicens</strong></span> <span class='ocrx_word' id='word_1_489' title='bbox 972 3959 1077 4013; x_wconf 87' lang='lat' dir='ltr'><strong>hoc</strong></span> <span class='ocrx_word' id='word_1_490' title='bbox 1128 3961 1503 4028; x_wconf 89' lang='lat' dir='ltr'><strong>nonrepntari</strong></span> <span class='ocrx_word' id='word_1_491' title='bbox 1553 3960 1883 4029; x_wconf 78' lang='lat' dir='ltr'><strong>trigamiam,</strong></span> <span class='ocrx_word' id='word_1_492' title='bbox 1941 3970 2124 4029; x_wconf 87' lang='lat' dir='ltr'><strong>utpote</strong></span> <span class='ocrx_word' id='word_1_493' title='bbox 2187 3960 2331 4030; x_wconf 91' lang='lat' dir='ltr'><strong>quod</strong></span> 
     </span>
    </p>
   </div>
   <div class='ocr_carea' id='block_1_73' title="bbox 744 4051 2329 4122">
    <p class='ocr_par' dir='ltr' id='par_1_73' title="bbox 744 4051 2329 4122">
     <span class='ocr_line' id='line_1_73' title="bbox 744 4051 2329 4122; baseline 0.001 -17"><span class='ocrx_word' id='word_1_494' title='bbox 744 4051 1022 4119; x_wconf 84' lang='lat' dir='ltr'><strong>sponsalia</strong></span> <span class='ocrx_word' id='word_1_495' title='bbox 1059 4067 1157 4121; x_wconf 90' lang='lat' dir='ltr'><strong>pro</strong></span> <span class='ocrx_word' id='word_1_496' title='bbox 1183 4054 1425 4122; x_wconf 89' lang='lat' dir='ltr'><strong>perfecto</strong></span> <span class='ocrx_word' id='word_1_497' title='bbox 1458 4054 1812 4108; x_wconf 87' lang='lat' dir='ltr'><strong>matrimonio</strong></span> <span class='ocrx_word' id='word_1_498' title='bbox 1858 4069 1962 4107; x_wconf 91' lang='lat' dir='ltr'><strong>non</strong></span> <span class='ocrx_word' id='word_1_499' title='bbox 1999 4053 2329 4108; x_wconf 83' lang='lat' dir='ltr'><strong>suflicereut.</strong></span> 
     </span>
    </p>
   </div>
   <div class='ocr_carea' id='block_1_74' title="bbox 742 4141 2331 4215">
    <p class='ocr_par' dir='ltr' id='par_1_74' title="bbox 742 4141 2331 4215">
     <span class='ocr_line' id='line_1_74' title="bbox 742 4141 2331 4215; baseline 0 -18"><span class='ocrx_word' id='word_1_500' title='bbox 742 4141 871 4197; x_wconf 64' lang='lat' dir='ltr'><strong>Hac</strong></span> <span class='ocrx_word' id='word_1_501' title='bbox 923 4153 1101 4198; x_wconf 88' lang='lat' dir='ltr'><strong>autem</strong></span> <span class='ocrx_word' id='word_1_502' title='bbox 1132 4146 1335 4200; x_wconf 88' lang='lat' dir='ltr'><strong>idcirco</strong></span> <span class='ocrx_word' id='word_1_503' title='bbox 1374 4154 1579 4200; x_wconf 86' lang='lat' dir='ltr'><strong>statuta</strong></span> <span class='ocrx_word' id='word_1_504' title='bbox 1612 4155 1763 4209; x_wconf 88' lang='lat' dir='ltr'><strong>sunt,</strong></span> <span class='ocrx_word' id='word_1_505' title='bbox 1818 4146 1963 4215; x_wconf 92' lang='lat' dir='ltr'><strong>quod</strong></span> <span class='ocrx_word' id='word_1_506' title='bbox 1995 4160 2101 4198; x_wconf 90' lang='lat' dir='ltr'><strong>non</strong></span> <span class='ocrx_word' id='word_1_507' title='bbox 2124 4146 2331 4199; x_wconf 90' lang='lat' dir='ltr'><strong>dictum</strong></span> 
     </span>
    </p>
   </div>
   <div class='ocr_carea' id='block_1_75' title="bbox 741 4232 2333 4304">
    <p class='ocr_par' dir='ltr' id='par_1_75' title="bbox 741 4232 2333 4304">
     <span class='ocr_line' id='line_1_75' title="bbox 741 4232 2333 4304; baseline -0.001 -15"><span class='ocrx_word' id='word_1_508' title='bbox 741 4243 829 4289; x_wconf 85' lang='lat' dir='ltr'><strong>est</strong></span> <span class='ocrx_word' id='word_1_509' title='bbox 900 4232 1217 4289; x_wconf 79' lang='lat' dir='ltr'><strong>afﬁnitatem</strong></span> <span class='ocrx_word' id='word_1_510' title='bbox 1268 4237 1437 4291; x_wconf 89' lang='lat' dir='ltr'><strong>etiam</strong></span> <span class='ocrx_word' id='word_1_511' title='bbox 1501 4236 1649 4290; x_wconf 89' lang='lat' dir='ltr'><strong>inter</strong></span> <span class='ocrx_word' id='word_1_512' title='bbox 1699 4244 1882 4304; x_wconf 84' lang='lat' dir='ltr'><strong>partes</strong></span> <span class='ocrx_word' id='word_1_513' title='bbox 1940 4234 2333 4302; x_wconf 85' lang='lat' dir='ltr'><strong>desponsantes</strong></span> 
     </span>
    </p>
   </div>
   <div class='ocr_carea' id='block_1_76' title="bbox 742 4323 2331 4393">
    <p class='ocr_par' dir='ltr' id='par_1_76' title="bbox 742 4323 2331 4393">
     <span class='ocr_line' id='line_1_76' title="bbox 742 4323 2331 4393; baseline -0.002 -14"><span class='ocrx_word' id='word_1_514' title='bbox 742 4326 934 4381; x_wconf 86' lang='lat' dir='ltr'><strong>fuisse.</strong></span> <span class='ocrx_word' id='word_1_515' title='bbox 999 4324 1055 4380; x_wconf 91' lang='lat' dir='ltr'><strong>Si</strong></span> <span class='ocrx_word' id='word_1_516' title='bbox 1110 4328 1257 4379; x_wconf 89' lang='lat' dir='ltr'><strong>enim</strong></span> <span class='ocrx_word' id='word_1_517' title='bbox 1322 4326 1556 4380; x_wconf 76' lang='lat' dir='ltr'><strong>afﬁnitas</strong></span> <span class='ocrx_word' id='word_1_518' title='bbox 1611 4326 1826 4389; x_wconf 82' lang='lat' dir='ltr'><strong>fuisset,</strong></span> <span class='ocrx_word' id='word_1_519' title='bbox 1890 4323 1997 4377; x_wconf 84' lang='lat' dir='ltr'><strong>tale</strong></span> <span class='ocrx_word' id='word_1_520' title='bbox 2050 4324 2331 4393; x_wconf 88' lang='lat' dir='ltr'><strong>quippiam</strong></span> 
     </span>
    </p>
   </div>
   <div class='ocr_carea' id='block_1_77' title="bbox 742 4414 2332 4485">
    <p class='ocr_par' dir='ltr' id='par_1_77' title="bbox 742 4414 2332 4485">
     <span class='ocr_line' id='line_1_77' title="bbox 742 4414 2332 4485; baseline -0.003 -13"><span class='ocrx_word' id='word_1_521' title='bbox 742 4432 1021 4485; x_wconf 83' lang='lat' dir='ltr'><strong>nunquam</strong></span> <span class='ocrx_word' id='word_1_522' title='bbox 1083 4418 1437 4471; x_wconf 85' lang='lat' dir='ltr'><strong>constitutum</strong></span> <span class='ocrx_word' id='word_1_523' title='bbox 1484 4426 1654 4477; x_wconf 86' lang='lat' dir='ltr'><strong>esset,</strong></span> <span class='ocrx_word' id='word_1_524' title='bbox 1701 4431 1769 4469; x_wconf 89' lang='lat' dir='ltr'><strong>ne</strong></span> <span class='ocrx_word' id='word_1_525' title='bbox 1812 4414 2134 4469; x_wconf 85' lang='lat' dir='ltr'><strong>manifestus</strong></span> <span class='ocrx_word' id='word_1_526' title='bbox 2184 4415 2332 4468; x_wconf 88' lang='lat' dir='ltr'><strong>ince-</strong></span> 
     </span>
    </p>
   </div>
   <div class='ocr_carea' id='block_1_78' title="bbox 2437 3218 4028 3291">
    <p class='ocr_par' dir='ltr' id='par_1_78' title="bbox 2437 3218 4028 3291">
     <span class='ocr_line' id='line_1_78' title="bbox 2437 3218 4028 3291; baseline -0.002 -18"><span class='ocrx_word' id='word_1_527' title='bbox 2437 3220 2679 3291; x_wconf 84' lang='grc' dir='ltr'>μεγάλου</span> <span class='ocrx_word' id='word_1_528' title='bbox 2710 3218 3086 3291; x_wconf 80' lang='grc' dir='ltr'>δρουγγαρίου</span> <span class='ocrx_word' id='word_1_529' title='bbox 3158 3218 3543 3286; x_wconf 57' lang='grc' dir='ltr'>συνάλλαγμα(</span> <span class='ocrx_word' id='word_1_530' title='bbox 3580 3219 3673 3269; x_wconf 64' lang='grc' dir='ltr'><strong>καὶ⁵</strong></span> <span class='ocrx_word' id='word_1_531' title='bbox 3718 3218 4028 3286; x_wconf 84' lang='grc' dir='ltr'>διεγνώσθη</span> 
     </span>
    </p>
   </div>
   <div class='ocr_carea' id='block_1_79' title="bbox 2436 3305 4028 3382">
    <p class='ocr_par' dir='ltr' id='par_1_79' title="bbox 2436 3305 4028 3382">
     <span class='ocr_line' id='line_1_79' title="bbox 2436 3305 4028 3382; baseline -0.003 -19"><span class='ocrx_word' id='word_1_532' title='bbox 2436 3313 2513 3382; x_wconf 77' lang='grc' dir='ltr'>μὴ</span> <span class='ocrx_word' id='word_1_533' title='bbox 2538 3309 2956 3382; x_wconf 74' lang='grc' dir='ltr'>ἐμποδίζεσθαι,</span> <span class='ocrx_word' id='word_1_534' title='bbox 2975 3309 3063 3362; x_wconf 82' lang='grc' dir='ltr'><strong>διὰ</strong></span> <span class='ocrx_word' id='word_1_535' title='bbox 3081 3310 3143 3362; x_wconf 84' lang='grc' dir='ltr'>τὸ</span> <span class='ocrx_word' id='word_1_536' title='bbox 3163 3309 3260 3378; x_wconf 81' lang='grc' dir='ltr'><strong>τήν</strong></span> <span class='ocrx_word' id='word_1_537' title='bbox 3294 3308 3599 3377; x_wconf 83' lang='grc' dir='ltr'>μνηστείαν</span> <span class='ocrx_word' id='word_1_538' title='bbox 3631 3305 3798 3359; x_wconf 83' lang='grc' dir='ltr'>τόπον</span> <span class='ocrx_word' id='word_1_539' title='bbox 3816 3307 4028 3359; x_wconf 69' lang='grc' dir='ltr'>τελείου</span> 
     </span>
    </p>
   </div>
   <div class='ocr_carea' id='block_1_80' title="bbox 2433 3398 4030 3475">
    <p class='ocr_par' dir='ltr' id='par_1_80' title="bbox 2433 3398 4030 3475">
     <span class='ocr_line' id='line_1_80' title="bbox 2433 3398 4030 3475; baseline -0.004 -16"><span class='ocrx_word' id='word_1_540' title='bbox 2433 3407 2616 3475; x_wconf 89' lang='grc' dir='ltr'>γάμου</span> <span class='ocrx_word' id='word_1_541' title='bbox 2654 3405 2730 3474; x_wconf 78' lang='grc' dir='ltr'><strong>μη</strong></span> <span class='ocrx_word' id='word_1_542' title='bbox 2783 3403 3029 3472; x_wconf 76' lang='grc' dir='ltr'>ἐπέχειν.</span> <span class='ocrx_word' id='word_1_543' title='bbox 3062 3402 3173 3456; x_wconf 72' lang='grc' dir='ltr'><strong>Καὶ</strong></span> <span class='ocrx_word' id='word_1_544' title='bbox 3198 3402 3225 3454; x_wconf 83' lang='grc' dir='ltr'>ὁ</span> <span class='ocrx_word' id='word_1_545' title='bbox 3252 3401 3562 3469; x_wconf 84' lang='grc' dir='ltr'>ἁγιώτατος</span> <span class='ocrx_word' id='word_1_546' title='bbox 3594 3398 3651 3451; x_wconf 78' lang='grc' dir='ltr'>δὲ</span> <span class='ocrx_word' id='word_1_547' title='bbox 3671 3398 4030 3469; x_wconf 68' lang='grc' dir='ltr'>πατριάρχης</span> 
     </span>
    </p>
   </div>
   <div class='ocr_carea' id='block_1_81' title="bbox 2433 3491 4028 3569">
    <p class='ocr_par' dir='ltr' id='par_1_81' title="bbox 2433 3491 4028 3569">
     <span class='ocr_line' id='line_1_81' title="bbox 2433 3491 4028 3569; baseline -0.006 -18"><span class='ocrx_word' id='word_1_548' title='bbox 2433 3501 2630 3569; x_wconf 85' lang='grc' dir='ltr'>κύριος</span> <span class='ocrx_word' id='word_1_549' title='bbox 2696 3496 2982 3557; x_wconf 84' lang='grc' dir='ltr'>Θεοδόσιος</span> <span class='ocrx_word' id='word_1_550' title='bbox 3046 3493 3362 3564; x_wconf 73' lang='grc' dir='ltr'>ἐξεχώρησε</span> <span class='ocrx_word' id='word_1_551' title='bbox 3423 3492 3502 3560; x_wconf 85' lang='grc' dir='ltr'>τῷ</span> <span class='ocrx_word' id='word_1_552' title='bbox 3558 3491 4028 3560; x_wconf 79' lang='grc' dir='ltr'>Μεσοποταμίτου</span> 
     </span>
    </p>
   </div>
   <div class='ocr_carea' id='block_1_82' title="bbox 2436 3569 4028 3659">
    <p class='ocr_par' dir='ltr' id='par_1_82' title="bbox 2436 3569 4028 3659">
     <span class='ocr_line' id='line_1_82' title="bbox 2436 3569 4028 3659; baseline -0.006 -18"><span class='ocrx_word' id='word_1_553' title='bbox 2436 3589 2629 3659; x_wconf 84' lang='grc' dir='ltr'>κυρίου</span> <span class='ocrx_word' id='word_1_554' title='bbox 2666 3586 2890 3656; x_wconf 80' lang='grc' dir='ltr'><strong>Μιχαὴλ</strong></span> <span class='ocrx_word' id='word_1_555' title='bbox 2925 3569 3407 3655; x_wconf 75' lang='grc' dir='ltr'>μνηστέυσαμὲνῳ</span> <span class='ocrx_word' id='word_1_556' title='bbox 3431 3582 3649 3652; x_wconf 81' lang='grc' dir='ltr'>Μαρίαν</span> <span class='ocrx_word' id='word_1_557' title='bbox 3689 3580 3813 3633; x_wconf 84' lang='grc' dir='ltr'>τινά</span> <span class='ocrx_word' id='word_1_558' title='bbox 3841 3582 4028 3651; x_wconf 63' lang='grc' dir='ltr'>τυχὸν,</span> 
     </span>
    </p>
   </div>
   <div class='ocr_carea' id='block_1_83' title="bbox 2436 3670 4026 3745">
    <p class='ocr_par' dir='ltr' id='par_1_83' title="bbox 2436 3670 4026 3745">
     <span class='ocr_line' id='line_1_83' title="bbox 2436 3670 4026 3745; baseline -0.006 -13"><span class='ocrx_word' id='word_1_559' title='bbox 2436 3679 2531 3733; x_wconf 73' lang='grc' dir='ltr'>καὶ</span> <span class='ocrx_word' id='word_1_560' title='bbox 2590 3679 2681 3731; x_wconf 79' lang='grc' dir='ltr'><strong>διά</strong></span> <span class='ocrx_word' id='word_1_561' title='bbox 2723 3677 2786 3730; x_wconf 76' lang='grc' dir='ltr'><strong>τὸ</strong></span> <span class='ocrx_word' id='word_1_562' title='bbox 2839 3676 3167 3745; x_wconf 83' lang='grc' dir='ltr'>τελευτῆσαι</span> <span class='ocrx_word' id='word_1_563' title='bbox 3233 3674 3439 3740; x_wconf 87' lang='grc' dir='ltr'>ταύτην</span> <span class='ocrx_word' id='word_1_564' title='bbox 3486 3673 3593 3741; x_wconf 73' lang='grc' dir='ltr'>πρὸ</span> <span class='ocrx_word' id='word_1_565' title='bbox 3652 3670 3749 3724; x_wconf 78' lang='grc' dir='ltr'>τοῦ</span> <span class='ocrx_word' id='word_1_566' title='bbox 3819 3673 4026 3739; x_wconf 86' lang='grc' dir='ltr'>γάμου,</span> 
     </span>
    </p>
   </div>
   <div class='ocr_carea' id='block_1_84' title="bbox 2436 3766 4029 3842">
    <p class='ocr_par' dir='ltr' id='par_1_84' title="bbox 2436 3766 4029 3842">
     <span class='ocr_line' id='line_1_84' title="bbox 2436 3766 4029 3842; baseline -0.006 -15"><span class='ocrx_word' id='word_1_567' title='bbox 2436 3774 2633 3842; x_wconf 80' lang='grc' dir='ltr'>ἑτέραν</span> <span class='ocrx_word' id='word_1_568' title='bbox 2662 3773 2908 3837; x_wconf 81' lang='grc' dir='ltr'>λαὸόντι,</span> <span class='ocrx_word' id='word_1_569' title='bbox 2942 3770 3475 3842; x_wconf 81' lang='grc' dir='ltr'>άπροκριματίστως</span> <span class='ocrx_word' id='word_1_570' title='bbox 3518 3768 3660 3835; x_wconf 83' lang='grc' dir='ltr'>μετὰ</span> <span class='ocrx_word' id='word_1_571' title='bbox 3680 3766 3775 3819; x_wconf 72' lang='grc' dir='ltr'><strong>τὸν</strong></span> <span class='ocrx_word' id='word_1_572' title='bbox 3816 3768 4029 3833; x_wconf 82' lang='grc' dir='ltr'>ταὺτης</span> 
     </span>
    </p>
   </div>
   <div class='ocr_carea' id='block_1_85' title="bbox 2437 3856 4031 3935">
    <p class='ocr_par' dir='ltr' id='par_1_85' title="bbox 2437 3856 4031 3935">
     <span class='ocr_line' id='line_1_85' title="bbox 2437 3856 4031 3935; baseline -0.008 -15"><span class='ocrx_word' id='word_1_573' title='bbox 2437 3867 2671 3921; x_wconf 85' lang='grc' dir='ltr'>θάνατον</span> <span class='ocrx_word' id='word_1_574' title='bbox 2723 3866 2893 3935; x_wconf 65' lang='grc' dir='ltr'><strong>ἑτέρᾳ⁸</strong></span> <span class='ocrx_word' id='word_1_575' title='bbox 2924 3864 3294 3933; x_wconf 75' lang='grc' dir='ltr'>συναφθῆναι,</span> <span class='ocrx_word' id='word_1_576' title='bbox 3326 3862 3509 3931; x_wconf 81' lang='grc' dir='ltr'>ἑχοντι</span> <span class='ocrx_word' id='word_1_577' title='bbox 3538 3860 3633 3912; x_wconf 82' lang='grc' dir='ltr'>καὶ</span> <span class='ocrx_word' id='word_1_578' title='bbox 3686 3856 3868 3910; x_wconf 81' lang='grc' dir='ltr'>ταῦτα</span> <span class='ocrx_word' id='word_1_579' title='bbox 3900 3860 4031 3910; x_wconf 67' lang='grc' dir='ltr'>παῖς</span> 
     </span>
    </p>
   </div>
   <div class='ocr_carea' id='block_1_86' title="bbox 2434 3952 4032 4027">
    <p class='ocr_par' dir='ltr' id='par_1_86' title="bbox 2434 3952 4032 4027">
     <span class='ocr_line' id='line_1_86' title="bbox 2434 3952 4032 4027; baseline -0.008 -13"><span class='ocrx_word' id='word_1_580' title='bbox 2434 3961 2553 4022; x_wconf 83' lang='grc' dir='ltr'>δας,</span> <span class='ocrx_word' id='word_1_581' title='bbox 2577 3958 2673 4011; x_wconf 79' lang='grc' dir='ltr'>καὶ</span> <span class='ocrx_word' id='word_1_582' title='bbox 2695 3959 2789 4011; x_wconf 73' lang='grc' dir='ltr'><strong>τὸν</strong></span> <span class='ocrx_word' id='word_1_583' title='bbox 2818 3956 3149 4027; x_wconf 72' lang='grc' dir='ltr'>τριακοστὸν</span> <span class='ocrx_word' id='word_1_584' title='bbox 3171 3952 3588 4024; x_wconf 58' lang='grc' dir='ltr'>ὑπραναὸάντι</span> <span class='ocrx_word' id='word_1_585' title='bbox 3611 3953 3829 4021; x_wconf 85' lang='grc' dir='ltr'>χρόνον,</span> <span class='ocrx_word' id='word_1_586' title='bbox 3857 3952 4032 4003; x_wconf 83' lang='grc' dir='ltr'>εἰπὼν</span> 
     </span>
    </p>
   </div>
   <div class='ocr_carea' id='block_1_87' title="bbox 2439 4047 4033 4125">
    <p class='ocr_par' dir='ltr' id='par_1_87' title="bbox 2439 4047 4033 4125">
     <span class='ocr_line' id='line_1_87' title="bbox 2439 4047 4033 4125; baseline -0.006 -19"><span class='ocrx_word' id='word_1_587' title='bbox 2439 4055 2515 4125; x_wconf 82' lang='grc' dir='ltr'>μὴ</span> <span class='ocrx_word' id='word_1_588' title='bbox 2543 4052 2863 4121; x_wconf 82' lang='grc' dir='ltr'>λογίζεσθαι</span> <span class='ocrx_word' id='word_1_589' title='bbox 2896 4052 3057 4105; x_wconf 80' lang='grc' dir='ltr'>τοῦτο</span> <span class='ocrx_word' id='word_1_590' title='bbox 3093 4050 3418 4121; x_wconf 84' lang='grc' dir='ltr'>τριγαμίαν,</span> <span class='ocrx_word' id='word_1_591' title='bbox 3453 4049 3527 4106; x_wconf 84' lang='grc' dir='ltr'><strong>ὡς</strong></span> <span class='ocrx_word' id='word_1_592' title='bbox 3554 4048 3655 4115; x_wconf 80' lang='grc' dir='ltr'>τῆς</span> <span class='ocrx_word' id='word_1_593' title='bbox 3724 4047 4033 4115; x_wconf 85' lang='grc' dir='ltr'>μνηστείας</span> 
     </span>
    </p>
   </div>
   <div class='ocr_carea' id='block_1_88' title="bbox 2439 4137 4035 4215">
    <p class='ocr_par' dir='ltr' id='par_1_88' title="bbox 2439 4137 4035 4215">
     <span class='ocr_line' id='line_1_88' title="bbox 2439 4137 4035 4215; baseline -0.006 -18"><span class='ocrx_word' id='word_1_594' title='bbox 2439 4146 2516 4215; x_wconf 81' lang='grc' dir='ltr'>μὴ</span> <span class='ocrx_word' id='word_1_595' title='bbox 2554 4144 2834 4213; x_wconf 82' lang='grc' dir='ltr'>ἀρκούσης</span> <span class='ocrx_word' id='word_1_596' title='bbox 2869 4145 2995 4196; x_wconf 77' lang='grc' dir='ltr'>ἀντὶ</span> <span class='ocrx_word' id='word_1_597' title='bbox 3019 4142 3229 4195; x_wconf 81' lang='grc' dir='ltr'>τελείου</span> <span class='ocrx_word' id='word_1_598' title='bbox 3270 4142 3478 4209; x_wconf 86' lang='grc' dir='ltr'>γάμου.</span> <span class='ocrx_word' id='word_1_599' title='bbox 3536 4138 3722 4191; x_wconf 77' lang='grc' dir='ltr'>Ταῦτα</span> <span class='ocrx_word' id='word_1_600' title='bbox 3768 4138 3827 4191; x_wconf 77' lang='grc' dir='ltr'><strong>δι</strong></span> <span class='ocrx_word' id='word_1_601' title='bbox 3887 4137 4035 4191; x_wconf 75' lang='grc' dir='ltr'>οὕτω</span> 
     </span>
    </p>
   </div>
   <div class='ocr_carea' id='block_1_89' title="bbox 2443 4229 4035 4305">
    <p class='ocr_par' dir='ltr' id='par_1_89' title="bbox 2443 4229 4035 4305">
     <span class='ocr_line' id='line_1_89' title="bbox 2443 4229 4035 4305; baseline -0.008 -13"><span class='ocrx_word' id='word_1_602' title='bbox 2443 4236 2752 4305; x_wconf 83' lang='grc' dir='ltr'>διεγνώσθη</span> <span class='ocrx_word' id='word_1_603' title='bbox 2784 4236 2872 4288; x_wconf 82' lang='grc' dir='ltr'>διὰ</span> <span class='ocrx_word' id='word_1_604' title='bbox 2922 4236 2983 4289; x_wconf 78' lang='grc' dir='ltr'>τὸ</span> <span class='ocrx_word' id='word_1_605' title='bbox 3035 4235 3109 4302; x_wconf 76' lang='grc' dir='ltr'>μὴ</span> <span class='ocrx_word' id='word_1_606' title='bbox 3140 4234 3443 4302; x_wconf 78' lang='grc' dir='ltr'>λαληθῆναι</span> <span class='ocrx_word' id='word_1_607' title='bbox 3476 4232 3570 4285; x_wconf 79' lang='grc' dir='ltr'>καὶ</span> <span class='ocrx_word' id='word_1_608' title='bbox 3606 4229 3869 4298; x_wconf 81' lang='grc' dir='ltr'>γενέσθαι</span> <span class='ocrx_word' id='word_1_609' title='bbox 3905 4247 4035 4282; x_wconf 73' lang='grc' dir='ltr'>συν·</span> 
     </span>
    </p>
   </div>
   <div class='ocr_carea' id='block_1_90' title="bbox 2438 4319 4035 4397">
    <p class='ocr_par' dir='ltr' id='par_1_90' title="bbox 2438 4319 4035 4397">
     <span class='ocr_line' id='line_1_90' title="bbox 2438 4319 4035 4397; baseline -0.007 -16"><span class='ocrx_word' id='word_1_610' title='bbox 2438 4328 2637 4397; x_wconf 84' lang='grc' dir='ltr'>άφειαν</span> <span class='ocrx_word' id='word_1_611' title='bbox 2709 4327 2877 4394; x_wconf 74' lang='grc' dir='ltr'>μέσον</span> <span class='ocrx_word' id='word_1_612' title='bbox 2940 4324 3049 4378; x_wconf 83' lang='grc' dir='ltr'><strong>τῶν</strong></span> <span class='ocrx_word' id='word_1_613' title='bbox 3111 4325 3463 4394; x_wconf 83' lang='grc' dir='ltr'>μνηστήρων.</span> <span class='ocrx_word' id='word_1_614' title='bbox 3530 4321 3595 4374; x_wconf 73' lang='grc' dir='ltr'>Εἰ</span> <span class='ocrx_word' id='word_1_615' title='bbox 3667 4321 3777 4387; x_wconf 79' lang='grc' dir='ltr'><strong>γάρ</strong></span> <span class='ocrx_word' id='word_1_616' title='bbox 3839 4319 4035 4385; x_wconf 75' lang='grc' dir='ltr'>γέγονε</span> 
     </span>
    </p>
   </div>
   <div class='ocr_carea' id='block_1_91' title="bbox 2448 4410 4037 4485">
    <p class='ocr_par' dir='ltr' id='par_1_91' title="bbox 2448 4410 4037 4485">
     <span class='ocr_line' id='line_1_91' title="bbox 2448 4410 4037 4485; baseline -0.007 -13"><span class='ocrx_word' id='word_1_617' title='bbox 2448 4420 2736 4485; x_wconf 83' lang='grc' dir='ltr'>συνάφεια,</span> <span class='ocrx_word' id='word_1_618' title='bbox 2772 4418 2873 4471; x_wconf 80' lang='grc' dir='ltr'>οὐκ</span> <span class='ocrx_word' id='word_1_619' title='bbox 2911 4418 2979 4469; x_wconf 83' lang='grc' dir='ltr'>ἂν</span> <span class='ocrx_word' id='word_1_620' title='bbox 3032 4414 3333 4483; x_wconf 77' lang='grc' dir='ltr'>διεγνιῦσθη</span> <span class='ocrx_word' id='word_1_621' title='bbox 3402 4412 3643 4466; x_wconf 81' lang='grc' dir='ltr'>τοιοῦτόν</span> <span class='ocrx_word' id='word_1_622' title='bbox 3693 4428 3768 4473; x_wconf 88' lang='grc' dir='ltr'><strong>τι,</strong></span> <span class='ocrx_word' id='word_1_623' title='bbox 3811 4410 3902 4462; x_wconf 78' lang='grc' dir='ltr'><strong>ἴνα</strong></span> <span class='ocrx_word' id='word_1_624' title='bbox 3962 4412 4037 4479; x_wconf 67' lang='grc' dir='ltr'>μὴ</span> 
     </span>
    </p>
   </div>
   <div class='ocr_carea' id='block_1_92' title="bbox 744 4488 2334 4578">
    <p class='ocr_par' dir='ltr' id='par_1_92' title="bbox 744 4507 2329 4578">
     <span class='ocr_line' id='line_1_92' title="bbox 744 4507 2329 4578; baseline -0.004 -12"><span class='ocrx_word' id='word_1_625' title='bbox 744 4522 884 4573; x_wconf 84' lang='lat' dir='ltr'><strong>stus,</strong></span> <span class='ocrx_word' id='word_1_626' title='bbox 935 4520 990 4565; x_wconf 89' lang='lat' dir='ltr'><strong>et</strong></span> <span class='ocrx_word' id='word_1_627' title='bbox 1051 4510 1390 4578; x_wconf 71' lang='lat' dir='ltr'><strong>illegitimum</strong></span> <span class='ocrx_word' id='word_1_628' title='bbox 1449 4508 1855 4561; x_wconf 87' lang='lat' dir='ltr'><strong>matrimoniunt</strong></span> <span class='ocrx_word' id='word_1_629' title='bbox 1900 4507 2329 4573; x_wconf 83' lang='lat' dir='ltr'><strong>permitteretur.</strong></span> 
     </span>
    </p>
   </div>
   <div class='ocr_carea' id='block_1_93' title="bbox 2437 4488 4036 4578">
    <p class='ocr_par' dir='ltr' id='par_1_93' title="bbox 2446 4500 4036 4578">
     <span class='ocr_line' id='line_1_93' title="bbox 2446 4500 4036 4578; baseline -0.004 -17"><span class='ocrx_word' id='word_1_630' title='bbox 2446 4509 2734 4578; x_wconf 78' lang='grc' dir='ltr'>προφανὴς</span> <span class='ocrx_word' id='word_1_631' title='bbox 2771 4505 3069 4575; x_wconf 80' lang='grc' dir='ltr'>αἰμομιξία</span> <span class='ocrx_word' id='word_1_632' title='bbox 3102 4507 3197 4558; x_wconf 80' lang='grc' dir='ltr'>καὶ</span> <span class='ocrx_word' id='word_1_633' title='bbox 3219 4504 3480 4572; x_wconf 72' lang='grc' dir='ltr'>άθέμιτος</span> <span class='ocrx_word' id='word_1_634' title='bbox 3508 4502 3687 4569; x_wconf 85' lang='grc' dir='ltr'>γάμος</span> <span class='ocrx_word' id='word_1_635' title='bbox 3715 4500 4036 4568; x_wconf 74' lang='grc' dir='ltr'>ἑγχωρηθῇ.</span> 
     </span>
    </p>
   </div>
   <div class='ocr_carea' id='block_1_94' title="bbox 746 4598 2336 4668">
    <p class='ocr_par' dir='ltr' id='par_1_94' title="bbox 746 4598 2336 4668">
     <span class='ocr_line' id='line_1_94' title="bbox 746 4598 2336 4668; baseline -0.002 -14"><span class='ocrx_word' id='word_1_636' title='bbox 746 4602 1054 4668; x_wconf 82' lang='lat' dir='ltr'><strong>Quinetiam</strong></span> <span class='ocrx_word' id='word_1_637' title='bbox 1109 4602 1198 4655; x_wconf 89' lang='lat' dir='ltr'><strong>tali</strong></span> <span class='ocrx_word' id='word_1_638' title='bbox 1243 4600 1503 4654; x_wconf 71' lang='lat' dir='ltr'><strong>affinitate</strong></span> <span class='ocrx_word' id='word_1_639' title='bbox 1535 4615 1639 4652; x_wconf 88' lang='lat' dir='ltr'><strong>non</strong></span> <span class='ocrx_word' id='word_1_640' title='bbox 1688 4598 2119 4661; x_wconf 77' lang='lat' dir='ltr'><strong>interveniente,</strong></span> <span class='ocrx_word' id='word_1_641' title='bbox 2157 4614 2336 4666; x_wconf 62' lang='lat' dir='ltr'><strong>quan.</strong></span> 
     </span>
    </p>
   </div>
   <div class='ocr_carea' id='block_1_95' title="bbox 744 4688 2340 4764">
    <p class='ocr_par' dir='ltr' id='par_1_95' title="bbox 744 4688 2340 4764">
     <span class='ocr_line' id='line_1_95' title="bbox 744 4688 2340 4764; baseline -0.005 -14"><span class='ocrx_word' id='word_1_642' title='bbox 744 4696 1036 4764; x_wconf 84' lang='lat' dir='ltr'><strong>tloquidem</strong></span> <span class='ocrx_word' id='word_1_643' title='bbox 1093 4711 1121 4748; x_wconf 92' lang='lat' dir='ltr'><strong>a</strong></span> <span class='ocrx_word' id='word_1_644' title='bbox 1163 4711 1290 4749; x_wconf 85' lang='lat' dir='ltr'><strong>oan.</strong></span> <span class='ocrx_word' id='word_1_645' title='bbox 1336 4693 1407 4750; x_wconf 86' lang='lat'><strong>98</strong></span> <span class='ocrx_word' id='word_1_646' title='bbox 1448 4692 1640 4762; x_wconf 79' lang='lat' dir='ltr'><strong>synodi</strong></span> <span class='ocrx_word' id='word_1_647' title='bbox 1677 4688 1728 4744; x_wconf 75' lang='lat' dir='ltr'><strong>iii</strong></span> <span class='ocrx_word' id='word_1_648' title='bbox 1766 4689 1976 4753; x_wconf 84' lang='lat' dir='ltr'><strong>Trullo,</strong></span> <span class='ocrx_word' id='word_1_649' title='bbox 2023 4698 2079 4743; x_wconf 91' lang='lat' dir='ltr'><strong>et</strong></span> <span class='ocrx_word' id='word_1_650' title='bbox 2129 4705 2248 4758; x_wconf 81' lang='lat' dir='ltr'><strong>cap.</strong></span> <span class='ocrx_word' id='word_1_651' title='bbox 2304 4689 2340 4742; x_wconf 72' lang='lat'><strong>2</strong></span> 
     </span>
    </p>
   </div>
   <div class='ocr_carea' id='block_1_96' title="bbox 747 4781 2339 4853">
    <p class='ocr_par' dir='ltr' id='par_1_96' title="bbox 747 4781 2339 4853">
     <span class='ocr_line' id='line_1_96' title="bbox 747 4781 2339 4853; baseline -0.004 -13"><span class='ocrx_word' id='word_1_652' title='bbox 747 4788 835 4841; x_wconf 88' lang='lat' dir='ltr'><strong>tit.</strong></span> <span class='ocrx_word' id='word_1_653' title='bbox 871 4785 961 4850; x_wconf 82' lang='lat'><strong>58,</strong></span> <span class='ocrx_word' id='word_1_654' title='bbox 995 4786 1087 4839; x_wconf 88' lang='lat' dir='ltr'><strong>lib.</strong></span> <span class='ocrx_word' id='word_1_655' title='bbox 1118 4801 1182 4838; x_wconf 69' lang='grc' dir='ltr'><strong>ιε</strong></span> <span class='ocrx_word' id='word_1_656' title='bbox 1213 4796 1265 4838; x_wconf 92' lang='lat' dir='ltr'><strong>et</strong></span> <span class='ocrx_word' id='word_1_657' title='bbox 1314 4787 1483 4839; x_wconf 89' lang='lat' dir='ltr'><strong>them.</strong></span> <span class='ocrx_word' id='word_1_658' title='bbox 1507 4786 1562 4848; x_wconf 78' lang='lat'><strong>5,</strong></span> <span class='ocrx_word' id='word_1_659' title='bbox 1593 4799 1713 4853; x_wconf 87' lang='lat' dir='ltr'><strong>cap.</strong></span> <span class='ocrx_word' id='word_1_660' title='bbox 1754 4784 1841 4845; x_wconf 70' lang='lat'><strong>12,</strong></span> <span class='ocrx_word' id='word_1_661' title='bbox 1872 4783 1955 4836; x_wconf 90' lang='lat' dir='ltr'><strong>tit.</strong></span> <span class='ocrx_word' id='word_1_662' title='bbox 1978 4782 2069 4844; x_wconf 78' lang='lat'><strong>37,</strong></span> <span class='ocrx_word' id='word_1_663' title='bbox 2098 4781 2339 4848; x_wconf 85' lang='lat' dir='ltr'><strong>ejusdem</strong></span> 
     </span>
    </p>
   </div>
   <div class='ocr_carea' id='block_1_97' title="bbox 747 4876 2331 4945">
    <p class='ocr_par' dir='ltr' id='par_1_97' title="bbox 747 4876 2331 4945">
     <span class='ocr_line' id='line_1_97' title="bbox 747 4876 2331 4945; baseline -0.006 -10"><span class='ocrx_word' id='word_1_664' title='bbox 747 4882 843 4936; x_wconf 85' lang='lat' dir='ltr'><strong>lib.</strong></span> <span class='ocrx_word' id='word_1_665' title='bbox 894 4896 984 4945; x_wconf 75' lang='grc' dir='ltr'>ωε,</span> <span class='ocrx_word' id='word_1_666' title='bbox 1031 4879 1166 4935; x_wconf 84' lang='lat' dir='ltr'><strong>satis</strong></span> <span class='ocrx_word' id='word_1_667' title='bbox 1203 4887 1421 4932; x_wconf 82' lang='lat' dir='ltr'><strong>constat</strong></span> <span class='ocrx_word' id='word_1_668' title='bbox 1450 4892 1597 4939; x_wconf 91' lang='lat' dir='ltr'><strong>eum,</strong></span> <span class='ocrx_word' id='word_1_669' title='bbox 1633 4878 1722 4945; x_wconf 91' lang='lat' dir='ltr'><strong>qui</strong></span> <span class='ocrx_word' id='word_1_670' title='bbox 1764 4876 1917 4930; x_wconf 80' lang='lat' dir='ltr'><strong>alteri</strong></span> <span class='ocrx_word' id='word_1_671' title='bbox 1947 4877 2331 4943; x_wconf 85' lang='lat' dir='ltr'><strong>desponsatam</strong></span> 
     </span>
    </p>
   </div>
   <div class='ocr_carea' id='block_1_98' title="bbox 746 4970 2337 5037">
    <p class='ocr_par' dir='ltr' id='par_1_98' title="bbox 746 4970 2337 5037">
     <span class='ocr_line' id='line_1_98' title="bbox 746 4970 2337 5037; baseline -0.007 -8"><span class='ocrx_word' id='word_1_672' title='bbox 746 4976 985 5037; x_wconf 79' lang='lat' dir='ltr'><strong>duxerit,</strong></span> <span class='ocrx_word' id='word_1_673' title='bbox 1016 4973 1179 5036; x_wconf 79' lang='lat' dir='ltr'><strong>aduLt.</strong></span> <span class='ocrx_word' id='word_1_674' title='bbox 1205 4971 1269 5024; x_wconf 89' lang='lat' dir='ltr'><strong>rii</strong></span> <span class='ocrx_word' id='word_1_675' title='bbox 1302 4970 1532 5023; x_wconf 88' lang='lat' dir='ltr'><strong>crimine</strong></span> <span class='ocrx_word' id='word_1_676' title='bbox 1574 4970 1771 5030; x_wconf 85' lang='lat' dir='ltr'><strong>teneri,</strong></span> <span class='ocrx_word' id='word_1_677' title='bbox 1815 4970 2033 5035; x_wconf 85' lang='lat' dir='ltr'><strong>quando</strong></span> <span class='ocrx_word' id='word_1_678' title='bbox 2069 4978 2125 5021; x_wconf 91' lang='lat' dir='ltr'><strong>et</strong></span> <span class='ocrx_word' id='word_1_679' title='bbox 2172 4982 2337 5036; x_wconf 84' lang='lat' dir='ltr'><strong>spon-</strong></span> 
     </span>
    </p>
   </div>
   <div class='ocr_carea' id='block_1_99' title="bbox 748 5062 2342 5132">
    <p class='ocr_par' dir='ltr' id='par_1_99' title="bbox 748 5062 2342 5132">
     <span class='ocr_line' id='line_1_99' title="bbox 748 5062 2342 5132; baseline -0.008 -9"><span class='ocrx_word' id='word_1_680' title='bbox 748 5068 884 5123; x_wconf 82' lang='lat' dir='ltr'><strong>salia</strong></span> <span class='ocrx_word' id='word_1_681' title='bbox 930 5076 1057 5120; x_wconf 90' lang='lat' dir='ltr'><strong>tunc</strong></span> <span class='ocrx_word' id='word_1_682' title='bbox 1088 5078 1262 5132; x_wconf 64' lang='lat' dir='ltr'><strong>poma!</strong></span> <span class='ocrx_word' id='word_1_683' title='bbox 1285 5062 1553 5117; x_wconf 89' lang='lat' dir='ltr'><strong>solutione</strong></span> <span class='ocrx_word' id='word_1_684' title='bbox 1573 5062 2029 5125; x_wconf 84' lang='lat' dir='ltr'><strong>dissolvebantur,</strong></span> <span class='ocrx_word' id='word_1_685' title='bbox 2062 5070 2115 5112; x_wconf 90' lang='lat' dir='ltr'><strong>et</strong></span> <span class='ocrx_word' id='word_1_686' title='bbox 2147 5075 2252 5113; x_wconf 91' lang='lat' dir='ltr'><strong>non</strong></span> <span class='ocrx_word' id='word_1_687' title='bbox 2286 5067 2342 5111; x_wconf 92' lang='lat' dir='ltr'><strong>ut</strong></span> 
     </span>
    </p>
   </div>
   <div class='ocr_carea' id='block_1_100' title="bbox 749 5154 2337 5225">
    <p class='ocr_par' dir='ltr' id='par_1_100' title="bbox 749 5154 2337 5225">
     <span class='ocr_line' id='line_1_100' title="bbox 749 5154 2337 5225; baseline -0.008 -9"><span class='ocrx_word' id='word_1_688' title='bbox 749 5163 910 5216; x_wconf 88' lang='lat' dir='ltr'><strong>hodie</strong></span> <span class='ocrx_word' id='word_1_689' title='bbox 942 5158 1292 5212; x_wconf 89' lang='lat' dir='ltr'><strong>matrimonio</strong></span> <span class='ocrx_word' id='word_1_690' title='bbox 1327 5154 1744 5225; x_wconf 76' lang='lat' dir='ltr'><strong>:eqttivalehant.</strong></span> <span class='ocrx_word' id='word_1_691' title='bbox 1778 5155 1899 5207; x_wconf 82' lang='lat' dir='ltr'><strong>dico</strong></span> <span class='ocrx_word' id='word_1_692' title='bbox 1926 5168 2047 5221; x_wconf 74' lang='lat' dir='ltr'><strong>que</strong></span> <span class='ocrx_word' id='word_1_693' title='bbox 2100 5155 2171 5205; x_wconf 87' lang='lat' dir='ltr'><strong>ita</strong></span> <span class='ocrx_word' id='word_1_694' title='bbox 2209 5167 2337 5220; x_wconf 88' lang='lat' dir='ltr'><strong>per-</strong></span> 
     </span>
    </p>
   </div>
   <div class='ocr_carea' id='block_1_101' title="bbox 749 5243 2335 5314">
    <p class='ocr_par' dir='ltr' id='par_1_101' title="bbox 749 5243 2335 5314">
     <span class='ocr_line' id='line_1_101' title="bbox 749 5243 2335 5314; baseline -0.006 -9"><span class='ocrx_word' id='word_1_695' title='bbox 749 5254 1042 5306; x_wconf 85' lang='lat' dir='ltr'><strong>mittuntur</strong></span> <span class='ocrx_word' id='word_1_696' title='bbox 1078 5264 1183 5303; x_wconf 92' lang='lat' dir='ltr'><strong>non</strong></span> <span class='ocrx_word' id='word_1_697' title='bbox 1231 5262 1349 5302; x_wconf 90' lang='lat' dir='ltr'><strong>esse</strong></span> <span class='ocrx_word' id='word_1_698' title='bbox 1397 5254 1550 5300; x_wconf 77' lang='lat' dir='ltr'><strong>extra</strong></span> <span class='ocrx_word' id='word_1_699' title='bbox 1596 5244 1924 5314; x_wconf 85' lang='lat' dir='ltr'><strong>periculum,</strong></span> <span class='ocrx_word' id='word_1_700' title='bbox 1960 5243 2335 5309; x_wconf 72' lang='lat' dir='ltr'><strong>adstipulante</strong></span> 
     </span>
    </p>
   </div>
   <div class='ocr_carea' id='block_1_102' title="bbox 747 5331 1873 5411">
    <p class='ocr_par' dir='ltr' id='par_1_102' title="bbox 747 5331 1873 5411">
     <span class='ocr_line' id='line_1_102' title="bbox 747 5331 1873 5411; baseline -0.004 -15"><span class='ocrx_word' id='word_1_701' title='bbox 747 5344 916 5396; x_wconf 83' lang='lat' dir='ltr'><strong>etiam</strong></span> <span class='ocrx_word' id='word_1_702' title='bbox 950 5339 1238 5411; x_wconf 69' lang='lat' dir='ltr'><strong>praesentis</strong></span> <span class='ocrx_word' id='word_1_703' title='bbox 1267 5342 1490 5392; x_wconf 82' lang='lat' dir='ltr'><strong>canonis</strong></span> <span class='ocrx_word' id='word_1_704' title='bbox 1520 5331 1873 5392; x_wconf 82' lang='lat' dir='ltr'><strong>auctoritate.</strong></span> 
     </span>
    </p>
   </div>
   <div class='ocr_carea' id='block_1_103' title="bbox 2440 4592 4039 4667">
    <p class='ocr_par' dir='ltr' id='par_1_103' title="bbox 2440 4592 4039 4667">
     <span class='ocr_line' id='line_1_103' title="bbox 2440 4592 4039 4667; baseline -0.007 -12"><span class='ocrx_word' id='word_1_705' title='bbox 2440 4604 2621 4655; x_wconf 83' lang='grc' dir='ltr'>Ὅπου</span> <span class='ocrx_word' id='word_1_706' title='bbox 2666 4612 2725 4667; x_wconf 77' lang='grc' dir='ltr'><strong>γε</strong></span> <span class='ocrx_word' id='word_1_707' title='bbox 2790 4601 2888 4653; x_wconf 72' lang='grc' dir='ltr'>καὶ</span> <span class='ocrx_word' id='word_1_708' title='bbox 2941 4599 3241 4663; x_wconf 83' lang='grc' dir='ltr'>συναφείας</span> <span class='ocrx_word' id='word_1_709' title='bbox 3280 4596 3355 4663; x_wconf 77' lang='grc' dir='ltr'>μὴ</span> <span class='ocrx_word' id='word_1_710' title='bbox 3404 4594 3717 4661; x_wconf 86' lang='grc' dir='ltr'>γεγονυίας,</span> <span class='ocrx_word' id='word_1_711' title='bbox 3762 4593 3893 4644; x_wconf 69' lang='grc' dir='ltr'>ἐπεὶ</span> <span class='ocrx_word' id='word_1_712' title='bbox 3926 4592 4039 4644; x_wconf 71' lang='grc' dir='ltr'><strong>άπὸ</strong></span> 
     </span>
    </p>
   </div>
   <div class='ocr_carea' id='block_1_104' title="bbox 2444 4681 4042 4758">
    <p class='ocr_par' dir='ltr' id='par_1_104' title="bbox 2444 4681 4042 4758">
     <span class='ocr_line' id='line_1_104' title="bbox 2444 4681 4042 4758; baseline -0.007 -14"><span class='ocrx_word' id='word_1_713' title='bbox 2444 4694 2541 4745; x_wconf 83' lang='grc' dir='ltr'>τοῦ</span> <span class='ocrx_word' id='word_1_714' title='bbox 2571 4690 2975 4758; x_wconf 81' lang='grc' dir='ltr'>ἑννενηκοστοῦ</span> <span class='ocrx_word' id='word_1_715' title='bbox 2996 4690 3184 4755; x_wconf 78' lang='grc' dir='ltr'>ὀγδόου</span> <span class='ocrx_word' id='word_1_716' title='bbox 3217 4687 3557 4753; x_wconf 83' lang='grc' dir='ltr'>κανόνοςτῆς</span> <span class='ocrx_word' id='word_1_717' title='bbox 3582 4686 3643 4735; x_wconf 70' lang='grc' dir='ltr'>ἐν</span> <span class='ocrx_word' id='word_1_718' title='bbox 3664 4683 3742 4751; x_wconf 79' lang='grc' dir='ltr'>τῷ</span> <span class='ocrx_word' id='word_1_719' title='bbox 3776 4681 4042 4751; x_wconf 77' lang='grc' dir='ltr'>Τρούλλῳ</span> 
     </span>
    </p>
   </div>
   <div class='ocr_carea' id='block_1_105' title="bbox 2446 4774 4037 4846">
    <p class='ocr_par' dir='ltr' id='par_1_105' title="bbox 2446 4774 4037 4846">
     <span class='ocr_line' id='line_1_105' title="bbox 2446 4774 4037 4846; baseline -0.008 -10"><span class='ocrx_word' id='word_1_720' title='bbox 2446 4784 2693 4843; x_wconf 86' lang='grc' dir='ltr'>συνόδου,</span> <span class='ocrx_word' id='word_1_721' title='bbox 2728 4784 2821 4833; x_wconf 74' lang='grc' dir='ltr'>καὶ</span> <span class='ocrx_word' id='word_1_722' title='bbox 2854 4781 2961 4833; x_wconf 75' lang='grc' dir='ltr'><strong>ἀπὸ</strong></span> <span class='ocrx_word' id='word_1_723' title='bbox 2995 4778 3090 4831; x_wconf 76' lang='grc' dir='ltr'>τοῦ</span> <span class='ocrx_word' id='word_1_724' title='bbox 3121 4778 3382 4846; x_wconf 75' lang='grc' dir='ltr'>δευτέρου</span> <span class='ocrx_word' id='word_1_725' title='bbox 3420 4777 3727 4842; x_wconf 64' lang='grc' dir='ltr'>κεφαλαίου</span> <span class='ocrx_word' id='word_1_726' title='bbox 3770 4774 3870 4826; x_wconf 84' lang='grc' dir='ltr'>τοῦ</span> <span class='ocrx_word' id='word_1_727' title='bbox 3904 4792 4037 4826; x_wconf 69' lang='lat' dir='ltr'><strong>mv-</strong></span> 
     </span>
    </p>
   </div>
   <div class='ocr_carea' id='block_1_106' title="bbox 2445 4865 4043 4947">
    <p class='ocr_par' dir='ltr' id='par_1_106' title="bbox 2445 4865 4043 4947">
     <span class='ocr_line' id='line_1_106' title="bbox 2445 4865 4043 4947; baseline -0.007 -17"><span class='ocrx_word' id='word_1_728' title='bbox 2445 4874 2717 4947; x_wconf 78' lang='grc' dir='ltr'>τηκοστοῦ</span> <span class='ocrx_word' id='word_1_729' title='bbox 2784 4872 2974 4939; x_wconf 69' lang='grc' dir='ltr'>ὀγδόου</span> <span class='ocrx_word' id='word_1_730' title='bbox 3032 4870 3213 4923; x_wconf 80' lang='grc' dir='ltr'>τίτλου</span> <span class='ocrx_word' id='word_1_731' title='bbox 3262 4868 3356 4922; x_wconf 82' lang='grc' dir='ltr'>τοῦ</span> <span class='ocrx_word' id='word_1_732' title='bbox 3432 4866 3733 4937; x_wconf 81' lang='grc' dir='ltr'>ἑξηκοστοῦ</span> <span class='ocrx_word' id='word_1_733' title='bbox 3800 4865 4043 4934; x_wconf 71' lang='grc' dir='ltr'>βιϐλίου.</span> 
     </span>
    </p>
   </div>
   <div class='ocr_carea' id='block_1_107' title="bbox 2448 4957 4048 5033">
    <p class='ocr_par' dir='ltr' id='par_1_107' title="bbox 2448 4957 4048 5033">
     <span class='ocr_line' id='line_1_107' title="bbox 2448 4957 4048 5033; baseline -0.01 -10"><span class='ocrx_word' id='word_1_734' title='bbox 2448 4970 2542 5023; x_wconf 73' lang='grc' dir='ltr'>καὶ</span> <span class='ocrx_word' id='word_1_735' title='bbox 2575 4968 2686 5021; x_wconf 83' lang='grc' dir='ltr'>άπὸ</span> <span class='ocrx_word' id='word_1_736' title='bbox 2711 4964 2805 5018; x_wconf 83' lang='grc' dir='ltr'><strong>τοῦ</strong></span> <span class='ocrx_word' id='word_1_737' title='bbox 2838 4963 3025 5033; x_wconf 89' lang='grc' dir='ltr'>τρίτου</span> <span class='ocrx_word' id='word_1_738' title='bbox 3070 4963 3310 5031; x_wconf 76' lang='grc' dir='ltr'>θέματος</span> <span class='ocrx_word' id='word_1_739' title='bbox 3353 4959 3448 5024; x_wconf 77' lang='grc' dir='ltr'>τοῦ</span> <span class='ocrx_word' id='word_1_740' title='bbox 3495 4957 3815 5012; x_wconf 80' lang='grc' dir='ltr'>δωδεκάτου</span> <span class='ocrx_word' id='word_1_741' title='bbox 3870 4974 4048 5021; x_wconf 77' lang='grc' dir='ltr'>κεφα-</span> 
     </span>
    </p>
   </div>
   <div class='ocr_carea' id='block_1_108' title="bbox 2447 5046 4044 5127">
    <p class='ocr_par' dir='ltr' id='par_1_108' title="bbox 2447 5046 4044 5127">
     <span class='ocr_line' id='line_1_108' title="bbox 2447 5046 4044 5127; baseline -0.011 -12"><span class='ocrx_word' id='word_1_742' title='bbox 2447 5061 2604 5114; x_wconf 86' lang='grc' dir='ltr'>λαίου</span> <span class='ocrx_word' id='word_1_743' title='bbox 2633 5054 2969 5127; x_wconf 78' lang='grc' dir='ltr'>τριακοστοῦ</span> <span class='ocrx_word' id='word_1_744' title='bbox 2998 5053 3238 5120; x_wconf 81' lang='grc' dir='ltr'>ἑϐδόμου</span> <span class='ocrx_word' id='word_1_745' title='bbox 3270 5050 3450 5104; x_wconf 88' lang='grc' dir='ltr'>τίτλου</span> <span class='ocrx_word' id='word_1_746' title='bbox 3483 5047 3580 5102; x_wconf 84' lang='grc' dir='ltr'>τοῦ</span> <span class='ocrx_word' id='word_1_747' title='bbox 3631 5046 3806 5100; x_wconf 76' lang='grc' dir='ltr'>αὑτοῦ</span> <span class='ocrx_word' id='word_1_748' title='bbox 3836 5048 4044 5116; x_wconf 73' lang='grc' dir='ltr'>ἑξηκο-</span> 
     </span>
    </p>
   </div>
   <div class='ocr_carea' id='block_1_109' title="bbox 2450 5139 4046 5221">
    <p class='ocr_par' dir='ltr' id='par_1_109' title="bbox 2450 5139 4046 5221">
     <span class='ocr_line' id='line_1_109' title="bbox 2450 5139 4046 5221; baseline -0.011 -15"><span class='ocrx_word' id='word_1_749' title='bbox 2450 5153 2578 5206; x_wconf 75' lang='grc' dir='ltr'>στοῦ</span> <span class='ocrx_word' id='word_1_750' title='bbox 2620 5150 2855 5221; x_wconf 76' lang='grc' dir='ltr'>βιϐλίου,</span> <span class='ocrx_word' id='word_1_751' title='bbox 2887 5148 3230 5217; x_wconf 85' lang='grc' dir='ltr'>παρίσταται</span> <span class='ocrx_word' id='word_1_752' title='bbox 3282 5143 3344 5195; x_wconf 85' lang='grc' dir='ltr'><strong>τδ</strong></span> <span class='ocrx_word' id='word_1_753' title='bbox 3387 5142 3517 5211; x_wconf 60' lang='grc' dir='ltr'><strong>περ)⁸</strong></span> <span class='ocrx_word' id='word_1_754' title='bbox 3550 5140 3803 5209; x_wconf 82' lang='grc' dir='ltr'>μοιχείας</span> <span class='ocrx_word' id='word_1_755' title='bbox 3840 5139 4046 5207; x_wconf 75' lang='grc' dir='ltr'>ἑγκλή-</span> 
     </span>
    </p>
   </div>
   <div class='ocr_carea' id='block_1_110' title="bbox 2452 5233 4045 5318">
    <p class='ocr_par' dir='ltr' id='par_1_110' title="bbox 2452 5233 4045 5318">
     <span class='ocr_line' id='line_1_110' title="bbox 2452 5233 4045 5318; baseline -0.011 -19"><span class='ocrx_word' id='word_1_756' title='bbox 2452 5265 2583 5318; x_wconf 88' lang='grc' dir='ltr'>ματι</span> <span class='ocrx_word' id='word_1_757' title='bbox 2616 5242 2990 5296; x_wconf 82' lang='grc' dir='ltr'>καθίστασθαι</span> <span class='ocrx_word' id='word_1_758' title='bbox 3040 5242 3223 5307; x_wconf 70' lang='grc' dir='ltr'>ἔνοχον</span> <span class='ocrx_word' id='word_1_759' title='bbox 3276 5236 3371 5289; x_wconf 82' lang='grc' dir='ltr'><strong>τδν</strong></span> <span class='ocrx_word' id='word_1_760' title='bbox 3404 5234 3505 5304; x_wconf 77' lang='grc' dir='ltr'>τὴν</span> <span class='ocrx_word' id='word_1_761' title='bbox 3541 5233 3717 5300; x_wconf 82' lang='grc' dir='ltr'>ἑτέρῳ</span> <span class='ocrx_word' id='word_1_762' title='bbox 3761 5248 4045 5300; x_wconf 73' lang='grc' dir='ltr'>μνηστευο</span> 
     </span>
    </p>
   </div>
   <div class='ocr_carea' id='block_1_111' title="bbox 2448 5319 4047 5405">
    <p class='ocr_par' dir='ltr' id='par_1_111' title="bbox 2448 5319 4047 5405">
     <span class='ocr_line' id='line_1_111' title="bbox 2448 5319 4047 5405; baseline -0.014 -13"><span class='ocrx_word' id='word_1_763' title='bbox 2448 5338 2697 5405; x_wconf 80' lang='grc' dir='ltr'>σαμένην</span> <span class='ocrx_word' id='word_1_764' title='bbox 2720 5335 3005 5401; x_wconf 87' lang='grc' dir='ltr'>γήμαντα,</span> <span class='ocrx_word' id='word_1_765' title='bbox 3041 5329 3129 5381; x_wconf 81' lang='grc' dir='ltr'>ὅτε</span> <span class='ocrx_word' id='word_1_766' title='bbox 3165 5326 3262 5379; x_wconf 79' lang='grc' dir='ltr'>καὶ</span> <span class='ocrx_word' id='word_1_767' title='bbox 3296 5327 3328 5394; x_wconf 86' lang='grc' dir='ltr'><strong>ή</strong></span> <span class='ocrx_word' id='word_1_768' title='bbox 3357 5323 3626 5391; x_wconf 80' lang='grc' dir='ltr'>μνηστεία</span> <span class='ocrx_word' id='word_1_769' title='bbox 3659 5324 3806 5390; x_wconf 76' lang='grc' dir='ltr'>μετὰ</span> <span class='ocrx_word' id='word_1_770' title='bbox 3841 5319 4047 5380; x_wconf 67' lang='grc' dir='ltr'>δόσεως</span> 
     </span>
    </p>
   </div>
   <div class='ocr_carea' id='block_1_112' title="bbox 752 5413 4039 5506">
    <p class='ocr_par' dir='ltr' id='par_1_112' title="bbox 752 5413 4039 5506">
     <span class='ocr_line' id='line_1_112' title="bbox 752 5413 4039 5506; baseline -0.006 -20"><span class='ocrx_word' id='word_1_771' title='bbox 752 5434 1058 5506; x_wconf 85' lang='grc' dir='ltr'>προστίμου</span> <span class='ocrx_word' id='word_1_772' title='bbox 1079 5432 1285 5495; x_wconf 85' lang='grc' dir='ltr'>ἑλύετο,</span> <span class='ocrx_word' id='word_1_773' title='bbox 1323 5435 1413 5483; x_wconf 79' lang='grc' dir='ltr'>καὶ</span> <span class='ocrx_word' id='word_1_774' title='bbox 1446 5432 1546 5484; x_wconf 82' lang='grc' dir='ltr'>οὐκ</span> <span class='ocrx_word' id='word_1_775' title='bbox 1576 5428 1642 5501; x_wconf 82' lang='grc' dir='ltr'>ἦν</span> <span class='ocrx_word' id='word_1_776' title='bbox 1678 5430 1995 5498; x_wconf 69' lang='grc' dir='ltr'>ξσοδύνκμος</span> <span class='ocrx_word' id='word_1_777' title='bbox 2025 5430 2102 5499; x_wconf 80' lang='grc' dir='ltr'>τῷ</span> <span class='ocrx_word' id='word_1_778' title='bbox 2130 5432 2293 5499; x_wconf 65' lang='grc' dir='ltr'>γάμῳ</span> <span class='ocrx_word' id='word_1_779' title='bbox 2332 5433 2406 5496; x_wconf 80' lang='grc' dir='ltr'>ὡς</span> <span class='ocrx_word' id='word_1_780' title='bbox 2440 5434 2699 5499; x_wconf 70' lang='grc' dir='ltr'>σήμερον.</span> <span class='ocrx_word' id='word_1_781' title='bbox 2720 5427 2863 5493; x_wconf 76' lang='grc' dir='ltr'>λέγω</span> <span class='ocrx_word' id='word_1_782' title='bbox 2889 5422 2963 5493; x_wconf 83' lang='grc' dir='ltr'>μὴ</span> <span class='ocrx_word' id='word_1_783' title='bbox 3001 5417 3138 5473; x_wconf 82' lang='grc' dir='ltr'>εἶναι</span> <span class='ocrx_word' id='word_1_784' title='bbox 3175 5416 3438 5470; x_wconf 81' lang='grc' dir='ltr'>ἀκίνδυνα</span> <span class='ocrx_word' id='word_1_785' title='bbox 3478 5416 3547 5467; x_wconf 67' lang='grc' dir='ltr'>τὰ</span> <span class='ocrx_word' id='word_1_786' title='bbox 3573 5413 3748 5475; x_wconf 71' lang='grc' dir='ltr'>οὕτως</span> <span class='ocrx_word' id='word_1_787' title='bbox 3782 5416 4039 5481; x_wconf 77' lang='grc' dir='ltr'>ἑγχωρη-</span> 
     </span>
    </p>
   </div>
   <div class='ocr_carea' id='block_1_113' title="bbox 748 5526 2119 5598">
    <p class='ocr_par' dir='ltr' id='par_1_113' title="bbox 748 5526 2119 5598">
     <span class='ocr_line' id='line_1_113' title="bbox 748 5526 2119 5598; baseline -0.002 -15"><span class='ocrx_word' id='word_1_788' title='bbox 748 5530 912 5583; x_wconf 74' lang='grc' dir='ltr'>θέντα</span> <span class='ocrx_word' id='word_1_789' title='bbox 941 5528 1349 5598; x_wconf 79' lang='grc' dir='ltr'>συνεργουμένῃ</span> <span class='ocrx_word' id='word_1_790' title='bbox 1407 5528 1499 5579; x_wconf 74' lang='grc' dir='ltr'>καὶ</span> <span class='ocrx_word' id='word_1_791' title='bbox 1562 5530 1627 5596; x_wconf 78' lang='grc' dir='ltr'>τῇ</span> <span class='ocrx_word' id='word_1_792' title='bbox 1675 5526 1768 5578; x_wconf 75' lang='grc' dir='ltr'><strong>τοῦ</strong></span> <span class='ocrx_word' id='word_1_793' title='bbox 1852 5528 2119 5593; x_wconf 64' lang='grc' dir='ltr'>παρῆντος</span> 
     </span>
    </p>
   </div>
   <div class='ocr_carea' id='block_1_114' title="bbox 833 5716 2347 5786">
    <p class='ocr_par' dir='ltr' id='par_1_114' title="bbox 833 5716 2347 5786">
     <span class='ocr_line' id='line_1_114' title="bbox 833 5716 2347 5786; baseline -0.005 -13"><span class='ocrx_word' id='word_1_794' title='bbox 833 5716 1083 5779; x_wconf 75' lang='lat' dir='ltr'><strong>ZONAR.</strong></span> <span class='ocrx_word' id='word_1_795' title='bbox 1116 5719 1171 5773; x_wconf 82' lang='lat' dir='ltr'><strong>Si</strong></span> <span class='ocrx_word' id='word_1_796' title='bbox 1199 5734 1321 5771; x_wconf 75' lang='lat' dir='ltr'><strong>rum</strong></span> <span class='ocrx_word' id='word_1_797' title='bbox 1351 5736 1446 5773; x_wconf 81' lang='lat' dir='ltr'><strong>sua</strong></span> <span class='ocrx_word' id='word_1_798' title='bbox 1481 5733 1673 5786; x_wconf 78' lang='lat' dir='ltr'><strong>sponsa</strong></span> <span class='ocrx_word' id='word_1_799' title='bbox 1708 5718 1879 5771; x_wconf 80' lang='lat' dir='ltr'><strong>lector</strong></span> <span class='ocrx_word' id='word_1_800' title='bbox 1934 5732 2044 5768; x_wconf 77' lang='lat' dir='ltr'><strong>rem</strong></span> <span class='ocrx_word' id='word_1_801' title='bbox 2096 5716 2347 5769; x_wconf 60' lang='lat' dir='ltr'><strong>habuerit</strong></span> 
     </span>
    </p>
   </div>
   <div class='ocr_carea' id='block_1_115' title="bbox 770 5810 2351 5881">
    <p class='ocr_par' dir='ltr' id='par_1_115' title="bbox 770 5810 2351 5881">
     <span class='ocr_line' id='line_1_115' title="bbox 770 5810 2351 5881; baseline -0.001 -18"><span class='ocrx_word' id='word_1_802' title='bbox 770 5821 898 5864; x_wconf 79' lang='lat' dir='ltr'><strong>ante</strong></span> <span class='ocrx_word' id='word_1_803' title='bbox 930 5813 1356 5881; x_wconf 82' lang='lat' dir='ltr'><strong>matrimonium,</strong></span> <span class='ocrx_word' id='word_1_804' title='bbox 1396 5815 1559 5869; x_wconf 61' lang='lat' dir='ltr'><strong>ctiam</strong></span> <span class='ocrx_word' id='word_1_805' title='bbox 1594 5813 1805 5867; x_wconf 74' lang='lat' dir='ltr'><strong>volente</strong></span> <span class='ocrx_word' id='word_1_806' title='bbox 1851 5811 1937 5864; x_wconf 79' lang='lat' dir='ltr'><strong>illa</strong></span> <span class='ocrx_word' id='word_1_807' title='bbox 2001 5812 2073 5878; x_wconf 75' lang='lat' dir='ltr'><strong>(id</strong></span> <span class='ocrx_word' id='word_1_808' title='bbox 2103 5813 2245 5863; x_wconf 66' lang='lat' dir='ltr'><strong>enim</strong></span> <span class='ocrx_word' id='word_1_809' title='bbox 2280 5810 2351 5862; x_wconf 82' lang='lat' dir='ltr'><strong>si-</strong></span> 
     </span>
    </p>
   </div>
   <div class='ocr_carea' id='block_1_116' title="bbox 2203 5527 2704 5593">
    <p class='ocr_par' dir='ltr' id='par_1_116' title="bbox 2203 5527 2704 5593">
     <span class='ocr_line' id='line_1_116' title="bbox 2203 5527 2704 5593; baseline -0.008 -15"><span class='ocrx_word' id='word_1_810' title='bbox 2203 5545 2271 5578; x_wconf 86' lang='grc' dir='ltr'><strong>κα</strong></span> <span class='ocrx_word' id='word_1_811' title='bbox 2288 5530 2425 5591; x_wconf 62' lang='lat' dir='ltr'><strong>rivo;</strong></span> <span class='ocrx_word' id='word_1_812' title='bbox 2454 5527 2704 5593; x_wconf 80' lang='grc' dir='ltr'>δυνάμει.</span> 
     </span>
    </p>
   </div>
   <div class='ocr_carea' id='block_1_117' title="bbox 2531 5692 4041 5770">
    <p class='ocr_par' dir='ltr' id='par_1_117' title="bbox 2531 5692 4041 5770">
     <span class='ocr_line' id='line_1_117' title="bbox 2531 5692 4041 5770; baseline -0.017 -5"><span class='ocrx_word' id='word_1_813' title='bbox 2531 5708 2769 5767; x_wconf 58' lang='grc' dir='ltr'><strong>ΖΩΝΛΡ.</strong></span> <span class='ocrx_word' id='word_1_814' title='bbox 2835 5706 2961 5759; x_wconf 74' lang='grc' dir='ltr'>Ἐὰν</span> <span class='ocrx_word' id='word_1_815' title='bbox 3026 5705 3090 5770; x_wconf 77' lang='grc' dir='ltr'><strong>τῇ</strong></span> <span class='ocrx_word' id='word_1_816' title='bbox 3162 5699 3343 5767; x_wconf 64' lang='grc' dir='ltr'>οἰκείᾳ.</span> <span class='ocrx_word' id='word_1_817' title='bbox 3402 5698 3613 5765; x_wconf 68' lang='grc' dir='ltr'>μνηστῇ</span> <span class='ocrx_word' id='word_1_818' title='bbox 3681 5692 4041 5757; x_wconf 58' lang='grc' dir='ltr'>ἀναγνῶτε-ἴῃς</span> 
     </span>
    </p>
   </div>
   <div class='ocr_carea' id='block_1_118' title="bbox 2463 5786 4040 5874">
    <p class='ocr_par' dir='ltr' id='par_1_118' title="bbox 2463 5786 4040 5874">
     <span class='ocr_line' id='line_1_118' title="bbox 2463 5786 4040 5874; baseline -0.013 0"><span class='ocrx_word' id='word_1_819' title='bbox 2463 5804 2628 5874; x_wconf 51' lang='lat' dir='ltr'><strong>tit/9ft</strong></span> <span class='ocrx_word' id='word_1_820' title='bbox 2670 5802 2770 5871; x_wconf 71' lang='grc' dir='ltr'>πρ³ι</span> <span class='ocrx_word' id='word_1_821' title='bbox 2800 5798 2891 5851; x_wconf 63' lang='grc' dir='ltr'><strong>τ’λῦ</strong></span> <span class='ocrx_word' id='word_1_822' title='bbox 2925 5801 3121 5865; x_wconf 70' lang='grc' dir='ltr'>γάμου,</span> <span class='ocrx_word' id='word_1_823' title='bbox 3160 5794 3417 5854; x_wconf 72' lang='grc' dir='ltr'>κάκείνης</span> <span class='ocrx_word' id='word_1_824' title='bbox 3446 5788 3705 5853; x_wconf 56' lang='grc' dir='ltr'><strong>Θελνώπης</strong></span> <span class='ocrx_word' id='word_1_825' title='bbox 3733 5786 3915 5854; x_wconf 63' lang='grc' dir='ltr'><strong>(τ’πδτν</strong></span> <span class='ocrx_word' id='word_1_826' title='bbox 3938 5787 4040 5847; x_wconf 50' lang='grc' dir='ltr'>τδρ</span> 
     </span>
    </p>
   </div>
  </div>
