  <div class='ocr_page' id='page_1' title='image "/cluster/home/n/w/nwhite01/storage/ocr_20150623/138/nnc1.0046980083/392.png"; bbox 0 0 4234 6450; ppageno 0'>
   <div class='ocr_carea' id='block_1_1' title="bbox 263 383 368 446">
    <p class='ocr_par' dir='ltr' id='par_1_1' title="bbox 263 383 368 446">
     <span class='ocr_line' id='line_1_1' title="bbox 263 383 368 446; baseline 0 -1"><span class='ocrx_word' id='word_1_1' title='bbox 263 383 368 446; x_wconf 78' lang='lat'><strong>769</strong></span> 
     </span>
    </p>
   </div>
   <div class='ocr_carea' id='block_1_2' title="bbox 1218 376 2630 441">
    <p class='ocr_par' dir='ltr' id='par_1_2' title="bbox 1218 376 2630 441">
     <span class='ocr_line' id='line_1_2' title="bbox 1218 376 2630 441; baseline -0.004 -1"><span class='ocrx_word' id='word_1_2' title='bbox 1218 382 1298 441; x_wconf 82' lang='grc' dir='ltr'><strong>ΙΝ</strong></span> <span class='ocrx_word' id='word_1_3' title='bbox 1340 381 1577 441; x_wconf 77' lang='lat' dir='ltr'><strong>EPIST.</strong></span> <span class='ocrx_word' id='word_1_4' title='bbox 1627 384 1686 441; x_wconf 68' lang='grc' dir='ltr'>ει.</span> <span class='ocrx_word' id='word_1_5' title='bbox 1728 378 2007 438; x_wconf 76' lang='lat' dir='ltr'><strong>BASILII</strong></span> <span class='ocrx_word' id='word_1_6' title='bbox 2046 376 2478 437; x_wconf 67' lang='lat' dir='ltr'><strong>CANOXICAM</strong></span> <span class='ocrx_word' id='word_1_7' title='bbox 2514 376 2630 434; x_wconf 87' lang='lat' dir='ltr'><strong>lli.</strong></span> 
     </span>
    </p>
   </div>
   <div class='ocr_carea' id='block_1_3' title="bbox 3408 382 3512 446">
    <p class='ocr_par' dir='ltr' id='par_1_3' title="bbox 3408 382 3512 446">
     <span class='ocr_line' id='line_1_3' title="bbox 3408 382 3512 446; baseline 0.019 -2"><span class='ocrx_word' id='word_1_8' title='bbox 3408 382 3512 446; x_wconf 78' lang='lat'><strong>770</strong></span> 
     </span>
    </p>
   </div>
   <div class='ocr_carea' id='block_1_4' title="bbox 265 481 1841 562">
    <p class='ocr_par' dir='ltr' id='par_1_4' title="bbox 265 481 1838 562">
     <span class='ocr_line' id='line_1_4' title="bbox 265 481 1838 562; baseline -0.006 -16"><span class='ocrx_word' id='word_1_9' title='bbox 265 493 422 562; x_wconf 82' lang='grc' dir='ltr'>δηλοῖ</span> <span class='ocrx_word' id='word_1_10' title='bbox 450 492 536 561; x_wconf 82' lang='grc' dir='ltr'>τὸ,</span> <span class='ocrx_word' id='word_1_11' title='bbox 558 490 929 558; x_wconf 77' lang='grc' dir='ltr'>συναλλάξει),</span> <span class='ocrx_word' id='word_1_12' title='bbox 953 490 1200 545; x_wconf 72' lang='grc' dir='ltr'>ινιαυτὸν</span> <span class='ocrx_word' id='word_1_13' title='bbox 1226 488 1569 560; x_wconf 75' lang='grc' dir='ltr'>ἀφορίζεται,</span> <span class='ocrx_word' id='word_1_14' title='bbox 1608 481 1724 539; x_wconf 77' lang='grc' dir='ltr'>εἶτα</span> <span class='ocrx_word' id='word_1_15' title='bbox 1753 487 1838 539; x_wconf 80' lang='grc' dir='ltr'><strong>δέ·</strong></span> 
     </span>
    </p>
   </div>
   <div class='ocr_carea' id='block_1_5' title="bbox 1946 481 3519 562">
    <p class='ocr_par' dir='ltr' id='par_1_5' title="bbox 1946 481 3519 560">
     <span class='ocr_line' id='line_1_5' title="bbox 1946 481 3519 560; baseline 0.007 -25"><span class='ocrx_word' id='word_1_16' title='bbox 1946 484 2159 553; x_wconf 74' lang='lat' dir='ltr'><strong>gnilit-at</strong></span> <span class='ocrx_word' id='word_1_17' title='bbox 2187 484 2406 538; x_wconf 79' lang='lat' dir='ltr'><strong>verbum</strong></span> <span class='ocrx_word' id='word_1_18' title='bbox 2442 482 2574 536; x_wconf 90' lang='lat' dir='ltr'><strong>illud</strong></span> <span class='ocrx_word' id='word_1_19' title='bbox 2610 481 2948 552; x_wconf 77' lang='grc' dir='ltr'>συναλλάξει)</span> <span class='ocrx_word' id='word_1_20' title='bbox 2997 499 3105 538; x_wconf 86' lang='lat' dir='ltr'><strong>uno</strong></span> <span class='ocrx_word' id='word_1_21' title='bbox 3149 501 3291 542; x_wconf 82' lang='lat' dir='ltr'><strong>anno</strong></span> <span class='ocrx_word' id='word_1_22' title='bbox 3335 503 3519 560; x_wconf 70' lang='lat' dir='ltr'><strong>segre-</strong></span> 
     </span>
    </p>
   </div>
   <div class='ocr_carea' id='block_1_6' title="bbox 263 578 1839 653">
    <p class='ocr_par' dir='ltr' id='par_1_6' title="bbox 263 578 1839 653">
     <span class='ocr_line' id='line_1_6' title="bbox 263 578 1839 653; baseline -0.003 -18"><span class='ocrx_word' id='word_1_23' title='bbox 263 600 423 653; x_wconf 83' lang='grc' dir='ltr'>χεται</span> <span class='ocrx_word' id='word_1_24' title='bbox 518 584 592 653; x_wconf 76' lang='grc' dir='ltr'><strong>μή</strong></span> <span class='ocrx_word' id='word_1_25' title='bbox 644 582 1118 652; x_wconf 74' lang='grc' dir='ltr'>προόιόαζόμενος</span> <span class='ocrx_word' id='word_1_26' title='bbox 1189 583 1268 643; x_wconf 85' lang='grc' dir='ltr'><strong>είς</strong></span> <span class='ocrx_word' id='word_1_27' title='bbox 1321 579 1547 651; x_wconf 80' lang='grc' dir='ltr'>μείζονα</span> <span class='ocrx_word' id='word_1_28' title='bbox 1609 578 1839 649; x_wconf 88' lang='grc' dir='ltr'>βαθμόν.</span> 
     </span>
    </p>
   </div>
   <div class='ocr_carea' id='block_1_7' title="bbox 277 667 1842 744">
    <p class='ocr_par' dir='ltr' id='par_1_7' title="bbox 277 667 1842 744">
     <span class='ocr_line' id='line_1_7' title="bbox 277 667 1842 744; baseline -0.004 -19"><span class='ocrx_word' id='word_1_29' title='bbox 277 674 405 726; x_wconf 81' lang='grc' dir='ltr'><strong>Ἐὰν</strong></span> <span class='ocrx_word' id='word_1_30' title='bbox 433 674 489 727; x_wconf 68' lang='grc' dir='ltr'><strong>δὲ</strong></span> <span class='ocrx_word' id='word_1_31' title='bbox 533 674 659 728; x_wconf 73' lang='grc' dir='ltr'>ἀνευ</span> <span class='ocrx_word' id='word_1_32' title='bbox 672 673 967 744; x_wconf 77' lang='grc' dir='ltr'><strong>μνηστείας</strong></span> <span class='ocrx_word' id='word_1_33' title='bbox 1013 671 1243 741; x_wconf 82' lang='grc' dir='ltr'>συνέλθῃ</span> <span class='ocrx_word' id='word_1_34' title='bbox 1261 669 1505 739; x_wconf 72' lang='grc' dir='ltr'>γυναικὶ,</span> <span class='ocrx_word' id='word_1_35' title='bbox 1529 667 1633 722; x_wconf 73' lang='grc' dir='ltr'><strong>κᾶν</strong></span> <span class='ocrx_word' id='word_1_36' title='bbox 1650 667 1842 736; x_wconf 78' lang='grc' dir='ltr'><strong>λόγους</strong></span> 
     </span>
    </p>
   </div>
   <div class='ocr_carea' id='block_1_8' title="bbox 263 762 1842 835">
    <p class='ocr_par' dir='ltr' id='par_1_8' title="bbox 263 762 1842 835">
     <span class='ocr_line' id='line_1_8' title="bbox 263 762 1842 835; baseline -0.003 -18"><span class='ocrx_word' id='word_1_37' title='bbox 263 767 398 827; x_wconf 71' lang='grc' dir='ltr'>ἴσως</span> <span class='ocrx_word' id='word_1_38' title='bbox 438 768 676 819; x_wconf 72' lang='grc' dir='ltr'>έποιείτο</span> <span class='ocrx_word' id='word_1_39' title='bbox 714 766 833 835; x_wconf 79' lang='grc' dir='ltr'>μετ’</span> <span class='ocrx_word' id='word_1_40' title='bbox 873 764 1071 833; x_wconf 79' lang='grc' dir='ltr'>αὐτῆς,</span> <span class='ocrx_word' id='word_1_41' title='bbox 1116 764 1257 817; x_wconf 85' lang='grc' dir='ltr'>ὥστε</span> <span class='ocrx_word' id='word_1_42' title='bbox 1299 763 1488 815; x_wconf 79' lang='grc' dir='ltr'>λασεῐν</span> <span class='ocrx_word' id='word_1_43' title='bbox 1530 762 1703 829; x_wconf 81' lang='grc' dir='ltr'>αὐτὴν</span> <span class='ocrx_word' id='word_1_44' title='bbox 1762 764 1842 823; x_wconf 81' lang='grc' dir='ltr'>εἰς</span> 
     </span>
    </p>
   </div>
   <div class='ocr_carea' id='block_1_9' title="bbox 263 851 1840 923">
    <p class='ocr_par' dir='ltr' id='par_1_9' title="bbox 263 851 1840 923">
     <span class='ocr_line' id='line_1_9' title="bbox 263 851 1840 923; baseline -0.002 -18"><span class='ocrx_word' id='word_1_45' title='bbox 263 857 523 919; x_wconf 83' lang='grc' dir='ltr'>γυναῖκα,</span> <span class='ocrx_word' id='word_1_46' title='bbox 556 855 658 908; x_wconf 77' lang='grc' dir='ltr'><strong>κᾶν</strong></span> <span class='ocrx_word' id='word_1_47' title='bbox 688 854 963 923; x_wconf 76' lang='grc' dir='ltr'>συνεζύγη</span> <span class='ocrx_word' id='word_1_48' title='bbox 994 853 1133 923; x_wconf 74' lang='grc' dir='ltr'>αὐτῇ</span> <span class='ocrx_word' id='word_1_49' title='bbox 1164 852 1306 923; x_wconf 71' lang='grc' dir='ltr'>μετὰ</span> <span class='ocrx_word' id='word_1_50' title='bbox 1341 852 1542 912; x_wconf 81' lang='grc' dir='ltr'>ταῦτα,</span> <span class='ocrx_word' id='word_1_51' title='bbox 1578 851 1840 904; x_wconf 60' lang='grc' dir='ltr'>ἐκπίπτει</span> 
     </span>
    </p>
   </div>
   <div class='ocr_carea' id='block_1_10' title="bbox 263 942 1845 1014">
    <p class='ocr_par' dir='ltr' id='par_1_10' title="bbox 263 942 1845 1014">
     <span class='ocr_line' id='line_1_10' title="bbox 263 942 1845 1014; baseline -0.001 -19"><span class='ocrx_word' id='word_1_52' title='bbox 263 945 367 1013; x_wconf 80' lang='grc' dir='ltr'>τῆς</span> <span class='ocrx_word' id='word_1_53' title='bbox 394 945 723 1014; x_wconf 82' lang='grc' dir='ltr'>ὑπηρεσίας.</span> <span class='ocrx_word' id='word_1_54' title='bbox 785 945 859 997; x_wconf 78' lang='grc' dir='ltr'>Τὸ</span> <span class='ocrx_word' id='word_1_55' title='bbox 891 946 1023 998; x_wconf 74' lang='grc' dir='ltr'>αὐτὸ</span> <span class='ocrx_word' id='word_1_56' title='bbox 1046 946 1104 998; x_wconf 85' lang='grc' dir='ltr'>δέ</span> <span class='ocrx_word' id='word_1_57' title='bbox 1150 961 1285 1013; x_wconf 83' lang='grc' dir='ltr'>φησι</span> <span class='ocrx_word' id='word_1_58' title='bbox 1347 945 1442 996; x_wconf 76' lang='grc' dir='ltr'>καὶ</span> <span class='ocrx_word' id='word_1_59' title='bbox 1474 944 1603 1014; x_wconf 81' lang='grc' dir='ltr'>περὶ</span> <span class='ocrx_word' id='word_1_60' title='bbox 1635 942 1845 1012; x_wconf 75' lang='grc' dir='ltr'>ὑπηρέ-</span> 
     </span>
    </p>
   </div>
   <div class='ocr_carea' id='block_1_11' title="bbox 261 1034 1845 1104">
    <p class='ocr_par' dir='ltr' id='par_1_11' title="bbox 261 1034 1845 1104">
     <span class='ocr_line' id='line_1_11' title="bbox 261 1034 1845 1104; baseline -0.002 -17"><span class='ocrx_word' id='word_1_61' title='bbox 261 1051 382 1099; x_wconf 86' lang='grc' dir='ltr'>του,</span> <span class='ocrx_word' id='word_1_62' title='bbox 444 1036 615 1104; x_wconf 81' lang='grc' dir='ltr'>ήγουν</span> <span class='ocrx_word' id='word_1_63' title='bbox 668 1036 1054 1090; x_wconf 84' lang='grc' dir='ltr'>ὑποδιακόνου.</span> <span class='ocrx_word' id='word_1_64' title='bbox 1108 1035 1253 1104; x_wconf 82' lang='grc' dir='ltr'>Πρὸς</span> <span class='ocrx_word' id='word_1_65' title='bbox 1303 1034 1362 1087; x_wconf 72' lang='grc' dir='ltr'>δι</span> <span class='ocrx_word' id='word_1_66' title='bbox 1406 1034 1468 1086; x_wconf 80' lang='grc' dir='ltr'>τὸ</span> <span class='ocrx_word' id='word_1_67' title='bbox 1534 1034 1593 1087; x_wconf 77' lang='grc' dir='ltr'><strong>έν</strong></span> <span class='ocrx_word' id='word_1_68' title='bbox 1636 1034 1845 1101; x_wconf 79' lang='grc' dir='ltr'>φάκτον</span> 
     </span>
    </p>
   </div>
   <div class='ocr_carea' id='block_1_12' title="bbox 258 1121 1845 1195">
    <p class='ocr_par' dir='ltr' id='par_1_12' title="bbox 258 1121 1845 1195">
     <span class='ocr_line' id='line_1_12' title="bbox 258 1121 1845 1195; baseline -0.003 -17"><span class='ocrx_word' id='word_1_69' title='bbox 258 1125 553 1178; x_wconf 74' lang='grc' dir='ltr'><strong>ἀποδοτέον</strong></span> <span class='ocrx_word' id='word_1_70' title='bbox 578 1126 641 1178; x_wconf 83' lang='grc' dir='ltr'>τὸ</span> <span class='ocrx_word' id='word_1_71' title='bbox 673 1126 805 1195; x_wconf 74' lang='grc' dir='ltr'>περὶ</span> <span class='ocrx_word' id='word_1_72' title='bbox 841 1123 935 1177; x_wconf 82' lang='grc' dir='ltr'>τοῦ</span> <span class='ocrx_word' id='word_1_73' title='bbox 964 1124 1346 1189; x_wconf 81' lang='grc' dir='ltr'>ὑποδιακόνου,</span> <span class='ocrx_word' id='word_1_74' title='bbox 1398 1126 1570 1194; x_wconf 80' lang='grc' dir='ltr'>ήγουν</span> <span class='ocrx_word' id='word_1_75' title='bbox 1600 1125 1662 1176; x_wconf 80' lang='grc' dir='ltr'>τὸ</span> <span class='ocrx_word' id='word_1_76' title='bbox 1688 1121 1845 1177; x_wconf 71' lang='grc' dir='ltr'>έκπί-</span> 
     </span>
    </p>
   </div>
   <div class='ocr_carea' id='block_1_13' title="bbox 258 1213 1843 1285">
    <p class='ocr_par' dir='ltr' id='par_1_13' title="bbox 258 1213 1843 1285">
     <span class='ocr_line' id='line_1_13' title="bbox 258 1213 1843 1285; baseline 0.001 -19"><span class='ocrx_word' id='word_1_77' title='bbox 258 1230 420 1268; x_wconf 76' lang='grc' dir='ltr'>πτειν</span> <span class='ocrx_word' id='word_1_78' title='bbox 448 1215 609 1267; x_wconf 77' lang='grc' dir='ltr'>αὑτὸν</span> <span class='ocrx_word' id='word_1_79' title='bbox 632 1213 731 1283; x_wconf 81' lang='grc' dir='ltr'>τῆς</span> <span class='ocrx_word' id='word_1_80' title='bbox 754 1214 1055 1284; x_wconf 72' lang='grc' dir='ltr'><strong>ὑπηρεσίας</strong></span> <span class='ocrx_word' id='word_1_81' title='bbox 1087 1215 1601 1285; x_wconf 84' lang='grc' dir='ltr'>κλεψιγαμήσαντα.</span> <span class='ocrx_word' id='word_1_82' title='bbox 1629 1216 1705 1269; x_wconf 82' lang='grc' dir='ltr'><strong>Οὐ</strong></span> <span class='ocrx_word' id='word_1_83' title='bbox 1732 1214 1843 1285; x_wconf 78' lang='grc' dir='ltr'>γὰρ</span> 
     </span>
    </p>
   </div>
   <div class='ocr_carea' id='block_1_14' title="bbox 256 1305 1843 1379">
    <p class='ocr_par' dir='ltr' id='par_1_14' title="bbox 256 1305 1843 1379">
     <span class='ocr_line' id='line_1_14' title="bbox 256 1305 1843 1379; baseline -0.001 -19"><span class='ocrx_word' id='word_1_84' title='bbox 256 1309 475 1375; x_wconf 78' lang='grc' dir='ltr'>ιφεῐται</span> <span class='ocrx_word' id='word_1_85' title='bbox 499 1305 842 1377; x_wconf 78' lang='grc' dir='ltr'>ὐποδιακόνῳ</span> <span class='ocrx_word' id='word_1_86' title='bbox 870 1308 1008 1377; x_wconf 81' lang='grc' dir='ltr'>μετὰ</span> <span class='ocrx_word' id='word_1_87' title='bbox 1032 1307 1133 1378; x_wconf 80' lang='grc' dir='ltr'>τὴν</span> <span class='ocrx_word' id='word_1_88' title='bbox 1172 1307 1526 1379; x_wconf 70' lang='grc' dir='ltr'><strong>χειροθεσίαν</strong></span> <span class='ocrx_word' id='word_1_89' title='bbox 1573 1309 1843 1375; x_wconf 79' lang='grc' dir='ltr'>γυναῖκας</span> 
     </span>
    </p>
   </div>
   <div class='ocr_carea' id='block_1_15' title="bbox 264 1395 1843 1467">
    <p class='ocr_par' dir='ltr' id='par_1_15' title="bbox 264 1395 1843 1467">
     <span class='ocr_line' id='line_1_15' title="bbox 264 1395 1843 1467; baseline -0.001 -18"><span class='ocrx_word' id='word_1_90' title='bbox 264 1395 680 1467; x_wconf 84' lang='grc' dir='ltr'>μνηστεύεσθαι</span> <span class='ocrx_word' id='word_1_91' title='bbox 708 1398 804 1451; x_wconf 75' lang='grc' dir='ltr'>καὶ</span> <span class='ocrx_word' id='word_1_92' title='bbox 834 1398 1014 1465; x_wconf 84' lang='grc' dir='ltr'>γάμον</span> <span class='ocrx_word' id='word_1_93' title='bbox 1050 1398 1470 1452; x_wconf 81' lang='grc' dir='ltr'>συναλλάσσειν,</span> <span class='ocrx_word' id='word_1_94' title='bbox 1505 1398 1643 1467; x_wconf 63' lang='grc' dir='ltr'>φησὶ</span> <span class='ocrx_word' id='word_1_95' title='bbox 1670 1396 1780 1465; x_wconf 72' lang='grc' dir='ltr'><strong>γὰρ</strong></span> <span class='ocrx_word' id='word_1_96' title='bbox 1814 1396 1843 1447; x_wconf 87' lang='grc' dir='ltr'><strong>ό</strong></span> 
     </span>
    </p>
   </div>
   <div class='ocr_carea' id='block_1_16' title="bbox 264 1485 1844 1551">
    <p class='ocr_par' dir='ltr' id='par_1_16' title="bbox 264 1485 1844 1551">
     <span class='ocr_line' id='line_1_16' title="bbox 264 1485 1844 1551; baseline 0 -14"><span class='ocrx_word' id='word_1_97' title='bbox 264 1486 378 1538; x_wconf 82' lang='grc' dir='ltr'>τῶν</span> <span class='ocrx_word' id='word_1_98' title='bbox 410 1485 583 1551; x_wconf 76' lang='grc' dir='ltr'>ἁγίων</span> <span class='ocrx_word' id='word_1_99' title='bbox 642 1485 963 1539; x_wconf 81' lang='grc' dir='ltr'><strong>ἀποστόλων</strong></span> <span class='ocrx_word' id='word_1_100' title='bbox 996 1485 1177 1539; x_wconf 86' lang='grc' dir='ltr'>κανὼν</span> <span class='ocrx_word' id='word_1_101' title='bbox 1220 1493 1315 1550; x_wconf 64' lang='lat' dir='ltr'><strong>ut,“</strong></span> <span class='ocrx_word' id='word_1_102' title='bbox 1365 1485 1542 1540; x_wconf 83' lang='grc' dir='ltr'>ταῦτα</span> <span class='ocrx_word' id='word_1_103' title='bbox 1562 1501 1578 1517; x_wconf 80' lang='grc'><em>’</em></span> <span class='ocrx_word' id='word_1_104' title='bbox 1606 1486 1728 1538; x_wconf 84' lang='grc' dir='ltr'><strong>Τῶν</strong></span> <span class='ocrx_word' id='word_1_105' title='bbox 1761 1486 1844 1549; x_wconf 84' lang='grc' dir='ltr'><strong>είς</strong></span> 
     </span>
    </p>
   </div>
   <div class='ocr_carea' id='block_1_17' title="bbox 259 1576 1845 1647">
    <p class='ocr_par' dir='ltr' id='par_1_17' title="bbox 259 1576 1845 1647">
     <span class='ocr_line' id='line_1_17' title="bbox 259 1576 1845 1647; baseline 0.001 -20"><span class='ocrx_word' id='word_1_106' title='bbox 259 1576 466 1647; x_wconf 83' lang='grc' dir='ltr'>κλῆρον</span> <span class='ocrx_word' id='word_1_107' title='bbox 498 1576 877 1641; x_wconf 80' lang='grc' dir='ltr'><strong>προελθόντων</strong></span> <span class='ocrx_word' id='word_1_108' title='bbox 906 1578 1142 1647; x_wconf 78' lang='grc' dir='ltr'><strong>ἀγάμων</strong></span> <span class='ocrx_word' id='word_1_109' title='bbox 1166 1578 1466 1647; x_wconf 72' lang='grc' dir='ltr'><strong>κελεύομεν</strong></span> <span class='ocrx_word' id='word_1_110' title='bbox 1482 1576 1845 1647; x_wconf 69' lang='grc' dir='ltr'>βουλομένους</span> 
     </span>
    </p>
   </div>
   <div class='ocr_carea' id='block_1_18' title="bbox 256 1668 1843 1741">
    <p class='ocr_par' dir='ltr' id='par_1_18' title="bbox 256 1668 1843 1741">
     <span class='ocr_line' id='line_1_18' title="bbox 256 1668 1843 1741; baseline 0 -20"><span class='ocrx_word' id='word_1_111' title='bbox 256 1671 463 1739; x_wconf 81' lang='grc' dir='ltr'>γαμεῖν</span> <span class='ocrx_word' id='word_1_112' title='bbox 491 1668 856 1737; x_wconf 78' lang='grc' dir='ltr'><strong>ἀναγνώστας</strong></span> <span class='ocrx_word' id='word_1_113' title='bbox 881 1671 977 1723; x_wconf 71' lang='grc' dir='ltr'>καὶ</span> <span class='ocrx_word' id='word_1_114' title='bbox 1026 1670 1240 1740; x_wconf 79' lang='grc' dir='ltr'>ψάλτας</span> <span class='ocrx_word' id='word_1_115' title='bbox 1291 1670 1480 1741; x_wconf 88' lang='grc' dir='ltr'>μόνον.</span> <span class='ocrx_word' id='word_1_116' title='bbox 1532 1672 1597 1724; x_wconf 82' lang='lat' dir='ltr'><strong>El</strong></span> <span class='ocrx_word' id='word_1_117' title='bbox 1652 1670 1711 1724; x_wconf 80' lang='grc' dir='ltr'>δέ</span> <span class='ocrx_word' id='word_1_118' title='bbox 1756 1686 1843 1732; x_wconf 83' lang='grc' dir='ltr'><strong>τις</strong></span> 
     </span>
    </p>
   </div>
   <div class='ocr_carea' id='block_1_19' title="bbox 259 1764 1842 1837">
    <p class='ocr_par' dir='ltr' id='par_1_19' title="bbox 259 1764 1842 1837">
     <span class='ocr_line' id='line_1_19' title="bbox 259 1764 1842 1837; baseline 0 -20"><span class='ocrx_word' id='word_1_119' title='bbox 259 1764 691 1836; x_wconf 78' lang='grc' dir='ltr'>κλεψιγαμήσας</span> <span class='ocrx_word' id='word_1_120' title='bbox 720 1766 865 1833; x_wconf 83' lang='grc' dir='ltr'>μετὰ</span> <span class='ocrx_word' id='word_1_121' title='bbox 900 1764 1071 1819; x_wconf 85' lang='grc' dir='ltr'>ταῦτα</span> <span class='ocrx_word' id='word_1_122' title='bbox 1097 1765 1386 1837; x_wconf 76' lang='grc' dir='ltr'>ὑπηρέτης</span> <span class='ocrx_word' id='word_1_123' title='bbox 1428 1768 1677 1835; x_wconf 78' lang='grc' dir='ltr'>γέγονεν,</span> <span class='ocrx_word' id='word_1_124' title='bbox 1705 1764 1842 1829; x_wconf 66' lang='grc' dir='ltr'><strong>ἔξω·</strong></span> 
     </span>
    </p>
   </div>
   <div class='ocr_carea' id='block_1_20' title="bbox 1946 573 3517 647">
    <p class='ocr_par' dir='ltr' id='par_1_20' title="bbox 1946 573 3517 647">
     <span class='ocr_line' id='line_1_20' title="bbox 1946 573 3517 647; baseline 0.006 -21"><span class='ocrx_word' id='word_1_125' title='bbox 1946 584 2104 645; x_wconf 76' lang='lat' dir='ltr'><strong>gatus</strong></span> <span class='ocrx_word' id='word_1_126' title='bbox 2132 590 2253 628; x_wconf 79' lang='lat' dir='ltr'><strong>mox</strong></span> <span class='ocrx_word' id='word_1_127' title='bbox 2290 574 2616 637; x_wconf 83' lang='lat' dir='ltr'><strong>admittitur,</strong></span> <span class='ocrx_word' id='word_1_128' title='bbox 2651 573 2716 629; x_wconf 86' lang='lat' dir='ltr'><strong>ad</strong></span> <span class='ocrx_word' id='word_1_129' title='bbox 2756 576 3012 644; x_wconf 85' lang='lat' dir='ltr'><strong>majorem</strong></span> <span class='ocrx_word' id='word_1_130' title='bbox 3048 578 3272 645; x_wconf 69' lang='lat' dir='ltr'><strong>gradum</strong></span> <span class='ocrx_word' id='word_1_131' title='bbox 3313 595 3517 647; x_wconf 88' lang='lat' dir='ltr'><strong>nequa-</strong></span> 
     </span>
    </p>
   </div>
   <div class='ocr_carea' id='block_1_21' title="bbox 1943 663 3517 737">
    <p class='ocr_par' dir='ltr' id='par_1_21' title="bbox 1943 663 3517 737">
     <span class='ocr_line' id='line_1_21' title="bbox 1943 663 3517 737; baseline 0.004 -18"><span class='ocrx_word' id='word_1_132' title='bbox 1943 682 2105 735; x_wconf 84' lang='lat' dir='ltr'><strong>quam</strong></span> <span class='ocrx_word' id='word_1_133' title='bbox 2134 668 2553 735; x_wconf 87' lang='lat' dir='ltr'><strong>promovendns.</strong></span> <span class='ocrx_word' id='word_1_134' title='bbox 2586 663 2736 731; x_wconf 84' lang='lat' dir='ltr'><strong>Quod</strong></span> <span class='ocrx_word' id='word_1_135' title='bbox 2772 666 2816 721; x_wconf 84' lang='lat' dir='ltr'><strong>si</strong></span> <span class='ocrx_word' id='word_1_136' title='bbox 2862 666 3065 733; x_wconf 80' lang='lat' dir='ltr'><strong>absque</strong></span> <span class='ocrx_word' id='word_1_137' title='bbox 3099 670 3517 737; x_wconf 84' lang='lat' dir='ltr'><strong>desponsatione</strong></span> 
     </span>
    </p>
   </div>
   <div class='ocr_carea' id='block_1_22' title="bbox 1945 742 3513 825">
    <p class='ocr_par' dir='ltr' id='par_1_22' title="bbox 1945 742 3513 825">
     <span class='ocr_line' id='line_1_22' title="bbox 1945 742 3513 825; baseline 0.003 -15"><span class='ocrx_word' id='word_1_138' title='bbox 1945 771 2067 810; x_wconf 89' lang='lat' dir='ltr'><strong>cum</strong></span> <span class='ocrx_word' id='word_1_139' title='bbox 2100 757 2328 811; x_wconf 86' lang='lat' dir='ltr'><strong>muliere</strong></span> <span class='ocrx_word' id='word_1_140' title='bbox 2357 742 2765 825; x_wconf 67' lang='lat' dir='ltr'><strong>congredimur,</strong></span> <span class='ocrx_word' id='word_1_141' title='bbox 2801 765 2855 810; x_wconf 91' lang='lat' dir='ltr'><strong>et</strong></span> <span class='ocrx_word' id='word_1_142' title='bbox 2897 756 2942 811; x_wconf 86' lang='lat' dir='ltr'><strong>si</strong></span> <span class='ocrx_word' id='word_1_143' title='bbox 2981 756 3118 811; x_wconf 80' lang='lat' dir='ltr'><strong>forte</strong></span> <span class='ocrx_word' id='word_1_144' title='bbox 3153 759 3220 812; x_wconf 89' lang='lat' dir='ltr'><strong>de</strong></span> <span class='ocrx_word' id='word_1_145' title='bbox 3270 761 3357 813; x_wconf 88' lang='lat' dir='ltr'><strong>illa</strong></span> <span class='ocrx_word' id='word_1_146' title='bbox 3410 761 3513 814; x_wconf 88' lang='lat' dir='ltr'><strong>sibi</strong></span> 
     </span>
    </p>
   </div>
   <div class='ocr_carea' id='block_1_23' title="bbox 1943 847 3519 916">
    <p class='ocr_par' dir='ltr' id='par_1_23' title="bbox 1943 847 3519 916">
     <span class='ocr_line' id='line_1_23' title="bbox 1943 847 3519 916; baseline 0.001 -13"><span class='ocrx_word' id='word_1_147' title='bbox 1943 862 2114 903; x_wconf 78' lang='lat' dir='ltr'><strong>uxore</strong></span> <span class='ocrx_word' id='word_1_148' title='bbox 2137 847 2475 916; x_wconf 67' lang='lat' dir='ltr'><strong>adiungenda</strong></span> <span class='ocrx_word' id='word_1_149' title='bbox 2511 862 2633 900; x_wconf 92' lang='lat' dir='ltr'><strong>cum</strong></span> <span class='ocrx_word' id='word_1_150' title='bbox 2666 862 2728 900; x_wconf 88' lang='lat' dir='ltr'><strong>ea</strong></span> <span class='ocrx_word' id='word_1_151' title='bbox 2774 848 2933 902; x_wconf 78' lang='lat' dir='ltr'><strong>verba</strong></span> <span class='ocrx_word' id='word_1_152' title='bbox 2980 848 3191 912; x_wconf 81' lang='lat' dir='ltr'><strong>iecerit,</strong></span> <span class='ocrx_word' id='word_1_153' title='bbox 3227 852 3435 905; x_wconf 80' lang='lat' dir='ltr'><strong>etiamsi</strong></span> <span class='ocrx_word' id='word_1_154' title='bbox 3462 862 3519 906; x_wconf 87' lang='lat' dir='ltr'><strong>et</strong></span> 
     </span>
    </p>
   </div>
   <div class='ocr_carea' id='block_1_24' title="bbox 1944 937 3516 1007">
    <p class='ocr_par' dir='ltr' id='par_1_24' title="bbox 1944 937 3516 1007">
     <span class='ocr_line' id='line_1_24' title="bbox 1944 937 3516 1007; baseline 0.001 -16"><span class='ocrx_word' id='word_1_155' title='bbox 1944 948 2133 1007; x_wconf 89' lang='lat' dir='ltr'><strong>postea</strong></span> <span class='ocrx_word' id='word_1_156' title='bbox 2185 952 2305 991; x_wconf 89' lang='lat' dir='ltr'><strong>eam</strong></span> <span class='ocrx_word' id='word_1_157' title='bbox 2346 938 2587 1001; x_wconf 73' lang='lat' dir='ltr'><strong>duxerit,</strong></span> <span class='ocrx_word' id='word_1_158' title='bbox 2645 952 2676 991; x_wconf 85' lang='lat' dir='ltr'><strong>a</strong></span> <span class='ocrx_word' id='word_1_159' title='bbox 2725 937 3032 992; x_wconf 70' lang='lat' dir='ltr'><strong>ministerio</strong></span> <span class='ocrx_word' id='word_1_160' title='bbox 3084 939 3305 993; x_wconf 77' lang='lat' dir='ltr'><strong>excidit.</strong></span> <span class='ocrx_word' id='word_1_161' title='bbox 3371 941 3516 994; x_wconf 87' lang='lat' dir='ltr'><strong>Idem</strong></span> 
     </span>
    </p>
   </div>
   <div class='ocr_carea' id='block_1_25' title="bbox 1945 1027 3517 1100">
    <p class='ocr_par' dir='ltr' id='par_1_25' title="bbox 1945 1027 3517 1100">
     <span class='ocr_line' id='line_1_25' title="bbox 1945 1027 3517 1100; baseline 0.003 -18"><span class='ocrx_word' id='word_1_162' title='bbox 1945 1042 2076 1082; x_wconf 78' lang='lat' dir='ltr'><strong>vero</strong></span> <span class='ocrx_word' id='word_1_163' title='bbox 2102 1030 2177 1081; x_wconf 84' lang='lat' dir='ltr'><strong>ait</strong></span> <span class='ocrx_word' id='word_1_164' title='bbox 2208 1028 2374 1082; x_wconf 83' lang='lat' dir='ltr'><strong>etlam</strong></span> <span class='ocrx_word' id='word_1_165' title='bbox 2404 1028 2471 1081; x_wconf 90' lang='lat' dir='ltr'><strong>de</strong></span> <span class='ocrx_word' id='word_1_166' title='bbox 2505 1027 2759 1082; x_wconf 82' lang='lat' dir='ltr'><strong>ministro</strong></span> <span class='ocrx_word' id='word_1_167' title='bbox 2787 1043 2981 1097; x_wconf 87' lang='lat' dir='ltr'><strong>nempe</strong></span> <span class='ocrx_word' id='word_1_168' title='bbox 3006 1029 3405 1100; x_wconf 82' lang='lat' dir='ltr'><strong>hypodiacono.</strong></span> <span class='ocrx_word' id='word_1_169' title='bbox 3437 1034 3517 1086; x_wconf 79' lang='lat' dir='ltr'><strong>Ad</strong></span> 
     </span>
    </p>
   </div>
   <div class='ocr_carea' id='block_1_26' title="bbox 1945 1116 3518 1189">
    <p class='ocr_par' dir='ltr' id='par_1_26' title="bbox 1945 1116 3518 1189">
     <span class='ocr_line' id='line_1_26' title="bbox 1945 1116 3518 1189; baseline 0.001 -15"><span class='ocrx_word' id='word_1_170' title='bbox 1945 1134 2113 1174; x_wconf 88' lang='lat' dir='ltr'><strong>unum</strong></span> <span class='ocrx_word' id='word_1_171' title='bbox 2166 1132 2332 1187; x_wconf 88' lang='lat' dir='ltr'><strong>porro</strong></span> <span class='ocrx_word' id='word_1_172' title='bbox 2394 1116 2596 1171; x_wconf 80' lang='lat' dir='ltr'><strong>factum</strong></span> <span class='ocrx_word' id='word_1_173' title='bbox 2652 1118 3001 1173; x_wconf 79' lang='lat' dir='ltr'><strong>referendum</strong></span> <span class='ocrx_word' id='word_1_174' title='bbox 3047 1129 3149 1184; x_wconf 86' lang='lat' dir='ltr'><strong>est,</strong></span> <span class='ocrx_word' id='word_1_175' title='bbox 3200 1122 3252 1174; x_wconf 87' lang='lat' dir='ltr'><strong>id</strong></span> <span class='ocrx_word' id='word_1_176' title='bbox 3280 1126 3420 1189; x_wconf 88' lang='lat' dir='ltr'><strong>quod</strong></span> <span class='ocrx_word' id='word_1_177' title='bbox 3452 1124 3518 1175; x_wconf 88' lang='lat' dir='ltr'><strong>de</strong></span> 
     </span>
    </p>
   </div>
   <div class='ocr_carea' id='block_1_27' title="bbox 1947 1208 3519 1279">
    <p class='ocr_par' dir='ltr' id='par_1_27' title="bbox 1947 1208 3519 1279">
     <span class='ocr_line' id='line_1_27' title="bbox 1947 1208 3519 1279; baseline 0.001 -16"><span class='ocrx_word' id='word_1_178' title='bbox 1947 1208 2323 1279; x_wconf 84' lang='lat' dir='ltr'><strong>bypodiacono</strong></span> <span class='ocrx_word' id='word_1_179' title='bbox 2350 1208 2549 1262; x_wconf 89' lang='lat' dir='ltr'><strong>dicitur</strong></span> <span class='ocrx_word' id='word_1_180' title='bbox 2576 1225 2589 1261; x_wconf 93' lang='lat'><strong>:</strong></span> <span class='ocrx_word' id='word_1_181' title='bbox 2622 1209 2901 1275; x_wconf 90' lang='lat' dir='ltr'><strong>nimirmn,</strong></span> <span class='ocrx_word' id='word_1_182' title='bbox 2931 1219 2989 1263; x_wconf 93' lang='lat' dir='ltr'><strong>ut</strong></span> <span class='ocrx_word' id='word_1_183' title='bbox 3033 1224 3063 1263; x_wconf 86' lang='lat' dir='ltr'><strong>a</strong></span> <span class='ocrx_word' id='word_1_184' title='bbox 3094 1212 3395 1265; x_wconf 83' lang='lat' dir='ltr'><strong>ministerio</strong></span> <span class='ocrx_word' id='word_1_185' title='bbox 3425 1226 3519 1267; x_wconf 75' lang='lat' dir='ltr'><strong>ex-</strong></span> 
     </span>
    </p>
   </div>
   <div class='ocr_carea' id='block_1_28' title="bbox 1945 1300 3517 1365">
    <p class='ocr_par' dir='ltr' id='par_1_28' title="bbox 1945 1300 3517 1365">
     <span class='ocr_line' id='line_1_28' title="bbox 1945 1300 3517 1365; baseline 0.001 -10"><span class='ocrx_word' id='word_1_186' title='bbox 1945 1302 2113 1365; x_wconf 86' lang='lat' dir='ltr'><strong>cidat,</strong></span> <span class='ocrx_word' id='word_1_187' title='bbox 2157 1302 2205 1355; x_wconf 89' lang='lat' dir='ltr'><strong>si</strong></span> <span class='ocrx_word' id='word_1_188' title='bbox 2239 1300 2641 1355; x_wconf 78' lang='lat' dir='ltr'><strong>matrimonium</strong></span> <span class='ocrx_word' id='word_1_189' title='bbox 2698 1301 2882 1355; x_wconf 77' lang='lat' dir='ltr'><strong>furtim</strong></span> <span class='ocrx_word' id='word_1_190' title='bbox 2917 1304 3153 1359; x_wconf 86' lang='lat' dir='ltr'><strong>iniverit.</strong></span> <span class='ocrx_word' id='word_1_191' title='bbox 3214 1302 3322 1358; x_wconf 87' lang='lat' dir='ltr'><strong>Nec</strong></span> <span class='ocrx_word' id='word_1_192' title='bbox 3373 1306 3517 1359; x_wconf 90' lang='lat' dir='ltr'><strong>enim</strong></span> 
     </span>
    </p>
   </div>
   <div class='ocr_carea' id='block_1_29' title="bbox 1946 1391 3521 1464">
    <p class='ocr_par' dir='ltr' id='par_1_29' title="bbox 1946 1391 3521 1464">
     <span class='ocr_line' id='line_1_29' title="bbox 1946 1391 3521 1464; baseline 0.002 -18"><span class='ocrx_word' id='word_1_193' title='bbox 1946 1391 2319 1462; x_wconf 73' lang='lat' dir='ltr'><strong>lrypodiacono</strong></span> <span class='ocrx_word' id='word_1_194' title='bbox 2370 1392 2723 1460; x_wconf 89' lang='lat' dir='ltr'><strong>permittitur,</strong></span> <span class='ocrx_word' id='word_1_195' title='bbox 2790 1404 2910 1462; x_wconf 90' lang='lat' dir='ltr'><strong>post</strong></span> <span class='ocrx_word' id='word_1_196' title='bbox 2958 1394 3357 1464; x_wconf 85' lang='lat' dir='ltr'><strong>impositionem</strong></span> <span class='ocrx_word' id='word_1_197' title='bbox 3406 1411 3521 1449; x_wconf 83' lang='lat' dir='ltr'><strong>ma-</strong></span> 
     </span>
    </p>
   </div>
   <div class='ocr_carea' id='block_1_30' title="bbox 1946 1481 3519 1555">
    <p class='ocr_par' dir='ltr' id='par_1_30' title="bbox 1946 1481 3519 1555">
     <span class='ocr_line' id='line_1_30' title="bbox 1946 1481 3519 1555; baseline 0.003 -21"><span class='ocrx_word' id='word_1_198' title='bbox 1946 1496 2111 1534; x_wconf 88' lang='lat' dir='ltr'><strong>nuum</strong></span> <span class='ocrx_word' id='word_1_199' title='bbox 2148 1481 2426 1536; x_wconf 86' lang='lat' dir='ltr'><strong>mulierem</strong></span> <span class='ocrx_word' id='word_1_200' title='bbox 2479 1496 2736 1550; x_wconf 89' lang='lat' dir='ltr'><strong>sponsam</strong></span> <span class='ocrx_word' id='word_1_201' title='bbox 2791 1497 3095 1547; x_wconf 89' lang='lat' dir='ltr'><strong>assumere,</strong></span> <span class='ocrx_word' id='word_1_202' title='bbox 3150 1499 3383 1555; x_wconf 90' lang='lat' dir='ltr'><strong>cumque</strong></span> <span class='ocrx_word' id='word_1_203' title='bbox 3430 1485 3519 1539; x_wconf 90' lang='lat' dir='ltr'><strong>illa</strong></span> 
     </span>
    </p>
   </div>
   <div class='ocr_carea' id='block_1_31' title="bbox 1946 1565 3605 1643">
    <p class='ocr_par' dir='ltr' id='par_1_31' title="bbox 1946 1565 3605 1643">
     <span class='ocr_line' id='line_1_31' title="bbox 1946 1565 3605 1643; baseline 0.002 -18"><span class='ocrx_word' id='word_1_204' title='bbox 1946 1572 2240 1627; x_wconf 87' lang='lat' dir='ltr'><strong>conciliare</strong></span> <span class='ocrx_word' id='word_1_205' title='bbox 2273 1572 2509 1641; x_wconf 75' lang='lat' dir='ltr'><strong>nuptias.</strong></span> <span class='ocrx_word' id='word_1_206' title='bbox 2546 1570 2670 1627; x_wconf 67' lang='lat' dir='ltr'><strong>Haec</strong></span> <span class='ocrx_word' id='word_1_207' title='bbox 2718 1588 2953 1643; x_wconf 88' lang='lat' dir='ltr'><strong>namque</strong></span> <span class='ocrx_word' id='word_1_208' title='bbox 2984 1565 3149 1630; x_wconf 69' lang='lat' dir='ltr'><strong>habet</strong></span> <span class='ocrx_word' id='word_1_209' title='bbox 3204 1589 3519 1631; x_wconf 84' lang='lat' dir='ltr'><strong>sanctorum</strong></span> <span class='ocrx_word' id='word_1_210' title='bbox 3597 1566 3605 1587; x_wconf 70' lang='grc'><strong>²</strong></span> 
     </span>
    </p>
   </div>
   <div class='ocr_carea' id='block_1_32' title="bbox 1942 1661 3518 1736">
    <p class='ocr_par' dir='ltr' id='par_1_32' title="bbox 1942 1661 3518 1736">
     <span class='ocr_line' id='line_1_32' title="bbox 1942 1661 3518 1736; baseline 0.004 -21"><span class='ocrx_word' id='word_1_211' title='bbox 1942 1661 2319 1731; x_wconf 84' lang='lat' dir='ltr'><strong>apostolorum</strong></span> <span class='ocrx_word' id='word_1_212' title='bbox 2349 1677 2522 1717; x_wconf 87' lang='lat' dir='ltr'><strong>canon</strong></span> <span class='ocrx_word' id='word_1_213' title='bbox 2556 1664 2849 1720; x_wconf 77' lang='lat' dir='ltr'><strong>vicesimus</strong></span> <span class='ocrx_word' id='word_1_214' title='bbox 2883 1675 3072 1720; x_wconf 77' lang='lat' dir='ltr'><strong>sextus</strong></span> <span class='ocrx_word' id='word_1_215' title='bbox 3103 1684 3117 1721; x_wconf 86' lang='lat'><strong><em>:</em></strong></span> <span class='ocrx_word' id='word_1_216' title='bbox 3154 1666 3231 1721; x_wconf 82' lang='lat' dir='ltr'><strong>Ex</strong></span> <span class='ocrx_word' id='word_1_217' title='bbox 3286 1669 3371 1732; x_wconf 85' lang='lat' dir='ltr'><strong>iis,</strong></span> <span class='ocrx_word' id='word_1_218' title='bbox 3425 1670 3518 1736; x_wconf 91' lang='lat' dir='ltr'><strong>qui</strong></span> 
     </span>
    </p>
   </div>
   <div class='ocr_carea' id='block_1_33' title="bbox 1947 1752 3516 1828">
    <p class='ocr_par' dir='ltr' id='par_1_33' title="bbox 1947 1752 3516 1828">
     <span class='ocr_line' id='line_1_33' title="bbox 1947 1752 3516 1828; baseline 0.004 -23"><span class='ocrx_word' id='word_1_219' title='bbox 1947 1766 2052 1805; x_wconf 94' lang='lat' dir='ltr'><strong>non</strong></span> <span class='ocrx_word' id='word_1_220' title='bbox 2080 1752 2239 1806; x_wconf 85' lang='lat' dir='ltr'><strong>ducta</strong></span> <span class='ocrx_word' id='word_1_221' title='bbox 2264 1768 2432 1807; x_wconf 76' lang='lat' dir='ltr'><strong>uxore</strong></span> <span class='ocrx_word' id='word_1_222' title='bbox 2466 1753 2533 1807; x_wconf 90' lang='lat' dir='ltr'><strong>ad</strong></span> <span class='ocrx_word' id='word_1_223' title='bbox 2562 1753 2763 1807; x_wconf 89' lang='lat' dir='ltr'><strong>clerum</strong></span> <span class='ocrx_word' id='word_1_224' title='bbox 2796 1758 3029 1825; x_wconf 90' lang='lat' dir='ltr'><strong>promoti</strong></span> <span class='ocrx_word' id='word_1_225' title='bbox 3065 1767 3212 1822; x_wconf 89' lang='lat' dir='ltr'><strong>sunt,</strong></span> <span class='ocrx_word' id='word_1_226' title='bbox 3242 1760 3516 1828; x_wconf 77' lang='lat' dir='ltr'><strong>jubemus,</strong></span> 
     </span>
    </p>
   </div>
   <div class='ocr_carea' id='block_1_34' title="bbox 260 1824 1841 1927">
    <p class='ocr_par' dir='ltr' id='par_1_34' title="bbox 260 1824 1841 1927">
     <span class='ocr_line' id='line_1_34' title="bbox 260 1824 1841 1927; baseline 0.001 -21"><span class='ocrx_word' id='word_1_227' title='bbox 260 1824 490 1925; x_wconf 65' lang='grc' dir='ltr'>θήσεται</span> <span class='ocrx_word' id='word_1_228' title='bbox 511 1824 612 1909; x_wconf 48' lang='grc' dir='ltr'>’τοῦ</span> <span class='ocrx_word' id='word_1_229' title='bbox 645 1824 863 1925; x_wconf 75' lang='grc' dir='ltr'>βαθμοῦ</span> <span class='ocrx_word' id='word_1_230' title='bbox 878 1854 1069 1923; x_wconf 82' lang='grc' dir='ltr'>αὐτοῦ,</span> <span class='ocrx_word' id='word_1_231' title='bbox 1093 1824 1525 1925; x_wconf 62' lang='grc' dir='ltr'>διαγνωσθέντος</span> <span class='ocrx_word' id='word_1_232' title='bbox 1544 1854 1637 1909; x_wconf 85' lang='grc' dir='ltr'>τοῦ</span> <span class='ocrx_word' id='word_1_233' title='bbox 1660 1824 1841 1927; x_wconf 66' lang='grc' dir='ltr'>αμαρ-</span> 
     </span>
    </p>
   </div>
   <div class='ocr_carea' id='block_1_35' title="bbox 1946 1824 3523 1927">
    <p class='ocr_par' dir='ltr' id='par_1_35' title="bbox 1946 1844 3523 1909">
     <span class='ocr_line' id='line_1_35' title="bbox 1946 1844 3523 1909; baseline 0.003 -12"><span class='ocrx_word' id='word_1_234' title='bbox 1946 1845 1989 1898; x_wconf 84' lang='lat' dir='ltr'><strong>si</strong></span> <span class='ocrx_word' id='word_1_235' title='bbox 2025 1845 2215 1909; x_wconf 90' lang='lat' dir='ltr'><strong>velint,</strong></span> <span class='ocrx_word' id='word_1_236' title='bbox 2271 1860 2496 1899; x_wconf 82' lang='lat' dir='ltr'><strong>uxorem</strong></span> <span class='ocrx_word' id='word_1_237' title='bbox 2543 1844 2744 1901; x_wconf 90' lang='lat' dir='ltr'><strong>ducere</strong></span> <span class='ocrx_word' id='word_1_238' title='bbox 2782 1847 3009 1903; x_wconf 76' lang='lat' dir='ltr'><strong>lectores</strong></span> <span class='ocrx_word' id='word_1_239' title='bbox 3042 1858 3095 1902; x_wconf 90' lang='lat' dir='ltr'><strong>et</strong></span> <span class='ocrx_word' id='word_1_240' title='bbox 3149 1863 3401 1903; x_wconf 89' lang='lat' dir='ltr'><strong>cantores</strong></span> <span class='ocrx_word' id='word_1_241' title='bbox 3434 1866 3523 1904; x_wconf 85' lang='lat' dir='ltr'><strong>sn-</strong></span> 
     </span>
    </p>
   </div>
   <div class='ocr_carea' id='block_1_36' title="bbox 254 1949 528 2019">
    <p class='ocr_par' dir='ltr' id='par_1_36' title="bbox 254 1949 528 2019">
     <span class='ocr_line' id='line_1_36' title="bbox 254 1949 528 2019; baseline 0.011 -19"><span class='ocrx_word' id='word_1_242' title='bbox 254 1949 325 2019; x_wconf 82' lang='grc' dir='ltr'><strong>τή</strong></span> <span class='ocrx_word' id='word_1_243' title='bbox 335 1965 528 2019; x_wconf 80' lang='grc' dir='ltr'>ματος.</span> 
     </span>
    </p>
   </div>
   <div class='ocr_carea' id='block_1_37' title="bbox 326 2212 1840 2286">
    <p class='ocr_par' dir='ltr' id='par_1_37' title="bbox 326 2212 1840 2286">
     <span class='ocr_line' id='line_1_37' title="bbox 326 2212 1840 2286; baseline 0.001 -19"><span class='ocrx_word' id='word_1_244' title='bbox 326 2214 548 2268; x_wconf 78' lang='grc' dir='ltr'><strong>ΔΡΙΣΤ.</strong></span> <span class='ocrx_word' id='word_1_245' title='bbox 592 2212 652 2267; x_wconf 86' lang='lat'><strong>&#39;0</strong></span> <span class='ocrx_word' id='word_1_246' title='bbox 680 2213 788 2284; x_wconf 79' lang='grc' dir='ltr'>πρὸ</span> <span class='ocrx_word' id='word_1_247' title='bbox 851 2214 1031 2284; x_wconf 79' lang='grc' dir='ltr'>γάμου</span> <span class='ocrx_word' id='word_1_248' title='bbox 1058 2214 1446 2269; x_wconf 82' lang='grc' dir='ltr'>συναλλάσσων</span> <span class='ocrx_word' id='word_1_249' title='bbox 1478 2214 1840 2286; x_wconf 80' lang='grc' dir='ltr'>ἀναγνώστης</span> 
     </span>
    </p>
   </div>
   <div class='ocr_carea' id='block_1_38' title="bbox 260 2308 1839 2379">
    <p class='ocr_par' dir='ltr' id='par_1_38' title="bbox 260 2308 1839 2379">
     <span class='ocr_line' id='line_1_38' title="bbox 260 2308 1839 2379; baseline 0.003 -21"><span class='ocrx_word' id='word_1_250' title='bbox 260 2310 482 2378; x_wconf 78' lang='grc' dir='ltr'>μνηστῇ</span> <span class='ocrx_word' id='word_1_251' title='bbox 521 2308 635 2376; x_wconf 82' lang='grc' dir='ltr'>μετ’</span> <span class='ocrx_word' id='word_1_252' title='bbox 668 2308 916 2360; x_wconf 73' lang='grc' dir='ltr'>ἐνιαυτὸν</span> <span class='ocrx_word' id='word_1_253' title='bbox 946 2308 1162 2377; x_wconf 78' lang='grc' dir='ltr'><strong>δεχθεὶς</strong></span> <span class='ocrx_word' id='word_1_254' title='bbox 1212 2310 1421 2379; x_wconf 89' lang='grc' dir='ltr'>μενέτω</span> <span class='ocrx_word' id='word_1_255' title='bbox 1482 2310 1839 2378; x_wconf 83' lang='grc' dir='ltr'>ἁναγνώστης</span> 
     </span>
    </p>
   </div>
   <div class='ocr_carea' id='block_1_39' title="bbox 252 2397 1840 2469">
    <p class='ocr_par' dir='ltr' id='par_1_39' title="bbox 252 2397 1840 2469">
     <span class='ocr_line' id='line_1_39' title="bbox 252 2397 1840 2469; baseline 0.001 -18"><span class='ocrx_word' id='word_1_256' title='bbox 252 2399 577 2467; x_wconf 82' lang='grc' dir='ltr'>ὰπρόκοπος</span> <span class='ocrx_word' id='word_1_257' title='bbox 611 2416 626 2429; x_wconf 78' lang='grc'><strong><em>⁸</em></strong></span> <span class='ocrx_word' id='word_1_258' title='bbox 652 2397 992 2469; x_wconf 75' lang='grc' dir='ltr'>κλεψίγαμος</span> <span class='ocrx_word' id='word_1_259' title='bbox 1023 2400 1466 2469; x_wconf 70' lang='grc' dir='ltr'>δδ,ἁπωθείσθω.</span> <span class='ocrx_word' id='word_1_260' title='bbox 1491 2400 1714 2454; x_wconf 75' lang='grc' dir='ltr'>Τὺαὺτδ</span> <span class='ocrx_word' id='word_1_261' title='bbox 1745 2401 1840 2453; x_wconf 75' lang='grc' dir='ltr'>καὶ</span> 
     </span>
    </p>
   </div>
   <div class='ocr_carea' id='block_1_40' title="bbox 252 2491 566 2559">
    <p class='ocr_par' dir='ltr' id='par_1_40' title="bbox 252 2491 566 2559">
     <span class='ocr_line' id='line_1_40' title="bbox 252 2491 566 2559; baseline 0.003 -17"><span class='ocrx_word' id='word_1_262' title='bbox 252 2491 566 2559; x_wconf 74' lang='grc' dir='ltr'><strong>ὑπηρέτης.</strong></span> 
     </span>
    </p>
   </div>
   <div class='ocr_carea' id='block_1_41' title="bbox 344 2580 1841 2656">
    <p class='ocr_par' dir='ltr' id='par_1_41' title="bbox 344 2580 1841 2656">
     <span class='ocr_line' id='line_1_41' title="bbox 344 2580 1841 2656; baseline 0.003 -21"><span class='ocrx_word' id='word_1_263' title='bbox 344 2580 732 2651; x_wconf 77' lang='grc' dir='ltr'>Ἀναγνὼστης</span> <span class='ocrx_word' id='word_1_264' title='bbox 797 2582 1031 2649; x_wconf 78' lang='grc' dir='ltr'>γυναῖκα</span> <span class='ocrx_word' id='word_1_265' title='bbox 1065 2583 1556 2653; x_wconf 83' lang='grc' dir='ltr'>μνηστευσάμενος</span> <span class='ocrx_word' id='word_1_266' title='bbox 1587 2587 1681 2637; x_wconf 75' lang='grc' dir='ltr'><strong>καὶ</strong></span> <span class='ocrx_word' id='word_1_267' title='bbox 1731 2585 1841 2656; x_wconf 80' lang='grc' dir='ltr'><strong>πρὸ</strong></span> 
     </span>
    </p>
   </div>
   <div class='ocr_carea' id='block_1_42' title="bbox 248 2671 1841 2745">
    <p class='ocr_par' dir='ltr' id='par_1_42' title="bbox 248 2671 1841 2745">
     <span class='ocr_line' id='line_1_42' title="bbox 248 2671 1841 2745; baseline 0.003 -20"><span class='ocrx_word' id='word_1_268' title='bbox 248 2672 351 2726; x_wconf 77' lang='grc' dir='ltr'>τοῦ</span> <span class='ocrx_word' id='word_1_269' title='bbox 380 2672 562 2743; x_wconf 78' lang='grc' dir='ltr'>γάμου</span> <span class='ocrx_word' id='word_1_270' title='bbox 599 2671 717 2742; x_wconf 84' lang='grc' dir='ltr'>μετ’</span> <span class='ocrx_word' id='word_1_271' title='bbox 774 2672 948 2741; x_wconf 78' lang='grc' dir='ltr'>αὐτῆς</span> <span class='ocrx_word' id='word_1_272' title='bbox 1000 2673 1389 2745; x_wconf 74' lang='grc' dir='ltr'>συμφθαρεὶς,</span> <span class='ocrx_word' id='word_1_273' title='bbox 1444 2676 1540 2727; x_wconf 63' lang='grc' dir='ltr'><strong>ἐπὶ</strong></span> <span class='ocrx_word' id='word_1_274' title='bbox 1592 2678 1841 2730; x_wconf 75' lang='grc' dir='ltr'>ινιαυτὸν</span> 
     </span>
    </p>
   </div>
   <div class='ocr_carea' id='block_1_43' title="bbox 251 2763 1837 2835">
    <p class='ocr_par' dir='ltr' id='par_1_43' title="bbox 251 2763 1837 2835">
     <span class='ocr_line' id='line_1_43' title="bbox 251 2763 1837 2835; baseline 0.001 -16"><span class='ocrx_word' id='word_1_275' title='bbox 251 2766 519 2835; x_wconf 80' lang='grc' dir='ltr'>ἀργήσει,</span> <span class='ocrx_word' id='word_1_276' title='bbox 548 2766 641 2817; x_wconf 79' lang='grc' dir='ltr'>καὶ</span> <span class='ocrx_word' id='word_1_277' title='bbox 678 2763 823 2817; x_wconf 79' lang='grc' dir='ltr'>οὕτω</span> <span class='ocrx_word' id='word_1_278' title='bbox 858 2764 1185 2833; x_wconf 83' lang='grc' dir='ltr'>δεχθήσεται</span> <span class='ocrx_word' id='word_1_279' title='bbox 1208 2766 1290 2828; x_wconf 83' lang='grc' dir='ltr'><strong>είς</strong></span> <span class='ocrx_word' id='word_1_280' title='bbox 1320 2766 1381 2818; x_wconf 73' lang='grc' dir='ltr'><strong>τὸ</strong></span> <span class='ocrx_word' id='word_1_281' title='bbox 1410 2765 1837 2835; x_wconf 82' lang='grc' dir='ltr'>ἀναγινώσκειν,</span> 
     </span>
    </p>
   </div>
   <div class='ocr_carea' id='block_1_44' title="bbox 255 2855 1842 2930">
    <p class='ocr_par' dir='ltr' id='par_1_44' title="bbox 255 2855 1842 2930">
     <span class='ocr_line' id='line_1_44' title="bbox 255 2855 1842 2930; baseline 0 -20"><span class='ocrx_word' id='word_1_282' title='bbox 255 2860 343 2919; x_wconf 82' lang='grc' dir='ltr'><strong>εἰς</strong></span> <span class='ocrx_word' id='word_1_283' title='bbox 376 2858 601 2927; x_wconf 75' lang='grc' dir='ltr'>μείζονα</span> <span class='ocrx_word' id='word_1_284' title='bbox 627 2855 919 2930; x_wconf 79' lang='grc' dir='ltr'>προκοπὴν</span> <span class='ocrx_word' id='word_1_285' title='bbox 949 2858 1024 2926; x_wconf 82' lang='grc' dir='ltr'>μὴ</span> <span class='ocrx_word' id='word_1_286' title='bbox 1057 2857 1558 2927; x_wconf 80' lang='grc' dir='ltr'>προσιόαζόμενος,</span> <span class='ocrx_word' id='word_1_287' title='bbox 1578 2858 1696 2913; x_wconf 75' lang='grc' dir='ltr'>ἀλλ’</span> <span class='ocrx_word' id='word_1_288' title='bbox 1748 2859 1842 2911; x_wconf 69' lang='grc' dir='ltr'><strong>ἐπὶ</strong></span> 
     </span>
    </p>
   </div>
   <div class='ocr_carea' id='block_1_45' title="bbox 254 2948 1841 3021">
    <p class='ocr_par' dir='ltr' id='par_1_45' title="bbox 254 2948 1841 3021">
     <span class='ocr_line' id='line_1_45' title="bbox 254 2948 1841 3021; baseline 0.001 -19"><span class='ocrx_word' id='word_1_289' title='bbox 254 2948 352 3003; x_wconf 75' lang='grc' dir='ltr'>τοῦ</span> <span class='ocrx_word' id='word_1_290' title='bbox 413 2949 581 3001; x_wconf 80' lang='grc' dir='ltr'>αὑτοῦ</span> <span class='ocrx_word' id='word_1_291' title='bbox 638 2950 817 3019; x_wconf 79' lang='grc' dir='ltr'>μένων</span> <span class='ocrx_word' id='word_1_292' title='bbox 886 2948 1121 3019; x_wconf 75' lang='grc' dir='ltr'>βαθμοῦ.</span> <span class='ocrx_word' id='word_1_293' title='bbox 1193 2949 1251 3002; x_wconf 80' lang='grc' dir='ltr'>ὐ</span> <span class='ocrx_word' id='word_1_294' title='bbox 1310 2949 1367 3001; x_wconf 68' lang='grc' dir='ltr'><strong>δὲ</strong></span> <span class='ocrx_word' id='word_1_295' title='bbox 1446 2950 1543 3002; x_wconf 75' lang='grc' dir='ltr'>καὶ</span> <span class='ocrx_word' id='word_1_296' title='bbox 1598 2951 1702 3021; x_wconf 80' lang='grc' dir='ltr'>πρὸ</span> <span class='ocrx_word' id='word_1_297' title='bbox 1742 2951 1841 3020; x_wconf 84' lang='grc' dir='ltr'>τῆς</span> 
     </span>
    </p>
   </div>
   <div class='ocr_carea' id='block_1_46' title="bbox 261 3038 1841 3111">
    <p class='ocr_par' dir='ltr' id='par_1_46' title="bbox 261 3038 1841 3111">
     <span class='ocr_line' id='line_1_46' title="bbox 261 3038 1841 3111; baseline 0.001 -20"><span class='ocrx_word' id='word_1_298' title='bbox 261 3042 571 3111; x_wconf 83' lang='grc' dir='ltr'>μνηστείας</span> <span class='ocrx_word' id='word_1_299' title='bbox 626 3040 1058 3109; x_wconf 77' lang='grc' dir='ltr'>κλεψιγαμήσας</span> <span class='ocrx_word' id='word_1_300' title='bbox 1111 3039 1292 3094; x_wconf 86' lang='grc' dir='ltr'>τέλεον</span> <span class='ocrx_word' id='word_1_301' title='bbox 1339 3038 1438 3093; x_wconf 83' lang='grc' dir='ltr'>τοῦ</span> <span class='ocrx_word' id='word_1_302' title='bbox 1497 3039 1712 3111; x_wconf 81' lang='grc' dir='ltr'>βαθμοῦ</span> <span class='ocrx_word' id='word_1_303' title='bbox 1744 3042 1841 3095; x_wconf 81' lang='grc' dir='ltr'><strong>αὺ-</strong></span> 
     </span>
    </p>
   </div>
   <div class='ocr_carea' id='block_1_47' title="bbox 253 3126 1837 3202">
    <p class='ocr_par' dir='ltr' id='par_1_47' title="bbox 253 3126 1837 3202">
     <span class='ocr_line' id='line_1_47' title="bbox 253 3126 1837 3202; baseline 0 -17"><span class='ocrx_word' id='word_1_304' title='bbox 253 3134 353 3186; x_wconf 83' lang='grc' dir='ltr'>τοῦ</span> <span class='ocrx_word' id='word_1_305' title='bbox 394 3126 926 3202; x_wconf 82' lang='grc' dir='ltr'>μετακινηθήσεταὶ.</span> <span class='ocrx_word' id='word_1_306' title='bbox 957 3133 1031 3184; x_wconf 78' lang='grc' dir='ltr'><strong>Τὸ</strong></span> <span class='ocrx_word' id='word_1_307' title='bbox 1059 3132 1194 3185; x_wconf 80' lang='grc' dir='ltr'>αὐτὸ</span> <span class='ocrx_word' id='word_1_308' title='bbox 1222 3132 1279 3185; x_wconf 66' lang='grc' dir='ltr'><strong>δὲ</strong></span> <span class='ocrx_word' id='word_1_309' title='bbox 1305 3132 1590 3201; x_wconf 67' lang='grc' dir='ltr'>επιτίμιον</span> <span class='ocrx_word' id='word_1_310' title='bbox 1616 3135 1711 3188; x_wconf 73' lang='grc' dir='ltr'>καὶ</span> <span class='ocrx_word' id='word_1_311' title='bbox 1757 3134 1837 3195; x_wconf 88' lang='grc' dir='ltr'><strong>είς</strong></span> 
     </span>
    </p>
   </div>
   <div class='ocr_carea' id='block_1_48' title="bbox 256 3223 1841 3297">
    <p class='ocr_par' dir='ltr' id='par_1_48' title="bbox 256 3223 1841 3297">
     <span class='ocr_line' id='line_1_48' title="bbox 256 3223 1841 3297; baseline 0 -20"><span class='ocrx_word' id='word_1_312' title='bbox 256 3224 393 3286; x_wconf 79' lang='grc' dir='ltr'>τοὺς</span> <span class='ocrx_word' id='word_1_313' title='bbox 426 3225 878 3294; x_wconf 81' lang='grc' dir='ltr'>ἀχειροτονήτους</span> <span class='ocrx_word' id='word_1_314' title='bbox 904 3224 1186 3294; x_wconf 82' lang='grc' dir='ltr'>ὑπηρέτας</span> <span class='ocrx_word' id='word_1_315' title='bbox 1211 3224 1311 3294; x_wconf 82' lang='grc' dir='ltr'>τῆς</span> <span class='ocrx_word' id='word_1_316' title='bbox 1350 3223 1680 3294; x_wconf 82' lang='grc' dir='ltr'>Ἐκκλησίας</span> <span class='ocrx_word' id='word_1_317' title='bbox 1702 3240 1841 3297; x_wconf 85' lang='grc' dir='ltr'>κρα-</span> 
     </span>
    </p>
   </div>
   <div class='ocr_carea' id='block_1_49' title="bbox 255 3316 445 3386">
    <p class='ocr_par' dir='ltr' id='par_1_49' title="bbox 255 3316 445 3386">
     <span class='ocr_line' id='line_1_49' title="bbox 255 3316 445 3386; baseline 0 -17"><span class='ocrx_word' id='word_1_318' title='bbox 255 3316 396 3386; x_wconf 83' lang='grc' dir='ltr'>τήσε</span> <span class='ocrx_word' id='word_1_319' title='bbox 407 3335 445 3369; x_wconf 90' lang='grc' dir='ltr'>ι.</span> 
     </span>
    </p>
   </div>
   <div class='ocr_carea' id='block_1_50' title="bbox 859 3406 1234 3462">
    <p class='ocr_par' dir='ltr' id='par_1_50' title="bbox 859 3406 1234 3462">
     <span class='ocr_line' id='line_1_50' title="bbox 859 3406 1234 3462; baseline 0.005 -2"><span class='ocrx_word' id='word_1_320' title='bbox 859 3406 1102 3461; x_wconf 81' lang='grc' dir='ltr'><strong>ΚΔΝΩΝ</strong></span> <span class='ocrx_word' id='word_1_321' title='bbox 1155 3409 1234 3462; x_wconf 87' lang='lat'><strong>0&#39;.</strong></span> 
     </span>
    </p>
   </div>
   <div class='ocr_carea' id='block_1_51' title="bbox 253 3498 1842 3569">
    <p class='ocr_par' dir='ltr' id='par_1_51' title="bbox 253 3498 1842 3569">
     <span class='ocr_line' id='line_1_51' title="bbox 253 3498 1842 3569; baseline -0.001 -18"><span class='ocrx_word' id='word_1_322' title='bbox 253 3498 523 3562; x_wconf 80' lang='grc' dir='ltr'>Διάκονος</span> <span class='ocrx_word' id='word_1_323' title='bbox 588 3499 645 3550; x_wconf 76' lang='grc' dir='ltr'>ιν</span> <span class='ocrx_word' id='word_1_324' title='bbox 689 3498 898 3568; x_wconf 80' lang='grc' dir='ltr'>χείλεσι</span> <span class='ocrx_word' id='word_1_325' title='bbox 961 3498 1234 3567; x_wconf 75' lang='grc' dir='ltr'>μιανθεὶς,</span> <span class='ocrx_word' id='word_1_326' title='bbox 1285 3500 1382 3552; x_wconf 76' lang='grc' dir='ltr'>καὶ</span> <span class='ocrx_word' id='word_1_327' title='bbox 1442 3515 1606 3569; x_wconf 85' lang='grc' dir='ltr'>μεχρι</span> <span class='ocrx_word' id='word_1_328' title='bbox 1650 3498 1842 3552; x_wconf 83' lang='grc' dir='ltr'>τούτου</span> 
     </span>
    </p>
   </div>
   <div class='ocr_carea' id='block_1_52' title="bbox 327 3590 1841 3660">
    <p class='ocr_par' dir='ltr' id='par_1_52' title="bbox 327 3590 1841 3660">
     <span class='ocr_line' id='line_1_52' title="bbox 327 3590 1841 3660; baseline 0.001 -19"><span class='ocrx_word' id='word_1_329' title='bbox 327 3591 715 3660; x_wconf 79' lang='grc' dir='ltr'>ἡμαρτηκέναι</span> <span class='ocrx_word' id='word_1_330' title='bbox 761 3590 1128 3660; x_wconf 78' lang='grc' dir='ltr'>ὁμολογήσας,</span> <span class='ocrx_word' id='word_1_331' title='bbox 1180 3590 1282 3659; x_wconf 81' lang='grc' dir='ltr'>τῆς</span> <span class='ocrx_word' id='word_1_332' title='bbox 1331 3590 1679 3659; x_wconf 72' lang='grc' dir='ltr'>λειτουργίας</span> <span class='ocrx_word' id='word_1_333' title='bbox 1722 3593 1841 3643; x_wconf 84' lang='grc' dir='ltr'>ὲπιο</span> 
     </span>
    </p>
   </div>
   <div class='ocr_carea' id='block_1_53' title="bbox 326 3680 1841 3751">
    <p class='ocr_par' dir='ltr' id='par_1_53' title="bbox 326 3680 1841 3751">
     <span class='ocr_line' id='line_1_53' title="bbox 326 3680 1841 3751; baseline 0.001 -19"><span class='ocrx_word' id='word_1_334' title='bbox 326 3680 703 3751; x_wconf 61' lang='lat' dir='ltr'><strong>exaequaret:</strong></span> <span class='ocrx_word' id='word_1_335' title='bbox 736 3680 831 3732; x_wconf 83' lang='grc' dir='ltr'>τοῦ</span> <span class='ocrx_word' id='word_1_336' title='bbox 873 3681 927 3733; x_wconf 82' lang='grc' dir='ltr'><strong>δὲ</strong></span> <span class='ocrx_word' id='word_1_337' title='bbox 959 3723 975 3746; x_wconf 76' lang='grc'><strong>,</strong></span> <span class='ocrx_word' id='word_1_338' title='bbox 998 3682 1252 3751; x_wconf 74' lang='grc' dir='ltr'>μετέχειν</span> <span class='ocrx_word' id='word_1_339' title='bbox 1311 3680 1421 3735; x_wconf 82' lang='grc' dir='ltr'>τῶν</span> <span class='ocrx_word' id='word_1_340' title='bbox 1480 3682 1841 3751; x_wconf 78' lang='grc' dir='ltr'>ἁγιασμάτων</span> 
     </span>
    </p>
   </div>
   <div class='ocr_carea' id='block_1_54' title="bbox 332 3772 1838 3843">
    <p class='ocr_par' dir='ltr' id='par_1_54' title="bbox 332 3772 1838 3843">
     <span class='ocr_line' id='line_1_54' title="bbox 332 3772 1838 3843; baseline 0 -18"><span class='ocrx_word' id='word_1_341' title='bbox 332 3772 480 3843; x_wconf 79' lang='grc' dir='ltr'>μετὰ</span> <span class='ocrx_word' id='word_1_342' title='bbox 509 3773 619 3826; x_wconf 78' lang='grc' dir='ltr'><strong>τῶν</strong></span> <span class='ocrx_word' id='word_1_343' title='bbox 652 3772 923 3826; x_wconf 82' lang='grc' dir='ltr'>διακόνων</span> <span class='ocrx_word' id='word_1_344' title='bbox 958 3773 1354 3843; x_wconf 80' lang='grc' dir='ltr'>ἀξιωθήσεται.</span> <span class='ocrx_word' id='word_1_345' title='bbox 1398 3775 1473 3827; x_wconf 82' lang='grc' dir='ltr'>Τὸ</span> <span class='ocrx_word' id='word_1_346' title='bbox 1500 3774 1632 3827; x_wconf 83' lang='grc' dir='ltr'>αὐτὸ</span> <span class='ocrx_word' id='word_1_347' title='bbox 1660 3774 1717 3827; x_wconf 67' lang='grc' dir='ltr'><strong>δὲ</strong></span> <span class='ocrx_word' id='word_1_348' title='bbox 1743 3774 1838 3827; x_wconf 75' lang='grc' dir='ltr'>καὶ</span> 
     </span>
    </p>
   </div>
   <div class='ocr_carea' id='block_1_55' title="bbox 334 3864 1838 3938">
    <p class='ocr_par' dir='ltr' id='par_1_55' title="bbox 334 3864 1838 3938">
     <span class='ocr_line' id='line_1_55' title="bbox 334 3864 1838 3938; baseline 0.003 -22"><span class='ocrx_word' id='word_1_349' title='bbox 334 3864 750 3938; x_wconf 40' lang='grc' dir='ltr'>πρεσϐύτερος.-</span> <span class='ocrx_word' id='word_1_350' title='bbox 802 3868 865 3919; x_wconf 82' lang='lat' dir='ltr'><strong>Et</strong></span> <span class='ocrx_word' id='word_1_351' title='bbox 926 3866 981 3917; x_wconf 72' lang='grc' dir='ltr'><strong>δέ</strong></span> <span class='ocrx_word' id='word_1_352' title='bbox 1056 3884 1107 3919; x_wconf 89' lang='grc' dir='ltr'><strong>τι</strong></span> <span class='ocrx_word' id='word_1_353' title='bbox 1162 3867 1351 3921; x_wconf 79' lang='grc' dir='ltr'>πλεῖον</span> <span class='ocrx_word' id='word_1_354' title='bbox 1409 3868 1697 3938; x_wconf 78' lang='grc' dir='ltr'>φωραθείη</span> <span class='ocrx_word' id='word_1_355' title='bbox 1753 3885 1838 3930; x_wconf 89' lang='grc' dir='ltr'><strong>τις</strong></span> 
     </span>
    </p>
   </div>
   <div class='ocr_carea' id='block_1_56' title="bbox 322 3934 1839 4031">
    <p class='ocr_par' dir='ltr' id='par_1_56' title="bbox 322 3934 1839 4031">
     <span class='ocr_line' id='line_1_56' title="bbox 322 3934 1839 4031; baseline 0.004 -24"><span class='ocrx_word' id='word_1_356' title='bbox 322 3934 687 4027; x_wconf 73' lang='grc' dir='ltr'>ἡμαρτηκὼς,</span> <span class='ocrx_word' id='word_1_357' title='bbox 728 3934 804 4010; x_wconf 62' lang='grc' dir='ltr'>ἰν</span> <span class='ocrx_word' id='word_1_358' title='bbox 853 3958 951 4027; x_wconf 84' lang='grc' dir='ltr'><strong>οἵῳ</strong></span> <span class='ocrx_word' id='word_1_359' title='bbox 1003 3958 1069 4012; x_wconf 82' lang='grc' dir='ltr'>ἂν</span> <span class='ocrx_word' id='word_1_360' title='bbox 1216 3934 1450 4031; x_wconf 68' lang='grc' dir='ltr'>-βαθμῷ,</span> <span class='ocrx_word' id='word_1_361' title='bbox 1497 3934 1839 4031; x_wconf 78' lang='grc' dir='ltr'>καθαιρεθή-</span> 
     </span>
    </p>
   </div>
   <div class='ocr_carea' id='block_1_57' title="bbox 320 4065 502 4105">
    <p class='ocr_par' dir='ltr' id='par_1_57' title="bbox 320 4065 502 4105">
     <span class='ocr_line' id='line_1_57' title="bbox 320 4065 502 4105; baseline -0.011 -4"><span class='ocrx_word' id='word_1_362' title='bbox 320 4065 502 4105; x_wconf 82' lang='grc' dir='ltr'>σεται.</span> 
     </span>
    </p>
   </div>
   <div class='ocr_carea' id='block_1_58' title="bbox 330 4139 1829 4215">
    <p class='ocr_par' dir='ltr' id='par_1_58' title="bbox 330 4139 1829 4215">
     <span class='ocr_line' id='line_1_58' title="bbox 330 4139 1829 4215; baseline 0.005 -22"><span class='ocrx_word' id='word_1_363' title='bbox 330 4139 531 4193; x_wconf 75' lang='grc' dir='ltr'><strong>ΒΑΛΣ.</strong></span> <span class='ocrx_word' id='word_1_364' title='bbox 579 4139 687 4193; x_wconf 80' lang='grc' dir='ltr'><strong>Τδν</strong></span> <span class='ocrx_word' id='word_1_365' title='bbox 748 4142 808 4192; x_wconf 73' lang='grc' dir='ltr'>έν</span> <span class='ocrx_word' id='word_1_366' title='bbox 862 4140 1071 4210; x_wconf 84' lang='grc' dir='ltr'>χείλεσι</span> <span class='ocrx_word' id='word_1_367' title='bbox 1128 4141 1431 4210; x_wconf 77' lang='grc' dir='ltr'>μιανθέντα</span> <span class='ocrx_word' id='word_1_368' title='bbox 1463 4142 1732 4210; x_wconf 81' lang='grc' dir='ltr'>διάκονον,</span> <span class='ocrx_word' id='word_1_369' title='bbox 1795 4144 1829 4215; x_wconf 77' lang='grc' dir='ltr'>ἢ</span> 
     </span>
    </p>
   </div>
   <div class='ocr_carea' id='block_1_59' title="bbox 254 4232 1843 4307">
    <p class='ocr_par' dir='ltr' id='par_1_59' title="bbox 254 4232 1843 4307">
     <span class='ocr_line' id='line_1_59' title="bbox 254 4232 1843 4307; baseline 0.004 -24"><span class='ocrx_word' id='word_1_370' title='bbox 254 4232 438 4300; x_wconf 71' lang='grc' dir='ltr'>ἱερέα,</span> <span class='ocrx_word' id='word_1_371' title='bbox 507 4233 603 4285; x_wconf 74' lang='grc' dir='ltr'>καὶ</span> <span class='ocrx_word' id='word_1_372' title='bbox 661 4232 1215 4302; x_wconf 73' lang='grc' dir='ltr'>ιξομολογτ,σάμενον</span> <span class='ocrx_word' id='word_1_373' title='bbox 1255 4236 1317 4287; x_wconf 80' lang='grc' dir='ltr'>τὸ</span> <span class='ocrx_word' id='word_1_374' title='bbox 1368 4237 1695 4307; x_wconf 65' lang='grc' dir='ltr'>ἁμάρτημα,</span> <span class='ocrx_word' id='word_1_375' title='bbox 1760 4239 1843 4290; x_wconf 77' lang='grc' dir='ltr'>διο</span> 
     </span>
    </p>
   </div>
   <div class='ocr_carea' id='block_1_60' title="bbox 249 4320 1840 4397">
    <p class='ocr_par' dir='ltr' id='par_1_60' title="bbox 249 4320 1840 4397">
     <span class='ocr_line' id='line_1_60' title="bbox 249 4320 1840 4397; baseline 0.004 -24"><span class='ocrx_word' id='word_1_376' title='bbox 249 4321 500 4390; x_wconf 81' lang='grc' dir='ltr'>ορίζεται</span> <span class='ocrx_word' id='word_1_377' title='bbox 558 4322 585 4373; x_wconf 89' lang='grc' dir='ltr'><strong>ό</strong></span> <span class='ocrx_word' id='word_1_378' title='bbox 636 4321 789 4387; x_wconf 81' lang='grc' dir='ltr'>ἆγιος</span> <span class='ocrx_word' id='word_1_379' title='bbox 869 4320 1177 4373; x_wconf 80' lang='grc' dir='ltr'>κωλύεσθαι</span> <span class='ocrx_word' id='word_1_380' title='bbox 1235 4324 1335 4391; x_wconf 77' lang='grc' dir='ltr'>τῆς</span> <span class='ocrx_word' id='word_1_381' title='bbox 1382 4326 1717 4395; x_wconf 73' lang='grc' dir='ltr'>ἱερουργίας,</span> <span class='ocrx_word' id='word_1_382' title='bbox 1764 4325 1840 4397; x_wconf 80' lang='grc' dir='ltr'>μὴ</span> 
     </span>
    </p>
   </div>
   <div class='ocr_carea' id='block_1_61' title="bbox 256 4411 1831 4484">
    <p class='ocr_par' dir='ltr' id='par_1_61' title="bbox 256 4411 1831 4484">
     <span class='ocr_line' id='line_1_61' title="bbox 256 4411 1831 4484; baseline 0.003 -21"><span class='ocrx_word' id='word_1_383' title='bbox 256 4414 449 4480; x_wconf 83' lang='grc' dir='ltr'>μέντοι</span> <span class='ocrx_word' id='word_1_384' title='bbox 472 4428 537 4476; x_wconf 87' lang='grc' dir='ltr'><strong>γε</strong></span> <span class='ocrx_word' id='word_1_385' title='bbox 564 4411 620 4462; x_wconf 69' lang='grc' dir='ltr'><strong>δὲ</strong></span> <span class='ocrx_word' id='word_1_386' title='bbox 656 4412 751 4463; x_wconf 76' lang='grc' dir='ltr'><strong>καὶ</strong></span> <span class='ocrx_word' id='word_1_387' title='bbox 784 4411 883 4479; x_wconf 77' lang='grc' dir='ltr'>τῆς</span> <span class='ocrx_word' id='word_1_388' title='bbox 919 4411 1031 4463; x_wconf 82' lang='grc' dir='ltr'><strong>τῶν</strong></span> <span class='ocrx_word' id='word_1_389' title='bbox 1072 4413 1436 4481; x_wconf 74' lang='grc' dir='ltr'>ἁγιασμάτων</span> <span class='ocrx_word' id='word_1_390' title='bbox 1470 4417 1831 4484; x_wconf 70' lang='grc' dir='ltr'>μεταλήψεως</span> 
     </span>
    </p>
   </div>
   <div class='ocr_carea' id='block_1_62' title="bbox 1939 1934 3517 2006">
    <p class='ocr_par' dir='ltr' id='par_1_62' title="bbox 1939 1934 3517 2006">
     <span class='ocr_line' id='line_1_62' title="bbox 1939 1934 3517 2006; baseline 0.003 -18"><span class='ocrx_word' id='word_1_391' title='bbox 1939 1935 2042 1989; x_wconf 91' lang='lat' dir='ltr'><strong>los.</strong></span> <span class='ocrx_word' id='word_1_392' title='bbox 2067 1934 2126 1989; x_wconf 88' lang='lat' dir='ltr'><strong>Si</strong></span> <span class='ocrx_word' id='word_1_393' title='bbox 2158 1935 2280 2004; x_wconf 88' lang='lat' dir='ltr'><strong>quis</strong></span> <span class='ocrx_word' id='word_1_394' title='bbox 2308 1945 2485 1990; x_wconf 85' lang='lat' dir='ltr'><strong>autem</strong></span> <span class='ocrx_word' id='word_1_395' title='bbox 2523 1946 2710 2006; x_wconf 87' lang='lat' dir='ltr'><strong>postea</strong></span> <span class='ocrx_word' id='word_1_396' title='bbox 2742 1938 2985 1994; x_wconf 82' lang='lat' dir='ltr'><strong>minister</strong></span> <span class='ocrx_word' id='word_1_397' title='bbox 3011 1938 3197 1993; x_wconf 78' lang='lat' dir='ltr'><strong>furtim</strong></span> <span class='ocrx_word' id='word_1_398' title='bbox 3238 1942 3517 1994; x_wconf 78' lang='lat' dir='ltr'><strong>matrimo-</strong></span> 
     </span>
    </p>
   </div>
   <div class='ocr_carea' id='block_1_63' title="bbox 1942 2030 3521 2102">
    <p class='ocr_par' dir='ltr' id='par_1_63' title="bbox 1942 2030 3521 2102">
     <span class='ocr_line' id='line_1_63' title="bbox 1942 2030 3521 2102; baseline 0.005 -21"><span class='ocrx_word' id='word_1_399' title='bbox 1942 2030 2087 2082; x_wconf 87' lang='lat' dir='ltr'><strong>nium</strong></span> <span class='ocrx_word' id='word_1_400' title='bbox 2139 2030 2341 2094; x_wconf 88' lang='lat' dir='ltr'><strong>inierit,</strong></span> <span class='ocrx_word' id='word_1_401' title='bbox 2378 2030 2468 2084; x_wconf 92' lang='lat' dir='ltr'><strong>ubi</strong></span> <span class='ocrx_word' id='word_1_402' title='bbox 2512 2031 2718 2085; x_wconf 89' lang='lat' dir='ltr'><strong>crimen</strong></span> <span class='ocrx_word' id='word_1_403' title='bbox 2774 2032 3013 2102; x_wconf 78' lang='lat' dir='ltr'><strong>agnitum</strong></span> <span class='ocrx_word' id='word_1_404' title='bbox 3074 2032 3257 2099; x_wconf 83' lang='lat' dir='ltr'><strong>fuerit,</strong></span> <span class='ocrx_word' id='word_1_405' title='bbox 3304 2038 3368 2088; x_wconf 88' lang='lat' dir='ltr'><strong>de</strong></span> <span class='ocrx_word' id='word_1_406' title='bbox 3423 2050 3521 2089; x_wconf 79' lang='lat' dir='ltr'><strong>suo</strong></span> 
     </span>
    </p>
   </div>
   <div class='ocr_carea' id='block_1_64' title="bbox 1940 2121 2438 2191">
    <p class='ocr_par' dir='ltr' id='par_1_64' title="bbox 1940 2121 2438 2191">
     <span class='ocr_line' id='line_1_64' title="bbox 1940 2121 2438 2191; baseline 0.002 -19"><span class='ocrx_word' id='word_1_407' title='bbox 1940 2122 2106 2190; x_wconf 74' lang='lat' dir='ltr'><strong>gradu</strong></span> <span class='ocrx_word' id='word_1_408' title='bbox 2137 2121 2438 2191; x_wconf 79' lang='lat' dir='ltr'><strong>dejicietur.</strong></span> 
     </span>
    </p>
   </div>
   <div class='ocr_carea' id='block_1_65' title="bbox 2014 2210 3515 2286">
    <p class='ocr_par' dir='ltr' id='par_1_65' title="bbox 2014 2210 3515 2286">
     <span class='ocr_line' id='line_1_65' title="bbox 2014 2210 3515 2286; baseline 0.006 -23"><span class='ocrx_word' id='word_1_409' title='bbox 2014 2210 2244 2266; x_wconf 76' lang='lat' dir='ltr'><strong>ARlST.</strong></span> <span class='ocrx_word' id='word_1_410' title='bbox 2272 2211 2465 2266; x_wconf 85' lang='lat' dir='ltr'><strong>Lector</strong></span> <span class='ocrx_word' id='word_1_411' title='bbox 2495 2212 2587 2283; x_wconf 85' lang='lat' dir='ltr'><strong>qui</strong></span> <span class='ocrx_word' id='word_1_412' title='bbox 2619 2224 2743 2268; x_wconf 87' lang='lat' dir='ltr'><strong>ante</strong></span> <span class='ocrx_word' id='word_1_413' title='bbox 2766 2214 2986 2284; x_wconf 87' lang='lat' dir='ltr'><strong>nuptias</strong></span> <span class='ocrx_word' id='word_1_414' title='bbox 3018 2230 3131 2270; x_wconf 89' lang='lat' dir='ltr'><strong>rem</strong></span> <span class='ocrx_word' id='word_1_415' title='bbox 3161 2232 3282 2270; x_wconf 91' lang='lat' dir='ltr'><strong>cum</strong></span> <span class='ocrx_word' id='word_1_416' title='bbox 3317 2232 3515 2286; x_wconf 83' lang='lat' dir='ltr'><strong>sponsa</strong></span> 
     </span>
    </p>
   </div>
   <div class='ocr_carea' id='block_1_66' title="bbox 1943 2301 3519 2375">
    <p class='ocr_par' dir='ltr' id='par_1_66' title="bbox 1943 2301 3519 2375">
     <span class='ocr_line' id='line_1_66' title="bbox 1943 2301 3519 2375; baseline 0.004 -19"><span class='ocrx_word' id='word_1_417' title='bbox 1943 2301 2151 2367; x_wconf 79' lang='lat' dir='ltr'><strong>habuit,</strong></span> <span class='ocrx_word' id='word_1_418' title='bbox 2187 2315 2307 2372; x_wconf 88' lang='lat' dir='ltr'><strong>post</strong></span> <span class='ocrx_word' id='word_1_419' title='bbox 2349 2318 2549 2357; x_wconf 89' lang='lat' dir='ltr'><strong>annum</strong></span> <span class='ocrx_word' id='word_1_420' title='bbox 2595 2317 2869 2375; x_wconf 88' lang='lat' dir='ltr'><strong>receptus,</strong></span> <span class='ocrx_word' id='word_1_421' title='bbox 2908 2319 3121 2360; x_wconf 84' lang='lat' dir='ltr'><strong>maneat</strong></span> <span class='ocrx_word' id='word_1_422' title='bbox 3163 2309 3329 2362; x_wconf 77' lang='lat' dir='ltr'><strong>lector</strong></span> <span class='ocrx_word' id='word_1_423' title='bbox 3377 2311 3519 2362; x_wconf 83' lang='lat' dir='ltr'><strong>ulte-</strong></span> 
     </span>
    </p>
   </div>
   <div class='ocr_carea' id='block_1_67' title="bbox 1941 2397 3524 2468">
    <p class='ocr_par' dir='ltr' id='par_1_67' title="bbox 1941 2397 3524 2468">
     <span class='ocr_line' id='line_1_67' title="bbox 1941 2397 3524 2468; baseline 0.004 -19"><span class='ocrx_word' id='word_1_424' title='bbox 1941 2398 2054 2449; x_wconf 88' lang='lat' dir='ltr'><strong>rius</strong></span> <span class='ocrx_word' id='word_1_425' title='bbox 2098 2411 2199 2448; x_wconf 90' lang='lat' dir='ltr'><strong>non</strong></span> <span class='ocrx_word' id='word_1_426' title='bbox 2255 2397 2700 2465; x_wconf 88' lang='lat' dir='ltr'><strong>promovendus;</strong></span> <span class='ocrx_word' id='word_1_427' title='bbox 2755 2402 2847 2468; x_wconf 90' lang='lat' dir='ltr'><strong>qui</strong></span> <span class='ocrx_word' id='word_1_428' title='bbox 2916 2400 3171 2453; x_wconf 75' lang='lat' dir='ltr'><strong>furtivum</strong></span> <span class='ocrx_word' id='word_1_429' title='bbox 3232 2416 3359 2455; x_wconf 89' lang='lat' dir='ltr'><strong>vero</strong></span> <span class='ocrx_word' id='word_1_430' title='bbox 3403 2401 3524 2457; x_wconf 71' lang='lat' dir='ltr'><strong>iniit</strong></span> 
     </span>
    </p>
   </div>
   <div class='ocr_carea' id='block_1_68' title="bbox 1945 2486 3280 2558">
    <p class='ocr_par' dir='ltr' id='par_1_68' title="bbox 1945 2486 3280 2558">
     <span class='ocr_line' id='line_1_68' title="bbox 1945 2486 3280 2558; baseline 0.002 -17"><span class='ocrx_word' id='word_1_431' title='bbox 1945 2486 2372 2551; x_wconf 85' lang='lat' dir='ltr'><strong>matrimonium,</strong></span> <span class='ocrx_word' id='word_1_432' title='bbox 2403 2490 2726 2558; x_wconf 80' lang='lat' dir='ltr'><strong>expellatur.</strong></span> <span class='ocrx_word' id='word_1_433' title='bbox 2755 2493 2897 2544; x_wconf 89' lang='lat' dir='ltr'><strong>Idem</strong></span> <span class='ocrx_word' id='word_1_434' title='bbox 2926 2500 2980 2544; x_wconf 88' lang='lat' dir='ltr'><strong>et</strong></span> <span class='ocrx_word' id='word_1_435' title='bbox 3008 2491 3280 2546; x_wconf 85' lang='lat' dir='ltr'><strong>minister.</strong></span> 
     </span>
    </p>
   </div>
   <div class='ocr_carea' id='block_1_69' title="bbox 2013 2576 3518 2650">
    <p class='ocr_par' dir='ltr' id='par_1_69' title="bbox 2013 2576 3518 2650">
     <span class='ocr_line' id='line_1_69' title="bbox 2013 2576 3518 2650; baseline 0.004 -19"><span class='ocrx_word' id='word_1_436' title='bbox 2013 2576 2206 2632; x_wconf 86' lang='lat' dir='ltr'><strong>Lector</strong></span> <span class='ocrx_word' id='word_1_437' title='bbox 2264 2576 2519 2632; x_wconf 78' lang='lat' dir='ltr'><strong>feminam</strong></span> <span class='ocrx_word' id='word_1_438' title='bbox 2574 2580 2909 2650; x_wconf 84' lang='lat' dir='ltr'><strong>desponsans</strong></span> <span class='ocrx_word' id='word_1_439' title='bbox 2952 2590 3006 2635; x_wconf 86' lang='lat' dir='ltr'><strong>et</strong></span> <span class='ocrx_word' id='word_1_440' title='bbox 3048 2596 3173 2637; x_wconf 85' lang='lat' dir='ltr'><strong>ante</strong></span> <span class='ocrx_word' id='word_1_441' title='bbox 3237 2585 3518 2637; x_wconf 84' lang='lat' dir='ltr'><strong>matrimo-</strong></span> 
     </span>
    </p>
   </div>
   <div class='ocr_carea' id='block_1_70' title="bbox 1943 2669 3519 2740">
    <p class='ocr_par' dir='ltr' id='par_1_70' title="bbox 1943 2669 3519 2740">
     <span class='ocr_line' id='line_1_70' title="bbox 1943 2669 3519 2740; baseline 0.004 -16"><span class='ocrx_word' id='word_1_442' title='bbox 1943 2669 2090 2725; x_wconf 85' lang='lat' dir='ltr'><strong>nium</strong></span> <span class='ocrx_word' id='word_1_443' title='bbox 2118 2685 2239 2723; x_wconf 84' lang='lat' dir='ltr'><strong>curn</strong></span> <span class='ocrx_word' id='word_1_444' title='bbox 2272 2684 2334 2725; x_wconf 90' lang='lat' dir='ltr'><strong>ea</strong></span> <span class='ocrx_word' id='word_1_445' title='bbox 2368 2680 2685 2740; x_wconf 88' lang='lat' dir='ltr'><strong>corruptus,</strong></span> <span class='ocrx_word' id='word_1_446' title='bbox 2716 2686 2915 2726; x_wconf 88' lang='lat' dir='ltr'><strong>annum</strong></span> <span class='ocrx_word' id='word_1_447' title='bbox 2947 2676 3155 2728; x_wconf 82' lang='lat' dir='ltr'><strong>Otiosus</strong></span> <span class='ocrx_word' id='word_1_448' title='bbox 3192 2676 3315 2739; x_wconf 82' lang='lat' dir='ltr'><strong>erit,</strong></span> <span class='ocrx_word' id='word_1_449' title='bbox 3357 2688 3408 2730; x_wconf 91' lang='lat' dir='ltr'><strong>et</strong></span> <span class='ocrx_word' id='word_1_450' title='bbox 3440 2679 3519 2732; x_wconf 91' lang='lat' dir='ltr'><strong>sic</strong></span> 
     </span>
    </p>
   </div>
   <div class='ocr_carea' id='block_1_71' title="bbox 1942 2760 3514 2835">
    <p class='ocr_par' dir='ltr' id='par_1_71' title="bbox 1942 2760 3514 2835">
     <span class='ocr_line' id='line_1_71' title="bbox 1942 2760 3514 2835; baseline 0.004 -21"><span class='ocrx_word' id='word_1_451' title='bbox 1942 2762 2007 2815; x_wconf 88' lang='lat' dir='ltr'><strong>ad</strong></span> <span class='ocrx_word' id='word_1_452' title='bbox 2036 2760 2322 2831; x_wconf 73' lang='lat' dir='ltr'><strong>legendum</strong></span> <span class='ocrx_word' id='word_1_453' title='bbox 2353 2762 2663 2831; x_wconf 90' lang='lat' dir='ltr'><strong>recipietur,</strong></span> <span class='ocrx_word' id='word_1_454' title='bbox 2709 2766 2773 2815; x_wconf 87' lang='lat' dir='ltr'><strong>ad</strong></span> <span class='ocrx_word' id='word_1_455' title='bbox 2821 2763 3077 2830; x_wconf 82' lang='lat' dir='ltr'><strong>majorem</strong></span> <span class='ocrx_word' id='word_1_456' title='bbox 3121 2768 3514 2835; x_wconf 74' lang='lat' dir='ltr'><strong>promorionem</strong></span> 
     </span>
    </p>
   </div>
   <div class='ocr_carea' id='block_1_72' title="bbox 1945 2853 3516 2923">
    <p class='ocr_par' dir='ltr' id='par_1_72' title="bbox 1945 2853 3516 2923">
     <span class='ocr_line' id='line_1_72' title="bbox 1945 2853 3516 2923; baseline 0.004 -17"><span class='ocrx_word' id='word_1_457' title='bbox 1945 2868 2051 2907; x_wconf 93' lang='lat' dir='ltr'><strong>non</strong></span> <span class='ocrx_word' id='word_1_458' title='bbox 2119 2853 2439 2921; x_wconf 86' lang='lat' dir='ltr'><strong>procedens,</strong></span> <span class='ocrx_word' id='word_1_459' title='bbox 2494 2853 2587 2906; x_wconf 83' lang='lat' dir='ltr'><strong>sed</strong></span> <span class='ocrx_word' id='word_1_460' title='bbox 2620 2854 2672 2906; x_wconf 91' lang='lat' dir='ltr'><strong>in</strong></span> <span class='ocrx_word' id='word_1_461' title='bbox 2726 2854 2914 2907; x_wconf 86' lang='lat' dir='ltr'><strong>eodem</strong></span> <span class='ocrx_word' id='word_1_462' title='bbox 2970 2856 3267 2922; x_wconf 82' lang='lat' dir='ltr'><strong>persistens</strong></span> <span class='ocrx_word' id='word_1_463' title='bbox 3322 2856 3516 2923; x_wconf 76' lang='lat' dir='ltr'><strong>gradu.</strong></span> 
     </span>
    </p>
   </div>
   <div class='ocr_carea' id='block_1_73' title="bbox 1944 2939 3515 3011">
    <p class='ocr_par' dir='ltr' id='par_1_73' title="bbox 1944 2939 3515 3011">
     <span class='ocr_line' id='line_1_73' title="bbox 1944 2939 3515 3011; baseline 0.002 -17"><span class='ocrx_word' id='word_1_464' title='bbox 1944 2939 2046 3007; x_wconf 83' lang='lat' dir='ltr'><strong>Qui</strong></span> <span class='ocrx_word' id='word_1_465' title='bbox 2089 2952 2269 2995; x_wconf 89' lang='lat' dir='ltr'><strong>autem</strong></span> <span class='ocrx_word' id='word_1_466' title='bbox 2299 2951 2353 2995; x_wconf 89' lang='lat' dir='ltr'><strong>et</strong></span> <span class='ocrx_word' id='word_1_467' title='bbox 2382 2949 2509 2995; x_wconf 90' lang='lat' dir='ltr'><strong>ante</strong></span> <span class='ocrx_word' id='word_1_468' title='bbox 2542 2940 3017 3009; x_wconf 82' lang='lat' dir='ltr'><strong>desponsationem</strong></span> <span class='ocrx_word' id='word_1_469' title='bbox 3068 2942 3254 2997; x_wconf 78' lang='lat' dir='ltr'><strong>furtim</strong></span> <span class='ocrx_word' id='word_1_470' title='bbox 3304 2946 3515 3011; x_wconf 82' lang='lat' dir='ltr'><strong>coierit,</strong></span> 
     </span>
    </p>
   </div>
   <div class='ocr_carea' id='block_1_74' title="bbox 1944 3031 3517 3107">
    <p class='ocr_par' dir='ltr' id='par_1_74' title="bbox 1944 3031 3517 3107">
     <span class='ocr_line' id='line_1_74' title="bbox 1944 3031 3517 3107; baseline 0.003 -22"><span class='ocrx_word' id='word_1_471' title='bbox 1944 3034 2113 3103; x_wconf 76' lang='lat' dir='ltr'><strong>gradu</strong></span> <span class='ocrx_word' id='word_1_472' title='bbox 2150 3047 2249 3086; x_wconf 87' lang='lat' dir='ltr'><strong>suo</strong></span> <span class='ocrx_word' id='word_1_473' title='bbox 2286 3031 2525 3102; x_wconf 76' lang='lat' dir='ltr'><strong>perfecte</strong></span> <span class='ocrx_word' id='word_1_474' title='bbox 2575 3043 2839 3089; x_wconf 83' lang='lat' dir='ltr'><strong>movetur.</strong></span> <span class='ocrx_word' id='word_1_475' title='bbox 2901 3034 3042 3089; x_wconf 90' lang='lat' dir='ltr'><strong>Idem</strong></span> <span class='ocrx_word' id='word_1_476' title='bbox 3089 3046 3267 3089; x_wconf 89' lang='lat' dir='ltr'><strong>autem</strong></span> <span class='ocrx_word' id='word_1_477' title='bbox 3316 3039 3517 3107; x_wconf 83' lang='lat' dir='ltr'><strong>suppli—</strong></span> 
     </span>
    </p>
   </div>
   <div class='ocr_carea' id='block_1_75' title="bbox 1946 3120 3517 3194">
    <p class='ocr_par' dir='ltr' id='par_1_75' title="bbox 1946 3120 3517 3194">
     <span class='ocr_line' id='line_1_75' title="bbox 1946 3120 3517 3194; baseline 0.001 -15"><span class='ocrx_word' id='word_1_478' title='bbox 1946 3125 2092 3179; x_wconf 90' lang='lat' dir='ltr'><strong>cium</strong></span> <span class='ocrx_word' id='word_1_479' title='bbox 2127 3132 2182 3177; x_wconf 89' lang='lat' dir='ltr'><strong>et</strong></span> <span class='ocrx_word' id='word_1_480' title='bbox 2213 3123 2265 3177; x_wconf 92' lang='lat' dir='ltr'><strong>in</strong></span> <span class='ocrx_word' id='word_1_481' title='bbox 2294 3138 2387 3177; x_wconf 82' lang='lat' dir='ltr'><strong>eos</strong></span> <span class='ocrx_word' id='word_1_482' title='bbox 2412 3120 2673 3178; x_wconf 66' lang='lat' dir='ltr'><strong>Ecclesia:</strong></span> <span class='ocrx_word' id='word_1_483' title='bbox 2722 3125 3000 3179; x_wconf 87' lang='lat' dir='ltr'><strong>ministros</strong></span> <span class='ocrx_word' id='word_1_484' title='bbox 3047 3125 3137 3194; x_wconf 88' lang='lat' dir='ltr'><strong>qui</strong></span> <span class='ocrx_word' id='word_1_485' title='bbox 3183 3124 3382 3181; x_wconf 86' lang='lat' dir='ltr'><strong>nullam</strong></span> <span class='ocrx_word' id='word_1_486' title='bbox 3420 3128 3517 3183; x_wconf 79' lang='lat' dir='ltr'><strong>lia-</strong></span> 
     </span>
    </p>
   </div>
   <div class='ocr_carea' id='block_1_76' title="bbox 1948 3214 3231 3284">
    <p class='ocr_par' dir='ltr' id='par_1_76' title="bbox 1948 3214 3231 3284">
     <span class='ocr_line' id='line_1_76' title="bbox 1948 3214 3231 3284; baseline 0.002 -15"><span class='ocrx_word' id='word_1_487' title='bbox 1948 3215 2181 3269; x_wconf 86' lang='lat' dir='ltr'><strong>buerunt</strong></span> <span class='ocrx_word' id='word_1_488' title='bbox 2214 3228 2469 3269; x_wconf 86' lang='lat' dir='ltr'><strong>manuum</strong></span> <span class='ocrx_word' id='word_1_489' title='bbox 2499 3214 2904 3284; x_wconf 85' lang='lat' dir='ltr'><strong>impositionem</strong></span> <span class='ocrx_word' id='word_1_490' title='bbox 2941 3216 3231 3273; x_wconf 84' lang='lat' dir='ltr'><strong>obtinebit.</strong></span> 
     </span>
    </p>
   </div>
   <div class='ocr_carea' id='block_1_77' title="bbox 2406 3388 3044 3459">
    <p class='ocr_par' dir='ltr' id='par_1_77' title="bbox 2406 3388 3044 3459">
     <span class='ocr_line' id='line_1_77' title="bbox 2406 3388 3044 3459; baseline 0.005 -15"><span class='ocrx_word' id='word_1_491' title='bbox 2406 3389 2565 3459; x_wconf 72' lang='lat'><strong>122</strong></span> <span class='ocrx_word' id='word_1_492' title='bbox 2603 3388 2833 3445; x_wconf 66' lang='lat' dir='ltr'><strong>canon</strong></span> <span class='ocrx_word' id='word_1_493' title='bbox 2881 3390 3044 3447; x_wconf 80' lang='lat' dir='ltr'><strong>Lxx.</strong></span> 
     </span>
    </p>
   </div>
   <div class='ocr_carea' id='block_1_78' title="bbox 1942 3483 3521 3554">
    <p class='ocr_par' dir='ltr' id='par_1_78' title="bbox 1942 3483 3521 3554">
     <span class='ocr_line' id='line_1_78' title="bbox 1942 3483 3521 3554; baseline 0.001 -17"><span class='ocrx_word' id='word_1_494' title='bbox 1942 3484 2231 3547; x_wconf 81' lang='lat' dir='ltr'><strong>Diaconus,</strong></span> <span class='ocrx_word' id='word_1_495' title='bbox 2256 3483 2346 3553; x_wconf 87' lang='lat' dir='ltr'><strong>qni</strong></span> <span class='ocrx_word' id='word_1_496' title='bbox 2380 3485 2616 3552; x_wconf 90' lang='lat' dir='ltr'><strong>pollutus</strong></span> <span class='ocrx_word' id='word_1_497' title='bbox 2641 3487 2794 3537; x_wconf 86' lang='lat' dir='ltr'><strong>estin</strong></span> <span class='ocrx_word' id='word_1_498' title='bbox 2830 3484 3021 3545; x_wconf 88' lang='lat' dir='ltr'><strong>labris,</strong></span> <span class='ocrx_word' id='word_1_499' title='bbox 3064 3494 3120 3537; x_wconf 89' lang='lat' dir='ltr'><strong>et</strong></span> <span class='ocrx_word' id='word_1_500' title='bbox 3158 3500 3214 3538; x_wconf 89' lang='lat' dir='ltr'><strong>se</strong></span> <span class='ocrx_word' id='word_1_501' title='bbox 3244 3499 3309 3538; x_wconf 89' lang='lat' dir='ltr'><strong>eo</strong></span> <span class='ocrx_word' id='word_1_502' title='bbox 3354 3499 3521 3554; x_wconf 87' lang='lat' dir='ltr'><strong>usque</strong></span> 
     </span>
    </p>
   </div>
   <div class='ocr_carea' id='block_1_79' title="bbox 2012 3574 3521 3645">
    <p class='ocr_par' dir='ltr' id='par_1_79' title="bbox 2012 3574 3521 3645">
     <span class='ocr_line' id='line_1_79' title="bbox 2012 3574 3521 3645; baseline -0.001 -16"><span class='ocrx_word' id='word_1_503' title='bbox 2012 3590 2269 3645; x_wconf 85' lang='lat' dir='ltr'><strong>peccasse</strong></span> <span class='ocrx_word' id='word_1_504' title='bbox 2314 3574 2597 3628; x_wconf 81' lang='lat' dir='ltr'><strong>confessus</strong></span> <span class='ocrx_word' id='word_1_505' title='bbox 2653 3586 2757 3637; x_wconf 84' lang='lat' dir='ltr'><strong>est,</strong></span> <span class='ocrx_word' id='word_1_506' title='bbox 2790 3590 2820 3628; x_wconf 90' lang='lat' dir='ltr'><strong>a</strong></span> <span class='ocrx_word' id='word_1_507' title='bbox 2859 3575 3166 3629; x_wconf 85' lang='lat' dir='ltr'><strong>ministerio</strong></span> <span class='ocrx_word' id='word_1_508' title='bbox 3209 3577 3521 3645; x_wconf 69' lang='lat' dir='ltr'><strong>prohibebi-</strong></span> 
     </span>
    </p>
   </div>
   <div class='ocr_carea' id='block_1_80' title="bbox 2015 3666 3521 3723">
    <p class='ocr_par' dir='ltr' id='par_1_80' title="bbox 2015 3666 3521 3723">
     <span class='ocr_line' id='line_1_80' title="bbox 2015 3666 3521 3723; baseline 0.003 -5"><span class='ocrx_word' id='word_1_509' title='bbox 2015 3678 2105 3721; x_wconf 90' lang='lat' dir='ltr'><strong>tur</strong></span> <span class='ocrx_word' id='word_1_510' title='bbox 2139 3684 2153 3720; x_wconf 90' lang='lat'><strong>:</strong></span> <span class='ocrx_word' id='word_1_511' title='bbox 2189 3676 2247 3719; x_wconf 89' lang='lat' dir='ltr'><strong>ut</strong></span> <span class='ocrx_word' id='word_1_512' title='bbox 2272 3676 2451 3722; x_wconf 81' lang='lat' dir='ltr'><strong>autem</strong></span> <span class='ocrx_word' id='word_1_513' title='bbox 2482 3666 2554 3719; x_wconf 89' lang='lat' dir='ltr'><strong>sit</strong></span> <span class='ocrx_word' id='word_1_514' title='bbox 2584 3675 3045 3719; x_wconf 78' lang='lat' dir='ltr'><strong>sacramentorum</strong></span> <span class='ocrx_word' id='word_1_515' title='bbox 3100 3682 3221 3721; x_wconf 85' lang='lat' dir='ltr'><strong>cum</strong></span> <span class='ocrx_word' id='word_1_516' title='bbox 3276 3671 3521 3723; x_wconf 70' lang='lat' dir='ltr'><strong>diaconis</strong></span> 
     </span>
    </p>
   </div>
   <div class='ocr_carea' id='block_1_81' title="bbox 2012 3756 3525 3831">
    <p class='ocr_par' dir='ltr' id='par_1_81' title="bbox 2012 3756 3525 3831">
     <span class='ocr_line' id='line_1_81' title="bbox 2012 3756 3525 3831; baseline -0.005 -19"><span class='ocrx_word' id='word_1_517' title='bbox 2012 3758 2284 3827; x_wconf 86' lang='lat' dir='ltr'><strong>particeps</strong></span> <span class='ocrx_word' id='word_1_518' title='bbox 2304 3758 2495 3827; x_wconf 77' lang='lat' dir='ltr'><strong>dignus</strong></span> <span class='ocrx_word' id='word_1_519' title='bbox 2520 3756 2823 3811; x_wconf 72' lang='lat' dir='ltr'><strong>habebitur.</strong></span> <span class='ocrx_word' id='word_1_520' title='bbox 2840 3756 2893 3811; x_wconf 90' lang='lat' dir='ltr'><strong>Id</strong></span> <span class='ocrx_word' id='word_1_521' title='bbox 2922 3760 3091 3826; x_wconf 79' lang='lat' dir='ltr'><strong>ipsum</strong></span> <span class='ocrx_word' id='word_1_522' title='bbox 3110 3769 3284 3813; x_wconf 86' lang='lat' dir='ltr'><strong>autem</strong></span> <span class='ocrx_word' id='word_1_523' title='bbox 3304 3763 3525 3831; x_wconf 71' lang='lat' dir='ltr'><strong>p&quot;t&#39;sby-</strong></span> 
     </span>
    </p>
   </div>
   <div class='ocr_carea' id='block_1_82' title="bbox 2014 3848 3516 3921">
    <p class='ocr_par' dir='ltr' id='par_1_82' title="bbox 2014 3848 3516 3921">
     <span class='ocr_line' id='line_1_82' title="bbox 2014 3848 3516 3921; baseline 0.002 -19"><span class='ocrx_word' id='word_1_524' title='bbox 2014 3858 2100 3904; x_wconf 89' lang='lat' dir='ltr'><strong>ter</strong></span> <span class='ocrx_word' id='word_1_525' title='bbox 2129 3862 2367 3917; x_wconf 90' lang='lat' dir='ltr'><strong>quoque.</strong></span> <span class='ocrx_word' id='word_1_526' title='bbox 2400 3848 2455 3901; x_wconf 83' lang='lat' dir='ltr'><strong>Si</strong></span> <span class='ocrx_word' id='word_1_527' title='bbox 2486 3850 2614 3918; x_wconf 91' lang='lat' dir='ltr'><strong>quid</strong></span> <span class='ocrx_word' id='word_1_528' title='bbox 2659 3861 2839 3903; x_wconf 89' lang='lat' dir='ltr'><strong>autem</strong></span> <span class='ocrx_word' id='word_1_529' title='bbox 2872 3849 3102 3917; x_wconf 88' lang='lat' dir='ltr'><strong>amplius</strong></span> <span class='ocrx_word' id='word_1_530' title='bbox 3144 3866 3364 3919; x_wconf 82' lang='lat' dir='ltr'><strong>pecasse</strong></span> <span class='ocrx_word' id='word_1_531' title='bbox 3394 3854 3516 3921; x_wconf 86' lang='lat' dir='ltr'><strong>quis</strong></span> 
     </span>
    </p>
   </div>
   <div class='ocr_carea' id='block_1_83' title="bbox 2013 3935 3519 4011">
    <p class='ocr_par' dir='ltr' id='par_1_83' title="bbox 2013 3935 3519 4011">
     <span class='ocr_line' id='line_1_83' title="bbox 2013 3935 3519 4011; baseline 0.001 -16"><span class='ocrx_word' id='word_1_532' title='bbox 2013 3939 2386 4009; x_wconf 82' lang='lat' dir='ltr'><strong>deprehensus</strong></span> <span class='ocrx_word' id='word_1_533' title='bbox 2431 3938 2617 4004; x_wconf 81' lang='lat' dir='ltr'><strong>fuerit,</strong></span> <span class='ocrx_word' id='word_1_534' title='bbox 2652 3938 2707 3993; x_wconf 91' lang='lat' dir='ltr'><strong>in</strong></span> <span class='ocrx_word' id='word_1_535' title='bbox 2738 3935 3061 4008; x_wconf 65' lang='lat' dir='ltr'><strong>quocunque</strong></span> <span class='ocrx_word' id='word_1_536' title='bbox 3091 3942 3161 3993; x_wconf 89' lang='lat' dir='ltr'><strong>sit</strong></span> <span class='ocrx_word' id='word_1_537' title='bbox 3193 3944 3385 4011; x_wconf 71' lang='lat' dir='ltr'><strong>gradu,</strong></span> <span class='ocrx_word' id='word_1_538' title='bbox 3421 3944 3519 3997; x_wconf 86' lang='lat' dir='ltr'><strong>dc-</strong></span> 
     </span>
    </p>
   </div>
   <div class='ocr_carea' id='block_1_84' title="bbox 2015 4040 2274 4103">
    <p class='ocr_par' dir='ltr' id='par_1_84' title="bbox 2015 4040 2274 4103">
     <span class='ocr_line' id='line_1_84' title="bbox 2015 4040 2274 4103; baseline -0.004 -17"><span class='ocrx_word' id='word_1_539' title='bbox 2015 4040 2274 4103; x_wconf 87' lang='lat' dir='ltr'><strong>ponetur.</strong></span> 
     </span>
    </p>
   </div>
   <div class='ocr_carea' id='block_1_85' title="bbox 2015 4142 3522 4213">
    <p class='ocr_par' dir='ltr' id='par_1_85' title="bbox 2015 4142 3522 4213">
     <span class='ocr_line' id='line_1_85' title="bbox 2015 4142 3522 4213; baseline 0.001 -13"><span class='ocrx_word' id='word_1_540' title='bbox 2015 4146 2209 4201; x_wconf 80' lang='lat' dir='ltr'><strong>BALS.</strong></span> <span class='ocrx_word' id='word_1_541' title='bbox 2242 4145 2536 4198; x_wconf 79' lang='lat' dir='ltr'><strong>Diaconnm</strong></span> <span class='ocrx_word' id='word_1_542' title='bbox 2591 4142 2674 4198; x_wconf 91' lang='lat' dir='ltr'><strong>vel</strong></span> <span class='ocrx_word' id='word_1_543' title='bbox 2717 4144 3077 4211; x_wconf 82' lang='lat' dir='ltr'><strong>sacerdotem,</strong></span> <span class='ocrx_word' id='word_1_544' title='bbox 3124 4147 3213 4213; x_wconf 90' lang='lat' dir='ltr'><strong>qni</strong></span> <span class='ocrx_word' id='word_1_545' title='bbox 3268 4147 3318 4200; x_wconf 90' lang='lat' dir='ltr'><strong>in</strong></span> <span class='ocrx_word' id='word_1_546' title='bbox 3360 4147 3522 4204; x_wconf 79' lang='lat' dir='ltr'><strong>labris</strong></span> 
     </span>
    </p>
   </div>
   <div class='ocr_carea' id='block_1_86' title="bbox 1946 4239 3520 4313">
    <p class='ocr_par' dir='ltr' id='par_1_86' title="bbox 1946 4239 3520 4313">
     <span class='ocr_line' id='line_1_86' title="bbox 1946 4239 3520 4313; baseline 0.003 -18"><span class='ocrx_word' id='word_1_547' title='bbox 1946 4243 2181 4313; x_wconf 89' lang='lat' dir='ltr'><strong>pollutus</strong></span> <span class='ocrx_word' id='word_1_548' title='bbox 2214 4251 2494 4309; x_wconf 64' lang='lat' dir='ltr'><strong>peccatum</strong></span> <span class='ocrx_word' id='word_1_549' title='bbox 2540 4239 2824 4294; x_wconf 84' lang='lat' dir='ltr'><strong>confessus</strong></span> <span class='ocrx_word' id='word_1_550' title='bbox 2854 4248 2957 4304; x_wconf 87' lang='lat' dir='ltr'><strong>est,</strong></span> <span class='ocrx_word' id='word_1_551' title='bbox 3011 4242 3253 4296; x_wconf 76' lang='lat' dir='ltr'><strong>decernit</strong></span> <span class='ocrx_word' id='word_1_552' title='bbox 3298 4254 3520 4299; x_wconf 84' lang='lat' dir='ltr'><strong>sanctus</strong></span> 
     </span>
    </p>
   </div>
   <div class='ocr_carea' id='block_1_87' title="bbox 1944 4332 3523 4398">
    <p class='ocr_par' dir='ltr' id='par_1_87' title="bbox 1944 4332 3523 4398">
     <span class='ocr_line' id='line_1_87' title="bbox 1944 4332 3523 4398; baseline 0.001 -9"><span class='ocrx_word' id='word_1_553' title='bbox 1944 4351 2064 4389; x_wconf 81' lang='lat' dir='ltr'><strong>esse</strong></span> <span class='ocrx_word' id='word_1_554' title='bbox 2090 4349 2117 4387; x_wconf 88' lang='lat' dir='ltr'><strong>a</strong></span> <span class='ocrx_word' id='word_1_555' title='bbox 2156 4348 2312 4387; x_wconf 78' lang='lat' dir='ltr'><strong>sacro</strong></span> <span class='ocrx_word' id='word_1_556' title='bbox 2354 4332 2661 4385; x_wconf 80' lang='lat' dir='ltr'><strong>ministerio</strong></span> <span class='ocrx_word' id='word_1_557' title='bbox 2703 4336 3020 4398; x_wconf 74' lang='lat' dir='ltr'><strong>arcendum,</strong></span> <span class='ocrx_word' id='word_1_558' title='bbox 3055 4349 3157 4387; x_wconf 92' lang='lat' dir='ltr'><strong>non</strong></span> <span class='ocrx_word' id='word_1_559' title='bbox 3193 4343 3372 4387; x_wconf 76' lang='lat' dir='ltr'><strong>tntuett</strong></span> <span class='ocrx_word' id='word_1_560' title='bbox 3402 4352 3523 4390; x_wconf 89' lang='lat' dir='ltr'><strong>esse</strong></span> 
     </span>
    </p>
   </div>
   <div class='ocr_carea' id='block_1_88' title="bbox 1947 4423 3520 4493">
    <p class='ocr_par' dir='ltr' id='par_1_88' title="bbox 1947 4423 3520 4493">
     <span class='ocr_line' id='line_1_88' title="bbox 1947 4423 3520 4493; baseline -0.001 -12"><span class='ocrx_word' id='word_1_561' title='bbox 1947 4442 1975 4480; x_wconf 86' lang='lat' dir='ltr'><strong>a</strong></span> <span class='ocrx_word' id='word_1_562' title='bbox 2008 4434 2473 4481; x_wconf 80' lang='lat' dir='ltr'><strong>sacramentorum</strong></span> <span class='ocrx_word' id='word_1_563' title='bbox 2501 4438 2717 4492; x_wconf 90' lang='lat' dir='ltr'><strong>quoque</strong></span> <span class='ocrx_word' id='word_1_564' title='bbox 2764 4423 3175 4491; x_wconf 82' lang='lat' dir='ltr'><strong>participatione</strong></span> <span class='ocrx_word' id='word_1_565' title='bbox 3226 4428 3520 4493; x_wconf 80' lang='lat' dir='ltr'><strong>prohiben-</strong></span> 
     </span>
    </p>
   </div>
   <div class='ocr_carea' id='block_1_89' title="bbox 252 4505 1841 4585">
    <p class='ocr_par' dir='ltr' id='par_1_89' title="bbox 252 4505 1835 4577">
     <span class='ocr_line' id='line_1_89' title="bbox 252 4505 1835 4577; baseline 0.001 -17"><span class='ocrx_word' id='word_1_566' title='bbox 252 4506 649 4575; x_wconf 83' lang='grc' dir='ltr'>ἀπείργεσθαι,</span> <span class='ocrx_word' id='word_1_567' title='bbox 678 4506 815 4557; x_wconf 78' lang='grc' dir='ltr'>ἀλλὰ</span> <span class='ocrx_word' id='word_1_568' title='bbox 841 4505 1297 4575; x_wconf 73' lang='grc' dir='ltr'>μεταλαμϐάνειν</span> <span class='ocrx_word' id='word_1_569' title='bbox 1352 4509 1507 4571; x_wconf 71' lang='grc' dir='ltr'>ἐντὸς</span> <span class='ocrx_word' id='word_1_570' title='bbox 1532 4510 1627 4562; x_wconf 83' lang='grc' dir='ltr'>τοῦ</span> <span class='ocrx_word' id='word_1_571' title='bbox 1676 4509 1835 4577; x_wconf 77' lang='grc' dir='ltr'>ἁγίου</span> 
     </span>
    </p>
   </div>
   <div class='ocr_carea' id='block_1_90' title="bbox 1946 4505 3519 4585">
    <p class='ocr_par' dir='ltr' id='par_1_90' title="bbox 1948 4516 3519 4585">
     <span class='ocr_line' id='line_1_90' title="bbox 1948 4516 3519 4585; baseline -0.001 -14"><span class='ocrx_word' id='word_1_572' title='bbox 1948 4519 2098 4580; x_wconf 81' lang='lat' dir='ltr'><strong>dum,</strong></span> <span class='ocrx_word' id='word_1_573' title='bbox 2143 4518 2237 4571; x_wconf 88' lang='lat' dir='ltr'><strong>sed</strong></span> <span class='ocrx_word' id='word_1_574' title='bbox 2273 4516 2413 4568; x_wconf 79' lang='lat' dir='ltr'><strong>intra</strong></span> <span class='ocrx_word' id='word_1_575' title='bbox 2454 4530 2669 4567; x_wconf 84' lang='lat' dir='ltr'><strong>sacrum</strong></span> <span class='ocrx_word' id='word_1_576' title='bbox 2731 4516 2964 4567; x_wconf 85' lang='lat' dir='ltr'><strong>tribunal</strong></span> <span class='ocrx_word' id='word_1_577' title='bbox 3010 4531 3129 4567; x_wconf 91' lang='lat' dir='ltr'><strong>cum</strong></span> <span class='ocrx_word' id='word_1_578' title='bbox 3185 4519 3361 4585; x_wconf 70' lang='lat' dir='ltr'><strong>gradu</strong></span> <span class='ocrx_word' id='word_1_579' title='bbox 3420 4520 3519 4571; x_wconf 89' lang='lat' dir='ltr'><strong>sibi</strong></span> 
     </span>
    </p>
   </div>
   <div class='ocr_carea' id='block_1_91' title="bbox 255 4597 1840 4672">
    <p class='ocr_par' dir='ltr' id='par_1_91' title="bbox 255 4597 1840 4672">
     <span class='ocr_line' id='line_1_91' title="bbox 255 4597 1840 4672; baseline -0.008 -4"><span class='ocrx_word' id='word_1_580' title='bbox 255 4598 513 4668; x_wconf 71' lang='grc' dir='ltr'><strong>βήματος</strong></span> <span class='ocrx_word' id='word_1_581' title='bbox 549 4597 691 4667; x_wconf 69' lang='grc' dir='ltr'>μετὰ</span> <span class='ocrx_word' id='word_1_582' title='bbox 728 4597 838 4650; x_wconf 84' lang='grc' dir='ltr'>τῶν</span> <span class='ocrx_word' id='word_1_583' title='bbox 874 4598 1195 4668; x_wconf 78' lang='grc' dir='ltr'>ίσοσάθμων</span> <span class='ocrx_word' id='word_1_584' title='bbox 1228 4600 1399 4654; x_wconf 80' lang='grc' dir='ltr'>αὑτοῦ</span> <span class='ocrx_word' id='word_1_585' title='bbox 1428 4602 1625 4671; x_wconf 74' lang='grc' dir='ltr'>ἱερέων</span> <span class='ocrx_word' id='word_1_586' title='bbox 1656 4602 1688 4672; x_wconf 78' lang='grc' dir='ltr'>ἢ</span> <span class='ocrx_word' id='word_1_587' title='bbox 1723 4603 1840 4656; x_wconf 81' lang='grc' dir='ltr'>δια-</span> 
     </span>
    </p>
   </div>
   <div class='ocr_carea' id='block_1_92' title="bbox 252 4689 1839 4763">
    <p class='ocr_par' dir='ltr' id='par_1_92' title="bbox 252 4689 1839 4763">
     <span class='ocr_line' id='line_1_92' title="bbox 252 4689 1839 4763; baseline 0.004 -23"><span class='ocrx_word' id='word_1_588' title='bbox 252 4689 456 4742; x_wconf 83' lang='grc' dir='ltr'>κόνων.</span> <span class='ocrx_word' id='word_1_589' title='bbox 488 4689 591 4740; x_wconf 83' lang='grc' dir='ltr'><strong>Τὸν</strong></span> <span class='ocrx_word' id='word_1_590' title='bbox 624 4689 679 4741; x_wconf 78' lang='grc' dir='ltr'><strong>δὲ</strong></span> <span class='ocrx_word' id='word_1_591' title='bbox 726 4689 802 4758; x_wconf 81' lang='grc' dir='ltr'>μὴ</span> <span class='ocrx_word' id='word_1_592' title='bbox 859 4689 1022 4759; x_wconf 84' lang='grc' dir='ltr'>μέχρι</span> <span class='ocrx_word' id='word_1_593' title='bbox 1062 4691 1251 4744; x_wconf 81' lang='grc' dir='ltr'>τούτου</span> <span class='ocrx_word' id='word_1_594' title='bbox 1286 4694 1676 4763; x_wconf 78' lang='grc' dir='ltr'>ἡμαρτηκότα,</span> <span class='ocrx_word' id='word_1_595' title='bbox 1702 4695 1839 4747; x_wconf 81' lang='grc' dir='ltr'>ἀλλὰ</span> 
     </span>
    </p>
   </div>
   <div class='ocr_carea' id='block_1_93' title="bbox 251 4778 1833 4853">
    <p class='ocr_par' dir='ltr' id='par_1_93' title="bbox 251 4778 1833 4853">
     <span class='ocr_line' id='line_1_93' title="bbox 251 4778 1833 4853; baseline 0.003 -22"><span class='ocrx_word' id='word_1_596' title='bbox 251 4780 354 4831; x_wconf 75' lang='grc' dir='ltr'>καὶ</span> <span class='ocrx_word' id='word_1_597' title='bbox 400 4780 480 4841; x_wconf 83' lang='grc' dir='ltr'>εἰς</span> <span class='ocrx_word' id='word_1_598' title='bbox 512 4778 673 4831; x_wconf 78' lang='grc' dir='ltr'>πλέον</span> <span class='ocrx_word' id='word_1_599' title='bbox 713 4780 1171 4850; x_wconf 78' lang='grc' dir='ltr'>ἑξολισθήσαντα,</span> <span class='ocrx_word' id='word_1_600' title='bbox 1238 4782 1381 4835; x_wconf 81' lang='grc' dir='ltr'>θέλει</span> <span class='ocrx_word' id='word_1_601' title='bbox 1432 4784 1833 4853; x_wconf 67' lang='grc' dir='ltr'>καθαιρεῖσθαι.</span> 
     </span>
    </p>
   </div>
   <div class='ocr_carea' id='block_1_94' title="bbox 253 4870 1842 4949">
    <p class='ocr_par' dir='ltr' id='par_1_94' title="bbox 253 4870 1842 4949">
     <span class='ocr_line' id='line_1_94' title="bbox 253 4870 1842 4949; baseline 0.003 -25"><span class='ocrx_word' id='word_1_602' title='bbox 253 4870 444 4949; x_wconf 56' lang='grc' dir='ltr'>Ταῖςτα</span> <span class='ocrx_word' id='word_1_603' title='bbox 498 4870 592 4923; x_wconf 82' lang='grc' dir='ltr'>τοῦ</span> <span class='ocrx_word' id='word_1_604' title='bbox 624 4872 848 4935; x_wconf 85' lang='grc' dir='ltr'>κανόνος</span> <span class='ocrx_word' id='word_1_605' title='bbox 886 4873 1288 4949; x_wconf 80' lang='grc' dir='ltr'>διοριζομένου,</span> <span class='ocrx_word' id='word_1_606' title='bbox 1324 4876 1587 4945; x_wconf 79' lang='grc' dir='ltr'>ἠρωτήθη</span> <span class='ocrx_word' id='word_1_607' title='bbox 1646 4877 1842 4929; x_wconf 85' lang='grc' dir='ltr'>πολλά-</span> 
     </span>
    </p>
   </div>
   <div class='ocr_carea' id='block_1_95' title="bbox 250 4940 1835 5040">
    <p class='ocr_par' dir='ltr' id='par_1_95' title="bbox 250 4940 1835 5040">
     <span class='ocr_line' id='line_1_95' title="bbox 250 4940 1835 5040; baseline 0.004 -25"><span class='ocrx_word' id='word_1_608' title='bbox 250 4940 375 5026; x_wconf 39' lang='grc' dir='ltr'>κις,</span> <span class='ocrx_word' id='word_1_609' title='bbox 398 4962 462 5015; x_wconf 81' lang='grc' dir='ltr'>Τί</span> <span class='ocrx_word' id='word_1_610' title='bbox 486 4964 603 5015; x_wconf 71' lang='grc' dir='ltr'>ιστι</span> <span class='ocrx_word' id='word_1_611' title='bbox 632 4965 692 5016; x_wconf 85' lang='grc' dir='ltr'><strong>τὺ</strong></span> <span class='ocrx_word' id='word_1_612' title='bbox 718 4968 774 5017; x_wconf 80' lang='grc' dir='ltr'>ὲν</span> <span class='ocrx_word' id='word_1_613' title='bbox 803 4940 1013 5035; x_wconf 82' lang='grc' dir='ltr'>χείλεσι</span> <span class='ocrx_word' id='word_1_614' title='bbox 1052 4940 1472 5037; x_wconf 33' lang='grc' dir='ltr'>μιανθῆναι-τὸν</span> <span class='ocrx_word' id='word_1_615' title='bbox 1492 4940 1795 5040; x_wconf 72' lang='grc' dir='ltr'>ίερωμένον</span> <span class='ocrx_word' id='word_1_616' title='bbox 1820 4988 1835 5034; x_wconf 89' lang='grc'><strong>;</strong></span> 
     </span>
    </p>
   </div>
   <div class='ocr_carea' id='block_1_96' title="bbox 252 5049 1837 5131">
    <p class='ocr_par' dir='ltr' id='par_1_96' title="bbox 252 5049 1837 5131">
     <span class='ocr_line' id='line_1_96' title="bbox 252 5049 1837 5131; baseline 0.004 -24"><span class='ocrx_word' id='word_1_617' title='bbox 252 5053 366 5107; x_wconf 77' lang='grc' dir='ltr'>Καί</span> <span class='ocrx_word' id='word_1_618' title='bbox 400 5069 547 5115; x_wconf 88' lang='grc' dir='ltr'>τινες</span> <span class='ocrx_word' id='word_1_619' title='bbox 576 5049 735 5109; x_wconf 84' lang='grc' dir='ltr'>εἷπον</span> <span class='ocrx_word' id='word_1_620' title='bbox 758 5052 898 5109; x_wconf 74' lang='grc' dir='ltr'>εἶναι</span> <span class='ocrx_word' id='word_1_621' title='bbox 928 5058 988 5111; x_wconf 84' lang='grc' dir='ltr'>τὸ</span> <span class='ocrx_word' id='word_1_622' title='bbox 1018 5060 1182 5129; x_wconf 77' lang='grc' dir='ltr'>μέχρι</span> <span class='ocrx_word' id='word_1_623' title='bbox 1212 5062 1523 5131; x_wconf 83' lang='grc' dir='ltr'>φιλήματος</span> <span class='ocrx_word' id='word_1_624' title='bbox 1549 5061 1837 5130; x_wconf 81' lang='grc' dir='ltr'>ὲμπαθοῦς</span> 
     </span>
    </p>
   </div>
   <div class='ocr_carea' id='block_1_97' title="bbox 251 5145 1843 5223">
    <p class='ocr_par' dir='ltr' id='par_1_97' title="bbox 251 5145 1843 5223">
     <span class='ocr_line' id='line_1_97' title="bbox 251 5145 1843 5223; baseline 0.006 -26"><span class='ocrx_word' id='word_1_625' title='bbox 251 5147 352 5199; x_wconf 83' lang='grc' dir='ltr'>καὶ</span> <span class='ocrx_word' id='word_1_626' title='bbox 385 5145 652 5213; x_wconf 66' lang='grc' dir='ltr'>ἐρωτικοῦ</span> <span class='ocrx_word' id='word_1_627' title='bbox 699 5148 837 5217; x_wconf 83' lang='grc' dir='ltr'>πρὸς</span> <span class='ocrx_word' id='word_1_628' title='bbox 867 5154 1107 5216; x_wconf 82' lang='grc' dir='ltr'>γυναῖκα</span> <span class='ocrx_word' id='word_1_629' title='bbox 1139 5153 1429 5221; x_wconf 85' lang='grc' dir='ltr'>γινομένου</span> <span class='ocrx_word' id='word_1_630' title='bbox 1448 5154 1843 5223; x_wconf 58' lang='grc' dir='ltr'>ἡμαρτηκέναι</span> 
     </span>
    </p>
   </div>
   <div class='ocr_carea' id='block_1_98' title="bbox 251 5234 1841 5316">
    <p class='ocr_par' dir='ltr' id='par_1_98' title="bbox 251 5234 1841 5316">
     <span class='ocr_line' id='line_1_98' title="bbox 251 5234 1841 5316; baseline 0.009 -34"><span class='ocrx_word' id='word_1_631' title='bbox 251 5235 400 5295; x_wconf 78' lang='grc' dir='ltr'>τινὰ,</span> <span class='ocrx_word' id='word_1_632' title='bbox 432 5234 576 5285; x_wconf 80' lang='grc' dir='ltr'>κατὰ</span> <span class='ocrx_word' id='word_1_633' title='bbox 618 5235 678 5285; x_wconf 77' lang='grc' dir='ltr'>τὸ</span> <span class='ocrx_word' id='word_1_634' title='bbox 703 5236 1066 5304; x_wconf 79' lang='grc' dir='ltr'>εὐαγγελικὸν</span> <span class='ocrx_word' id='word_1_635' title='bbox 1100 5244 1267 5310; x_wconf 79' lang='grc' dir='ltr'>ῥητὸν</span> <span class='ocrx_word' id='word_1_636' title='bbox 1314 5243 1374 5293; x_wconf 82' lang='grc' dir='ltr'>τὸ</span> <span class='ocrx_word' id='word_1_637' title='bbox 1398 5242 1597 5316; x_wconf 60' lang='grc' dir='ltr'>λέγον;</span> <span class='ocrx_word' id='word_1_638' title='bbox 1643 5246 1714 5297; x_wconf 90' lang='lat'><strong>&#39;0</strong></span> <span class='ocrx_word' id='word_1_639' title='bbox 1738 5245 1841 5312; x_wconf 82' lang='grc' dir='ltr'><strong>ἐμ-</strong></span> 
     </span>
    </p>
   </div>
   <div class='ocr_carea' id='block_1_99' title="bbox 251 5323 1840 5405">
    <p class='ocr_par' dir='ltr' id='par_1_99' title="bbox 251 5323 1840 5405">
     <span class='ocr_line' id='line_1_99' title="bbox 251 5323 1840 5405; baseline 0.012 -32"><span class='ocrx_word' id='word_1_640' title='bbox 251 5323 490 5390; x_wconf 62' lang='grc' dir='ltr'>ϐίέψας</span> <span class='ocrx_word' id='word_1_641' title='bbox 544 5327 779 5393; x_wconf 74' lang='grc' dir='ltr'>γυναικί</span> <span class='ocrx_word' id='word_1_642' title='bbox 817 5331 987 5397; x_wconf 78' lang='grc' dir='ltr'>’πρὸς</span> <span class='ocrx_word' id='word_1_643' title='bbox 1048 5332 1113 5385; x_wconf 82' lang='grc' dir='ltr'>τὸ</span> <span class='ocrx_word' id='word_1_644' title='bbox 1181 5333 1549 5404; x_wconf 74' lang='grc' dir='ltr'>ἐπιθυμῆσαι</span> <span class='ocrx_word' id='word_1_645' title='bbox 1619 5336 1840 5405; x_wconf 80' lang='grc' dir='ltr'>αὐτῆς,</span> 
     </span>
    </p>
   </div>
   <div class='ocr_carea' id='block_1_100' title="bbox 252 5415 1843 5497">
    <p class='ocr_par' dir='ltr' id='par_1_100' title="bbox 252 5415 1843 5497">
     <span class='ocr_line' id='line_1_100' title="bbox 252 5415 1843 5497; baseline 0.008 -31"><span class='ocrx_word' id='word_1_646' title='bbox 252 5415 375 5481; x_wconf 77' lang='grc' dir='ltr'><strong>ἤδη</strong></span> <span class='ocrx_word' id='word_1_647' title='bbox 402 5419 765 5485; x_wconf 70' lang='grc' dir='ltr'>ἐμοίχευσεν</span> <span class='ocrx_word' id='word_1_648' title='bbox 784 5423 1003 5486; x_wconf 75' lang='grc' dir='ltr'>αὐτήν.</span> <span class='ocrx_word' id='word_1_649' title='bbox 1038 5424 1221 5478; x_wconf 83' lang='grc' dir='ltr'>Ἀλλοι</span> <span class='ocrx_word' id='word_1_650' title='bbox 1275 5423 1432 5480; x_wconf 83' lang='grc' dir='ltr'>εἷπον</span> <span class='ocrx_word' id='word_1_651' title='bbox 1463 5426 1537 5490; x_wconf 82' lang='grc' dir='ltr'>ὥς</span> <span class='ocrx_word' id='word_1_652' title='bbox 1571 5444 1714 5491; x_wconf 85' lang='grc' dir='ltr'>τινες</span> <span class='ocrx_word' id='word_1_653' title='bbox 1763 5427 1843 5497; x_wconf 81' lang='grc' dir='ltr'>τῷ</span> 
     </span>
    </p>
   </div>
   <div class='ocr_carea' id='block_1_101' title="bbox 262 5508 1835 5589">
    <p class='ocr_par' dir='ltr' id='par_1_101' title="bbox 262 5508 1835 5589">
     <span class='ocr_line' id='line_1_101' title="bbox 262 5508 1835 5589; baseline 0.011 -31"><span class='ocrx_word' id='word_1_654' title='bbox 262 5508 570 5577; x_wconf 72' lang='grc' dir='ltr'>ἀφροδισὶῳ</span> <span class='ocrx_word' id='word_1_655' title='bbox 641 5513 779 5583; x_wconf 83' lang='grc' dir='ltr'>πυρὶ</span> <span class='ocrx_word' id='word_1_656' title='bbox 831 5514 1069 5579; x_wconf 73' lang='grc' dir='ltr'>διακαῶς</span> <span class='ocrx_word' id='word_1_657' title='bbox 1123 5519 1455 5589; x_wconf 77' lang='grc' dir='ltr'>έκκαόμενοι</span> <span class='ocrx_word' id='word_1_658' title='bbox 1533 5520 1607 5584; x_wconf 84' lang='grc' dir='ltr'>ὡς</span> <span class='ocrx_word' id='word_1_659' title='bbox 1655 5521 1835 5575; x_wconf 78' lang='grc' dir='ltr'>κύλικι</span> 
     </span>
    </p>
   </div>
   <div class='ocr_carea' id='block_1_102' title="bbox 253 5597 1823 5682">
    <p class='ocr_par' dir='ltr' id='par_1_102' title="bbox 253 5597 1823 5682">
     <span class='ocr_line' id='line_1_102' title="bbox 253 5597 1823 5682; baseline 0.013 -35"><span class='ocrx_word' id='word_1_660' title='bbox 253 5597 504 5667; x_wconf 80' lang='grc' dir='ltr'>χρῶνται</span> <span class='ocrx_word' id='word_1_661' title='bbox 535 5600 613 5670; x_wconf 82' lang='grc' dir='ltr'>τῷ</span> <span class='ocrx_word' id='word_1_662' title='bbox 644 5607 942 5674; x_wconf 80' lang='grc' dir='ltr'>γυναικεέῳ</span> <span class='ocrx_word' id='word_1_663' title='bbox 975 5608 1181 5679; x_wconf 53' lang='grc' dir='ltr'>αᾲδοῖῳ,</span> <span class='ocrx_word' id='word_1_664' title='bbox 1215 5612 1310 5665; x_wconf 80' lang='grc' dir='ltr'>καὶ</span> <span class='ocrx_word' id='word_1_665' title='bbox 1340 5611 1410 5665; x_wconf 78' lang='grc' dir='ltr'>δι’</span> <span class='ocrx_word' id='word_1_666' title='bbox 1446 5614 1609 5667; x_wconf 75' lang='grc' dir='ltr'>αὑτοῦ</span> <span class='ocrx_word' id='word_1_667' title='bbox 1643 5613 1707 5682; x_wconf 84' lang='grc' dir='ltr'><strong>(ὣ</strong></span> <span class='ocrx_word' id='word_1_668' title='bbox 1729 5614 1823 5668; x_wconf 67' lang='grc' dir='ltr'>τοῦ</span> 
     </span>
    </p>
   </div>
   <div class='ocr_carea' id='block_1_103' title="bbox 358 5780 796 5849">
    <p class='ocr_par' dir='ltr' id='par_1_103' title="bbox 358 5780 796 5849">
     <span class='ocr_line' id='line_1_103' title="bbox 358 5780 796 5849; baseline 0.011 -15"><span class='ocrx_word' id='word_1_669' title='bbox 358 5781 373 5812; x_wconf 82' lang='grc'>⁸</span> <span class='ocrx_word' id='word_1_670' title='bbox 414 5780 607 5837; x_wconf 71' lang='lat' dir='ltr'><strong>Matth.</strong></span> <span class='ocrx_word' id='word_1_671' title='bbox 638 5799 690 5849; x_wconf 75' lang='grc' dir='ltr'>ι’,</span> <span class='ocrx_word' id='word_1_672' title='bbox 709 5786 796 5839; x_wconf 72' lang='grc'><strong>23.</strong></span> 
     </span>
    </p>
   </div>
   <div class='ocr_carea' id='block_1_104' title="bbox 1945 4605 3519 4678">
    <p class='ocr_par' dir='ltr' id='par_1_104' title="bbox 1945 4605 3519 4678">
     <span class='ocr_line' id='line_1_104' title="bbox 1945 4605 3519 4678; baseline -0.001 -13"><span class='ocrx_word' id='word_1_673' title='bbox 1945 4610 2244 4678; x_wconf 69' lang='lat' dir='ltr'><strong>aequalibus</strong></span> <span class='ocrx_word' id='word_1_674' title='bbox 2278 4607 2658 4660; x_wconf 81' lang='lat' dir='ltr'><strong>sacerdoribus</strong></span> <span class='ocrx_word' id='word_1_675' title='bbox 2685 4605 2766 4658; x_wconf 79' lang='lat' dir='ltr'><strong>Vni</strong></span> <span class='ocrx_word' id='word_1_676' title='bbox 2809 4607 3074 4660; x_wconf 76' lang='lat' dir='ltr'><strong>diaconus</strong></span> <span class='ocrx_word' id='word_1_677' title='bbox 3105 4610 3519 4663; x_wconf 74' lang='grc' dir='ltr'>οοιιιιιιυιιίο.ιι·ο</span> 
     </span>
    </p>
   </div>
   <div class='ocr_carea' id='block_1_105' title="bbox 1946 4696 3524 4768">
    <p class='ocr_par' dir='ltr' id='par_1_105' title="bbox 1946 4696 3524 4768">
     <span class='ocr_line' id='line_1_105' title="bbox 1946 4696 3524 4768; baseline -0.001 -15"><span class='ocrx_word' id='word_1_678' title='bbox 1946 4702 1994 4753; x_wconf 89' lang='lat' dir='ltr'><strong>ei</strong></span> <span class='ocrx_word' id='word_1_679' title='bbox 2027 4698 2466 4768; x_wconf 88' lang='lat' dir='ltr'><strong>permittendum.</strong></span> <span class='ocrx_word' id='word_1_680' title='bbox 2501 4696 2633 4749; x_wconf 81' lang='lat' dir='ltr'><strong>Eum</strong></span> <span class='ocrx_word' id='word_1_681' title='bbox 2658 4706 2859 4758; x_wconf 87' lang='lat' dir='ltr'><strong>autem,</strong></span> <span class='ocrx_word' id='word_1_682' title='bbox 2884 4697 2974 4765; x_wconf 86' lang='lat' dir='ltr'><strong>qni</strong></span> <span class='ocrx_word' id='word_1_683' title='bbox 3001 4712 3103 4749; x_wconf 90' lang='lat' dir='ltr'><strong>non</strong></span> <span class='ocrx_word' id='word_1_684' title='bbox 3134 4712 3198 4751; x_wconf 89' lang='lat' dir='ltr'><strong>eo</strong></span> <span class='ocrx_word' id='word_1_685' title='bbox 3232 4713 3400 4764; x_wconf 72' lang='lat' dir='ltr'><strong>usque</strong></span> <span class='ocrx_word' id='word_1_686' title='bbox 3434 4716 3524 4751; x_wconf 79' lang='lat' dir='ltr'><strong>sn-</strong></span> 
     </span>
    </p>
   </div>
   <div class='ocr_carea' id='block_1_106' title="bbox 1950 4788 3527 4857">
    <p class='ocr_par' dir='ltr' id='par_1_106' title="bbox 1950 4788 3527 4857">
     <span class='ocr_line' id='line_1_106' title="bbox 1950 4788 3527 4857; baseline 0.001 -16"><span class='ocrx_word' id='word_1_687' title='bbox 1950 4790 2060 4843; x_wconf 92' lang='lat' dir='ltr'><strong>lum</strong></span> <span class='ocrx_word' id='word_1_688' title='bbox 2092 4788 2355 4857; x_wconf 84' lang='lat' dir='ltr'><strong>peccavit,</strong></span> <span class='ocrx_word' id='word_1_689' title='bbox 2410 4790 2503 4841; x_wconf 80' lang='lat' dir='ltr'><strong>sed</strong></span> <span class='ocrx_word' id='word_1_690' title='bbox 2548 4788 2778 4856; x_wconf 70' lang='lat' dir='ltr'><strong>arriplius</strong></span> <span class='ocrx_word' id='word_1_691' title='bbox 2808 4790 2972 4842; x_wconf 86' lang='lat' dir='ltr'><strong>etiam</strong></span> <span class='ocrx_word' id='word_1_692' title='bbox 3023 4790 3206 4857; x_wconf 83' lang='lat' dir='ltr'><strong>lapsus</strong></span> <span class='ocrx_word' id='word_1_693' title='bbox 3251 4801 3352 4855; x_wconf 78' lang='lat' dir='ltr'><strong>est,</strong></span> <span class='ocrx_word' id='word_1_694' title='bbox 3416 4794 3527 4843; x_wconf 88' lang='lat' dir='ltr'><strong>vnlt</strong></span> 
     </span>
    </p>
   </div>
   <div class='ocr_carea' id='block_1_107' title="bbox 1947 4877 3527 4949">
    <p class='ocr_par' dir='ltr' id='par_1_107' title="bbox 1947 4877 3527 4949">
     <span class='ocr_line' id='line_1_107' title="bbox 1947 4877 3527 4949; baseline 0 -14"><span class='ocrx_word' id='word_1_695' title='bbox 1947 4896 2067 4935; x_wconf 87' lang='lat' dir='ltr'><strong>esse</strong></span> <span class='ocrx_word' id='word_1_696' title='bbox 2117 4881 2511 4949; x_wconf 86' lang='lat' dir='ltr'><strong>deponendum.</strong></span> <span class='ocrx_word' id='word_1_697' title='bbox 2546 4877 2669 4932; x_wconf 72' lang='lat' dir='ltr'><strong>liam</strong></span> <span class='ocrx_word' id='word_1_698' title='bbox 2724 4894 2846 4932; x_wconf 85' lang='lat' dir='ltr'><strong>cum</strong></span> <span class='ocrx_word' id='word_1_699' title='bbox 2905 4894 3029 4932; x_wconf 87' lang='lat' dir='ltr'><strong>ean.</strong></span> <span class='ocrx_word' id='word_1_700' title='bbox 3086 4882 3331 4945; x_wconf 74' lang='lat' dir='ltr'><strong>deﬁrniat,</strong></span> <span class='ocrx_word' id='word_1_701' title='bbox 3384 4898 3527 4948; x_wconf 66' lang='lat' dir='ltr'><strong>saepe</strong></span> 
     </span>
    </p>
   </div>
   <div class='ocr_carea' id='block_1_108' title="bbox 1948 4970 3522 5043">
    <p class='ocr_par' dir='ltr' id='par_1_108' title="bbox 1948 4970 3522 5043">
     <span class='ocr_line' id='line_1_108' title="bbox 1948 4970 3522 5043; baseline -0.001 -16"><span class='ocrx_word' id='word_1_702' title='bbox 1948 4974 2344 5043; x_wconf 78' lang='lat' dir='ltr'><strong>interrogatum</strong></span> <span class='ocrx_word' id='word_1_703' title='bbox 2378 4981 2480 5036; x_wconf 89' lang='lat' dir='ltr'><strong>est,</strong></span> <span class='ocrx_word' id='word_1_704' title='bbox 2526 4970 2663 5035; x_wconf 82' lang='lat' dir='ltr'><strong>Quid</strong></span> <span class='ocrx_word' id='word_1_705' title='bbox 2696 4972 2767 5024; x_wconf 89' lang='lat' dir='ltr'><strong>sit</strong></span> <span class='ocrx_word' id='word_1_706' title='bbox 2816 4980 3089 5025; x_wconf 78' lang='lat' dir='ltr'><strong>sacratum</strong></span> <span class='ocrx_word' id='word_1_707' title='bbox 3146 4974 3418 5026; x_wconf 79' lang='lat' dir='ltr'><strong>hominem</strong></span> <span class='ocrx_word' id='word_1_708' title='bbox 3471 4977 3522 5026; x_wconf 88' lang='lat' dir='ltr'><strong>iu</strong></span> 
     </span>
    </p>
   </div>
   <div class='ocr_carea' id='block_1_109' title="bbox 1945 5062 3524 5133">
    <p class='ocr_par' dir='ltr' id='par_1_109' title="bbox 1945 5062 3524 5133">
     <span class='ocr_line' id='line_1_109' title="bbox 1945 5062 3524 5133; baseline 0 -14"><span class='ocrx_word' id='word_1_709' title='bbox 1945 5065 2113 5119; x_wconf 84' lang='lat' dir='ltr'><strong>labris</strong></span> <span class='ocrx_word' id='word_1_710' title='bbox 2140 5063 2353 5133; x_wconf 83' lang='lat' dir='ltr'><strong>pollui?</strong></span> <span class='ocrx_word' id='word_1_711' title='bbox 2394 5072 2447 5117; x_wconf 88' lang='lat' dir='ltr'><strong>et</strong></span> <span class='ocrx_word' id='word_1_712' title='bbox 2478 5064 2729 5117; x_wconf 82' lang='lat' dir='ltr'><strong>dicebant</strong></span> <span class='ocrx_word' id='word_1_713' title='bbox 2777 5062 2944 5131; x_wconf 87' lang='lat' dir='ltr'><strong>aliqui</strong></span> <span class='ocrx_word' id='word_1_714' title='bbox 2982 5077 3102 5115; x_wconf 86' lang='lat' dir='ltr'><strong>esse</strong></span> <span class='ocrx_word' id='word_1_715' title='bbox 3134 5063 3365 5131; x_wconf 82' lang='lat' dir='ltr'><strong>aliquem</strong></span> <span class='ocrx_word' id='word_1_716' title='bbox 3395 5081 3524 5133; x_wconf 65' lang='lat' dir='ltr'><strong>pec-</strong></span> 
     </span>
    </p>
   </div>
   <div class='ocr_carea' id='block_1_110' title="bbox 1946 5158 3526 5217">
    <p class='ocr_par' dir='ltr' id='par_1_110' title="bbox 1946 5158 3526 5217">
     <span class='ocr_line' id='line_1_110' title="bbox 1946 5158 3526 5217; baseline -0.005 0"><span class='ocrx_word' id='word_1_717' title='bbox 1946 5175 2101 5217; x_wconf 78' lang='lat' dir='ltr'><strong>Casse</strong></span> <span class='ocrx_word' id='word_1_718' title='bbox 2119 5176 2239 5212; x_wconf 89' lang='lat' dir='ltr'><strong>cum</strong></span> <span class='ocrx_word' id='word_1_719' title='bbox 2276 5158 2502 5212; x_wconf 89' lang='lat' dir='ltr'><strong>muliere</strong></span> <span class='ocrx_word' id='word_1_720' title='bbox 2531 5160 2594 5209; x_wconf 82' lang='lat' dir='ltr'><strong>ad</strong></span> <span class='ocrx_word' id='word_1_721' title='bbox 2641 5158 2896 5211; x_wconf 57' lang='lat' dir='ltr'><strong>lascivum</strong></span> <span class='ocrx_word' id='word_1_722' title='bbox 2931 5168 2985 5212; x_wconf 92' lang='lat' dir='ltr'><strong>et</strong></span> <span class='ocrx_word' id='word_1_723' title='bbox 3015 5162 3339 5213; x_wconf 87' lang='lat' dir='ltr'><strong>amatorium</strong></span> <span class='ocrx_word' id='word_1_724' title='bbox 3367 5175 3526 5214; x_wconf 73' lang='lat' dir='ltr'><strong>OaCtt-</strong></span> 
     </span>
    </p>
   </div>
   <div class='ocr_carea' id='block_1_111' title="bbox 1946 5249 3524 5319">
    <p class='ocr_par' dir='ltr' id='par_1_111' title="bbox 1946 5249 3524 5319">
     <span class='ocr_line' id='line_1_111' title="bbox 1946 5249 3524 5319; baseline -0.003 -12"><span class='ocrx_word' id='word_1_725' title='bbox 1946 5254 2081 5316; x_wconf 92' lang='lat' dir='ltr'><strong>lum,</strong></span> <span class='ocrx_word' id='word_1_726' title='bbox 2111 5254 2408 5306; x_wconf 84' lang='lat' dir='ltr'><strong>secmnlnm</strong></span> <span class='ocrx_word' id='word_1_727' title='bbox 2436 5249 2804 5319; x_wconf 63' lang='lat' dir='ltr'><strong>evangelicum</strong></span> <span class='ocrx_word' id='word_1_728' title='bbox 2842 5251 3064 5311; x_wconf 80' lang='lat' dir='ltr'><strong>dictum,</strong></span> <span class='ocrx_word' id='word_1_729' title='bbox 3104 5255 3244 5317; x_wconf 86' lang='lat' dir='ltr'><strong>quod</strong></span> <span class='ocrx_word' id='word_1_730' title='bbox 3273 5265 3373 5309; x_wconf 88' lang='lat' dir='ltr'><strong>est.</strong></span> <span class='ocrx_word' id='word_1_731' title='bbox 3420 5254 3524 5315; x_wconf 78' lang='lat' dir='ltr'><strong>Qui</strong></span> 
     </span>
    </p>
   </div>
   <div class='ocr_carea' id='block_1_112' title="bbox 1945 5343 3521 5412">
    <p class='ocr_par' dir='ltr' id='par_1_112' title="bbox 1945 5343 3521 5412">
     <span class='ocr_line' id='line_1_112' title="bbox 1945 5343 3521 5412; baseline -0.001 -14"><span class='ocrx_word' id='word_1_732' title='bbox 1945 5344 2150 5412; x_wconf 73' lang='lat' dir='ltr'><strong>aspexit</strong></span> <span class='ocrx_word' id='word_1_733' title='bbox 2172 5344 2437 5397; x_wconf 77' lang='lat' dir='ltr'><strong>mulierem</strong></span> <span class='ocrx_word' id='word_1_734' title='bbox 2466 5345 2536 5394; x_wconf 86' lang='lat' dir='ltr'><strong>ad</strong></span> <span class='ocrx_word' id='word_1_735' title='bbox 2569 5343 3038 5409; x_wconf 65' lang='lat' dir='ltr'><strong>concupiscendum</strong></span> <span class='ocrx_word' id='word_1_736' title='bbox 3065 5359 3179 5395; x_wconf 82' lang='lat' dir='ltr'><strong>eam</strong></span> <span class='ocrx_word' id='word_1_737' title='bbox 3212 5346 3521 5407; x_wconf 76' lang='lat' dir='ltr'><strong>,maechams</strong></span> 
     </span>
    </p>
   </div>
   <div class='ocr_carea' id='block_1_113' title="bbox 1946 5435 3525 5503">
    <p class='ocr_par' dir='ltr' id='par_1_113' title="bbox 1946 5435 3525 5503">
     <span class='ocr_line' id='line_1_113' title="bbox 1946 5435 3525 5503; baseline -0.002 -13"><span class='ocrx_word' id='word_1_738' title='bbox 1946 5451 2018 5491; x_wconf 80' lang='lat' dir='ltr'><strong>est</strong></span> <span class='ocrx_word' id='word_1_739' title='bbox 2050 5453 2164 5489; x_wconf 87' lang='lat' dir='ltr'><strong>cum</strong></span> <span class='ocrx_word' id='word_1_740' title='bbox 2218 5452 2277 5488; x_wconf 68' lang='lat' dir='ltr'><strong>ea</strong></span> <span class='ocrx_word' id='word_1_741' title='bbox 2310 5436 2350 5491; x_wconf 91' lang='grc'><strong>¹.</strong></span> <span class='ocrx_word' id='word_1_742' title='bbox 2396 5435 2490 5485; x_wconf 78' lang='lat' dir='ltr'><strong>Alii</strong></span> <span class='ocrx_word' id='word_1_743' title='bbox 2528 5435 2796 5498; x_wconf 81' lang='lat' dir='ltr'><strong>dicebant,</strong></span> <span class='ocrx_word' id='word_1_744' title='bbox 2831 5436 2972 5503; x_wconf 77' lang='lat' dir='ltr'><strong>quod</strong></span> <span class='ocrx_word' id='word_1_745' title='bbox 3024 5436 3240 5503; x_wconf 88' lang='lat' dir='ltr'><strong>quidam</strong></span> <span class='ocrx_word' id='word_1_746' title='bbox 3306 5436 3525 5488; x_wconf 79' lang='lat' dir='ltr'><strong>Veneris</strong></span> 
     </span>
    </p>
   </div>
   <div class='ocr_carea' id='block_1_114' title="bbox 1946 5525 3521 5600">
    <p class='ocr_par' dir='ltr' id='par_1_114' title="bbox 1946 5525 3521 5600">
     <span class='ocr_line' id='line_1_114' title="bbox 1946 5525 3521 5600; baseline -0.004 -17"><span class='ocrx_word' id='word_1_747' title='bbox 1946 5531 2070 5600; x_wconf 72' lang='lat' dir='ltr'><strong>igne</strong></span> <span class='ocrx_word' id='word_1_748' title='bbox 2102 5531 2358 5582; x_wconf 84' lang='lat' dir='ltr'><strong>ardenter</strong></span> <span class='ocrx_word' id='word_1_749' title='bbox 2412 5525 2750 5588; x_wconf 79' lang='lat' dir='ltr'><strong>inﬂammati,</strong></span> <span class='ocrx_word' id='word_1_750' title='bbox 2808 5525 3057 5579; x_wconf 83' lang='lat' dir='ltr'><strong>muliebri</strong></span> <span class='ocrx_word' id='word_1_751' title='bbox 3113 5527 3362 5592; x_wconf 76' lang='lat' dir='ltr'><strong>pudendo</strong></span> <span class='ocrx_word' id='word_1_752' title='bbox 3403 5536 3521 5579; x_wconf 82' lang='lat' dir='ltr'><strong>tau-</strong></span> 
     </span>
    </p>
   </div>
   <div class='ocr_carea' id='block_1_115' title="bbox 1944 5616 3519 5692">
    <p class='ocr_par' dir='ltr' id='par_1_115' title="bbox 1944 5616 3519 5692">
     <span class='ocr_line' id='line_1_115' title="bbox 1944 5616 3519 5692; baseline -0.004 -17"><span class='ocrx_word' id='word_1_753' title='bbox 1944 5636 2105 5692; x_wconf 71' lang='lat' dir='ltr'><strong>quam</strong></span> <span class='ocrx_word' id='word_1_754' title='bbox 2136 5620 2326 5691; x_wconf 79' lang='lat' dir='ltr'><strong>poculo</strong></span> <span class='ocrx_word' id='word_1_755' title='bbox 2370 5628 2613 5683; x_wconf 86' lang='lat' dir='ltr'><strong>utuntur,</strong></span> <span class='ocrx_word' id='word_1_756' title='bbox 2653 5628 2705 5671; x_wconf 87' lang='lat' dir='ltr'><strong>et</strong></span> <span class='ocrx_word' id='word_1_757' title='bbox 2744 5632 2837 5686; x_wconf 81' lang='lat' dir='ltr'><strong>per</strong></span> <span class='ocrx_word' id='word_1_758' title='bbox 2895 5616 3069 5685; x_wconf 70' lang='lat' dir='ltr'><strong>ipsum</strong></span> <span class='ocrx_word' id='word_1_759' title='bbox 3098 5617 3163 5687; x_wconf 78' lang='grc' dir='ltr'>(υ</span> <span class='ocrx_word' id='word_1_760' title='bbox 3202 5616 3519 5672; x_wconf 79' lang='lat' dir='ltr'><strong>cxsccrandi</strong></span> 
     </span>
    </p>
   </div>
  </div>
