4234 6450
180 470 288 533 ’17⁵1

1080 465 1159 525 ιΝ
1191 464 1430 525 EPIST.
1468 464 1528 523 S.
1572 459 1862 521 BASILII
1920 456 2368 518 CANONICAM
2408 456 2523 516 lli.

3348 449 3450 512 ’178

257 575 508 632 ΖΩΝΑΡ.
556 577 825 631 Μαντεῐαι
862 575 960 645 μέν
998 574 1159 626 πάλαι
1202 569 1344 644 ἦσαν
1388 570 1446 622 αι
1498 570 1629 637 περὶ
1658 566 1768 619 τῶν

1944 561 2194 619 ZONAR.
2235 562 2498 617 Vaticinia
2538 561 2666 615 olim
2718 567 2899 623 erant,
2958 572 3079 628 qua
3139 558 3290 613 falsis
3350 560 3454 613 diis

179 667 553 738 ψευδωνύμων
595 667 734 721 θεῶν
788 668 1075 737 γινόμεναι
1124 664 1484 734 προρρήσεις,
1548 661 1581 732 ἢ
1632 659 1767 727 προς

1898 656 2170 710 :debantur
2229 655 2631 724 praedictiones,
2690 653 2770 707 vel
2826 667 2945 721 qua:
3001 653 3067 705 ad
3125 651 3453 719 quaestiones

180 760 483 829 ἐρωτήσεις
519 762 843 830 ἀποκρίσεις
868 775 883 789 '
923 761 972 811 εἰ
1008 758 1065 811 δέ
1119 757 1215 811 καὶ
1244 756 1310 809 τὰ
1334 755 1647 825 χρηστήρια
1678 752 1769 802 ἐκ·

181 851 468 905 λελοίπασι
517 852 656 920 μετά
680 854 781 920 τὴν
808 851 1085 920 σάρκωσιν
1108 846 1204 903 τοῦ
1241 847 1475 917 Κυρίου,
1506 843 1645 898 ἀ).λά
1675 841 1771 895 καὶ

180 944 280 999 νῦν
304 945 546 1013 γίνονται
603 946 754 1015 παρά
783 964 945 999 τινων
994 945 1062 998 δι’
1094 943 1322 1014 ἐπῳδῶν
1357 943 1452 995 καὶ
1486 939 1770 1008 ἐνεργείας

179 1038 509 1107 δαιμονικῆς
554 1039 913 1108 προρρήσεις,
968 1039 1018 1090 εἰ
1075 1037 1168 1089 καὶ
1198 1036 1419 1105 ψευδεῖς
1456 1036 1513 1086 αἱ
1548 1032 1768 1092 πλείους

182 1129 534 1197 ἐλέγχονταιο
569 1122 680 1182 οἷαί
716 1129 823 1180 εἰσι
875 1128 971 1179 καὶ
1012 1127 1066 1178 αἱ
1098 1124 1251 1194 παρά
1300 1121 1580 1191 γυναικῶν
1609 1134 1773 1172 τινων

182 1222 497 1289 γινόμεναι,
553 1219 611 1272 αἶ
641 1218 839 1291 κριθὰς
871 1222 929 1272 ἐν
965 1219 1122 1289 χερσὶ
1152 1215 1390 1269 τιθεῖσαι
1439 1214 1508 1267 δι’
1539 1212 1771 1265 ἐκείνων

184 1313 516 1383 προλέγουσι
559 1329 714 1367 τινα*
750 1312 909 1367 ἀλλαι
942 1312 1024 1375 δέ,
1090 1310 1285 1376 σποδιᾷ
1338 1306 1767 1367 ἐπικύπτουσαι,

185 1404 569 1474 προμηνύουσί
602 1421 723 1456 τινα
757 1404 1041 1471 μέλλοντα.
1073 1399 1631 1470 Συναριομείσοωσαν
1653 1395 1777 1449 τού-

181 1511 298 1557 τοις
327 1496 489 1548 καὶοί
538 1497 601 1548 ἐκ
641 1496 750 1549 τῶν
779 1496 1032 1566 ἀστέρων
1085 1491 1778 1564 προγινώσκεινολέγοντες

182 1588 254 1639 τά
282 1587 541 1655 ἐσόμενα,
599 1590 691 1640 καὶ
720 1592 771 1641 οἱ
818 1588 1033 1649 τούτοις
1086 1586 1382 1656 χρώμενοι,
1418 1582 1513 1644 οὓς
1570 1582 1778 1645 πάντας

182 1676 266 1747 τῷ
283 1677 547 1748 ἐπιτιμίῳ
577 1678 687 1730 τῶν
710 1680 920 1747 φονέων
950 1676 1292 1745 καθυπάγει.

204 1858 452 1913 ’ΔΡΙΣἸὶ
496 1858 554 1913 '0
584 1858 846 1930 μάντεσιν
874 1861 906 1930 ἢ
958 1858 1222 1919 τοιούτοις
1252 1856 1398 1910 τισὶν
1425 1854 1623 1908 ἐαυτὸν
1656 1853 1780 1915 δοίις

358 1957 449 2005 τον
482 1953 673 2022 χρόνον
711 1952 820 2005 τῶν
844 1954 1054 2019 φονέων
1082 1946 1599 2018 οίκονομηθήσεται.

270 2044 331 2097 '0
365 2044 463 2113 μέν
498 2046 690 2098 ἑαυτὸν
721 2044 940 2104 ἐπιδοὺς
962 2044 1244 2112 μάντεσιν,
1269 2040 1303 2108 ἢ
1336 2039 1546 2106 γόησιν,
1573 2036 1606 2104 ἢ
1635 2048 1777 2104 φαρ⁹

184 2138 419 2205 μακοτςθ,
458 2138 550 2188 ἐπὶ
580 2135 657 2206 τῷ
689 2136 884 2207 μαθεῖν
918 2135 1019 2203 τὴν
1052 2130 1416 2200 κακοτεχνίαν
1466 2127 1672 2189 αὐτῶν,
1701 2125 1776 2185 ὼς

180 2228 211 2279 6
234 2228 504 2292 ἑκουσίως
534 2227 778 2296 φονεύων
829 2224 1296 2296 ἐπιτιμηθήσεται
1317 2237 1331 2252 ·
1366 2222 1393 2273 ό
1414 2221 1471 2274 δέ
1501 2216 1780 2271 πιστεύων

186 2320 476 2390 μάντεσιν,
519 2321 758 2387 εεσάγων
789 2319 991 2381 αὐτοὺς
1024 2321 1105 2378 εἰς
1137 2317 1232 2369 τὸν
1255 2308 1406 2367 οἷκον
1459 2311 1658 2365 ἐαυτοῦ
1686 2311 1781 2363 ἐπὶ

184 2410 477 2479 ἀνευρέσει
515 2408 604 2462 καὶ
632 2408 901 2478 καθάρσει
935 2404 1327 2477 φαρμακειῶνς
1362 2402 1393 2473 ἢ
1432 2398 1777 2467 ἀποκαλύψει

183 2503 356 2557 τινῶν
399 2505 751 2574 ἀπορρήτων,
783 2500 1034 2567 ἐξαετίαν
1078 2498 1442 2568 ἐπιτιμᾶταιο
1482 2495 1557 2557 ὡς
1592 2494 1620 2546 6
1652 2492 1780 2564 ἐξη-

185 2597 384 2658 κοστὸς
413 2596 629 2666 πρῶτος
658 2593 840 2649 κανὼν
868 2596 969 2664 τῆς
999 2595 1057 2646 ἐν
1082 2591 1159 2662 τῷ
1181 2588 1438 2662 Τρούλλῳ
1459 2588 1623 2658 ἐκτης
1654 2585 1783 2640 συν-

186 2688 313 2742 όδου
350 2688 731 2757 διαλαμσάνει,
770 2688 867 2739 καὶ
889 2688 917 2738 6
946 2683 1310 2753 ὀγδοηκοστὸς
1331 2682 1524 2749 τρίτος
1547 2680 1651 2747 τῆς
1681 2678 1785 2731 ἀνά

187 2782 385 2851 χεῖρας
404 2780 610 2851 ταύτης
635 2780 827 2850 τρίτης
876 2775 1175 2846 ἐπιστολῆς
1216 2773 1310 2828 τοῦ
1342 2771 1585 2845 μεγάλου
1617 2770 1784 2826 Βασι-

188 2874 249 2925 λε
260 2874 367 2929 ίου.
601 2863 607 2867 ’

787 2966 1027 3021 ΚΔΝΩΝ
1076 2965 1197 3021 UI".

205 3057 269 3109 '0
307 3058 399 3111 τὸν
430 3059 665 3128 Χριστὸν
698 3060 1104 3129 ἀρνησάμενος,
1158 3057 1255 3112 καὶ
1291 3056 1549 3128 παραὸάς
1594 3058 1657 3109 τὸ
1688 3056 1787 3126 τῆς

269 3149 547 3221 σωτηρίας
608 3152 936 3223 μυστήριον,
1005 3153 1063 3204 ἐν
1104 3151 1266 3203 παντὶ
1321 3149 1400 3219 τῷ
1451 3149 1632 3219 χρόνῳ
1686 3150 1787 3218 τῆς

265 3242 418 3311 ζωῆς
454 3242 620 3297 αὑτοῦ
667 3242 1028 3315 προσκλαίειν
1055 3242 1284 3311 ὀφείλει,
1314 3242 1409 3293 καὶ
1442 3240 1785 3309 ἐξομολογεῖ-

271 3335 401 3389 σθαι
427 3337 717 3406 χρεωστεῖ,
748 3336 807 3389 ἐν
836 3334 914 3404 τῷ
960 3334 1140 3404 καιρῷ
1172 3328 1215 3401 ᾧ
1248 3332 1496 3387 ἐκϐαίνει
1531 3331 1629 3385 τοῦ
1672 3333 1791 3401 βίου

265 3428 634 3497 ἀγιασμάτων
685 3426 1009 3497 ἀξιούμενος
1063 3426 1247 3479 πίστει
1313 3424 1411 3494 τῆς
1468 3424 1622 3494 παρὰ
1654 3422 1792 3477 θεοῦ

271 3520 718 3591 φιλανθρωπίας.

269 3614 468 3670 ΒᾹΛΣ.
509 3612 571 3666 Ὀ
603 3612 703 3682 μέν
736 3610 919 3665 κανὼν
946 3611 1125 3681 σαφής
1166 3612 1306 3663 ἐστι.
1335 3608 1644 3680 Διορίζεται
1682 3607 1792 3677 γὰρ

188 3709 325 3769 τοὺς
351 3705 771 3776 ἀρνησαμένους
802 3703 899 3756 τὸν
945 3702 1149 3773 Κύριον
1198 3703 1359 3772 ἡμῶν
1405 3700 1614 3771 Ἰησοῦν
1651 3700 1791 3770 Χρι-

196 3802 352 3867 στὸν,
395 3799 490 3853 καὶ
529 3799 603 3869 μὴ
634 3797 965 3867 δεξαμένους
1002 3797 1063 3849 τὸ
1103 3796 1411 3867 μυστήριον
1464 3795 1563 3865 τῆς
1594 3794 1793 3864 ἐνσάρ-

196 3912 301 3949 κου
334 3892 647 3961 οἰκονομίας
681 3889 873 3954 αὑτοῦ,
923 3890 1285 3959 προσκλαίειν
1316 3888 1413 3941 καὶ
1448 3887 1797 3958 ἐξομολογεῖ-

196 3987 324 4039 σοαι
361 3982 491 4055 παρ’
528 3983 648 4036 ὅλον
691 3982 783 4035 τὸν
820 3982 920 4052 τῆς
956 3980 1104 4051 ζωῆς
1139 3981 1322 4036 αὐτῶν
1362 3980 1555 4050 χρόνον
1577 4018 1592 4043 ,
1651 3982 1794 4033 κατά

198 4077 372 4144 μόνας
400 4076 457 4128 δέ
492 4076 589 4138 τὰς
647 4073 967 4135 τελευταίας
1032 4073 1313 4134 ἀναπνοὰς
1365 4071 1656 4137 ἀξιοῦσθαι
1686 4074 1784 4141 τῆς

194 4168 307 4222 τῶν
334 4165 694 4235 ἀγιασμάτων
748 4163 1138 4233 μεταλήψεως·
1193 4163 1296 4233 τῆς
1327 4162 1385 4215 δέ
1433 4165 1491 4217 ἐν
1542 4162 1793 4234 Ἀγκύρᾳ

198 4258 423 4311 συνόδου
454 4259 550 4310 καὶ
580 4256 674 4309 τοῦ
697 4256 857 4322 ἁγίου
886 4256 1290 4327 ίερομάρτυρος
1326 4256 1540 4326 Πέτρου
1587 4256 1793 4326 μηδένα

198 4350 452 4405 τοιοῦτον
482 4348 1006 4402 καθυποϐαλλόντιιν
1057 4350 1272 4418 ἐσχάτῳ
1327 4348 1596 4419 ἐπιτιμίῳ
1638 4350 1794 4401 rixat-

198 4444 496 4514 νωνησίας,
546 4445 641 4498 καὶ
680 4439 792 4496 οἷον
841 4443 1283 4511 ἐναντιουμένων
1308 4442 1387 4512 τῷ
1421 4444 1651 4513 παρόντι
1688 4460 1793 4499 κα-

198 4537 335 4603 νόνι,
371 4538 491 4589 me
525 4537 607 4611 ὅτι
647 4534 889 4606 ἀνάλογα
915 4535 1103 4589 ἔθεντο
1137 4536 1185 4587 οι
1239 4536 1488 4605 Πατέρες
1520 4537 1590 4588 τά
1620 4537 1795 4590 ἐπιτί-

1816 3291 1864 3356 C

1877 762 2135 817 responsa
2182 747 2470 801 dabantur.
2520 746 2712 812 Porro,
2764 746 3015 815 quamvis
3067 745 3284 798 oracula
3334 755 3456 813 post

1876 848 2208 909 assumptum
2256 856 2286 893 a
2336 840 2568 894 Domino
2620 853 2840 893 carnem
2899 837 3218 900 defecerint,
3278 849 3459 891 tamen

1876 930 1961 985 bis
2009 946 2225 1001 quoque
2276 933 2629 1000 temporibus,
2666 946 2763 1000 per
2807 930 3201 983 incantationes
3236 940 3289 985 et
3342 930 3456 986 daa-

1878 1038 2098 1075 mouum
2145 1023 2468 1086 ministeria,
2502 1022 2757 1075 vaticinia
2789 1021 3031 1089 quaedam
3069 1021 3459 1089 proferuntur;

1878 1114 2090 1168 etiamsi
2153 1113 2418 1167 mendacii
2482 1112 2743 1181 pleraque
2782 1113 3175 1164 conviticantur
3225 1128 3239 1165 :
3282 1114 3460 1180 qualia

1879 1213 2006 1257 sunt
2053 1217 2175 1272 qua:
2224 1216 2255 1255 a
2294 1203 2567 1255 nonnullis
2618 1202 2937 1256 mulieribus
2975 1200 3132 1266 ﬁunt,
3180 1217 3300 1270 quae
3334 1204 3464 1255 lior-

1881 1294 2041 1347 deutu
2093 1300 2147 1346 ιιι
2191 1294 2441 1346 munibus
2490 1293 2772 1354 habentes,
2808 1293 3055 1354 utut-dam
3092 1306 3188 1358 per
3226 1292 3350 1343 illud
3382 1292 3465 1344 di-

1882 1386 2103 1451 vinant;
2134 1387 2255 1439 alite
2290 1400 2419 1439 vero
2458 1386 2628 1438 cineri
2673 1386 3073 1447 incumbentes,
3111 1382 3291 1436 futura
3322 1399 3469 1451 quat-

1882 1477 2003 1532 dam
2052 1478 2379 1547 praedicunt.
2436 1478 2821 1547 Adjunguntur
2851 1476 2999 1530 hisce
3051 1485 3334 1545 praeterea,
3375 1478 3465 1544 qui

1883 1583 1943 1624 se
1995 1584 2062 1624 ex
2098 1570 2262 1623 astris
2312 1579 2535 1624 ventura
2584 1584 2747 1625 nosse
2779 1570 3124 1639 proﬁtentur,
3157 1578 3211 1623 ct
3242 1569 3331 1637 qui
3376 1583 3471 1622 eos

1883 1663 2211 1728 consulunt;
2246 1678 2383 1733 quos
2416 1662 2634 1731 quidem
2679 1676 2892 1727 omnes,
2925 1660 3315 1715 homicidarum
3351 1674 3470 1727 pa:-

1885 1756 1970 1807 nis
2010 1752 2318 1807 multandos
2344 1768 2465 1807 esse
2505 1753 2770 1807 decernit.

1890 1845 2047 1915 125
2071 1844 2301 1899 ARIST.
2350 1846 2452 1911 Qui
2500 1846 2735 1907 vatibus,
2772 1844 2853 1898 vel
2898 1844 3166 1913 ejusmodi
3214 1842 3338 1898 aliis
3385 1857 3446 1898 se

1810 1928 1853 1983 Β
1958 1939 2139 2000 tradit,
2166 1937 2564 1992 homicidarum
2594 1946 2804 2004 tempus
2832 1936 2881 1990 ei
2912 1937 3295 2004 cotistitttetnr.

1958 2030 2060 2096 Qui
2117 2045 2177 2084 se
2220 2030 2457 2092 vatibus.
2495 2038 2588 2081 aut
2638 2003 3146 2097 prtestigiaturibus,
3187 2003 3281 2080 a'ut
3319 2024 3476 2080 vene-

1891 2120 2008 2176 ﬁcis
2049 2120 2235 2187 tradit,
2283 2130 2344 2174 ut
2395 2118 2568 2173 malas
2605 2119 2830 2173 istorum
2873 2129 3020 2172 artes
3053 2118 3261 2181 discat,
3289 2125 3348 2171 ut
3386 2132 3476 2170 vo-

1890 2211 2125 2266 luntarie
2168 2212 2445 2275 occidens,
2488 2212 2762 2279 punietur.
2807 2209 2913 2263 Sed
2959 2215 3049 2277 qui
3090 2213 3285 2265 talibus
3315 2210 3476 2264 ﬁdem

1891 2303 2074 2366 habet,
2122 2317 2326 2371 eosque
2356 2302 2409 2355 iu
2460 2303 2683 2355 domum
2725 2316 2879 2355 suam
2923 2303 3237 2367 introducit,
3269 2304 3334 2355 ad
3375 2317 3478 2356 ve-

1892 2395 2213 2451 neﬁciorum
2261 2396 2635 2451 inventionem
2681 2407 2774 2450 aut
2826 2396 3223 2466 purgationem,
3272 2407 3477 2451 autsc-

1892 2498 2166 2541 cretorum
2238 2486 2602 2555 quorumdam
2676 2489 3083 2555 rcvelatiouem,
3157 2489 3479 2543 sexennium

1893 2579 2166 2645 punietur.
2224 2580 2297 2636 Ut
2352 2591 2522 2634 sextae
2580 2580 2633 2635 in
2688 2578 2877 2636 Trullo
2935 2582 3123 2654 synodi
3180 2598 3353 2638 canon
3414 2581 3477 2638 ﬁt

1894 2669 2158 2735 decernit,
2208 2685 2305 2726 nec
2336 2686 2441 2725 non
2490 2672 2561 2726 83
2618 2674 2788 2728 tertiae
2836 2673 2996 2743 hujus
3053 2676 3231 2746 magni
3288 2674 3473 2730 Basilii

1893 2763 2139 2832 epistolae
2170 2778 2288 2834 quae
2315 2766 2416 2821 sub
2451 2780 2616 2820 manu
2643 2772 2745 2821 est.

2423 2952 2655 3009 CANON
2715 2953 2951 3011 LXXIII.

1897 3044 1998 3109 Qui
2047 3044 2326 3100 Christum
2371 3048 2609 3117 negavit,
2642 3058 2696 3103 et
2726 3049 2917 3105 salutis
2949 3052 3264 3121 mysterium
3298 3060 3483 3110 trans-

1970 3150 2196 3202 gressus
2237 3145 2343 3199 est,
2388 3151 2511 3190 eum
2543 3148 2657 3193 toto
2694 3140 2818 3193 vitze
2860 3154 2975 3195 suae
3007 3150 3250 3210 tempore
3274 3152 3489 3216 oportet

1972 3226 2197 3294 deﬂere,
2229 3238 2281 3284 et
2312 3229 2559 3284 conﬁteri
2601 3233 2874 3297 convenit,
2917 3234 2970 3286 in
3020 3240 3263 3303 tempore
3296 3249 3403 3303 quo
3456 3252 3487 3289 e

1970 3322 2081 3376 vita
2121 3321 2361 3388 excedit,
2407 3334 2754 3378 sacramento
2795 3323 3019 3393 dignum
3063 3325 3331 3392 habitum,
3360 3341 3489 3398 pro-

1972 3422 2095 3481 pter
2126 3412 2287 3468 ﬂdetn
2326 3413 2522 3468 divina
2554 3414 2879 3471 clementiae.

1971 3614 2168 3670 BALS.
2226 3616 2423 3671 Cauon
2458 3615 2680 3687 quidem
2711 3617 2893 3672 clarus
2924 3626 3009 3672 est
3040 3636 3055 3674 :
3104 3618 3299 3675 statuit
3343 3621 3487 3676 enim

1900 3715 1958 3759 ut
1987 3707 2079 3776 qui
2110 3704 2392 3759 Christum
2425 3705 2717 3761 Dominum
2763 3716 3011 3762 nostrum
3045 3720 3407 3779 negaverunt,
3437 3722 3493 3767 et

1897 3798 2014 3867 ejus
2075 3813 2195 3867 quae
2237 3799 2289 3852 in
2325 3813 2488 3852 carne
2540 3797 2640 3852 fuit
2668 3803 2986 3854 meonomitc
3027 3803 3347 3872 mysterium
3381 3818 3487 3857 non

1899 3900 2283 3959 susceperunt,
2338 3889 2573 3944 deﬂeant
2605 3899 2659 3945 et
2693 3891 3061 3946 conﬁteantur
3090 3902 3204 3949 toto
3249 3904 3493 3966 tempore

1899 3981 2027 4033 vita:
2054 3996 2184 4044 sum,
2221 3982 2273 4034 iii
2302 3980 2416 4035 sola
2447 3990 2627 4035 autem
2659 3992 2904 4036 extrema
2950 3984 3314 4051 respiratione
3344 3987 3490 4054 digni

1901 4073 2210 4129 habeantur
2239 4084 2705 4129 sacramentorum
2738 4077 3174 4146 participatione.
3214 4077 3349 4134 Cum
3389 4095 3490 4133 au-

1900 4174 2007 4218 tem
2056 4167 2343 4234 Ancyraua
2405 4165 2666 4236 synodus,
2725 4177 2780 4221 et
2840 4180 3228 4223 sacrosanctus
3283 4180 3490 4240 martyr

1904 4256 2103 4311 Petrus
2155 4267 2405 4312 extremo
2452 4258 3042 4315 cacomntuuicationis
3090 4261 3360 4329 supplicio
3398 4278 3464 4317 ne

1909 4350 2111 4403 minem
2148 4348 2462 4415 subjiciaut,
2496 4360 2551 4403 ct
2581 4352 2838 4419 praesenti
2873 4352 3068 4405 cationi
3103 4354 3268 4408 veluti
3298 4355 3491 4409 adver-

1903 4452 2119 4505 sentur,
2180 4442 2267 4495 dic
2322 4441 2466 4510 quod
2516 4439 2711 4497 Patres
2764 4450 3078 4499 statuerunt
3134 4458 3326 4515 pmnas
3376 4446 3491 4500 suis

1900 4532 2237 4604 temporibus
2286 4533 2693 4589 convenientes.
2729 4534 2831 4601 Qui
2865 4538 3010 4591 enim
3039 4547 3199 4591 erant
3229 4539 3489 4606 tempori-

203 4646 305 4698 μια
342 4628 478 4697 πρὸς
527 4629 653 4690 τοὺς
695 4627 859 4690 ἰδίους
886 4627 1135 4697 καιρούς.
1170 4626 1234 4678 Ol.
1264 4625 1366 4695 μέν
1409 4626 1519 4697 γὰρ
1557 4621 1700 4697 ἦσαν
1730 4630 1786 4682 ἐν

1899 4625 2001 4679 bus
2066 4625 2474 4680 veltementium
2530 4627 2994 4694 persecutionum,
3045 4629 3269 4698 quando
3321 4633 3487 4685 etiam

202 4720 420 4790 καιροῖς
448 4719 693 4791 σφοδρῶν
723 4718 1005 4789 διωγμῶν,
1038 4719 1130 4772 ὅτε
1176 4719 1271 4772 καὶ
1316 4720 1349 4789 ἡ
1391 4720 1575 4781 πίστις
1620 4721 1792 4792 ἀστή-

203 4828 390 4880 ρικτος
418 4806 508 4880 ἦν,
542 4813 636 4863 καὶ
680 4812 771 4864 διὰ
798 4810 957 4864 τοῦτο
984 4812 1103 4874 τοῖς
1135 4812 1559 4881 παραπίπτουσι
1592 4827 1787 4881 μετρι-

198 4900 409 4971 ὡτερον
462 4903 889 4974 προσεφέροντο,
952 4900 1489 4970 συγκαταόαίνοντες
1554 4900 1646 4955 διά
1691 4900 1791 4972 τὴν

203 4994 456 5063 ἀνάγκην
511 4993 621 5046 τῶν
654 4993 938 5047 διωκτῶνν
971 4994 999 5047 6
1042 4993 1101 5047 δὲ
1159 4994 1339 5065 μέγας
1386 4993 1695 5059 Βασίλειος,
1732 4996 1791 5047 ἐν

203 5085 388 5155 καιρῷ
437 5085 722 5157 τυγχάνων
764 5087 855 5141 ὅτε
908 5086 943 5157 ἡ
977 5086 1159 5150 πίστις
1202 5084 1519 5153 ἐπλατύνθη
1569 5086 1666 5138 καὶ
1703 5084 1795 5155 βε-

204 5179 470 5249 σαιοτέρα
494 5180 735 5247 ἐγένετο,
763 5178 1126 5250 σφοδρότερον
1154 5178 1528 5248 προσεφέρετο
1554 5181 1666 5241 τοῖς
1696 5178 1796 5248 ἀρ-

203 5275 495 5343 νουμένοις
526 5271 627 5341 τὴν
655 5270 862 5327 πίστιν.
922 5270 994 5325 Ἦ
1050 5269 1173 5323 εἱπέ
1217 5270 1301 5324 ὅτι
1330 5271 1381 5322 οἱ
1415 5269 1517 5341 μὶν
1552 5270 1794 5340 Πατέρες

204 5361 525 5428 διετάξαντο
556 5362 683 5431 περὶ
717 5361 826 5417 τῶν
859 5362 1004 5416 κατά
1026 5359 1150 5433 βίαν
1176 5364 1511 5431 τυραννικὴν
1550 5363 1795 5434 ἀρνησα-

208 5459 396 5527 μένων
424 5458 515 5512 τὸν
547 5457 806 5527 Χριστὸν,
868 5456 962 5509 καὶ
1005 5454 1096 5508 διὰ.
1157 5453 1317 5507 τοῦτο
1366 5452 1693 5523 κουφίζουσι
1730 5456 1797 5507 τα

206 5554 502 5623 ἐπιτίμιατ
542 5556 572 5608 6
619 5552 674 5606 δέ
708 5550 899 5622 παρὼν
924 5548 1104 5605 κανὼν
1141 5549 1490 5603 διατάττεται
1533 5549 1660 5620 περὶ
1688 5548 1798 5601 τῶν

207 5644 481 5707 ἑκουσίως
514 5643 608 5698 καὶ
640 5645 808 5715 χωρὶς
836 5644 1086 5713 ἀνάγκης
1106 5641 1250 5705 τινὸς
1280 5641 1678 5711 ἀρνησαμένων
1707 5641 1799 5695 τὶν

208 5737 473 5811 Χριστὸν,
506 5739 599 5789 καὶ
620 5737 709 5789 διὰ
745 5736 903 5791 τοῦτο
946 5735 1173 5805 βαρεῖαν
1204 5734 1429 5787 κόλασιν
1469 5732 1669 5803 ἐπάγει
1700 5734 1795 5787 αύ-

210 5834 347 5893 τοίς.
381 5830 454 5883 T6
488 5830 544 5883 δέ
578 5828 931 5900 προσκλαίειν
963 5829 1189 5892 τούτους
1226 5832 1320 5883 καὶ
1354 5826 1798 5899 ἐξομολογεῖσθαι

210 5924 279 5976 δι’
306 5923 437 5987 ὅλης
456 5921 559 5993 τῆς
598 5922 804 5985 οἰκείας
833 5922 976 5991 ζωῆς
1002 5919 1223 5988 λέγουσι
1245 5938 1389 5985 τινες
1423 5921 1499 5993 μὴ
1522 5922 1800 5993 ἐκλαμόά-

601 6015 875 6080 Ριτιιοι..
914 6019 1031 6082 (in.
1082 6015 1466 6080 CXXXVIII.

1896 4717 2033 4774 ﬁdes
2074 4732 2183 4773 non
2227 4729 2348 4773 erat
2390 4715 2550 4771 valde
2584 4718 2817 4785 Stabilis,
2853 4728 2908 4775 et
2951 4732 3242 4791 prapterea
3288 4721 3342 4777 iit
3396 4737 3490 4791 eos

1899 4807 1995 4877 qui
2049 4807 2396 4874 labebantur,
2443 4823 2501 4864 se
2552 4809 2740 4864 mitius
2784 4810 3066 4879 gerebant,
3120 4827 3226 4869 una
3257 4814 3488 4869 condes-

1903 4888 2201 4955 cendentes
2234 4911 2457 4971 propter
2491 4913 2899 4972 persccutorum
2940 4905 3349 4961 necessitatem.
3380 4906 3491 4962 Ila-

1900 5006 2039 5062 gnus
2066 5002 2244 5048 autem
2294 4992 2527 5050 Basilius
2575 4995 2667 5063 qui
2696 5004 2815 5049 erat
2844 5010 2911 5050 eo
2940 5002 3185 5065 tempore
3214 5013 3322 5068 quo
3352 4998 3487 5054 ﬁdes

1902 5081 2125 5135 dilatata
2182 5082 2501 5154 ﬁrmiorque
2537 5081 2681 5138 facta
2723 5096 2829 5151 est,
2870 5084 2974 5141 fuit
3013 5089 3390 5144 vehementior
3432 5090 3486 5145 itt

1902 5185 1997 5226 eos
2034 5172 2129 5243 qui
2168 5172 2328 5228 ﬁdem
2383 5174 2674 5246 negabant.
2707 5176 2804 5232 Vel
2835 5177 2925 5232 dic
2968 5180 3114 5248 quod
3144 5177 3335 5235 Patres
3365 5182 3487 5249 qui.

1905 5267 2027 5321 dein
2087 5266 2158 5321 de
2211 5266 2281 5324 iis
2334 5277 2647 5325 statuerunt
2696 5268 2789 5341 qui
2840 5284 2937 5339 per
2986 5271 3095 5327 vim
3151 5274 3487 5345 tyrannieam

1902 5358 2181 5416 Christum
2232 5372 2525 5433 negarunt,
2558 5373 2614 5420 et
2659 5364 2781 5421 ideo
2811 5380 3002 5435 pinnas
3050 5367 3313 5436 mitigant.
3344 5369 3489 5425 Pra-

1903 5468 2035 5509 seus
2083 5467 2266 5511 antem
2313 5472 2488 5512 canon
2536 5458 2603 5513 de
2643 5459 2712 5515 iis
2743 5460 2990 5515 decernit
3014 5461 3107 5531 qui
3134 5475 3235 5515 sua
3275 5470 3485 5530 sponte,

1902 5557 1958 5600 et
1988 5548 2105 5603 sine
2143 5548 2323 5619 aliqua
2370 5551 2697 5607 necessitate
2739 5550 3018 5609 Christum
3047 5565 3399 5622 negaverunt,
3434 5562 3488 5606 et

1909 5650 2201 5714 propterea
2248 5660 2469 5714 gravem
2510 5644 2620 5703 illis
2668 5661 2885 5716 pinnam
2914 5644 3128 5701 inﬂixit.
3159 5645 3282 5701 Illos
3307 5654 3483 5700 autem

1907 5735 2123 5801 deﬂere,
2167 5744 2225 5790 et
2264 5751 2358 5805 per
2409 5747 2579 5792 totam
2621 5738 2786 5793 vitam
2833 5738 3104 5804 conﬁteri,
3140 5738 3325 5792 dicunt
3349 5750 3489 5791 non-

1910 5827 2045 5881 nulli
2075 5843 2182 5881 tton
2212 5828 2386 5899 accipi
2416 5829 2482 5883 ad
2514 5828 2616 5884 hoc
2644 5841 2702 5884 ut
2741 5841 3013 5899 ponantur
3042 5829 3096 5883 itt
3140 5830 3258 5883 loco
3281 5824 3482 5882 deﬂen-

1908 5920 2077 5976 tium:
2104 5919 2216 5977 Hoc
2237 5923 2407 5989 enim,
2432 5920 2699 5991 inquiunt,
2727 5932 2803 5977 est
2835 5937 2863 5975 a
2887 5922 3060 5977 sancti
3091 5918 3482 5983 misericordia,

3068 6012 3140 6072 25
